|j|☆uprising 007
|j|☆haunter7
|t:|1652713477
|gametype|singles
|player|p1|uprising 007|unknown|1571
|player|p2|haunter7|winona|1554
|teamsize|p1|6
|teamsize|p2|6
|gen|8
|tier|[Gen 8] RU
|rated|
|rule|Sleep Clause Mod: Limit one foe put to sleep
|rule|Species Clause: Limit one of each Pokémon
|rule|OHKO Clause: OHKO moves are banned
|rule|Evasion Moves Clause: Evasion moves are banned
|rule|Endless Battle Clause: Forcing endless battles is banned
|rule|HP Percentage Mod: HP is shown in percentages
|rule|Dynamax Clause: You cannot dynamax
|clearpoke
|poke|p1|Gallade, M|
|poke|p1|Bewear, M|
|poke|p1|Umbreon, M|
|poke|p1|Seismitoad, M|
|poke|p1|Metagross|
|poke|p1|Crobat, M|
|poke|p2|Marowak-Alola, M|
|poke|p2|Metagross|
|poke|p2|Weezing-Galar, F|
|poke|p2|Heracross, F|
|poke|p2|Seismitoad, F|
|poke|p2|Milotic, M|
|teampreview
|inactive|Battle timer is ON: inactive players will automatically lose when time's up. (requested by haunter7)
|
|t:|1652713503
|start
|switch|p1a: Seismitoad|Seismitoad, M|100/100
|switch|p2a: Seismitoad|Seismitoad, F|100/100
|turn|1
|
|t:|1652713511
|move|p1a: Seismitoad|Toxic|p2a: Seismitoad
|-status|p2a: Seismitoad|tox
|move|p2a: Seismitoad|Stealth Rock|p1a: Seismitoad
|-sidestart|p1: uprising 007|move: Stealth Rock
|
|-damage|p2a: Seismitoad|94/100 tox|[from] psn
|upkeep
|turn|2
|
|t:|1652713522
|switch|p1a: Crobat|Crobat, M|100/100
|move|p2a: Seismitoad|Toxic|p1a: Crobat
|-immune|p1a: Crobat
|
|-heal|p2a: Seismitoad|100/100 tox|[from] item: Leftovers
|-damage|p2a: Seismitoad|88/100 tox|[from] psn
|upkeep
|turn|3
|
|t:|1652713530
|switch|p2a: Metagross|Metagross|100/100
|move|p1a: Crobat|Defog|p2a: Metagross
|-fail|p2a: Metagross|unboost|[from] ability: Clear Body|[of] p2a: Metagross
|-sideend|p1: uprising 007|Stealth Rock|[from] move: Defog|[of] p1a: Crobat
|
|upkeep
|turn|4
|
|t:|1652713536
|switch|p1a: Metagross|Metagross|100/100
|move|p2a: Metagross|Meteor Mash|p1a: Metagross|[miss]
|-miss|p2a: Metagross|p1a: Metagross
|
|upkeep
|turn|5
|
|t:|1652713542
|switch|p2a: Milotic|Milotic, M|100/100
|move|p1a: Metagross|Meteor Mash|p2a: Milotic
|-resisted|p2a: Milotic
|-damage|p2a: Milotic|85/100
|
|-status|p2a: Milotic|brn|[from] item: Flame Orb
|upkeep
|turn|6
|
|t:|1652713550
|switch|p1a: Seismitoad|Seismitoad, M|100/100
|move|p2a: Milotic|Scald|p1a: Seismitoad
|-immune|p1a: Seismitoad|[from] ability: Water Absorb
|
|-damage|p2a: Milotic|79/100 brn|[from] brn
|upkeep
|turn|7
|
|t:|1652713559
|move|p2a: Milotic|Toxic|p1a: Seismitoad
|-status|p1a: Seismitoad|tox
|move|p1a: Seismitoad|Knock Off|p2a: Milotic
|-damage|p2a: Milotic|67/100 brn
|-enditem|p2a: Milotic|Flame Orb|[from] move: Knock Off|[of] p1a: Seismitoad
|
|-damage|p1a: Seismitoad|94/100 tox|[from] psn
|-damage|p2a: Milotic|61/100 brn|[from] brn
|upkeep
|turn|8
|
|t:|1652713570
|move|p1a: Seismitoad|Stealth Rock|p2a: Milotic
|-sidestart|p2: haunter7|move: Stealth Rock
|move|p2a: Milotic|Recover|p2a: Milotic
|-heal|p2a: Milotic|100/100 brn
|
|-heal|p1a: Seismitoad|100/100 tox|[from] item: Leftovers
|-damage|p1a: Seismitoad|88/100 tox|[from] psn
|-damage|p2a: Milotic|94/100 brn|[from] brn
|upkeep
|turn|9
|
|t:|1652713579
|switch|p1a: Umbreon|Umbreon, M, shiny|100/100
|switch|p2a: Seismitoad|Seismitoad, F|88/100 tox
|-damage|p2a: Seismitoad|82/100 tox|[from] Stealth Rock
|
|-heal|p2a: Seismitoad|88/100 tox|[from] item: Leftovers
|-damage|p2a: Seismitoad|82/100 tox|[from] psn
|upkeep
|turn|10
|
|t:|1652713590
|move|p1a: Umbreon|Heal Bell|p1a: Umbreon
|-activate|p1a: Umbreon|move: Heal Bell
|-curestatus|p1: Seismitoad|tox|[msg]
|move|p2a: Seismitoad|Stealth Rock|p1a: Umbreon
|-sidestart|p1: uprising 007|move: Stealth Rock
|
|-heal|p2a: Seismitoad|88/100 tox|[from] item: Leftovers
|-damage|p2a: Seismitoad|76/100 tox|[from] psn
|upkeep
|turn|11
|
|t:|1652713601
|switch|p2a: Weezing|Weezing-Galar, F|100/100
|-damage|p2a: Weezing|88/100|[from] Stealth Rock
|move|p1a: Umbreon|Protect||[still]
|-fail|p1a: Umbreon
|
|upkeep
|turn|12
|
|t:|1652713615
|switch|p1a: Crobat|Crobat, M|100/100
|move|p2a: Weezing|Toxic Spikes|p1a: Crobat
|-sidestart|p1: uprising 007|move: Toxic Spikes
|
|upkeep
|turn|13
|
|t:|1652713622
|switch|p2a: Metagross|Metagross|100/100
|-damage|p2a: Metagross|94/100|[from] Stealth Rock
|move|p1a: Crobat|Defog|p2a: Metagross
|-fail|p2a: Metagross|unboost|[from] ability: Clear Body|[of] p2a: Metagross
|-sideend|p2: haunter7|Stealth Rock|[from] move: Defog|[of] p1a: Crobat
|-sideend|p1: uprising 007|Toxic Spikes|[from] move: Defog|[of] p1a: Crobat
|-sideend|p1: uprising 007|Stealth Rock|[from] move: Defog|[of] p1a: Crobat
|
|upkeep
|turn|14
|
|t:|1652713636
|switch|p1a: Bewear|Bewear, M, shiny|100/100
|move|p2a: Metagross|Earthquake|p1a: Bewear
|-damage|p1a: Bewear|58/100
|
|upkeep
|turn|15
|
|t:|1652713642
|switch|p2a: Weezing|Weezing-Galar, F|88/100
|move|p1a: Bewear|Darkest Lariat|p2a: Weezing
|-resisted|p2a: Weezing
|-damage|p2a: Weezing|80/100
|-damage|p1a: Bewear|41/100|[from] item: Rocky Helmet|[of] p2a: Weezing
|
|upkeep
|turn|16
|
|t:|1652713655
|switch|p1a: Umbreon|Umbreon, M, shiny|100/100
|move|p2a: Weezing|Toxic Spikes|p1a: Umbreon
|-sidestart|p1: uprising 007|move: Toxic Spikes
|
|upkeep
|turn|17
|
|t:|1652713660
|switch|p1a: Crobat|Crobat, M|100/100
|switch|p2a: Heracross|Heracross, F|100/100
|
|upkeep
|turn|18
|
|t:|1652713666
|switch|p1a: Metagross|Metagross|100/100
|move|p2a: Heracross|Stone Edge|p1a: Metagross
|-resisted|p1a: Metagross
|-damage|p1a: Metagross|85/100
|
|-heal|p1a: Metagross|91/100|[from] item: Leftovers
|upkeep
|turn|19
|
|t:|1652713675
|switch|p2a: Milotic|Milotic, M|94/100 brn
|switch|p1a: Crobat|Crobat, M|100/100
|
|-damage|p2a: Milotic|88/100 brn|[from] brn
|upkeep
|turn|20
|
|t:|1652713682
|move|p1a: Crobat|Defog|p2a: Milotic
|-unboost|p2a: Milotic|evasion|1
|-sideend|p1: uprising 007|Toxic Spikes|[from] move: Defog|[of] p1a: Crobat
|move|p2a: Milotic|Scald|p1a: Crobat
|-damage|p1a: Crobat|69/100
|
|-damage|p2a: Milotic|82/100 brn|[from] brn
|upkeep
|turn|21
|inactive|uprising 007 has 120 seconds left.
|
|t:|1652713718
|switch|p1a: Umbreon|Umbreon, M, shiny|100/100
|move|p2a: Milotic|Toxic||[still]
|-status|p1a: Umbreon|tox
|-activate|p1a: Umbreon|ability: Synchronize
|-fail|p1a: Umbreon
|
|-damage|p1a: Umbreon|94/100 tox|[from] psn
|-damage|p2a: Milotic|76/100 brn|[from] brn
|upkeep
|turn|22
|
|t:|1652713732
|move|p2a: Milotic|Flip Turn|p1a: Umbreon
|-damage|p1a: Umbreon|90/100 tox
|
|t:|1652713735
|switch|p2a: Heracross|Heracross, F|100/100|[from]move: Flip Turn
|move|p1a: Umbreon|Wish|p1a: Umbreon
|
|-heal|p1a: Umbreon|96/100 tox|[from] item: Leftovers
|-damage|p1a: Umbreon|83/100 tox|[from] psn
|upkeep
|turn|23
|
|t:|1652713750
|switch|p1a: Gallade|Gallade, M, shiny|100/100
|move|p2a: Heracross|Close Combat|p1a: Gallade
|-resisted|p1a: Gallade
|-damage|p1a: Gallade|43/100
|-unboost|p2a: Heracross|def|1
|-unboost|p2a: Heracross|spd|1
|
|-heal|p1a: Gallade|100/100|[from] move: Wish|[wisher] Umbreon
|upkeep
|turn|24
|
|t:|1652713762
|switch|p2a: Metagross|Metagross|94/100
|move|p1a: Gallade|Knock Off|p2a: Metagross
|-supereffective|p2a: Metagross
|-damage|p2a: Metagross|39/100
|-enditem|p2a: Metagross|Assault Vest|[from] move: Knock Off|[of] p1a: Gallade
|
|upkeep
|turn|25
|
|t:|1652713772
|switch|p1a: Seismitoad|Seismitoad, M|88/100
|move|p2a: Metagross|Meteor Mash|p1a: Seismitoad
|-resisted|p1a: Seismitoad
|-damage|p1a: Seismitoad|68/100
|
|-heal|p1a: Seismitoad|74/100|[from] item: Leftovers
|upkeep
|turn|26
|
|t:|1652713780
|move|p1a: Seismitoad|Earthquake|p2a: Metagross
|-supereffective|p2a: Metagross
|-damage|p2a: Metagross|0 fnt
|faint|p2a: Metagross
|
|-heal|p1a: Seismitoad|80/100|[from] item: Leftovers
|upkeep
|
|t:|1652713802
|switch|p2a: Heracross|Heracross, F|100/100
|turn|27
|
|t:|1652713821
|switch|p1a: Metagross|Metagross|91/100
|move|p2a: Heracross|Close Combat|p1a: Metagross
|-damage|p1a: Metagross|45/100
|-unboost|p2a: Heracross|def|1
|-unboost|p2a: Heracross|spd|1
|
|-heal|p1a: Metagross|51/100|[from] item: Leftovers
|upkeep
|turn|28
|
|t:|1652713832
|switch|p2a: Milotic|Milotic, M|76/100 brn
|move|p1a: Metagross|Meteor Mash|p2a: Milotic
|-resisted|p2a: Milotic
|-damage|p2a: Milotic|64/100 brn
|
|-heal|p1a: Metagross|57/100|[from] item: Leftovers
|-damage|p2a: Milotic|58/100 brn|[from] brn
|upkeep
|turn|29
|
|t:|1652713842
|move|p1a: Metagross|Cosmic Power|p1a: Metagross
|-boost|p1a: Metagross|def|1
|-boost|p1a: Metagross|spd|1
|move|p2a: Milotic|Recover|p2a: Milotic
|-heal|p2a: Milotic|100/100 brn
|
|-heal|p1a: Metagross|63/100|[from] item: Leftovers
|-damage|p2a: Milotic|94/100 brn|[from] brn
|upkeep
|turn|30
|
|t:|1652713851
|move|p1a: Metagross|Cosmic Power|p1a: Metagross
|-boost|p1a: Metagross|def|1
|-boost|p1a: Metagross|spd|1
|move|p2a: Milotic|Scald|p1a: Metagross
|-damage|p1a: Metagross|50/100
|
|-heal|p1a: Metagross|57/100|[from] item: Leftovers
|-damage|p2a: Milotic|88/100 brn|[from] brn
|upkeep
|turn|31
|
|t:|1652713859
|move|p1a: Metagross|Cosmic Power|p1a: Metagross
|-boost|p1a: Metagross|def|1
|-boost|p1a: Metagross|spd|1
|move|p2a: Milotic|Scald|p1a: Metagross
|-damage|p1a: Metagross|46/100
|-status|p1a: Metagross|brn
|
|-heal|p1a: Metagross|52/100 brn|[from] item: Leftovers
|-damage|p1a: Metagross|46/100 brn|[from] brn
|-damage|p2a: Milotic|82/100 brn|[from] brn
|upkeep
|turn|32
|
|t:|1652713870
|switch|p1a: Seismitoad|Seismitoad, M|80/100
|move|p2a: Milotic|Flip Turn|p1a: Seismitoad
|-heal|p1a: Seismitoad|100/100|[from] ability: Water Absorb|[of] p2a: Milotic
|
|-damage|p2a: Milotic|76/100 brn|[from] brn
|upkeep
|turn|33
|
|t:|1652713886
|switch|p1a: Umbreon|Umbreon, M, shiny|83/100 tox
|move|p2a: Milotic|Toxic|p1a: Umbreon
|-fail|p1a: Umbreon|tox
|
|-heal|p1a: Umbreon|90/100 tox|[from] item: Leftovers
|-damage|p1a: Umbreon|83/100 tox|[from] psn
|-damage|p2a: Milotic|70/100 brn|[from] brn
|upkeep
|turn|34
|
|t:|1652713895
|move|p2a: Milotic|Flip Turn|p1a: Umbreon
|-damage|p1a: Umbreon|79/100 tox
|
|t:|1652713899
|switch|p2a: Marowak|Marowak-Alola, M|100/100|[from]move: Flip Turn
|move|p1a: Umbreon|Wish|p1a: Umbreon
|
|-heal|p1a: Umbreon|85/100 tox|[from] item: Leftovers
|-damage|p1a: Umbreon|73/100 tox|[from] psn
|upkeep
|turn|35
|
|t:|1652713916
|switch|p1a: Seismitoad|Seismitoad, M|100/100
|move|p2a: Marowak|Brick Break|p1a: Seismitoad
|-damage|p1a: Seismitoad|70/100
|
|-heal|p1a: Seismitoad|100/100|[from] move: Wish|[wisher] Umbreon
|upkeep
|turn|36
|
|t:|1652713936
|switch|p2a: Weezing|Weezing-Galar, F|80/100
|move|p1a: Seismitoad|Knock Off|p2a: Weezing
|-resisted|p2a: Weezing
|-damage|p2a: Weezing|74/100
|-damage|p1a: Seismitoad|84/100|[from] item: Rocky Helmet|[of] p2a: Weezing
|-enditem|p2a: Weezing|Rocky Helmet|[from] move: Knock Off|[of] p1a: Seismitoad
|
|-heal|p1a: Seismitoad|90/100|[from] item: Leftovers
|upkeep
|turn|37
|
|t:|1652713946
|switch|p1a: Crobat|Crobat, M|69/100
|move|p2a: Weezing|Toxic Spikes|p1a: Crobat
|-sidestart|p1: uprising 007|move: Toxic Spikes
|
|upkeep
|turn|38
|
|t:|1652713951
|switch|p2a: Marowak|Marowak-Alola, M|100/100
|move|p1a: Crobat|Defog|p2a: Marowak
|-unboost|p2a: Marowak|evasion|1
|-sideend|p1: uprising 007|Toxic Spikes|[from] move: Defog|[of] p1a: Crobat
|
|upkeep
|turn|39
|
|t:|1652713962
|switch|p1a: Bewear|Bewear, M, shiny|41/100
|move|p2a: Marowak|Poltergeist|p1a: Bewear
|-immune|p1a: Bewear
|
|upkeep
|turn|40
|
|t:|1652713969
|move|p1a: Bewear|Darkest Lariat|p2a: Marowak
|-supereffective|p2a: Marowak
|-damage|p2a: Marowak|33/100
|move|p2a: Marowak|Earthquake|p1a: Bewear
|-damage|p1a: Bewear|0 fnt
|faint|p1a: Bewear
|
|upkeep
|
|t:|1652713978
|switch|p1a: Gallade|Gallade, M, shiny|100/100
|turn|41
|
|t:|1652713992
|switch|p2a: Milotic|Milotic, M|70/100 brn
|move|p1a: Gallade|Trick|p2a: Milotic
|-activate|p1a: Gallade|move: Trick|[of] p2a: Milotic
|-item|p2a: Milotic|Choice Scarf|[from] move: Trick
|-enditem|p1a: Gallade|Choice Scarf|[silent]|[from] move: Trick
|
|-damage|p2a: Milotic|64/100 brn|[from] brn
|upkeep
|turn|42
|
|t:|1652714010
|switch|p1a: Umbreon|Umbreon, M, shiny|73/100 tox
|move|p2a: Milotic|Recover|p2a: Milotic
|-heal|p2a: Milotic|100/100 brn
|
|-heal|p1a: Umbreon|79/100 tox|[from] item: Leftovers
|-damage|p1a: Umbreon|73/100 tox|[from] psn
|-damage|p2a: Milotic|94/100 brn|[from] brn
|upkeep
|turn|43
|
|t:|1652714018
|switch|p2a: Marowak|Marowak-Alola, M|33/100
|move|p1a: Umbreon|Heal Bell|p1a: Umbreon
|-activate|p1a: Umbreon|move: Heal Bell
|-curestatus|p1a: Umbreon|tox|[msg]
|-curestatus|p1: Metagross|brn|[msg]
|
|-heal|p1a: Umbreon|79/100|[from] item: Leftovers
|upkeep
|turn|44
|
|t:|1652714030
|move|p1a: Umbreon|Foul Play|p2a: Marowak
|-supereffective|p2a: Marowak
|-damage|p2a: Marowak|0 fnt
|faint|p2a: Marowak
|
|-heal|p1a: Umbreon|85/100|[from] item: Leftovers
|upkeep
|
|t:|1652714048
|switch|p2a: Weezing|Weezing-Galar, F|74/100
|turn|45
|
|t:|1652714056
|switch|p1a: Crobat|Crobat, M|69/100
|move|p2a: Weezing|Toxic Spikes|p1a: Crobat
|-sidestart|p1: uprising 007|move: Toxic Spikes
|
|upkeep
|turn|46
|
|t:|1652714062
|move|p1a: Crobat|Defog|p2a: Weezing
|-unboost|p2a: Weezing|evasion|1
|-sideend|p1: uprising 007|Toxic Spikes|[from] move: Defog|[of] p1a: Crobat
|move|p2a: Weezing|Flamethrower|p1a: Crobat
|-damage|p1a: Crobat|50/100
|
|upkeep
|turn|47
|
|t:|1652714068
|move|p1a: Crobat|Taunt|p2a: Weezing
|-start|p2a: Weezing|move: Taunt
|cant|p2a: Weezing|move: Taunt|Toxic Spikes
|
|upkeep
|turn|48
|
|t:|1652714072
|move|p1a: Crobat|Roost|p1a: Crobat
|-heal|p1a: Crobat|99/100
|-singleturn|p1a: Crobat|move: Roost
|move|p2a: Weezing|Flamethrower|p1a: Crobat
|-damage|p1a: Crobat|79/100
|
|upkeep
|turn|49
|
|t:|1652714079
|move|p1a: Crobat|Brave Bird|p2a: Weezing
|-damage|p2a: Weezing|48/100
|-damage|p1a: Crobat|72/100|[from] Recoil
|move|p2a: Weezing|Sludge Bomb|p1a: Crobat
|-resisted|p1a: Crobat
|-damage|p1a: Crobat|57/100
|
|-end|p2a: Weezing|move: Taunt
|upkeep
|turn|50
|
|t:|1652714090
|move|p1a: Crobat|Taunt|p2a: Weezing
|-start|p2a: Weezing|move: Taunt
|move|p2a: Weezing|Flamethrower|p1a: Crobat
|-damage|p1a: Crobat|40/100
|
|upkeep
|turn|51
|
|t:|1652714096
|move|p1a: Crobat|Roost|p1a: Crobat
|-heal|p1a: Crobat|90/100
|-singleturn|p1a: Crobat|move: Roost
|move|p2a: Weezing|Flamethrower|p1a: Crobat
|-damage|p1a: Crobat|71/100
|
|upkeep
|turn|52
|
|t:|1652714103
|switch|p2a: Milotic|Milotic, M|94/100 brn
|move|p1a: Crobat|Brave Bird|p2a: Milotic
|-damage|p2a: Milotic|72/100 brn
|-damage|p1a: Crobat|63/100|[from] Recoil
|
|-damage|p2a: Milotic|65/100 brn|[from] brn
|upkeep
|turn|53
|
|t:|1652714116
|switch|p1a: Seismitoad|Seismitoad, M|90/100
|switch|p2a: Heracross|Heracross, F|100/100
|
|-heal|p1a: Seismitoad|96/100|[from] item: Leftovers
|upkeep
|turn|54
|
|t:|1652714123
|move|p2a: Heracross|Close Combat|p1a: Seismitoad
|-damage|p1a: Seismitoad|45/100
|-unboost|p2a: Heracross|def|1
|-unboost|p2a: Heracross|spd|1
|move|p1a: Seismitoad|Knock Off|p2a: Heracross
|-resisted|p2a: Heracross
|-damage|p2a: Heracross|78/100
|-enditem|p2a: Heracross|Choice Scarf|[from] move: Knock Off|[of] p1a: Seismitoad
|
|-heal|p1a: Seismitoad|51/100|[from] item: Leftovers
|upkeep
|turn|55
|
|t:|1652714139
|switch|p1a: Metagross|Metagross|46/100
|move|p2a: Heracross|Close Combat|p1a: Metagross
|-damage|p1a: Metagross|0 fnt
|-unboost|p2a: Heracross|def|1
|-unboost|p2a: Heracross|spd|1
|faint|p1a: Metagross
|-ability|p2a: Heracross|Moxie|boost
|-boost|p2a: Heracross|atk|1
|
|upkeep
|
|t:|1652714149
|switch|p1a: Crobat|Crobat, M|63/100
|turn|56
|
|t:|1652714156
|switch|p2a: Milotic|Milotic, M|65/100 brn
|move|p1a: Crobat|Brave Bird|p2a: Milotic
|-damage|p2a: Milotic|43/100 brn
|-damage|p1a: Crobat|55/100|[from] Recoil
|
|-damage|p2a: Milotic|37/100 brn|[from] brn
|upkeep
|turn|57
|
|t:|1652714164
|move|p1a: Crobat|Roost|p1a: Crobat
|-heal|p1a: Crobat|100/100
|-singleturn|p1a: Crobat|move: Roost
|move|p2a: Milotic|Recover|p2a: Milotic
|-heal|p2a: Milotic|87/100 brn
|
|-damage|p2a: Milotic|81/100 brn|[from] brn
|upkeep
|turn|58
|
|t:|1652714175
|switch|p2a: Weezing|Weezing-Galar, F|48/100
|move|p1a: Crobat|Brave Bird|p2a: Weezing
|-damage|p2a: Weezing|25/100
|-damage|p1a: Crobat|94/100|[from] Recoil
|
|upkeep
|turn|59
|
|t:|1652714181
|move|p1a: Crobat|Taunt|p2a: Weezing
|-start|p2a: Weezing|move: Taunt
|move|p2a: Weezing|Flamethrower|p1a: Crobat
|-damage|p1a: Crobat|74/100
|
|upkeep
|turn|60
|
|t:|1652714187
|switch|p2a: Milotic|Milotic, M|81/100 brn
|move|p1a: Crobat|Brave Bird|p2a: Milotic
|-damage|p2a: Milotic|58/100 brn
|-damage|p1a: Crobat|66/100|[from] Recoil
|
|-damage|p2a: Milotic|52/100 brn|[from] brn
|upkeep
|turn|61
|
|t:|1652714198
|switch|p1a: Seismitoad|Seismitoad, M|51/100
|move|p2a: Milotic|Scald|p1a: Seismitoad
|-heal|p1a: Seismitoad|76/100|[from] ability: Water Absorb|[of] p2a: Milotic
|
|-heal|p1a: Seismitoad|82/100|[from] item: Leftovers
|-damage|p2a: Milotic|46/100 brn|[from] brn
|upkeep
|turn|62
|
|t:|1652714206
|switch|p2a: Heracross|Heracross, F|78/100
|move|p1a: Seismitoad|Stealth Rock|p2a: Heracross
|-sidestart|p2: haunter7|move: Stealth Rock
|
|-heal|p1a: Seismitoad|88/100|[from] item: Leftovers
|upkeep
|turn|63
|
|t:|1652714216
|switch|p1a: Crobat|Crobat, M|66/100
|move|p2a: Heracross|Close Combat|p1a: Crobat
|-resisted|p1a: Crobat
|-damage|p1a: Crobat|49/100
|-unboost|p2a: Heracross|def|1
|-unboost|p2a: Heracross|spd|1
|
|upkeep
|turn|64
|
|t:|1652714223
|move|p1a: Crobat|Roost|p1a: Crobat
|-heal|p1a: Crobat|99/100
|-singleturn|p1a: Crobat|move: Roost
|move|p2a: Heracross|Earthquake|p1a: Crobat
|-supereffective|p1a: Crobat
|-damage|p1a: Crobat|17/100
|
|upkeep
|turn|65
|
|t:|1652714242
|move|p1a: Crobat|Brave Bird|p2a: Heracross
|-supereffective|p2a: Heracross
|-damage|p2a: Heracross|0 fnt
|faint|p2a: Heracross
|-damage|p1a: Crobat|0 fnt|[from] Recoil
|faint|p1a: Crobat
|
|upkeep
|
|t:|1652714250
|switch|p1a: Gallade|Gallade, M, shiny|100/100
|switch|p2a: Milotic|Milotic, M|46/100 brn
|-damage|p2a: Milotic|34/100 brn|[from] Stealth Rock
|turn|66
|
|t:|1652714255
|move|p2a: Milotic|Scald|p1a: Gallade
|-damage|p1a: Gallade|72/100
|move|p1a: Gallade|Close Combat|p2a: Milotic
|-damage|p2a: Milotic|1/100 brn
|-unboost|p1a: Gallade|def|1
|-unboost|p1a: Gallade|spd|1
|
|-damage|p2a: Milotic|0 fnt|[from] brn
|faint|p2a: Milotic
|upkeep
|
|t:|1652714261
|switch|p2a: Seismitoad|Seismitoad, F|76/100 tox
|-damage|p2a: Seismitoad|70/100 tox|[from] Stealth Rock
|turn|67
|
|t:|1652714277
|switch|p1a: Umbreon|Umbreon, M, shiny|85/100
|move|p2a: Seismitoad|Toxic|p1a: Umbreon
|-status|p1a: Umbreon|tox
|-activate|p1a: Umbreon|ability: Synchronize
|-fail|p2a: Seismitoad|tox
|
|-heal|p1a: Umbreon|91/100 tox|[from] item: Leftovers
|-heal|p2a: Seismitoad|76/100 tox|[from] item: Leftovers
|-damage|p1a: Umbreon|85/100 tox|[from] psn
|-damage|p2a: Seismitoad|70/100 tox|[from] psn
|upkeep
|turn|68
|
|t:|1652714290
|switch|p1a: Gallade|Gallade, M, shiny|72/100
|switch|p2a: Weezing|Weezing-Galar, F|25/100
|-damage|p2a: Weezing|13/100|[from] Stealth Rock
|
|upkeep
|turn|69
|
|t:|1652714297
|move|p1a: Gallade|Zen Headbutt|p2a: Weezing
|-supereffective|p2a: Weezing
|-damage|p2a: Weezing|0 fnt
|faint|p2a: Weezing
|
|upkeep
|-message|haunter7 forfeited.
|
|win|uprising 007
|raw|uprising 007's rating: 1571 &rarr; <strong>1590</strong><br />(+19 for winning)
|raw|haunter7's rating: 1554 &rarr; <strong>1535</strong><br />(-19 for losing)
|l|☆haunter7
||Ladder isn't responding, score probably updated but might not have (Request timeout).
