|j|☆GhiteO°²ff
|j|☆Glidinganteater
|t:|1618861321
|gametype|singles
|player|p1|GhiteO°²ff|caitlin|1225
|player|p2|Glidinganteater|palmer|1419
|teamsize|p1|6
|teamsize|p2|6
|gen|8
|tier|[Gen 8] RU
|rated|
|clearpoke
|poke|p1|Seismitoad, F|
|poke|p1|Doublade, M|
|poke|p1|Togekiss, F|
|poke|p1|Necrozma|
|poke|p1|Xurkitree|
|poke|p1|Zarude|
|poke|p2|Pangoro, M|
|poke|p2|Raikou|
|poke|p2|Gastrodon-East, M|
|poke|p2|Steelix, M|
|poke|p2|Togekiss, M|
|poke|p2|Celebi|
|rule|Sleep Clause Mod: Limit one foe put to sleep
|rule|Species Clause: Limit one of each Pokémon
|rule|OHKO Clause: OHKO moves are banned
|rule|Evasion Moves Clause: Evasion moves are banned
|rule|Endless Battle Clause: Forcing endless battles is banned
|rule|HP Percentage Mod: HP is shown in percentages
|rule|Dynamax Clause: You cannot dynamax
|teampreview
|
|t:|1618861332
|start
|switch|p1a: Xurkitree|Xurkitree|100/100
|switch|p2a: Togekiss|Togekiss, M|100/100
|turn|1
|
|t:|1618861340
|switch|p1a: Seismitoad|Seismitoad, F|100/100
|switch|p2a: Celebi|Celebi|100/100
|
|upkeep
|turn|2
|
|t:|1618861358
|switch|p1a: Doublade|Doublade, M|100/100
|move|p2a: Celebi|U-turn|p1a: Doublade
|-resisted|p1a: Doublade
|-damage|p1a: Doublade|99/100
|
|t:|1618861363
|switch|p2a: Pangoro|Pangoro, M|100/100|[from]move: U-turn
|
|upkeep
|turn|3
|
|t:|1618861383
|switch|p1a: Zarude|Zarude|100/100
|move|p2a: Pangoro|Knock Off|p1a: Zarude
|-resisted|p1a: Zarude
|-damage|p1a: Zarude|70/100
|-enditem|p1a: Zarude|Choice Scarf|[from] move: Knock Off|[of] p2a: Pangoro
|-damage|p2a: Pangoro|91/100|[from] item: Life Orb
|
|upkeep
|turn|4
|
|t:|1618861391
|switch|p2a: Togekiss|Togekiss, M|100/100
|move|p1a: Zarude|Close Combat|p2a: Togekiss
|-resisted|p2a: Togekiss
|-damage|p2a: Togekiss|94/100
|-unboost|p1a: Zarude|def|1
|-unboost|p1a: Zarude|spd|1
|
|upkeep
|turn|5
|
|t:|1618861398
|move|p1a: Zarude|U-turn|p2a: Togekiss
|-resisted|p2a: Togekiss
|-damage|p2a: Togekiss|90/100
|
|t:|1618861401
|switch|p1a: Xurkitree|Xurkitree|100/100|[from]move: U-turn
|move|p2a: Togekiss|Flamethrower|p1a: Xurkitree
|-damage|p1a: Xurkitree|63/100
|
|upkeep
|turn|6
|
|t:|1618861407
|switch|p2a: Celebi|Celebi|100/100
|move|p1a: Xurkitree|Volt Switch|p2a: Celebi
|-resisted|p2a: Celebi
|-damage|p2a: Celebi|76/100
|
|t:|1618861416
|switch|p1a: Zarude|Zarude|70/100|[from]move: Volt Switch
|
|upkeep
|turn|7
|
|t:|1618861446
|move|p2a: Celebi|U-turn|p1a: Zarude
|-supereffective|p1a: Zarude
|-damage|p1a: Zarude|18/100
|
|t:|1618861449
|switch|p2a: Togekiss|Togekiss, M|90/100|[from]move: U-turn
|move|p1a: Zarude|U-turn|p2a: Togekiss
|-resisted|p2a: Togekiss
|-damage|p2a: Togekiss|86/100
|
|t:|1618861468
|switch|p1a: Necrozma|Necrozma|100/100|[from]move: U-turn
|
|upkeep
|turn|8
|
|t:|1618861476
|switch|p1a: Seismitoad|Seismitoad, F|100/100
|move|p2a: Togekiss|Air Slash|p1a: Seismitoad
|-damage|p1a: Seismitoad|70/100
|
|-heal|p1a: Seismitoad|76/100|[from] item: Leftovers
|upkeep
|turn|9
|
|t:|1618861480
|move|p2a: Togekiss|Air Slash|p1a: Seismitoad
|-damage|p1a: Seismitoad|45/100
|cant|p1a: Seismitoad|flinch
|
|-heal|p1a: Seismitoad|51/100|[from] item: Leftovers
|upkeep
|turn|10
|
|t:|1618861484
|switch|p1a: Xurkitree|Xurkitree|63/100
|move|p2a: Togekiss|Air Slash|p1a: Xurkitree
|-resisted|p1a: Xurkitree
|-damage|p1a: Xurkitree|42/100
|
|upkeep
|turn|11
|
|t:|1618861487
|switch|p2a: Celebi|Celebi|76/100
|move|p1a: Xurkitree|Volt Switch|p2a: Celebi
|-resisted|p2a: Celebi
|-damage|p2a: Celebi|52/100
|
|t:|1618861492
|switch|p1a: Necrozma|Necrozma|100/100|[from]move: Volt Switch
|
|upkeep
|turn|12
|
|t:|1618861517
|move|p2a: Celebi|Trick|p1a: Necrozma
|-activate|p2a: Celebi|move: Trick|[of] p1a: Necrozma
|-item|p1a: Necrozma|Choice Scarf|[from] move: Trick
|-item|p2a: Celebi|Power Herb|[from] move: Trick
|move|p1a: Necrozma|Rock Polish|p1a: Necrozma
|-boost|p1a: Necrozma|spe|2
|
|upkeep
|turn|13
|-message|GhiteO°²ff forfeited.
|
|win|Glidinganteater
|raw|GhiteO°²ff's rating: 1225 &rarr; <strong>1213</strong><br />(-12 for losing)
|raw|Glidinganteater's rating: 1419 &rarr; <strong>1429</strong><br />(+10 for winning)
|l|☆GhiteO°²ff
