|j|☆bassplayer3395
|j|☆Glidinganteater
|t:|1616276755
|player|p1|bassplayer3395|265|1374
|player|p2|Glidinganteater|palmer|1336
|teamsize|p1|6
|teamsize|p2|6
|gametype|singles
|gen|8
|tier|[Gen 8] RU
|rated|
|clearpoke
|poke|p1|Xurkitree|
|poke|p1|Eldegoss, M|
|poke|p1|Sharpedo, F|
|poke|p1|Porygon-Z|
|poke|p1|Klefki, F|
|poke|p1|Metagross|
|poke|p2|Xatu, M|
|poke|p2|Steelix, M|
|poke|p2|Flygon, M|
|poke|p2|Togekiss, F|
|poke|p2|Milotic, F|
|poke|p2|Zarude|
|rule|Sleep Clause Mod: Limit one foe put to sleep
|rule|Species Clause: Limit one of each Pokémon
|rule|OHKO Clause: OHKO moves are banned
|rule|Evasion Moves Clause: Evasion moves are banned
|rule|Endless Battle Clause: Forcing endless battles is banned
|rule|HP Percentage Mod: HP is shown in percentages
|rule|Dynamax Clause: You cannot dynamax
|teampreview
|
|t:|1616276787
|start
|switch|p1a: Sharpedo|Sharpedo, F|100/100
|switch|p2a: Flygon|Flygon, M, shiny|100/100
|turn|1
|
|t:|1616276795
|move|p1a: Sharpedo|Protect|p1a: Sharpedo
|-singleturn|p1a: Sharpedo|Protect
|move|p2a: Flygon|Dragon Dance|p2a: Flygon
|-boost|p2a: Flygon|atk|1
|-boost|p2a: Flygon|spe|1
|
|-ability|p1a: Sharpedo|Speed Boost|boost
|-boost|p1a: Sharpedo|spe|1
|upkeep
|turn|2
|
|t:|1616276802
|switch|p1a: Eldegoss|Eldegoss, M|100/100
|move|p2a: Flygon|Earthquake|p1a: Eldegoss
|-resisted|p1a: Eldegoss
|-damage|p1a: Eldegoss|74/100
|
|upkeep
|turn|3
|
|t:|1616276806
|move|p2a: Flygon|U-turn|p1a: Eldegoss
|-supereffective|p1a: Eldegoss
|-damage|p1a: Eldegoss|10/100
|
|t:|1616276810
|switch|p2a: Xatu|Xatu, M|100/100|[from]move: U-turn
|move|p1a: Eldegoss|Sleep Powder|p2a: Xatu
|move|p2a: Xatu|Sleep Powder|p1a: Eldegoss|[from]ability: Magic Bounce
|-immune|p1a: Eldegoss
|
|upkeep
|turn|4
|
|t:|1616276820
|switch|p1a: Sharpedo|Sharpedo, F|100/100
|move|p2a: Xatu|U-turn|p1a: Sharpedo
|-supereffective|p1a: Sharpedo
|-damage|p1a: Sharpedo|41/100
|
|t:|1616276824
|switch|p2a: Flygon|Flygon, M, shiny|100/100|[from]move: U-turn
|
|upkeep
|turn|5
|
|t:|1616276828
|move|p2a: Flygon|U-turn|p1a: Sharpedo
|-supereffective|p1a: Sharpedo
|-damage|p1a: Sharpedo|0 fnt
|faint|p1a: Sharpedo
|
|t:|1616276833
|switch|p2a: Zarude|Zarude|100/100|[from]move: U-turn
|
|upkeep
|
|t:|1616276842
|switch|p1a: Klefki|Klefki, F|100/100
|turn|6
|
|t:|1616276846
|move|p1a: Klefki|Reflect|p1a: Klefki
|-sidestart|p1: bassplayer3395|Reflect
|move|p2a: Zarude|U-turn|p1a: Klefki
|-resisted|p1a: Klefki
|-damage|p1a: Klefki|98/100
|
|t:|1616276855
|switch|p2a: Steelix|Steelix, M|100/100|[from]move: U-turn
|
|upkeep
|turn|7
|
|t:|1616276860
|switch|p1a: Eldegoss|Eldegoss, M|43/100
|move|p2a: Steelix|Stealth Rock|p1a: Eldegoss
|-sidestart|p1: bassplayer3395|move: Stealth Rock
|
|upkeep
|turn|8
|
|t:|1616276864
|switch|p2a: Xatu|Xatu, M|100/100
|move|p1a: Eldegoss|Rapid Spin|p2a: Xatu
|-damage|p2a: Xatu|96/100
|-boost|p1a: Eldegoss|spe|1
|-damage|p1a: Eldegoss|26/100|[from] item: Rocky Helmet|[of] p2a: Xatu
|-sideend|p1: bassplayer3395|Stealth Rock|[from] move: Rapid Spin|[of] p1a: Eldegoss
|
|upkeep
|turn|9
|
|t:|1616276872
|switch|p1a: Xurkitree|Xurkitree|100/100
|move|p2a: Xatu|Heat Wave|p1a: Xurkitree
|-damage|p1a: Xurkitree|67/100
|
|upkeep
|turn|10
|
|t:|1616276876
|switch|p2a: Steelix|Steelix, M|100/100
|move|p1a: Xurkitree|Dazzling Gleam|p2a: Steelix
|-resisted|p2a: Steelix
|-damage|p2a: Steelix|85/100
|
|-heal|p2a: Steelix|91/100|[from] item: Leftovers
|upkeep
|turn|11
|
|t:|1616276885
|switch|p1a: Eldegoss|Eldegoss, M|59/100
|move|p2a: Steelix|Heavy Slam|p1a: Eldegoss
|-damage|p1a: Eldegoss|44/100
|
|-heal|p2a: Steelix|97/100|[from] item: Leftovers
|upkeep
|turn|12
|
|t:|1616276890
|switch|p1a: Xurkitree|Xurkitree|67/100
|switch|p2a: Xatu|Xatu, M|96/100
|
|upkeep
|turn|13
|
|t:|1616276893
|switch|p2a: Steelix|Steelix, M|97/100
|move|p1a: Xurkitree|Dazzling Gleam|p2a: Steelix
|-resisted|p2a: Steelix
|-damage|p2a: Steelix|80/100
|
|-heal|p2a: Steelix|87/100|[from] item: Leftovers
|-sideend|p1: bassplayer3395|Reflect
|upkeep
|turn|14
|
|t:|1616276898
|switch|p1a: Eldegoss|Eldegoss, M|77/100
|move|p2a: Steelix|Stealth Rock|p1a: Eldegoss
|-sidestart|p1: bassplayer3395|move: Stealth Rock
|
|-heal|p2a: Steelix|93/100|[from] item: Leftovers
|upkeep
|turn|15
|
|t:|1616276902
|switch|p2a: Xatu|Xatu, M|96/100
|move|p1a: Eldegoss|Rapid Spin|p2a: Xatu
|-damage|p2a: Xatu|92/100
|-boost|p1a: Eldegoss|spe|1
|-damage|p1a: Eldegoss|60/100|[from] item: Rocky Helmet|[of] p2a: Xatu
|-sideend|p1: bassplayer3395|Stealth Rock|[from] move: Rapid Spin|[of] p1a: Eldegoss
|
|upkeep
|turn|16
|
|t:|1616276906
|move|p1a: Eldegoss|Giga Drain|p2a: Xatu
|-resisted|p2a: Xatu
|-damage|p2a: Xatu|75/100
|-heal|p1a: Eldegoss|69/100|[from] drain|[of] p2a: Xatu
|move|p2a: Xatu|Heat Wave|p1a: Eldegoss
|-supereffective|p1a: Eldegoss
|-damage|p1a: Eldegoss|31/100
|
|upkeep
|turn|17
|
|t:|1616276914
|switch|p1a: Porygon-Z|Porygon-Z|100/100
|move|p2a: Xatu|Heat Wave|p1a: Porygon-Z
|-damage|p1a: Porygon-Z|69/100
|
|upkeep
|turn|18
|
|t:|1616276921
|switch|p2a: Steelix|Steelix, M|93/100
|move|p1a: Porygon-Z|Trick|p2a: Steelix
|-activate|p1a: Porygon-Z|move: Trick|[of] p2a: Steelix
|-item|p2a: Steelix|Choice Specs|[from] move: Trick
|-item|p1a: Porygon-Z|Leftovers|[from] move: Trick
|
|-heal|p1a: Porygon-Z|75/100|[from] item: Leftovers
|upkeep
|turn|19
|
|t:|1616276928
|switch|p1a: Eldegoss|Eldegoss, M|64/100
|move|p2a: Steelix|Stealth Rock|p1a: Eldegoss
|-sidestart|p1: bassplayer3395|move: Stealth Rock
|
|upkeep
|turn|20
|
|t:|1616276933
|switch|p2a: Xatu|Xatu, M|75/100
|move|p1a: Eldegoss|Rapid Spin|p2a: Xatu
|-damage|p2a: Xatu|70/100
|-boost|p1a: Eldegoss|spe|1
|-damage|p1a: Eldegoss|47/100|[from] item: Rocky Helmet|[of] p2a: Xatu
|-sideend|p1: bassplayer3395|Stealth Rock|[from] move: Rapid Spin|[of] p1a: Eldegoss
|
|upkeep
|turn|21
|
|t:|1616276945
|switch|p1a: Porygon-Z|Porygon-Z|75/100
|move|p2a: Xatu|U-turn|p1a: Porygon-Z
|-damage|p1a: Porygon-Z|57/100
|
|t:|1616276960
|switch|p2a: Flygon|Flygon, M, shiny|100/100|[from]move: U-turn
|
|-heal|p1a: Porygon-Z|64/100|[from] item: Leftovers
|upkeep
|turn|22
|
|t:|1616276966
|switch|p1a: Eldegoss|Eldegoss, M|80/100
|move|p2a: Flygon|U-turn|p1a: Eldegoss
|-supereffective|p1a: Eldegoss
|-damage|p1a: Eldegoss|41/100
|
|t:|1616276969
|switch|p2a: Xatu|Xatu, M|70/100|[from]move: U-turn
|
|upkeep
|turn|23
|
|t:|1616276976
|switch|p1a: Xurkitree|Xurkitree|67/100
|move|p2a: Xatu|Heat Wave|p1a: Xurkitree|[miss]
|-miss|p2a: Xatu|p1a: Xurkitree
|
|upkeep
|turn|24
|
|t:|1616276987
|switch|p2a: Zarude|Zarude|100/100
|move|p1a: Xurkitree|Energy Ball|p2a: Zarude
|-resisted|p2a: Zarude
|-damage|p2a: Zarude|77/100
|
|upkeep
|turn|25
|
|t:|1616276991
|move|p2a: Zarude|U-turn|p1a: Xurkitree
|-damage|p1a: Xurkitree|35/100
|
|t:|1616276998
|switch|p2a: Steelix|Steelix, M|93/100|[from]move: U-turn
|move|p1a: Xurkitree|Dazzling Gleam|p2a: Steelix
|-resisted|p2a: Steelix
|-damage|p2a: Steelix|75/100
|
|upkeep
|turn|26
|
|t:|1616277000
|move|p1a: Xurkitree|Energy Ball|p2a: Steelix
|-damage|p2a: Steelix|39/100
|move|p2a: Steelix|Stealth Rock|p1a: Xurkitree
|-sidestart|p1: bassplayer3395|move: Stealth Rock
|
|upkeep
|turn|27
|
|t:|1616277008
|switch|p2a: Zarude|Zarude|77/100
|move|p1a: Xurkitree|Zap Cannon|p2a: Zarude
|-resisted|p2a: Zarude
|-damage|p2a: Zarude|30/100
|-status|p2a: Zarude|par
|
|upkeep
|turn|28
|
|t:|1616277014
|move|p1a: Xurkitree|Dazzling Gleam|p2a: Zarude
|-supereffective|p2a: Zarude
|-damage|p2a: Zarude|0 fnt
|faint|p2a: Zarude
|-ability|p1a: Xurkitree|Beast Boost|boost
|-boost|p1a: Xurkitree|spa|1
|
|upkeep
|
|t:|1616277017
|switch|p2a: Flygon|Flygon, M, shiny|100/100
|turn|29
|
|t:|1616277021
|move|p2a: Flygon|Earthquake|p1a: Xurkitree
|-supereffective|p1a: Xurkitree
|-damage|p1a: Xurkitree|0 fnt
|faint|p1a: Xurkitree
|
|upkeep
|
|t:|1616277025
|switch|p1a: Eldegoss|Eldegoss, M|74/100
|turn|30
|
|t:|1616277029
|move|p2a: Flygon|U-turn|p1a: Eldegoss
|-supereffective|p1a: Eldegoss
|-damage|p1a: Eldegoss|34/100
|
|t:|1616277033
|switch|p2a: Xatu|Xatu, M|70/100|[from]move: U-turn
|move|p1a: Eldegoss|Rapid Spin|p2a: Xatu
|-damage|p2a: Xatu|65/100
|-boost|p1a: Eldegoss|spe|1
|-damage|p1a: Eldegoss|17/100|[from] item: Rocky Helmet|[of] p2a: Xatu
|-sideend|p1: bassplayer3395|Stealth Rock|[from] move: Rapid Spin|[of] p1a: Eldegoss
|
|upkeep
|turn|31
|
|t:|1616277042
|switch|p1a: Klefki|Klefki, F|98/100
|move|p2a: Xatu|U-turn|p1a: Klefki
|-resisted|p1a: Klefki
|-crit|p1a: Klefki
|-damage|p1a: Klefki|94/100
|
|t:|1616277049
|switch|p2a: Flygon|Flygon, M, shiny|100/100|[from]move: U-turn
|
|upkeep
|turn|32
|
|t:|1616277052
|move|p1a: Klefki|Reflect|p1a: Klefki
|-sidestart|p1: bassplayer3395|Reflect
|move|p2a: Flygon|Dragon Dance|p2a: Flygon
|-boost|p2a: Flygon|atk|1
|-boost|p2a: Flygon|spe|1
|
|upkeep
|turn|33
|
|t:|1616277060
|switch|p1a: Metagross|Metagross|100/100
|move|p2a: Flygon|Earthquake|p1a: Metagross
|-supereffective|p1a: Metagross
|-damage|p1a: Metagross|34/100
|-enditem|p1a: Metagross|Weakness Policy
|-boost|p1a: Metagross|atk|2|[from] item: Weakness Policy
|-boost|p1a: Metagross|spa|2|[from] item: Weakness Policy
|
|upkeep
|turn|34
|-message|bassplayer3395 forfeited.
|
|win|Glidinganteater
|l|☆bassplayer3395
|raw|bassplayer3395's rating: 1375 &rarr; <strong>1353</strong><br />(-22 for losing)
|raw|Glidinganteater's rating: 1336 &rarr; <strong>1358</strong><br />(+22 for winning)
||Ladder isn't responding, score probably updated but might not have (Request timeout).
