|j|☆pattekjr
|j|☆naranchio
|player|p1|pattekjr|cowgirl|1450
|player|p2|naranchio|birdkeeper|1341
|teamsize|p1|6
|teamsize|p2|6
|gametype|singles
|gen|8
|tier|[Gen 8] RU
|rated|
|clearpoke
|poke|p1|Jellicent, M|
|poke|p1|Scrafty, F|
|poke|p1|Indeedee, M|
|poke|p1|Silvally-*|
|poke|p1|Mudsdale, F|
|poke|p1|Vileplume, M|
|poke|p2|Escavalier, M|
|poke|p2|Indeedee, M|
|poke|p2|Silvally-*|
|poke|p2|Gastrodon, M|
|poke|p2|Eldegoss, M|
|poke|p2|Snorlax, M|
|rule|Sleep Clause Mod: Limit one foe put to sleep
|rule|Species Clause: Limit one of each Pokémon
|rule|OHKO Clause: OHKO moves are banned
|rule|Evasion Moves Clause: Evasion moves are banned
|rule|Endless Battle Clause: Forcing endless battles is banned
|rule|HP Percentage Mod: HP is shown in percentages
|rule|Dynamax Clause: You cannot dynamax
|teampreview
|inactive|Battle timer is ON: inactive players will automatically lose when time's up. (requested by pattekjr)
|
|start
|switch|p1a: Silvally|Silvally-Steel|100/100
|switch|p2a: Uh oh|Snorlax, M|100/100
|turn|1
|
|switch|p1a: Mudsdale|Mudsdale, F|100/100
|move|p2a: Uh oh|Fire Punch|p1a: Mudsdale
|-damage|p1a: Mudsdale|76/100
|-ability|p1a: Mudsdale|Stamina|boost
|-boost|p1a: Mudsdale|def|1
|
|-heal|p1a: Mudsdale|82/100|[from] item: Leftovers
|upkeep
|turn|2
|
|switch|p2a: Rigoberto|Eldegoss, M|100/100
|move|p1a: Mudsdale|Stealth Rock|p2a: Rigoberto
|-sidestart|p2: naranchio|move: Stealth Rock
|
|-heal|p1a: Mudsdale|88/100|[from] item: Leftovers
|upkeep
|turn|3
|
|move|p2a: Rigoberto|Leech Seed|p1a: Mudsdale
|-start|p1a: Mudsdale|move: Leech Seed
|move|p1a: Mudsdale|Toxic|p2a: Rigoberto
|-status|p2a: Rigoberto|tox
|
|-heal|p1a: Mudsdale|95/100|[from] item: Leftovers
|-damage|p1a: Mudsdale|82/100|[from] Leech Seed|[of] p2a: Rigoberto
|-damage|p2a: Rigoberto|94/100 tox|[from] psn
|upkeep
|turn|4
|
|switch|p1a: Silvally|Silvally-Steel|100/100
|move|p2a: Rigoberto|Rapid Spin|p1a: Silvally
|-resisted|p1a: Silvally
|-damage|p1a: Silvally|98/100
|-boost|p2a: Rigoberto|spe|1
|-sideend|p2: naranchio|Stealth Rock|[from] move: Rapid Spin|[of] p2a: Rigoberto
|
|-heal|p2a: Rigoberto|100/100 tox|[from] item: Leftovers
|-damage|p2a: Rigoberto|88/100 tox|[from] psn
|upkeep
|turn|5
|
|switch|p2a: This boy|Escavalier, M|100/100
|move|p1a: Silvally|Work Up|p1a: Silvally
|-boost|p1a: Silvally|atk|1
|-boost|p1a: Silvally|spa|1
|
|upkeep
|turn|6
|-message|naranchio forfeited.
|
|win|pattekjr
|l|☆naranchio
|l|☆pattekjr
|j|☆pattekjr
|player|p1|pattekjr|cowgirl
||Ladder (probably) updated, but score could not be retrieved (Response not received).
