|j|☆ewlifiwe
|j|☆KesslerMacGrath
|t:|1660587773
|gametype|singles
|player|p1|ewlifiwe|169|1123
|player|p2|KesslerMacGrath|unknown|1396
|teamsize|p1|6
|teamsize|p2|6
|gen|8
|tier|[Gen 8] RU
|rated|
|rule|Sleep Clause Mod: Limit one foe put to sleep
|rule|Species Clause: Limit one of each Pokémon
|rule|OHKO Clause: OHKO moves are banned
|rule|Evasion Items Clause: Evasion items are banned
|rule|Evasion Moves Clause: Evasion moves are banned
|rule|Endless Battle Clause: Forcing endless battles is banned
|rule|HP Percentage Mod: HP is shown in percentages
|rule|Dynamax Clause: You cannot dynamax
|clearpoke
|poke|p1|Toxicroak, M|
|poke|p1|Flygon, F|
|poke|p1|Gastrodon-East, F|
|poke|p1|Grimmsnarl, M|
|poke|p1|Decidueye, M|
|poke|p1|Metagross|
|poke|p2|Flygon, F|
|poke|p2|Sneasel, F|
|poke|p2|Sigilyph, M|
|poke|p2|Registeel|
|poke|p2|Xurkitree|
|poke|p2|Milotic, F|
|teampreview
|
|t:|1660587778
|start
|switch|p1a: Toxicroak|Toxicroak, M|100/100
|switch|p2a: LC Uber|Sneasel, F, shiny|100/100
|turn|1
|inactive|Battle timer is ON: inactive players will automatically lose when time's up. (requested by KesslerMacGrath)
|
|t:|1660587801
|switch|p2a: N|Sigilyph, M, shiny|100/100
|move|p1a: Toxicroak|Swords Dance|p1a: Toxicroak
|-boost|p1a: Toxicroak|atk|2
|
|upkeep
|turn|2
|
|t:|1660587806
|move|p1a: Toxicroak|Sucker Punch||[still]
|-fail|p1a: Toxicroak
|move|p2a: N|Thunder Wave|p1a: Toxicroak
|-status|p1a: Toxicroak|par
|
|upkeep
|turn|3
|
|t:|1660587811
|switch|p2a: Paldean Gyrados|Milotic, F, shiny|100/100
|move|p1a: Toxicroak|Sucker Punch||[still]
|-fail|p1a: Toxicroak
|
|-status|p2a: Paldean Gyrados|brn|[from] item: Flame Orb
|upkeep
|turn|4
|
|t:|1660587816
|switch|p2a: N|Sigilyph, M, shiny|100/100
|move|p1a: Toxicroak|Low Kick|p2a: N
|-resisted|p2a: N
|-damage|p2a: N|89/100
|-damage|p1a: Toxicroak|91/100 par|[from] item: Life Orb
|
|upkeep
|turn|5
|
|t:|1660587821
|move|p1a: Toxicroak|Sucker Punch||[still]
|-fail|p1a: Toxicroak
|move|p2a: N|Roost|p2a: N
|-heal|p2a: N|100/100
|-singleturn|p2a: N|move: Roost
|
|upkeep
|turn|6
|
|t:|1660587826
|switch|p2a: Paldean Gyrados|Milotic, F, shiny|100/100 brn
|cant|p1a: Toxicroak|par
|
|-damage|p2a: Paldean Gyrados|94/100 brn|[from] brn
|upkeep
|turn|7
|
|t:|1660587828
|switch|p2a: N|Sigilyph, M, shiny|100/100
|move|p1a: Toxicroak|Poison Jab|p2a: N
|-damage|p2a: N|7/100
|-damage|p1a: Toxicroak|81/100 par|[from] item: Life Orb
|
|upkeep
|turn|8
|
|t:|1660587834
|move|p2a: N|Roost|p2a: N
|-heal|p2a: N|57/100
|-singleturn|p2a: N|move: Roost
|move|p1a: Toxicroak|Poison Jab|p2a: N
|-damage|p2a: N|0 fnt
|faint|p2a: N
|-damage|p1a: Toxicroak|71/100 par|[from] item: Life Orb
|
|upkeep
|
|t:|1660587839
|switch|p2a: Haywire|Xurkitree, shiny|100/100
|turn|9
|
|t:|1660587841
|cant|p1a: Toxicroak|par
|move|p2a: Haywire|Dazzling Gleam|p1a: Toxicroak
|-damage|p1a: Toxicroak|18/100 par
|
|upkeep
|turn|10
|
|t:|1660587850
|switch|p2a: Paldean Gyrados|Milotic, F, shiny|94/100 brn
|move|p1a: Toxicroak|Sucker Punch||[still]
|-fail|p1a: Toxicroak
|
|-damage|p2a: Paldean Gyrados|88/100 brn|[from] brn
|upkeep
|turn|11
|
|t:|1660587855
|switch|p2a: Lando|Flygon, F, shiny|100/100
|move|p1a: Toxicroak|Low Kick|p2a: Lando
|-damage|p2a: Lando|0 fnt
|faint|p2a: Lando
|-damage|p1a: Toxicroak|8/100 par|[from] item: Life Orb
|
|upkeep
|-message|KesslerMacGrath forfeited.
|
|win|ewlifiwe
|raw|ewlifiwe's rating: 1123 &rarr; <strong>1164</strong><br />(+41 for winning)
|raw|KesslerMacGrath's rating: 1396 &rarr; <strong>1363</strong><br />(-33 for losing)
|l|☆KesslerMacGrath
||Ladder isn't responding, score probably updated but might not have (Request timeout).
