|j|☆pealnatel
|j|☆Hail dialga ^_^
|t:|1605598599
|player|p1|pealnatel|102|
|player|p2|Hail dialga ^_^|bianca-pwt|
|teamsize|p1|6
|teamsize|p2|6
|gametype|singles
|gen|8
|tier|[Gen 8] RU
|rated|Tournament battle
|clearpoke
|poke|p1|Chandelure, F|
|poke|p1|Escavalier, F|
|poke|p1|Umbreon, F|
|poke|p1|Weezing-Galar, F|
|poke|p1|Polteageist|
|poke|p1|Haxorus, F|
|poke|p2|Torkoal, F|
|poke|p2|Entei|
|poke|p2|Venusaur, M|
|poke|p2|Heliolisk, F|
|poke|p2|Tangrowth, F|
|poke|p2|Sylveon, M|
|rule|Sleep Clause Mod: Limit one foe put to sleep
|rule|Species Clause: Limit one of each Pokémon
|rule|OHKO Clause: OHKO moves are banned
|rule|Evasion Moves Clause: Evasion moves are banned
|rule|Endless Battle Clause: Forcing endless battles is banned
|rule|HP Percentage Mod: HP is shown in percentages
|rule|Dynamax Clause: You cannot dynamax
|teampreview
|j|*Lady Monita
|inactive|Battle timer is ON: inactive players will automatically lose when time's up. (requested by Hail dialga ^_^)
|j| Tomoba
|j| piner pokeman
|j| platinumsq
|j| chomper here
|inactive|pealnatel has 120 seconds left.
|j| SPYDERRO
|j| mythromania
|l| piner pokeman
|j| wwDRTTT5T5
|inactive|pealnatel has 90 seconds left.
|c| wwDRTTT5T5|gl
|
|t:|1605598669
|start
|switch|p1a: Chandelure|Chandelure, F|100/100
|switch|p2a: Torkoal|Torkoal, F|100/100
|-weather|SunnyDay|[from] ability: Drought|[of] p2a: Torkoal
|turn|1
|c|☆Hail dialga ^_^|Ru us the weather generation of pokemon
|j| hecklow
|
|t:|1605598683
|move|p1a: Chandelure|Shadow Ball|p2a: Torkoal
|-damage|p2a: Torkoal|39/100
|move|p2a: Torkoal|Earth Power|p1a: Chandelure
|-supereffective|p1a: Chandelure
|-damage|p1a: Chandelure|25/100
|
|-weather|SunnyDay|[upkeep]
|upkeep
|turn|2
|l| SPYDERRO
|
|t:|1605598688
|switch|p2a: Heliolisk|Heliolisk, F|100/100
|move|p1a: Chandelure|Shadow Ball|p2a: Heliolisk
|-immune|p2a: Heliolisk
|
|-weather|SunnyDay|[upkeep]
|-damage|p2a: Heliolisk|88/100|[from] ability: Solar Power|[of] p2a: Heliolisk
|upkeep
|turn|3
|
|t:|1605598696
|switch|p1a: Umbreon|Umbreon, F|100/100
|move|p2a: Heliolisk|Discharge|p1a: Umbreon
|-crit|p1a: Umbreon
|-damage|p1a: Umbreon|31/100
|
|-weather|SunnyDay|[upkeep]
|-damage|p2a: Heliolisk|76/100|[from] ability: Solar Power|[of] p2a: Heliolisk
|-heal|p1a: Umbreon|37/100|[from] item: Leftovers
|upkeep
|turn|4
|
|t:|1605598700
|move|p1a: Umbreon|Protect|p1a: Umbreon
|-singleturn|p1a: Umbreon|Protect
|move|p2a: Heliolisk|Discharge|p1a: Umbreon
|-activate|p1a: Umbreon|move: Protect
|
|-weather|SunnyDay|[upkeep]
|-damage|p2a: Heliolisk|63/100|[from] ability: Solar Power|[of] p2a: Heliolisk
|-heal|p1a: Umbreon|43/100|[from] item: Leftovers
|upkeep
|turn|5
|j| kunjhu
|
|t:|1605598724
|switch|p1a: Haxorus|Haxorus, F|100/100
|-ability|p1a: Haxorus|Mold Breaker
|move|p2a: Heliolisk|Discharge|p1a: Haxorus
|-resisted|p1a: Haxorus
|-damage|p1a: Haxorus|38/100
|
|-weather|SunnyDay|[upkeep]
|-damage|p2a: Heliolisk|51/100|[from] ability: Solar Power|[of] p2a: Heliolisk
|upkeep
|turn|6
|inactive|pealnatel has 120 seconds left.
|j| xmath
|c|☆Hail dialga ^_^|Solar power broken
|
|t:|1605598751
|move|p2a: Heliolisk|Discharge|p1a: Haxorus
|-resisted|p1a: Haxorus
|-damage|p1a: Haxorus|0 fnt
|faint|p1a: Haxorus
|
|-weather|SunnyDay|[upkeep]
|-damage|p2a: Heliolisk|38/100|[from] ability: Solar Power|[of] p2a: Heliolisk
|upkeep
|
|t:|1605598756
|switch|p1a: Chandelure|Chandelure, F|25/100
|turn|7
|
|t:|1605598759
|move|p1a: Chandelure|Fire Blast|p2a: Heliolisk
|-damage|p2a: Heliolisk|0 fnt
|faint|p2a: Heliolisk
|
|-weather|SunnyDay|[upkeep]
|upkeep
|
|t:|1605598763
|switch|p2a: Entei|Entei|100/100
|turn|8
|
|t:|1605598769
|switch|p1a: Weezing|Weezing-Galar, F|100/100
|move|p2a: Entei|Stone Edge|p1a: Weezing
|-damage|p1a: Weezing|67/100
|
|-weather|none
|-heal|p1a: Weezing|73/100|[from] item: Black Sludge
|upkeep
|turn|9
|
|t:|1605598778
|switch|p2a: Torkoal|Torkoal, F|39/100
|-weather|SunnyDay|[from] ability: Drought|[of] p2a: Torkoal
|switch|p1a: Chandelure|Chandelure, F|25/100
|
|-weather|SunnyDay|[upkeep]
|upkeep
|turn|10
|
|t:|1605598788
|switch|p2a: Sylveon|Sylveon, M|100/100
|move|p1a: Chandelure|Fire Blast|p2a: Sylveon
|-damage|p2a: Sylveon|9/100
|
|-weather|SunnyDay|[upkeep]
|-heal|p2a: Sylveon|15/100|[from] item: Leftovers
|upkeep
|turn|11
|
|t:|1605598794
|move|p1a: Chandelure|Fire Blast|p2a: Sylveon
|-damage|p2a: Sylveon|0 fnt
|faint|p2a: Sylveon
|
|-weather|SunnyDay|[upkeep]
|upkeep
|
|t:|1605598797
|switch|p2a: Venusaur|Venusaur, M|100/100
|turn|12
|
|t:|1605598803
|switch|p1a: Escavalier|Escavalier, F|100/100
|move|p2a: Venusaur|Sludge Bomb|p1a: Escavalier
|-immune|p1a: Escavalier
|
|-weather|SunnyDay|[upkeep]
|upkeep
|turn|13
|
|t:|1605598808
|switch|p1a: Chandelure|Chandelure, F|25/100
|move|p2a: Venusaur|Weather Ball|p1a: Chandelure
|-start|p1a: Chandelure|ability: Flash Fire
|
|-weather|SunnyDay|[upkeep]
|upkeep
|turn|14
|c|☆Hail dialga ^_^|Smart
|j| abhk®
|inactive|pealnatel has 120 seconds left.
|
|t:|1605598839
|-end|p1a: Chandelure|ability: Flash Fire|[silent]
|switch|p1a: Escavalier|Escavalier, F|100/100
|move|p2a: Venusaur|Solar Beam||[still]
|-prepare|p2a: Venusaur|Solar Beam
|-anim|p2a: Venusaur|Solar Beam|p1a: Escavalier
|-resisted|p1a: Escavalier
|-damage|p1a: Escavalier|82/100
|-damage|p2a: Venusaur|91/100|[from] item: Life Orb
|
|-weather|SunnyDay|[upkeep]
|upkeep
|turn|15
|inactive|pealnatel has 120 seconds left.
|
|t:|1605598851
|move|p2a: Venusaur|Weather Ball|p1a: Escavalier
|-supereffective|p1a: Escavalier
|-damage|p1a: Escavalier|0 fnt
|-damage|p2a: Venusaur|81/100|[from] item: Life Orb
|faint|p1a: Escavalier
|
|-weather|SunnyDay|[upkeep]
|upkeep
|inactive|pealnatel has 120 seconds left.
|
|t:|1605598858
|switch|p1a: Polteageist|Polteageist|100/100
|turn|16
|inactive|pealnatel has 120 seconds left.
|
|t:|1605598871
|move|p2a: Venusaur|Sleep Powder|p1a: Polteageist|[miss]
|-miss|p2a: Venusaur|p1a: Polteageist
|move|p1a: Polteageist|Shell Smash|p1a: Polteageist
|-unboost|p1a: Polteageist|def|1
|-unboost|p1a: Polteageist|spd|1
|-boost|p1a: Polteageist|atk|2
|-boost|p1a: Polteageist|spa|2
|-boost|p1a: Polteageist|spe|2
|
|-weather|none
|upkeep
|turn|17
|
|t:|1605598878
|switch|p2a: Torkoal|Torkoal, F|39/100
|-weather|SunnyDay|[from] ability: Drought|[of] p2a: Torkoal
|move|p1a: Polteageist|Stored Power|p2a: Torkoal
|-damage|p2a: Torkoal|0 fnt
|faint|p2a: Torkoal
|
|-weather|SunnyDay|[upkeep]
|upkeep
|
|t:|1605598883
|switch|p2a: Venusaur|Venusaur, M|81/100
|turn|18
|j| RNKnight◢ ◤
|j| SPYDERRO
|j| fyjuy
|l| fyjuy
|inactive|pealnatel has 120 seconds left.
|l| RNKnight◢ ◤
|inactive|pealnatel has 90 seconds left.
|
|t:|1605598936
|switch|p1a: Weezing|Weezing-Galar, F|73/100
|move|p2a: Venusaur|Solar Beam||[still]
|-prepare|p2a: Venusaur|Solar Beam
|-anim|p2a: Venusaur|Solar Beam|p1a: Weezing
|-resisted|p1a: Weezing
|-damage|p1a: Weezing|21/100
|-damage|p2a: Venusaur|71/100|[from] item: Life Orb
|
|-weather|SunnyDay|[upkeep]
|-heal|p1a: Weezing|27/100|[from] item: Black Sludge
|upkeep
|turn|19
|inactive|pealnatel has 90 seconds left.
|j|+not a racist
|
|t:|1605598950
|switch|p1a: Umbreon|Umbreon, F|43/100
|move|p2a: Venusaur|Sludge Bomb|p1a: Umbreon
|-damage|p1a: Umbreon|15/100
|-damage|p2a: Venusaur|61/100|[from] item: Life Orb
|
|-weather|SunnyDay|[upkeep]
|-heal|p1a: Umbreon|21/100|[from] item: Leftovers
|upkeep
|turn|20
|
|t:|1605598957
|move|p1a: Umbreon|Protect|p1a: Umbreon
|-singleturn|p1a: Umbreon|Protect
|move|p2a: Venusaur|Solar Beam||[still]
|-prepare|p2a: Venusaur|Solar Beam
|-anim|p2a: Venusaur|Solar Beam|p1a: Umbreon
|-activate|p1a: Umbreon|move: Protect
|
|-weather|SunnyDay|[upkeep]
|-heal|p1a: Umbreon|27/100|[from] item: Leftovers
|upkeep
|turn|21
|inactive|pealnatel has 90 seconds left.
|j| RNKnight◢ ◤
|inactive|pealnatel has 60 seconds left.
|
|t:|1605599004
|switch|p1a: Weezing|Weezing-Galar, F|27/100
|move|p2a: Venusaur|Solar Beam||[still]
|-prepare|p2a: Venusaur|Solar Beam
|-anim|p2a: Venusaur|Solar Beam|p1a: Weezing
|-resisted|p1a: Weezing
|-damage|p1a: Weezing|0 fnt
|-damage|p2a: Venusaur|51/100|[from] item: Life Orb
|faint|p1a: Weezing
|
|-weather|SunnyDay|[upkeep]
|upkeep
|j| Coolcodename
|inactive|pealnatel has 60 seconds left.
|c| Coolcodename|Hail dialga
|
|t:|1605599013
|switch|p1a: Umbreon|Umbreon, F|27/100
|turn|22
|
|t:|1605599022
|move|p1a: Umbreon|Protect|p1a: Umbreon
|-singleturn|p1a: Umbreon|Protect
|move|p2a: Venusaur|Solar Beam||[still]
|-prepare|p2a: Venusaur|Solar Beam
|-anim|p2a: Venusaur|Solar Beam|p1a: Umbreon
|-activate|p1a: Umbreon|move: Protect
|
|-weather|SunnyDay|[upkeep]
|-heal|p1a: Umbreon|34/100|[from] item: Leftovers
|upkeep
|turn|23
|c| Coolcodename|let’s go my friend
|c| Coolcodename|Woooooo
|c|☆Hail dialga ^_^|:)
|inactive|pealnatel has 60 seconds left.
|
|t:|1605599044
|switch|p1a: Chandelure|Chandelure, F|25/100
|move|p2a: Venusaur|Solar Beam||[still]
|-prepare|p2a: Venusaur|Solar Beam
|-anim|p2a: Venusaur|Solar Beam|p1a: Chandelure
|-resisted|p1a: Chandelure
|-damage|p1a: Chandelure|0 fnt
|-damage|p2a: Venusaur|41/100|[from] item: Life Orb
|faint|p1a: Chandelure
|
|-weather|SunnyDay|[upkeep]
|upkeep
|c| Coolcodename|I’m back
|inactive|pealnatel has 60 seconds left.
|
|t:|1605599063
|switch|p1a: Umbreon|Umbreon, F|34/100
|turn|24
|
|t:|1605599066
|switch|p2a: Entei|Entei|100/100
|move|p1a: Umbreon|Protect||[still]
|-fail|p1a: Umbreon
|
|-weather|none
|-heal|p1a: Umbreon|40/100|[from] item: Leftovers
|upkeep
|turn|25
|
|t:|1605599068
|move|p1a: Umbreon|Protect|p1a: Umbreon
|-singleturn|p1a: Umbreon|Protect
|move|p2a: Entei|Sacred Fire|p1a: Umbreon
|-activate|p1a: Umbreon|move: Protect
|
|-heal|p1a: Umbreon|46/100|[from] item: Leftovers
|upkeep
|turn|26
|
|t:|1605599075
|move|p2a: Entei|Sacred Fire|p1a: Umbreon
|-crit|p1a: Umbreon
|-damage|p1a: Umbreon|0 fnt
|faint|p1a: Umbreon
|
|upkeep
|
|t:|1605599079
|switch|p1a: Polteageist|Polteageist|100/100
|turn|27
|c| Coolcodename|GG
|
|t:|1605599090
|move|p2a: Entei|Sacred Fire|p1a: Polteageist
|-enditem|p1a: Polteageist|Focus Sash
|-damage|p1a: Polteageist|1/100
|-ability|p1a: Polteageist|Weak Armor|boost
|-unboost|p1a: Polteageist|def|1
|-boost|p1a: Polteageist|spe|2
|move|p1a: Polteageist|Shell Smash|p1a: Polteageist
|-unboost|p1a: Polteageist|def|1
|-unboost|p1a: Polteageist|spd|1
|-boost|p1a: Polteageist|atk|2
|-boost|p1a: Polteageist|spa|2
|-boost|p1a: Polteageist|spe|2
|
|upkeep
|turn|28
|c| Coolcodename|Lat’s go hai
|c| Coolcodename|l
|
|t:|1605599100
|move|p1a: Polteageist|Stored Power|p2a: Entei
|-damage|p2a: Entei|0 fnt
|faint|p2a: Entei
|
|upkeep
|c| Coolcodename|Bro
|
|t:|1605599103
|switch|p2a: Tangrowth|Tangrowth, F|100/100
|turn|29
|
|t:|1605599107
|move|p1a: Polteageist|Stored Power|p2a: Tangrowth
|-damage|p2a: Tangrowth|0 fnt
|faint|p2a: Tangrowth
|
|upkeep
|c| Coolcodename|No way
|
|t:|1605599110
|switch|p2a: Venusaur|Venusaur, M|41/100
|turn|30
|c| mythromania|yoo lol
|c| xmath|WOAH
|c|☆Hail dialga ^_^|Gg
|c|☆pealnatel|gg
|c| RNKnight◢ ◤|gg
|c| mythromania|clean
|c| RNKnight◢ ◤|lol
|c| mythromania|entei no espeed?
|c| Coolcodename|gG
|c|+not a racist|ghost
|c| mythromania|oh right
|c|+not a racist|espeed doesn't matter
|c|☆Hail dialga ^_^|Welp
|c| platinumsq|you jynxed him dawg
|
|t:|1605599140
|move|p1a: Polteageist|Stored Power|p2a: Venusaur
|-supereffective|p2a: Venusaur
|-damage|p2a: Venusaur|0 fnt
|faint|p2a: Venusaur
|
|win|pealnatel
