|j|☆Ren19
|j|☆purple mountains
|t:|1665874851
|gametype|singles
|player|p1|Ren19|gentleman-gen4|1434
|player|p2|purple mountains|giovanni|1559
|teamsize|p1|6
|teamsize|p2|6
|gen|8
|tier|[Gen 8] RU
|rated|
|rule|Sleep Clause Mod: Limit one foe put to sleep
|rule|Species Clause: Limit one of each Pokémon
|rule|OHKO Clause: OHKO moves are banned
|rule|Evasion Items Clause: Evasion items are banned
|rule|Evasion Moves Clause: Evasion moves are banned
|rule|Endless Battle Clause: Forcing endless battles is banned
|rule|HP Percentage Mod: HP is shown in percentages
|rule|Dynamax Clause: You cannot dynamax
|clearpoke
|poke|p1|Crobat, M|
|poke|p1|Umbreon, M|
|poke|p1|Kingdra, F|
|poke|p1|Reuniclus, F|
|poke|p1|Rhyperior, F|
|poke|p1|Porygon-Z|
|poke|p2|Suicune|
|poke|p2|Registeel|
|poke|p2|Flygon, F|
|poke|p2|Dhelmise|
|poke|p2|Weezing-Galar, F|
|poke|p2|Xurkitree|
|teampreview
|
|t:|1665874862
|start
|switch|p1a: Porygon-Z|Porygon-Z|100/100
|switch|p2a: Dhelmise|Dhelmise|100/100
|turn|1
|
|t:|1665874874
|switch|p1a: Crobat|Crobat, M|100/100
|switch|p2a: Registeel|Registeel|100/100
|
|upkeep
|turn|2
|
|t:|1665874880
|move|p1a: Crobat|U-turn|p2a: Registeel
|-resisted|p2a: Registeel
|-damage|p2a: Registeel|90/100
|
|t:|1665874882
|switch|p1a: Porygon-Z|Porygon-Z|100/100|[from]move: U-turn
|move|p2a: Registeel|Stealth Rock|p1a: Porygon-Z
|-sidestart|p1: Ren19|move: Stealth Rock
|
|-heal|p2a: Registeel|96/100|[from] item: Leftovers
|upkeep
|turn|3
|
|t:|1665874887
|move|p2a: Registeel|Protect|p2a: Registeel
|-singleturn|p2a: Registeel|Protect
|move|p1a: Porygon-Z|Trick|p2a: Registeel
|-activate|p2a: Registeel|move: Protect
|
|-heal|p2a: Registeel|100/100|[from] item: Leftovers
|upkeep
|turn|4
|
|t:|1665874895
|switch|p1a: Rhyperior|Rhyperior, F|100/100
|-damage|p1a: Rhyperior|94/100|[from] Stealth Rock
|switch|p2a: Weezing|Weezing-Galar, F|100/100
|
|upkeep
|turn|5
|
|t:|1665874902
|move|p2a: Weezing|Will-O-Wisp|p1a: Rhyperior
|-status|p1a: Rhyperior|brn
|move|p1a: Rhyperior|Stealth Rock|p2a: Weezing
|-sidestart|p2: purple mountains|move: Stealth Rock
|
|-damage|p1a: Rhyperior|88/100 brn|[from] brn
|upkeep
|turn|6
|
|t:|1665874910
|switch|p1a: Crobat|Crobat, M|100/100
|-damage|p1a: Crobat|76/100|[from] Stealth Rock
|move|p2a: Weezing|Toxic Spikes|p1a: Crobat
|-sidestart|p1: Ren19|move: Toxic Spikes
|
|upkeep
|turn|7
|
|t:|1665874918
|move|p1a: Crobat|U-turn|p2a: Weezing
|-resisted|p2a: Weezing
|-damage|p2a: Weezing|96/100
|
|t:|1665874920
|switch|p1a: Burakki|Umbreon, M|100/100|[from]move: U-turn
|-damage|p1a: Burakki|88/100|[from] Stealth Rock
|-status|p1a: Burakki|psn
|move|p2a: Weezing|Will-O-Wisp||[still]
|-fail|p2a: Weezing
|
|-heal|p1a: Burakki|94/100 psn|[from] item: Leftovers
|-heal|p2a: Weezing|100/100|[from] item: Black Sludge
|-damage|p1a: Burakki|82/100 psn|[from] psn
|upkeep
|turn|8
|
|t:|1665874929
|switch|p2a: Suicune|Suicune|100/100
|-damage|p2a: Suicune|88/100|[from] Stealth Rock
|-ability|p2a: Suicune|Pressure
|move|p1a: Burakki|Heal Bell|p1a: Burakki
|-activate|p1a: Burakki|move: Heal Bell
|-curestatus|p1a: Burakki|psn|[msg]
|-curestatus|p1: Rhyperior|brn|[msg]
|
|-heal|p2a: Suicune|94/100|[from] item: Leftovers
|-heal|p1a: Burakki|88/100|[from] item: Leftovers
|upkeep
|turn|9
|
|t:|1665874937
|switch|p1a: Crobat|Crobat, M|76/100
|-damage|p1a: Crobat|51/100|[from] Stealth Rock
|move|p2a: Suicune|Substitute|p2a: Suicune
|-start|p2a: Suicune|Substitute
|-damage|p2a: Suicune|69/100
|
|-heal|p2a: Suicune|75/100|[from] item: Leftovers
|upkeep
|turn|10
|
|t:|1665874941
|move|p1a: Crobat|Defog|p2a: Suicune
|-unboost|p2a: Suicune|evasion|1
|-sideend|p2: purple mountains|Stealth Rock|[from] move: Defog|[of] p1a: Crobat
|-sideend|p1: Ren19|Toxic Spikes|[from] move: Defog|[of] p1a: Crobat
|-sideend|p1: Ren19|Stealth Rock|[from] move: Defog|[of] p1a: Crobat
|move|p2a: Suicune|Scald|p1a: Crobat
|-damage|p1a: Crobat|17/100
|-status|p1a: Crobat|brn
|
|-heal|p2a: Suicune|82/100|[from] item: Leftovers
|-damage|p1a: Crobat|11/100 brn|[from] brn
|upkeep
|turn|11
|
|t:|1665874946
|switch|p1a: Reuniclus|Reuniclus, F|100/100
|move|p2a: Suicune|Calm Mind|p2a: Suicune
|-boost|p2a: Suicune|spa|1
|-boost|p2a: Suicune|spd|1
|
|-heal|p2a: Suicune|88/100|[from] item: Leftovers
|upkeep
|turn|12
|
|t:|1665874954
|switch|p2a: Dhelmise|Dhelmise|100/100
|move|p1a: Reuniclus|Calm Mind|p1a: Reuniclus
|-boost|p1a: Reuniclus|spa|1
|-boost|p1a: Reuniclus|spd|1
|
|upkeep
|turn|13
|
|t:|1665874957
|switch|p1a: Crobat|Crobat, M|11/100 brn
|move|p2a: Dhelmise|Poltergeist|p1a: Crobat
|-activate|p1a: Crobat|move: Poltergeist|Choice Band
|-damage|p1a: Crobat|0 fnt
|faint|p1a: Crobat
|
|upkeep
|
|t:|1665874965
|switch|p1a: Burakki|Umbreon, M|88/100
|turn|14
|
|t:|1665874968
|switch|p2a: Weezing|Weezing-Galar, F|100/100
|move|p1a: Burakki|Foul Play|p2a: Weezing
|-resisted|p2a: Weezing
|-damage|p2a: Weezing|92/100
|
|-heal|p1a: Burakki|94/100|[from] item: Leftovers
|-heal|p2a: Weezing|98/100|[from] item: Black Sludge
|upkeep
|turn|15
|
|t:|1665874974
|switch|p1a: Rhyperior|Rhyperior, F|88/100
|move|p2a: Weezing|Toxic Spikes|p1a: Rhyperior
|-sidestart|p1: Ren19|move: Toxic Spikes
|
|-heal|p2a: Weezing|100/100|[from] item: Black Sludge
|upkeep
|turn|16
|
|t:|1665874977
|move|p2a: Weezing|Will-O-Wisp|p1a: Rhyperior
|-status|p1a: Rhyperior|brn
|move|p1a: Rhyperior|Earthquake|p2a: Weezing
|-immune|p2a: Weezing|[from] ability: Levitate
|
|-damage|p1a: Rhyperior|82/100 brn|[from] brn
|upkeep
|turn|17
|
|t:|1665874984
|switch|p2a: Dhelmise|Dhelmise|100/100
|move|p1a: Rhyperior|Stealth Rock|p2a: Dhelmise
|-sidestart|p2: purple mountains|move: Stealth Rock
|
|-damage|p1a: Rhyperior|76/100 brn|[from] brn
|upkeep
|turn|18
|
|t:|1665874987
|move|p2a: Dhelmise|Rapid Spin|p1a: Rhyperior
|-resisted|p1a: Rhyperior
|-damage|p1a: Rhyperior|70/100 brn
|-boost|p2a: Dhelmise|spe|1
|-damage|p2a: Dhelmise|84/100|[from] item: Rocky Helmet|[of] p1a: Rhyperior
|-sideend|p2: purple mountains|Stealth Rock|[from] move: Rapid Spin|[of] p2a: Dhelmise
|move|p1a: Rhyperior|Dragon Tail|p2a: Dhelmise
|-damage|p2a: Dhelmise|74/100
|drag|p2a: Weezing|Weezing-Galar, F|100/100
|
|-damage|p1a: Rhyperior|64/100 brn|[from] brn
|upkeep
|turn|19
|
|t:|1665874997
|switch|p2a: Dhelmise|Dhelmise|74/100
|move|p1a: Rhyperior|Stealth Rock|p2a: Dhelmise
|-sidestart|p2: purple mountains|move: Stealth Rock
|
|-damage|p1a: Rhyperior|58/100 brn|[from] brn
|upkeep
|turn|20
|
|t:|1665875004
|move|p2a: Dhelmise|Power Whip|p1a: Rhyperior
|-supereffective|p1a: Rhyperior
|-damage|p1a: Rhyperior|0 fnt
|-damage|p2a: Dhelmise|58/100|[from] item: Rocky Helmet|[of] p1a: Rhyperior
|faint|p1a: Rhyperior
|
|upkeep
|
|t:|1665875009
|switch|p1a: Reuniclus|Reuniclus, F|100/100
|-status|p1a: Reuniclus|psn
|turn|21
|
|t:|1665875014
|move|p2a: Dhelmise|Poltergeist|p1a: Reuniclus
|-activate|p1a: Reuniclus|move: Poltergeist|Leftovers
|-supereffective|p1a: Reuniclus
|-damage|p1a: Reuniclus|17/100 psn
|move|p1a: Reuniclus|Recover|p1a: Reuniclus
|-heal|p1a: Reuniclus|67/100 psn
|
|-heal|p1a: Reuniclus|73/100 psn|[from] item: Leftovers
|upkeep
|turn|22
|
|t:|1665875020
|switch|p1a: Porygon-Z|Porygon-Z|100/100
|-status|p1a: Porygon-Z|psn
|move|p2a: Dhelmise|Poltergeist|p1a: Porygon-Z
|-immune|p1a: Porygon-Z
|
|-damage|p1a: Porygon-Z|88/100 psn|[from] psn
|upkeep
|turn|23
|
|t:|1665875024
|switch|p2a: Registeel|Registeel|100/100
|-damage|p2a: Registeel|94/100|[from] Stealth Rock
|move|p1a: Porygon-Z|Shadow Ball|p2a: Registeel
|-damage|p2a: Registeel|80/100
|
|-heal|p2a: Registeel|86/100|[from] item: Leftovers
|-damage|p1a: Porygon-Z|76/100 psn|[from] psn
|upkeep
|turn|24
|c|☆Ren19|gg
|-message|Ren19 forfeited.
|
|win|purple mountains
|raw|Ren19's rating: 1434 &rarr; <strong>1421</strong><br />(-13 for losing)
|raw|purple mountains's rating: 1559 &rarr; <strong>1572</strong><br />(+13 for winning)
|l|☆Ren19
|c|☆purple mountains|gg
|c|☆purple mountains|gg
