|j|☆SandmanThe2nd
|j|☆R3d_VGC
|t:|1664661782
|gametype|singles
|player|p1|SandmanThe2nd|102|1130
|player|p2|R3d_VGC|1|1478
|teamsize|p1|6
|teamsize|p2|6
|gen|8
|tier|[Gen 8] RU
|rated|
|rule|Sleep Clause Mod: Limit one foe put to sleep
|rule|Species Clause: Limit one of each Pokémon
|rule|OHKO Clause: OHKO moves are banned
|rule|Evasion Items Clause: Evasion items are banned
|rule|Evasion Moves Clause: Evasion moves are banned
|rule|Endless Battle Clause: Forcing endless battles is banned
|rule|HP Percentage Mod: HP is shown in percentages
|rule|Dynamax Clause: You cannot dynamax
|clearpoke
|poke|p1|Gardevoir, F|
|poke|p1|Crobat, M|
|poke|p1|Flygon, M|
|poke|p1|Incineroar, M|
|poke|p1|Heliolisk, M|
|poke|p1|Registeel|
|poke|p2|Lucario, F|
|poke|p2|Slurpuff, F|
|poke|p2|Incineroar, M|
|poke|p2|Milotic, F|
|poke|p2|Tsareena, F|
|poke|p2|Polteageist|
|teampreview
|inactive|Battle timer is ON: inactive players will automatically lose when time's up. (requested by SandmanThe2nd)
|
|t:|1664661814
|start
|switch|p1a: Crispy Bacon|Incineroar, M, shiny|100/100
|switch|p2a: Slurpuff|Slurpuff, F|100/100
|-ability|p1a: Crispy Bacon|Intimidate|boost
|-unboost|p2a: Slurpuff|atk|1
|turn|1
|
|t:|1664661825
|move|p1a: Crispy Bacon|Swords Dance|p1a: Crispy Bacon
|-boost|p1a: Crispy Bacon|atk|2
|move|p2a: Slurpuff|Sticky Web|p1a: Crispy Bacon
|-sidestart|p1: SandmanThe2nd|move: Sticky Web
|
|upkeep
|turn|2
|
|t:|1664661838
|switch|p1a: Not a Swoobat|Crobat, M, shiny|100/100
|switch|p2a: Incineroar|Incineroar, M|100/100
|-ability|p2a: Incineroar|Intimidate|boost
|-fail|p1a: Not a Swoobat|unboost|Attack|[from] ability: Inner Focus|[of] p1a: Not a Swoobat
|
|upkeep
|turn|3
|
|t:|1664661857
|move|p1a: Not a Swoobat|Defog|p2a: Incineroar
|-unboost|p2a: Incineroar|evasion|1
|-sideend|p1: SandmanThe2nd|Sticky Web|[from] move: Defog|[of] p1a: Not a Swoobat
|move|p2a: Incineroar|Will-O-Wisp|p1a: Not a Swoobat
|-status|p1a: Not a Swoobat|brn
|
|-damage|p1a: Not a Swoobat|94/100 brn|[from] brn
|upkeep
|turn|4
|inactive|R3d_VGC has 120 seconds left.
|
|t:|1664661890
|move|p1a: Not a Swoobat|U-turn|p2a: Incineroar
|-damage|p2a: Incineroar|92/100
|
|t:|1664661898
|switch|p1a: Favorite|Flygon, M, shiny|100/100|[from]move: U-turn
|move|p2a: Incineroar|Flare Blitz|p1a: Favorite
|-resisted|p1a: Favorite
|-damage|p1a: Favorite|58/100
|-damage|p2a: Incineroar|82/100|[from] Recoil
|
|-heal|p2a: Incineroar|88/100|[from] item: Leftovers
|upkeep
|turn|5
|inactive|R3d_VGC has 120 seconds left.
|
|t:|1664661923
|switch|p2a: Tsareena|Tsareena, F|100/100
|move|p1a: Favorite|Dragon Dance|p1a: Favorite
|-boost|p1a: Favorite|atk|1
|-boost|p1a: Favorite|spe|1
|
|upkeep
|turn|6
|
|t:|1664661936
|move|p1a: Favorite|Dragon Dance|p1a: Favorite
|-boost|p1a: Favorite|atk|1
|-boost|p1a: Favorite|spe|1
|move|p2a: Tsareena|Triple Axel|p1a: Favorite|[miss]
|-miss|p2a: Tsareena|p1a: Favorite
|
|upkeep
|turn|7
|
|t:|1664661945
|switch|p2a: Incineroar|Incineroar, M|88/100
|-ability|p2a: Incineroar|Intimidate|boost
|-unboost|p1a: Favorite|atk|1
|move|p1a: Favorite|Earthquake|p2a: Incineroar
|-supereffective|p2a: Incineroar
|-damage|p2a: Incineroar|0 fnt
|faint|p2a: Incineroar
|
|upkeep
|
|t:|1664661948
|switch|p2a: Tsareena|Tsareena, F|100/100
|turn|8
|
|t:|1664661955
|move|p1a: Favorite|Earthquake|p2a: Tsareena
|-resisted|p2a: Tsareena
|-damage|p2a: Tsareena|65/100
|move|p2a: Tsareena|Triple Axel|p1a: Favorite
|-supereffective|p1a: Favorite
|-damage|p1a: Favorite|22/100
|-supereffective|p1a: Favorite
|-damage|p1a: Favorite|0 fnt
|faint|p1a: Favorite
|-hitcount|p1: Favorite|2
|
|upkeep
|
|t:|1664661966
|switch|p1a: Not a Swoobat|Crobat, M, shiny|94/100 brn
|turn|9
|
|t:|1664661971
|move|p1a: Not a Swoobat|U-turn|p2a: Tsareena
|-supereffective|p2a: Tsareena
|-damage|p2a: Tsareena|49/100
|
|t:|1664661987
|switch|p1a: Crispy Bacon|Incineroar, M, shiny|100/100|[from]move: U-turn
|-ability|p1a: Crispy Bacon|Intimidate|boost
|-unboost|p2a: Tsareena|atk|1
|move|p2a: Tsareena|Triple Axel|p1a: Crispy Bacon|[miss]
|-miss|p2a: Tsareena|p1a: Crispy Bacon
|
|upkeep
|turn|10
|
|t:|1664661995
|move|p1a: Crispy Bacon|Flare Blitz|p2a: Tsareena
|-supereffective|p2a: Tsareena
|-damage|p2a: Tsareena|0 fnt
|faint|p2a: Tsareena
|-damage|p1a: Crispy Bacon|84/100|[from] Recoil
|
|upkeep
|
|t:|1664662000
|switch|p2a: Lucario|Lucario, F|100/100
|turn|11
|
|t:|1664662002
|move|p1a: Crispy Bacon|Flare Blitz|p2a: Lucario
|-supereffective|p2a: Lucario
|-damage|p2a: Lucario|0 fnt
|faint|p2a: Lucario
|-damage|p1a: Crispy Bacon|56/100|[from] Recoil
|
|upkeep
|
|t:|1664662010
|switch|p2a: Milotic|Milotic, F|100/100
|turn|12
|
|t:|1664662021
|switch|p1a: BIG MAC|Registeel|100/100
|move|p2a: Milotic|Scald|p1a: BIG MAC
|-damage|p1a: BIG MAC|77/100
|
|-heal|p1a: BIG MAC|83/100|[from] item: Leftovers
|upkeep
|turn|13
|
|t:|1664662028
|switch|p1a: Chalupa|Heliolisk, M, shiny|100/100
|move|p2a: Milotic|Scald|p1a: Chalupa
|-immune|p1a: Chalupa|[from] ability: Dry Skin
|
|upkeep
|turn|14
|
|t:|1664662038
|move|p1a: Chalupa|Thunderbolt|p2a: Milotic
|-supereffective|p2a: Milotic
|-damage|p2a: Milotic|46/100
|move|p2a: Milotic|Ice Beam|p1a: Chalupa
|-damage|p1a: Chalupa|65/100
|
|upkeep
|turn|15
|
|t:|1664662044
|move|p1a: Chalupa|Thunderbolt|p2a: Milotic
|-supereffective|p2a: Milotic
|-damage|p2a: Milotic|0 fnt
|faint|p2a: Milotic
|
|upkeep
|
|t:|1664662053
|switch|p2a: Slurpuff|Slurpuff, F|100/100
|turn|16
|
|t:|1664662059
|move|p1a: Chalupa|Thunderbolt|p2a: Slurpuff
|-damage|p2a: Slurpuff|46/100
|-enditem|p2a: Slurpuff|Sitrus Berry|[eat]
|-heal|p2a: Slurpuff|71/100|[from] item: Sitrus Berry
|move|p2a: Slurpuff|Belly Drum|p2a: Slurpuff
|-damage|p2a: Slurpuff|21/100
|-setboost|p2a: Slurpuff|atk|6|[from] move: Belly Drum
|
|upkeep
|turn|17
|
|t:|1664662067
|move|p2a: Slurpuff|Drain Punch|p1a: Chalupa
|-supereffective|p1a: Chalupa
|-damage|p1a: Chalupa|0 fnt
|-heal|p2a: Slurpuff|45/100|[from] drain|[of] p1a: Chalupa
|faint|p1a: Chalupa
|
|upkeep
|
|t:|1664662086
|switch|p1a: Not a Swoobat|Crobat, M, shiny|94/100 brn
|turn|18
|
|t:|1664662089
|move|p2a: Slurpuff|Play Rough|p1a: Not a Swoobat
|-resisted|p1a: Not a Swoobat
|-damage|p1a: Not a Swoobat|23/100 brn
|move|p1a: Not a Swoobat|Brave Bird|p2a: Slurpuff
|-damage|p2a: Slurpuff|21/100
|-damage|p1a: Not a Swoobat|15/100 brn|[from] Recoil
|
|-damage|p1a: Not a Swoobat|9/100 brn|[from] brn
|upkeep
|turn|19
|
|t:|1664662110
|move|p2a: Slurpuff|Drain Punch|p1a: Not a Swoobat
|-resisted|p1a: Not a Swoobat
|-damage|p1a: Not a Swoobat|0 fnt
|-heal|p2a: Slurpuff|25/100|[from] drain|[of] p1a: Not a Swoobat
|faint|p1a: Not a Swoobat
|
|upkeep
|
|t:|1664662117
|switch|p1a: BIG MAC|Registeel|83/100
|turn|20
|
|t:|1664662120
|move|p2a: Slurpuff|Drain Punch|p1a: BIG MAC
|-supereffective|p1a: BIG MAC
|-damage|p1a: BIG MAC|1/100
|-heal|p2a: Slurpuff|67/100|[from] drain|[of] p1a: BIG MAC
|move|p1a: BIG MAC|Heavy Slam|p2a: Slurpuff
|-supereffective|p2a: Slurpuff
|-damage|p2a: Slurpuff|0 fnt
|faint|p2a: Slurpuff
|
|-heal|p1a: BIG MAC|7/100|[from] item: Leftovers
|upkeep
|
|t:|1664662126
|switch|p2a: Polteageist|Polteageist|100/100
|turn|21
|
|t:|1664662131
|move|p2a: Polteageist|Shell Smash|p2a: Polteageist
|-unboost|p2a: Polteageist|def|1
|-unboost|p2a: Polteageist|spd|1
|-boost|p2a: Polteageist|atk|2
|-boost|p2a: Polteageist|spa|2
|-boost|p2a: Polteageist|spe|2
|move|p1a: BIG MAC|Heavy Slam|p2a: Polteageist
|-damage|p2a: Polteageist|3/100
|-ability|p2a: Polteageist|Weak Armor|boost
|-unboost|p2a: Polteageist|def|1
|-boost|p2a: Polteageist|spe|2
|
|-heal|p1a: BIG MAC|13/100|[from] item: Leftovers
|upkeep
|turn|22
|
|t:|1664662144
|move|p2a: Polteageist|Shadow Ball|p1a: BIG MAC
|-damage|p1a: BIG MAC|0 fnt
|faint|p1a: BIG MAC
|
|upkeep
|
|t:|1664662148
|switch|p1a: Big Helmet|Gardevoir, F, shiny|100/100
|-ability|p1a: Big Helmet|Weak Armor|[from] ability: Trace|[of] p2a: Polteageist
|turn|23
|
|t:|1664662156
|move|p2a: Polteageist|Shadow Ball|p1a: Big Helmet
|-supereffective|p1a: Big Helmet
|-damage|p1a: Big Helmet|0 fnt
|faint|p1a: Big Helmet
|
|upkeep
|
|t:|1664662161
|switch|p1a: Crispy Bacon|Incineroar, M, shiny|56/100
|-ability|p1a: Crispy Bacon|Intimidate|boost
|-unboost|p2a: Polteageist|atk|1
|turn|24
|
|t:|1664662167
|move|p2a: Polteageist|Shadow Ball|p1a: Crispy Bacon
|-resisted|p1a: Crispy Bacon
|-damage|p1a: Crispy Bacon|0 fnt
|faint|p1a: Crispy Bacon
|
|win|R3d_VGC
|raw|SandmanThe2nd's rating: 1130 &rarr; <strong>1124</strong><br />(-6 for losing)
|raw|R3d_VGC's rating: 1478 &rarr; <strong>1483</strong><br />(+5 for winning)
|c|☆R3d_VGC|gg
|l|☆SandmanThe2nd
