|j|☆whistling
|j|☆Hayki13
|inactive|Battle timer is ON: inactive players will automatically lose when time's up.
|t:|1607968974
|player|p1|whistling|proton|
|player|p2|Hayki13|169|
|teamsize|p1|6
|teamsize|p2|6
|gametype|singles
|gen|8
|tier|[Gen 8] RU
|rated|Tournament battle
|clearpoke
|poke|p1|Registeel|
|poke|p1|Golisopod, M|
|poke|p1|Xurkitree|
|poke|p1|Zarude|
|poke|p1|Slowking, M|
|poke|p1|Togekiss, F|
|poke|p2|Golisopod, M|
|poke|p2|Chandelure, F|
|poke|p2|Steelix, M|
|poke|p2|Zarude|
|poke|p2|Weezing-Galar, M|
|poke|p2|Xurkitree|
|rule|Sleep Clause Mod: Limit one foe put to sleep
|rule|Species Clause: Limit one of each Pokémon
|rule|OHKO Clause: OHKO moves are banned
|rule|Evasion Moves Clause: Evasion moves are banned
|rule|Endless Battle Clause: Forcing endless battles is banned
|rule|HP Percentage Mod: HP is shown in percentages
|rule|Dynamax Clause: You cannot dynamax
|teampreview
|j| LarsoTubeJeanLouis
|c|☆whistling|hf
|c|☆Hayki13|u2
|
|t:|1607968985
|start
|switch|p1a: Golisopod|Golisopod, M|100/100
|switch|p2a: Xurkitree|Xurkitree|100/100
|turn|1
|j|%zizalith✿
|j| A floor mat
|c| LarsoTubeJeanLouis|i like how simular the teams look
|
|t:|1607969009
|switch|p2a: Weezing|Weezing-Galar, M|100/100
|switch|p1a: Zarude|Zarude|100/100
|
|upkeep
|turn|2
|c|%zizalith✿|ya thats just ss ru
|c| A floor mat|damn hayki team looking fire!!!!!!!!!!!
|j| jaytop31
|l| jaytop31
|
|t:|1607969027
|move|p1a: Zarude|U-turn|p2a: Weezing
|-resisted|p2a: Weezing
|-damage|p2a: Weezing|97/100
|
|t:|1607969030
|switch|p1a: Slowking|Slowking, M|100/100|[from]move: U-turn
|move|p2a: Weezing|Will-O-Wisp|p1a: Slowking
|-status|p1a: Slowking|brn
|
|-heal|p2a: Weezing|100/100|[from] item: Black Sludge
|-damage|p1a: Slowking|94/100 brn|[from] brn
|upkeep
|turn|3
|j| Gva
|
|t:|1607969045
|switch|p2a: Xurkitree|Xurkitree|100/100
|move|p1a: Slowking|Future Sight|p2a: Xurkitree
|-start|p1a: Slowking|move: Future Sight
|
|-damage|p1a: Slowking|88/100 brn|[from] brn
|upkeep
|turn|4
|c| LarsoTubeJeanLouis|hey look chip is chip
|
|t:|1607969050
|move|p2a: Xurkitree|Volt Switch|p1a: Slowking
|-supereffective|p1a: Slowking
|-damage|p1a: Slowking|12/100 brn
|
|t:|1607969058
|switch|p2a: Zarude|Zarude|100/100|[from]move: Volt Switch
|move|p1a: Slowking|Teleport|p1a: Slowking
|
|t:|1607969061
|switch|p1a: Golisopod|Golisopod, M|100/100|[from]move: Teleport
|
|upkeep
|turn|5
|
|t:|1607969067
|switch|p2a: Steelix|Steelix, M|100/100
|move|p1a: Golisopod|First Impression|p2a: Steelix
|-resisted|p2a: Steelix
|-damage|p2a: Steelix|86/100
|
|-end|p2a: Steelix|move: Future Sight
|-resisted|p2a: Steelix
|-damage|p2a: Steelix|66/100
|-heal|p2a: Steelix|72/100|[from] item: Leftovers
|upkeep
|turn|6
|
|t:|1607969072
|move|p1a: Golisopod|Knock Off|p2a: Steelix
|-damage|p2a: Steelix|52/100
|-enditem|p2a: Steelix|Leftovers|[from] move: Knock Off|[of] p1a: Golisopod
|move|p2a: Steelix|Stealth Rock|p1a: Golisopod
|-sidestart|p1: whistling|move: Stealth Rock
|
|upkeep
|turn|7
|
|t:|1607969093
|move|p1a: Golisopod|Knock Off|p2a: Steelix
|-crit|p2a: Steelix
|-damage|p2a: Steelix|33/100
|move|p2a: Steelix|Roar|p1a: Golisopod
|drag|p1a: Slowking|Slowking, M|45/100 brn
|
|-damage|p1a: Slowking|39/100 brn|[from] brn
|upkeep
|turn|8
|
|t:|1607969105
|switch|p2a: Xurkitree|Xurkitree|100/100
|move|p1a: Slowking|Teleport|p1a: Slowking
|
|t:|1607969107
|switch|p1a: Registeel|Registeel|100/100|[from]move: Teleport
|-damage|p1a: Registeel|94/100|[from] Stealth Rock
|
|-heal|p1a: Registeel|100/100|[from] item: Leftovers
|upkeep
|turn|9
|
|t:|1607969118
|move|p2a: Xurkitree|Volt Switch|p1a: Registeel
|-damage|p1a: Registeel|79/100
|
|t:|1607969132
|switch|p2a: Steelix|Steelix, M|33/100|[from]move: Volt Switch
|move|p1a: Registeel|Stealth Rock|p2a: Steelix
|-sidestart|p2: Hayki13|move: Stealth Rock
|
|-heal|p1a: Registeel|85/100|[from] item: Leftovers
|upkeep
|turn|10
|
|t:|1607969146
|switch|p1a: Slowking|Slowking, M|73/100 brn
|switch|p2a: Zarude|Zarude|100/100
|-damage|p2a: Zarude|88/100|[from] Stealth Rock
|
|-heal|p2a: Zarude|94/100|[from] item: Leftovers
|-damage|p1a: Slowking|66/100 brn|[from] brn
|upkeep
|turn|11
|
|t:|1607969151
|switch|p1a: Togekiss|Togekiss, F|100/100
|move|p2a: Zarude|Bulk Up|p2a: Zarude
|-boost|p2a: Zarude|atk|1
|-boost|p2a: Zarude|def|1
|
|-heal|p2a: Zarude|99/100|[from] item: Leftovers
|upkeep
|turn|12
|j| alpraush1
|
|t:|1607969159
|switch|p2a: Steelix|Steelix, M|33/100
|-damage|p2a: Steelix|30/100|[from] Stealth Rock
|move|p1a: Togekiss|Air Slash|p2a: Steelix
|-resisted|p2a: Steelix
|-damage|p2a: Steelix|16/100
|
|upkeep
|turn|13
|
|t:|1607969178
|switch|p2a: Weezing|Weezing-Galar, M|100/100
|-damage|p2a: Weezing|88/100|[from] Stealth Rock
|move|p1a: Togekiss|Air Slash|p2a: Weezing
|-damage|p2a: Weezing|56/100
|
|-heal|p2a: Weezing|62/100|[from] item: Black Sludge
|upkeep
|turn|14
|
|t:|1607969183
|move|p1a: Togekiss|Air Slash|p2a: Weezing
|-damage|p2a: Weezing|28/100
|cant|p2a: Weezing|flinch
|
|-heal|p2a: Weezing|34/100|[from] item: Black Sludge
|upkeep
|turn|15
|
|t:|1607969188
|move|p1a: Togekiss|Air Slash|p2a: Weezing
|-damage|p2a: Weezing|2/100
|cant|p2a: Weezing|flinch
|
|-heal|p2a: Weezing|8/100|[from] item: Black Sludge
|upkeep
|turn|16
|c| A floor mat|oo big flinch
|j| ILoveVileplume
|
|t:|1607969197
|move|p1a: Togekiss|Air Slash|p2a: Weezing
|-damage|p2a: Weezing|0 fnt
|faint|p2a: Weezing
|
|upkeep
|c| alpraush1|flinch galore
|
|t:|1607969208
|switch|p2a: Xurkitree|Xurkitree|100/100
|-damage|p2a: Xurkitree|88/100|[from] Stealth Rock
|turn|17
|
|t:|1607969214
|switch|p1a: Registeel|Registeel|85/100
|-damage|p1a: Registeel|79/100|[from] Stealth Rock
|move|p2a: Xurkitree|Thunderbolt|p1a: Registeel
|-crit|p1a: Registeel
|-damage|p1a: Registeel|30/100
|
|-heal|p1a: Registeel|36/100|[from] item: Leftovers
|upkeep
|turn|18
|c|☆Hayki13|sorry
|
|t:|1607969227
|switch|p2a: Chandelure|Chandelure, F|100/100
|move|p1a: Registeel|Earthquake|p2a: Chandelure
|-supereffective|p2a: Chandelure
|-damage|p2a: Chandelure|44/100
|
|-heal|p1a: Registeel|42/100|[from] item: Leftovers
|upkeep
|turn|19
|
|t:|1607969235
|move|p2a: Chandelure|Shadow Ball|p1a: Registeel
|-crit|p1a: Registeel
|-damage|p1a: Registeel|4/100
|move|p1a: Registeel|Earthquake|p2a: Chandelure
|-supereffective|p2a: Chandelure
|-damage|p2a: Chandelure|0 fnt
|faint|p2a: Chandelure
|
|-heal|p1a: Registeel|10/100|[from] item: Leftovers
|upkeep
|
|t:|1607969240
|switch|p2a: Xurkitree|Xurkitree|88/100
|-damage|p2a: Xurkitree|76/100|[from] Stealth Rock
|turn|20
|
|t:|1607969245
|move|p2a: Xurkitree|Volt Switch|p1a: Registeel
|-damage|p1a: Registeel|0 fnt
|faint|p1a: Registeel
|-ability|p2a: Xurkitree|Beast Boost|boost
|-boost|p2a: Xurkitree|spa|1
|
|t:|1607969251
|switch|p2a: Golisopod|Golisopod, M|100/100|[from]move: Volt Switch
|-damage|p2a: Golisopod|76/100|[from] Stealth Rock
|
|upkeep
|l| Gva
|
|t:|1607969262
|switch|p1a: Golisopod|Golisopod, M|100/100
|turn|21
|
|t:|1607969269
|move|p1a: Golisopod|First Impression|p2a: Golisopod
|-crit|p2a: Golisopod
|-damage|p2a: Golisopod|18/100
|-activate|p2a: Golisopod|ability: Emergency Exit
|
|t:|1607969279
|switch|p2a: Xurkitree|Xurkitree|76/100
|-damage|p2a: Xurkitree|63/100|[from] Stealth Rock
|
|upkeep
|turn|22
|c| LarsoTubeJeanLouis|thats a dead golisopod
|
|t:|1607969286
|switch|p1a: Zarude|Zarude|100/100
|move|p2a: Xurkitree|Dazzling Gleam|p1a: Zarude
|-supereffective|p1a: Zarude
|-damage|p1a: Zarude|33/100
|
|upkeep
|turn|23
|
|t:|1607969295
|switch|p2a: Zarude|Zarude|99/100
|-damage|p2a: Zarude|88/100|[from] Stealth Rock
|move|p1a: Zarude|U-turn|p2a: Zarude
|-supereffective|p2a: Zarude
|-damage|p2a: Zarude|0 fnt
|faint|p2a: Zarude
|
|t:|1607969301
|switch|p1a: Golisopod|Golisopod, M|100/100|[from]move: U-turn
|
|upkeep
|c| alpraush1|good double predicts
|l|%zizalith✿
|
|t:|1607969321
|switch|p2a: Steelix|Steelix, M|16/100
|-damage|p2a: Steelix|13/100|[from] Stealth Rock
|turn|24
|c| LarsoTubeJeanLouis|he couldve switched into steelix
|
|t:|1607969326
|switch|p2a: Golisopod|Golisopod, M|18/100
|-damage|p2a: Golisopod|0 fnt|[from] Stealth Rock
|faint|p2a: Golisopod
|move|p1a: Golisopod|Close Combat|p2: Golisopod|[notarget]
|-fail|p1a: Golisopod
|
|upkeep
|
|t:|1607969328
|switch|p2a: Xurkitree|Xurkitree|63/100
|-damage|p2a: Xurkitree|51/100|[from] Stealth Rock
|turn|25
|c| LarsoTubeJeanLouis|or just stayed in'
|c|☆Hayki13|gg
|
|t:|1607969333
|switch|p1a: Zarude|Zarude|33/100
|move|p2a: Xurkitree|Thunderbolt|p1a: Zarude
|-resisted|p1a: Zarude
|-damage|p1a: Zarude|4/100
|
|upkeep
|turn|26
|c|☆whistling|gg
|
|t:|1607969338
|move|p2a: Xurkitree|Thunderbolt|p1a: Zarude
|-resisted|p1a: Zarude
|-damage|p1a: Zarude|0 fnt
|faint|p1a: Zarude
|-ability|p2a: Xurkitree|Beast Boost|boost
|-boost|p2a: Xurkitree|spa|1
|
|upkeep
|
|t:|1607969340
|switch|p1a: Golisopod|Golisopod, M|100/100
|turn|27
|
|t:|1607969346
|switch|p2a: Steelix|Steelix, M|13/100
|-damage|p2a: Steelix|10/100|[from] Stealth Rock
|move|p1a: Golisopod|First Impression|p2a: Steelix
|-resisted|p2a: Steelix
|-damage|p2a: Steelix|0 fnt
|faint|p2a: Steelix
|
|upkeep
|
|t:|1607969348
|switch|p2a: Xurkitree|Xurkitree|51/100
|-damage|p2a: Xurkitree|39/100|[from] Stealth Rock
|turn|28
|
|t:|1607969351
|switch|p1a: Xurkitree|Xurkitree|100/100
|-damage|p1a: Xurkitree|88/100|[from] Stealth Rock
|move|p2a: Xurkitree|Thunderbolt|p1a: Xurkitree
|-resisted|p1a: Xurkitree
|-damage|p1a: Xurkitree|42/100
|
|upkeep
|turn|29
|
|t:|1607969353
|move|p2a: Xurkitree|Thunderbolt|p1a: Xurkitree
|-resisted|p1a: Xurkitree
|-damage|p1a: Xurkitree|1/100
|move|p1a: Xurkitree|Energy Ball|p2a: Xurkitree
|-damage|p2a: Xurkitree|0 fnt
|faint|p2a: Xurkitree
|
|win|whistling
|n|☆whistling|whistling
|n|☆Hayki13|hayki13
|n| LarsoTubeJeanLouis|larsotubejeanlouis
|n| A floor mat|afloormat
|n| alpraush1|alpraush1
|n| ILoveVileplume|ilovevileplume
