|raw|<div class="broadcast-blue"><strong>This battle is required to be public due to a player having a name starting with 'rult70'.</div>
|j|☆rayenA69
|j|☆Rult70B evidith
|t:|1626895435
|gametype|singles
|player|p1|rayenA69|psychic-gen4|1218
|player|p2|Rult70B evidith|lass-gen4dp|1399
|teamsize|p1|6
|teamsize|p2|6
|gen|8
|tier|[Gen 8] RU
|rated|
|rule|Sleep Clause Mod: Limit one foe put to sleep
|rule|Species Clause: Limit one of each Pokémon
|rule|OHKO Clause: OHKO moves are banned
|rule|Evasion Moves Clause: Evasion moves are banned
|rule|Endless Battle Clause: Forcing endless battles is banned
|rule|HP Percentage Mod: HP is shown in percentages
|rule|Dynamax Clause: You cannot dynamax
|clearpoke
|poke|p1|Glastrier|
|poke|p1|Stakataka|
|poke|p1|Cresselia, F|
|poke|p1|Uxie|
|poke|p1|Marowak-Alola, F|
|poke|p1|Diancie|
|poke|p2|Indeedee, M|
|poke|p2|Mienshao, M|
|poke|p2|Whimsicott, F|
|poke|p2|Marowak-Alola, M|
|poke|p2|Starmie|
|poke|p2|Escavalier, M|
|teampreview
|
|t:|1626895448
|start
|switch|p1a: Uxie|Uxie|100/100
|switch|p2a: Indeedee|Indeedee, M|100/100
|-fieldstart|move: Psychic Terrain|[from] ability: Psychic Surge|[of] p2a: Indeedee
|turn|1
|
|t:|1626895459
|switch|p2a: Marowak|Marowak-Alola, M|100/100
|move|p1a: Uxie|Stealth Rock|p2a: Marowak
|-sidestart|p2: Rult70B evidith|move: Stealth Rock
|
|upkeep
|turn|2
|
|t:|1626895469
|switch|p1a: Diancie|Diancie|100/100
|move|p2a: Marowak|Stealth Rock|p1a: Diancie
|-sidestart|p1: rayenA69|move: Stealth Rock
|
|upkeep
|turn|3
|
|t:|1626895489
|move|p2a: Marowak|Poltergeist|p1a: Diancie
|-activate|p1a: Diancie|move: Poltergeist|Leftovers
|-damage|p1a: Diancie|52/100
|move|p1a: Diancie|Trick Room|p1a: Diancie
|-fieldstart|move: Trick Room|[of] p1a: Diancie
|
|-heal|p1a: Diancie|58/100|[from] item: Leftovers
|upkeep
|turn|4
|
|t:|1626895499
|switch|p2a: Escavalier|Escavalier, M|100/100
|move|p1a: Diancie|Misty Explosion|p2a: Escavalier
|-resisted|p2a: Escavalier
|-damage|p2a: Escavalier|86/100
|faint|p1a: Diancie
|
|upkeep
|
|t:|1626895508
|switch|p1a: Marowak|Marowak-Alola, F|100/100
|-damage|p1a: Marowak|76/100|[from] Stealth Rock
|turn|5
|
|t:|1626895518
|switch|p2a: Starmie|Starmie|100/100
|move|p1a: Marowak|Poltergeist|p2a: Starmie
|-activate|p2a: Starmie|move: Poltergeist|Heavy-Duty Boots
|-supereffective|p2a: Starmie
|-damage|p2a: Starmie|0 fnt
|faint|p2a: Starmie
|
|-fieldend|move: Psychic Terrain
|upkeep
|
|t:|1626895528
|switch|p2a: Indeedee|Indeedee, M|100/100
|-damage|p2a: Indeedee|88/100|[from] Stealth Rock
|-fieldstart|move: Psychic Terrain|[from] ability: Psychic Surge|[of] p2a: Indeedee
|turn|6
|
|t:|1626895549
|switch|p2a: Whimsicott|Whimsicott, F|100/100
|move|p1a: Marowak|Flare Blitz|p2a: Whimsicott
|-supereffective|p2a: Whimsicott
|-damage|p2a: Whimsicott|0 fnt
|faint|p2a: Whimsicott
|-damage|p1a: Marowak|49/100|[from] Recoil
|
|upkeep
|
|t:|1626895559
|switch|p2a: Mienshao|Mienshao, M|100/100
|-damage|p2a: Mienshao|95/100|[from] Stealth Rock
|turn|7
|
|t:|1626895566
|move|p1a: Marowak|Flare Blitz|p2a: Mienshao
|-damage|p2a: Mienshao|0 fnt
|faint|p2a: Mienshao
|-damage|p1a: Marowak|23/100|[from] Recoil
|
|-fieldend|move: Trick Room
|upkeep
|
|t:|1626895582
|switch|p2a: Marowak|Marowak-Alola, M|100/100
|-damage|p2a: Marowak|76/100|[from] Stealth Rock
|turn|8
|inactive|Battle timer is ON: inactive players will automatically lose when time's up. (requested by Rult70B evidith)
|
|t:|1626895621
|switch|p1a: Stakataka|Stakataka|100/100
|-damage|p1a: Stakataka|94/100|[from] Stealth Rock
|move|p2a: Marowak|Fire Punch|p1a: Stakataka
|-damage|p1a: Stakataka|60/100
|-status|p1a: Stakataka|brn
|
|-damage|p1a: Stakataka|54/100 brn|[from] brn
|upkeep
|turn|9
|
|t:|1626895640
|move|p2a: Marowak|Low Kick|p1a: Stakataka
|-supereffective|p1a: Stakataka
|-damage|p1a: Stakataka|0 fnt
|faint|p1a: Stakataka
|
|upkeep
|
|t:|1626895650
|switch|p1a: Uxie|Uxie|100/100
|-damage|p1a: Uxie|88/100|[from] Stealth Rock
|turn|10
|
|t:|1626895660
|move|p2a: Marowak|Poltergeist|p1a: Uxie
|-activate|p1a: Uxie|move: Poltergeist|Mental Herb
|-supereffective|p1a: Uxie
|-damage|p1a: Uxie|0 fnt
|faint|p1a: Uxie
|
|-fieldend|move: Psychic Terrain
|upkeep
|
|t:|1626895671
|switch|p1a: Cresselia|Cresselia, F|100/100
|-damage|p1a: Cresselia|88/100|[from] Stealth Rock
|turn|11
|
|t:|1626895678
|move|p2a: Marowak|Poltergeist|p1a: Cresselia
|-activate|p1a: Cresselia|move: Poltergeist|Colbur Berry
|-supereffective|p1a: Cresselia
|-damage|p1a: Cresselia|0 fnt
|faint|p1a: Cresselia
|
|upkeep
|
|t:|1626895685
|switch|p1a: Marowak|Marowak-Alola, F|23/100
|-damage|p1a: Marowak|0 fnt|[from] Stealth Rock
|faint|p1a: Marowak
|
|t:|1626895690
|switch|p1a: Glastrier|Glastrier|100/100
|turn|12
|
|t:|1626895696
|move|p2a: Marowak|Low Kick|p1a: Glastrier
|-supereffective|p1a: Glastrier
|-damage|p1a: Glastrier|16/100
|move|p1a: Glastrier|High Horsepower|p2a: Marowak
|-supereffective|p2a: Marowak
|-damage|p2a: Marowak|0 fnt
|faint|p2a: Marowak
|-ability|p1a: Glastrier|Chilling Neigh|boost
|-boost|p1a: Glastrier|atk|1
|
|upkeep
|
|t:|1626895699
|switch|p2a: Indeedee|Indeedee, M|88/100
|-damage|p2a: Indeedee|76/100|[from] Stealth Rock
|-fieldstart|move: Psychic Terrain|[from] ability: Psychic Surge|[of] p2a: Indeedee
|turn|13
|
|t:|1626895715
|move|p2a: Indeedee|Expanding Force|p1a: Glastrier
|-damage|p1a: Glastrier|0 fnt
|faint|p1a: Glastrier
|
|win|Rult70B evidith
|raw|rayenA69's rating: 1218 &rarr; <strong>1207</strong><br />(-11 for losing)
|raw|Rult70B evidith's rating: 1438 &rarr; <strong>1447</strong><br />(+9 for winning)
