|j|☆le_patrooon
|j|☆Drivetacos
|inactive|Battle timer is ON: inactive players will automatically lose when time's up.
|t:|1610655520
|player|p1|le_patrooon|lucas|
|player|p2|Drivetacos|elesa-gen5bw2|
|teamsize|p1|6
|teamsize|p2|6
|gametype|singles
|gen|8
|tier|[Gen 8] RU
|rated|Tournament battle
|clearpoke
|poke|p1|Cloyster, M|
|poke|p1|Weezing-Galar, F|
|poke|p1|Zygarde-10%|
|poke|p1|Registeel|
|poke|p1|Suicune|
|poke|p1|Celebi|
|poke|p2|Crobat, F|
|poke|p2|Zygarde-10%|
|poke|p2|Mienshao, M|
|poke|p2|Diancie|
|poke|p2|Raikou|
|poke|p2|Metagross|
|rule|Sleep Clause Mod: Limit one foe put to sleep
|rule|Species Clause: Limit one of each Pokémon
|rule|OHKO Clause: OHKO moves are banned
|rule|Evasion Moves Clause: Evasion moves are banned
|rule|Endless Battle Clause: Forcing endless battles is banned
|rule|HP Percentage Mod: HP is shown in percentages
|rule|Dynamax Clause: You cannot dynamax
|teampreview
|
|t:|1610655545
|start
|switch|p1a: Weezing|Weezing-Galar, F|100/100
|switch|p2a: Diancie|Diancie, shiny|100/100
|turn|1
|
|t:|1610655557
|move|p1a: Weezing|Will-O-Wisp|p2a: Diancie
|-status|p2a: Diancie|brn
|move|p2a: Diancie|Substitute|p2a: Diancie
|-start|p2a: Diancie|Substitute
|-damage|p2a: Diancie|76/100 brn
|
|-heal|p2a: Diancie|82/100 brn|[from] item: Leftovers
|-damage|p2a: Diancie|76/100 brn|[from] brn
|upkeep
|turn|2
|
|t:|1610655566
|move|p1a: Weezing|Sludge Bomb|p2a: Diancie
|-activate|p2a: Diancie|move: Substitute|[damage]
|move|p2a: Diancie|Diamond Storm|p1a: Weezing
|-damage|p1a: Weezing|83/100
|
|-heal|p2a: Diancie|82/100 brn|[from] item: Leftovers
|-damage|p2a: Diancie|76/100 brn|[from] brn
|upkeep
|turn|3
|
|t:|1610655581
|switch|p1a: Celebi|Celebi|100/100
|move|p2a: Diancie|Diamond Storm|p1a: Celebi
|-damage|p1a: Celebi|75/100
|-boost|p2a: Diancie|def|2
|
|-heal|p1a: Celebi|81/100|[from] item: Leftovers
|-heal|p2a: Diancie|82/100 brn|[from] item: Leftovers
|-damage|p2a: Diancie|76/100 brn|[from] brn
|upkeep
|turn|4
|
|t:|1610655593
|move|p1a: Celebi|Energy Ball|p2a: Diancie
|-supereffective|p2a: Diancie
|-end|p2a: Diancie|Substitute
|move|p2a: Diancie|Diamond Storm|p1a: Celebi
|-damage|p1a: Celebi|58/100
|-boost|p2a: Diancie|def|2
|
|-heal|p1a: Celebi|64/100|[from] item: Leftovers
|-heal|p2a: Diancie|82/100 brn|[from] item: Leftovers
|-damage|p2a: Diancie|76/100 brn|[from] brn
|upkeep
|turn|5
|
|t:|1610655604
|move|p1a: Celebi|Synthesis|p1a: Celebi
|-heal|p1a: Celebi|100/100
|move|p2a: Diancie|Body Press|p1a: Celebi
|-resisted|p1a: Celebi
|-damage|p1a: Celebi|82/100
|
|-heal|p1a: Celebi|88/100|[from] item: Leftovers
|-heal|p2a: Diancie|82/100 brn|[from] item: Leftovers
|-damage|p2a: Diancie|76/100 brn|[from] brn
|upkeep
|turn|6
|
|t:|1610655615
|move|p1a: Celebi|Energy Ball|p2a: Diancie
|-supereffective|p2a: Diancie
|-damage|p2a: Diancie|28/100 brn
|move|p2a: Diancie|Diamond Storm|p1a: Celebi
|-damage|p1a: Celebi|64/100
|-boost|p2a: Diancie|def|2
|
|-heal|p1a: Celebi|71/100|[from] item: Leftovers
|-heal|p2a: Diancie|34/100 brn|[from] item: Leftovers
|-damage|p2a: Diancie|28/100 brn|[from] brn
|upkeep
|turn|7
|
|t:|1610655626
|move|p1a: Celebi|Energy Ball|p2a: Diancie
|-supereffective|p2a: Diancie
|-damage|p2a: Diancie|0 fnt
|faint|p2a: Diancie
|
|-heal|p1a: Celebi|77/100|[from] item: Leftovers
|upkeep
|
|t:|1610655631
|switch|p2a: Crobat|Crobat, F|100/100
|turn|8
|
|t:|1610655636
|switch|p1a: Weezing|Weezing-Galar, F|83/100
|move|p2a: Crobat|Nasty Plot|p2a: Crobat
|-boost|p2a: Crobat|spa|2
|
|upkeep
|turn|9
|
|t:|1610655646
|move|p2a: Crobat|Air Slash|p1a: Weezing|[miss]
|-miss|p2a: Crobat|p1a: Weezing
|move|p1a: Weezing|Will-O-Wisp|p2a: Crobat
|-status|p2a: Crobat|brn
|
|-damage|p2a: Crobat|94/100 brn|[from] brn
|upkeep
|turn|10
|
|t:|1610655656
|switch|p1a: Registeel|Registeel|100/100
|move|p2a: Crobat|Air Slash|p1a: Registeel
|-resisted|p1a: Registeel
|-damage|p1a: Registeel|85/100
|
|-heal|p1a: Registeel|91/100|[from] item: Leftovers
|-damage|p2a: Crobat|88/100 brn|[from] brn
|upkeep
|turn|11
|
|t:|1610655664
|move|p2a: Crobat|Heat Wave|p1a: Registeel
|-supereffective|p1a: Registeel
|-damage|p1a: Registeel|34/100
|move|p1a: Registeel|Seismic Toss|p2a: Crobat
|-damage|p2a: Crobat|56/100 brn
|
|-heal|p1a: Registeel|40/100|[from] item: Leftovers
|-damage|p2a: Crobat|50/100 brn|[from] brn
|upkeep
|turn|12
|
|t:|1610655673
|switch|p1a: Suicune|Suicune|100/100
|-ability|p1a: Suicune|Pressure
|move|p2a: Crobat|Heat Wave|p1a: Suicune
|-resisted|p1a: Suicune
|-damage|p1a: Suicune|83/100
|
|-heal|p1a: Suicune|90/100|[from] item: Leftovers
|-damage|p2a: Crobat|44/100 brn|[from] brn
|upkeep
|turn|13
|
|t:|1610655683
|move|p2a: Crobat|Giga Drain|p1a: Suicune
|-supereffective|p1a: Suicune
|-damage|p1a: Suicune|36/100
|-heal|p2a: Crobat|79/100 brn|[from] drain|[of] p1a: Suicune
|move|p1a: Suicune|Scald|p2a: Crobat
|-damage|p2a: Crobat|44/100 brn
|
|-heal|p1a: Suicune|42/100|[from] item: Leftovers
|-damage|p2a: Crobat|38/100 brn|[from] brn
|upkeep
|turn|14
|
|t:|1610655694
|switch|p1a: Celebi|Celebi|77/100
|move|p2a: Crobat|Giga Drain|p1a: Celebi
|-resisted|p1a: Celebi
|-damage|p1a: Celebi|64/100
|-heal|p2a: Crobat|45/100 brn|[from] drain|[of] p1a: Celebi
|
|-heal|p1a: Celebi|70/100|[from] item: Leftovers
|-damage|p2a: Crobat|39/100 brn|[from] brn
|upkeep
|turn|15
|
|t:|1610655724
|switch|p1a: Registeel|Registeel|40/100
|move|p2a: Crobat|Heat Wave|p1a: Registeel
|-supereffective|p1a: Registeel
|-damage|p1a: Registeel|0 fnt
|faint|p1a: Registeel
|
|-damage|p2a: Crobat|33/100 brn|[from] brn
|upkeep
|inactive|le_patrooon has 120 seconds left.
|
|t:|1610655735
|switch|p1a: Zygarde|Zygarde-10%|100/100
|-ability|p1a: Zygarde|Aura Break
|turn|16
|
|t:|1610655738
|move|p2a: Crobat|Air Slash|p1a: Zygarde
|-crit|p1a: Zygarde
|-damage|p1a: Zygarde|0 fnt
|faint|p1a: Zygarde
|
|-damage|p2a: Crobat|27/100 brn|[from] brn
|upkeep
|
|t:|1610655746
|switch|p1a: Cloyster|Cloyster, M|100/100
|turn|17
|
|t:|1610655753
|move|p2a: Crobat|Air Slash|p1a: Cloyster
|-damage|p1a: Cloyster|0 fnt
|faint|p1a: Cloyster
|
|-damage|p2a: Crobat|21/100 brn|[from] brn
|upkeep
|-message|le_patrooon forfeited.
|
|win|Drivetacos
|n|☆le_patrooon|lepatrooon
|n|☆Drivetacos|drivetacos
|l|☆le_patrooon
