|j|☆le_patrooon
|j|☆gliscor maroto
|t:|1608583272
|player|p1|le_patrooon|lucas|1342
|player|p2|gliscor maroto|lana|1274
|teamsize|p1|6
|teamsize|p2|6
|gametype|singles
|gen|8
|tier|[Gen 8] RU
|rated|
|clearpoke
|poke|p1|Seismitoad, F|
|poke|p1|Ludicolo, M|
|poke|p1|Raikou|
|poke|p1|Politoed, F|
|poke|p1|Doublade, M|
|poke|p1|Tornadus, M|
|poke|p2|Torkoal, F|
|poke|p2|Vileplume, M|
|poke|p2|Doublade, M|
|poke|p2|Rhyperior, M|
|poke|p2|Zygarde-10%|
|poke|p2|Raikou|
|rule|Sleep Clause Mod: Limit one foe put to sleep
|rule|Species Clause: Limit one of each Pokémon
|rule|OHKO Clause: OHKO moves are banned
|rule|Evasion Moves Clause: Evasion moves are banned
|rule|Endless Battle Clause: Forcing endless battles is banned
|rule|HP Percentage Mod: HP is shown in percentages
|rule|Dynamax Clause: You cannot dynamax
|teampreview
|
|t:|1608583327
|start
|switch|p1a: SQUALALA|Seismitoad, F|100/100
|switch|p2a: Raikou|Raikou, shiny|100/100
|-ability|p2a: Raikou|Pressure
|turn|1
|
|t:|1608583368
|switch|p2a: Torkoal|Torkoal, F|100/100
|-weather|SunnyDay|[from] ability: Drought|[of] p2a: Torkoal
|move|p1a: SQUALALA|Earth Power|p2a: Torkoal
|-supereffective|p2a: Torkoal
|-damage|p2a: Torkoal|0 fnt
|-damage|p1a: SQUALALA|91/100|[from] item: Life Orb
|faint|p2a: Torkoal
|
|-weather|SunnyDay|[upkeep]
|upkeep
|
|t:|1608583390
|switch|p2a: Vileplume|Vileplume, M|100/100
|turn|2
|
|t:|1608583396
|switch|p1a: OLIVIERDECARGLASS|Politoed, F|100/100
|-weather|RainDance|[from] ability: Drizzle|[of] p1a: OLIVIERDECARGLASS
|move|p2a: Vileplume|Growth|p2a: Vileplume
|-boost|p2a: Vileplume|atk|1
|-boost|p2a: Vileplume|spa|1
|
|-weather|RainDance|[upkeep]
|upkeep
|turn|3
|
|t:|1608583408
|switch|p1a: JEAN-PIERRE COFFE|Ludicolo, M|100/100
|move|p2a: Vileplume|Giga Drain|p1a: JEAN-PIERRE COFFE
|-damage|p1a: JEAN-PIERRE COFFE|20/100
|-damage|p2a: Vileplume|91/100|[from] item: Life Orb
|
|-weather|RainDance|[upkeep]
|upkeep
|turn|4
|
|t:|1608583433
|move|p1a: JEAN-PIERRE COFFE|Ice Beam|p2a: Vileplume
|-supereffective|p2a: Vileplume
|-damage|p2a: Vileplume|8/100
|-damage|p1a: JEAN-PIERRE COFFE|10/100|[from] item: Life Orb
|move|p2a: Vileplume|Giga Drain|p1a: JEAN-PIERRE COFFE
|-damage|p1a: JEAN-PIERRE COFFE|0 fnt
|-heal|p2a: Vileplume|14/100|[from] drain|[of] p1a: JEAN-PIERRE COFFE
|-damage|p2a: Vileplume|4/100|[from] item: Life Orb
|faint|p1a: JEAN-PIERRE COFFE
|
|-weather|RainDance|[upkeep]
|upkeep
|
|t:|1608583444
|switch|p1a: SQUALALA|Seismitoad, F|91/100
|turn|5
|
|t:|1608583453
|move|p1a: SQUALALA|Surf|p2a: Vileplume
|-resisted|p2a: Vileplume
|-crit|p2a: Vileplume
|-damage|p2a: Vileplume|0 fnt
|-damage|p1a: SQUALALA|81/100|[from] item: Life Orb
|faint|p2a: Vileplume
|
|-weather|RainDance|[upkeep]
|upkeep
|
|t:|1608583458
|switch|p2a: Doublade|Doublade, M|100/100
|turn|6
|
|t:|1608583461
|move|p1a: SQUALALA|Earth Power|p2a: Doublade
|-supereffective|p2a: Doublade
|-damage|p2a: Doublade|0 fnt
|-damage|p1a: SQUALALA|71/100|[from] item: Life Orb
|faint|p2a: Doublade
|
|-weather|RainDance|[upkeep]
|upkeep
|
|t:|1608583465
|switch|p2a: Zygarde|Zygarde-10%|100/100
|-ability|p2a: Zygarde|Aura Break
|turn|7
|
|t:|1608583470
|move|p2a: Zygarde|Extreme Speed|p1a: SQUALALA
|-damage|p1a: SQUALALA|36/100
|-damage|p2a: Zygarde|91/100|[from] item: Life Orb
|move|p1a: SQUALALA|Surf|p2a: Zygarde
|-damage|p2a: Zygarde|0 fnt
|-damage|p1a: SQUALALA|26/100|[from] item: Life Orb
|faint|p2a: Zygarde
|
|-weather|RainDance|[upkeep]
|upkeep
|
|t:|1608583476
|switch|p2a: Raikou|Raikou, shiny|100/100
|-ability|p2a: Raikou|Pressure
|turn|8
|
|t:|1608583482
|move|p1a: SQUALALA|Earth Power|p2a: Raikou
|-supereffective|p2a: Raikou
|-crit|p2a: Raikou
|-damage|p2a: Raikou|0 fnt
|-damage|p1a: SQUALALA|16/100|[from] item: Life Orb
|faint|p2a: Raikou
|
|-weather|RainDance|[upkeep]
|upkeep
|
|t:|1608583484
|switch|p2a: Rhyperior|Rhyperior, M|100/100
|turn|9
|
|t:|1608583491
|move|p1a: SQUALALA|Surf|p2a: Rhyperior
|-supereffective|p2a: Rhyperior
|-damage|p2a: Rhyperior|0 fnt
|-damage|p1a: SQUALALA|6/100|[from] item: Life Orb
|faint|p2a: Rhyperior
|
|win|le_patrooon
|l|☆gliscor maroto
||Ladder (probably) updated, but score could not be retrieved (Request timeout).
