|raw|<div class="broadcast-blue"><strong>This battle is required to be public due to a player having a name starting with 'rult70'.</div>
|j|☆Rult70dani
|j|☆RULT70A YWT
|t:|1626727406
|gametype|singles
|player|p1|Rult70dani|pokemonrangerf-gen4|1529
|player|p2|RULT70A YWT|hiker-gen4|1437
|teamsize|p1|6
|teamsize|p2|6
|gen|8
|tier|[Gen 8] RU
|rated|
|rule|Sleep Clause Mod: Limit one foe put to sleep
|rule|Species Clause: Limit one of each Pokémon
|rule|OHKO Clause: OHKO moves are banned
|rule|Evasion Moves Clause: Evasion moves are banned
|rule|Endless Battle Clause: Forcing endless battles is banned
|rule|HP Percentage Mod: HP is shown in percentages
|rule|Dynamax Clause: You cannot dynamax
|clearpoke
|poke|p1|Pangoro, M|
|poke|p1|Roserade, F|
|poke|p1|Golisopod, F|
|poke|p1|Flygon, M|
|poke|p1|Bronzong|
|poke|p1|Togekiss, F|
|poke|p2|Charizard, F|
|poke|p2|Torkoal, M|
|poke|p2|Shiftry, F|
|poke|p2|Cresselia, F|
|poke|p2|Seismitoad, M|
|poke|p2|Raikou|
|teampreview
|inactive|Battle timer is ON: inactive players will automatically lose when time's up. (requested by Rult70dani)
|inactive|Rult70dani has 120 seconds left.
|
|t:|1626727446
|start
|switch|p1a: Bronzong|Bronzong|100/100
|switch|p2a: Torkoal|Torkoal, M|100/100
|-weather|SunnyDay|[from] ability: Drought|[of] p2a: Torkoal
|turn|1
|
|t:|1626727458
|move|p1a: Bronzong|Toxic|p2a: Torkoal
|-status|p2a: Torkoal|tox
|move|p2a: Torkoal|Yawn|p1a: Bronzong
|-start|p1a: Bronzong|move: Yawn|[of] p2a: Torkoal
|
|-weather|SunnyDay|[upkeep]
|-damage|p2a: Torkoal|94/100 tox|[from] psn
|upkeep
|turn|2
|
|t:|1626727463
|switch|p1a: Togekiss|Togekiss, F|100/100
|move|p2a: Torkoal|Rapid Spin|p1a: Togekiss
|-damage|p1a: Togekiss|94/100
|-boost|p2a: Torkoal|spe|1
|
|-weather|SunnyDay|[upkeep]
|-damage|p2a: Torkoal|82/100 tox|[from] psn
|upkeep
|turn|3
|
|t:|1626727475
|switch|p1a: Flygon|Flygon, M|100/100
|switch|p2a: Raikou|Raikou|100/100
|-ability|p2a: Raikou|Pressure
|
|-weather|SunnyDay|[upkeep]
|upkeep
|turn|4
|
|t:|1626727486
|switch|p2a: Charizard|Charizard, F|100/100
|move|p1a: Flygon|U-turn|p2a: Charizard
|-resisted|p2a: Charizard
|-damage|p2a: Charizard|94/100
|
|t:|1626727500
|switch|p1a: Bronzong|Bronzong|100/100|[from]move: U-turn
|
|-weather|SunnyDay|[upkeep]
|-damage|p2a: Charizard|81/100|[from] ability: Solar Power|[of] p2a: Charizard
|upkeep
|turn|5
|
|t:|1626727504
|move|p1a: Bronzong|Protect|p1a: Bronzong
|-singleturn|p1a: Bronzong|Protect
|move|p2a: Charizard|Weather Ball|p1a: Bronzong
|-activate|p1a: Bronzong|move: Protect
|
|-weather|SunnyDay|[upkeep]
|-damage|p2a: Charizard|69/100|[from] ability: Solar Power|[of] p2a: Charizard
|upkeep
|turn|6
|j| Wormadam-Gold
|
|t:|1626727523
|switch|p1a: Togekiss|Togekiss, F|94/100
|move|p2a: Charizard|Weather Ball|p1a: Togekiss
|-crit|p1a: Togekiss
|-damage|p1a: Togekiss|0 fnt
|faint|p1a: Togekiss
|
|-weather|SunnyDay|[upkeep]
|-damage|p2a: Charizard|56/100|[from] ability: Solar Power|[of] p2a: Charizard
|upkeep
|c| Wormadam-Gold|sun? without entei?
|inactive|Rult70dani has 120 seconds left.
|c|☆RULT70A YWT|yes entei is trash
|
|t:|1626727545
|switch|p1a: Flygon|Flygon, M|100/100
|turn|7
|
|t:|1626727553
|switch|p2a: Cresselia|Cresselia, F|100/100
|move|p1a: Flygon|U-turn|p2a: Cresselia
|-supereffective|p2a: Cresselia
|-damage|p2a: Cresselia|75/100
|
|t:|1626727555
|switch|p1a: Bronzong|Bronzong|100/100|[from]move: U-turn
|
|-weather|SunnyDay|[upkeep]
|-heal|p2a: Cresselia|82/100|[from] item: Leftovers
|upkeep
|turn|8
|
|t:|1626727577
|switch|p2a: Seismitoad|Seismitoad, M|100/100
|move|p1a: Bronzong|Stealth Rock|p2a: Seismitoad
|-sidestart|p2: RULT70A YWT|move: Stealth Rock
|
|-weather|none
|upkeep
|turn|9
|
|t:|1626727585
|switch|p1a: Roserade|Roserade, F|100/100
|move|p2a: Seismitoad|Knock Off|p1a: Roserade
|-damage|p1a: Roserade|64/100
|-enditem|p1a: Roserade|Heavy-Duty Boots|[from] move: Knock Off|[of] p2a: Seismitoad
|
|upkeep
|turn|10
|
|t:|1626727592
|move|p1a: Roserade|Sleep Powder|p2a: Seismitoad
|-status|p2a: Seismitoad|slp|[from] move: Sleep Powder
|cant|p2a: Seismitoad|slp
|
|upkeep
|turn|11
|c| Wormadam-Gold|what's this weak ass toad smh
|
|t:|1626727611
|switch|p2a: Cresselia|Cresselia, F|82/100
|-damage|p2a: Cresselia|69/100|[from] Stealth Rock
|move|p1a: Roserade|Sludge Bomb|p2a: Cresselia
|-damage|p2a: Cresselia|36/100
|
|-heal|p2a: Cresselia|42/100|[from] item: Leftovers
|upkeep
|turn|12
|
|t:|1626727622
|move|p1a: Roserade|Leaf Storm|p2a: Cresselia
|-damage|p2a: Cresselia|0 fnt
|-unboost|p1a: Roserade|spa|2
|faint|p2a: Cresselia
|
|upkeep
|
|t:|1626727628
|switch|p2a: Torkoal|Torkoal, M|82/100 tox
|-damage|p2a: Torkoal|57/100 tox|[from] Stealth Rock
|-weather|SunnyDay|[from] ability: Drought|[of] p2a: Torkoal
|turn|13
|j| TurtleDoggo1@!
|
|t:|1626727639
|switch|p1a: Bronzong|Bronzong|100/100
|move|p2a: Torkoal|Lava Plume|p1a: Bronzong
|-supereffective|p1a: Bronzong
|-damage|p1a: Bronzong|54/100
|
|-weather|SunnyDay|[upkeep]
|-heal|p1a: Bronzong|61/100|[from] item: Leftovers
|-damage|p2a: Torkoal|51/100 tox|[from] psn
|upkeep
|turn|14
|
|t:|1626727648
|switch|p2a: Charizard|Charizard, F|56/100
|move|p1a: Bronzong|Protect||[still]
|-fail|p1a: Bronzong
|
|-weather|SunnyDay|[upkeep]
|-damage|p2a: Charizard|44/100|[from] ability: Solar Power|[of] p2a: Charizard
|-heal|p1a: Bronzong|67/100|[from] item: Leftovers
|upkeep
|turn|15
|
|t:|1626727655
|move|p1a: Bronzong|Protect|p1a: Bronzong
|-singleturn|p1a: Bronzong|Protect
|move|p2a: Charizard|Roost|p2a: Charizard
|-heal|p2a: Charizard|94/100
|-singleturn|p2a: Charizard|move: Roost
|
|-weather|SunnyDay|[upkeep]
|-damage|p2a: Charizard|82/100|[from] ability: Solar Power|[of] p2a: Charizard
|-heal|p1a: Bronzong|73/100|[from] item: Leftovers
|upkeep
|turn|16
|
|t:|1626727658
|move|p2a: Charizard|Weather Ball|p1a: Bronzong
|-supereffective|p1a: Bronzong
|-damage|p1a: Bronzong|0 fnt
|faint|p1a: Bronzong
|
|-weather|SunnyDay|[upkeep]
|-damage|p2a: Charizard|69/100|[from] ability: Solar Power|[of] p2a: Charizard
|upkeep
|-message|Rult70dani forfeited.
|
|win|RULT70A YWT
|raw|Rult70dani's rating: 1501 &rarr; <strong>1477</strong><br />(-24 for losing)
|raw|RULT70A YWT's rating: 1437 &rarr; <strong>1461</strong><br />(+24 for winning)
|l|☆Rult70dani
|l| TurtleDoggo1
|j| PULT61a Elfu
|l| PULT61a Elfu
||Ladder isn't responding, score probably updated but might not have (Request timeout).
