|j|☆yOuRwElCoMeThAnk
|j|☆Its oyster time
|t:|1664496089
|gametype|singles
|player|p1|yOuRwElCoMeThAnk|hiker-gen4|
|player|p2|Its oyster time|birdkeeper-gen6|
|teamsize|p1|6
|teamsize|p2|6
|gen|8
|tier|[Gen 8] RU
|rule|Sleep Clause Mod: Limit one foe put to sleep
|rule|Species Clause: Limit one of each Pokémon
|rule|OHKO Clause: OHKO moves are banned
|rule|Evasion Items Clause: Evasion items are banned
|rule|Evasion Moves Clause: Evasion moves are banned
|rule|Endless Battle Clause: Forcing endless battles is banned
|rule|HP Percentage Mod: HP is shown in percentages
|rule|Dynamax Clause: You cannot dynamax
|clearpoke
|poke|p1|Steelix, F|
|poke|p1|Flygon, F|
|poke|p1|Seismitoad, F|
|poke|p1|Nidoqueen, F|
|poke|p1|Rhyperior, M|
|poke|p1|Sandaconda, F|
|poke|p2|Sigilyph, F|
|poke|p2|Celebi|
|poke|p2|Zoroark, F|
|poke|p2|Bewear, M|
|poke|p2|Flygon, F|
|poke|p2|Xurkitree|
|teampreview
|inactive|Battle timer is ON: inactive players will automatically lose when time's up. (requested by Its oyster time)
|c|☆yOuRwElCoMeThAnk|hf
|c|☆Its oyster time|can u link
|c|☆yOuRwElCoMeThAnk|You are no longer forcing the room to stay private, but itsoystertime also needs to use /publicroom to make the room public.
|c|☆Its oyster time|/log Its oyster time made this room public.
|inactive|yOuRwElCoMeThAnk has 270 seconds left.
|inactive|Its oyster time has 270 seconds left.
|inactive|Its oyster time has 240 seconds left.
|
|t:|1664496163
|start
|switch|p1a: Nidoqueen|Nidoqueen, F|100/100
|switch|p2a: Xurkitree|Xurkitree|100/100
|turn|1
|c|☆Its oyster time|hmm
|inactive|yOuRwElCoMeThAnk has 270 seconds left.
|inactive|Its oyster time has 270 seconds left.
|c|☆Its oyster time|which one is rocks
|j| OwnMe Hard
|
|t:|1664496213
|move|p2a: Xurkitree|Energy Ball|p1a: Nidoqueen
|-damage|p1a: Nidoqueen|49/100
|move|p1a: Nidoqueen|Earth Power|p2a: Xurkitree
|-supereffective|p2a: Xurkitree
|-damage|p2a: Xurkitree|0 fnt
|faint|p2a: Xurkitree
|
|upkeep
|
|t:|1664496218
|switch|p2a: Celebi|Celebi|100/100
|turn|2
|inactive|yOuRwElCoMeThAnk has 270 seconds left.
|c|☆yOuRwElCoMeThAnk|u sacked xurk against mono ground!
|c|☆yOuRwElCoMeThAnk|How could u
|
|t:|1664496240
|switch|p1a: Flygon|Flygon, F|100/100
|move|p2a: Celebi|Psychic|p1a: Flygon
|-damage|p1a: Flygon|50/100
|
|upkeep
|turn|3
|
|t:|1664496245
|switch|p2a: Flygon|Flygon, F|100/100
|move|p1a: Flygon|U-turn|p2a: Flygon
|-damage|p2a: Flygon|75/100
|
|t:|1664496254
|switch|p1a: Sandaconda|Sandaconda, F|100/100|[from]move: U-turn
|
|-heal|p2a: Flygon|82/100|[from] item: Leftovers
|upkeep
|turn|4
|
|t:|1664496260
|switch|p2a: Sigilyph|Sigilyph, F|100/100
|move|p1a: Sandaconda|Coil|p1a: Sandaconda
|-boost|p1a: Sandaconda|atk|1
|-boost|p1a: Sandaconda|def|1
|-boost|p1a: Sandaconda|accuracy|1
|
|upkeep
|turn|5
|
|t:|1664496266
|move|p2a: Sigilyph|Energy Ball|p1a: Sandaconda
|-supereffective|p1a: Sandaconda
|-damage|p1a: Sandaconda|0 fnt
|faint|p1a: Sandaconda
|
|upkeep
|c|☆Its oyster time|oof
|
|t:|1664496278
|switch|p1a: Rhyperior|Rhyperior, M|100/100
|turn|6
|c|☆Its oyster time|:kindasus:
|
|t:|1664496305
|switch|p2a: Flygon|Flygon, F|82/100
|move|p1a: Rhyperior|Stone Edge|p2a: Flygon|[miss]
|-miss|p1a: Rhyperior|p2a: Flygon
|
|-heal|p2a: Flygon|88/100|[from] item: Leftovers
|upkeep
|turn|7
|inactive|Its oyster time has 270 seconds left.
|
|t:|1664496325
|switch|p2a: Sigilyph|Sigilyph, F|100/100
|switch|p1a: Flygon|Flygon, F|50/100
|
|upkeep
|turn|8
|inactive|Its oyster time has 270 seconds left.
|
|t:|1664496333
|move|p1a: Flygon|U-turn|p2a: Sigilyph
|-supereffective|p2a: Sigilyph
|-damage|p2a: Sigilyph|16/100
|replace|p2a: Zoroark|Zoroark, F
|-end|p2a: Zoroark|Illusion
|
|t:|1664496344
|switch|p1a: Steelix|Steelix, F|100/100|[from]move: U-turn
|move|p2a: Zoroark|Knock Off|p1a: Steelix
|-damage|p1a: Steelix|84/100
|-enditem|p1a: Steelix|Leftovers|[from] move: Knock Off|[of] p2a: Zoroark
|
|upkeep
|turn|9
|
|t:|1664496350
|move|p2a: Zoroark|U-turn|p1a: Steelix
|-resisted|p1a: Steelix
|-damage|p1a: Steelix|80/100
|
|t:|1664496354
|switch|p2a: Sigilyph|Sigilyph, F|100/100|[from]move: U-turn
|move|p1a: Steelix|Toxic|p2a: Sigilyph
|-status|p2a: Sigilyph|tox
|
|upkeep
|turn|10
|
|t:|1664496361
|switch|p1a: Flygon|Flygon, F|50/100
|move|p2a: Sigilyph|Calm Mind|p2a: Sigilyph
|-boost|p2a: Sigilyph|spa|1
|-boost|p2a: Sigilyph|spd|1
|
|upkeep
|turn|11
|
|t:|1664496366
|move|p1a: Flygon|U-turn|p2a: Sigilyph
|-damage|p2a: Sigilyph|70/100 tox
|
|t:|1664496370
|switch|p1a: Nidoqueen|Nidoqueen, F|49/100|[from]move: U-turn
|move|p2a: Sigilyph|Roost|p2a: Sigilyph
|-heal|p2a: Sigilyph|100/100 tox
|-singleturn|p2a: Sigilyph|move: Roost
|
|upkeep
|turn|12
|
|t:|1664496375
|switch|p1a: Steelix|Steelix, F|80/100
|move|p2a: Sigilyph|Heat Wave|p1a: Steelix
|-supereffective|p1a: Steelix
|-damage|p1a: Steelix|0 fnt
|faint|p1a: Steelix
|
|upkeep
|
|t:|1664496382
|switch|p1a: Flygon|Flygon, F|50/100
|turn|13
|
|t:|1664496388
|switch|p2a: Flygon|Flygon, F|88/100
|move|p1a: Flygon|U-turn|p2a: Flygon
|-damage|p2a: Flygon|62/100
|
|t:|1664496391
|switch|p1a: Seismitoad|Seismitoad, F|100/100|[from]move: U-turn
|
|-heal|p2a: Flygon|68/100|[from] item: Leftovers
|upkeep
|turn|14
|
|t:|1664496395
|move|p2a: Flygon|Toxic|p1a: Seismitoad
|-status|p1a: Seismitoad|tox
|move|p1a: Seismitoad|Substitute|p1a: Seismitoad
|-start|p1a: Seismitoad|Substitute
|-damage|p1a: Seismitoad|76/100 tox
|
|-heal|p2a: Flygon|74/100|[from] item: Leftovers
|-heal|p1a: Seismitoad|82/100 tox|[from] item: Leftovers
|-damage|p1a: Seismitoad|76/100 tox|[from] psn
|upkeep
|turn|15
|
|t:|1664496402
|switch|p2a: Bewear|Bewear, M|100/100
|switch|p1a: Flygon|Flygon, F|50/100
|
|upkeep
|turn|16
|
|t:|1664496409
|move|p1a: Flygon|U-turn|p2a: Bewear
|-resisted|p2a: Bewear
|-damage|p2a: Bewear|95/100
|
|t:|1664496411
|switch|p1a: Seismitoad|Seismitoad, F|76/100 tox|[from]move: U-turn
|move|p2a: Bewear|Drain Punch|p1a: Seismitoad
|-damage|p1a: Seismitoad|41/100 tox
|-heal|p2a: Bewear|100/100|[from] drain|[of] p1a: Seismitoad
|
|-heal|p1a: Seismitoad|47/100 tox|[from] item: Leftovers
|-damage|p1a: Seismitoad|41/100 tox|[from] psn
|upkeep
|turn|17
|
|t:|1664496421
|move|p2a: Bewear|Drain Punch|p1a: Seismitoad
|-damage|p1a: Seismitoad|9/100 tox
|move|p1a: Seismitoad|Scald|p2a: Bewear
|-damage|p2a: Bewear|70/100
|
|-heal|p1a: Seismitoad|15/100 tox|[from] item: Leftovers
|-damage|p1a: Seismitoad|3/100 tox|[from] psn
|upkeep
|turn|18
|
|t:|1664496428
|move|p2a: Bewear|Drain Punch|p1a: Seismitoad
|-damage|p1a: Seismitoad|0 fnt
|-heal|p2a: Bewear|71/100|[from] drain|[of] p1a: Seismitoad
|faint|p1a: Seismitoad
|
|upkeep
|
|t:|1664496431
|switch|p1a: Nidoqueen|Nidoqueen, F|49/100
|turn|19
|
|t:|1664496442
|switch|p2a: Bewear|Bewear, M|16/100
|move|p1a: Nidoqueen|Earth Power|p2a: Bewear
|-damage|p2a: Bewear|0 fnt
|replace|p2a: Zoroark|Zoroark, F
|-end|p2a: Zoroark|Illusion
|faint|p2a: Zoroark
|
|upkeep
|
|t:|1664496444
|switch|p2a: Celebi|Celebi|100/100
|turn|20
|
|t:|1664496449
|switch|p1a: Rhyperior|Rhyperior, M|100/100
|move|p2a: Celebi|Psychic|p1a: Rhyperior
|-damage|p1a: Rhyperior|51/100
|
|-heal|p1a: Rhyperior|57/100|[from] item: Leftovers
|upkeep
|turn|21
|
|t:|1664496462
|switch|p2a: Flygon|Flygon, F|74/100
|move|p1a: Rhyperior|Megahorn|p2a: Flygon
|-damage|p2a: Flygon|22/100
|
|-heal|p2a: Flygon|28/100|[from] item: Leftovers
|-heal|p1a: Rhyperior|63/100|[from] item: Leftovers
|upkeep
|turn|22
|
|t:|1664496475
|switch|p1a: Flygon|Flygon, F|50/100
|move|p2a: Flygon|Toxic|p1a: Flygon
|-status|p1a: Flygon|tox
|
|-heal|p2a: Flygon|34/100|[from] item: Leftovers
|-damage|p1a: Flygon|44/100 tox|[from] psn
|upkeep
|turn|23
|
|t:|1664496481
|move|p1a: Flygon|U-turn|p2a: Flygon
|-crit|p2a: Flygon
|-damage|p2a: Flygon|0 fnt
|faint|p2a: Flygon
|c|☆yOuRwElCoMeThAnk|we can rob these
|
|t:|1664496493
|switch|p1a: Rhyperior|Rhyperior, M|63/100|[from]move: U-turn
|
|-heal|p1a: Rhyperior|69/100|[from] item: Leftovers
|upkeep
|c|☆Its oyster time|haxxed
|
|t:|1664496498
|switch|p2a: Sigilyph|Sigilyph, F|100/100 tox
|turn|24
|
|t:|1664496502
|move|p2a: Sigilyph|Energy Ball|p1a: Rhyperior
|-supereffective|p1a: Rhyperior
|-damage|p1a: Rhyperior|0 fnt
|faint|p1a: Rhyperior
|
|upkeep
|
|t:|1664496504
|switch|p1a: Flygon|Flygon, F|44/100 tox
|turn|25
|
|t:|1664496508
|move|p1a: Flygon|Stone Edge|p2a: Sigilyph|[miss]
|-miss|p1a: Flygon|p2a: Sigilyph
|move|p2a: Sigilyph|Roost||[still]
|-fail|p2a: Sigilyph|heal
|
|-damage|p1a: Flygon|38/100 tox|[from] psn
|upkeep
|turn|26
|c|☆yOuRwElCoMeThAnk|HAX
|
|t:|1664496515
|switch|p1a: Nidoqueen|Nidoqueen, F|49/100
|switch|p2a: Celebi|Celebi|100/100
|
|upkeep
|turn|27
|c|☆Its oyster time|bro thats SKILL
|
|t:|1664496523
|move|p2a: Celebi|Psychic|p1a: Nidoqueen
|-supereffective|p1a: Nidoqueen
|-damage|p1a: Nidoqueen|0 fnt
|faint|p1a: Nidoqueen
|
|upkeep
|
|t:|1664496526
|switch|p1a: Flygon|Flygon, F|38/100 tox
|turn|28
|c|☆Its oyster time|GG
|c|☆yOuRwElCoMeThAnk|gg
|c|☆Its oyster time|(ez)
|
|t:|1664496534
|move|p1a: Flygon|U-turn|p2a: Celebi
|-supereffective|p2a: Celebi
|-damage|p2a: Celebi|8/100
|move|p2a: Celebi|Psychic|p1a: Flygon
|-damage|p1a: Flygon|0 fnt
|faint|p1a: Flygon
|
|win|Its oyster time
|c|☆Its oyster time|(no disrespect)
|c|☆yOuRwElCoMeThAnk|toxic room voice again?
|c|☆Its oyster time|i will terrorize ru chat once again
|l|☆yOuRwElCoMeThAnk
|player|p2|Its oyster time|birdkeeper-gen6
