|j|☆Madinina
|j|☆HaxxSel
|t:|1622293099
|gametype|singles
|player|p1|Madinina|archie-gen3|
|player|p2|HaxxSel|falkner|
|teamsize|p1|6
|teamsize|p2|6
|gen|8
|tier|[Gen 8] RU
|rule|Sleep Clause Mod: Limit one foe put to sleep
|rule|Species Clause: Limit one of each Pokémon
|rule|OHKO Clause: OHKO moves are banned
|rule|Evasion Moves Clause: Evasion moves are banned
|rule|Endless Battle Clause: Forcing endless battles is banned
|rule|HP Percentage Mod: HP is shown in percentages
|rule|Dynamax Clause: You cannot dynamax
|clearpoke
|poke|p1|Obstagoon, F|
|poke|p1|Registeel|
|poke|p1|Gastrodon, F|
|poke|p1|Ninjask, M|
|poke|p1|Sylveon, F|
|poke|p1|Roserade, F|
|poke|p2|Weezing-Galar, F|
|poke|p2|Diancie|
|poke|p2|Lucario, F|
|poke|p2|Polteageist|
|poke|p2|Necrozma|
|poke|p2|Flygon, M|
|teampreview
|c|☆HaxxSel|hf
|j| Boulicrok
|c|☆Madinina|u2
|c| Boulicrok|aller haxxsel
|c| Boulicrok|fuck pepe
|j| Masskeauuu
|j| HurtaDOO♥
|c| HurtaDOO♥|haxxsel qui HO
|c| HurtaDOO♥|étonnant
|c| HurtaDOO♥|go pepe fume le
|j| Dunoks
|
|t:|1622293163
|start
|switch|p1a: Roserade|Roserade, F|100/100
|switch|p2a: Diancie|Diancie|100/100
|turn|1
|j| Xandes
|j| Cherbou
|j| Zenadark
|j| S-Arcobaleno
|
|t:|1622293199
|switch|p2a: Weezing|Weezing-Galar, F|100/100
|-fieldstart|move: Misty Terrain|[from] ability: Misty Surge|[of] p2a: Weezing
|move|p1a: Roserade|Spikes|p2a: Weezing
|-sidestart|p2: HaxxSel|Spikes
|
|upkeep
|turn|2
|j| cielau origine ♫
|j| Ghostricker0197
|c| cielau origine ♫|go capitaine !!
|
|t:|1622293242
|switch|p2a: Lucario|Lucario, F|100/100
|-damage|p2a: Lucario|88/100|[from] Spikes
|move|p1a: Roserade|Sludge Bomb|p2a: Lucario
|-immune|p2a: Lucario
|
|upkeep
|turn|3
|c| S-Arcobaleno|saucemos
|
|t:|1622293260
|move|p1a: Roserade|Leaf Storm|p2a: Lucario
|-resisted|p2a: Lucario
|-damage|p2a: Lucario|35/100
|-unboost|p1a: Roserade|spa|2
|move|p2a: Lucario|Swords Dance|p2a: Lucario
|-boost|p2a: Lucario|atk|2
|
|upkeep
|turn|4
|j| P.Otaku
|j| Vulpix Busted ?
|j| McSim
|
|t:|1622293307
|move|p1a: Roserade|Leaf Storm|p2a: Lucario
|-resisted|p2a: Lucario
|-damage|p2a: Lucario|10/100
|-unboost|p1a: Roserade|spa|2
|move|p2a: Lucario|Close Combat|p1a: Roserade
|-resisted|p1a: Roserade
|-crit|p1a: Roserade
|-damage|p1a: Roserade|0 fnt
|-unboost|p2a: Lucario|def|1
|-unboost|p2a: Lucario|spd|1
|faint|p1a: Roserade
|-damage|p2a: Lucario|0 fnt|[from] item: Life Orb
|faint|p2a: Lucario
|
|upkeep
|
|t:|1622293379
|switch|p2a: Flygon|Flygon, M|100/100
|switch|p1a: Obstagoon|Obstagoon, F|100/100
|turn|5
|j|+Brumirage
|j| Elodie
|l| McSim
|
|t:|1622293423
|switch|p2a: Diancie|Diancie|100/100
|-damage|p2a: Diancie|88/100|[from] Spikes
|switch|p1a: Sylveon|Sylveon, F|100/100
|
|-fieldend|Misty Terrain
|upkeep
|turn|6
|
|t:|1622293442
|move|p1a: Sylveon|Calm Mind|p1a: Sylveon
|-boost|p1a: Sylveon|spa|1
|-boost|p1a: Sylveon|spd|1
|move|p2a: Diancie|Reflect|p2a: Diancie
|-sidestart|p2: HaxxSel|Reflect
|
|upkeep
|turn|7
|
|t:|1622293465
|move|p1a: Sylveon|Calm Mind|p1a: Sylveon
|-boost|p1a: Sylveon|spa|1
|-boost|p1a: Sylveon|spd|1
|move|p2a: Diancie|Light Screen|p2a: Diancie
|-sidestart|p2: HaxxSel|move: Light Screen
|
|upkeep
|turn|8
|
|t:|1622293473
|move|p1a: Sylveon|Wish|p1a: Sylveon
|move|p2a: Diancie|Misty Explosion|p1a: Sylveon
|-damage|p1a: Sylveon|85/100
|faint|p2a: Diancie
|
|-heal|p1a: Sylveon|91/100|[from] item: Leftovers
|upkeep
|c|☆Madinina|il est ou le terrain
|l| Ghostricker0197
|c|☆Madinina|!dt misty explosion
|raw|<ul class="utilichart"><li class="result"><span class="col movenamecol"><a href="https://dex.pokemonshowdown.com/moves/mistyexplosion">Misty Explosion</a></span> <span class="col typecol"><img src="//play.pokemonshowdown.com/sprites/types/Fairy.png" alt="Fairy" width="32" height="14"><img src="//play.pokemonshowdown.com/sprites/categories/Special.png" alt="Special" width="32" height="14"></span> <span class="col labelcol"><em>Power</em><br>100</span> <span class="col widelabelcol"><em>Accuracy</em><br>100%</span> <span class="col pplabelcol"><em>PP</em><br>8</span> <span class="col movedesccol">User faints. User on Misty Terrain: 1.5x power.</span> </li><li style="clear:both"></li></ul>
|raw|<font size="1"><font color="#686868">Priority:</font> 0&nbsp;|&ThickSpace;<font color="#686868">Gen:</font> 8&nbsp;|&ThickSpace;<font color="#686868">Z-Power:</font> 180&nbsp;|&ThickSpace;<font color="#686868">Dynamax Power:</font> 130&nbsp;|&ThickSpace;<font color="#686868">Target:</font> All Adjacent Pokémon</font>

|c| S-Arcobaleno|...
|c|☆Madinina|hmm
|j| Ghostricker0197
|c|☆Madinina|ah
|j| zS
|c|☆Madinina|je pensais que ça mettait le terrain
|l|+Brumirage
|j| Fathiryxi
|c| S-Arcobaleno|tu crois que tu aurais pas vu d'ho avec ça? :henry:
|l| Vulpix Busted ?
|c|☆Madinina|ça aurait été stylé
|l| Fathiryxi
|l| zS
|
|t:|1622293719
|switch|p2a: Weezing|Weezing-Galar, F|100/100
|-damage|p2a: Weezing|88/100|[from] Spikes
|-fieldstart|move: Misty Terrain|[from] ability: Misty Surge|[of] p2a: Weezing
|turn|9
|j| Astreau
|
|t:|1622293766
|move|p1a: Sylveon|Protect|p1a: Sylveon
|-singleturn|p1a: Sylveon|Protect
|move|p2a: Weezing|Memento|p1a: Sylveon
|-activate|p1a: Sylveon|move: Protect
|
|-heal|p1a: Sylveon|100/100|[from] move: Wish|[wisher] Sylveon
|upkeep
|turn|10
|j| Lunar Awakening!
|
|t:|1622293796
|switch|p1a: Gastrodon|Gastrodon, F|100/100
|move|p2a: Weezing|Memento|p1a: Gastrodon
|-unboost|p1a: Gastrodon|atk|2
|-unboost|p1a: Gastrodon|spa|2
|faint|p2a: Weezing
|
|-sideend|p2: HaxxSel|Reflect
|upkeep
|
|t:|1622293804
|switch|p2a: Polteageist|Polteageist|100/100
|-damage|p2a: Polteageist|88/100|[from] Spikes
|turn|11
|
|t:|1622293812
|move|p2a: Polteageist|Giga Drain|p1a: Gastrodon
|-supereffective|p1a: Gastrodon
|-crit|p1a: Gastrodon
|-damage|p1a: Gastrodon|0 fnt
|-heal|p2a: Polteageist|100/100|[from] drain|[of] p1a: Gastrodon
|faint|p1a: Gastrodon
|
|-sideend|p2: HaxxSel|move: Light Screen
|upkeep
|c| HurtaDOO♥|Tatakae pepe
|c| Boulicrok|le roi du fel
|j| McSim
|c|☆Madinina|quel set es tu ?
|c|☆Madinina|le pepe tea
|c|☆Madinina|ou le broken tea
|
|t:|1622293946
|switch|p1a: Ninjask|Ninjask, M|100/100
|turn|12
|c|☆HaxxSel|tu verras bien
|j| ByronGymLeader
|c| Astreau|depuis quand le pepe tea a redacted plutôt que redacted
|l| ByronGymLeader
|j| Vulpix Busted ?
|
|t:|1622294133
|move|p1a: Ninjask|Dual Wingbeat|p2a: Polteageist|[miss]
|-miss|p1a: Ninjask|p2a: Polteageist
|move|p2a: Polteageist|Shell Smash|p2a: Polteageist
|-unboost|p2a: Polteageist|def|1
|-unboost|p2a: Polteageist|spd|1
|-boost|p2a: Polteageist|atk|2
|-boost|p2a: Polteageist|spa|2
|-boost|p2a: Polteageist|spe|2
|-enditem|p2a: Polteageist|White Herb
|-clearnegativeboost|p2a: Polteageist|[silent]
|
|-ability|p1a: Ninjask|Speed Boost|boost
|-boost|p1a: Ninjask|spe|1
|upkeep
|turn|13
|j| Skyrio
|l| Elodie
|c| S-Arcobaleno|ah non
|j| Elodie
|j| Hyss
|c| S-Arcobaleno|il va se faire blastoised
|c| HurtaDOO♥|Envie de jump dehors
|j| palapapop
|c| HurtaDOO♥|pour tout oublier
|c| Astreau|noooo hurta don't die...
|c| HurtaDOO♥|je ne reve que du froid de la faucheuse
|l| Vulpix Busted ?
|j| Vulpix Busted ?
|j| Squash
|
|t:|1622294301
|move|p1a: Ninjask|Dual Wingbeat|p2a: Polteageist
|-damage|p2a: Polteageist|68/100
|-ability|p2a: Polteageist|Weak Armor|boost
|-unboost|p2a: Polteageist|def|1
|-boost|p2a: Polteageist|spe|2
|-damage|p2a: Polteageist|16/100
|-ability|p2a: Polteageist|Weak Armor|boost
|-unboost|p2a: Polteageist|def|1
|-boost|p2a: Polteageist|spe|2
|-hitcount|p2a: Polteageist|2
|move|p2a: Polteageist|Shadow Ball|p1a: Ninjask
|-damage|p1a: Ninjask|0 fnt
|faint|p1a: Ninjask
|
|-fieldend|Misty Terrain
|upkeep
|j| Fathiryxi
|
|t:|1622294361
|switch|p1a: Obstagoon|Obstagoon, F|100/100
|turn|14
|
|t:|1622294367
|move|p2a: Polteageist|Giga Drain|p1a: Obstagoon
|-damage|p1a: Obstagoon|24/100
|-heal|p2a: Polteageist|64/100|[from] drain|[of] p1a: Obstagoon
|move|p1a: Obstagoon|Knock Off|p2a: Polteageist
|-supereffective|p2a: Polteageist
|-damage|p2a: Polteageist|0 fnt
|faint|p2a: Polteageist
|
|-status|p1a: Obstagoon|brn|[from] item: Flame Orb
|upkeep
|
|t:|1622294373
|switch|p2a: Flygon|Flygon, M|100/100
|turn|15
|l| Ghostricker0197
|
|t:|1622294384
|switch|p1a: Sylveon|Sylveon, F|100/100
|move|p2a: Flygon|Earthquake|p1a: Sylveon
|-damage|p1a: Sylveon|53/100
|-damage|p2a: Flygon|91/100|[from] item: Life Orb
|
|-heal|p1a: Sylveon|59/100|[from] item: Leftovers
|upkeep
|turn|16
|c| HurtaDOO♥|PEPE LE PLUS BEAU LES AUTRES DANS LE CANIVEAUX
|
|t:|1622294404
|move|p2a: Flygon|Dragon Dance|p2a: Flygon
|-boost|p2a: Flygon|atk|1
|-boost|p2a: Flygon|spe|1
|move|p1a: Sylveon|Hyper Voice|p2a: Flygon
|-supereffective|p2a: Flygon
|-damage|p2a: Flygon|0 fnt
|faint|p2a: Flygon
|
|-heal|p1a: Sylveon|65/100|[from] item: Leftovers
|upkeep
|
|t:|1622294408
|switch|p2a: Necrozma|Necrozma|100/100
|-damage|p2a: Necrozma|88/100|[from] Spikes
|turn|17
|j| Elfuseon
|
|t:|1622294423
|switch|p1a: Registeel|Registeel|100/100
|move|p2a: Necrozma|Dragon Dance|p2a: Necrozma
|-boost|p2a: Necrozma|atk|1
|-boost|p2a: Necrozma|spe|1
|
|upkeep
|turn|18
|c| HurtaDOO♥|njsfdsnx
|c| Squash|les problèmes
|c| S-Arcobaleno|inchallah c'est pas le redacted
|c| HurtaDOO♥|Pourquoi c'est lui
|c| HurtaDOO♥|aaaaaaaaaaaah
|c|☆Madinina|c weakness policy
|c|☆Madinina|n'est ce pas
|c|☆Madinina|haxxsel
|c| S-Arcobaleno|:pepe:
|c|☆HaxxSel|non c'est choice specs
|c| Astreau|ben nn c'est psychic plate
|c| Astreau|jsp comment ça s'appelle
|c|☆HaxxSel|twisted spoon
|c| Astreau|nn pas ça
|c| Astreau|la plaque
|c| Masskeauuu|mind plate
|c| Astreau|bv
|c|☆HaxxSel|c'est pareil
|c|☆HaxxSel|qui joue les plaques
|c| Astreau|mdrr
|c| Astreau|:sigi:
|j| Ghostricker0197
|
|t:|1622294545
|move|p2a: Necrozma|Earthquake|p1a: Registeel
|-supereffective|p1a: Registeel
|-damage|p1a: Registeel|45/100
|move|p1a: Registeel|Toxic|p2a: Necrozma
|-status|p2a: Necrozma|tox
|
|-heal|p1a: Registeel|51/100|[from] item: Leftovers
|-damage|p2a: Necrozma|82/100 tox|[from] psn
|upkeep
|turn|19
|l| Vulpix Busted ?
|c| HurtaDOO♥|OK
|c| HurtaDOO♥|PEPE
|c| HurtaDOO♥|LE DUCE
|l| Dunoks
|j| Vulpix Busted ?
|c| S-Arcobaleno|phew
|c| HurtaDOO♥|Le véritable
|c| HurtaDOO♥|joueur de légende
|
|t:|1622294579
|move|p1a: Registeel|Protect|p1a: Registeel
|-singleturn|p1a: Registeel|Protect
|move|p2a: Necrozma|Earthquake|p1a: Registeel
|-activate|p1a: Registeel|move: Protect
|
|-heal|p1a: Registeel|57/100|[from] item: Leftovers
|-damage|p2a: Necrozma|70/100 tox|[from] psn
|upkeep
|turn|20
|
|t:|1622294586
|switch|p1a: Obstagoon|Obstagoon, F|24/100 brn
|move|p2a: Necrozma|Earthquake|p1a: Obstagoon
|-damage|p1a: Obstagoon|0 fnt
|faint|p1a: Obstagoon
|
|-damage|p2a: Necrozma|52/100 tox|[from] psn
|upkeep
|
|t:|1622294591
|switch|p1a: Sylveon|Sylveon, F|65/100
|turn|21
|
|t:|1622294604
|move|p1a: Sylveon|Protect|p1a: Sylveon
|-singleturn|p1a: Sylveon|Protect
|move|p2a: Necrozma|Photon Geyser|p1a: Sylveon
|-activate|p1a: Sylveon|move: Protect
|
|-heal|p1a: Sylveon|71/100|[from] item: Leftovers
|-damage|p2a: Necrozma|29/100 tox|[from] psn
|upkeep
|turn|22
|j| Dunoks
|c|☆HaxxSel|gg
|
|t:|1622294610
|move|p2a: Necrozma|Photon Geyser|p1a: Sylveon
|-damage|p1a: Sylveon|12/100
|move|p1a: Sylveon|Hyper Voice|p2a: Necrozma
|-damage|p2a: Necrozma|0 fnt
|faint|p2a: Necrozma
|
|win|Madinina
|c|☆Madinina|gg
|l| Hyss
|l| Ghostricker0197
|c| HurtaDOO♥|LETS GO
