|j|☆yung centibro
|j|☆Bootlegusername
|player|p1|yung centibro|1|1406
|player|p2|Bootlegusername|169|1263
|teamsize|p1|6
|teamsize|p2|6
|gametype|singles
|gen|8
|tier|[Gen 8] RU
|rated|
|rule|Sleep Clause Mod: Limit one foe put to sleep
|rule|Species Clause: Limit one of each Pokémon
|rule|OHKO Clause: OHKO moves are banned
|rule|Evasion Moves Clause: Evasion moves are banned
|rule|Endless Battle Clause: Forcing endless battles is banned
|rule|HP Percentage Mod: HP is shown in percentages
|clearpoke
|poke|p1|Galvantula, F|
|poke|p1|Sigilyph, F|
|poke|p1|Salazzle, F|
|poke|p1|Drednaw, F|
|poke|p1|Silvally-*|
|poke|p1|Rotom|
|poke|p2|Malamar, M|
|poke|p2|Sableye, F|
|poke|p2|Quagsire, M|
|poke|p2|Mr. Rime, F|
|poke|p2|Mantine, M|
|poke|p2|Clefairy, M|
|rule|Dynamax Clause: You cannot dynamax
|teampreview
|inactive|Battle timer is ON: inactive players will automatically lose when time's up. (requested by Bootlegusername)
|inactive|yung centibro has 120 seconds left.
|
|start
|switch|p1a: Galvantula|Galvantula, F|100/100
|switch|p2a: Clefairy|Clefairy, M|100/100
|turn|1
|
|move|p1a: Galvantula|Thunder|p2a: Clefairy
|-damage|p2a: Clefairy|65/100
|-damage|p1a: Galvantula|91/100|[from] item: Life Orb
|move|p2a: Clefairy|Stealth Rock|p1a: Galvantula
|-sidestart|p1: yung centibro|move: Stealth Rock
|
|upkeep
|turn|2
|
|switch|p1a: Drednaw|Drednaw, F|100/100
|-damage|p1a: Drednaw|88/100|[from] Stealth Rock
|move|p2a: Clefairy|Calm Mind|p2a: Clefairy
|-boost|p2a: Clefairy|spa|1
|-boost|p2a: Clefairy|spd|1
|
|upkeep
|turn|3
|
|switch|p2a: Quagsire|Quagsire, M|100/100
|move|p1a: Drednaw|Stealth Rock|p2a: Quagsire
|-sidestart|p2: Bootlegusername|move: Stealth Rock
|
|upkeep
|turn|4
|
|switch|p1a: Sigilyph|Sigilyph, F|100/100
|move|p2a: Quagsire|Toxic|p1a: Sigilyph
|-status|p1a: Sigilyph|tox
|
|upkeep
|turn|5
|
|switch|p2a: Mr. Rime|Mr. Rime, F|100/100
|-damage|p2a: Mr. Rime|76/100|[from] Stealth Rock
|move|p1a: Sigilyph|Heat Wave|p2a: Mr. Rime
|-supereffective|p2a: Mr. Rime
|-damage|p2a: Mr. Rime|3/100
|
|upkeep
|turn|6
|
|move|p1a: Sigilyph|Psyshock|p2a: Mr. Rime
|-resisted|p2a: Mr. Rime
|-damage|p2a: Mr. Rime|0 fnt
|faint|p2a: Mr. Rime
|
|upkeep
|inactive|Bootlegusername has 120 seconds left.
|
|switch|p2a: Sableye|Sableye, F|100/100
|-damage|p2a: Sableye|88/100|[from] Stealth Rock
|turn|7
|inactive|yung centibro has 120 seconds left.
|
|switch|p1a: Silvally|Silvally-Steel|100/100
|-damage|p1a: Silvally|94/100|[from] Stealth Rock
|move|p2a: Sableye|Knock Off|p1a: Silvally
|-damage|p1a: Silvally|74/100
|
|-heal|p2a: Sableye|94/100|[from] item: Leftovers
|upkeep
|turn|8
|
|switch|p1a: Salazzle|Salazzle, F|100/100
|move|p2a: Sableye|Will-O-Wisp|p1a: Salazzle
|-immune|p1a: Salazzle
|
|-heal|p2a: Sableye|100/100|[from] item: Leftovers
|upkeep
|turn|9
|
|switch|p2a: Quagsire|Quagsire, M|100/100
|-damage|p2a: Quagsire|94/100|[from] Stealth Rock
|move|p1a: Salazzle|Toxic|p2a: Quagsire
|-status|p2a: Quagsire|tox
|
|-heal|p2a: Quagsire|100/100 tox|[from] item: Leftovers
|-damage|p2a: Quagsire|94/100 tox|[from] psn
|upkeep
|turn|10
|
|switch|p1a: Sigilyph|Sigilyph, F|100/100 tox
|move|p2a: Quagsire|Scald|p1a: Sigilyph
|-damage|p1a: Sigilyph|72/100 tox
|
|-heal|p2a: Quagsire|100/100 tox|[from] item: Leftovers
|-damage|p2a: Quagsire|88/100 tox|[from] psn
|upkeep
|turn|11
|inactive|yung centibro has 120 seconds left.
|
|switch|p2a: Sableye|Sableye, F|100/100
|-damage|p2a: Sableye|88/100|[from] Stealth Rock
|move|p1a: Sigilyph|Heat Wave|p2a: Sableye
|-damage|p2a: Sableye|52/100
|
|-heal|p2a: Sableye|58/100|[from] item: Leftovers
|upkeep
|turn|12
|
|switch|p1a: Drednaw|Drednaw, F|88/100
|-damage|p1a: Drednaw|76/100|[from] Stealth Rock
|move|p2a: Sableye|Will-O-Wisp|p1a: Drednaw
|-status|p1a: Drednaw|brn
|
|-heal|p2a: Sableye|64/100|[from] item: Leftovers
|-damage|p1a: Drednaw|69/100 brn|[from] brn
|upkeep
|turn|13
|
|move|p2a: Sableye|Recover|p2a: Sableye
|-heal|p2a: Sableye|100/100
|move|p1a: Drednaw|Head Smash|p2a: Sableye
|-damage|p2a: Sableye|46/100
|-damage|p1a: Drednaw|43/100 brn|[from] Recoil
|
|-heal|p2a: Sableye|52/100|[from] item: Leftovers
|-damage|p1a: Drednaw|37/100 brn|[from] brn
|upkeep
|turn|14
|
|switch|p2a: Quagsire|Quagsire, M|88/100 tox
|-damage|p2a: Quagsire|82/100 tox|[from] Stealth Rock
|move|p1a: Drednaw|Head Smash|p2a: Quagsire
|-resisted|p2a: Quagsire
|-damage|p2a: Quagsire|69/100 tox
|-damage|p1a: Drednaw|29/100 brn|[from] Recoil
|
|-heal|p2a: Quagsire|75/100 tox|[from] item: Leftovers
|-damage|p1a: Drednaw|23/100 brn|[from] brn
|-damage|p2a: Quagsire|69/100 tox|[from] psn
|upkeep
|turn|15
|
|switch|p1a: Sigilyph|Sigilyph, F|72/100 tox
|move|p2a: Quagsire|Scald|p1a: Sigilyph
|-damage|p1a: Sigilyph|45/100 tox
|
|-heal|p2a: Quagsire|75/100 tox|[from] item: Leftovers
|-damage|p2a: Quagsire|63/100 tox|[from] psn
|upkeep
|turn|16
|
|switch|p2a: Sableye|Sableye, F|52/100
|-damage|p2a: Sableye|39/100|[from] Stealth Rock
|move|p1a: Sigilyph|Calm Mind|p1a: Sigilyph
|-boost|p1a: Sigilyph|spa|1
|-boost|p1a: Sigilyph|spd|1
|
|-heal|p2a: Sableye|46/100|[from] item: Leftovers
|upkeep
|turn|17
|
|move|p2a: Sableye|Recover|p2a: Sableye
|-heal|p2a: Sableye|96/100
|move|p1a: Sigilyph|Heat Wave|p2a: Sableye
|-damage|p2a: Sableye|40/100
|
|-heal|p2a: Sableye|47/100|[from] item: Leftovers
|upkeep
|turn|18
|
|move|p2a: Sableye|Recover|p2a: Sableye
|-heal|p2a: Sableye|97/100
|move|p1a: Sigilyph|Heat Wave|p2a: Sableye
|-damage|p2a: Sableye|37/100
|
|-heal|p2a: Sableye|43/100|[from] item: Leftovers
|upkeep
|turn|19
|
|move|p2a: Sableye|Recover|p2a: Sableye
|-heal|p2a: Sableye|93/100
|move|p1a: Sigilyph|Heat Wave|p2a: Sableye
|-damage|p2a: Sableye|39/100
|-status|p2a: Sableye|brn
|
|-heal|p2a: Sableye|45/100 brn|[from] item: Leftovers
|-damage|p2a: Sableye|39/100 brn|[from] brn
|upkeep
|turn|20
|
|move|p2a: Sableye|Recover|p2a: Sableye
|-heal|p2a: Sableye|89/100 brn
|move|p1a: Sigilyph|Heat Wave|p2a: Sableye
|-damage|p2a: Sableye|35/100 brn
|
|-heal|p2a: Sableye|41/100 brn|[from] item: Leftovers
|-damage|p2a: Sableye|35/100 brn|[from] brn
|upkeep
|turn|21
|
|move|p2a: Sableye|Recover|p2a: Sableye
|-heal|p2a: Sableye|85/100 brn
|move|p1a: Sigilyph|Roost|p1a: Sigilyph
|-heal|p1a: Sigilyph|96/100 tox
|-singleturn|p1a: Sigilyph|move: Roost
|
|-heal|p2a: Sableye|91/100 brn|[from] item: Leftovers
|-damage|p2a: Sableye|85/100 brn|[from] brn
|upkeep
|turn|22
|
|move|p1a: Sigilyph|Calm Mind|p1a: Sigilyph
|-boost|p1a: Sigilyph|spa|1
|-boost|p1a: Sigilyph|spd|1
|move|p2a: Sableye|Knock Off|p1a: Sigilyph
|-supereffective|p1a: Sigilyph
|-damage|p1a: Sigilyph|60/100 tox
|-enditem|p1a: Sigilyph|Life Orb|[from] move: Knock Off|[of] p2a: Sableye
|
|-heal|p2a: Sableye|91/100 brn|[from] item: Leftovers
|-damage|p2a: Sableye|85/100 brn|[from] brn
|upkeep
|turn|23
|
|move|p2a: Sableye|Taunt|p1a: Sigilyph
|-start|p1a: Sigilyph|move: Taunt
|move|p1a: Sigilyph|Heat Wave|p2a: Sableye
|-damage|p2a: Sableye|22/100 brn
|
|-heal|p2a: Sableye|28/100 brn|[from] item: Leftovers
|-damage|p2a: Sableye|22/100 brn|[from] brn
|upkeep
|turn|24
|
|move|p2a: Sableye|Recover|p2a: Sableye
|-heal|p2a: Sableye|72/100 brn
|move|p1a: Sigilyph|Heat Wave|p2a: Sableye
|-damage|p2a: Sableye|17/100 brn
|
|-heal|p2a: Sableye|23/100 brn|[from] item: Leftovers
|-damage|p2a: Sableye|17/100 brn|[from] brn
|upkeep
|turn|25
|
|move|p2a: Sableye|Recover|p2a: Sableye
|-heal|p2a: Sableye|67/100 brn
|move|p1a: Sigilyph|Heat Wave|p2a: Sableye|[miss]
|-miss|p1a: Sigilyph|p2a: Sableye
|
|-heal|p2a: Sableye|73/100 brn|[from] item: Leftovers
|-damage|p2a: Sableye|67/100 brn|[from] brn
|-end|p1a: Sigilyph|move: Taunt
|upkeep
|turn|26
|
|move|p2a: Sableye|Taunt|p1a: Sigilyph
|-start|p1a: Sigilyph|move: Taunt
|move|p1a: Sigilyph|Heat Wave|p2a: Sableye|[miss]
|-miss|p1a: Sigilyph|p2a: Sableye
|
|-heal|p2a: Sableye|73/100 brn|[from] item: Leftovers
|-damage|p2a: Sableye|67/100 brn|[from] brn
|upkeep
|turn|27
|
|move|p1a: Sigilyph|Heat Wave|p2a: Sableye
|-damage|p2a: Sableye|7/100 brn
|move|p2a: Sableye|Knock Off|p1a: Sigilyph
|-supereffective|p1a: Sigilyph
|-damage|p1a: Sigilyph|35/100 tox
|
|-heal|p2a: Sableye|13/100 brn|[from] item: Leftovers
|-damage|p2a: Sableye|7/100 brn|[from] brn
|upkeep
|turn|28
|
|move|p2a: Sableye|Recover|p2a: Sableye
|-heal|p2a: Sableye|57/100 brn
|move|p1a: Sigilyph|Heat Wave|p2a: Sableye
|-damage|p2a: Sableye|0 fnt
|faint|p2a: Sableye
|
|-end|p1a: Sigilyph|move: Taunt
|upkeep
|
|switch|p2a: Malamar|Malamar, M|100/100
|-damage|p2a: Malamar|88/100|[from] Stealth Rock
|turn|29
|
|switch|p1a: Drednaw|Drednaw, F|23/100 brn
|-damage|p1a: Drednaw|10/100 brn|[from] Stealth Rock
|move|p2a: Malamar|Acupressure|p2a: Malamar
|-boost|p2a: Malamar|spd|2
|
|-heal|p2a: Malamar|94/100|[from] item: Leftovers
|-damage|p1a: Drednaw|4/100 brn|[from] brn
|upkeep
|turn|30
|
|move|p1a: Drednaw|Head Smash|p2a: Malamar
|-damage|p2a: Malamar|60/100
|-damage|p1a: Drednaw|0 fnt|[from] Recoil
|faint|p1a: Drednaw
|move|p2a: Malamar|Acupressure|p2a: Malamar
|-boost|p2a: Malamar|spd|2
|
|-heal|p2a: Malamar|66/100|[from] item: Leftovers
|upkeep
|
|switch|p1a: Galvantula|Galvantula, F|91/100
|-damage|p1a: Galvantula|66/100|[from] Stealth Rock
|turn|31
|
|move|p1a: Galvantula|Bug Buzz|p2a: Malamar
|-supereffective|p2a: Malamar
|-damage|p2a: Malamar|15/100
|-damage|p1a: Galvantula|56/100|[from] item: Life Orb
|move|p2a: Malamar|Stored Power|p1a: Galvantula
|-damage|p1a: Galvantula|13/100
|
|-heal|p2a: Malamar|21/100|[from] item: Leftovers
|upkeep
|turn|32
|c|☆yung centibro|that's a hot set
|inactive|yung centibro has 120 seconds left.
|c|☆yung centibro|cant even lie
|
|move|p1a: Galvantula|Bug Buzz|p2a: Malamar
|-supereffective|p2a: Malamar
|-damage|p2a: Malamar|0 fnt
|-damage|p1a: Galvantula|3/100|[from] item: Life Orb
|faint|p2a: Malamar
|
|upkeep
|
|switch|p2a: Clefairy|Clefairy, M|65/100
|turn|33
|
|move|p1a: Galvantula|Thunder|p2a: Clefairy
|-damage|p2a: Clefairy|28/100
|-damage|p1a: Galvantula|0 fnt|[from] item: Life Orb
|faint|p1a: Galvantula
|move|p2a: Clefairy|Moonlight|p2a: Clefairy
|-heal|p2a: Clefairy|78/100
|
|upkeep
|c|☆Bootlegusername|yeah lol
|
|switch|p1a: Sigilyph|Sigilyph, F|35/100 tox
|turn|34
|
|switch|p2a: Mantine|Mantine, M|100/100
|move|p1a: Sigilyph|Roost|p1a: Sigilyph
|-heal|p1a: Sigilyph|85/100 tox
|-singleturn|p1a: Sigilyph|move: Roost
|
|upkeep
|turn|35
|
|move|p1a: Sigilyph|Calm Mind|p1a: Sigilyph
|-boost|p1a: Sigilyph|spa|1
|-boost|p1a: Sigilyph|spd|1
|move|p2a: Mantine|Scald|p1a: Sigilyph
|-damage|p1a: Sigilyph|61/100 tox
|
|upkeep
|turn|36
|
|move|p1a: Sigilyph|Psyshock|p2a: Mantine
|-damage|p2a: Mantine|40/100
|move|p2a: Mantine|Haze|p2a: Mantine
|-clearallboost
|
|upkeep
|turn|37
|
|move|p1a: Sigilyph|Psyshock|p2a: Mantine
|-damage|p2a: Mantine|0 fnt
|faint|p2a: Mantine
|
|upkeep
|
|switch|p2a: Clefairy|Clefairy, M|78/100
|turn|38
|c|☆Bootlegusername|gg
|-message|Bootlegusername forfeited.
|
|win|yung centibro
|c|☆yung centibro|gg
|l|☆Bootlegusername
