|j|☆Davicin
|j|☆jk malding
|t:|1647124345
|gametype|singles
|player|p1|Davicin|102|1483
|player|p2|jk malding|#ssdivmambas|1499
|teamsize|p1|6
|teamsize|p2|6
|gen|8
|tier|[Gen 8] RU
|rated|
|rule|Sleep Clause Mod: Limit one foe put to sleep
|rule|Species Clause: Limit one of each Pokémon
|rule|OHKO Clause: OHKO moves are banned
|rule|Evasion Moves Clause: Evasion moves are banned
|rule|Endless Battle Clause: Forcing endless battles is banned
|rule|HP Percentage Mod: HP is shown in percentages
|rule|Dynamax Clause: You cannot dynamax
|clearpoke
|poke|p1|Sandslash-Alola, F|
|poke|p1|Chandelure, M|
|poke|p1|Abomasnow, F|
|poke|p1|Vanilluxe, F|
|poke|p1|Arctovish|
|poke|p1|Flygon, F|
|poke|p2|Gardevoir, F|
|poke|p2|Polteageist|
|poke|p2|Cobalion|
|poke|p2|Heracross, F|
|poke|p2|Flygon, M|
|poke|p2|Xurkitree|
|teampreview
|j| Dylanx98
|inactive|Battle timer is ON: inactive players will automatically lose when time's up. (requested by Davicin)
|inactive|jk malding has 120 seconds left.
|c|☆jk malding|hf
|
|t:|1647124403
|start
|switch|p1a: Chandelure|Chandelure, M, shiny|100/100
|switch|p2a: Heracross|Heracross, F|100/100
|turn|1
|c|☆Davicin|??
|c|☆jk malding|have fun
|
|t:|1647124420
|move|p1a: Chandelure|Heat Wave|p2a: Heracross
|-supereffective|p2a: Heracross
|-enditem|p2a: Heracross|Focus Sash
|-damage|p2a: Heracross|1/100
|move|p2a: Heracross|Spikes|p1a: Chandelure
|-sidestart|p1: Davicin|Spikes
|
|upkeep
|turn|2
|
|t:|1647124429
|switch|p2a: Flygon|Flygon, M|100/100
|move|p1a: Chandelure|Heat Wave|p2a: Flygon
|-resisted|p2a: Flygon
|-damage|p2a: Flygon|66/100
|
|upkeep
|turn|3
|
|t:|1647124438
|switch|p1a: Flygon|Flygon, F, shiny|100/100
|switch|p2a: Cobalion|Cobalion|100/100
|
|upkeep
|turn|4
|c|☆Davicin|Spanish
|
|t:|1647124445
|move|p2a: Cobalion|Stealth Rock|p1a: Flygon
|-sidestart|p1: Davicin|move: Stealth Rock
|move|p1a: Flygon|Earthquake|p2a: Cobalion
|-supereffective|p2a: Cobalion
|-damage|p2a: Cobalion|37/100
|
|upkeep
|turn|5
|
|t:|1647124451
|switch|p2a: Gardevoir|Gardevoir, F|100/100
|-ability|p2a: Gardevoir|Levitate|[from] ability: Trace|[of] p1a: Flygon
|move|p1a: Flygon|Defog|p2a: Gardevoir
|-unboost|p2a: Gardevoir|evasion|1
|-sideend|p1: Davicin|Spikes|[from] move: Defog|[of] p1a: Flygon
|-sideend|p1: Davicin|Stealth Rock|[from] move: Defog|[of] p1a: Flygon
|
|upkeep
|turn|6
|
|t:|1647124460
|switch|p2a: Heracross|Heracross, F|1/100
|move|p1a: Flygon|U-turn|p2a: Heracross
|-resisted|p2a: Heracross
|-damage|p2a: Heracross|0 fnt
|faint|p2a: Heracross
|
|t:|1647124468
|switch|p1a: Vanilluxe|Vanilluxe, F|100/100|[from]move: U-turn
|-weather|Hail|[from] ability: Snow Warning|[of] p1a: Vanilluxe
|
|-weather|Hail|[upkeep]
|upkeep
|
|t:|1647124473
|switch|p2a: Cobalion|Cobalion|37/100
|turn|7
|
|t:|1647124478
|switch|p1a: Chandelure|Chandelure, M, shiny|100/100
|move|p2a: Cobalion|Stealth Rock|p1a: Chandelure
|-sidestart|p1: Davicin|move: Stealth Rock
|
|-weather|Hail|[upkeep]
|-damage|p1a: Chandelure|94/100|[from] Hail
|-damage|p2a: Cobalion|31/100|[from] Hail
|upkeep
|turn|8
|
|t:|1647124486
|move|p1a: Chandelure|Shadow Ball|p2a: Cobalion
|-damage|p2a: Cobalion|0 fnt
|faint|p2a: Cobalion
|
|-weather|Hail|[upkeep]
|-damage|p1a: Chandelure|88/100|[from] Hail
|upkeep
|
|t:|1647124493
|switch|p2a: Flygon|Flygon, M|66/100
|turn|9
|
|t:|1647124496
|move|p1a: Chandelure|Shadow Ball|p2a: Flygon
|-damage|p2a: Flygon|2/100
|move|p2a: Flygon|Dragon Dance|p2a: Flygon
|-boost|p2a: Flygon|atk|1
|-boost|p2a: Flygon|spe|1
|
|-weather|Hail|[upkeep]
|-damage|p2a: Flygon|0 fnt|[from] Hail
|-damage|p1a: Chandelure|82/100|[from] Hail
|faint|p2a: Flygon
|upkeep
|
|t:|1647124509
|switch|p2a: Xurkitree|Xurkitree|100/100
|turn|10
|
|t:|1647124514
|switch|p1a: Flygon|Flygon, F, shiny|100/100
|-damage|p1a: Flygon|94/100|[from] Stealth Rock
|move|p2a: Xurkitree|Thunderbolt|p1a: Flygon
|-immune|p1a: Flygon
|
|-weather|Hail|[upkeep]
|-damage|p1a: Flygon|88/100|[from] Hail
|-damage|p2a: Xurkitree|94/100|[from] Hail
|-heal|p1a: Flygon|94/100|[from] item: Leftovers
|upkeep
|turn|11
|
|t:|1647124526
|switch|p2a: Gardevoir|Gardevoir, F|100/100
|-ability|p2a: Gardevoir|Levitate|[from] ability: Trace|[of] p1a: Flygon
|move|p1a: Flygon|U-turn|p2a: Gardevoir
|-damage|p2a: Gardevoir|74/100
|
|t:|1647124533
|switch|p1a: Arctovish|Arctovish, shiny|100/100|[from]move: U-turn
|-damage|p1a: Arctovish|76/100|[from] Stealth Rock
|
|-weather|Hail|[upkeep]
|-damage|p2a: Gardevoir|68/100|[from] Hail
|upkeep
|turn|12
|
|t:|1647124541
|switch|p2a: Xurkitree|Xurkitree|94/100
|move|p1a: Arctovish|Fishious Rend|p2a: Xurkitree
|-damage|p2a: Xurkitree|0 fnt
|faint|p2a: Xurkitree
|
|-weather|Hail|[upkeep]
|upkeep
|
|t:|1647124544
|switch|p2a: Gardevoir|Gardevoir, F|68/100
|-ability|p2a: Gardevoir|Slush Rush|[from] ability: Trace|[of] p1a: Arctovish
|turn|13
|
|t:|1647124553
|move|p2a: Gardevoir|Memento|p1a: Arctovish
|-unboost|p1a: Arctovish|atk|2
|-unboost|p1a: Arctovish|spa|2
|faint|p2a: Gardevoir
|move|p1a: Arctovish|Fishious Rend|p2: Gardevoir|[notarget]
|-fail|p1a: Arctovish
|
|-weather|none
|upkeep
|
|t:|1647124555
|switch|p2a: Polteageist|Polteageist|100/100
|turn|14
|
|t:|1647124566
|switch|p1a: Vanilluxe|Vanilluxe, F|100/100
|-damage|p1a: Vanilluxe|76/100|[from] Stealth Rock
|-weather|Hail|[from] ability: Snow Warning|[of] p1a: Vanilluxe
|move|p2a: Polteageist|Shell Smash|p2a: Polteageist
|-unboost|p2a: Polteageist|def|1
|-unboost|p2a: Polteageist|spd|1
|-boost|p2a: Polteageist|atk|2
|-boost|p2a: Polteageist|spa|2
|-boost|p2a: Polteageist|spe|2
|-enditem|p2a: Polteageist|White Herb
|-clearnegativeboost|p2a: Polteageist|[silent]
|
|-weather|Hail|[upkeep]
|-damage|p2a: Polteageist|95/100|[from] Hail
|upkeep
|turn|15
|
|t:|1647124583
|move|p2a: Polteageist|Shadow Ball|p1a: Vanilluxe
|-damage|p1a: Vanilluxe|0 fnt
|faint|p1a: Vanilluxe
|
|-weather|Hail|[upkeep]
|-damage|p2a: Polteageist|89/100|[from] Hail
|upkeep
|
|t:|1647124591
|switch|p1a: Sandslash|Sandslash-Alola, F, shiny|100/100
|-damage|p1a: Sandslash|88/100|[from] Stealth Rock
|turn|16
|inactive|jk malding has 120 seconds left.
|
|t:|1647124640
|move|p1a: Sandslash|Knock Off|p2a: Polteageist
|-supereffective|p2a: Polteageist
|-damage|p2a: Polteageist|4/100
|-damage|p1a: Sandslash|78/100|[from] item: Life Orb
|move|p2a: Polteageist|Shadow Ball|p1a: Sandslash
|-damage|p1a: Sandslash|0 fnt
|faint|p1a: Sandslash
|
|-weather|Hail|[upkeep]
|-damage|p2a: Polteageist|0 fnt|[from] Hail
|faint|p2a: Polteageist
|
|win|Davicin
|upkeep
|raw|Davicin's rating: 1483 &rarr; <strong>1504</strong><br />(+21 for winning)
|raw|jk malding's rating: 1499 &rarr; <strong>1478</strong><br />(-21 for losing)
|l|☆jk malding
|l| Dylanx98
||Ladder isn't responding, score probably updated but might not have (Request timeout).
