|j|☆kjjs
|j|☆Gatorboy
|player|p1|kjjs|parasollady|1483
|player|p2|Gatorboy|darach|1544
|teamsize|p1|6
|teamsize|p2|6
|gametype|singles
|gen|8
|tier|[Gen 8] RU
|rated|
|clearpoke
|poke|p1|Ribombee, M|
|poke|p1|Vanilluxe, F|
|poke|p1|Rhydon, M|
|poke|p1|Silvally-*|
|poke|p1|Linoone, M|
|poke|p1|Scrafty, F|
|poke|p2|Vanilluxe, F|
|poke|p2|Sandslash-Alola, F|
|poke|p2|Linoone, F|
|poke|p2|Machamp, M|
|poke|p2|Espeon, M|
|poke|p2|Scrafty, M|
|rule|Sleep Clause Mod: Limit one foe put to sleep
|rule|Species Clause: Limit one of each Pokémon
|rule|OHKO Clause: OHKO moves are banned
|rule|Evasion Moves Clause: Evasion moves are banned
|rule|Endless Battle Clause: Forcing endless battles is banned
|rule|HP Percentage Mod: HP is shown in percentages
|rule|Dynamax Clause: You cannot dynamax
|teampreview
|j| hjkhj ㋛
|inactive|Battle timer is ON: inactive players will automatically lose when time's up. (requested by Gatorboy)
|
|start
|switch|p1a: Ribombee|Ribombee, M|100/100
|switch|p2a: Vanilluxe|Vanilluxe, F|100/100
|-weather|Hail|[from] ability: Snow Warning|[of] p2a: Vanilluxe
|turn|1
|
|move|p1a: Ribombee|Light Screen|p1a: Ribombee
|-sidestart|p1: kjjs|move: Light Screen
|move|p2a: Vanilluxe|Blizzard|p1a: Ribombee
|-damage|p1a: Ribombee|62/100
|
|-weather|Hail|[upkeep]
|-damage|p1a: Ribombee|56/100|[from] Hail
|upkeep
|turn|2
|
|move|p1a: Ribombee|Reflect|p1a: Ribombee
|-sidestart|p1: kjjs|Reflect
|move|p2a: Vanilluxe|Blizzard|p1a: Ribombee
|-damage|p1a: Ribombee|18/100
|
|-weather|Hail|[upkeep]
|-damage|p1a: Ribombee|11/100|[from] Hail
|upkeep
|turn|3
|inactive|Gatorboy has 120 seconds left.
|j| Aquarius Ghost ❤
|inactive|Gatorboy has 90 seconds left.
|
|move|p2a: Vanilluxe|Ice Shard|p1a: Ribombee
|-damage|p1a: Ribombee|0 fnt
|faint|p1a: Ribombee
|
|-weather|Hail|[upkeep]
|upkeep
|
|switch|p1a: Silvally|Silvally-Fairy|100/100
|turn|4
|
|switch|p2a: Sandslash|Sandslash-Alola, F|100/100
|move|p1a: Silvally|Swords Dance|p1a: Silvally
|-boost|p1a: Silvally|atk|2
|
|-weather|Hail|[upkeep]
|-damage|p1a: Silvally|94/100|[from] Hail
|upkeep
|turn|5
|
|move|p2a: Sandslash|Aurora Veil|p2a: Sandslash
|-sidestart|p2: Gatorboy|move: Aurora Veil
|move|p1a: Silvally|Flame Charge|p2a: Sandslash
|-supereffective|p2a: Sandslash
|-damage|p2a: Sandslash|49/100
|-boost|p1a: Silvally|spe|1
|
|-weather|none
|upkeep
|turn|6
|
|move|p1a: Silvally|Flame Charge|p2a: Sandslash
|-supereffective|p2a: Sandslash
|-damage|p2a: Sandslash|0 fnt
|-boost|p1a: Silvally|spe|1
|faint|p2a: Sandslash
|
|upkeep
|inactive|Gatorboy has 90 seconds left.
|
|switch|p2a: Espeon|Espeon, M|100/100
|turn|7
|
|move|p1a: Silvally|Multi-Attack|p2a: Espeon
|-damage|p2a: Espeon|13/100
|move|p2a: Espeon|Grass Knot|p1a: Silvally
|-damage|p1a: Silvally|76/100
|
|upkeep
|turn|8
|
|move|p1a: Silvally|Swords Dance|p1a: Silvally
|-boost|p1a: Silvally|atk|2
|move|p2a: Espeon|Grass Knot|p1a: Silvally
|-damage|p1a: Silvally|58/100
|
|-sideend|p1: kjjs|move: Light Screen
|upkeep
|turn|9
|
|move|p1a: Silvally|Multi-Attack|p2a: Espeon
|-crit|p2a: Espeon
|-damage|p2a: Espeon|0 fnt
|faint|p2a: Espeon
|
|-sideend|p1: kjjs|Reflect
|upkeep
|
|switch|p2a: Vanilluxe|Vanilluxe, F|100/100
|-weather|Hail|[from] ability: Snow Warning|[of] p2a: Vanilluxe
|turn|10
|
|move|p1a: Silvally|Multi-Attack|p2a: Vanilluxe
|-enditem|p2a: Vanilluxe|Focus Sash
|-damage|p2a: Vanilluxe|1/100
|move|p2a: Vanilluxe|Blizzard|p1a: Silvally
|-damage|p1a: Silvally|0 fnt
|faint|p1a: Silvally
|
|-weather|Hail|[upkeep]
|upkeep
|
|switch|p1a: Vanilluxe|Vanilluxe, F|100/100
|turn|11
|
|move|p1a: Vanilluxe|Aurora Veil|p1a: Vanilluxe
|-sidestart|p1: kjjs|move: Aurora Veil
|move|p2a: Vanilluxe|Explosion|p1a: Vanilluxe
|-damage|p1a: Vanilluxe|49/100
|faint|p2a: Vanilluxe
|
|-weather|Hail|[upkeep]
|upkeep
|
|switch|p2a: Scrafty|Scrafty, M|100/100
|turn|12
|
|move|p1a: Vanilluxe|Taunt|p2a: Scrafty
|-start|p2a: Scrafty|move: Taunt
|cant|p2a: Scrafty|move: Taunt|Dragon Dance
|
|-weather|Hail|[upkeep]
|-damage|p2a: Scrafty|95/100|[from] Hail
|-sideend|p2: Gatorboy|move: Aurora Veil
|upkeep
|turn|13
|
|switch|p2a: Machamp|Machamp, M|100/100
|move|p1a: Vanilluxe|Blizzard|p2a: Machamp
|-crit|p2a: Machamp
|-damage|p2a: Machamp|9/100
|
|-weather|Hail|[upkeep]
|-damage|p2a: Machamp|2/100|[from] Hail
|-status|p2a: Machamp|brn|[from] item: Flame Orb
|upkeep
|turn|14
|
|move|p1a: Vanilluxe|Blizzard|p2a: Machamp
|-damage|p2a: Machamp|0 fnt
|faint|p2a: Machamp
|
|-weather|none
|upkeep
|
|switch|p2a: RU KING|Linoone, F|100/100
|turn|15
|
|move|p1a: Vanilluxe|Explosion|p2a: RU KING
|-damage|p2a: RU KING|20/100
|-enditem|p2a: RU KING|Figy Berry|[eat]
|-heal|p2a: RU KING|53/100|[from] item: Figy Berry
|faint|p1a: Vanilluxe
|move|p2a: RU KING|Belly Drum|p2a: RU KING
|-damage|p2a: RU KING|3/100
|-setboost|p2a: RU KING|atk|6|[from] move: Belly Drum
|
|upkeep
|
|switch|p1a: Linoone|Linoone, M|100/100
|turn|16
|
|move|p1a: Linoone|Extreme Speed|p2a: RU KING
|-damage|p2a: RU KING|0 fnt
|faint|p2a: RU KING
|
|upkeep
|
|switch|p2a: Scrafty|Scrafty, M|95/100
|turn|17
|
|move|p1a: Linoone|Belly Drum|p1a: Linoone
|-damage|p1a: Linoone|50/100
|-setboost|p1a: Linoone|atk|6|[from] move: Belly Drum
|-enditem|p1a: Linoone|Figy Berry|[eat]
|-heal|p1a: Linoone|83/100|[from] item: Figy Berry
|move|p2a: Scrafty|Close Combat|p1a: Linoone
|-supereffective|p1a: Linoone
|-damage|p1a: Linoone|0 fnt
|-unboost|p2a: Scrafty|def|1
|-unboost|p2a: Scrafty|spd|1
|faint|p1a: Linoone
|-ability|p2a: Scrafty|Moxie|boost
|-boost|p2a: Scrafty|atk|1
|
|upkeep
|
|switch|p1a: Scrafty|Scrafty, F|100/100
|turn|18
|
|move|p1a: Scrafty|Close Combat|p2a: Scrafty
|-supereffective|p2a: Scrafty
|-enditem|p2a: Scrafty|Chople Berry|[eat]
|-enditem|p2a: Scrafty|Chople Berry|[weaken]
|-damage|p2a: Scrafty|6/100
|-unboost|p1a: Scrafty|def|1
|-unboost|p1a: Scrafty|spd|1
|move|p2a: Scrafty|Dragon Dance|p2a: Scrafty
|-boost|p2a: Scrafty|atk|1
|-boost|p2a: Scrafty|spe|1
|
|-sideend|p1: kjjs|move: Aurora Veil
|upkeep
|turn|19
|
|move|p2a: Scrafty|Close Combat|p1a: Scrafty
|-supereffective|p1a: Scrafty
|-damage|p1a: Scrafty|0 fnt
|-unboost|p2a: Scrafty|def|1
|-unboost|p2a: Scrafty|spd|1
|faint|p1a: Scrafty
|-ability|p2a: Scrafty|Moxie|boost
|-boost|p2a: Scrafty|atk|1
|
|upkeep
|
|switch|p1a: Rhydon|Rhydon, M|100/100
|turn|20
|
|move|p2a: Scrafty|Close Combat|p1a: Rhydon
|-supereffective|p1a: Rhydon
|-damage|p1a: Rhydon|0 fnt
|-unboost|p2a: Scrafty|def|1
|-unboost|p2a: Scrafty|spd|1
|faint|p1a: Rhydon
|
|win|Gatorboy
|c|☆Gatorboy|gg
|c|☆kjjs|gg
|l|☆kjjs
|l| Aquarius Ghost ❤
||Ladder (probably) updated, but score could not be retrieved (Request timeout).
