|html|<div class="broadcast-blue"><strong>[Gen 8] RU is currently suspecting Thundurus! For information on how to participate check out the <a href="https://www.smogon.com/forums/threads/np-ru-stage-5-electric-feel-thundurus-suspect.3676870/">suspect thread</a>.</strong></div>
|j|☆Glidinganteater
|j|☆RUT8 Floor Mat
|t:|1611932716
|player|p1|Glidinganteater|palmer|1372
|player|p2|RUT8 Floor Mat|unknown|1287
|teamsize|p1|6
|teamsize|p2|6
|gametype|singles
|gen|8
|tier|[Gen 8] RU
|rated|
|clearpoke
|poke|p1|Noivern, M|
|poke|p1|Golurk|
|poke|p1|Raikou|
|poke|p1|Incineroar, M|
|poke|p1|Seismitoad, M|
|poke|p1|Togekiss, F|
|poke|p2|Golisopod, M|
|poke|p2|Zarude-Dada|
|poke|p2|Toxtricity, F|
|poke|p2|Zygarde-10%|
|poke|p2|Togekiss, F|
|poke|p2|Darmanitan, M|
|rule|Sleep Clause Mod: Limit one foe put to sleep
|rule|Species Clause: Limit one of each Pokémon
|rule|OHKO Clause: OHKO moves are banned
|rule|Evasion Moves Clause: Evasion moves are banned
|rule|Endless Battle Clause: Forcing endless battles is banned
|rule|HP Percentage Mod: HP is shown in percentages
|rule|Dynamax Clause: You cannot dynamax
|teampreview
|c|☆RUT8 Floor Mat|hf!
|inactive|Battle timer is ON: inactive players will automatically lose when time's up. (requested by RUT8 Floor Mat)
|
|t:|1611932729
|start
|switch|p1a: Incineroar|Incineroar, M|100/100
|switch|p2a: Darmanitan|Darmanitan, M|100/100
|-ability|p1a: Incineroar|Intimidate|boost
|-unboost|p2a: Darmanitan|atk|1
|turn|1
|
|t:|1611932735
|move|p2a: Darmanitan|U-turn|p1a: Incineroar
|-damage|p1a: Incineroar|84/100
|
|t:|1611932739
|switch|p2a: Golisopod|Golisopod, M|100/100|[from]move: U-turn
|move|p1a: Incineroar|Parting Shot|p2a: Golisopod
|-unboost|p2a: Golisopod|atk|1
|-unboost|p2a: Golisopod|spa|1
|
|t:|1611932746
|switch|p1a: Seismitoad|Seismitoad, M|100/100|[from]move: Parting Shot
|
|upkeep
|turn|2
|
|t:|1611932751
|move|p1a: Seismitoad|Stealth Rock|p2a: Golisopod
|-sidestart|p2: RUT8 Floor Mat|move: Stealth Rock
|move|p2a: Golisopod|Spikes|p1a: Seismitoad
|-sidestart|p1: Glidinganteater|Spikes
|
|upkeep
|turn|3
|
|t:|1611932757
|switch|p1a: Togekiss|Togekiss, F|100/100
|move|p2a: Golisopod|Knock Off|p1a: Togekiss
|-resisted|p1a: Togekiss
|-damage|p1a: Togekiss|91/100
|-enditem|p1a: Togekiss|Heavy-Duty Boots|[from] move: Knock Off|[of] p2a: Golisopod
|
|upkeep
|turn|4
|
|t:|1611932768
|switch|p2a: Toxtricity|Toxtricity, F|100/100
|-damage|p2a: Toxtricity|88/100|[from] Stealth Rock
|move|p1a: Togekiss|Defog|p2a: Toxtricity
|-unboost|p2a: Toxtricity|evasion|1
|-sideend|p2: RUT8 Floor Mat|Stealth Rock|[from] move: Defog|[of] p1a: Togekiss
|-sideend|p1: Glidinganteater|Spikes|[from] move: Defog|[of] p1a: Togekiss
|
|upkeep
|turn|5
|
|t:|1611932776
|switch|p1a: Golurk|Golurk|100/100
|move|p2a: Toxtricity|Snarl|p1a: Golurk
|-supereffective|p1a: Golurk
|-damage|p1a: Golurk|12/100
|-unboost|p1a: Golurk|spa|1
|
|upkeep
|turn|6
|
|t:|1611932784
|switch|p2a: Zarude|Zarude-Dada|100/100
|switch|p1a: Incineroar|Incineroar, M|84/100
|-ability|p1a: Incineroar|Intimidate|boost
|-unboost|p2a: Zarude|atk|1
|
|upkeep
|turn|7
|
|t:|1611932791
|move|p2a: Zarude|U-turn|p1a: Incineroar
|-damage|p1a: Incineroar|69/100
|
|t:|1611932793
|switch|p2a: Golisopod|Golisopod, M|100/100|[from]move: U-turn
|move|p1a: Incineroar|Parting Shot|p2a: Golisopod
|-unboost|p2a: Golisopod|atk|1
|-unboost|p2a: Golisopod|spa|1
|
|t:|1611932810
|switch|p1a: Raikou|Raikou|100/100|[from]move: Parting Shot
|-ability|p1a: Raikou|Pressure
|
|upkeep
|turn|8
|
|t:|1611932820
|switch|p2a: Zarude|Zarude-Dada|100/100
|move|p1a: Raikou|Substitute|p1a: Raikou
|-start|p1a: Raikou|Substitute
|-damage|p1a: Raikou|76/100
|
|-heal|p1a: Raikou|82/100|[from] item: Leftovers
|upkeep
|turn|9
|
|t:|1611932827
|move|p1a: Raikou|Scald|p2a: Zarude
|-resisted|p2a: Zarude
|-damage|p2a: Zarude|88/100
|move|p2a: Zarude|Darkest Lariat|p1a: Raikou
|-end|p1a: Raikou|Substitute
|
|-heal|p1a: Raikou|88/100|[from] item: Leftovers
|upkeep
|turn|10
|
|t:|1611932837
|switch|p1a: Noivern|Noivern, M|100/100
|move|p2a: Zarude|U-turn|p1a: Noivern
|-resisted|p1a: Noivern
|-damage|p1a: Noivern|85/100
|
|t:|1611932842
|switch|p2a: Darmanitan|Darmanitan, M|100/100|[from]move: U-turn
|
|upkeep
|turn|11
|
|t:|1611932849
|switch|p1a: Seismitoad|Seismitoad, M|100/100
|move|p2a: Darmanitan|U-turn|p1a: Seismitoad
|-damage|p1a: Seismitoad|81/100
|
|t:|1611932854
|switch|p2a: Zarude|Zarude-Dada|88/100|[from]move: U-turn
|
|-heal|p1a: Seismitoad|87/100|[from] item: Leftovers
|upkeep
|turn|12
|
|t:|1611932862
|switch|p1a: Noivern|Noivern, M|85/100
|move|p2a: Zarude|U-turn|p1a: Noivern
|-resisted|p1a: Noivern
|-damage|p1a: Noivern|70/100
|
|t:|1611932867
|switch|p2a: Darmanitan|Darmanitan, M|100/100|[from]move: U-turn
|
|upkeep
|turn|13
|
|t:|1611932870
|move|p2a: Darmanitan|Rock Slide|p1a: Noivern
|-supereffective|p1a: Noivern
|-damage|p1a: Noivern|0 fnt
|faint|p1a: Noivern
|
|upkeep
|-message|Glidinganteater forfeited.
|
|win|RUT8 Floor Mat
|l|☆Glidinganteater
||Ladder (probably) updated, but score could not be retrieved (Request timeout).
