|j|☆shoxwon
|j|☆JLT3 oSuave
|player|p1|shoxwon|99|1464
|player|p2|JLT3 oSuave|ethan-gen2c|1438
|teamsize|p1|6
|teamsize|p2|6
|gametype|singles
|gen|8
|tier|[Gen 8] RU
|rated|
|clearpoke
|poke|p1|Vileplume, M|
|poke|p1|Passimian, F|
|poke|p1|Slurpuff, M|
|poke|p1|Vikavolt, M|
|poke|p1|Coalossal, M|
|poke|p1|Vanilluxe, M|
|poke|p2|Sableye, F|
|poke|p2|Mantine, M|
|poke|p2|Snorlax, F|
|poke|p2|Steelix, F|
|poke|p2|Salazzle, F|
|poke|p2|Cramorant, F|
|rule|Sleep Clause Mod: Limit one foe put to sleep
|rule|Species Clause: Limit one of each Pokémon
|rule|OHKO Clause: OHKO moves are banned
|rule|Evasion Moves Clause: Evasion moves are banned
|rule|Endless Battle Clause: Forcing endless battles is banned
|rule|HP Percentage Mod: HP is shown in percentages
|rule|Dynamax Clause: You cannot dynamax
|teampreview
|inactive|Battle timer is ON: inactive players will automatically lose when time's up. (requested by shoxwon)
|
|start
|switch|p1a: Passimian|Passimian, F|100/100
|switch|p2a: Cramorant|Cramorant, F, shiny|100/100
|turn|1
|
|move|p1a: Passimian|Knock Off|p2a: Cramorant
|-damage|p2a: Cramorant|68/100
|-enditem|p2a: Cramorant|Heavy-Duty Boots|[from] move: Knock Off|[of] p1a: Passimian
|move|p2a: Cramorant|Hurricane|p1a: Passimian
|-supereffective|p1a: Passimian
|-damage|p1a: Passimian|0 fnt
|faint|p1a: Passimian
|
|upkeep
|
|switch|p1a: Vikavolt|Vikavolt, M|100/100
|turn|2
|
|switch|p2a: Snorlax|Snorlax, F|100/100
|move|p1a: Vikavolt|Energy Ball|p2a: Snorlax
|-damage|p2a: Snorlax|70/100
|
|-heal|p2a: Snorlax|76/100|[from] item: Leftovers
|upkeep
|turn|3
|
|switch|p1a: Coalossal|Coalossal, M|100/100
|-item|p1a: Coalossal|Air Balloon
|switch|p2a: Cramorant|Cramorant, F, shiny|68/100
|
|upkeep
|turn|4
|
|switch|p1a: Vileplume|Vileplume, M|100/100
|move|p2a: Cramorant|Surf|p1a: Vileplume
|-resisted|p1a: Vileplume
|-formechange|p2a: Cramorant|Cramorant-Gulping|
|-damage|p1a: Vileplume|86/100
|
|-heal|p1a: Vileplume|92/100|[from] item: Black Sludge
|upkeep
|turn|5
|
|switch|p1a: Vanilluxe|Vanilluxe, M|100/100
|-weather|Hail|[from] ability: Snow Warning|[of] p1a: Vanilluxe
|move|p2a: Cramorant|Hurricane|p1a: Vanilluxe
|-damage|p1a: Vanilluxe|61/100
|
|-weather|Hail|[upkeep]
|-damage|p2a: Cramorant|61/100|[from] Hail
|upkeep
|turn|6
|
|switch|p2a: Snorlax|Snorlax, F|76/100
|move|p1a: Vanilluxe|Aurora Veil|p1a: Vanilluxe
|-sidestart|p1: shoxwon|move: Aurora Veil
|
|-weather|Hail|[upkeep]
|-damage|p2a: Snorlax|70/100|[from] Hail
|-heal|p2a: Snorlax|76/100|[from] item: Leftovers
|upkeep
|turn|7
|
|switch|p1a: Coalossal|Coalossal, M|100/100
|-item|p1a: Coalossal|Air Balloon
|switch|p2a: Cramorant|Cramorant, F, shiny|61/100
|
|-weather|Hail|[upkeep]
|-damage|p2a: Cramorant|55/100|[from] Hail
|-damage|p1a: Coalossal|94/100|[from] Hail
|upkeep
|turn|8
|
|move|p2a: Cramorant|Defog|p1a: Coalossal
|-unboost|p1a: Coalossal|evasion|1
|-sideend|p1: shoxwon|move: Aurora Veil
|move|p1a: Coalossal|Stealth Rock|p2a: Cramorant
|-sidestart|p2: JLT3 oSuave|move: Stealth Rock
|
|-weather|Hail|[upkeep]
|-damage|p2a: Cramorant|49/100|[from] Hail
|-damage|p1a: Coalossal|88/100|[from] Hail
|upkeep
|turn|9
|
|switch|p1a: Vileplume|Vileplume, M|92/100
|move|p2a: Cramorant|Surf|p1a: Vileplume
|-resisted|p1a: Vileplume
|-formechange|p2a: Cramorant|Cramorant-Gorging|
|-damage|p1a: Vileplume|78/100
|
|-weather|none
|-heal|p1a: Vileplume|84/100|[from] item: Black Sludge
|upkeep
|turn|10
|
|move|p2a: Cramorant|Hurricane|p1a: Vileplume
|-supereffective|p1a: Vileplume
|-damage|p1a: Vileplume|12/100
|-start|p1a: Vileplume|confusion
|-activate|p1a: Vileplume|confusion
|move|p1a: Vileplume|Sleep Powder|p2a: Cramorant|[miss]
|-miss|p1a: Vileplume|p2a: Cramorant
|
|-heal|p1a: Vileplume|19/100|[from] item: Black Sludge
|upkeep
|turn|11
|
|move|p2a: Cramorant|Defog|p1a: Vileplume
|-unboost|p1a: Vileplume|evasion|1
|-sideend|p2: JLT3 oSuave|Stealth Rock|[from] move: Defog|[of] p2a: Cramorant
|-activate|p1a: Vileplume|confusion
|move|p1a: Vileplume|Sludge Bomb|p2a: Cramorant
|-damage|p2a: Cramorant|12/100
|-damage|p1a: Vileplume|0 fnt|[from] ability: Gulp Missile|[of] p2a: Cramorant
|-formechange|p2a: Cramorant|Cramorant|
|faint|p1a: Vileplume
|
|upkeep
|
|switch|p1a: Vikavolt|Vikavolt, M|100/100
|turn|12
|
|switch|p2a: Steelix|Steelix, F|100/100
|move|p1a: Vikavolt|Volt Switch|p2a: Steelix
|-immune|p2a: Steelix
|
|upkeep
|turn|13
|
|switch|p1a: Coalossal|Coalossal, M|88/100
|-item|p1a: Coalossal|Air Balloon
|switch|p2a: Cramorant|Cramorant, F, shiny|12/100
|
|upkeep
|turn|14
|
|switch|p1a: Vikavolt|Vikavolt, M|100/100
|move|p2a: Cramorant|Surf|p1a: Vikavolt
|-formechange|p2a: Cramorant|Cramorant-Gorging|
|-damage|p1a: Vikavolt|67/100
|
|upkeep
|turn|15
|
|switch|p2a: Snorlax|Snorlax, F|76/100
|move|p1a: Vikavolt|Volt Switch|p2a: Snorlax
|-damage|p2a: Snorlax|40/100
|
|switch|p1a: Vanilluxe|Vanilluxe, M|61/100|[from]move: Volt Switch
|-weather|Hail|[from] ability: Snow Warning|[of] p1a: Vanilluxe
|
|-weather|Hail|[upkeep]
|-damage|p2a: Snorlax|34/100|[from] Hail
|-heal|p2a: Snorlax|40/100|[from] item: Leftovers
|upkeep
|turn|16
|
|move|p1a: Vanilluxe|Aurora Veil|p1a: Vanilluxe
|-sidestart|p1: shoxwon|move: Aurora Veil
|move|p2a: Snorlax|Rest|p2a: Snorlax
|-status|p2a: Snorlax|slp|[from] move: Rest
|-heal|p2a: Snorlax|100/100 slp|[silent]
|
|-weather|Hail|[upkeep]
|-damage|p2a: Snorlax|94/100 slp|[from] Hail
|-heal|p2a: Snorlax|100/100 slp|[from] item: Leftovers
|upkeep
|turn|17
|
|switch|p2a: Salazzle|Salazzle, F|100/100
|move|p1a: Vanilluxe|Explosion|p2a: Salazzle
|-damage|p2a: Salazzle|0 fnt
|faint|p1a: Vanilluxe
|faint|p2a: Salazzle
|
|-weather|Hail|[upkeep]
|upkeep
|
|switch|p2a: Sableye|Sableye, F|100/100
|switch|p1a: Slurpuff|Slurpuff, M|100/100
|turn|18
|
|switch|p1a: Coalossal|Coalossal, M|88/100
|-item|p1a: Coalossal|Air Balloon
|move|p2a: Sableye|Knock Off|p1a: Coalossal
|-damage|p1a: Coalossal|80/100
|-enditem|p1a: Coalossal|Air Balloon
|
|-weather|Hail|[upkeep]
|-damage|p2a: Sableye|94/100|[from] Hail
|-damage|p1a: Coalossal|74/100|[from] Hail
|-heal|p2a: Sableye|100/100|[from] item: Leftovers
|upkeep
|turn|19
|
|switch|p2a: Cramorant|Cramorant, F, shiny|12/100
|move|p1a: Coalossal|Stealth Rock|p2a: Cramorant
|-sidestart|p2: JLT3 oSuave|move: Stealth Rock
|
|-weather|none
|upkeep
|turn|20
|
|move|p2a: Cramorant|Defog|p1a: Coalossal
|-unboost|p1a: Coalossal|evasion|1
|-sideend|p1: shoxwon|move: Aurora Veil
|-sideend|p2: JLT3 oSuave|Stealth Rock|[from] move: Defog|[of] p2a: Cramorant
|move|p1a: Coalossal|Rock Blast|p2a: Cramorant
|-supereffective|p2a: Cramorant
|-damage|p2a: Cramorant|0 fnt
|-hitcount|p2a: Cramorant|1
|faint|p2a: Cramorant
|
|upkeep
|
|switch|p2a: Mantine|Mantine, M, shiny|100/100
|turn|21
|
|switch|p1a: Vikavolt|Vikavolt, M|67/100
|move|p2a: Mantine|Scald|p1a: Vikavolt
|-damage|p1a: Vikavolt|38/100
|
|upkeep
|turn|22
|
|switch|p2a: Snorlax|Snorlax, F|100/100 slp
|move|p1a: Vikavolt|Bug Buzz|p2a: Snorlax
|-damage|p2a: Snorlax|57/100 slp
|
|-heal|p2a: Snorlax|63/100 slp|[from] item: Leftovers
|upkeep
|turn|23
|inactive|JLT3 oSuave has 120 seconds left.
|
|move|p1a: Vikavolt|Bug Buzz|p2a: Snorlax
|-damage|p2a: Snorlax|16/100 slp
|cant|p2a: Snorlax|slp
|
|-heal|p2a: Snorlax|22/100 slp|[from] item: Leftovers
|upkeep
|turn|24
|
|move|p1a: Vikavolt|Bug Buzz|p2a: Snorlax
|-damage|p2a: Snorlax|0 fnt
|faint|p2a: Snorlax
|
|upkeep
|
|switch|p2a: Steelix|Steelix, F|100/100
|turn|25
|
|move|p1a: Vikavolt|Bug Buzz|p2a: Steelix
|-resisted|p2a: Steelix
|-damage|p2a: Steelix|60/100
|move|p2a: Steelix|Stealth Rock|p1a: Vikavolt
|-sidestart|p1: shoxwon|move: Stealth Rock
|
|-heal|p2a: Steelix|66/100|[from] item: Leftovers
|upkeep
|turn|26
|
|move|p1a: Vikavolt|Bug Buzz|p2a: Steelix
|-resisted|p2a: Steelix
|-damage|p2a: Steelix|21/100
|move|p2a: Steelix|Heavy Slam|p1a: Vikavolt
|-resisted|p1a: Vikavolt
|-damage|p1a: Vikavolt|20/100
|
|-heal|p2a: Steelix|27/100|[from] item: Leftovers
|upkeep
|turn|27
|
|move|p1a: Vikavolt|Bug Buzz|p2a: Steelix
|-resisted|p2a: Steelix
|-damage|p2a: Steelix|0 fnt
|faint|p2a: Steelix
|
|upkeep
|
|switch|p2a: Mantine|Mantine, M, shiny|100/100
|turn|28
|
|move|p2a: Mantine|Scald|p1a: Vikavolt
|-damage|p1a: Vikavolt|0 fnt
|faint|p1a: Vikavolt
|
|upkeep
|
|switch|p1a: Slurpuff|Slurpuff, M|100/100
|-damage|p1a: Slurpuff|88/100|[from] Stealth Rock
|turn|29
|
|switch|p2a: Sableye|Sableye, F|100/100
|move|p1a: Slurpuff|Belly Drum|p1a: Slurpuff
|-damage|p1a: Slurpuff|38/100
|-setboost|p1a: Slurpuff|atk|6|[from] move: Belly Drum
|-enditem|p1a: Slurpuff|Sitrus Berry|[eat]
|-heal|p1a: Slurpuff|63/100|[from] item: Sitrus Berry
|
|upkeep
|turn|30
|
|move|p2a: Sableye|Encore|p1a: Slurpuff
|-start|p1a: Slurpuff|Encore
|move|p1a: Slurpuff|Belly Drum||[still]
|-fail|p1a: Slurpuff
|
|upkeep
|turn|31
|
|switch|p1a: Coalossal|Coalossal, M|74/100
|-damage|p1a: Coalossal|49/100|[from] Stealth Rock
|move|p2a: Sableye|Knock Off|p1a: Coalossal
|-damage|p1a: Coalossal|36/100
|
|upkeep
|turn|32
|
|move|p2a: Sableye|Knock Off|p1a: Coalossal
|-damage|p1a: Coalossal|25/100
|move|p1a: Coalossal|Rock Blast|p2a: Sableye
|-damage|p2a: Sableye|93/100
|-damage|p2a: Sableye|85/100
|-hitcount|p2a: Sableye|2
|
|-heal|p2a: Sableye|92/100|[from] item: Leftovers
|upkeep
|turn|33
|
|move|p2a: Sableye|Encore|p1a: Coalossal
|-start|p1a: Coalossal|Encore
|move|p1a: Coalossal|Rock Blast|p2a: Sableye
|-damage|p2a: Sableye|85/100
|-damage|p2a: Sableye|78/100
|-damage|p2a: Sableye|70/100
|-damage|p2a: Sableye|62/100
|-hitcount|p2a: Sableye|4
|
|-heal|p2a: Sableye|69/100|[from] item: Leftovers
|upkeep
|turn|34
|
|move|p2a: Sableye|Knock Off|p1a: Coalossal
|-damage|p1a: Coalossal|12/100
|move|p1a: Coalossal|Rock Blast|p2a: Sableye
|-damage|p2a: Sableye|61/100
|-damage|p2a: Sableye|54/100
|-hitcount|p2a: Sableye|2
|
|-heal|p2a: Sableye|60/100|[from] item: Leftovers
|upkeep
|turn|35
|
|move|p2a: Sableye|Recover|p2a: Sableye
|-heal|p2a: Sableye|100/100
|move|p1a: Coalossal|Rock Blast|p2a: Sableye
|-damage|p2a: Sableye|93/100
|-damage|p2a: Sableye|85/100
|-damage|p2a: Sableye|78/100
|-damage|p2a: Sableye|70/100
|-hitcount|p2a: Sableye|4
|
|-heal|p2a: Sableye|76/100|[from] item: Leftovers
|-end|p1a: Coalossal|Encore
|upkeep
|turn|36
|
|move|p2a: Sableye|Knock Off|p1a: Coalossal
|-damage|p1a: Coalossal|1/100
|move|p1a: Coalossal|Stealth Rock|p2a: Sableye
|-sidestart|p2: JLT3 oSuave|move: Stealth Rock
|
|-heal|p2a: Sableye|83/100|[from] item: Leftovers
|upkeep
|turn|37
|
|switch|p1a: Slurpuff|Slurpuff, M|63/100
|-damage|p1a: Slurpuff|50/100|[from] Stealth Rock
|move|p2a: Sableye|Knock Off|p1a: Slurpuff
|-resisted|p1a: Slurpuff
|-damage|p1a: Slurpuff|39/100
|
|-heal|p2a: Sableye|89/100|[from] item: Leftovers
|upkeep
|turn|38
|
|move|p2a: Sableye|Will-O-Wisp|p1a: Slurpuff
|-status|p1a: Slurpuff|brn
|move|p1a: Slurpuff|Play Rough|p2a: Sableye|[miss]
|-miss|p1a: Slurpuff|p2a: Sableye
|
|-heal|p2a: Sableye|95/100|[from] item: Leftovers
|-damage|p1a: Slurpuff|33/100 brn|[from] brn
|upkeep
|turn|39
|j| Jesus-Ptbr
|c|☆JLT3 oSuave|gg
|
|move|p1a: Slurpuff|Play Rough|p2a: Sableye
|-supereffective|p2a: Sableye
|-damage|p2a: Sableye|57/100
|move|p2a: Sableye|Knock Off|p1a: Slurpuff
|-resisted|p1a: Slurpuff
|-damage|p1a: Slurpuff|20/100 brn
|
|-heal|p2a: Sableye|64/100|[from] item: Leftovers
|-damage|p1a: Slurpuff|14/100 brn|[from] brn
|upkeep
|turn|40
|
|move|p2a: Sableye|Recover|p2a: Sableye
|-heal|p2a: Sableye|100/100
|move|p1a: Slurpuff|Play Rough|p2a: Sableye|[miss]
|-miss|p1a: Slurpuff|p2a: Sableye
|
|-damage|p1a: Slurpuff|8/100 brn|[from] brn
|upkeep
|turn|41
|
|move|p1a: Slurpuff|Play Rough|p2a: Sableye
|-supereffective|p2a: Sableye
|-damage|p2a: Sableye|63/100
|move|p2a: Sableye|Knock Off|p1a: Slurpuff
|-resisted|p1a: Slurpuff
|-damage|p1a: Slurpuff|0 fnt
|faint|p1a: Slurpuff
|
|-heal|p2a: Sableye|69/100|[from] item: Leftovers
|upkeep
|-message|shoxwon forfeited.
|
|win|JLT3 oSuave
|l|☆shoxwon
|raw|shoxwon's rating: 1464 &rarr; <strong>1443</strong><br />(-21 for losing)
|raw|JLT3 oSuave's rating: 1438 &rarr; <strong>1460</strong><br />(+22 for winning)
|l| Jesus-Ptbr
