|j|☆Piyush21
|j|☆guille14
|t:|1661709991
|gametype|singles
|player|p1|Piyush21|#wcop2022india|
|player|p2|guille14|gambler|
|teamsize|p1|6
|teamsize|p2|6
|gen|8
|tier|[Gen 8] RU
|rule|Sleep Clause Mod: Limit one foe put to sleep
|rule|Species Clause: Limit one of each Pokémon
|rule|OHKO Clause: OHKO moves are banned
|rule|Evasion Items Clause: Evasion items are banned
|rule|Evasion Moves Clause: Evasion moves are banned
|rule|Endless Battle Clause: Forcing endless battles is banned
|rule|HP Percentage Mod: HP is shown in percentages
|rule|Dynamax Clause: You cannot dynamax
|clearpoke
|poke|p1|Froslass, F|
|poke|p1|Zoroark, M|
|poke|p1|Crobat, F|
|poke|p1|Lucario, M|
|poke|p1|Polteageist|
|poke|p1|Sharpedo, M|
|poke|p2|Reuniclus, F|
|poke|p2|Crobat, F|
|poke|p2|Registeel|
|poke|p2|Aromatisse, M|
|poke|p2|Quagsire, M|
|poke|p2|Scrafty, M|
|teampreview
|inactive|Battle timer is ON: inactive players will automatically lose when time's up. (requested by Piyush21)
|c|☆guille14|hf
|c|☆Piyush21|Hf
|j| LT94JE OBA
|inactive|Piyush21 has 270 seconds left.
|inactive|guille14 has 270 seconds left.
|j| AtraX Madara
|inactive|Piyush21 has 240 seconds left.
|inactive|guille14 has 240 seconds left.
|j| Ainzcrad
|inactive|guille14 has 210 seconds left.
|
|t:|1661710088
|start
|switch|p1a: Froslass|Froslass, F|100/100
|switch|p2a: Scrafty|Scrafty, M|100/100
|turn|1
|j| highest in t room
|
|t:|1661710112
|move|p1a: Froslass|Spikes|p2a: Scrafty
|-sidestart|p2: guille14|Spikes
|move|p2a: Scrafty|Knock Off|p1a: Froslass
|-supereffective|p1a: Froslass
|-damage|p1a: Froslass|7/100
|-start|p2a: Scrafty|Disable|Knock Off|[from] ability: Cursed Body|[of] p1a: Froslass
|-enditem|p1a: Froslass|Focus Sash|[from] move: Knock Off|[of] p2a: Scrafty
|
|upkeep
|turn|2
|
|t:|1661710122
|switch|p2a: Crobat|Crobat, F|100/100
|move|p1a: Froslass|Icy Wind|p2a: Crobat
|-supereffective|p2a: Crobat
|-damage|p2a: Crobat|55/100
|-unboost|p2a: Crobat|spe|1
|
|upkeep
|turn|3
|
|t:|1661710130
|switch|p2a: Aromatisse|Aromatisse, M|100/100
|move|p1a: Froslass|Spikes|p2a: Aromatisse
|-sidestart|p2: guille14|Spikes
|
|upkeep
|turn|4
|j| EQ Enrique
|
|t:|1661710135
|move|p1a: Froslass|Taunt|p2a: Aromatisse
|-block|p2a: Aromatisse|ability: Aroma Veil|[of] p2a: Aromatisse
|move|p2a: Aromatisse|Wish|p2a: Aromatisse
|
|upkeep
|turn|5
|
|t:|1661710146
|switch|p2a: Registeel|Registeel|100/100
|-damage|p2a: Registeel|84/100|[from] Spikes
|move|p1a: Froslass|Destiny Bond|p1a: Froslass
|-singlemove|p1a: Froslass|Destiny Bond
|
|-heal|p2a: Registeel|100/100|[from] move: Wish|[wisher] Aromatisse
|upkeep
|turn|6
|j| Manboobs Harden
|
|t:|1661710153
|switch|p2a: Aromatisse|Aromatisse, M|100/100
|move|p1a: Froslass|Taunt|p2a: Aromatisse
|-block|p2a: Aromatisse|ability: Aroma Veil|[of] p2a: Aromatisse
|
|upkeep
|turn|7
|
|t:|1661710162
|move|p1a: Froslass|Taunt|p2a: Aromatisse
|-block|p2a: Aromatisse|ability: Aroma Veil|[of] p2a: Aromatisse
|move|p2a: Aromatisse|Wish|p2a: Aromatisse
|
|upkeep
|turn|8
|
|t:|1661710180
|switch|p2a: Scrafty|Scrafty, M|100/100
|-damage|p2a: Scrafty|84/100|[from] Spikes
|move|p1a: Froslass|Icy Wind|p2a: Scrafty
|-damage|p2a: Scrafty|68/100
|-unboost|p2a: Scrafty|spe|1
|
|-heal|p2a: Scrafty|100/100|[from] move: Wish|[wisher] Aromatisse
|upkeep
|turn|9
|
|t:|1661710192
|switch|p2a: Crobat|Crobat, F|55/100
|move|p1a: Froslass|Icy Wind|p2a: Crobat
|-supereffective|p2a: Crobat
|-damage|p2a: Crobat|13/100
|-unboost|p2a: Crobat|spe|1
|
|upkeep
|turn|10
|
|t:|1661710216
|switch|p1a: Lucario|Lucario, M|100/100
|switch|p2a: Aromatisse|Aromatisse, M|100/100
|
|upkeep
|turn|11
|j| 0ne Last Kiss
|inactive|Piyush21 has 270 seconds left.
|
|t:|1661710242
|switch|p2a: Reuniclus|Reuniclus, F|100/100
|move|p1a: Lucario|Close Combat|p2a: Reuniclus
|-resisted|p2a: Reuniclus
|-damage|p2a: Reuniclus|75/100
|-unboost|p1a: Lucario|def|1
|-unboost|p1a: Lucario|spd|1
|-damage|p1a: Lucario|91/100|[from] item: Life Orb
|
|upkeep
|turn|12
|j| Fathiryxi
|
|t:|1661710252
|switch|p1a: Froslass|Froslass, F|7/100
|move|p2a: Reuniclus|Psyshock|p1a: Froslass
|-damage|p1a: Froslass|0 fnt
|-start|p2a: Reuniclus|Disable|Psyshock|[from] ability: Cursed Body|[of] p1a: Froslass
|faint|p1a: Froslass
|
|upkeep
|
|t:|1661710259
|switch|p1a: Crobat|Crobat, F|100/100
|turn|13
|
|t:|1661710268
|move|p1a: Crobat|Nasty Plot|p1a: Crobat
|-boost|p1a: Crobat|spa|2
|move|p2a: Reuniclus|Focus Blast|p1a: Crobat
|-resisted|p1a: Crobat
|-damage|p1a: Crobat|90/100
|
|upkeep
|turn|14
|inactive|guille14 has 270 seconds left.
|inactive|guille14 has 240 seconds left.
|inactive|guille14 has 210 seconds left.
|
|t:|1661710375
|switch|p2a: Crobat|Crobat, F|13/100
|move|p1a: Crobat|Hurricane|p2a: Crobat
|-damage|p2a: Crobat|0 fnt
|faint|p2a: Crobat
|
|upkeep
|inactive|guille14 has 180 seconds left.
|
|t:|1661710407
|switch|p2a: Reuniclus|Reuniclus, F|75/100
|turn|15
|
|t:|1661710421
|switch|p1a: Sharpedo|Sharpedo, M|100/100
|move|p2a: Reuniclus|Psyshock|p1a: Sharpedo
|-immune|p1a: Sharpedo
|
|upkeep
|turn|16
|inactive|guille14 has 150 seconds left.
|inactive|guille14 has 120 seconds left.
|
|t:|1661710497
|switch|p2a: Registeel|Registeel|100/100
|-damage|p2a: Registeel|84/100|[from] Spikes
|move|p1a: Sharpedo|Knock Off|p2a: Registeel
|-damage|p2a: Registeel|47/100
|-enditem|p2a: Registeel|Leftovers|[from] move: Knock Off|[of] p1a: Sharpedo
|-damage|p1a: Sharpedo|91/100|[from] item: Life Orb
|
|upkeep
|turn|17
|inactive|guille14 has 90 seconds left.
|
|t:|1661710529
|switch|p2a: Aromatisse|Aromatisse, M|100/100
|move|p1a: Sharpedo|Low Kick|p2a: Aromatisse
|-resisted|p2a: Aromatisse
|-damage|p2a: Aromatisse|94/100
|-damage|p1a: Sharpedo|81/100|[from] item: Life Orb
|
|upkeep
|turn|18
|inactive|guille14 has 90 seconds left.
|
|t:|1661710543
|switch|p1a: Crobat|Crobat, F|90/100
|move|p2a: Aromatisse|Moonblast|p1a: Crobat
|-resisted|p1a: Crobat
|-damage|p1a: Crobat|67/100
|
|upkeep
|turn|19
|
|t:|1661710551
|switch|p2a: Reuniclus|Reuniclus, F|75/100
|move|p1a: Crobat|Nasty Plot|p1a: Crobat
|-boost|p1a: Crobat|spa|2
|
|upkeep
|turn|20
|
|t:|1661710559
|move|p1a: Crobat|Hurricane|p2a: Reuniclus
|-damage|p2a: Reuniclus|7/100
|move|p2a: Reuniclus|Psyshock|p1a: Crobat
|-supereffective|p1a: Crobat
|-crit|p1a: Crobat
|-damage|p1a: Crobat|0 fnt
|faint|p1a: Crobat
|
|upkeep
|inactive|Piyush21 has 270 seconds left.
|
|t:|1661710588
|switch|p1a: Sharpedo|Sharpedo, M|81/100
|turn|21
|inactive|guille14 has 90 seconds left.
|
|t:|1661710619
|move|p1a: Sharpedo|Knock Off|p2a: Reuniclus
|-supereffective|p2a: Reuniclus
|-enditem|p2a: Reuniclus|Colbur Berry|[eat]
|-enditem|p2a: Reuniclus|Colbur Berry|[weaken]
|-damage|p2a: Reuniclus|0 fnt
|faint|p2a: Reuniclus
|-damage|p1a: Sharpedo|71/100|[from] item: Life Orb
|
|upkeep
|
|t:|1661710622
|switch|p2a: Aromatisse|Aromatisse, M|94/100
|turn|22
|
|t:|1661710635
|move|p1a: Sharpedo|Knock Off|p2a: Aromatisse
|-resisted|p2a: Aromatisse
|-damage|p2a: Aromatisse|74/100
|-enditem|p2a: Aromatisse|Heavy-Duty Boots|[from] move: Knock Off|[of] p1a: Sharpedo
|-damage|p1a: Sharpedo|61/100|[from] item: Life Orb
|move|p2a: Aromatisse|Moonblast|p1a: Sharpedo
|-supereffective|p1a: Sharpedo
|-damage|p1a: Sharpedo|0 fnt
|replace|p1a: Zoroark|Zoroark, M
|-end|p1a: Zoroark|Illusion
|faint|p1a: Zoroark
|
|upkeep
|
|t:|1661710642
|switch|p1a: Lucario|Lucario, M|91/100
|turn|23
|j| LT94JE Minerva
|inactive|guille14 has 90 seconds left.
|l| LT94JE Minerva
|
|t:|1661710685
|switch|p2a: Registeel|Registeel|47/100
|-damage|p2a: Registeel|31/100|[from] Spikes
|move|p1a: Lucario|Meteor Mash|p2a: Registeel
|-resisted|p2a: Registeel
|-damage|p2a: Registeel|14/100
|-damage|p1a: Lucario|81/100|[from] item: Life Orb
|
|upkeep
|turn|24
|
|t:|1661710690
|move|p1a: Lucario|Close Combat|p2a: Registeel
|-supereffective|p2a: Registeel
|-damage|p2a: Registeel|0 fnt
|-unboost|p1a: Lucario|def|1
|-unboost|p1a: Lucario|spd|1
|faint|p2a: Registeel
|-damage|p1a: Lucario|71/100|[from] item: Life Orb
|
|upkeep
|
|t:|1661710694
|switch|p2a: Quagsire|Quagsire, M|100/100
|turn|25
|j| LT94JE Minerva
|
|t:|1661710715
|switch|p1a: Sharpedo|Sharpedo, M|100/100
|move|p2a: Quagsire|Earthquake|p1a: Sharpedo
|-damage|p1a: Sharpedo|20/100
|
|upkeep
|turn|26
|inactive|guille14 has 90 seconds left.
|
|t:|1661710740
|switch|p2a: Aromatisse|Aromatisse, M|74/100
|-damage|p2a: Aromatisse|58/100|[from] Spikes
|move|p1a: Sharpedo|Hydro Pump|p2a: Aromatisse|[miss]
|-miss|p1a: Sharpedo|p2a: Aromatisse
|
|-ability|p1a: Sharpedo|Speed Boost|boost
|-boost|p1a: Sharpedo|spe|1
|upkeep
|turn|27
|l| LT94JE Minerva
|inactive|guille14 has 90 seconds left.
|inactive|guille14 has 60 seconds left.
|
|t:|1661710802
|move|p1a: Sharpedo|Hydro Pump|p2a: Aromatisse|[miss]
|-miss|p1a: Sharpedo|p2a: Aromatisse
|move|p2a: Aromatisse|Moonblast|p1a: Sharpedo
|-supereffective|p1a: Sharpedo
|-damage|p1a: Sharpedo|0 fnt
|faint|p1a: Sharpedo
|
|upkeep
|l| EQ Enrique
|
|t:|1661710806
|switch|p1a: Lucario|Lucario, M|71/100
|turn|28
|
|t:|1661710812
|move|p1a: Lucario|Meteor Mash|p2a: Aromatisse
|-supereffective|p2a: Aromatisse
|-damage|p2a: Aromatisse|0 fnt
|faint|p2a: Aromatisse
|-damage|p1a: Lucario|61/100|[from] item: Life Orb
|
|upkeep
|
|t:|1661710814
|switch|p2a: Quagsire|Quagsire, M|100/100
|turn|29
|
|t:|1661710821
|move|p1a: Lucario|Close Combat|p2a: Quagsire
|-damage|p2a: Quagsire|50/100
|-unboost|p1a: Lucario|def|1
|-unboost|p1a: Lucario|spd|1
|-damage|p1a: Lucario|51/100|[from] item: Life Orb
|move|p2a: Quagsire|Earthquake|p1a: Lucario
|-supereffective|p1a: Lucario
|-damage|p1a: Lucario|0 fnt
|faint|p1a: Lucario
|
|upkeep
|
|t:|1661710824
|switch|p1a: Polteageist|Polteageist|100/100
|turn|30
|
|t:|1661710827
|move|p1a: Polteageist|Shell Smash|p1a: Polteageist
|-unboost|p1a: Polteageist|def|1
|-unboost|p1a: Polteageist|spd|1
|-boost|p1a: Polteageist|atk|2
|-boost|p1a: Polteageist|spa|2
|-boost|p1a: Polteageist|spe|2
|move|p2a: Quagsire|Earthquake|p1a: Polteageist
|-damage|p1a: Polteageist|46/100
|-ability|p1a: Polteageist|Weak Armor|boost
|-unboost|p1a: Polteageist|def|1
|-boost|p1a: Polteageist|spe|2
|
|upkeep
|turn|31
|
|t:|1661710833
|move|p1a: Polteageist|Stored Power|p2a: Quagsire
|-damage|p2a: Quagsire|0 fnt
|faint|p2a: Quagsire
|
|upkeep
|j| EQ Enrique
|
|t:|1661710834
|switch|p2a: Scrafty|Scrafty, M|100/100
|-damage|p2a: Scrafty|84/100|[from] Spikes
|turn|32
|
|t:|1661710837
|move|p1a: Polteageist|Hyper Beam|p2a: Scrafty
|-damage|p2a: Scrafty|0 fnt
|-mustrecharge|p1a: Polteageist
|faint|p2a: Scrafty
|
|win|Piyush21
|l| 0ne Last Kiss
|c|☆Piyush21|Gg
|c|☆guille14|gg
|l| highest in t room
|l| EQ Enrique
