|j|☆hoyssxo
|j|☆Nitram&ccoubi
|t:|1663718019
|gametype|singles
|player|p1|hoyssxo|channeler-gen1|1367
|player|p2|Nitram&ccoubi|1|1270
|teamsize|p1|6
|teamsize|p2|6
|gen|8
|tier|[Gen 8] RU
|rated|
|rule|Sleep Clause Mod: Limit one foe put to sleep
|rule|Species Clause: Limit one of each Pokémon
|rule|OHKO Clause: OHKO moves are banned
|rule|Evasion Items Clause: Evasion items are banned
|rule|Evasion Moves Clause: Evasion moves are banned
|rule|Endless Battle Clause: Forcing endless battles is banned
|rule|HP Percentage Mod: HP is shown in percentages
|rule|Dynamax Clause: You cannot dynamax
|clearpoke
|poke|p1|Registeel|
|poke|p1|Flygon, M|
|poke|p1|Starmie|
|poke|p1|Mimikyu, F|
|poke|p1|Raikou|
|poke|p1|Incineroar, M|
|poke|p2|Crobat, M|
|poke|p2|Xurkitree|
|poke|p2|Heracross, M|
|poke|p2|Metagross|
|poke|p2|Vaporeon, M|
|poke|p2|Goodra, M|
|teampreview
|inactive|Battle timer is ON: inactive players will automatically lose when time's up. (requested by Nitram&ccoubi)
|
|t:|1663718084
|start
|switch|p1a: Incineroar|Incineroar, M|100/100
|switch|p2a: Metagross|Metagross|100/100
|-ability|p1a: Incineroar|Intimidate|boost
|-fail|p2a: Metagross|unboost|[from] ability: Clear Body|[of] p2a: Metagross
|turn|1
|
|t:|1663718111
|move|p2a: Metagross|Toxic|p1a: Incineroar|[miss]
|-miss|p2a: Metagross|p1a: Incineroar
|move|p1a: Incineroar|Knock Off|p2a: Metagross
|-supereffective|p2a: Metagross
|-damage|p2a: Metagross|41/100
|-enditem|p2a: Metagross|Leftovers|[from] move: Knock Off|[of] p1a: Incineroar
|
|upkeep
|turn|2
|
|t:|1663718121
|switch|p2a: Vaporeon|Vaporeon, M|100/100
|move|p1a: Incineroar|Overheat|p2a: Vaporeon
|-resisted|p2a: Vaporeon
|-damage|p2a: Vaporeon|87/100
|-unboost|p1a: Incineroar|spa|2
|
|-heal|p2a: Vaporeon|93/100|[from] item: Leftovers
|upkeep
|turn|3
|
|t:|1663718136
|move|p2a: Vaporeon|Wish|p2a: Vaporeon
|move|p1a: Incineroar|Knock Off|p2a: Vaporeon
|-damage|p2a: Vaporeon|63/100
|-enditem|p2a: Vaporeon|Leftovers|[from] move: Knock Off|[of] p1a: Incineroar
|
|upkeep
|turn|4
|
|t:|1663718140
|move|p2a: Vaporeon|Flip Turn|p1a: Incineroar
|-supereffective|p1a: Incineroar
|-damage|p1a: Incineroar|75/100
|
|t:|1663718144
|switch|p2a: Metagross|Metagross|41/100|[from]move: Flip Turn
|move|p1a: Incineroar|Toxic|p2a: Metagross
|-immune|p2a: Metagross
|
|-heal|p2a: Metagross|100/100|[from] move: Wish|[wisher] Vaporeon
|upkeep
|turn|5
|
|t:|1663718154
|switch|p1a: Registeel|Registeel|100/100
|move|p2a: Metagross|Stealth Rock|p1a: Registeel
|-sidestart|p1: hoyssxo|move: Stealth Rock
|
|upkeep
|turn|6
|
|t:|1663718166
|switch|p2a: Heracross|Heracross, M|100/100
|move|p1a: Registeel|Stealth Rock|p2a: Heracross
|-sidestart|p2: Nitram&ccoubi|move: Stealth Rock
|
|-status|p2a: Heracross|brn|[from] item: Flame Orb
|upkeep
|turn|7
|
|t:|1663718193
|switch|p1a: Starmie|Starmie|100/100
|move|p2a: Heracross|Knock Off|p1a: Starmie
|-supereffective|p1a: Starmie
|-damage|p1a: Starmie|0 fnt
|-enditem|p1a: Starmie|Heavy-Duty Boots|[from] move: Knock Off|[of] p2a: Heracross
|faint|p1a: Starmie
|
|-damage|p2a: Heracross|95/100 brn|[from] brn
|upkeep
|inactive|hoyssxo has 120 seconds left.
|
|t:|1663718215
|switch|p1a: Raikou|Raikou|100/100
|turn|8
|
|t:|1663718227
|switch|p2a: Goodra|Goodra, M|100/100
|-damage|p2a: Goodra|88/100|[from] Stealth Rock
|move|p1a: Raikou|Volt Switch|p2a: Goodra
|-resisted|p2a: Goodra
|-damage|p2a: Goodra|81/100
|inactive|hoyssxo has 120 seconds left.
|
|t:|1663718252
|switch|p1a: Incineroar|Incineroar, M|75/100|[from]move: Volt Switch
|-ability|p1a: Incineroar|Intimidate|boost
|-unboost|p2a: Goodra|atk|1
|
|upkeep
|turn|9
|
|t:|1663718262
|move|p2a: Goodra|Draco Meteor|p1a: Incineroar
|-damage|p1a: Incineroar|31/100
|-unboost|p2a: Goodra|spa|2
|move|p1a: Incineroar|Knock Off|p2a: Goodra
|-damage|p2a: Goodra|36/100
|-enditem|p2a: Goodra|Assault Vest|[from] move: Knock Off|[of] p1a: Incineroar
|
|upkeep
|turn|10
|
|t:|1663718275
|switch|p2a: Vaporeon|Vaporeon, M|63/100
|-damage|p2a: Vaporeon|51/100|[from] Stealth Rock
|move|p1a: Incineroar|U-turn|p2a: Vaporeon
|-damage|p2a: Vaporeon|37/100
|
|t:|1663718283
|switch|p1a: Raikou|Raikou|100/100|[from]move: U-turn
|
|upkeep
|turn|11
|inactive|hoyssxo has 120 seconds left.
|
|t:|1663718290
|move|p2a: Vaporeon|Protect|p2a: Vaporeon
|-singleturn|p2a: Vaporeon|Protect
|move|p1a: Raikou|Volt Switch|p2a: Vaporeon
|-activate|p2a: Vaporeon|move: Protect
|
|upkeep
|turn|12
|
|t:|1663718297
|switch|p2a: Goodra|Goodra, M|36/100
|-damage|p2a: Goodra|24/100|[from] Stealth Rock
|move|p1a: Raikou|Volt Switch|p2a: Goodra
|-resisted|p2a: Goodra
|-damage|p2a: Goodra|14/100
|
|t:|1663718305
|switch|p1a: Flygon|Flygon, M|100/100|[from]move: Volt Switch
|-damage|p1a: Flygon|95/100|[from] Stealth Rock
|
|upkeep
|turn|13
|
|t:|1663718313
|move|p1a: Flygon|U-turn|p2a: Goodra
|-damage|p2a: Goodra|0 fnt
|faint|p2a: Goodra
|
|t:|1663718333
|switch|p1a: Raikou|Raikou|100/100|[from]move: U-turn
|
|upkeep
|
|t:|1663718346
|switch|p2a: Metagross|Metagross|100/100
|-damage|p2a: Metagross|94/100|[from] Stealth Rock
|turn|14
|
|t:|1663718350
|move|p1a: Raikou|Volt Switch|p2a: Metagross
|-damage|p2a: Metagross|63/100
|
|t:|1663718356
|switch|p1a: Registeel|Registeel|100/100|[from]move: Volt Switch
|-damage|p1a: Registeel|94/100|[from] Stealth Rock
|move|p2a: Metagross|Earthquake|p1a: Registeel
|-supereffective|p1a: Registeel
|-crit|p1a: Registeel
|-damage|p1a: Registeel|20/100
|
|-heal|p1a: Registeel|26/100|[from] item: Leftovers
|upkeep
|turn|15
|
|t:|1663718373
|switch|p1a: Flygon|Flygon, M|95/100
|-damage|p1a: Flygon|89/100|[from] Stealth Rock
|move|p2a: Metagross|Toxic|p1a: Flygon
|-status|p1a: Flygon|tox
|
|-damage|p1a: Flygon|83/100 tox|[from] psn
|upkeep
|turn|16
|
|t:|1663718396
|move|p1a: Flygon|U-turn|p2a: Metagross
|-damage|p2a: Metagross|48/100
|
|t:|1663718401
|switch|p1a: Registeel|Registeel|26/100|[from]move: U-turn
|-damage|p1a: Registeel|20/100|[from] Stealth Rock
|move|p2a: Metagross|Earthquake|p1a: Registeel
|-supereffective|p1a: Registeel
|-damage|p1a: Registeel|0 fnt
|faint|p1a: Registeel
|
|upkeep
|
|t:|1663718408
|switch|p1a: Flygon|Flygon, M|83/100 tox
|-damage|p1a: Flygon|77/100 tox|[from] Stealth Rock
|turn|17
|
|t:|1663718416
|switch|p2a: Dark Knight|Crobat, M|100/100
|move|p1a: Flygon|U-turn|p2a: Dark Knight
|-resisted|p2a: Dark Knight
|-damage|p2a: Dark Knight|95/100
|
|t:|1663718421
|switch|p1a: Raikou|Raikou|100/100|[from]move: U-turn
|
|upkeep
|turn|18
|
|t:|1663718432
|move|p2a: Dark Knight|U-turn|p1a: Raikou
|-damage|p1a: Raikou|79/100
|
|t:|1663718436
|switch|p2a: Tazzzer|Xurkitree|100/100|[from]move: U-turn
|-damage|p2a: Tazzzer|88/100|[from] Stealth Rock
|move|p1a: Raikou|Thunderbolt|p2a: Tazzzer
|-resisted|p2a: Tazzzer
|-damage|p2a: Tazzzer|58/100
|
|upkeep
|turn|19
|
|t:|1663718449
|move|p2a: Tazzzer|Dazzling Gleam|p1a: Raikou
|-damage|p1a: Raikou|44/100
|move|p1a: Raikou|Volt Switch|p2a: Tazzzer
|-resisted|p2a: Tazzzer
|-damage|p2a: Tazzzer|32/100
|
|t:|1663718465
|switch|p1a: Mimikyu|Mimikyu, F|100/100|[from]move: Volt Switch
|-damage|p1a: Mimikyu|88/100|[from] Stealth Rock
|
|upkeep
|turn|20
|
|t:|1663718473
|move|p2a: Tazzzer|Dazzling Gleam|p1a: Mimikyu
|-activate|p1a: Mimikyu|ability: Disguise
|-damage|p1a: Mimikyu|88/100
|detailschange|p1a: Mimikyu|Mimikyu-Busted, F
|-damage|p1a: Mimikyu|76/100|[from] pokemon: Mimikyu-Busted
|move|p1a: Mimikyu|Swords Dance|p1a: Mimikyu
|-boost|p1a: Mimikyu|atk|2
|
|upkeep
|turn|21
|
|t:|1663718489
|switch|p2a: Vaporeon|Vaporeon, M|37/100
|-damage|p2a: Vaporeon|25/100|[from] Stealth Rock
|move|p1a: Mimikyu|Shadow Sneak|p2a: Vaporeon
|-damage|p2a: Vaporeon|0 fnt
|faint|p2a: Vaporeon
|-damage|p1a: Mimikyu|66/100|[from] item: Life Orb
|
|upkeep
|
|t:|1663718500
|switch|p2a: Dark Knight|Crobat, M|95/100
|turn|22
|
|t:|1663718505
|move|p1a: Mimikyu|Shadow Sneak|p2a: Dark Knight
|-damage|p2a: Dark Knight|47/100
|-damage|p1a: Mimikyu|56/100|[from] item: Life Orb
|move|p2a: Dark Knight|Brave Bird|p1a: Mimikyu
|-damage|p1a: Mimikyu|0 fnt
|faint|p1a: Mimikyu
|-damage|p2a: Dark Knight|35/100|[from] Recoil
|
|upkeep
|
|t:|1663718526
|switch|p1a: Incineroar|Incineroar, M|31/100
|-ability|p1a: Incineroar|Intimidate|boost
|-unboost|p2a: Dark Knight|atk|1
|turn|23
|
|t:|1663718542
|move|p2a: Dark Knight|Brave Bird|p1a: Incineroar
|-damage|p1a: Incineroar|6/100
|-damage|p2a: Dark Knight|26/100|[from] Recoil
|move|p1a: Incineroar|Overheat|p2a: Dark Knight
|-damage|p2a: Dark Knight|0 fnt
|-unboost|p1a: Incineroar|spa|2
|faint|p2a: Dark Knight
|
|upkeep
|
|t:|1663718553
|switch|p2a: Tazzzer|Xurkitree|32/100
|-damage|p2a: Tazzzer|20/100|[from] Stealth Rock
|turn|24
|
|t:|1663718569
|move|p2a: Tazzzer|Dazzling Gleam|p1a: Incineroar
|-damage|p1a: Incineroar|0 fnt
|faint|p1a: Incineroar
|-ability|p2a: Tazzzer|Beast Boost|boost
|-boost|p2a: Tazzzer|spa|1
|
|upkeep
|
|t:|1663718573
|switch|p1a: Flygon|Flygon, M|77/100 tox
|-damage|p1a: Flygon|71/100 tox|[from] Stealth Rock
|turn|25
|
|t:|1663718578
|move|p1a: Flygon|U-turn|p2a: Tazzzer
|-damage|p2a: Tazzzer|0 fnt
|faint|p2a: Tazzzer
|
|t:|1663718582
|switch|p1a: Raikou|Raikou|44/100|[from]move: U-turn
|
|upkeep
|
|t:|1663718592
|switch|p2a: Metagross|Metagross|48/100
|-damage|p2a: Metagross|42/100|[from] Stealth Rock
|turn|26
|
|t:|1663718606
|move|p1a: Raikou|Thunderbolt|p2a: Metagross
|-damage|p2a: Metagross|1/100
|move|p2a: Metagross|Earthquake|p1a: Raikou
|-supereffective|p1a: Raikou
|-damage|p1a: Raikou|0 fnt
|faint|p1a: Raikou
|
|upkeep
|
|t:|1663718610
|switch|p1a: Flygon|Flygon, M|71/100 tox
|-damage|p1a: Flygon|65/100 tox|[from] Stealth Rock
|turn|27
|
|t:|1663718617
|move|p1a: Flygon|Outrage|p2a: Metagross
|-resisted|p2a: Metagross
|-damage|p2a: Metagross|0 fnt
|faint|p2a: Metagross
|
|-damage|p1a: Flygon|59/100 tox|[from] psn
|upkeep
|
|t:|1663718619
|switch|p2a: Heracross|Heracross, M|95/100 brn
|-damage|p2a: Heracross|82/100 brn|[from] Stealth Rock
|turn|28
|
|t:|1663718626
|move|p1a: Flygon|Outrage|p2a: Heracross|[from]lockedmove
|-damage|p2a: Heracross|2/100 brn
|move|p2a: Heracross|Facade|p1a: Flygon
|-damage|p1a: Flygon|0 fnt
|faint|p1a: Flygon
|
|win|Nitram&ccoubi
|raw|hoyssxo's rating: 1367 &rarr; <strong>1342</strong><br />(-25 for losing)
|raw|Nitram&amp;ccoubi's rating: 1270 &rarr; <strong>1302</strong><br />(+32 for winning)
|l|☆hoyssxo
||Ladder isn't responding, score probably updated but might not have (Request timeout).
