|j|☆laprascancer
|j|☆candice Flareon
|player|p1|laprascancer|morty-gen2|1406
|player|p2|candice Flareon|hilda|1391
|teamsize|p1|6
|teamsize|p2|6
|gametype|singles
|gen|8
|tier|[Gen 8] RU
|rated|
|clearpoke
|poke|p1|Virizion|
|poke|p1|Rhydon, M|
|poke|p1|Charizard, M|
|poke|p1|Silvally-*|
|poke|p1|Drapion, M|
|poke|p1|Boltund, M|
|poke|p2|Braviary, M|
|poke|p2|Morpeko, F|
|poke|p2|Cinccino, F|
|poke|p2|Ninetales, F|
|poke|p2|Cramorant, M|
|poke|p2|Runerigus, M|
|rule|Sleep Clause Mod: Limit one foe put to sleep
|rule|Species Clause: Limit one of each Pokémon
|rule|OHKO Clause: OHKO moves are banned
|rule|Evasion Moves Clause: Evasion moves are banned
|rule|Endless Battle Clause: Forcing endless battles is banned
|rule|HP Percentage Mod: HP is shown in percentages
|rule|Dynamax Clause: You cannot dynamax
|teampreview
|inactive|Battle timer is ON: inactive players will automatically lose when time's up. (requested by candice Flareon)
|inactive|laprascancer has 120 seconds left.
|
|start
|switch|p1a: Drapion|Drapion, M|100/100
|switch|p2a: Ruby|Ninetales, F, shiny|100/100
|-weather|SunnyDay|[from] ability: Drought|[of] p2a: Ruby
|turn|1
|
|move|p1a: Drapion|Knock Off|p2a: Ruby
|-damage|p2a: Ruby|46/100
|-enditem|p2a: Ruby|Heavy-Duty Boots|[from] move: Knock Off|[of] p1a: Drapion
|move|p2a: Ruby|Fire Blast|p1a: Drapion
|-damage|p1a: Drapion|5/100
|-status|p1a: Drapion|brn
|
|-weather|SunnyDay|[upkeep]
|-damage|p1a: Drapion|0 fnt|[from] brn
|faint|p1a: Drapion
|upkeep
|
|switch|p1a: Boltund|Boltund, M|100/100
|turn|2
|
|switch|p2a: Runerigus|Runerigus, M, shiny|100/100
|move|p1a: Boltund|Crunch|p2a: Runerigus
|-supereffective|p2a: Runerigus
|-damage|p2a: Runerigus|19/100
|-activate|p2a: Runerigus|ability: Wandering Spirit|Strong Jaw|Wandering Spirit|[of] p1a: Boltund
|
|-weather|SunnyDay|[upkeep]
|-heal|p2a: Runerigus|25/100|[from] item: Leftovers
|upkeep
|turn|3
|
|switch|p2a: Hamtaro|Morpeko, F, shiny|100/100
|move|p1a: Boltund|Crunch|p2a: Hamtaro
|-resisted|p2a: Hamtaro
|-damage|p2a: Hamtaro|76/100
|-unboost|p2a: Hamtaro|def|1
|
|-weather|SunnyDay|[upkeep]
|-formechange|p2a: Hamtaro|Morpeko-Hangry||[from] ability: Hunger Switch
|upkeep
|turn|4
|
|switch|p1a: Rhydon|Rhydon, M|100/100
|move|p2a: Hamtaro|Parting Shot|p1a: Rhydon
|-unboost|p1a: Rhydon|atk|1
|-unboost|p1a: Rhydon|spa|1
|
|switch|p2a: Ruby|Ninetales, F, shiny|46/100|[from]move: Parting Shot
|
|-weather|SunnyDay|[upkeep]
|upkeep
|turn|5
|
|switch|p1a: Charizard|Charizard, M|100/100
|move|p2a: Ruby|Solar Beam||[still]
|-prepare|p2a: Ruby|Solar Beam|p1a: Charizard
|-anim|p2a: Ruby|Solar Beam|p1a: Charizard
|-resisted|p1a: Charizard
|-damage|p1a: Charizard|92/100
|
|-weather|none
|upkeep
|turn|6
|
|switch|p1a: Boltund|Boltund, M|100/100
|switch|p2a: Runerigus|Runerigus, M, shiny|25/100
|
|-heal|p2a: Runerigus|31/100|[from] item: Leftovers
|upkeep
|turn|7
|
|move|p1a: Boltund|Crunch|p2a: Runerigus
|-supereffective|p2a: Runerigus
|-damage|p2a: Runerigus|0 fnt
|-activate|p2a: Runerigus|ability: Wandering Spirit|Strong Jaw|Wandering Spirit|[of] p1a: Boltund
|faint|p2a: Runerigus
|
|upkeep
|
|switch|p2a: Bubbles|Cinccino, F|100/100
|turn|8
|
|switch|p1a: Charizard|Charizard, M|92/100
|move|p2a: Bubbles|Bullet Seed|p1a: Charizard
|-resisted|p1a: Charizard
|-damage|p1a: Charizard|89/100
|-resisted|p1a: Charizard
|-damage|p1a: Charizard|87/100
|-resisted|p1a: Charizard
|-damage|p1a: Charizard|85/100
|-resisted|p1a: Charizard
|-damage|p1a: Charizard|83/100
|-resisted|p1a: Charizard
|-damage|p1a: Charizard|81/100
|-hitcount|p1a: Charizard|5
|
|upkeep
|turn|9
|
|switch|p2a: Ruby|Ninetales, F, shiny|46/100
|-weather|SunnyDay|[from] ability: Drought|[of] p2a: Ruby
|switch|p1a: Silvally|Silvally-Fairy|100/100
|
|-weather|SunnyDay|[upkeep]
|upkeep
|turn|10
|j| Gussy
|
|move|p2a: Ruby|Fire Blast|p1a: Silvally
|-damage|p1a: Silvally|35/100
|-status|p1a: Silvally|brn
|move|p1a: Silvally|Rock Slide|p2a: Ruby
|-supereffective|p2a: Ruby
|-damage|p2a: Ruby|13/100
|
|-weather|SunnyDay|[upkeep]
|-damage|p1a: Silvally|29/100 brn|[from] brn
|upkeep
|turn|11
|
|move|p2a: Ruby|Fire Blast|p1a: Silvally
|-damage|p1a: Silvally|0 fnt
|faint|p1a: Silvally
|
|-weather|SunnyDay|[upkeep]
|upkeep
|
|switch|p1a: Boltund|Boltund, M|100/100
|turn|12
|l| Gussy
|
|move|p1a: Boltund|Thunder Fang|p2a: Ruby
|-damage|p2a: Ruby|0 fnt
|faint|p2a: Ruby
|
|-weather|SunnyDay|[upkeep]
|upkeep
|
|switch|p2a: Hamtaro|Morpeko, F, shiny|76/100
|turn|13
|
|switch|p1a: Virizion|Virizion|100/100
|move|p2a: Hamtaro|Parting Shot|p1a: Virizion
|-unboost|p1a: Virizion|atk|1
|-unboost|p1a: Virizion|spa|1
|
|switch|p2a: Slurp and Bang|Cramorant, M|100/100|[from]move: Parting Shot
|
|-weather|none
|upkeep
|turn|14
|
|switch|p1a: Boltund|Boltund, M|100/100
|move|p2a: Slurp and Bang|Surf|p1a: Boltund
|-formechange|p2a: Slurp and Bang|Cramorant-Gulping|
|-damage|p1a: Boltund|31/100
|
|upkeep
|turn|15
|
|move|p2a: Slurp and Bang|Endure|p2a: Slurp and Bang
|-singleturn|p2a: Slurp and Bang|move: Endure
|move|p1a: Boltund|Thunder Fang|p2a: Slurp and Bang
|-supereffective|p2a: Slurp and Bang
|-activate|p2a: Slurp and Bang|move: Endure
|-damage|p2a: Slurp and Bang|1/100
|-damage|p1a: Boltund|15/100|[from] item: Rocky Helmet|[of] p2a: Slurp and Bang
|-damage|p1a: Boltund|0 fnt|[from] ability: Gulp Missile|[of] p2a: Slurp and Bang
|-formechange|p2a: Slurp and Bang|Cramorant|
|faint|p1a: Boltund
|
|upkeep
|
|switch|p1a: Virizion|Virizion|100/100
|turn|16
|
|switch|p2a: Hamtaro|Morpeko, F, shiny|76/100
|move|p1a: Virizion|Giga Drain|p2a: Hamtaro
|-damage|p2a: Hamtaro|26/100
|
|-formechange|p2a: Hamtaro|Morpeko-Hangry||[from] ability: Hunger Switch
|upkeep
|turn|17
|
|move|p1a: Virizion|Giga Drain|p2a: Hamtaro
|-damage|p2a: Hamtaro|0 fnt
|faint|p2a: Hamtaro
|
|upkeep
|
|switch|p2a: Gueri|Braviary, M, shiny|100/100
|turn|18
|
|switch|p1a: Rhydon|Rhydon, M|100/100
|move|p2a: Gueri|U-turn|p1a: Rhydon
|-damage|p1a: Rhydon|89/100
|
|switch|p2a: Slurp and Bang|Cramorant, M|1/100|[from]move: U-turn
|
|upkeep
|turn|19
|
|switch|p1a: Virizion|Virizion|100/100
|move|p2a: Slurp and Bang|Surf|p1a: Virizion
|-resisted|p1a: Virizion
|-formechange|p2a: Slurp and Bang|Cramorant-Gorging|
|-damage|p1a: Virizion|85/100
|
|-heal|p1a: Virizion|92/100|[from] item: Leftovers
|upkeep
|turn|20
|
|move|p2a: Slurp and Bang|Endure|p2a: Slurp and Bang
|-singleturn|p2a: Slurp and Bang|move: Endure
|move|p1a: Virizion|Giga Drain|p2a: Slurp and Bang
|-activate|p2a: Slurp and Bang|move: Endure
|-damage|p2a: Slurp and Bang|1/100
|-damage|p1a: Virizion|67/100|[from] ability: Gulp Missile|[of] p2a: Slurp and Bang
|-status|p1a: Virizion|par
|-formechange|p2a: Slurp and Bang|Cramorant|
|
|-heal|p1a: Virizion|73/100 par|[from] item: Leftovers
|upkeep
|turn|21
|
|move|p2a: Slurp and Bang|Drill Peck|p1a: Virizion
|-supereffective|p1a: Virizion
|-damage|p1a: Virizion|0 fnt
|faint|p1a: Virizion
|
|upkeep
|
|switch|p1a: Charizard|Charizard, M|81/100
|turn|22
|
|switch|p2a: Gueri|Braviary, M, shiny|100/100
|move|p1a: Charizard|Toxic|p2a: Gueri
|-status|p2a: Gueri|tox
|
|-damage|p2a: Gueri|94/100 tox|[from] psn
|upkeep
|turn|23
|
|move|p2a: Gueri|Brave Bird|p1a: Charizard
|-damage|p1a: Charizard|6/100
|-damage|p2a: Gueri|69/100 tox|[from] Recoil
|move|p1a: Charizard|Roost|p1a: Charizard
|-heal|p1a: Charizard|56/100
|-singleturn|p1a: Charizard|move: Roost
|
|-damage|p2a: Gueri|56/100 tox|[from] psn
|upkeep
|turn|24
|
|switch|p2a: Slurp and Bang|Cramorant, M|1/100
|move|p1a: Charizard|Roost|p1a: Charizard
|-heal|p1a: Charizard|100/100
|-singleturn|p1a: Charizard|move: Roost
|
|upkeep
|turn|25
|
|switch|p2a: Gueri|Braviary, M, shiny|56/100 tox
|move|p1a: Charizard|Fire Blast|p2a: Gueri
|-damage|p2a: Gueri|0 fnt
|faint|p2a: Gueri
|
|upkeep
|
|switch|p2a: Bubbles|Cinccino, F|100/100
|turn|26
|
|move|p2a: Bubbles|Rock Blast|p1a: Charizard
|-supereffective|p1a: Charizard
|-crit|p1a: Charizard
|-damage|p1a: Charizard|49/100
|-supereffective|p1a: Charizard
|-crit|p1a: Charizard
|-damage|p1a: Charizard|0 fnt
|-hitcount|p1a: Charizard|2
|faint|p1a: Charizard
|
|upkeep
|
|switch|p1a: Rhydon|Rhydon, M|89/100
|turn|27
|
|move|p2a: Bubbles|Rock Blast|p1a: Rhydon
|-resisted|p1a: Rhydon
|-damage|p1a: Rhydon|87/100
|-resisted|p1a: Rhydon
|-damage|p1a: Rhydon|85/100
|-resisted|p1a: Rhydon
|-damage|p1a: Rhydon|83/100
|-resisted|p1a: Rhydon
|-damage|p1a: Rhydon|81/100
|-resisted|p1a: Rhydon
|-damage|p1a: Rhydon|79/100
|-hitcount|p1a: Rhydon|5
|move|p1a: Rhydon|Rock Blast|p2a: Bubbles
|-damage|p2a: Bubbles|76/100
|-damage|p2a: Bubbles|50/100
|-crit|p2a: Bubbles
|-damage|p2a: Bubbles|10/100
|-crit|p2a: Bubbles
|-damage|p2a: Bubbles|0 fnt
|-hitcount|p2a: Bubbles|4
|faint|p2a: Bubbles
|
|upkeep
|
|switch|p2a: Slurp and Bang|Cramorant, M|1/100
|turn|28
|
|move|p2a: Slurp and Bang|Surf|p1a: Rhydon
|-supereffective|p1a: Rhydon
|-formechange|p2a: Slurp and Bang|Cramorant-Gorging|
|-damage|p1a: Rhydon|0 fnt
|faint|p1a: Rhydon
|
|win|candice Flareon
|l|☆laprascancer
