|j|☆Dollarsalt
|j|☆Dewgong Army
|player|p1|Dollarsalt|pokekid|1646
|player|p2|Dewgong Army|274|1392
|teamsize|p1|6
|teamsize|p2|6
|gametype|singles
|gen|8
|tier|[Gen 8] RU
|rated|
|clearpoke
|poke|p1|Sableye, F|
|poke|p1|Gigalith, F|
|poke|p1|Vileplume, M|
|poke|p1|Vaporeon, F|
|poke|p1|Xatu, M|
|poke|p1|Salazzle, F|
|poke|p2|Sigilyph, M|
|poke|p2|Malamar, M|
|poke|p2|Hitmonchan, M|
|poke|p2|Roserade, M|
|poke|p2|Steelix, M|
|poke|p2|Rotom|
|rule|Sleep Clause Mod: Limit one foe put to sleep
|rule|Species Clause: Limit one of each Pokémon
|rule|OHKO Clause: OHKO moves are banned
|rule|Evasion Moves Clause: Evasion moves are banned
|rule|Endless Battle Clause: Forcing endless battles is banned
|rule|HP Percentage Mod: HP is shown in percentages
|rule|Dynamax Clause: You cannot dynamax
|teampreview
|l|☆Dollarsalt
|player|p1|
|j|☆Dollarsalt
|player|p1|Dollarsalt|pokekid
|
|start
|switch|p1a: Sableye|Sableye, F|100/100
|switch|p2a: Rotom|Rotom|100/100
|turn|1
|inactive|Battle timer is ON: inactive players will automatically lose when time's up. (requested by Dollarsalt)
|
|switch|p1a: Vileplume|Vileplume, M|100/100
|move|p2a: Rotom|Volt Switch|p1a: Vileplume
|-resisted|p1a: Vileplume
|-damage|p1a: Vileplume|84/100
|
|switch|p2a: Sigilyph|Sigilyph, M|100/100|[from]move: Volt Switch
|
|-heal|p1a: Vileplume|90/100|[from] item: Black Sludge
|upkeep
|turn|2
|
|switch|p1a: Sableye|Sableye, F|100/100
|move|p2a: Sigilyph|Air Slash|p1a: Sableye
|-damage|p1a: Sableye|43/100
|
|-heal|p1a: Sableye|49/100|[from] item: Leftovers
|upkeep
|turn|3
|j| Robjr
|
|move|p1a: Sableye|Recover|p1a: Sableye
|-heal|p1a: Sableye|99/100
|move|p2a: Sigilyph|Air Slash|p1a: Sableye
|-damage|p1a: Sableye|40/100
|
|-heal|p1a: Sableye|47/100|[from] item: Leftovers
|upkeep
|turn|4
|
|move|p1a: Sableye|Recover|p1a: Sableye
|-heal|p1a: Sableye|97/100
|move|p2a: Sigilyph|Air Slash|p1a: Sableye
|-damage|p1a: Sableye|46/100
|
|-heal|p1a: Sableye|52/100|[from] item: Leftovers
|upkeep
|turn|5
|l|☆Dewgong Army
|inactive|Dewgong Army disconnected and has a minute to reconnect!
|player|p2|
|inactive|Dollarsalt has 120 seconds left.
|j|☆Dewgong Army
|inactive|Dewgong Army reconnected.
|player|p2|Dewgong Army|274
|
|switch|p1a: Gigalith|Gigalith, F|100/100
|-weather|Sandstorm|[from] ability: Sand Stream|[of] p1a: Gigalith
|move|p2a: Sigilyph|Air Slash|p1a: Gigalith
|-resisted|p1a: Gigalith
|-damage|p1a: Gigalith|87/100
|
|-weather|Sandstorm|[upkeep]
|-heal|p1a: Gigalith|93/100|[from] item: Leftovers
|upkeep
|turn|6
|inactive|Dollarsalt has 120 seconds left.
|
|switch|p2a: Roserade|Roserade, M|100/100
|move|p1a: Gigalith|Stealth Rock|p2a: Roserade
|-sidestart|p2: Dewgong Army|move: Stealth Rock
|
|-weather|Sandstorm|[upkeep]
|-damage|p2a: Roserade|94/100|[from] Sandstorm
|-heal|p2a: Roserade|100/100|[from] item: Black Sludge
|-heal|p1a: Gigalith|99/100|[from] item: Leftovers
|upkeep
|turn|7
|
|move|p2a: Roserade|Sludge Bomb|p1a: Gigalith
|-resisted|p1a: Gigalith
|-damage|p1a: Gigalith|87/100
|-status|p1a: Gigalith|psn
|move|p1a: Gigalith|Stone Edge|p2a: Roserade|[miss]
|-miss|p1a: Gigalith|p2a: Roserade
|
|-weather|Sandstorm|[upkeep]
|-damage|p2a: Roserade|94/100|[from] Sandstorm
|-heal|p2a: Roserade|100/100|[from] item: Black Sludge
|-heal|p1a: Gigalith|93/100 psn|[from] item: Leftovers
|-damage|p1a: Gigalith|81/100 psn|[from] psn
|upkeep
|turn|8
|l|☆Dollarsalt
|inactive|Dollarsalt disconnected and has a minute to reconnect!
|player|p1|
|
|move|p2a: Roserade|Sludge Bomb|p1a: Gigalith
|-resisted|p1a: Gigalith
|-damage|p1a: Gigalith|68/100 psn
|move|p1a: Gigalith|Stone Edge|p2a: Roserade
|-damage|p2a: Roserade|34/100
|
|-weather|Sandstorm|[upkeep]
|-damage|p2a: Roserade|28/100|[from] Sandstorm
|-heal|p2a: Roserade|34/100|[from] item: Black Sludge
|-heal|p1a: Gigalith|75/100 psn|[from] item: Leftovers
|-damage|p1a: Gigalith|62/100 psn|[from] psn
|upkeep
|turn|9
|j|☆Dollarsalt
|inactive|Dollarsalt reconnected and has 120 seconds left.
|player|p1|Dollarsalt|pokekid
|
|switch|p1a: Salazzle|Salazzle, F|100/100
|move|p2a: Roserade|Giga Drain|p1a: Salazzle
|-resisted|p1a: Salazzle
|-damage|p1a: Salazzle|88/100
|-heal|p2a: Roserade|41/100|[from] drain|[of] p1a: Salazzle
|
|-weather|none
|-heal|p2a: Roserade|47/100|[from] item: Black Sludge
|upkeep
|turn|10
|
|switch|p2a: Malamar|Malamar, M|100/100
|-damage|p2a: Malamar|88/100|[from] Stealth Rock
|move|p1a: Salazzle|Flamethrower|p2a: Malamar
|-damage|p2a: Malamar|61/100
|
|-heal|p2a: Malamar|67/100|[from] item: Leftovers
|upkeep
|turn|11
|c|☆Dollarsalt|Rob sry but I’m in class rn
|c|☆Dollarsalt|cant play
|
|move|p1a: Salazzle|Toxic|p2a: Malamar
|-status|p2a: Malamar|tox
|move|p2a: Malamar|Throat Chop|p1a: Salazzle
|-damage|p1a: Salazzle|51/100
|-start|p1a: Salazzle|Throat Chop|[silent]
|
|-heal|p2a: Malamar|73/100 tox|[from] item: Leftovers
|-damage|p2a: Malamar|67/100 tox|[from] psn
|upkeep
|turn|12
|
|switch|p1a: Sableye|Sableye, F|52/100
|move|p2a: Malamar|Rest|p2a: Malamar
|-status|p2a: Malamar|slp|[from] move: Rest
|-heal|p2a: Malamar|100/100 slp|[silent]
|
|-heal|p1a: Sableye|59/100|[from] item: Leftovers
|upkeep
|turn|13
|
|switch|p2a: Roserade|Roserade, M|47/100
|-damage|p2a: Roserade|35/100|[from] Stealth Rock
|move|p1a: Sableye|Knock Off|p2a: Roserade
|-damage|p2a: Roserade|0 fnt
|-enditem|p2a: Roserade|Black Sludge|[from] move: Knock Off|[of] p1a: Sableye
|faint|p2a: Roserade
|
|-heal|p1a: Sableye|65/100|[from] item: Leftovers
|upkeep
|inactive|Dewgong Army has 120 seconds left.
|
|switch|p2a: Rotom|Rotom|100/100
|-damage|p2a: Rotom|88/100|[from] Stealth Rock
|turn|14
|
|move|p2a: Rotom|Volt Switch|p1a: Sableye
|-damage|p1a: Sableye|26/100
|
|switch|p2a: Malamar|Malamar, M|100/100 slp|[from]move: Volt Switch
|-damage|p2a: Malamar|88/100 slp|[from] Stealth Rock
|move|p1a: Sableye|Knock Off|p2a: Malamar
|-damage|p2a: Malamar|62/100 slp
|-enditem|p2a: Malamar|Leftovers|[from] move: Knock Off|[of] p1a: Sableye
|
|-heal|p1a: Sableye|33/100|[from] item: Leftovers
|upkeep
|turn|15
|
|move|p1a: Sableye|Recover|p1a: Sableye
|-heal|p1a: Sableye|83/100
|cant|p2a: Malamar|slp
|move|p2a: Malamar|Sleep Talk|p2a: Malamar
|move|p2a: Malamar|Rest|p2a: Malamar|[from]Sleep Talk
|-fail|p2a: Malamar
|
|-heal|p1a: Sableye|89/100|[from] item: Leftovers
|upkeep
|turn|16
|
|switch|p1a: Xatu|Xatu, M|100/100
|cant|p2a: Malamar|slp
|move|p2a: Malamar|Sleep Talk|p2a: Malamar
|move|p2a: Malamar|Rest|p2a: Malamar|[from]Sleep Talk
|-fail|p2a: Malamar
|
|upkeep
|turn|17
|
|move|p1a: Xatu|U-turn|p2a: Malamar
|-supereffective|p2a: Malamar
|-damage|p2a: Malamar|19/100 slp
|
|switch|p1a: Vileplume|Vileplume, M|90/100|[from]move: U-turn
|-curestatus|p2a: Malamar|slp|[msg]
|move|p2a: Malamar|Rest|p2a: Malamar
|-status|p2a: Malamar|slp|[from] move: Rest
|-heal|p2a: Malamar|100/100 slp|[silent]
|
|-heal|p1a: Vileplume|96/100|[from] item: Black Sludge
|upkeep
|turn|18
|
|switch|p1a: Xatu|Xatu, M|100/100
|cant|p2a: Malamar|slp
|move|p2a: Malamar|Sleep Talk|p2a: Malamar
|move|p2a: Malamar|Rest|p2a: Malamar|[from]Sleep Talk
|-fail|p2a: Malamar|heal
|
|upkeep
|turn|19
|c|☆Dewgong Army|Ridiculous
|
|move|p1a: Xatu|U-turn|p2a: Malamar
|-supereffective|p2a: Malamar
|-damage|p2a: Malamar|56/100 slp
|
|switch|p1a: Vileplume|Vileplume, M|96/100|[from]move: U-turn
|cant|p2a: Malamar|slp
|move|p2a: Malamar|Sleep Talk|p2a: Malamar
|move|p2a: Malamar|Superpower|p1a: Vileplume|[from]Sleep Talk
|-resisted|p1a: Vileplume
|-damage|p1a: Vileplume|86/100
|-boost|p2a: Malamar|atk|1
|-boost|p2a: Malamar|def|1
|
|-heal|p1a: Vileplume|92/100|[from] item: Black Sludge
|upkeep
|turn|20
|
|switch|p1a: Vaporeon|Vaporeon, F|100/100
|-curestatus|p2a: Malamar|slp|[msg]
|move|p2a: Malamar|Throat Chop|p1a: Vaporeon
|-damage|p1a: Vaporeon|60/100
|-start|p1a: Vaporeon|Throat Chop|[silent]
|
|-heal|p1a: Vaporeon|66/100|[from] item: Leftovers
|upkeep
|turn|21
|inactive|Dewgong Army has 120 seconds left.
|
|move|p1a: Vaporeon|Protect|p1a: Vaporeon
|-singleturn|p1a: Vaporeon|Protect
|move|p2a: Malamar|Throat Chop|p1a: Vaporeon
|-activate|p1a: Vaporeon|move: Protect
|
|-heal|p1a: Vaporeon|72/100|[from] item: Leftovers
|-end|p1a: Vaporeon|Throat Chop|[silent]
|upkeep
|turn|22
|
|move|p2a: Malamar|Rest|p2a: Malamar
|-status|p2a: Malamar|slp|[from] move: Rest
|-heal|p2a: Malamar|100/100 slp|[silent]
|move|p1a: Vaporeon|Haze|p1a: Vaporeon
|-clearallboost
|
|-heal|p1a: Vaporeon|79/100|[from] item: Leftovers
|upkeep
|turn|23
|
|cant|p2a: Malamar|slp
|move|p2a: Malamar|Sleep Talk|p2a: Malamar
|move|p2a: Malamar|Rest|p2a: Malamar|[from]Sleep Talk
|-fail|p2a: Malamar|heal
|move|p1a: Vaporeon|Wish|p1a: Vaporeon
|
|-heal|p1a: Vaporeon|85/100|[from] item: Leftovers
|upkeep
|turn|24
|
|switch|p1a: Xatu|Xatu, M|100/100
|cant|p2a: Malamar|slp
|move|p2a: Malamar|Sleep Talk|p2a: Malamar
|move|p2a: Malamar|Throat Chop|p1a: Xatu|[from]Sleep Talk
|-supereffective|p1a: Xatu
|-damage|p1a: Xatu|25/100
|-damage|p2a: Malamar|84/100 slp|[from] item: Rocky Helmet|[of] p1a: Xatu
|-start|p1a: Xatu|Throat Chop|[silent]
|
|-heal|p1a: Xatu|95/100|[from] move: Wish|[wisher] Vaporeon
|upkeep
|turn|25
|l| Robjr
|
|move|p1a: Xatu|U-turn|p2a: Malamar
|-supereffective|p2a: Malamar
|-damage|p2a: Malamar|38/100 slp
|
|switch|p1a: Sableye|Sableye, F|89/100|[from]move: U-turn
|-curestatus|p2a: Malamar|slp|[msg]
|move|p2a: Malamar|Superpower|p1a: Sableye
|-immune|p1a: Sableye
|
|-heal|p1a: Sableye|95/100|[from] item: Leftovers
|upkeep
|turn|26
|
|switch|p1a: Xatu|Xatu, M|95/100
|move|p2a: Malamar|Rest|p2a: Malamar
|-status|p2a: Malamar|slp|[from] move: Rest
|-heal|p2a: Malamar|100/100 slp|[silent]
|
|upkeep
|turn|27
|
|move|p1a: Xatu|U-turn|p2a: Malamar
|-supereffective|p2a: Malamar
|-damage|p2a: Malamar|56/100 slp
|
|switch|p1a: Gigalith|Gigalith, F|62/100 psn|[from]move: U-turn
|-weather|Sandstorm|[from] ability: Sand Stream|[of] p1a: Gigalith
|cant|p2a: Malamar|slp
|move|p2a: Malamar|Sleep Talk|p2a: Malamar
|move|p2a: Malamar|Rest|p2a: Malamar|[from]Sleep Talk
|-fail|p2a: Malamar
|
|-weather|Sandstorm|[upkeep]
|-damage|p2a: Malamar|50/100 slp|[from] Sandstorm
|-heal|p1a: Gigalith|68/100 psn|[from] item: Leftovers
|-damage|p1a: Gigalith|56/100 psn|[from] psn
|upkeep
|turn|28
|
|switch|p1a: Xatu|Xatu, M|95/100
|cant|p2a: Malamar|slp
|move|p2a: Malamar|Sleep Talk|p2a: Malamar
|move|p2a: Malamar|Throat Chop|p1a: Xatu|[from]Sleep Talk
|-supereffective|p1a: Xatu
|-damage|p1a: Xatu|19/100
|-damage|p2a: Malamar|33/100 slp|[from] item: Rocky Helmet|[of] p1a: Xatu
|-start|p1a: Xatu|Throat Chop|[silent]
|
|-weather|Sandstorm|[upkeep]
|-damage|p1a: Xatu|13/100|[from] Sandstorm
|-damage|p2a: Malamar|27/100 slp|[from] Sandstorm
|upkeep
|turn|29
|
|switch|p2a: Rotom|Rotom|88/100
|-damage|p2a: Rotom|76/100|[from] Stealth Rock
|move|p1a: Xatu|U-turn|p2a: Rotom
|-resisted|p2a: Rotom
|-damage|p2a: Rotom|65/100
|
|switch|p1a: Vileplume|Vileplume, M|92/100|[from]move: U-turn
|
|-weather|Sandstorm|[upkeep]
|-damage|p2a: Rotom|59/100|[from] Sandstorm
|-damage|p1a: Vileplume|86/100|[from] Sandstorm
|-heal|p1a: Vileplume|92/100|[from] item: Black Sludge
|upkeep
|turn|30
|
|move|p2a: Rotom|Trick|p1a: Vileplume
|-activate|p2a: Rotom|move: Trick|[of] p1a: Vileplume
|-item|p1a: Vileplume|Choice Scarf|[from] move: Trick
|-item|p2a: Rotom|Black Sludge|[from] move: Trick
|move|p1a: Vileplume|Giga Drain|p2a: Rotom
|-damage|p2a: Rotom|11/100
|-heal|p1a: Vileplume|100/100|[from] drain|[of] p2a: Rotom
|
|-weather|Sandstorm|[upkeep]
|-damage|p2a: Rotom|5/100|[from] Sandstorm
|-damage|p1a: Vileplume|94/100|[from] Sandstorm
|-damage|p2a: Rotom|0 fnt|[from] item: Black Sludge
|faint|p2a: Rotom
|upkeep
|
|switch|p2a: Sigilyph|Sigilyph, M|100/100
|turn|31
|
|switch|p1a: Sableye|Sableye, F|95/100
|move|p2a: Sigilyph|Air Slash|p1a: Sableye
|-damage|p1a: Sableye|40/100
|
|-weather|none
|-heal|p1a: Sableye|46/100|[from] item: Leftovers
|upkeep
|turn|32
|
|move|p1a: Sableye|Recover|p1a: Sableye
|-heal|p1a: Sableye|96/100
|move|p2a: Sigilyph|Air Slash|p1a: Sableye|[miss]
|-miss|p2a: Sigilyph|p1a: Sableye
|
|-heal|p1a: Sableye|100/100|[from] item: Leftovers
|upkeep
|turn|33
|
|move|p2a: Sigilyph|Air Slash|p1a: Sableye
|-damage|p1a: Sableye|41/100
|cant|p1a: Sableye|flinch
|
|-heal|p1a: Sableye|47/100|[from] item: Leftovers
|upkeep
|turn|34
|
|move|p1a: Sableye|Recover|p1a: Sableye
|-heal|p1a: Sableye|97/100
|move|p2a: Sigilyph|Air Slash|p1a: Sableye
|-damage|p1a: Sableye|40/100
|
|-heal|p1a: Sableye|46/100|[from] item: Leftovers
|upkeep
|turn|35
|
|switch|p1a: Vaporeon|Vaporeon, F|85/100
|move|p2a: Sigilyph|Air Slash|p1a: Vaporeon
|-damage|p1a: Vaporeon|62/100
|
|-heal|p1a: Vaporeon|68/100|[from] item: Leftovers
|upkeep
|turn|36
|
|move|p2a: Sigilyph|Psyshock|p1a: Vaporeon
|-damage|p1a: Vaporeon|18/100
|move|p1a: Vaporeon|Wish|p1a: Vaporeon
|
|-heal|p1a: Vaporeon|24/100|[from] item: Leftovers
|upkeep
|turn|37
|
|move|p1a: Vaporeon|Protect|p1a: Vaporeon
|-singleturn|p1a: Vaporeon|Protect
|move|p2a: Sigilyph|Air Slash|p1a: Vaporeon
|-activate|p1a: Vaporeon|move: Protect
|
|-heal|p1a: Vaporeon|74/100|[from] move: Wish|[wisher] Vaporeon
|-heal|p1a: Vaporeon|80/100|[from] item: Leftovers
|upkeep
|turn|38
|
|move|p2a: Sigilyph|Psyshock|p1a: Vaporeon
|-damage|p1a: Vaporeon|28/100
|move|p1a: Vaporeon|Wish|p1a: Vaporeon
|
|-heal|p1a: Vaporeon|34/100|[from] item: Leftovers
|upkeep
|turn|39
|
|switch|p1a: Gigalith|Gigalith, F|56/100 psn
|-weather|Sandstorm|[from] ability: Sand Stream|[of] p1a: Gigalith
|move|p2a: Sigilyph|Heat Wave|p1a: Gigalith|[miss]
|-miss|p2a: Sigilyph|p1a: Gigalith
|
|-weather|Sandstorm|[upkeep]
|-heal|p1a: Gigalith|100/100 psn|[from] move: Wish|[wisher] Vaporeon
|-damage|p1a: Gigalith|88/100 psn|[from] psn
|upkeep
|turn|40
|
|switch|p2a: Steelix|Steelix, M|100/100
|-damage|p2a: Steelix|97/100|[from] Stealth Rock
|switch|p1a: Sableye|Sableye, F|46/100
|
|-weather|Sandstorm|[upkeep]
|-damage|p1a: Sableye|40/100|[from] Sandstorm
|-heal|p1a: Sableye|46/100|[from] item: Leftovers
|-heal|p2a: Steelix|100/100|[from] item: Leftovers
|upkeep
|turn|41
|
|move|p1a: Sableye|Knock Off|p2a: Steelix
|-damage|p2a: Steelix|89/100
|-enditem|p2a: Steelix|Leftovers|[from] move: Knock Off|[of] p1a: Sableye
|move|p2a: Steelix|Stealth Rock|p1a: Sableye
|-sidestart|p1: Dollarsalt|move: Stealth Rock
|
|-weather|Sandstorm|[upkeep]
|-damage|p1a: Sableye|40/100|[from] Sandstorm
|-heal|p1a: Sableye|46/100|[from] item: Leftovers
|upkeep
|turn|42
|
|move|p2a: Steelix|Protect|p2a: Steelix
|-singleturn|p2a: Steelix|Protect
|move|p1a: Sableye|Will-O-Wisp|p2a: Steelix
|-activate|p2a: Steelix|move: Protect
|
|-weather|Sandstorm|[upkeep]
|-damage|p1a: Sableye|40/100|[from] Sandstorm
|-heal|p1a: Sableye|46/100|[from] item: Leftovers
|upkeep
|turn|43
|
|move|p1a: Sableye|Will-O-Wisp|p2a: Steelix
|-status|p2a: Steelix|brn
|move|p2a: Steelix|Earthquake|p1a: Sableye
|-damage|p1a: Sableye|28/100
|
|-weather|none
|-heal|p1a: Sableye|34/100|[from] item: Leftovers
|-damage|p2a: Steelix|82/100 brn|[from] brn
|upkeep
|turn|44
|
|switch|p2a: Malamar|Malamar, M|27/100 slp
|-damage|p2a: Malamar|15/100 slp|[from] Stealth Rock
|move|p1a: Sableye|Recover|p1a: Sableye
|-heal|p1a: Sableye|84/100
|
|-heal|p1a: Sableye|91/100|[from] item: Leftovers
|upkeep
|turn|45
|
|-curestatus|p2a: Malamar|slp|[msg]
|move|p2a: Malamar|Rest|p2a: Malamar
|-status|p2a: Malamar|slp|[from] move: Rest
|-heal|p2a: Malamar|100/100 slp|[silent]
|move|p1a: Sableye|Knock Off|p2a: Malamar
|-damage|p2a: Malamar|83/100 slp
|
|-heal|p1a: Sableye|97/100|[from] item: Leftovers
|upkeep
|turn|46
|
|switch|p1a: Vaporeon|Vaporeon, F|34/100
|-damage|p1a: Vaporeon|21/100|[from] Stealth Rock
|cant|p2a: Malamar|slp
|move|p2a: Malamar|Sleep Talk|p2a: Malamar
|move|p2a: Malamar|Throat Chop|p1a: Vaporeon|[from]Sleep Talk
|-damage|p1a: Vaporeon|0 fnt
|faint|p1a: Vaporeon
|
|upkeep
|
|switch|p1a: Vileplume|Vileplume, M|94/100
|-damage|p1a: Vileplume|82/100|[from] Stealth Rock
|turn|47
|
|switch|p2a: Sigilyph|Sigilyph, M|100/100
|move|p1a: Vileplume|Sludge Bomb|p2a: Sigilyph
|-damage|p2a: Sigilyph|53/100
|-status|p2a: Sigilyph|psn
|
|upkeep
|turn|48
|
|switch|p1a: Sableye|Sableye, F|97/100
|-damage|p1a: Sableye|84/100|[from] Stealth Rock
|move|p2a: Sigilyph|Air Slash|p1a: Sableye
|-crit|p1a: Sableye
|-damage|p1a: Sableye|0 fnt
|faint|p1a: Sableye
|
|upkeep
|
|switch|p1a: Gigalith|Gigalith, F|88/100 psn
|-damage|p1a: Gigalith|76/100 psn|[from] Stealth Rock
|-weather|Sandstorm|[from] ability: Sand Stream|[of] p1a: Gigalith
|turn|49
|
|switch|p2a: Steelix|Steelix, M|82/100 brn
|-damage|p2a: Steelix|79/100 brn|[from] Stealth Rock
|move|p1a: Gigalith|Earthquake|p2a: Steelix
|-supereffective|p2a: Steelix
|-damage|p2a: Steelix|53/100 brn
|
|-weather|Sandstorm|[upkeep]
|-heal|p1a: Gigalith|82/100 psn|[from] item: Leftovers
|-damage|p2a: Steelix|47/100 brn|[from] brn
|-damage|p1a: Gigalith|70/100 psn|[from] psn
|upkeep
|turn|50
|
|switch|p1a: Xatu|Xatu, M|13/100
|-damage|p1a: Xatu|0 fnt|[from] Stealth Rock
|faint|p1a: Xatu
|move|p2a: Steelix|Heavy Slam|p1: Xatu|[notarget]
|-fail|p2a: Steelix
|
|-weather|Sandstorm|[upkeep]
|-damage|p2a: Steelix|41/100 brn|[from] brn
|upkeep
|
|switch|p1a: Salazzle|Salazzle, F|51/100
|turn|51
|
|move|p1a: Salazzle|Substitute|p1a: Salazzle
|-start|p1a: Salazzle|Substitute
|-damage|p1a: Salazzle|26/100
|move|p2a: Steelix|Earthquake|p1a: Salazzle
|-supereffective|p1a: Salazzle
|-crit|p1a: Salazzle
|-end|p1a: Salazzle|Substitute
|
|-weather|Sandstorm|[upkeep]
|-damage|p1a: Salazzle|20/100|[from] Sandstorm
|-damage|p2a: Steelix|35/100 brn|[from] brn
|upkeep
|turn|52
|
|move|p1a: Salazzle|Flamethrower|p2a: Steelix
|-supereffective|p2a: Steelix
|-damage|p2a: Steelix|0 fnt
|faint|p2a: Steelix
|
|-weather|Sandstorm|[upkeep]
|-damage|p1a: Salazzle|14/100|[from] Sandstorm
|upkeep
|
|switch|p2a: Malamar|Malamar, M|83/100 slp
|-damage|p2a: Malamar|70/100 slp|[from] Stealth Rock
|turn|53
|
|move|p1a: Salazzle|Flamethrower|p2a: Malamar
|-damage|p2a: Malamar|42/100 slp
|cant|p2a: Malamar|slp
|move|p2a: Malamar|Sleep Talk|p2a: Malamar
|move|p2a: Malamar|Throat Chop|p1a: Salazzle|[from]Sleep Talk
|-damage|p1a: Salazzle|0 fnt
|faint|p1a: Salazzle
|
|-weather|none
|upkeep
|
|switch|p1a: Vileplume|Vileplume, M|82/100
|-damage|p1a: Vileplume|69/100|[from] Stealth Rock
|turn|54
|
|move|p1a: Vileplume|Giga Drain|p2a: Malamar
|-damage|p2a: Malamar|18/100 slp
|-heal|p1a: Vileplume|82/100|[from] drain|[of] p2a: Malamar
|-curestatus|p2a: Malamar|slp|[msg]
|move|p2a: Malamar|Rest|p2a: Malamar
|-status|p2a: Malamar|slp|[from] move: Rest
|-heal|p2a: Malamar|100/100 slp|[silent]
|
|upkeep
|turn|55
|
|switch|p1a: Gigalith|Gigalith, F|70/100 psn
|-damage|p1a: Gigalith|57/100 psn|[from] Stealth Rock
|-weather|Sandstorm|[from] ability: Sand Stream|[of] p1a: Gigalith
|cant|p2a: Malamar|slp
|move|p2a: Malamar|Sleep Talk|p2a: Malamar
|move|p2a: Malamar|Throat Chop|p1a: Gigalith|[from]Sleep Talk
|-damage|p1a: Gigalith|43/100 psn
|-start|p1a: Gigalith|Throat Chop|[silent]
|
|-weather|Sandstorm|[upkeep]
|-damage|p2a: Malamar|94/100 slp|[from] Sandstorm
|-heal|p1a: Gigalith|49/100 psn|[from] item: Leftovers
|-damage|p1a: Gigalith|37/100 psn|[from] psn
|upkeep
|turn|56
|
|cant|p2a: Malamar|slp
|move|p2a: Malamar|Sleep Talk|p2a: Malamar
|move|p2a: Malamar|Superpower|p1a: Gigalith|[from]Sleep Talk
|-supereffective|p1a: Gigalith
|-damage|p1a: Gigalith|7/100 psn
|-boost|p2a: Malamar|atk|1
|-boost|p2a: Malamar|def|1
|move|p1a: Gigalith|Stone Edge|p2a: Malamar
|-damage|p2a: Malamar|63/100 slp
|
|-weather|Sandstorm|[upkeep]
|-damage|p2a: Malamar|57/100 slp|[from] Sandstorm
|-heal|p1a: Gigalith|13/100 psn|[from] item: Leftovers
|-damage|p1a: Gigalith|1/100 psn|[from] psn
|-end|p1a: Gigalith|Throat Chop|[silent]
|upkeep
|turn|57
|inactive|Dewgong Army has 120 seconds left.
|
|switch|p1a: Vileplume|Vileplume, M|82/100
|-damage|p1a: Vileplume|70/100|[from] Stealth Rock
|-curestatus|p2a: Malamar|slp|[msg]
|move|p2a: Malamar|Superpower|p1a: Vileplume
|-resisted|p1a: Vileplume
|-damage|p1a: Vileplume|54/100
|-boost|p2a: Malamar|atk|1
|-boost|p2a: Malamar|def|1
|
|-weather|Sandstorm|[upkeep]
|-damage|p1a: Vileplume|48/100|[from] Sandstorm
|-damage|p2a: Malamar|51/100|[from] Sandstorm
|upkeep
|turn|58
|inactive|Dewgong Army has 120 seconds left.
|
|move|p1a: Vileplume|Sludge Bomb|p2a: Malamar
|-damage|p2a: Malamar|23/100
|-status|p2a: Malamar|psn
|move|p2a: Malamar|Throat Chop|p1a: Vileplume
|-damage|p1a: Vileplume|6/100
|-start|p1a: Vileplume|Throat Chop|[silent]
|
|-weather|Sandstorm|[upkeep]
|-damage|p1a: Vileplume|0 fnt|[from] Sandstorm
|-damage|p2a: Malamar|17/100 psn|[from] Sandstorm
|faint|p1a: Vileplume
|-damage|p2a: Malamar|5/100 psn|[from] psn
|upkeep
|
|switch|p1a: Gigalith|Gigalith, F|1/100 psn
|-damage|p1a: Gigalith|0 fnt|[from] Stealth Rock
|faint|p1a: Gigalith
|
|win|Dewgong Army
|l|☆Dollarsalt
|raw|Dollarsalt's rating: 1647 &rarr; <strong>1613</strong><br />(-34 for losing)
|raw|Dewgong Army's rating: 1367 &rarr; <strong>1400</strong><br />(+33 for winning)
|l|☆Dewgong Army
|j|☆Dewgong Army
|player|p2|Dewgong Army|274
|l|☆Dewgong Army
|player|p2|
|j|☆Dewgong Army
|player|p2|Dewgong Army|274
