|j|☆Glidinganteater
|j|☆Nice great guy
|t:|1622941131
|gametype|singles
|player|p1|Glidinganteater|palmer|1474
|player|p2|Nice great guy|sage|1388
|teamsize|p1|6
|teamsize|p2|6
|gen|8
|tier|[Gen 8] RU
|rated|
|rule|Sleep Clause Mod: Limit one foe put to sleep
|rule|Species Clause: Limit one of each Pokémon
|rule|OHKO Clause: OHKO moves are banned
|rule|Evasion Moves Clause: Evasion moves are banned
|rule|Endless Battle Clause: Forcing endless battles is banned
|rule|HP Percentage Mod: HP is shown in percentages
|rule|Dynamax Clause: You cannot dynamax
|clearpoke
|poke|p1|Cresselia, F|
|poke|p1|Diancie|
|poke|p1|Cobalion|
|poke|p1|Gastrodon, M|
|poke|p1|Golisopod, M|
|poke|p1|Dhelmise|
|poke|p2|Sableye, F|
|poke|p2|Seismitoad, M|
|poke|p2|Snorlax, M|
|poke|p2|Arcanine, F|
|poke|p2|Hattrem, F|
|poke|p2|Hitmonchan, M|
|teampreview
|inactive|Battle timer is ON: inactive players will automatically lose when time's up. (requested by Nice great guy)
|
|t:|1622941150
|start
|switch|p1a: Dhelmise|Dhelmise|100/100
|switch|p2a: Seismitoad|Seismitoad, M|100/100
|turn|1
|
|t:|1622941159
|switch|p2a: Arcanine|Arcanine, F|100/100
|-ability|p2a: Arcanine|Intimidate|boost
|-unboost|p1a: Dhelmise|atk|1
|move|p1a: Dhelmise|Poltergeist|p2a: Arcanine
|-activate|p2a: Arcanine|move: Poltergeist|Rocky Helmet
|-damage|p2a: Arcanine|72/100
|
|upkeep
|turn|2
|
|t:|1622941165
|switch|p1a: Diancie|Diancie|100/100
|move|p2a: Arcanine|Teleport|p2a: Arcanine
|
|t:|1622941167
|switch|p2a: Seismitoad|Seismitoad, M|100/100|[from]move: Teleport
|
|upkeep
|turn|3
|
|t:|1622941192
|switch|p2a: Hattrem|Hattrem, F|100/100
|move|p1a: Diancie|Toxic|p2a: Hattrem
|move|p2a: Hattrem|Toxic|p1a: Diancie|[from]ability: Magic Bounce
|-status|p1a: Diancie|tox
|
|-damage|p1a: Diancie|95/100 tox|[from] psn
|upkeep
|turn|4
|
|t:|1622941199
|switch|p2a: Seismitoad|Seismitoad, M|100/100
|move|p1a: Diancie|Heal Bell|p1a: Diancie
|-activate|p1a: Diancie|move: Heal Bell
|-curestatus|p1a: Diancie|tox|[msg]
|
|-heal|p1a: Diancie|100/100|[from] item: Leftovers
|upkeep
|turn|5
|
|t:|1622941202
|switch|p2a: Hattrem|Hattrem, F|100/100
|switch|p1a: Dhelmise|Dhelmise|100/100
|
|upkeep
|turn|6
|
|t:|1622941208
|switch|p1a: Diancie|Diancie|100/100
|move|p2a: Hattrem|Nuzzle|p1a: Diancie
|-damage|p1a: Diancie|99/100
|-status|p1a: Diancie|par
|
|-heal|p1a: Diancie|100/100 par|[from] item: Leftovers
|upkeep
|turn|7
|
|t:|1622941211
|switch|p2a: Seismitoad|Seismitoad, M|100/100
|cant|p1a: Diancie|par
|
|upkeep
|turn|8
|
|t:|1622941215
|switch|p1a: Dhelmise|Dhelmise|100/100
|move|p2a: Seismitoad|Stealth Rock|p1a: Dhelmise
|-sidestart|p1: Glidinganteater|move: Stealth Rock
|
|upkeep
|turn|9
|
|t:|1622941219
|switch|p2a: Arcanine|Arcanine, F|72/100
|-ability|p2a: Arcanine|Intimidate|boost
|-unboost|p1a: Dhelmise|atk|1
|move|p1a: Dhelmise|Rapid Spin|p2a: Arcanine
|-damage|p2a: Arcanine|61/100
|-boost|p1a: Dhelmise|spe|1
|-damage|p1a: Dhelmise|84/100|[from] item: Rocky Helmet|[of] p2a: Arcanine
|-sideend|p1: Glidinganteater|Stealth Rock|[from] move: Rapid Spin|[of] p1a: Dhelmise
|
|upkeep
|turn|10
|
|t:|1622941223
|switch|p1a: Diancie|Diancie|100/100 par
|move|p2a: Arcanine|Morning Sun|p2a: Arcanine
|-heal|p2a: Arcanine|100/100
|
|upkeep
|turn|11
|
|t:|1622941226
|switch|p2a: Seismitoad|Seismitoad, M|100/100
|cant|p1a: Diancie|par
|
|upkeep
|turn|12
|
|t:|1622941232
|move|p2a: Seismitoad|Stealth Rock|p1a: Diancie
|-sidestart|p1: Glidinganteater|move: Stealth Rock
|move|p1a: Diancie|Heal Bell|p1a: Diancie
|-activate|p1a: Diancie|move: Heal Bell
|-curestatus|p1a: Diancie|par|[msg]
|
|upkeep
|turn|13
|
|t:|1622941237
|switch|p1a: Dhelmise|Dhelmise|84/100
|move|p2a: Seismitoad|Toxic|p1a: Dhelmise
|-status|p1a: Dhelmise|tox
|
|-damage|p1a: Dhelmise|78/100 tox|[from] psn
|upkeep
|turn|14
|
|t:|1622941243
|switch|p2a: Sableye|Sableye, F|100/100
|move|p1a: Dhelmise|Rapid Spin|p2a: Sableye
|-immune|p2a: Sableye
|
|-damage|p1a: Dhelmise|65/100 tox|[from] psn
|upkeep
|turn|15
|
|t:|1622941248
|switch|p1a: Cobalion|Cobalion|100/100
|-damage|p1a: Cobalion|97/100|[from] Stealth Rock
|move|p2a: Sableye|Encore||[still]
|-fail|p2a: Sableye
|
|upkeep
|turn|16
|
|t:|1622941258
|switch|p1a: Dhelmise|Dhelmise|65/100 tox
|switch|p2a: Hattrem|Hattrem, F|100/100
|
|-damage|p1a: Dhelmise|59/100 tox|[from] psn
|upkeep
|turn|17
|
|t:|1622941264
|switch|p2a: Sableye|Sableye, F|100/100
|move|p1a: Dhelmise|Poltergeist|p2a: Sableye
|-activate|p2a: Sableye|move: Poltergeist|Rocky Helmet
|-damage|p2a: Sableye|37/100
|
|-damage|p1a: Dhelmise|47/100 tox|[from] psn
|upkeep
|turn|18
|
|t:|1622941272
|move|p2a: Sableye|Recover|p2a: Sableye
|-heal|p2a: Sableye|87/100
|move|p1a: Dhelmise|Synthesis|p1a: Dhelmise
|-heal|p1a: Dhelmise|97/100 tox
|
|-damage|p1a: Dhelmise|78/100 tox|[from] psn
|upkeep
|turn|19
|
|t:|1622941279
|switch|p1a: Gastrodon|Gastrodon, M|100/100
|-damage|p1a: Gastrodon|94/100|[from] Stealth Rock
|move|p2a: Sableye|Knock Off|p1a: Gastrodon
|-damage|p1a: Gastrodon|74/100
|-enditem|p1a: Gastrodon|Leftovers|[from] move: Knock Off|[of] p2a: Sableye
|
|upkeep
|turn|20
|
|t:|1622941287
|switch|p2a: Hattrem|Hattrem, F|100/100
|switch|p1a: Golisopod|Golisopod, M|100/100
|
|upkeep
|turn|21
|
|t:|1622941293
|switch|p2a: Arcanine|Arcanine, F|100/100
|-ability|p2a: Arcanine|Intimidate|boost
|-unboost|p1a: Golisopod|atk|1
|move|p1a: Golisopod|Knock Off|p2a: Arcanine
|-damage|p2a: Arcanine|83/100
|-damage|p1a: Golisopod|84/100|[from] item: Rocky Helmet|[of] p2a: Arcanine
|-enditem|p2a: Arcanine|Rocky Helmet|[from] move: Knock Off|[of] p1a: Golisopod
|
|upkeep
|turn|22
|
|t:|1622941301
|switch|p2a: Seismitoad|Seismitoad, M|100/100
|move|p1a: Golisopod|Liquidation|p2a: Seismitoad
|-immune|p2a: Seismitoad|[from] ability: Water Absorb
|
|upkeep
|turn|23
|
|t:|1622941309
|switch|p2a: Hattrem|Hattrem, F|100/100
|move|p1a: Golisopod|Knock Off|p2a: Hattrem
|-supereffective|p2a: Hattrem
|-damage|p2a: Hattrem|66/100
|-enditem|p2a: Hattrem|Eviolite|[from] move: Knock Off|[of] p1a: Golisopod
|
|upkeep
|turn|24
|j| kass242
|
|t:|1622941317
|move|p1a: Golisopod|Knock Off|p2a: Hattrem
|-supereffective|p2a: Hattrem
|-damage|p2a: Hattrem|34/100
|move|p2a: Hattrem|Nuzzle|p1a: Golisopod
|-supereffective|p1a: Golisopod
|-crit|p1a: Golisopod
|-damage|p1a: Golisopod|79/100
|-status|p1a: Golisopod|par
|
|upkeep
|turn|25
|
|t:|1622941324
|move|p2a: Hattrem|Giga Drain|p1a: Golisopod
|-damage|p1a: Golisopod|60/100 par
|-heal|p2a: Hattrem|44/100|[from] drain|[of] p1a: Golisopod
|move|p1a: Golisopod|Knock Off|p2a: Hattrem
|-supereffective|p2a: Hattrem
|-damage|p2a: Hattrem|10/100
|
|upkeep
|turn|26
|
|t:|1622941331
|switch|p2a: Sableye|Sableye, F|87/100
|switch|p1a: Dhelmise|Dhelmise|78/100 tox
|
|-damage|p1a: Dhelmise|72/100 tox|[from] psn
|upkeep
|turn|27
|l| kass242
|
|t:|1622941338
|switch|p1a: Cobalion|Cobalion|97/100
|-damage|p1a: Cobalion|94/100|[from] Stealth Rock
|move|p2a: Sableye|Knock Off|p1a: Cobalion
|-resisted|p1a: Cobalion
|-damage|p1a: Cobalion|84/100
|-damage|p2a: Sableye|70/100|[from] item: Rocky Helmet|[of] p1a: Cobalion
|-ability|p1a: Cobalion|Justified|boost
|-boost|p1a: Cobalion|atk|1
|-enditem|p1a: Cobalion|Rocky Helmet|[from] move: Knock Off|[of] p2a: Sableye
|
|upkeep
|turn|28
|
|t:|1622941342
|move|p2a: Sableye|Will-O-Wisp|p1a: Cobalion|[miss]
|-miss|p2a: Sableye|p1a: Cobalion
|move|p1a: Cobalion|Stealth Rock|p2a: Sableye
|-sidestart|p2: Nice great guy|move: Stealth Rock
|
|upkeep
|turn|29
|
|t:|1622941346
|switch|p1a: Golisopod|Golisopod, M|60/100 par
|move|p2a: Sableye|Encore||[still]
|-fail|p2a: Sableye
|
|upkeep
|turn|30
|
|t:|1622941351
|move|p2a: Sableye|Knock Off|p1a: Golisopod
|-crit|p1a: Golisopod
|-damage|p1a: Golisopod|31/100 par
|-enditem|p1a: Golisopod|Heavy-Duty Boots|[from] move: Knock Off|[of] p2a: Sableye
|-activate|p1a: Golisopod|ability: Emergency Exit
|
|t:|1622941362
|switch|p1a: Gastrodon|Gastrodon, M|74/100
|-damage|p1a: Gastrodon|68/100|[from] Stealth Rock
|
|upkeep
|turn|31
|
|t:|1622941388
|switch|p2a: Hitmonchan|Hitmonchan, M|100/100
|-damage|p2a: Hitmonchan|94/100|[from] Stealth Rock
|move|p1a: Gastrodon|Earth Power|p2a: Hitmonchan
|-damage|p2a: Hitmonchan|57/100
|
|upkeep
|turn|32
|inactive|Glidinganteater has 120 seconds left.
|
|t:|1622941427
|move|p2a: Hitmonchan|Ice Punch|p1a: Gastrodon
|-damage|p1a: Gastrodon|40/100
|-damage|p2a: Hitmonchan|47/100|[from] item: Life Orb
|move|p1a: Gastrodon|Recover|p1a: Gastrodon
|-heal|p1a: Gastrodon|90/100
|
|upkeep
|turn|33
|
|t:|1622941434
|move|p2a: Hitmonchan|Rapid Spin|p1a: Gastrodon
|-damage|p1a: Gastrodon|75/100
|-boost|p2a: Hitmonchan|spe|1
|-sideend|p2: Nice great guy|Stealth Rock|[from] move: Rapid Spin|[of] p2a: Hitmonchan
|-damage|p2a: Hitmonchan|37/100|[from] item: Life Orb
|move|p1a: Gastrodon|Earth Power|p2a: Hitmonchan
|-damage|p2a: Hitmonchan|1/100
|
|upkeep
|turn|34
|
|t:|1622941445
|switch|p2a: Snorlax|Snorlax, M|100/100
|move|p1a: Gastrodon|Recover|p1a: Gastrodon
|-heal|p1a: Gastrodon|100/100
|
|upkeep
|turn|35
|
|t:|1622941449
|switch|p1a: Cobalion|Cobalion|84/100
|-damage|p1a: Cobalion|81/100|[from] Stealth Rock
|move|p2a: Snorlax|Toxic|p1a: Cobalion
|-immune|p1a: Cobalion
|
|upkeep
|turn|36
|inactive|Glidinganteater has 120 seconds left.
|
|t:|1622941455
|switch|p2a: Hattrem|Hattrem, F|10/100
|move|p1a: Cobalion|Stealth Rock|p2a: Hattrem
|move|p2a: Hattrem|Stealth Rock||[from]ability: Magic Bounce|[still]
|-fail|p2a: Hattrem
|
|upkeep
|turn|37
|
|t:|1622941460
|move|p1a: Cobalion|Stealth Rock|p2a: Hattrem
|move|p2a: Hattrem|Stealth Rock||[from]ability: Magic Bounce|[still]
|-fail|p2a: Hattrem
|move|p2a: Hattrem|Mystical Fire|p1a: Cobalion
|-supereffective|p1a: Cobalion
|-damage|p1a: Cobalion|42/100
|-unboost|p1a: Cobalion|spa|1
|
|upkeep
|turn|38
|
|t:|1622941464
|move|p1a: Cobalion|Volt Switch|p2a: Hattrem
|-damage|p2a: Hattrem|0 fnt
|faint|p2a: Hattrem
|
|t:|1622941488
|switch|p1a: Diancie|Diancie|100/100|[from]move: Volt Switch
|-damage|p1a: Diancie|88/100|[from] Stealth Rock
|
|-heal|p1a: Diancie|94/100|[from] item: Leftovers
|upkeep
|
|t:|1622941498
|switch|p2a: Seismitoad|Seismitoad, M|100/100
|turn|39
|
|t:|1622941504
|move|p2a: Seismitoad|Earth Power|p1a: Diancie
|-supereffective|p1a: Diancie
|-damage|p1a: Diancie|63/100
|move|p1a: Diancie|Toxic|p2a: Seismitoad
|-status|p2a: Seismitoad|tox
|
|-heal|p1a: Diancie|68/100|[from] item: Leftovers
|-damage|p2a: Seismitoad|94/100 tox|[from] psn
|upkeep
|turn|40
|
|t:|1622941513
|switch|p1a: Dhelmise|Dhelmise|72/100 tox
|move|p2a: Seismitoad|Toxic|p1a: Dhelmise
|-fail|p1a: Dhelmise|tox
|
|-heal|p2a: Seismitoad|100/100 tox|[from] item: Leftovers
|-damage|p2a: Seismitoad|88/100 tox|[from] psn
|-damage|p1a: Dhelmise|66/100 tox|[from] psn
|upkeep
|turn|41
|
|t:|1622941516
|switch|p2a: Sableye|Sableye, F|70/100
|move|p1a: Dhelmise|Rapid Spin|p2a: Sableye
|-immune|p2a: Sableye
|
|-damage|p1a: Dhelmise|54/100 tox|[from] psn
|upkeep
|turn|42
|inactive|Glidinganteater has 120 seconds left.
|
|t:|1622941558
|switch|p1a: Gastrodon|Gastrodon, M|100/100
|-damage|p1a: Gastrodon|94/100|[from] Stealth Rock
|move|p2a: Sableye|Recover|p2a: Sableye
|-heal|p2a: Sableye|100/100
|
|upkeep
|turn|43
|
|t:|1622941570
|switch|p2a: Seismitoad|Seismitoad, M|88/100 tox
|move|p1a: Gastrodon|Toxic|p2a: Seismitoad
|-fail|p2a: Seismitoad|tox
|
|-heal|p2a: Seismitoad|94/100 tox|[from] item: Leftovers
|-damage|p2a: Seismitoad|88/100 tox|[from] psn
|upkeep
|turn|44
|
|t:|1622941576
|move|p2a: Seismitoad|Earth Power|p1a: Gastrodon
|-damage|p1a: Gastrodon|70/100
|move|p1a: Gastrodon|Toxic|p2a: Seismitoad
|-fail|p2a: Seismitoad|tox
|
|-heal|p2a: Seismitoad|94/100 tox|[from] item: Leftovers
|-damage|p2a: Seismitoad|82/100 tox|[from] psn
|upkeep
|turn|45
|
|t:|1622941580
|switch|p2a: Snorlax|Snorlax, M|100/100
|move|p1a: Gastrodon|Earth Power|p2a: Snorlax
|-damage|p2a: Snorlax|87/100
|
|-heal|p2a: Snorlax|93/100|[from] item: Leftovers
|upkeep
|turn|46
|
|t:|1622941585
|switch|p1a: Cresselia|Cresselia, F, shiny|100/100
|-damage|p1a: Cresselia|88/100|[from] Stealth Rock
|switch|p2a: Hitmonchan|Hitmonchan, M|1/100
|
|-heal|p1a: Cresselia|94/100|[from] item: Leftovers
|upkeep
|turn|47
|
|t:|1622941591
|switch|p2a: Snorlax|Snorlax, M|93/100
|switch|p1a: Cobalion|Cobalion|42/100
|-damage|p1a: Cobalion|39/100|[from] Stealth Rock
|
|-heal|p2a: Snorlax|99/100|[from] item: Leftovers
|upkeep
|turn|48
|
|t:|1622941598
|switch|p2a: Sableye|Sableye, F|100/100
|move|p1a: Cobalion|Close Combat|p2a: Sableye
|-immune|p2a: Sableye
|
|upkeep
|turn|49
|
|t:|1622941610
|switch|p1a: Gastrodon|Gastrodon, M|70/100
|-damage|p1a: Gastrodon|64/100|[from] Stealth Rock
|move|p2a: Sableye|Encore||[still]
|-fail|p2a: Sableye
|
|upkeep
|turn|50
|
|t:|1622941616
|switch|p2a: Seismitoad|Seismitoad, M|82/100 tox
|move|p1a: Gastrodon|Recover|p1a: Gastrodon
|-heal|p1a: Gastrodon|100/100
|
|-heal|p2a: Seismitoad|88/100 tox|[from] item: Leftovers
|-damage|p2a: Seismitoad|82/100 tox|[from] psn
|upkeep
|turn|51
|
|t:|1622941619
|move|p2a: Seismitoad|Toxic|p1a: Gastrodon
|-status|p1a: Gastrodon|tox
|move|p1a: Gastrodon|Earth Power|p2a: Seismitoad
|-damage|p2a: Seismitoad|52/100 tox
|
|-heal|p2a: Seismitoad|58/100 tox|[from] item: Leftovers
|-damage|p2a: Seismitoad|46/100 tox|[from] psn
|-damage|p1a: Gastrodon|94/100 tox|[from] psn
|upkeep
|turn|52
|
|t:|1622941626
|switch|p2a: Sableye|Sableye, F|100/100
|switch|p1a: Dhelmise|Dhelmise|54/100 tox
|
|-damage|p1a: Dhelmise|48/100 tox|[from] psn
|upkeep
|turn|53
|
|t:|1622941633
|move|p1a: Dhelmise|Synthesis|p1a: Dhelmise
|-heal|p1a: Dhelmise|97/100 tox
|move|p2a: Sableye|Knock Off|p1a: Dhelmise
|-supereffective|p1a: Dhelmise
|-crit|p1a: Dhelmise
|-damage|p1a: Dhelmise|6/100 tox
|-enditem|p1a: Dhelmise|Heavy-Duty Boots|[from] move: Knock Off|[of] p2a: Sableye
|
|-damage|p1a: Dhelmise|0 fnt|[from] psn
|faint|p1a: Dhelmise
|upkeep
|c|☆Glidinganteater|Ugh
|c|☆Nice great guy|:)
|inactive|Glidinganteater has 120 seconds left.
|
|t:|1622941674
|switch|p1a: Gastrodon|Gastrodon, M|94/100 tox
|-damage|p1a: Gastrodon|88/100 tox|[from] Stealth Rock
|turn|54
|
|t:|1622941680
|switch|p2a: Snorlax|Snorlax, M|99/100
|move|p1a: Gastrodon|Earth Power|p2a: Snorlax
|-damage|p2a: Snorlax|85/100
|
|-heal|p2a: Snorlax|92/100|[from] item: Leftovers
|-damage|p1a: Gastrodon|82/100 tox|[from] psn
|upkeep
|turn|55
|
|t:|1622941690
|switch|p1a: Diancie|Diancie|68/100
|-damage|p1a: Diancie|56/100|[from] Stealth Rock
|move|p2a: Snorlax|Body Slam|p1a: Diancie
|-resisted|p1a: Diancie
|-damage|p1a: Diancie|45/100
|-status|p1a: Diancie|par
|
|-heal|p2a: Snorlax|98/100|[from] item: Leftovers
|-heal|p1a: Diancie|51/100 par|[from] item: Leftovers
|upkeep
|turn|56
|
|t:|1622941695
|switch|p2a: Sableye|Sableye, F|100/100
|move|p1a: Diancie|Heal Bell|p1a: Diancie
|-activate|p1a: Diancie|move: Heal Bell
|-curestatus|p1a: Diancie|par|[msg]
|-curestatus|p1: Gastrodon|tox|[msg]
|-curestatus|p1: Golisopod|par|[msg]
|
|-heal|p1a: Diancie|57/100|[from] item: Leftovers
|upkeep
|turn|57
|
|t:|1622941702
|move|p2a: Sableye|Will-O-Wisp|p1a: Diancie
|-status|p1a: Diancie|brn
|move|p1a: Diancie|Diamond Storm|p2a: Sableye
|-damage|p2a: Sableye|83/100
|
|-heal|p1a: Diancie|63/100 brn|[from] item: Leftovers
|-damage|p1a: Diancie|57/100 brn|[from] brn
|upkeep
|turn|58
|
|t:|1622941706
|move|p1a: Diancie|Toxic|p2a: Sableye
|-status|p2a: Sableye|tox
|move|p2a: Sableye|Knock Off|p1a: Diancie
|-resisted|p1a: Diancie
|-damage|p1a: Diancie|47/100 brn
|-enditem|p1a: Diancie|Leftovers|[from] move: Knock Off|[of] p2a: Sableye
|
|-damage|p2a: Sableye|77/100 tox|[from] psn
|-damage|p1a: Diancie|41/100 brn|[from] brn
|upkeep
|turn|59
|
|t:|1622941710
|move|p2a: Sableye|Encore|p1a: Diancie
|-start|p1a: Diancie|Encore
|move|p1a: Diancie|Toxic|p2a: Sableye
|-fail|p2a: Sableye|tox
|
|-damage|p2a: Sableye|65/100 tox|[from] psn
|-damage|p1a: Diancie|35/100 brn|[from] brn
|upkeep
|turn|60
|
|t:|1622941738
|switch|p1a: Golisopod|Golisopod, M|31/100
|-damage|p1a: Golisopod|6/100|[from] Stealth Rock
|switch|p2a: Seismitoad|Seismitoad, M|46/100 tox
|
|-heal|p2a: Seismitoad|52/100 tox|[from] item: Leftovers
|-damage|p2a: Seismitoad|46/100 tox|[from] psn
|upkeep
|turn|61
|
|t:|1622941751
|switch|p2a: Sableye|Sableye, F|65/100 tox
|move|p1a: Golisopod|Spikes|p2a: Sableye
|-sidestart|p2: Nice great guy|Spikes
|
|-damage|p2a: Sableye|59/100 tox|[from] psn
|upkeep
|turn|62
|inactive|Glidinganteater has 120 seconds left.
|
|t:|1622941786
|move|p2a: Sableye|Will-O-Wisp|p1a: Golisopod
|-status|p1a: Golisopod|brn
|move|p1a: Golisopod|Spikes|p2a: Sableye
|-sidestart|p2: Nice great guy|Spikes
|
|-damage|p2a: Sableye|47/100 tox|[from] psn
|-damage|p1a: Golisopod|0 fnt|[from] brn
|faint|p1a: Golisopod
|upkeep
|
|t:|1622941793
|switch|p1a: Diancie|Diancie|35/100 brn
|-damage|p1a: Diancie|23/100 brn|[from] Stealth Rock
|turn|63
|
|t:|1622941800
|move|p2a: Sableye|Recover|p2a: Sableye
|-heal|p2a: Sableye|97/100 tox
|move|p1a: Diancie|Body Press|p2a: Sableye
|-immune|p2a: Sableye
|
|-damage|p2a: Sableye|79/100 tox|[from] psn
|-damage|p1a: Diancie|17/100 brn|[from] brn
|upkeep
|turn|64
|
|t:|1622941807
|move|p2a: Sableye|Encore|p1a: Diancie
|-start|p1a: Diancie|Encore
|move|p1a: Diancie|Body Press|p2a: Sableye
|-immune|p2a: Sableye
|
|-damage|p2a: Sableye|56/100 tox|[from] psn
|-damage|p1a: Diancie|11/100 brn|[from] brn
|upkeep
|turn|65
|
|t:|1622941811
|move|p2a: Sableye|Recover|p2a: Sableye
|-heal|p2a: Sableye|100/100 tox
|move|p1a: Diancie|Body Press|p2a: Sableye
|-immune|p2a: Sableye
|
|-damage|p2a: Sableye|71/100 tox|[from] psn
|-damage|p1a: Diancie|5/100 brn|[from] brn
|upkeep
|turn|66
|
|t:|1622941818
|move|p2a: Sableye|Recover|p2a: Sableye
|-heal|p2a: Sableye|100/100 tox
|move|p1a: Diancie|Body Press|p2a: Sableye
|-immune|p2a: Sableye
|
|-damage|p2a: Sableye|65/100 tox|[from] psn
|-damage|p1a: Diancie|0 fnt|[from] brn
|faint|p1a: Diancie
|upkeep
|
|t:|1622941822
|switch|p1a: Gastrodon|Gastrodon, M|82/100
|-damage|p1a: Gastrodon|76/100|[from] Stealth Rock
|turn|67
|
|t:|1622941827
|switch|p2a: Snorlax|Snorlax, M|98/100
|-damage|p2a: Snorlax|81/100|[from] Spikes
|switch|p1a: Cresselia|Cresselia, F, shiny|94/100
|-damage|p1a: Cresselia|82/100|[from] Stealth Rock
|
|-heal|p1a: Cresselia|88/100|[from] item: Leftovers
|-heal|p2a: Snorlax|87/100|[from] item: Leftovers
|upkeep
|turn|68
|
|t:|1622941830
|move|p1a: Cresselia|Substitute|p1a: Cresselia
|-start|p1a: Cresselia|Substitute
|-damage|p1a: Cresselia|63/100
|move|p2a: Snorlax|Toxic||[still]
|-fail|p2a: Snorlax
|
|-heal|p1a: Cresselia|69/100|[from] item: Leftovers
|-heal|p2a: Snorlax|93/100|[from] item: Leftovers
|upkeep
|turn|69
|
|t:|1622941836
|move|p1a: Cresselia|Calm Mind|p1a: Cresselia
|-boost|p1a: Cresselia|spa|1
|-boost|p1a: Cresselia|spd|1
|move|p2a: Snorlax|Body Slam|p1a: Cresselia
|-activate|p1a: Cresselia|move: Substitute|[damage]
|
|-heal|p1a: Cresselia|75/100|[from] item: Leftovers
|-heal|p2a: Snorlax|99/100|[from] item: Leftovers
|upkeep
|turn|70
|
|t:|1622941845
|move|p1a: Cresselia|Calm Mind|p1a: Cresselia
|-boost|p1a: Cresselia|spa|1
|-boost|p1a: Cresselia|spd|1
|move|p2a: Snorlax|Body Slam|p1a: Cresselia
|-crit|p1a: Cresselia
|-end|p1a: Cresselia|Substitute
|
|-heal|p1a: Cresselia|82/100|[from] item: Leftovers
|-heal|p2a: Snorlax|100/100|[from] item: Leftovers
|upkeep
|turn|71
|
|t:|1622941852
|switch|p2a: Sableye|Sableye, F|65/100 tox
|-damage|p2a: Sableye|48/100 tox|[from] Spikes
|move|p1a: Cresselia|Substitute|p1a: Cresselia
|-start|p1a: Cresselia|Substitute
|-damage|p1a: Cresselia|57/100
|
|-heal|p1a: Cresselia|63/100|[from] item: Leftovers
|-damage|p2a: Sableye|42/100 tox|[from] psn
|upkeep
|turn|72
|
|t:|1622941856
|move|p2a: Sableye|Encore|p1a: Cresselia
|-start|p1a: Cresselia|Encore
|move|p1a: Cresselia|Substitute|p1a: Cresselia
|-fail|p1a: Cresselia|move: Substitute
|
|-heal|p1a: Cresselia|69/100|[from] item: Leftovers
|-damage|p2a: Sableye|31/100 tox|[from] psn
|upkeep
|turn|73
|
|t:|1622941862
|move|p2a: Sableye|Recover|p2a: Sableye
|-heal|p2a: Sableye|81/100 tox
|move|p1a: Cresselia|Substitute|p1a: Cresselia
|-fail|p1a: Cresselia|move: Substitute
|
|-heal|p1a: Cresselia|75/100|[from] item: Leftovers
|-damage|p2a: Sableye|63/100 tox|[from] psn
|upkeep
|turn|74
|
|t:|1622941869
|move|p1a: Cresselia|Substitute|p1a: Cresselia
|-fail|p1a: Cresselia|move: Substitute
|move|p2a: Sableye|Knock Off|p1a: Cresselia
|-supereffective|p1a: Cresselia
|-end|p1a: Cresselia|Substitute
|
|-heal|p1a: Cresselia|81/100|[from] item: Leftovers
|-damage|p2a: Sableye|39/100 tox|[from] psn
|-end|p1a: Cresselia|Encore
|upkeep
|turn|75
|
|t:|1622941890
|switch|p1a: Gastrodon|Gastrodon, M|76/100
|-damage|p1a: Gastrodon|70/100|[from] Stealth Rock
|move|p2a: Sableye|Recover|p2a: Sableye
|-heal|p2a: Sableye|89/100 tox
|
|-damage|p2a: Sableye|60/100 tox|[from] psn
|upkeep
|turn|76
|
|t:|1622941902
|switch|p2a: Hitmonchan|Hitmonchan, M|1/100
|-damage|p2a: Hitmonchan|0 fnt|[from] Spikes
|faint|p2a: Hitmonchan
|switch|p1a: Cobalion|Cobalion|39/100
|-damage|p1a: Cobalion|36/100|[from] Stealth Rock
|
|upkeep
|
|t:|1622941908
|switch|p2a: Arcanine|Arcanine, F|83/100
|-damage|p2a: Arcanine|66/100|[from] Spikes
|-ability|p2a: Arcanine|Intimidate|boost
|-unboost|p1a: Cobalion|atk|1
|turn|77
|
|t:|1622941923
|move|p1a: Cobalion|Volt Switch|p2a: Arcanine
|-damage|p2a: Arcanine|53/100
|
|t:|1622941925
|switch|p1a: Gastrodon|Gastrodon, M|70/100|[from]move: Volt Switch
|-damage|p1a: Gastrodon|64/100|[from] Stealth Rock
|move|p2a: Arcanine|Overheat|p1a: Gastrodon
|-resisted|p1a: Gastrodon
|-damage|p1a: Gastrodon|42/100
|-unboost|p2a: Arcanine|spa|2
|
|upkeep
|turn|78
|
|t:|1622941928
|switch|p2a: Snorlax|Snorlax, M|100/100
|-damage|p2a: Snorlax|84/100|[from] Spikes
|move|p1a: Gastrodon|Recover|p1a: Gastrodon
|-heal|p1a: Gastrodon|92/100
|
|-heal|p2a: Snorlax|90/100|[from] item: Leftovers
|upkeep
|turn|79
|
|t:|1622941934
|switch|p1a: Cobalion|Cobalion|36/100
|-damage|p1a: Cobalion|33/100|[from] Stealth Rock
|move|p2a: Snorlax|Body Slam|p1a: Cobalion
|-resisted|p1a: Cobalion
|-damage|p1a: Cobalion|20/100
|
|-heal|p2a: Snorlax|96/100|[from] item: Leftovers
|upkeep
|turn|80
|
|t:|1622941944
|move|p1a: Cobalion|Stealth Rock|p2a: Snorlax
|-sidestart|p2: Nice great guy|move: Stealth Rock
|move|p2a: Snorlax|Body Slam|p1a: Cobalion
|-resisted|p1a: Cobalion
|-damage|p1a: Cobalion|6/100
|
|-heal|p2a: Snorlax|100/100|[from] item: Leftovers
|upkeep
|turn|81
|
|t:|1622941955
|switch|p2a: Arcanine|Arcanine, F|53/100
|-damage|p2a: Arcanine|28/100|[from] Stealth Rock
|-damage|p2a: Arcanine|11/100|[from] Spikes
|-ability|p2a: Arcanine|Intimidate|boost
|-unboost|p1a: Cobalion|atk|1
|move|p1a: Cobalion|Close Combat|p2a: Arcanine
|-damage|p2a: Arcanine|0 fnt
|-unboost|p1a: Cobalion|def|1
|-unboost|p1a: Cobalion|spd|1
|faint|p2a: Arcanine
|
|upkeep
|
|t:|1622941958
|switch|p2a: Sableye|Sableye, F|60/100 tox
|-damage|p2a: Sableye|43/100 tox|[from] Spikes
|-damage|p2a: Sableye|31/100 tox|[from] Stealth Rock
|turn|82
|
|t:|1622941969
|move|p2a: Sableye|Recover|p2a: Sableye
|-heal|p2a: Sableye|81/100 tox
|move|p1a: Cobalion|Iron Head|p2a: Sableye
|-damage|p2a: Sableye|58/100 tox
|-damage|p1a: Cobalion|0 fnt|[from] item: Rocky Helmet|[of] p2a: Sableye
|faint|p1a: Cobalion
|
|-damage|p2a: Sableye|52/100 tox|[from] psn
|upkeep
|
|t:|1622941981
|switch|p1a: Gastrodon|Gastrodon, M|92/100
|-damage|p1a: Gastrodon|86/100|[from] Stealth Rock
|turn|83
|
|t:|1622941995
|switch|p2a: Snorlax|Snorlax, M|100/100
|-damage|p2a: Snorlax|84/100|[from] Spikes
|-damage|p2a: Snorlax|71/100|[from] Stealth Rock
|move|p1a: Gastrodon|Toxic|p2a: Snorlax
|-status|p2a: Snorlax|tox
|
|-heal|p2a: Snorlax|78/100 tox|[from] item: Leftovers
|-damage|p2a: Snorlax|71/100 tox|[from] psn
|upkeep
|turn|84
|
|t:|1622942003
|move|p1a: Gastrodon|Earth Power|p2a: Snorlax
|-damage|p2a: Snorlax|59/100 tox
|move|p2a: Snorlax|Body Slam|p1a: Gastrodon
|-damage|p1a: Gastrodon|62/100
|
|-heal|p2a: Snorlax|65/100 tox|[from] item: Leftovers
|-damage|p2a: Snorlax|53/100 tox|[from] psn
|upkeep
|turn|85
|
|t:|1622942010
|move|p1a: Gastrodon|Earth Power|p2a: Snorlax
|-damage|p2a: Snorlax|41/100 tox
|move|p2a: Snorlax|Rest|p2a: Snorlax
|-status|p2a: Snorlax|slp|[from] move: Rest
|-heal|p2a: Snorlax|100/100 slp|[silent]
|
|upkeep
|turn|86
|
|t:|1622942016
|switch|p1a: Cresselia|Cresselia, F, shiny|81/100
|-damage|p1a: Cresselia|69/100|[from] Stealth Rock
|cant|p2a: Snorlax|slp
|move|p2a: Snorlax|Sleep Talk|p2a: Snorlax
|move|p2a: Snorlax|Rest||[from]move: Sleep Talk|[still]
|-fail|p2a: Snorlax
|
|-heal|p1a: Cresselia|75/100|[from] item: Leftovers
|upkeep
|turn|87
|
|t:|1622942021
|switch|p2a: Sableye|Sableye, F|52/100 tox
|-damage|p2a: Sableye|40/100 tox|[from] Stealth Rock
|-damage|p2a: Sableye|23/100 tox|[from] Spikes
|move|p1a: Cresselia|Moonblast|p2a: Sableye
|-supereffective|p2a: Sableye
|-damage|p2a: Sableye|0 fnt
|faint|p2a: Sableye
|
|-heal|p1a: Cresselia|81/100|[from] item: Leftovers
|upkeep
|
|t:|1622942022
|switch|p2a: Snorlax|Snorlax, M|100/100 slp
|-damage|p2a: Snorlax|84/100 slp|[from] Spikes
|-damage|p2a: Snorlax|71/100 slp|[from] Stealth Rock
|turn|88
|
|t:|1622942027
|move|p1a: Cresselia|Substitute|p1a: Cresselia
|-start|p1a: Cresselia|Substitute
|-damage|p1a: Cresselia|56/100
|cant|p2a: Snorlax|slp
|move|p2a: Snorlax|Sleep Talk|p2a: Snorlax
|move|p2a: Snorlax|Rest||[from]move: Sleep Talk|[still]
|-fail|p2a: Snorlax
|
|-heal|p1a: Cresselia|63/100|[from] item: Leftovers
|-heal|p2a: Snorlax|78/100 slp|[from] item: Leftovers
|upkeep
|turn|89
|
|t:|1622942034
|move|p1a: Cresselia|Calm Mind|p1a: Cresselia
|-boost|p1a: Cresselia|spa|1
|-boost|p1a: Cresselia|spd|1
|-curestatus|p2a: Snorlax|slp|[msg]
|move|p2a: Snorlax|Body Slam|p1a: Cresselia
|-activate|p1a: Cresselia|move: Substitute|[damage]
|
|-heal|p1a: Cresselia|69/100|[from] item: Leftovers
|-heal|p2a: Snorlax|84/100|[from] item: Leftovers
|upkeep
|turn|90
|
|t:|1622942043
|move|p1a: Cresselia|Calm Mind|p1a: Cresselia
|-boost|p1a: Cresselia|spa|1
|-boost|p1a: Cresselia|spd|1
|move|p2a: Snorlax|Body Slam|p1a: Cresselia
|-end|p1a: Cresselia|Substitute
|
|-heal|p1a: Cresselia|75/100|[from] item: Leftovers
|-heal|p2a: Snorlax|90/100|[from] item: Leftovers
|upkeep
|turn|91
|
|t:|1622942054
|move|p1a: Cresselia|Substitute|p1a: Cresselia
|-start|p1a: Cresselia|Substitute
|-damage|p1a: Cresselia|50/100
|move|p2a: Snorlax|Body Slam|p1a: Cresselia
|-activate|p1a: Cresselia|move: Substitute|[damage]
|
|-heal|p1a: Cresselia|56/100|[from] item: Leftovers
|-heal|p2a: Snorlax|96/100|[from] item: Leftovers
|upkeep
|turn|92
|
|t:|1622942063
|move|p1a: Cresselia|Stored Power|p2a: Snorlax
|-damage|p2a: Snorlax|72/100
|move|p2a: Snorlax|Body Slam|p1a: Cresselia
|-end|p1a: Cresselia|Substitute
|
|-heal|p1a: Cresselia|62/100|[from] item: Leftovers
|-heal|p2a: Snorlax|78/100|[from] item: Leftovers
|upkeep
|turn|93
|
|t:|1622942075
|move|p1a: Cresselia|Substitute|p1a: Cresselia
|-start|p1a: Cresselia|Substitute
|-damage|p1a: Cresselia|37/100
|move|p2a: Snorlax|Body Slam|p1a: Cresselia
|-crit|p1a: Cresselia
|-end|p1a: Cresselia|Substitute
|
|-heal|p1a: Cresselia|44/100|[from] item: Leftovers
|-heal|p2a: Snorlax|84/100|[from] item: Leftovers
|upkeep
|turn|94
|
|t:|1622942083
|move|p1a: Cresselia|Substitute|p1a: Cresselia
|-start|p1a: Cresselia|Substitute
|-damage|p1a: Cresselia|19/100
|move|p2a: Snorlax|Body Slam|p1a: Cresselia
|-activate|p1a: Cresselia|move: Substitute|[damage]
|
|-heal|p1a: Cresselia|25/100|[from] item: Leftovers
|-heal|p2a: Snorlax|91/100|[from] item: Leftovers
|upkeep
|turn|95
|
|t:|1622942093
|move|p1a: Cresselia|Calm Mind|p1a: Cresselia
|-boost|p1a: Cresselia|spa|1
|-boost|p1a: Cresselia|spd|1
|move|p2a: Snorlax|Body Slam|p1a: Cresselia
|-end|p1a: Cresselia|Substitute
|
|-heal|p1a: Cresselia|31/100|[from] item: Leftovers
|-heal|p2a: Snorlax|97/100|[from] item: Leftovers
|upkeep
|turn|96
|
|t:|1622942109
|move|p1a: Cresselia|Stored Power|p2a: Snorlax
|-damage|p2a: Snorlax|51/100
|move|p2a: Snorlax|Body Slam|p1a: Cresselia
|-damage|p1a: Cresselia|14/100
|
|-heal|p1a: Cresselia|20/100|[from] item: Leftovers
|-heal|p2a: Snorlax|57/100|[from] item: Leftovers
|upkeep
|turn|97
|
|t:|1622942117
|move|p1a: Cresselia|Stored Power|p2a: Snorlax
|-damage|p2a: Snorlax|13/100
|move|p2a: Snorlax|Body Slam|p1a: Cresselia
|-damage|p1a: Cresselia|2/100
|
|-heal|p1a: Cresselia|8/100|[from] item: Leftovers
|-heal|p2a: Snorlax|20/100|[from] item: Leftovers
|upkeep
|turn|98
|c|☆Nice great guy|fk you
|inactive|Glidinganteater has 120 seconds left.
|c|☆Glidinganteater|Lmao
|c|☆Glidinganteater|why
|c|☆Glidinganteater|Gg
|inactive|Nice great guy has 120 seconds left.
|inactive|Nice great guy has 90 seconds left.
|inactive|Nice great guy has 60 seconds left.
|c|☆Glidinganteater|Well I guess I could still lose if u have power whip seis
|inactive|Nice great guy has 30 seconds left.
|c|☆Glidinganteater|But I’m assuming you don’t based on the timer stalling
|inactive|Nice great guy has 20 seconds left.
|inactive|Nice great guy has 15 seconds left.
|inactive|Nice great guy has 10 seconds left.
|inactive|Nice great guy has 5 seconds left.
|-message|Nice great guy lost due to inactivity.
|
|win|Glidinganteater
|raw|Glidinganteater's rating: 1474 &rarr; <strong>1489</strong><br />(+15 for winning)
|raw|Nice great guy's rating: 1388 &rarr; <strong>1373</strong><br />(-15 for losing)
