|j|☆Glidinganteater
|j|☆Charizardiac
|t:|1618708545
|gametype|singles
|player|p1|Glidinganteater|palmer|1515
|player|p2|Charizardiac|cynthia-gen4|1323
|teamsize|p1|6
|teamsize|p2|6
|gen|8
|tier|[Gen 8] RU
|rated|
|clearpoke
|poke|p1|Lucario, M|
|poke|p1|Zarude|
|poke|p1|Togekiss, M|
|poke|p1|Reuniclus, M|
|poke|p1|Seismitoad, F|
|poke|p1|Xurkitree|
|poke|p2|Barraskewda, M|
|poke|p2|Politoed, F|
|poke|p2|Seismitoad, F|
|poke|p2|Xurkitree|
|poke|p2|Noivern, M|
|poke|p2|Milotic, F|
|rule|Sleep Clause Mod: Limit one foe put to sleep
|rule|Species Clause: Limit one of each Pokémon
|rule|OHKO Clause: OHKO moves are banned
|rule|Evasion Moves Clause: Evasion moves are banned
|rule|Endless Battle Clause: Forcing endless battles is banned
|rule|HP Percentage Mod: HP is shown in percentages
|rule|Dynamax Clause: You cannot dynamax
|teampreview
|
|t:|1618708559
|start
|switch|p1a: Reuniclus|Reuniclus, M, shiny|100/100
|switch|p2a: Xurkitree|Xurkitree|100/100
|turn|1
|
|t:|1618708566
|move|p2a: Xurkitree|Volt Switch|p1a: Reuniclus
|-damage|p1a: Reuniclus|80/100
|
|t:|1618708576
|switch|p2a: Politoed|Politoed, F|100/100|[from]move: Volt Switch
|-weather|RainDance|[from] ability: Drizzle|[of] p2a: Politoed
|move|p1a: Reuniclus|Future Sight|p2a: Politoed
|-start|p1a: Reuniclus|move: Future Sight
|
|-weather|RainDance|[upkeep]
|upkeep
|turn|2
|
|t:|1618708586
|switch|p1a: Zarude|Zarude|100/100
|move|p2a: Politoed|Encore||[still]
|-fail|p2a: Politoed
|
|-weather|RainDance|[upkeep]
|upkeep
|turn|3
|
|t:|1618708602
|switch|p2a: Noivern|Noivern, M|100/100
|move|p1a: Zarude|Darkest Lariat|p2a: Noivern
|-damage|p2a: Noivern|50/100
|
|-weather|RainDance|[upkeep]
|-end|p2a: Noivern|move: Future Sight
|-damage|p2a: Noivern|0 fnt
|upkeep
|faint|p2a: Noivern
|
|t:|1618708630
|switch|p2a: Barraskewda|Barraskewda, M|100/100
|turn|4
|j| iyametal
|
|t:|1618708644
|switch|p1a: Togekiss|Togekiss, M|100/100
|move|p2a: Barraskewda|Liquidation|p1a: Togekiss
|-damage|p1a: Togekiss|30/100
|
|-weather|RainDance|[upkeep]
|upkeep
|turn|5
|
|t:|1618708654
|switch|p2a: Xurkitree|Xurkitree|100/100
|switch|p1a: Seismitoad|Seismitoad, F|100/100
|
|-weather|RainDance|[upkeep]
|upkeep
|turn|6
|
|t:|1618708676
|switch|p1a: Zarude|Zarude|100/100
|move|p2a: Xurkitree|Energy Ball|p1a: Zarude
|-resisted|p1a: Zarude
|-damage|p1a: Zarude|82/100
|
|-weather|RainDance|[upkeep]
|upkeep
|turn|7
|
|t:|1618708685
|switch|p2a: Milotic|Milotic, F|100/100
|move|p1a: Zarude|Power Whip|p2a: Milotic
|-supereffective|p2a: Milotic
|-damage|p2a: Milotic|0 fnt
|faint|p2a: Milotic
|
|-weather|RainDance|[upkeep]
|upkeep
|
|t:|1618708693
|switch|p2a: Barraskewda|Barraskewda, M|100/100
|turn|8
|
|t:|1618708715
|switch|p1a: Togekiss|Togekiss, M|30/100
|move|p2a: Barraskewda|Close Combat|p1a: Togekiss
|-resisted|p1a: Togekiss
|-damage|p1a: Togekiss|17/100
|-unboost|p2a: Barraskewda|def|1
|-unboost|p2a: Barraskewda|spd|1
|
|-weather|none
|upkeep
|turn|9
|
|t:|1618708721
|switch|p2a: Politoed|Politoed, F|100/100
|-weather|RainDance|[from] ability: Drizzle|[of] p2a: Politoed
|move|p1a: Togekiss|Roost|p1a: Togekiss
|-heal|p1a: Togekiss|67/100
|-singleturn|p1a: Togekiss|move: Roost
|
|-weather|RainDance|[upkeep]
|upkeep
|turn|10
|
|t:|1618708733
|switch|p1a: Reuniclus|Reuniclus, M, shiny|100/100
|move|p2a: Politoed|Ice Beam|p1a: Reuniclus
|-damage|p1a: Reuniclus|91/100
|
|-weather|RainDance|[upkeep]
|upkeep
|turn|11
|
|t:|1618708757
|switch|p2a: Seismitoad|Seismitoad, F|100/100
|move|p1a: Reuniclus|Future Sight|p2a: Seismitoad
|-start|p1a: Reuniclus|move: Future Sight
|
|-weather|RainDance|[upkeep]
|upkeep
|turn|12
|
|t:|1618708766
|switch|p1a: Togekiss|Togekiss, M|67/100
|move|p2a: Seismitoad|Liquidation|p1a: Togekiss
|-damage|p1a: Togekiss|28/100
|
|-weather|RainDance|[upkeep]
|upkeep
|turn|13
|
|t:|1618708777
|move|p2a: Seismitoad|Liquidation|p1a: Togekiss
|-damage|p1a: Togekiss|0 fnt
|faint|p1a: Togekiss
|
|-weather|RainDance|[upkeep]
|-end|p2a: Seismitoad|move: Future Sight
|-damage|p2a: Seismitoad|32/100
|upkeep
|
|t:|1618708786
|switch|p1a: Lucario|Lucario, M|100/100
|turn|14
|
|t:|1618708791
|move|p1a: Lucario|Extreme Speed|p2a: Seismitoad
|-damage|p2a: Seismitoad|0 fnt
|-damage|p1a: Lucario|84/100|[from] item: Rocky Helmet|[of] p2a: Seismitoad
|-damage|p1a: Lucario|74/100|[from] item: Life Orb
|faint|p2a: Seismitoad
|
|-weather|RainDance|[upkeep]
|upkeep
|
|t:|1618708796
|switch|p2a: Barraskewda|Barraskewda, M|100/100
|turn|15
|
|t:|1618708860
|switch|p1a: Xurkitree|Xurkitree|100/100
|move|p2a: Barraskewda|Flip Turn|p1a: Xurkitree
|-damage|p1a: Xurkitree|0 fnt
|faint|p1a: Xurkitree
|
|t:|1618708868
|switch|p2a: Xurkitree|Xurkitree|100/100|[from]move: Flip Turn
|
|-weather|RainDance|[upkeep]
|upkeep
|
|t:|1618708882
|switch|p1a: Reuniclus|Reuniclus, M, shiny|100/100
|turn|16
|
|t:|1618708896
|switch|p2a: Barraskewda|Barraskewda, M|100/100
|move|p1a: Reuniclus|Psyshock|p2a: Barraskewda
|-damage|p2a: Barraskewda|28/100
|
|-weather|none
|upkeep
|turn|17
|
|t:|1618708917
|switch|p2a: Politoed|Politoed, F|100/100
|-weather|RainDance|[from] ability: Drizzle|[of] p2a: Politoed
|switch|p1a: Seismitoad|Seismitoad, F|100/100
|
|-weather|RainDance|[upkeep]
|upkeep
|turn|18
|
|t:|1618708924
|move|p2a: Politoed|Ice Beam|p1a: Seismitoad
|-damage|p1a: Seismitoad|79/100
|move|p1a: Seismitoad|Knock Off|p2a: Politoed
|-damage|p2a: Politoed|76/100
|-enditem|p2a: Politoed|Damp Rock|[from] move: Knock Off|[of] p1a: Seismitoad
|
|-weather|RainDance|[upkeep]
|-heal|p1a: Seismitoad|86/100|[from] item: Leftovers
|upkeep
|turn|19
|
|t:|1618708932
|switch|p1a: Zarude|Zarude|82/100
|move|p2a: Politoed|Ice Beam|p1a: Zarude
|-supereffective|p1a: Zarude
|-damage|p1a: Zarude|40/100
|
|-weather|RainDance|[upkeep]
|upkeep
|turn|20
|
|t:|1618708939
|move|p1a: Zarude|Power Whip|p2a: Politoed
|-supereffective|p2a: Politoed
|-damage|p2a: Politoed|0 fnt
|faint|p2a: Politoed
|
|-weather|RainDance|[upkeep]
|upkeep
|
|t:|1618708951
|switch|p2a: Barraskewda|Barraskewda, M|28/100
|turn|21
|
|t:|1618708958
|move|p2a: Barraskewda|Liquidation|p1a: Zarude
|-resisted|p1a: Zarude
|-damage|p1a: Zarude|0 fnt
|faint|p1a: Zarude
|
|-weather|RainDance|[upkeep]
|upkeep
|
|t:|1618708961
|switch|p1a: Lucario|Lucario, M|74/100
|turn|22
|
|t:|1618708963
|move|p1a: Lucario|Extreme Speed|p2a: Barraskewda
|-damage|p2a: Barraskewda|0 fnt
|-damage|p1a: Lucario|64/100|[from] item: Life Orb
|faint|p2a: Barraskewda
|
|-weather|RainDance|[upkeep]
|upkeep
|
|t:|1618708966
|switch|p2a: Xurkitree|Xurkitree|100/100
|turn|23
|
|t:|1618708972
|move|p1a: Lucario|Extreme Speed|p2a: Xurkitree
|-damage|p2a: Xurkitree|52/100
|-damage|p1a: Lucario|54/100|[from] item: Life Orb
|move|p2a: Xurkitree|Energy Ball|p1a: Lucario
|-resisted|p1a: Lucario
|-damage|p1a: Lucario|24/100
|-unboost|p1a: Lucario|spd|1
|
|-weather|RainDance|[upkeep]
|upkeep
|turn|24
|
|t:|1618708980
|move|p1a: Lucario|Extreme Speed|p2a: Xurkitree
|-damage|p2a: Xurkitree|8/100
|-damage|p1a: Lucario|14/100|[from] item: Life Orb
|move|p2a: Xurkitree|Energy Ball|p1a: Lucario
|-resisted|p1a: Lucario
|-damage|p1a: Lucario|0 fnt
|faint|p1a: Lucario
|-ability|p2a: Xurkitree|Beast Boost|boost
|-boost|p2a: Xurkitree|spa|1
|
|-weather|none
|upkeep
|
|t:|1618708983
|switch|p1a: Reuniclus|Reuniclus, M, shiny|100/100
|turn|25
|
|t:|1618708987
|move|p2a: Xurkitree|Energy Ball|p1a: Reuniclus
|-damage|p1a: Reuniclus|72/100
|move|p1a: Reuniclus|Psyshock|p2a: Xurkitree
|-damage|p2a: Xurkitree|0 fnt
|faint|p2a: Xurkitree
|
|win|Glidinganteater
|raw|Glidinganteater's rating: 1515 &rarr; <strong>1525</strong><br />(+10 for winning)
|raw|Charizardiac's rating: 1323 &rarr; <strong>1313</strong><br />(-10 for losing)
|l|☆Charizardiac
|c|☆Glidinganteater|Gg
|l| iyametal
