|j|☆Moth.o
|j|☆SS007
|t:|1656778308
|gametype|singles
|player|p1|Moth.o|101|1203
|player|p2|SS007|proton|1446
|teamsize|p1|6
|teamsize|p2|6
|gen|8
|tier|[Gen 8] RU
|rated|
|rule|Sleep Clause Mod: Limit one foe put to sleep
|rule|Species Clause: Limit one of each Pokémon
|rule|OHKO Clause: OHKO moves are banned
|rule|Evasion Moves Clause: Evasion moves are banned
|rule|Endless Battle Clause: Forcing endless battles is banned
|rule|HP Percentage Mod: HP is shown in percentages
|rule|Dynamax Clause: You cannot dynamax
|clearpoke
|poke|p1|Escavalier, M|
|poke|p1|Cresselia, F|
|poke|p1|Exeggutor-Alola, F|
|poke|p1|Runerigus, F|
|poke|p1|Centiskorch, M|
|poke|p1|Grimmsnarl, M|
|poke|p2|Pangoro, F|
|poke|p2|Klefki, F|
|poke|p2|Milotic, F|
|poke|p2|Raikou|
|poke|p2|Flygon, F|
|poke|p2|Crustle, F|
|teampreview
|
|t:|1656778349
|start
|switch|p1a: Grimmsnarl|Grimmsnarl, M|100/100
|switch|p2a: Pangoro|Pangoro, F|100/100
|turn|1
|inactive|Battle timer is ON: inactive players will automatically lose when time's up. (requested by SS007)
|
|t:|1656778357
|move|p2a: Pangoro|Poison Jab|p1a: Grimmsnarl
|-supereffective|p1a: Grimmsnarl
|-damage|p1a: Grimmsnarl|0 fnt
|faint|p1a: Grimmsnarl
|
|upkeep
|
|t:|1656778362
|switch|p1a: Runerigus|Runerigus, F|100/100
|turn|2
|
|t:|1656778369
|switch|p2a: Klefki|Klefki, F|100/100
|move|p1a: Runerigus|Stealth Rock|p2a: Klefki
|-sidestart|p2: SS007|move: Stealth Rock
|
|upkeep
|turn|3
|
|t:|1656778376
|move|p2a: Klefki|Foul Play|p1a: Runerigus
|-supereffective|p1a: Runerigus
|-crit|p1a: Runerigus
|-damage|p1a: Runerigus|57/100
|-damage|p2a: Klefki|84/100|[from] item: Rocky Helmet|[of] p1a: Runerigus
|-activate|p1a: Runerigus|ability: Wandering Spirit|Prankster|Wandering Spirit|[of] p2a: Klefki
|move|p1a: Runerigus|Trick Room|p1a: Runerigus
|-fieldstart|move: Trick Room|[of] p1a: Runerigus
|
|-heal|p2a: Klefki|90/100|[from] item: Leftovers
|upkeep
|turn|4
|
|t:|1656778387
|switch|p1a: Centiskorch|Centiskorch, M|100/100
|move|p2a: Klefki|Spikes|p1a: Centiskorch
|-sidestart|p1: Moth.o|Spikes
|
|-heal|p2a: Klefki|96/100|[from] item: Leftovers
|upkeep
|turn|5
|
|t:|1656778395
|move|p1a: Centiskorch|Coil|p1a: Centiskorch
|-boost|p1a: Centiskorch|atk|1
|-boost|p1a: Centiskorch|def|1
|-boost|p1a: Centiskorch|accuracy|1
|move|p2a: Klefki|Spikes|p1a: Centiskorch
|-sidestart|p1: Moth.o|Spikes
|
|-heal|p2a: Klefki|100/100|[from] item: Leftovers
|upkeep
|turn|6
|
|t:|1656778405
|move|p1a: Centiskorch|Fire Lash|p2a: Klefki
|-supereffective|p2a: Klefki
|-damage|p2a: Klefki|0 fnt
|-activate|p2a: Klefki|ability: Wandering Spirit|Flash Fire|Wandering Spirit|[of] p1a: Centiskorch
|faint|p2a: Klefki
|
|upkeep
|
|t:|1656778413
|switch|p2a: Crustle|Crustle, F|100/100
|turn|7
|
|t:|1656778423
|move|p1a: Centiskorch|Fire Lash|p2a: Crustle
|-damage|p2a: Crustle|38/100
|-unboost|p2a: Crustle|def|1
|move|p2a: Crustle|Rock Blast|p1a: Centiskorch
|-supereffective|p1a: Centiskorch
|-damage|p1a: Centiskorch|62/100
|-supereffective|p1a: Centiskorch
|-damage|p1a: Centiskorch|26/100
|-supereffective|p1a: Centiskorch
|-damage|p1a: Centiskorch|0 fnt
|faint|p1a: Centiskorch
|-hitcount|p1: Centiskorch|3
|
|-fieldend|move: Trick Room
|upkeep
|
|t:|1656778437
|switch|p1a: Runerigus|Runerigus, F|57/100
|-damage|p1a: Runerigus|40/100|[from] Spikes
|turn|8
|
|t:|1656778447
|move|p2a: Crustle|Earthquake|p1a: Runerigus
|-damage|p1a: Runerigus|17/100
|move|p1a: Runerigus|Trick Room|p1a: Runerigus
|-fieldstart|move: Trick Room|[of] p1a: Runerigus
|
|upkeep
|turn|9
|
|t:|1656778453
|move|p1a: Runerigus|Will-O-Wisp|p2a: Crustle
|-status|p2a: Crustle|brn
|move|p2a: Crustle|Earthquake|p1a: Runerigus
|-damage|p1a: Runerigus|4/100
|
|-damage|p2a: Crustle|32/100 brn|[from] brn
|upkeep
|turn|10
|
|t:|1656778463
|move|p1a: Runerigus|Night Shade|p2a: Crustle
|-damage|p2a: Crustle|0 fnt
|faint|p2a: Crustle
|
|upkeep
|
|t:|1656778474
|switch|p2a: Milotic|Milotic, F, shiny|100/100
|-damage|p2a: Milotic|88/100|[from] Stealth Rock
|turn|11
|
|t:|1656778482
|move|p1a: Runerigus|Night Shade|p2a: Milotic
|-damage|p2a: Milotic|60/100
|move|p2a: Milotic|Scald|p1a: Runerigus
|-supereffective|p1a: Runerigus
|-damage|p1a: Runerigus|0 fnt
|faint|p1a: Runerigus
|
|-status|p2a: Milotic|brn|[from] item: Flame Orb
|upkeep
|
|t:|1656778493
|switch|p1a: Exeggutor|Exeggutor-Alola, F|100/100
|-damage|p1a: Exeggutor|84/100|[from] Spikes
|-item|p2a: Milotic|Flame Orb|[from] ability: Frisk|[of] p1a: Exeggutor|[identify]
|turn|12
|
|t:|1656778521
|move|p1a: Exeggutor|Leaf Storm|p2a: Milotic
|-supereffective|p2a: Milotic
|-damage|p2a: Milotic|0 fnt
|-unboost|p1a: Exeggutor|spa|2
|-enditem|p1a: Exeggutor|Eject Pack
|faint|p2a: Milotic
|
|t:|1656778527
|switch|p1a: Escavalier|Escavalier, M, shiny|100/100
|-damage|p1a: Escavalier|84/100|[from] Spikes
|
|-fieldend|move: Trick Room
|upkeep
|
|t:|1656778533
|switch|p2a: Flygon|Flygon, F|100/100
|-damage|p2a: Flygon|95/100|[from] Stealth Rock
|turn|13
|
|t:|1656778538
|switch|p1a: Cresselia|Cresselia, F, shiny|100/100
|move|p2a: Flygon|Fire Punch|p1a: Cresselia
|-damage|p1a: Cresselia|90/100
|
|upkeep
|turn|14
|
|t:|1656778546
|switch|p2a: Pangoro|Pangoro, F|100/100
|-damage|p2a: Pangoro|94/100|[from] Stealth Rock
|move|p1a: Cresselia|Trick Room|p1a: Cresselia
|-fieldstart|move: Trick Room|[of] p1a: Cresselia
|
|upkeep
|turn|15
|
|t:|1656778555
|move|p1a: Cresselia|Moonblast|p2a: Pangoro
|-supereffective|p2a: Pangoro
|-damage|p2a: Pangoro|0 fnt
|faint|p2a: Pangoro
|
|upkeep
|
|t:|1656778562
|switch|p2a: Raikou|Raikou|100/100
|-damage|p2a: Raikou|88/100|[from] Stealth Rock
|turn|16
|
|t:|1656778577
|move|p1a: Cresselia|Moonblast|p2a: Raikou
|-damage|p2a: Raikou|68/100
|move|p2a: Raikou|Thunderbolt|p1a: Cresselia
|-crit|p1a: Cresselia
|-damage|p1a: Cresselia|37/100
|
|upkeep
|turn|17
|
|t:|1656778584
|switch|p1a: Exeggutor|Exeggutor-Alola, F|84/100
|-damage|p1a: Exeggutor|68/100|[from] Spikes
|-item|p2a: Raikou|Choice Specs|[from] ability: Frisk|[of] p1a: Exeggutor|[identify]
|move|p2a: Raikou|Thunderbolt|p1a: Exeggutor
|-resisted|p1a: Exeggutor
|-damage|p1a: Exeggutor|50/100
|
|upkeep
|turn|18
|
|t:|1656778597
|move|p1a: Exeggutor|Draco Meteor|p2a: Raikou
|-damage|p2a: Raikou|0 fnt
|-unboost|p1a: Exeggutor|spa|2
|faint|p2a: Raikou
|
|-fieldend|move: Trick Room
|upkeep
|
|t:|1656778599
|switch|p2a: Flygon|Flygon, F|95/100
|-damage|p2a: Flygon|89/100|[from] Stealth Rock
|turn|19
|
|t:|1656778610
|move|p2a: Flygon|Dragon Dance|p2a: Flygon
|-boost|p2a: Flygon|atk|1
|-boost|p2a: Flygon|spe|1
|move|p1a: Exeggutor|Trick Room|p1a: Exeggutor
|-fieldstart|move: Trick Room|[of] p1a: Exeggutor
|
|upkeep
|turn|20
|
|t:|1656778615
|move|p1a: Exeggutor|Draco Meteor|p2a: Flygon
|-supereffective|p2a: Flygon
|-damage|p2a: Flygon|0 fnt
|-unboost|p1a: Exeggutor|spa|2
|faint|p2a: Flygon
|
|win|Moth.o
|raw|Moth.o's rating: 1203 &rarr; <strong>1243</strong><br />(+40 for winning)
|raw|SS007's rating: 1446 &rarr; <strong>1414</strong><br />(-32 for losing)
|l|☆SS007
||Ladder isn't responding, score probably updated but might not have (Request timeout).
