|j|☆Delphox News
|j|☆sexybucks
|player|p1|Delphox News|lucy-gen3|1523
|player|p2|sexybucks|brycen|1434
|teamsize|p1|6
|teamsize|p2|6
|gametype|singles
|gen|8
|tier|[Gen 8] RU
|rated|
|clearpoke
|poke|p1|Exeggutor-Alola, F|
|poke|p1|Silvally-*|
|poke|p1|Drapion, M|
|poke|p1|Runerigus, M|
|poke|p1|Centiskorch, M|
|poke|p1|Heliolisk, M|
|poke|p2|Sandslash-Alola, F|
|poke|p2|Vanilluxe, F|
|poke|p2|Gastrodon-East, M|
|poke|p2|Xatu, F|
|poke|p2|Braviary, M|
|poke|p2|Tauros, M|
|rule|Sleep Clause Mod: Limit one foe put to sleep
|rule|Species Clause: Limit one of each Pokémon
|rule|OHKO Clause: OHKO moves are banned
|rule|Evasion Moves Clause: Evasion moves are banned
|rule|Endless Battle Clause: Forcing endless battles is banned
|rule|HP Percentage Mod: HP is shown in percentages
|rule|Dynamax Clause: You cannot dynamax
|teampreview
|j| outz freebandz
|inactive|Battle timer is ON: inactive players will automatically lose when time's up. (requested by sexybucks)
|c|☆Delphox News|wow another one
|c|☆Delphox News|this tier is becoming highly original
|
|start
|switch|p1a: Centiskorch|Centiskorch, M|100/100
|switch|p2a: Braviary|Braviary, M|100/100
|turn|1
|
|switch|p1a: Runerigus|Runerigus, M|100/100
|move|p2a: Braviary|U-turn|p1a: Runerigus
|-resisted|p1a: Runerigus
|-damage|p1a: Runerigus|91/100
|-activate|p1a: Runerigus|ability: Wandering Spirit|Defiant|Wandering Spirit|[of] p2a: Braviary
|
|switch|p2a: Vanilluxe|Vanilluxe, F|100/100|[from]move: U-turn
|-weather|Hail|[from] ability: Snow Warning|[of] p2a: Vanilluxe
|
|-weather|Hail|[upkeep]
|-damage|p1a: Runerigus|85/100|[from] Hail
|-heal|p1a: Runerigus|91/100|[from] item: Leftovers
|upkeep
|turn|2
|
|move|p2a: Vanilluxe|Hyper Voice|p1a: Runerigus
|-immune|p1a: Runerigus
|move|p1a: Runerigus|Stealth Rock|p2a: Vanilluxe
|-sidestart|p2: sexybucks|move: Stealth Rock
|
|-weather|Hail|[upkeep]
|-damage|p1a: Runerigus|85/100|[from] Hail
|-heal|p1a: Runerigus|91/100|[from] item: Leftovers
|upkeep
|turn|3
|c|☆Delphox News|,
|
|switch|p2a: Sandslash|Sandslash-Alola, F|100/100
|-damage|p2a: Sandslash|88/100|[from] Stealth Rock
|switch|p1a: Silvally|Silvally-Steel|100/100
|
|-weather|Hail|[upkeep]
|-damage|p1a: Silvally|94/100|[from] Hail
|upkeep
|turn|4
|
|move|p2a: Sandslash|Earthquake|p1a: Silvally
|-supereffective|p1a: Silvally
|-damage|p1a: Silvally|24/100
|move|p1a: Silvally|Flamethrower|p2a: Sandslash
|-supereffective|p2a: Sandslash
|-damage|p2a: Sandslash|0 fnt
|faint|p2a: Sandslash
|
|-weather|Hail|[upkeep]
|-damage|p1a: Silvally|18/100|[from] Hail
|upkeep
|
|switch|p2a: Xatu|Xatu, F|100/100
|turn|5
|
|move|p1a: Silvally|U-turn|p2a: Xatu
|-damage|p2a: Xatu|82/100
|
|switch|p1a: Drapion|Drapion, M|100/100|[from]move: U-turn
|move|p2a: Xatu|Defog|p1a: Drapion
|-unboost|p1a: Drapion|evasion|1
|-sideend|p2: sexybucks|Stealth Rock|[from] move: Defog|[of] p2a: Xatu
|
|-weather|none
|upkeep
|turn|6
|
|switch|p2a: Gastrodon|Gastrodon-East, M|100/100
|move|p1a: Drapion|Knock Off|p2a: Gastrodon
|-damage|p2a: Gastrodon|71/100
|-enditem|p2a: Gastrodon|Leftovers|[from] move: Knock Off|[of] p1a: Drapion
|
|upkeep
|turn|7
|
|switch|p1a: Exeggutor|Exeggutor-Alola, F|100/100
|switch|p2a: Vanilluxe|Vanilluxe, F|100/100
|-weather|Hail|[from] ability: Snow Warning|[of] p2a: Vanilluxe
|
|-weather|Hail|[upkeep]
|-damage|p1a: Exeggutor|94/100|[from] Hail
|upkeep
|turn|8
|
|switch|p1a: Centiskorch|Centiskorch, M|100/100
|move|p2a: Vanilluxe|Blizzard|p1a: Centiskorch
|-resisted|p1a: Centiskorch
|-damage|p1a: Centiskorch|60/100
|
|-weather|Hail|[upkeep]
|-damage|p1a: Centiskorch|54/100|[from] Hail
|upkeep
|turn|9
|
|switch|p2a: Gastrodon|Gastrodon-East, M|71/100
|move|p1a: Centiskorch|Fire Lash|p2a: Gastrodon
|-resisted|p2a: Gastrodon
|-damage|p2a: Gastrodon|57/100
|-unboost|p2a: Gastrodon|def|1
|
|-weather|Hail|[upkeep]
|-damage|p1a: Centiskorch|48/100|[from] Hail
|-damage|p2a: Gastrodon|51/100|[from] Hail
|upkeep
|turn|10
|
|switch|p2a: Braviary|Braviary, M|100/100
|move|p1a: Centiskorch|Knock Off|p2a: Braviary
|-damage|p2a: Braviary|58/100
|-enditem|p2a: Braviary|Choice Scarf|[from] move: Knock Off|[of] p1a: Centiskorch
|
|-weather|Hail|[upkeep]
|-damage|p2a: Braviary|52/100|[from] Hail
|-damage|p1a: Centiskorch|42/100|[from] Hail
|upkeep
|turn|11
|
|switch|p1a: Runerigus|Runerigus, M|91/100
|move|p2a: Braviary|Brave Bird|p1a: Runerigus
|-damage|p1a: Runerigus|44/100
|-activate|p1a: Runerigus|ability: Wandering Spirit|Defiant|Wandering Spirit|[of] p2a: Braviary
|-damage|p2a: Braviary|37/100|[from] Recoil
|
|-weather|none
|-heal|p1a: Runerigus|50/100|[from] item: Leftovers
|upkeep
|turn|12
|
|move|p2a: Braviary|Brave Bird|p1a: Runerigus
|-damage|p1a: Runerigus|0 fnt
|-damage|p2a: Braviary|22/100|[from] Recoil
|faint|p1a: Runerigus
|
|upkeep
|
|switch|p1a: Heliolisk|Heliolisk, M|100/100
|turn|13
|
|move|p1a: Heliolisk|Hyper Voice|p2a: Braviary
|-damage|p2a: Braviary|0 fnt
|faint|p2a: Braviary
|
|upkeep
|
|switch|p2a: Tauros|Tauros, M|100/100
|turn|14
|
|switch|p1a: Silvally|Silvally-Steel|18/100
|move|p2a: Tauros|Body Slam|p1a: Silvally
|-resisted|p1a: Silvally
|-damage|p1a: Silvally|0 fnt
|faint|p1a: Silvally
|
|upkeep
|
|switch|p1a: Drapion|Drapion, M|100/100
|turn|15
|
|switch|p2a: Gastrodon|Gastrodon-East, M|51/100
|move|p1a: Drapion|Knock Off|p2a: Gastrodon
|-damage|p2a: Gastrodon|31/100
|
|upkeep
|turn|16
|
|switch|p1a: Exeggutor|Exeggutor-Alola, F|94/100
|move|p2a: Gastrodon|Recover|p2a: Gastrodon
|-heal|p2a: Gastrodon|81/100
|
|upkeep
|turn|17
|
|switch|p2a: Xatu|Xatu, F|82/100
|move|p1a: Exeggutor|Draco Meteor|p2a: Xatu
|-crit|p2a: Xatu
|-damage|p2a: Xatu|0 fnt
|-unboost|p1a: Exeggutor|spa|2
|-damage|p1a: Exeggutor|84/100|[from] item: Life Orb
|faint|p2a: Xatu
|
|upkeep
|
|switch|p2a: Vanilluxe|Vanilluxe, F|100/100
|-weather|Hail|[from] ability: Snow Warning|[of] p2a: Vanilluxe
|turn|18
|
|move|p2a: Vanilluxe|Blizzard|p1a: Exeggutor
|-supereffective|p1a: Exeggutor
|-damage|p1a: Exeggutor|0 fnt
|faint|p1a: Exeggutor
|
|-weather|Hail|[upkeep]
|upkeep
|
|switch|p1a: Centiskorch|Centiskorch, M|42/100
|turn|19
|
|move|p2a: Vanilluxe|Blizzard|p1a: Centiskorch
|-resisted|p1a: Centiskorch
|-damage|p1a: Centiskorch|0 fnt
|faint|p1a: Centiskorch
|
|-weather|Hail|[upkeep]
|upkeep
|c|☆Delphox News|man
|
|switch|p1a: Drapion|Drapion, M|100/100
|turn|20
|c|☆sexybucks|?
|
|move|p1a: Drapion|Rock Slide|p2a: Vanilluxe
|-supereffective|p2a: Vanilluxe
|-damage|p2a: Vanilluxe|46/100
|move|p2a: Vanilluxe|Blizzard|p1a: Drapion
|-damage|p1a: Drapion|0 fnt
|faint|p1a: Drapion
|
|-weather|Hail|[upkeep]
|upkeep
|
|switch|p1a: Heliolisk|Heliolisk, M|100/100
|turn|21
|-message|Delphox News forfeited.
|
|win|sexybucks
|l|☆Delphox News
|raw|Delphox News's rating: 1497 &rarr; <strong>1473</strong><br />(-24 for losing)
|raw|sexybucks's rating: 1434 &rarr; <strong>1457</strong><br />(+23 for winning)
