|j|☆Adubs_ron
|j|☆EpicBreadGuy
|t:|1664562748
|gametype|singles
|player|p1|Adubs_ron|kimonogirl|1419
|player|p2|EpicBreadGuy|harlequin|1578
|teamsize|p1|6
|teamsize|p2|6
|gen|8
|tier|[Gen 8] RU
|rated|
|rule|Sleep Clause Mod: Limit one foe put to sleep
|rule|Species Clause: Limit one of each Pokémon
|rule|OHKO Clause: OHKO moves are banned
|rule|Evasion Items Clause: Evasion items are banned
|rule|Evasion Moves Clause: Evasion moves are banned
|rule|Endless Battle Clause: Forcing endless battles is banned
|rule|HP Percentage Mod: HP is shown in percentages
|rule|Dynamax Clause: You cannot dynamax
|clearpoke
|poke|p1|Suicune|
|poke|p1|Crobat, F|
|poke|p1|Klefki, M|
|poke|p1|Rhyperior, F|
|poke|p1|Guzzlord|
|poke|p1|Dhelmise|
|poke|p2|Pangoro, M|
|poke|p2|Celebi|
|poke|p2|Raikou|
|poke|p2|Flygon, F|
|poke|p2|Bronzong|
|poke|p2|Crobat, M|
|teampreview
|
|t:|1664562764
|start
|switch|p1a: Guzzlord|Guzzlord|100/100
|switch|p2a: Pangoro|Pangoro, M|100/100
|turn|1
|
|t:|1664562771
|move|p1a: Guzzlord|Protect|p1a: Guzzlord
|-singleturn|p1a: Guzzlord|Protect
|move|p2a: Pangoro|Close Combat|p1a: Guzzlord
|-activate|p1a: Guzzlord|move: Protect
|
|upkeep
|turn|2
|
|t:|1664562789
|switch|p1a: Crobat|Crobat, F|100/100
|move|p2a: Pangoro|Close Combat|p1a: Crobat
|-resisted|p1a: Crobat
|-damage|p1a: Crobat|77/100
|-unboost|p2a: Pangoro|def|1
|-unboost|p2a: Pangoro|spd|1
|
|upkeep
|turn|3
|
|t:|1664562797
|move|p1a: Crobat|U-turn|p2a: Pangoro
|-damage|p2a: Pangoro|74/100
|
|t:|1664562803
|switch|p1a: Klefki|Klefki, M|100/100|[from]move: U-turn
|move|p2a: Pangoro|Close Combat|p1a: Klefki
|-damage|p1a: Klefki|17/100
|-unboost|p2a: Pangoro|def|1
|-unboost|p2a: Pangoro|spd|1
|-damage|p2a: Pangoro|57/100|[from] item: Rocky Helmet|[of] p1a: Klefki
|
|upkeep
|turn|4
|
|t:|1664562811
|switch|p1a: Crobat|Crobat, F|77/100
|move|p2a: Pangoro|Close Combat|p1a: Crobat
|-resisted|p1a: Crobat
|-damage|p1a: Crobat|52/100
|-unboost|p2a: Pangoro|def|1
|-unboost|p2a: Pangoro|spd|1
|
|upkeep
|turn|5
|
|t:|1664562819
|switch|p2a: Raikou|Raikou|100/100
|-ability|p2a: Raikou|Pressure
|move|p1a: Crobat|Roost|p1a: Crobat
|-heal|p1a: Crobat|100/100
|-singleturn|p1a: Crobat|move: Roost
|
|upkeep
|turn|6
|
|t:|1664562832
|move|p1a: Crobat|U-turn|p2a: Raikou
|-damage|p2a: Raikou|80/100
|
|t:|1664562834
|switch|p1a: Guzzlord|Guzzlord|100/100|[from]move: U-turn
|move|p2a: Raikou|Scald|p1a: Guzzlord
|-resisted|p1a: Guzzlord
|-damage|p1a: Guzzlord|92/100
|-status|p1a: Guzzlord|brn
|
|-heal|p1a: Guzzlord|98/100 brn|[from] item: Leftovers
|-damage|p1a: Guzzlord|92/100 brn|[from] brn
|upkeep
|turn|7
|
|t:|1664562844
|move|p2a: Raikou|Volt Switch|p1a: Guzzlord
|-resisted|p1a: Guzzlord
|-crit|p1a: Guzzlord
|-damage|p1a: Guzzlord|74/100 brn
|
|t:|1664562849
|switch|p2a: Crobat|Crobat, M|100/100|[from]move: Volt Switch
|move|p1a: Guzzlord|Knock Off|p2a: Crobat
|-damage|p2a: Crobat|71/100
|-enditem|p2a: Crobat|Heavy-Duty Boots|[from] move: Knock Off|[of] p1a: Guzzlord
|
|-heal|p1a: Guzzlord|80/100 brn|[from] item: Leftovers
|-damage|p1a: Guzzlord|74/100 brn|[from] brn
|upkeep
|turn|8
|
|t:|1664562860
|switch|p1a: Klefki|Klefki, M|17/100
|move|p2a: Crobat|U-turn|p1a: Klefki
|-resisted|p1a: Klefki
|-damage|p1a: Klefki|13/100
|-damage|p2a: Crobat|54/100|[from] item: Rocky Helmet|[of] p1a: Klefki
|
|t:|1664562867
|switch|p2a: Bronzong|Bronzong|100/100|[from]move: U-turn
|
|upkeep
|turn|9
|
|t:|1664562872
|switch|p1a: Dhelmise|Dhelmise|100/100
|move|p2a: Bronzong|Stealth Rock|p1a: Dhelmise
|-sidestart|p1: Adubs_ron|move: Stealth Rock
|
|upkeep
|turn|10
|
|t:|1664562877
|move|p1a: Dhelmise|Rapid Spin|p2a: Bronzong
|-resisted|p2a: Bronzong
|-damage|p2a: Bronzong|95/100
|-boost|p1a: Dhelmise|spe|1
|-sideend|p1: Adubs_ron|Stealth Rock|[from] move: Rapid Spin|[of] p1a: Dhelmise
|move|p2a: Bronzong|Toxic|p1a: Dhelmise
|-status|p1a: Dhelmise|tox
|
|-heal|p2a: Bronzong|100/100|[from] item: Leftovers
|-damage|p1a: Dhelmise|94/100 tox|[from] psn
|upkeep
|turn|11
|
|t:|1664562895
|move|p1a: Dhelmise|Shadow Claw|p2a: Bronzong
|-supereffective|p2a: Bronzong
|-damage|p2a: Bronzong|47/100
|move|p2a: Bronzong|Stealth Rock|p1a: Dhelmise
|-sidestart|p1: Adubs_ron|move: Stealth Rock
|
|-heal|p2a: Bronzong|53/100|[from] item: Leftovers
|-damage|p1a: Dhelmise|82/100 tox|[from] psn
|upkeep
|turn|12
|
|t:|1664562903
|switch|p2a: Crobat|Crobat, M|54/100
|move|p1a: Dhelmise|Rapid Spin|p2a: Crobat
|-damage|p2a: Crobat|28/100
|-boost|p1a: Dhelmise|spe|1
|-sideend|p1: Adubs_ron|Stealth Rock|[from] move: Rapid Spin|[of] p1a: Dhelmise
|
|-damage|p1a: Dhelmise|64/100 tox|[from] psn
|upkeep
|turn|13
|
|t:|1664562912
|switch|p1a: Rhyperior|Rhyperior, F|100/100
|move|p2a: Crobat|Roost|p2a: Crobat
|-heal|p2a: Crobat|78/100
|-singleturn|p2a: Crobat|move: Roost
|
|upkeep
|turn|14
|
|t:|1664562918
|move|p2a: Crobat|U-turn|p1a: Rhyperior
|-damage|p1a: Rhyperior|89/100
|
|t:|1664562921
|switch|p2a: Celebi|Celebi|100/100|[from]move: U-turn
|move|p1a: Rhyperior|Stealth Rock|p2a: Celebi
|-sidestart|p2: EpicBreadGuy|move: Stealth Rock
|
|-heal|p1a: Rhyperior|95/100|[from] item: Leftovers
|upkeep
|turn|15
|
|t:|1664562928
|switch|p1a: Guzzlord|Guzzlord|74/100 brn
|move|p2a: Celebi|Nasty Plot|p2a: Celebi
|-boost|p2a: Celebi|spa|2
|
|-heal|p1a: Guzzlord|80/100 brn|[from] item: Leftovers
|-damage|p1a: Guzzlord|74/100 brn|[from] brn
|upkeep
|turn|16
|
|t:|1664562936
|move|p2a: Celebi|Nasty Plot|p2a: Celebi
|-boost|p2a: Celebi|spa|2
|move|p1a: Guzzlord|Dragon Tail|p2a: Celebi
|-damage|p2a: Celebi|87/100
|drag|p2a: Bronzong|Bronzong|53/100
|-damage|p2a: Bronzong|47/100|[from] Stealth Rock
|
|-heal|p1a: Guzzlord|80/100 brn|[from] item: Leftovers
|-heal|p2a: Bronzong|53/100|[from] item: Leftovers
|-damage|p1a: Guzzlord|74/100 brn|[from] brn
|upkeep
|turn|17
|
|t:|1664562947
|move|p1a: Guzzlord|Knock Off|p2a: Bronzong
|-supereffective|p2a: Bronzong
|-damage|p2a: Bronzong|27/100
|-enditem|p2a: Bronzong|Leftovers|[from] move: Knock Off|[of] p1a: Guzzlord
|move|p2a: Bronzong|Body Press|p1a: Guzzlord
|-supereffective|p1a: Guzzlord
|-damage|p1a: Guzzlord|23/100 brn
|
|-heal|p1a: Guzzlord|29/100 brn|[from] item: Leftovers
|-damage|p1a: Guzzlord|23/100 brn|[from] brn
|upkeep
|turn|18
|
|t:|1664562976
|move|p1a: Guzzlord|Knock Off|p2a: Bronzong
|-supereffective|p2a: Bronzong
|-damage|p2a: Bronzong|6/100
|move|p2a: Bronzong|Stealth Rock|p1a: Guzzlord
|-sidestart|p1: Adubs_ron|move: Stealth Rock
|
|-heal|p1a: Guzzlord|29/100 brn|[from] item: Leftovers
|-damage|p1a: Guzzlord|23/100 brn|[from] brn
|upkeep
|turn|19
|
|t:|1664562983
|move|p2a: Bronzong|Body Press|p1a: Guzzlord
|-supereffective|p1a: Guzzlord
|-damage|p1a: Guzzlord|0 fnt
|faint|p1a: Guzzlord
|
|upkeep
|
|t:|1664562986
|switch|p1a: Suicune|Suicune|100/100
|-damage|p1a: Suicune|88/100|[from] Stealth Rock
|-ability|p1a: Suicune|Pressure
|turn|20
|
|t:|1664562992
|move|p1a: Suicune|Substitute|p1a: Suicune
|-start|p1a: Suicune|Substitute
|-damage|p1a: Suicune|63/100
|move|p2a: Bronzong|Body Press|p1a: Suicune
|-activate|p1a: Suicune|move: Substitute|[damage]
|
|-heal|p1a: Suicune|69/100|[from] item: Leftovers
|upkeep
|turn|21
|
|t:|1664563000
|switch|p2a: Celebi|Celebi|87/100
|-damage|p2a: Celebi|75/100|[from] Stealth Rock
|move|p1a: Suicune|Calm Mind|p1a: Suicune
|-boost|p1a: Suicune|spa|1
|-boost|p1a: Suicune|spd|1
|
|-heal|p2a: Celebi|81/100|[from] item: Leftovers
|-heal|p1a: Suicune|75/100|[from] item: Leftovers
|upkeep
|turn|22
|
|t:|1664563010
|move|p2a: Celebi|Nasty Plot|p2a: Celebi
|-boost|p2a: Celebi|spa|2
|move|p1a: Suicune|Ice Beam|p2a: Celebi
|-supereffective|p2a: Celebi
|-damage|p2a: Celebi|23/100
|
|-heal|p2a: Celebi|29/100|[from] item: Leftovers
|-heal|p1a: Suicune|82/100|[from] item: Leftovers
|upkeep
|turn|23
|
|t:|1664563019
|move|p2a: Celebi|Psychic|p1a: Suicune
|-end|p1a: Suicune|Substitute
|move|p1a: Suicune|Ice Beam|p2a: Celebi
|-supereffective|p2a: Celebi
|-damage|p2a: Celebi|0 fnt
|faint|p2a: Celebi
|
|-heal|p1a: Suicune|88/100|[from] item: Leftovers
|upkeep
|
|t:|1664563027
|switch|p2a: Raikou|Raikou|80/100
|-ability|p2a: Raikou|Pressure
|turn|24
|
|t:|1664563036
|move|p2a: Raikou|Thunderbolt|p1a: Suicune
|-supereffective|p1a: Suicune
|-damage|p1a: Suicune|47/100
|-status|p1a: Suicune|par
|move|p1a: Suicune|Scald|p2a: Raikou
|-damage|p2a: Raikou|39/100
|-status|p2a: Raikou|brn
|
|-heal|p1a: Suicune|53/100 par|[from] item: Leftovers
|-damage|p2a: Raikou|33/100 brn|[from] brn
|upkeep
|turn|25
|
|t:|1664563054
|move|p2a: Raikou|Thunderbolt|p1a: Suicune
|-supereffective|p1a: Suicune
|-damage|p1a: Suicune|13/100 par
|move|p1a: Suicune|Scald|p2a: Raikou
|-damage|p2a: Raikou|0 fnt
|faint|p2a: Raikou
|
|-heal|p1a: Suicune|19/100 par|[from] item: Leftovers
|upkeep
|
|t:|1664563063
|switch|p2a: Pangoro|Pangoro, M|57/100
|-damage|p2a: Pangoro|51/100|[from] Stealth Rock
|turn|26
|
|t:|1664563102
|move|p2a: Pangoro|Knock Off|p1a: Suicune
|-damage|p1a: Suicune|0 fnt
|-enditem|p1a: Suicune|Leftovers|[from] move: Knock Off|[of] p2a: Pangoro
|faint|p1a: Suicune
|
|upkeep
|
|t:|1664563107
|switch|p1a: Crobat|Crobat, F|100/100
|turn|27
|
|t:|1664563111
|switch|p2a: Flygon|Flygon, F|100/100
|-damage|p2a: Flygon|95/100|[from] Stealth Rock
|move|p1a: Crobat|Brave Bird|p2a: Flygon
|-damage|p2a: Flygon|44/100
|-damage|p1a: Crobat|87/100|[from] Recoil
|
|upkeep
|turn|28
|
|t:|1664563119
|move|p2a: Flygon|Stone Edge|p1a: Crobat
|-supereffective|p1a: Crobat
|-damage|p1a: Crobat|31/100
|move|p1a: Crobat|Roost|p1a: Crobat
|-heal|p1a: Crobat|81/100
|-singleturn|p1a: Crobat|move: Roost
|
|upkeep
|turn|29
|
|t:|1664563127
|switch|p2a: Pangoro|Pangoro, M|51/100
|-damage|p2a: Pangoro|45/100|[from] Stealth Rock
|switch|p1a: Rhyperior|Rhyperior, F|95/100
|-damage|p1a: Rhyperior|89/100|[from] Stealth Rock
|
|-heal|p1a: Rhyperior|95/100|[from] item: Leftovers
|upkeep
|turn|30
|
|t:|1664563139
|switch|p1a: Klefki|Klefki, M|13/100
|-damage|p1a: Klefki|7/100|[from] Stealth Rock
|move|p2a: Pangoro|Ice Punch|p1a: Klefki
|-resisted|p1a: Klefki
|-damage|p1a: Klefki|0 fnt
|-damage|p2a: Pangoro|29/100|[from] item: Rocky Helmet|[of] p1a: Klefki
|faint|p1a: Klefki
|
|upkeep
|
|t:|1664563157
|switch|p1a: Crobat|Crobat, F|81/100
|turn|31
|
|t:|1664563161
|switch|p2a: Bronzong|Bronzong|6/100
|-damage|p2a: Bronzong|0 fnt|[from] Stealth Rock
|faint|p2a: Bronzong
|move|p1a: Crobat|Brave Bird|p2: Bronzong|[notarget]
|-fail|p1a: Crobat
|
|upkeep
|
|t:|1664563168
|switch|p2a: Flygon|Flygon, F|44/100
|-damage|p2a: Flygon|38/100|[from] Stealth Rock
|turn|32
|
|t:|1664563175
|move|p2a: Flygon|U-turn|p1a: Crobat
|-resisted|p1a: Crobat
|-damage|p1a: Crobat|76/100
|
|t:|1664563178
|switch|p2a: Crobat|Crobat, M|78/100|[from]move: U-turn
|-damage|p2a: Crobat|53/100|[from] Stealth Rock
|move|p1a: Crobat|Roost|p1a: Crobat
|-heal|p1a: Crobat|100/100
|-singleturn|p1a: Crobat|move: Roost
|
|upkeep
|turn|33
|
|t:|1664563188
|move|p2a: Crobat|Roost|p2a: Crobat
|-heal|p2a: Crobat|100/100
|-singleturn|p2a: Crobat|move: Roost
|move|p1a: Crobat|Brave Bird|p2a: Crobat
|-crit|p2a: Crobat
|-damage|p2a: Crobat|29/100
|-damage|p1a: Crobat|81/100|[from] Recoil
|
|upkeep
|turn|34
|
|t:|1664563200
|move|p2a: Crobat|U-turn|p1a: Crobat
|-resisted|p1a: Crobat
|-damage|p1a: Crobat|76/100
|
|t:|1664563203
|switch|p2a: Flygon|Flygon, F|38/100|[from]move: U-turn
|-damage|p2a: Flygon|32/100|[from] Stealth Rock
|move|p1a: Crobat|Brave Bird|p2a: Flygon
|-damage|p2a: Flygon|0 fnt
|faint|p2a: Flygon
|-damage|p1a: Crobat|68/100|[from] Recoil
|
|upkeep
|-message|EpicBreadGuy forfeited.
|
|win|Adubs_ron
|raw|Adubs_ron's rating: 1419 &rarr; <strong>1448</strong><br />(+29 for winning)
|raw|EpicBreadGuy's rating: 1578 &rarr; <strong>1549</strong><br />(-29 for losing)
|l|☆EpicBreadGuy
