|j|☆Echec et Mat
|j|☆Glidinganteater
|t:|1618849796
|gametype|singles
|player|p1|Echec et Mat|lucian|1163
|player|p2|Glidinganteater|palmer|1392
|teamsize|p1|6
|teamsize|p2|6
|gen|8
|tier|[Gen 8] RU
|rated|
|clearpoke
|poke|p1|Crobat, M|
|poke|p1|Milotic, M|
|poke|p1|Chandelure, M|
|poke|p1|Steelix, F|
|poke|p1|Glastrier|
|poke|p1|Reuniclus, M|
|poke|p2|Shiftry, M|
|poke|p2|Torkoal, M|
|poke|p2|Darmanitan, M|
|poke|p2|Charizard, M|
|poke|p2|Xatu, M|
|poke|p2|Reuniclus, M|
|rule|Sleep Clause Mod: Limit one foe put to sleep
|rule|Species Clause: Limit one of each Pokémon
|rule|OHKO Clause: OHKO moves are banned
|rule|Evasion Moves Clause: Evasion moves are banned
|rule|Endless Battle Clause: Forcing endless battles is banned
|rule|HP Percentage Mod: HP is shown in percentages
|rule|Dynamax Clause: You cannot dynamax
|teampreview
|inactive|Battle timer is ON: inactive players will automatically lose when time's up. (requested by Echec et Mat)
|
|t:|1618849813
|start
|switch|p1a: Milotic|Milotic, M|100/100
|switch|p2a: Torkoal|Torkoal, M|100/100
|-weather|SunnyDay|[from] ability: Drought|[of] p2a: Torkoal
|turn|1
|
|t:|1618849828
|switch|p2a: Xatu|Xatu, M|100/100
|move|p1a: Milotic|Scald|p2a: Xatu
|-damage|p2a: Xatu|81/100
|
|-weather|SunnyDay|[upkeep]
|upkeep
|turn|2
|
|t:|1618849842
|switch|p1a: Steelix|Steelix, F|100/100
|move|p2a: Xatu|Teleport|p2a: Xatu
|
|t:|1618849845
|switch|p2a: Charizard|Charizard, M, shiny|100/100|[from]move: Teleport
|
|-weather|SunnyDay|[upkeep]
|-damage|p2a: Charizard|88/100|[from] ability: Solar Power|[of] p2a: Charizard
|upkeep
|turn|3
|
|t:|1618849866
|switch|p1a: Chandelure|Chandelure, M|100/100
|move|p2a: Charizard|Scorching Sands|p1a: Chandelure
|-supereffective|p1a: Chandelure
|-damage|p1a: Chandelure|0 fnt
|faint|p1a: Chandelure
|
|-weather|SunnyDay|[upkeep]
|-damage|p2a: Charizard|76/100|[from] ability: Solar Power|[of] p2a: Charizard
|upkeep
|
|t:|1618849876
|switch|p1a: Milotic|Milotic, M|100/100
|turn|4
|
|t:|1618849879
|switch|p2a: Xatu|Xatu, M|81/100
|move|p1a: Milotic|Scald|p2a: Xatu
|-damage|p2a: Xatu|62/100
|
|-weather|SunnyDay|[upkeep]
|upkeep
|turn|5
|
|t:|1618849891
|move|p1a: Milotic|Scald|p2a: Xatu
|-damage|p2a: Xatu|42/100
|move|p2a: Xatu|Teleport|p2a: Xatu
|
|t:|1618849894
|switch|p2a: Shiftry|Shiftry, M|100/100|[from]move: Teleport
|
|-weather|SunnyDay|[upkeep]
|upkeep
|turn|6
|
|t:|1618849903
|switch|p1a: Crobat|Crobat, M|100/100
|move|p2a: Shiftry|Growth|p2a: Shiftry
|-boost|p2a: Shiftry|atk|2
|-boost|p2a: Shiftry|spa|2
|
|-weather|SunnyDay|[upkeep]
|upkeep
|turn|7
|
|t:|1618849912
|move|p2a: Shiftry|Knock Off|p1a: Crobat
|-damage|p1a: Crobat|0 fnt
|-enditem|p1a: Crobat|Heavy-Duty Boots|[from] move: Knock Off|[of] p2a: Shiftry
|-damage|p2a: Shiftry|91/100|[from] item: Life Orb
|faint|p1a: Crobat
|
|-weather|SunnyDay|[upkeep]
|upkeep
|
|t:|1618849919
|switch|p1a: Glastrier|Glastrier|100/100
|turn|8
|
|t:|1618849924
|move|p2a: Shiftry|Heat Wave|p1a: Glastrier
|-supereffective|p1a: Glastrier
|-damage|p1a: Glastrier|0 fnt
|-damage|p2a: Shiftry|81/100|[from] item: Life Orb
|faint|p1a: Glastrier
|
|-weather|none
|upkeep
|
|t:|1618849929
|switch|p1a: Reuniclus|Reuniclus, M|100/100
|turn|9
|j| Time_Raider
|
|t:|1618849935
|move|p2a: Shiftry|Knock Off|p1a: Reuniclus
|-supereffective|p1a: Reuniclus
|-damage|p1a: Reuniclus|0 fnt
|-enditem|p1a: Reuniclus|Assault Vest|[from] move: Knock Off|[of] p2a: Shiftry
|-damage|p2a: Shiftry|71/100|[from] item: Life Orb
|faint|p1a: Reuniclus
|
|upkeep
|-message|Echec et Mat forfeited.
|
|win|Glidinganteater
|raw|Echec et Mat's rating: 1163 &rarr; <strong>1152</strong><br />(-11 for losing)
|raw|Glidinganteater's rating: 1392 &rarr; <strong>1400</strong><br />(+8 for winning)
|l|☆Echec et Mat
||Ladder isn't responding, score probably updated but might not have (Request timeout).
