|j|☆A-Loquesea
|j|☆Healthy Honker
|t:|1613172315
|player|p1|A-Loquesea|acetrainerf|1572
|player|p2|Healthy Honker|hilbert|1327
|teamsize|p1|6
|teamsize|p2|6
|gametype|singles
|gen|8
|tier|[Gen 8] RU
|rated|
|clearpoke
|poke|p1|Toxtricity, M|
|poke|p1|Reuniclus, M|
|poke|p1|Noivern, M|
|poke|p1|Milotic, F|
|poke|p1|Zarude|
|poke|p1|Steelix, M|
|poke|p2|Starmie|
|poke|p2|Xurkitree|
|poke|p2|Zygarde-10%|
|poke|p2|Incineroar, F|
|poke|p2|Klefki, F|
|poke|p2|Reuniclus, M|
|rule|Sleep Clause Mod: Limit one foe put to sleep
|rule|Species Clause: Limit one of each Pokémon
|rule|OHKO Clause: OHKO moves are banned
|rule|Evasion Moves Clause: Evasion moves are banned
|rule|Endless Battle Clause: Forcing endless battles is banned
|rule|HP Percentage Mod: HP is shown in percentages
|rule|Dynamax Clause: You cannot dynamax
|teampreview
|inactive|Battle timer is ON: inactive players will automatically lose when time's up. (requested by Healthy Honker)
|
|t:|1613172327
|start
|switch|p1a: Milotic|Milotic, F|100/100
|switch|p2a: Klefki|Klefki, F|100/100
|turn|1
|
|t:|1613172333
|switch|p1a: Steelix|Steelix, M|100/100
|move|p2a: Klefki|Toxic|p1a: Steelix
|-immune|p1a: Steelix
|
|upkeep
|turn|2
|
|t:|1613172339
|move|p2a: Klefki|Spikes|p1a: Steelix
|-sidestart|p1: A-Loquesea|Spikes
|move|p1a: Steelix|Stealth Rock|p2a: Klefki
|-sidestart|p2: Healthy Honker|move: Stealth Rock
|
|upkeep
|turn|3
|
|t:|1613172344
|move|p2a: Klefki|Spikes|p1a: Steelix
|-sidestart|p1: A-Loquesea|Spikes
|move|p1a: Steelix|Earthquake|p2a: Klefki
|-supereffective|p2a: Klefki
|-damage|p2a: Klefki|31/100
|
|-heal|p2a: Klefki|37/100|[from] item: Leftovers
|upkeep
|turn|4
|
|t:|1613172347
|move|p2a: Klefki|Spikes|p1a: Steelix
|-sidestart|p1: A-Loquesea|Spikes
|move|p1a: Steelix|Earthquake|p2a: Klefki
|-supereffective|p2a: Klefki
|-damage|p2a: Klefki|0 fnt
|faint|p2a: Klefki
|
|upkeep
|
|t:|1613172349
|switch|p2a: Starmie|Starmie|100/100
|turn|5
|
|t:|1613172353
|switch|p1a: Reuniclus|Reuniclus, M|100/100
|-damage|p1a: Reuniclus|75/100|[from] Spikes
|move|p2a: Starmie|Rapid Spin|p1a: Reuniclus
|-damage|p1a: Reuniclus|67/100
|-boost|p2a: Starmie|spe|1
|-sideend|p2: Healthy Honker|Stealth Rock|[from] move: Rapid Spin|[of] p2a: Starmie
|
|upkeep
|turn|6
|
|t:|1613172359
|move|p2a: Starmie|Scald|p1a: Reuniclus
|-damage|p1a: Reuniclus|49/100
|move|p1a: Reuniclus|Focus Blast|p2a: Starmie
|-resisted|p2a: Starmie
|-damage|p2a: Starmie|73/100
|
|upkeep
|turn|7
|
|t:|1613172370
|switch|p2a: Zygarde|Zygarde-10%|100/100
|-ability|p2a: Zygarde|Aura Break
|move|p1a: Reuniclus|Knock Off|p2a: Zygarde
|-damage|p2a: Zygarde|76/100
|-enditem|p2a: Zygarde|Choice Band|[from] move: Knock Off|[of] p1a: Reuniclus
|
|upkeep
|turn|8
|
|t:|1613172379
|switch|p1a: Milotic|Milotic, F|100/100
|move|p2a: Zygarde|Thousand Arrows|p1a: Milotic
|-damage|p1a: Milotic|72/100
|
|upkeep
|turn|9
|
|t:|1613172386
|switch|p2a: Reuniclus|Reuniclus, M|100/100
|move|p1a: Milotic|Recover|p1a: Milotic
|-heal|p1a: Milotic|100/100
|
|upkeep
|turn|10
|
|t:|1613172390
|move|p1a: Milotic|Flip Turn|p2a: Reuniclus
|-damage|p2a: Reuniclus|92/100
|
|t:|1613172395
|switch|p1a: Reuniclus|Reuniclus, M|82/100|[from]move: Flip Turn
|-damage|p1a: Reuniclus|57/100|[from] Spikes
|move|p2a: Reuniclus|Focus Blast|p1a: Reuniclus
|-resisted|p1a: Reuniclus
|-damage|p1a: Reuniclus|49/100
|-unboost|p1a: Reuniclus|spd|1
|
|-heal|p2a: Reuniclus|98/100|[from] item: Leftovers
|upkeep
|turn|11
|
|t:|1613172404
|move|p1a: Reuniclus|Knock Off|p2a: Reuniclus
|-supereffective|p2a: Reuniclus
|-damage|p2a: Reuniclus|79/100
|-enditem|p2a: Reuniclus|Leftovers|[from] move: Knock Off|[of] p1a: Reuniclus
|move|p2a: Reuniclus|Calm Mind|p2a: Reuniclus
|-boost|p2a: Reuniclus|spa|1
|-boost|p2a: Reuniclus|spd|1
|
|upkeep
|turn|12
|
|t:|1613172412
|switch|p1a: Noivern|Noivern, M|100/100
|move|p2a: Reuniclus|Focus Blast|p1a: Noivern
|-resisted|p1a: Noivern
|-damage|p1a: Noivern|67/100
|
|upkeep
|turn|13
|
|t:|1613172416
|move|p1a: Noivern|U-turn|p2a: Reuniclus
|-supereffective|p2a: Reuniclus
|-damage|p2a: Reuniclus|63/100
|
|t:|1613172418
|switch|p1a: Zarude|Zarude|100/100|[from]move: U-turn
|-damage|p1a: Zarude|76/100|[from] Spikes
|move|p2a: Reuniclus|Psyshock|p1a: Zarude
|-immune|p1a: Zarude
|
|upkeep
|turn|14
|
|t:|1613172424
|move|p1a: Zarude|U-turn|p2a: Reuniclus
|-supereffective|p2a: Reuniclus
|-damage|p2a: Reuniclus|29/100
|
|t:|1613172432
|switch|p1a: Noivern|Noivern, M|67/100|[from]move: U-turn
|move|p2a: Reuniclus|Recover|p2a: Reuniclus
|-heal|p2a: Reuniclus|79/100
|
|upkeep
|turn|15
|
|t:|1613172437
|move|p1a: Noivern|Draco Meteor|p2a: Reuniclus
|-damage|p2a: Reuniclus|43/100
|-unboost|p1a: Noivern|spa|2
|move|p2a: Reuniclus|Psyshock|p1a: Noivern
|-damage|p1a: Noivern|4/100
|
|upkeep
|turn|16
|
|t:|1613172440
|move|p1a: Noivern|U-turn|p2a: Reuniclus
|-supereffective|p2a: Reuniclus
|-damage|p2a: Reuniclus|28/100
|
|t:|1613172442
|switch|p1a: Zarude|Zarude|76/100|[from]move: U-turn
|-damage|p1a: Zarude|51/100|[from] Spikes
|move|p2a: Reuniclus|Recover|p2a: Reuniclus
|-heal|p2a: Reuniclus|78/100
|
|upkeep
|turn|17
|
|t:|1613172446
|move|p1a: Zarude|Darkest Lariat|p2a: Reuniclus
|-supereffective|p2a: Reuniclus
|-damage|p2a: Reuniclus|18/100
|move|p2a: Reuniclus|Recover|p2a: Reuniclus
|-heal|p2a: Reuniclus|68/100
|
|upkeep
|turn|18
|
|t:|1613172449
|switch|p2a: Incineroar|Incineroar, F|100/100
|-ability|p2a: Incineroar|Intimidate|boost
|-unboost|p1a: Zarude|atk|1
|move|p1a: Zarude|Darkest Lariat|p2a: Incineroar
|-resisted|p2a: Incineroar
|-damage|p2a: Incineroar|87/100
|
|upkeep
|turn|19
|
|t:|1613172454
|switch|p1a: Milotic|Milotic, F|100/100
|move|p2a: Incineroar|Parting Shot|p1a: Milotic
|-unboost|p1a: Milotic|atk|1
|-unboost|p1a: Milotic|spa|1
|
|t:|1613172457
|switch|p2a: Xurkitree|Xurkitree|100/100|[from]move: Parting Shot
|
|upkeep
|turn|20
|
|t:|1613172464
|switch|p1a: Steelix|Steelix, M|100/100
|-damage|p1a: Steelix|76/100|[from] Spikes
|move|p2a: Xurkitree|Dazzling Gleam|p1a: Steelix
|-resisted|p1a: Steelix
|-damage|p1a: Steelix|60/100
|
|-heal|p1a: Steelix|66/100|[from] item: Leftovers
|upkeep
|turn|21
|
|t:|1613172469
|switch|p2a: Starmie|Starmie|73/100
|move|p1a: Steelix|Earthquake|p2a: Starmie
|-damage|p2a: Starmie|25/100
|
|-heal|p1a: Steelix|73/100|[from] item: Leftovers
|upkeep
|turn|22
|
|t:|1613172474
|switch|p1a: Reuniclus|Reuniclus, M|82/100
|-damage|p1a: Reuniclus|57/100|[from] Spikes
|move|p2a: Starmie|Scald|p1a: Reuniclus
|-damage|p1a: Reuniclus|37/100
|
|upkeep
|turn|23
|
|t:|1613172478
|move|p2a: Starmie|Recover|p2a: Starmie
|-heal|p2a: Starmie|75/100
|move|p1a: Reuniclus|Knock Off|p2a: Starmie
|-supereffective|p2a: Starmie
|-damage|p2a: Starmie|36/100
|-enditem|p2a: Starmie|Heavy-Duty Boots|[from] move: Knock Off|[of] p1a: Reuniclus
|
|upkeep
|turn|24
|
|t:|1613172484
|move|p2a: Starmie|Recover|p2a: Starmie
|-heal|p2a: Starmie|86/100
|move|p1a: Reuniclus|Future Sight|p2a: Starmie
|-start|p1a: Reuniclus|move: Future Sight
|
|upkeep
|turn|25
|
|t:|1613172491
|move|p2a: Starmie|Psyshock|p1a: Reuniclus
|-resisted|p1a: Reuniclus
|-damage|p1a: Reuniclus|21/100
|move|p1a: Reuniclus|Psychic|p2a: Starmie
|-resisted|p2a: Starmie
|-damage|p2a: Starmie|52/100
|
|upkeep
|turn|26
|
|t:|1613172498
|move|p2a: Starmie|Recover|p2a: Starmie
|-heal|p2a: Starmie|100/100
|move|p1a: Reuniclus|Psychic|p2a: Starmie
|-resisted|p2a: Starmie
|-damage|p2a: Starmie|71/100
|
|-end|p2a: Starmie|move: Future Sight
|-resisted|p2a: Starmie
|-damage|p2a: Starmie|30/100
|upkeep
|turn|27
|
|t:|1613172503
|switch|p1a: Noivern|Noivern, M|4/100
|move|p2a: Starmie|Recover|p2a: Starmie
|-heal|p2a: Starmie|80/100
|
|upkeep
|turn|28
|
|t:|1613172509
|move|p1a: Noivern|Roost|p1a: Noivern
|-heal|p1a: Noivern|54/100
|-singleturn|p1a: Noivern|move: Roost
|move|p2a: Starmie|Rapid Spin|p1a: Noivern
|-damage|p1a: Noivern|42/100
|-boost|p2a: Starmie|spe|1
|
|upkeep
|turn|29
|
|t:|1613172511
|move|p2a: Starmie|Psyshock|p1a: Noivern
|-damage|p1a: Noivern|0 fnt
|faint|p1a: Noivern
|
|upkeep
|
|t:|1613172519
|switch|p1a: Milotic|Milotic, F|100/100
|turn|30
|
|t:|1613172524
|move|p2a: Starmie|Psyshock|p1a: Milotic
|-damage|p1a: Milotic|75/100
|move|p1a: Milotic|Scald|p2a: Starmie
|-resisted|p2a: Starmie
|-damage|p2a: Starmie|57/100
|
|upkeep
|turn|31
|
|t:|1613172531
|switch|p2a: Reuniclus|Reuniclus, M|68/100
|move|p1a: Milotic|Scald|p2a: Reuniclus
|-damage|p2a: Reuniclus|44/100
|
|upkeep
|turn|32
|
|t:|1613172534
|move|p1a: Milotic|Flip Turn|p2a: Reuniclus
|-damage|p2a: Reuniclus|35/100
|
|t:|1613172537
|switch|p1a: Toxtricity|Toxtricity, M|100/100|[from]move: Flip Turn
|-damage|p1a: Toxtricity|76/100|[from] Spikes
|move|p2a: Reuniclus|Recover|p2a: Reuniclus
|-heal|p2a: Reuniclus|85/100
|
|upkeep
|turn|33
|
|t:|1613172544
|move|p1a: Toxtricity|Boomburst|p2a: Reuniclus
|-damage|p2a: Reuniclus|7/100
|move|p2a: Reuniclus|Psyshock|p1a: Toxtricity
|-supereffective|p1a: Toxtricity
|-damage|p1a: Toxtricity|0 fnt
|faint|p1a: Toxtricity
|
|upkeep
|
|t:|1613172554
|switch|p1a: Milotic|Milotic, F|75/100
|turn|34
|
|t:|1613172558
|move|p1a: Milotic|Flip Turn|p2a: Reuniclus
|-damage|p2a: Reuniclus|0 fnt
|faint|p2a: Reuniclus
|
|t:|1613172564
|switch|p1a: Steelix|Steelix, M|73/100|[from]move: Flip Turn
|-damage|p1a: Steelix|48/100|[from] Spikes
|
|-heal|p1a: Steelix|54/100|[from] item: Leftovers
|upkeep
|
|t:|1613172569
|switch|p2a: Zygarde|Zygarde-10%|76/100
|-ability|p2a: Zygarde|Aura Break
|turn|35
|
|t:|1613172572
|switch|p1a: Milotic|Milotic, F|75/100
|move|p2a: Zygarde|Thousand Arrows|p1a: Milotic
|-damage|p1a: Milotic|46/100
|
|upkeep
|turn|36
|
|t:|1613172575
|move|p2a: Zygarde|Thousand Arrows|p1a: Milotic
|-damage|p1a: Milotic|14/100
|move|p1a: Milotic|Recover|p1a: Milotic
|-heal|p1a: Milotic|64/100
|
|upkeep
|turn|37
|
|t:|1613172585
|move|p2a: Zygarde|Thousand Arrows|p1a: Milotic
|-damage|p1a: Milotic|34/100
|move|p1a: Milotic|Recover|p1a: Milotic
|-heal|p1a: Milotic|84/100
|
|upkeep
|turn|38
|
|t:|1613172591
|move|p2a: Zygarde|Thousand Arrows|p1a: Milotic
|-damage|p1a: Milotic|52/100
|move|p1a: Milotic|Ice Beam|p2a: Zygarde
|-supereffective|p2a: Zygarde
|-damage|p2a: Zygarde|0 fnt
|faint|p2a: Zygarde
|
|upkeep
|
|t:|1613172594
|switch|p2a: Xurkitree|Xurkitree|100/100
|turn|39
|
|t:|1613172602
|switch|p1a: Reuniclus|Reuniclus, M|54/100
|-damage|p1a: Reuniclus|29/100|[from] Spikes
|move|p2a: Xurkitree|Energy Ball|p1a: Reuniclus
|-damage|p1a: Reuniclus|9/100
|
|upkeep
|turn|40
|
|t:|1613172608
|move|p2a: Xurkitree|Energy Ball|p1a: Reuniclus
|-damage|p1a: Reuniclus|0 fnt
|faint|p1a: Reuniclus
|-ability|p2a: Xurkitree|Beast Boost|boost
|-boost|p2a: Xurkitree|spa|1
|
|upkeep
|
|t:|1613172609
|switch|p1a: Zarude|Zarude|51/100
|-damage|p1a: Zarude|26/100|[from] Spikes
|turn|41
|
|t:|1613172615
|move|p1a: Zarude|Close Combat|p2a: Xurkitree
|-damage|p2a: Xurkitree|45/100
|-unboost|p1a: Zarude|def|1
|-unboost|p1a: Zarude|spd|1
|move|p2a: Xurkitree|Energy Ball|p1a: Zarude
|-resisted|p1a: Zarude
|-damage|p1a: Zarude|0 fnt
|faint|p1a: Zarude
|-ability|p2a: Xurkitree|Beast Boost|boost
|-boost|p2a: Xurkitree|spa|1
|
|upkeep
|
|t:|1613172618
|switch|p1a: Milotic|Milotic, F|52/100
|turn|42
|-message|A-Loquesea forfeited.
|
|win|Healthy Honker
|l|☆A-Loquesea
||Ladder (probably) updated, but score could not be retrieved (Request timeout).
