|j|☆EliasOrSo
|j|☆BetterthanJ
|t:|1666262073
|gametype|singles
|player|p1|EliasOrSo|xerosic|1363
|player|p2|BetterthanJ|gentleman|1355
|teamsize|p1|6
|teamsize|p2|6
|gen|8
|tier|[Gen 8] RU
|rated|
|rule|Sleep Clause Mod: Limit one foe put to sleep
|rule|Species Clause: Limit one of each Pokémon
|rule|OHKO Clause: OHKO moves are banned
|rule|Evasion Items Clause: Evasion items are banned
|rule|Evasion Moves Clause: Evasion moves are banned
|rule|Endless Battle Clause: Forcing endless battles is banned
|rule|HP Percentage Mod: HP is shown in percentages
|rule|Dynamax Clause: You cannot dynamax
|clearpoke
|poke|p1|Suicune|
|poke|p1|Weezing-Galar, M|
|poke|p1|Metagross|
|poke|p1|Umbreon, F|
|poke|p1|Nidoqueen, F|
|poke|p1|Togekiss, M|
|poke|p2|Porygon-Z|
|poke|p2|Klefki, F|
|poke|p2|Pangoro, M|
|poke|p2|Chandelure, M|
|poke|p2|Galvantula, F|
|poke|p2|Dhelmise|
|teampreview
|inactive|Battle timer is ON: inactive players will automatically lose when time's up. (requested by EliasOrSo)
|
|t:|1666262094
|start
|switch|p1a: Metagross|Metagross, shiny|100/100
|switch|p2a: Porygon-Z|Porygon-Z|100/100
|turn|1
|
|t:|1666262098
|move|p2a: Porygon-Z|Shadow Ball|p1a: Metagross
|-supereffective|p1a: Metagross
|-damage|p1a: Metagross|36/100
|-damage|p2a: Porygon-Z|91/100|[from] item: Life Orb
|move|p1a: Metagross|Cosmic Power|p1a: Metagross
|-boost|p1a: Metagross|def|1
|-boost|p1a: Metagross|spd|1
|
|-heal|p1a: Metagross|42/100|[from] item: Leftovers
|upkeep
|turn|2
|
|t:|1666262103
|switch|p1a: Umbreon|Umbreon, F|100/100
|move|p2a: Porygon-Z|Shadow Ball|p1a: Umbreon
|-resisted|p1a: Umbreon
|-damage|p1a: Umbreon|91/100
|-damage|p2a: Porygon-Z|81/100|[from] item: Life Orb
|
|-heal|p1a: Umbreon|97/100|[from] item: Leftovers
|upkeep
|turn|3
|
|t:|1666262107
|move|p2a: Porygon-Z|Nasty Plot|p2a: Porygon-Z
|-boost|p2a: Porygon-Z|spa|2
|move|p1a: Umbreon|Wish|p1a: Umbreon
|
|-heal|p1a: Umbreon|100/100|[from] item: Leftovers
|upkeep
|turn|4
|
|t:|1666262110
|move|p2a: Porygon-Z|Tri Attack|p1a: Umbreon
|-damage|p1a: Umbreon|13/100
|-status|p1a: Umbreon|brn
|-activate|p1a: Umbreon|ability: Synchronize
|-status|p2a: Porygon-Z|brn
|-damage|p2a: Porygon-Z|71/100 brn|[from] item: Life Orb
|move|p1a: Umbreon|Foul Play|p2a: Porygon-Z
|-damage|p2a: Porygon-Z|55/100 brn
|
|-heal|p1a: Umbreon|63/100 brn|[from] move: Wish|[wisher] Umbreon
|-heal|p1a: Umbreon|69/100 brn|[from] item: Leftovers
|-damage|p2a: Porygon-Z|48/100 brn|[from] brn
|-damage|p1a: Umbreon|63/100 brn|[from] brn
|upkeep
|turn|5
|
|t:|1666262117
|switch|p1a: Metagross|Metagross, shiny|42/100
|move|p2a: Porygon-Z|Tri Attack|p1a: Metagross
|-resisted|p1a: Metagross
|-damage|p1a: Metagross|0 fnt
|faint|p1a: Metagross
|-damage|p2a: Porygon-Z|38/100 brn|[from] item: Life Orb
|
|-damage|p2a: Porygon-Z|32/100 brn|[from] brn
|upkeep
|
|t:|1666262119
|switch|p1a: Togekiss|Togekiss, M|100/100
|turn|6
|
|t:|1666262128
|switch|p2a: Klefki|Klefki, F|100/100
|move|p1a: Togekiss|Air Slash|p2a: Klefki
|-resisted|p2a: Klefki
|-damage|p2a: Klefki|79/100
|
|-heal|p2a: Klefki|85/100|[from] item: Leftovers
|upkeep
|turn|7
|
|t:|1666262132
|switch|p1a: Nidoqueen|Nidoqueen, F|100/100
|move|p2a: Klefki|Light Screen|p2a: Klefki
|-sidestart|p2: BetterthanJ|move: Light Screen
|
|-heal|p2a: Klefki|91/100|[from] item: Leftovers
|upkeep
|turn|8
|
|t:|1666262138
|switch|p2a: Dhelmise|Dhelmise|100/100
|move|p1a: Nidoqueen|Stealth Rock|p2a: Dhelmise
|-sidestart|p2: BetterthanJ|move: Stealth Rock
|
|upkeep
|turn|9
|
|t:|1666262144
|switch|p1a: Umbreon|Umbreon, F|63/100 brn
|move|p2a: Dhelmise|Rapid Spin|p1a: Umbreon
|-damage|p1a: Umbreon|47/100 brn
|-boost|p2a: Dhelmise|spe|1
|-sideend|p2: BetterthanJ|Stealth Rock|[from] move: Rapid Spin|[of] p2a: Dhelmise
|
|-heal|p1a: Umbreon|53/100 brn|[from] item: Leftovers
|-damage|p1a: Umbreon|47/100 brn|[from] brn
|upkeep
|turn|10
|
|t:|1666262147
|move|p2a: Dhelmise|Power Whip|p1a: Umbreon
|-damage|p1a: Umbreon|0 fnt
|faint|p1a: Umbreon
|
|upkeep
|
|t:|1666262153
|switch|p1a: Weezing|Weezing-Galar, M|100/100
|turn|11
|
|t:|1666262159
|switch|p2a: Klefki|Klefki, F|91/100
|move|p1a: Weezing|Will-O-Wisp|p2a: Klefki
|-status|p2a: Klefki|brn
|
|-heal|p2a: Klefki|97/100 brn|[from] item: Leftovers
|-damage|p2a: Klefki|91/100 brn|[from] brn
|-sideend|p2: BetterthanJ|move: Light Screen
|upkeep
|turn|12
|
|t:|1666262168
|switch|p1a: Suicune|Suicune|100/100
|-ability|p1a: Suicune|Pressure
|move|p2a: Klefki|Light Screen|p2a: Klefki
|-sidestart|p2: BetterthanJ|move: Light Screen
|
|-heal|p2a: Klefki|97/100 brn|[from] item: Leftovers
|-damage|p2a: Klefki|91/100 brn|[from] brn
|upkeep
|turn|13
|
|t:|1666262177
|switch|p2a: Dhelmise|Dhelmise|100/100
|move|p1a: Suicune|Calm Mind|p1a: Suicune
|-boost|p1a: Suicune|spa|1
|-boost|p1a: Suicune|spd|1
|
|upkeep
|turn|14
|
|t:|1666262183
|move|p1a: Suicune|Calm Mind|p1a: Suicune
|-boost|p1a: Suicune|spa|1
|-boost|p1a: Suicune|spd|1
|move|p2a: Dhelmise|Power Whip|p1a: Suicune
|-supereffective|p1a: Suicune
|-damage|p1a: Suicune|26/100
|
|-heal|p1a: Suicune|32/100|[from] item: Leftovers
|upkeep
|turn|15
|
|t:|1666262191
|switch|p1a: Togekiss|Togekiss, M|100/100
|move|p2a: Dhelmise|Power Whip|p1a: Togekiss
|-resisted|p1a: Togekiss
|-damage|p1a: Togekiss|65/100
|
|upkeep
|turn|16
|
|t:|1666262199
|switch|p2a: Klefki|Klefki, F|91/100 brn
|move|p1a: Togekiss|Trick|p2a: Klefki
|-activate|p1a: Togekiss|move: Trick|[of] p2a: Klefki
|-item|p2a: Klefki|Choice Scarf|[from] move: Trick
|-item|p1a: Togekiss|Leftovers|[from] move: Trick
|
|-heal|p1a: Togekiss|71/100|[from] item: Leftovers
|-damage|p2a: Klefki|85/100 brn|[from] brn
|-sideend|p2: BetterthanJ|move: Light Screen
|upkeep
|turn|17
|
|t:|1666262207
|switch|p1a: Suicune|Suicune|32/100
|-ability|p1a: Suicune|Pressure
|move|p2a: Klefki|Light Screen|p2a: Klefki
|-sidestart|p2: BetterthanJ|move: Light Screen
|
|-heal|p1a: Suicune|38/100|[from] item: Leftovers
|-damage|p2a: Klefki|79/100 brn|[from] brn
|upkeep
|turn|18
|
|t:|1666262210
|switch|p2a: Dhelmise|Dhelmise|100/100
|move|p1a: Suicune|Rest|p1a: Suicune
|-status|p1a: Suicune|slp|[from] move: Rest
|-heal|p1a: Suicune|100/100 slp|[silent]
|
|upkeep
|turn|19
|
|t:|1666262214
|switch|p1a: Weezing|Weezing-Galar, M|100/100
|move|p2a: Dhelmise|Poltergeist|p1a: Weezing
|-activate|p1a: Weezing|move: Poltergeist|Rocky Helmet
|-damage|p1a: Weezing|60/100
|
|upkeep
|turn|20
|
|t:|1666262224
|switch|p2a: Klefki|Klefki, F|79/100 brn
|move|p1a: Weezing|Will-O-Wisp|p2a: Klefki
|-fail|p2a: Klefki|brn
|
|-damage|p2a: Klefki|73/100 brn|[from] brn
|upkeep
|turn|21
|
|t:|1666262229
|move|p2a: Klefki|Thunder Wave|p1a: Weezing
|-status|p1a: Weezing|par
|cant|p1a: Weezing|par
|
|-damage|p2a: Klefki|67/100 brn|[from] brn
|-sideend|p2: BetterthanJ|move: Light Screen
|upkeep
|turn|22
|
|t:|1666262238
|switch|p2a: Porygon-Z|Porygon-Z|32/100 brn
|move|p1a: Weezing|Will-O-Wisp|p2a: Porygon-Z
|-fail|p2a: Porygon-Z|brn
|
|-damage|p2a: Porygon-Z|26/100 brn|[from] brn
|upkeep
|turn|23
|
|t:|1666262243
|switch|p1a: Suicune|Suicune|100/100 slp
|-ability|p1a: Suicune|Pressure
|move|p2a: Porygon-Z|Tri Attack|p1a: Suicune
|-damage|p1a: Suicune|39/100 slp
|-damage|p2a: Porygon-Z|16/100 brn|[from] item: Life Orb
|
|-heal|p1a: Suicune|45/100 slp|[from] item: Leftovers
|-damage|p2a: Porygon-Z|10/100 brn|[from] brn
|upkeep
|turn|24
|
|t:|1666262251
|switch|p1a: Togekiss|Togekiss, M|71/100
|move|p2a: Porygon-Z|Tri Attack|p1a: Togekiss
|-crit|p1a: Togekiss
|-damage|p1a: Togekiss|0 fnt
|faint|p1a: Togekiss
|-damage|p2a: Porygon-Z|0 fnt|[from] item: Life Orb
|faint|p2a: Porygon-Z
|
|upkeep
|
|t:|1666262258
|switch|p1a: Nidoqueen|Nidoqueen, F|100/100
|switch|p2a: Klefki|Klefki, F|67/100 brn
|turn|25
|
|t:|1666262267
|move|p2a: Klefki|Light Screen|p2a: Klefki
|-sidestart|p2: BetterthanJ|move: Light Screen
|move|p1a: Nidoqueen|Stealth Rock|p2a: Klefki
|-sidestart|p2: BetterthanJ|move: Stealth Rock
|
|-damage|p2a: Klefki|62/100 brn|[from] brn
|upkeep
|turn|26
|
|t:|1666262275
|switch|p2a: Dhelmise|Dhelmise|100/100
|-damage|p2a: Dhelmise|88/100|[from] Stealth Rock
|move|p1a: Nidoqueen|Toxic|p2a: Dhelmise
|-status|p2a: Dhelmise|tox
|
|-damage|p2a: Dhelmise|82/100 tox|[from] psn
|upkeep
|turn|27
|
|t:|1666262278
|move|p1a: Nidoqueen|Ice Beam|p2a: Dhelmise
|-supereffective|p2a: Dhelmise
|-damage|p2a: Dhelmise|66/100 tox
|move|p2a: Dhelmise|Rapid Spin|p1a: Nidoqueen
|-damage|p1a: Nidoqueen|80/100
|-boost|p2a: Dhelmise|spe|1
|-sideend|p2: BetterthanJ|Stealth Rock|[from] move: Rapid Spin|[of] p2a: Dhelmise
|
|-heal|p1a: Nidoqueen|86/100|[from] item: Black Sludge
|-damage|p2a: Dhelmise|54/100 tox|[from] psn
|upkeep
|turn|28
|
|t:|1666262285
|move|p1a: Nidoqueen|Ice Beam|p2a: Dhelmise
|-supereffective|p2a: Dhelmise
|-damage|p2a: Dhelmise|38/100 tox
|move|p2a: Dhelmise|Power Whip|p1a: Nidoqueen
|-damage|p1a: Nidoqueen|18/100
|
|-heal|p1a: Nidoqueen|25/100|[from] item: Black Sludge
|-damage|p2a: Dhelmise|19/100 tox|[from] psn
|upkeep
|turn|29
|
|t:|1666262291
|move|p1a: Nidoqueen|Ice Beam|p2a: Dhelmise
|-supereffective|p2a: Dhelmise
|-damage|p2a: Dhelmise|3/100 tox
|move|p2a: Dhelmise|Anchor Shot|p1a: Nidoqueen
|-damage|p1a: Nidoqueen|0 fnt
|faint|p1a: Nidoqueen
|
|-damage|p2a: Dhelmise|0 fnt|[from] psn
|faint|p2a: Dhelmise
|-sideend|p2: BetterthanJ|move: Light Screen
|upkeep
|
|t:|1666262298
|switch|p1a: Suicune|Suicune|45/100 slp
|switch|p2a: Galvantula|Galvantula, F|100/100
|-ability|p1a: Suicune|Pressure
|turn|30
|c|☆BetterthanJ|gg
|
|t:|1666262303
|move|p2a: Galvantula|Thunder|p1a: Suicune
|-supereffective|p1a: Suicune
|-damage|p1a: Suicune|0 fnt
|faint|p1a: Suicune
|
|upkeep
|
|t:|1666262304
|switch|p1a: Weezing|Weezing-Galar, M|60/100 par
|turn|31
|
|t:|1666262308
|move|p2a: Galvantula|Thunder|p1a: Weezing
|-damage|p1a: Weezing|0 fnt
|faint|p1a: Weezing
|
|win|BetterthanJ
|raw|EliasOrSo's rating: 1363 &rarr; <strong>1343</strong><br />(-20 for losing)
|raw|BetterthanJ's rating: 1355 &rarr; <strong>1375</strong><br />(+20 for winning)
|l|☆EliasOrSo
