|j|☆fall tsubaki
|j|☆yourwelcomethank
|inactive|Battle timer is ON: inactive players will automatically lose when time's up.
|t:|1629516268
|gametype|singles
|player|p1|fall tsubaki|cheren-gen5bw2|
|player|p2|yourwelcomethank|hiker-gen4|
|teamsize|p1|6
|teamsize|p2|6
|gen|8
|tier|[Gen 8] RU
|rated|Tournament battle
|rule|Sleep Clause Mod: Limit one foe put to sleep
|rule|Species Clause: Limit one of each Pokémon
|rule|OHKO Clause: OHKO moves are banned
|rule|Evasion Moves Clause: Evasion moves are banned
|rule|Endless Battle Clause: Forcing endless battles is banned
|rule|HP Percentage Mod: HP is shown in percentages
|rule|Dynamax Clause: You cannot dynamax
|clearpoke
|poke|p1|Xatu, M|
|poke|p1|Incineroar, M|
|poke|p1|Decidueye, M|
|poke|p1|Ninetales-Alola, F|
|poke|p1|Flygon, M|
|poke|p1|Cobalion|
|poke|p2|Regidrago|
|poke|p2|Dragalge, M|
|poke|p2|Vaporeon, F|
|poke|p2|Noivern, M|
|poke|p2|Raikou|
|poke|p2|Steelix, M|
|teampreview
|j|+Oathkeepre
|j| Tarah204
|j|@zizalith
|c|@zizalith|omg fall tsubaki
|
|t:|1629516295
|start
|switch|p1a: Decidueye|Decidueye, M|100/100
|switch|p2a: Raikou|Raikou|100/100
|-ability|p2a: Raikou|Pressure
|turn|1
|c|@zizalith|whered you get that team
|
|t:|1629516308
|move|p2a: Raikou|Volt Switch|p1a: Decidueye
|-resisted|p1a: Decidueye
|-damage|p1a: Decidueye|80/100
|
|t:|1629516318
|switch|p2a: Noivern|Noivern, M|100/100|[from]move: Volt Switch
|move|p1a: Decidueye|Poltergeist|p2a: Noivern
|-activate|p2a: Noivern|move: Poltergeist|Heavy-Duty Boots
|-damage|p2a: Noivern|13/100
|
|upkeep
|turn|2
|l| Tarah204
|
|t:|1629516330
|switch|p1a: Incineroar|Incineroar, M|100/100
|-ability|p1a: Incineroar|Intimidate|boost
|-unboost|p2a: Noivern|atk|1
|move|p2a: Noivern|Roost|p2a: Noivern
|-heal|p2a: Noivern|64/100
|-singleturn|p2a: Noivern|move: Roost
|
|upkeep
|turn|3
|
|t:|1629516341
|switch|p2a: Vaporeon|Vaporeon, F|100/100
|move|p1a: Incineroar|Toxic|p2a: Vaporeon
|-status|p2a: Vaporeon|tox
|
|-damage|p2a: Vaporeon|94/100 tox|[from] psn
|upkeep
|turn|4
|
|t:|1629516349
|switch|p1a: Ninetales|Ninetales-Alola, F|100/100
|-weather|Hail|[from] ability: Snow Warning|[of] p1a: Ninetales
|move|p2a: Vaporeon|Flip Turn|p1a: Ninetales
|-damage|p1a: Ninetales|82/100
|
|t:|1629516358
|switch|p2a: Steelix|Steelix, M|100/100|[from]move: Flip Turn
|
|-weather|Hail|[upkeep]
|-damage|p2a: Steelix|94/100|[from] Hail
|-heal|p2a: Steelix|100/100|[from] item: Leftovers
|upkeep
|turn|5
|
|t:|1629516369
|switch|p1a: Xatu|Xatu, M|100/100
|switch|p2a: Dragalge|Dragalge, M|100/100
|
|-weather|Hail|[upkeep]
|-damage|p1a: Xatu|94/100|[from] Hail
|-damage|p2a: Dragalge|95/100|[from] Hail
|upkeep
|turn|6
|
|t:|1629516381
|switch|p1a: Cobalion|Cobalion|100/100
|move|p2a: Dragalge|Focus Blast|p1a: Cobalion
|-supereffective|p1a: Cobalion
|-damage|p1a: Cobalion|19/100
|
|-weather|Hail|[upkeep]
|-damage|p1a: Cobalion|13/100|[from] Hail
|-damage|p2a: Dragalge|89/100|[from] Hail
|-heal|p1a: Cobalion|19/100|[from] item: Leftovers
|upkeep
|turn|7
|
|t:|1629516393
|move|p1a: Cobalion|Stealth Rock|p2a: Dragalge
|-sidestart|p2: yourwelcomethank|move: Stealth Rock
|move|p2a: Dragalge|Flip Turn|p1a: Cobalion
|-damage|p1a: Cobalion|13/100
|c|@zizalith|owned
|
|t:|1629516406
|switch|p2a: Raikou|Raikou|100/100|[from]move: Flip Turn
|-ability|p2a: Raikou|Pressure
|
|-weather|Hail|[upkeep]
|-damage|p2a: Raikou|94/100|[from] Hail
|-damage|p1a: Cobalion|6/100|[from] Hail
|-heal|p1a: Cobalion|13/100|[from] item: Leftovers
|upkeep
|turn|8
|
|t:|1629516412
|switch|p1a: Flygon|Flygon, M|100/100
|move|p2a: Raikou|Scald|p1a: Flygon
|-damage|p1a: Flygon|67/100
|
|-weather|none
|upkeep
|turn|9
|
|t:|1629516424
|switch|p2a: Noivern|Noivern, M|64/100
|move|p1a: Flygon|U-turn|p2a: Noivern
|-resisted|p2a: Noivern
|-damage|p2a: Noivern|53/100
|
|t:|1629516427
|switch|p1a: Ninetales|Ninetales-Alola, F|82/100|[from]move: U-turn
|-weather|Hail|[from] ability: Snow Warning|[of] p1a: Ninetales
|
|-weather|Hail|[upkeep]
|-damage|p2a: Noivern|47/100|[from] Hail
|upkeep
|turn|10
|
|t:|1629516440
|move|p2a: Noivern|Flamethrower|p1a: Ninetales
|-supereffective|p1a: Ninetales
|-damage|p1a: Ninetales|34/100
|move|p1a: Ninetales|Freeze-Dry|p2a: Noivern
|-supereffective|p2a: Noivern
|-damage|p2a: Noivern|0 fnt
|faint|p2a: Noivern
|
|-weather|Hail|[upkeep]
|upkeep
|
|t:|1629516449
|switch|p2a: Raikou|Raikou|94/100
|-ability|p2a: Raikou|Pressure
|turn|11
|
|t:|1629516467
|switch|p1a: Incineroar|Incineroar, M|100/100
|-ability|p1a: Incineroar|Intimidate|boost
|-unboost|p2a: Raikou|atk|1
|move|p2a: Raikou|Scald|p1a: Incineroar
|-supereffective|p1a: Incineroar
|-damage|p1a: Incineroar|60/100
|
|-weather|Hail|[upkeep]
|-damage|p2a: Raikou|88/100|[from] Hail
|-damage|p1a: Incineroar|54/100|[from] Hail
|upkeep
|turn|12
|
|t:|1629516480
|move|p2a: Raikou|Volt Switch|p1a: Incineroar
|-damage|p1a: Incineroar|27/100
|
|t:|1629516483
|switch|p2a: Vaporeon|Vaporeon, F|94/100 tox|[from]move: Volt Switch
|move|p1a: Incineroar|U-turn|p2a: Vaporeon
|-damage|p2a: Vaporeon|78/100 tox
|
|t:|1629516486
|switch|p1a: Decidueye|Decidueye, M|80/100|[from]move: U-turn
|
|-weather|Hail|[upkeep]
|-damage|p1a: Decidueye|74/100|[from] Hail
|-damage|p2a: Vaporeon|72/100 tox|[from] Hail
|-damage|p2a: Vaporeon|66/100 tox|[from] psn
|upkeep
|turn|13
|
|t:|1629516495
|move|p2a: Vaporeon|Protect|p2a: Vaporeon
|-singleturn|p2a: Vaporeon|Protect
|move|p1a: Decidueye|Poltergeist|p2a: Vaporeon
|-activate|p2a: Vaporeon|move: Protect
|
|-weather|none
|-damage|p2a: Vaporeon|54/100 tox|[from] psn
|upkeep
|turn|14
|
|t:|1629516504
|move|p1a: Decidueye|Poltergeist|p2a: Vaporeon
|-activate|p2a: Vaporeon|move: Poltergeist|Heavy-Duty Boots
|-damage|p2a: Vaporeon|0 fnt
|faint|p2a: Vaporeon
|
|upkeep
|inactive|yourwelcomethank has 120 seconds left.
|
|t:|1629516544
|switch|p2a: Steelix|Steelix, M|100/100
|-damage|p2a: Steelix|97/100|[from] Stealth Rock
|turn|15
|
|t:|1629516550
|switch|p1a: Xatu|Xatu, M|94/100
|move|p2a: Steelix|Heavy Slam|p1a: Xatu
|-damage|p1a: Xatu|58/100
|-damage|p2a: Steelix|81/100|[from] item: Rocky Helmet|[of] p1a: Xatu
|
|-heal|p2a: Steelix|87/100|[from] item: Leftovers
|upkeep
|turn|16
|
|t:|1629516559
|move|p1a: Xatu|Roost|p1a: Xatu
|-heal|p1a: Xatu|100/100
|-singleturn|p1a: Xatu|move: Roost
|move|p2a: Steelix|Earthquake|p1a: Xatu
|-damage|p1a: Xatu|70/100
|
|-heal|p2a: Steelix|93/100|[from] item: Leftovers
|upkeep
|turn|17
|inactive|yourwelcomethank has 120 seconds left.
|
|t:|1629516576
|switch|p2a: Dragalge|Dragalge, M|89/100
|move|p1a: Xatu|Heat Wave|p2a: Dragalge
|-resisted|p2a: Dragalge
|-damage|p2a: Dragalge|79/100
|
|upkeep
|turn|18
|inactive|yourwelcomethank has 120 seconds left.
|
|t:|1629516591
|switch|p1a: Cobalion|Cobalion|13/100
|move|p2a: Dragalge|Flip Turn|p1a: Cobalion
|-damage|p1a: Cobalion|5/100
|
|t:|1629516613
|switch|p2a: Regidrago|Regidrago|100/100|[from]move: Flip Turn
|-damage|p2a: Regidrago|88/100|[from] Stealth Rock
|
|-heal|p1a: Cobalion|11/100|[from] item: Leftovers
|-heal|p2a: Regidrago|94/100|[from] item: Leftovers
|upkeep
|turn|19
|
|t:|1629516624
|move|p1a: Cobalion|Volt Switch|p2a: Regidrago
|-resisted|p2a: Regidrago
|-damage|p2a: Regidrago|87/100
|
|t:|1629516630
|switch|p1a: Incineroar|Incineroar, M|27/100|[from]move: Volt Switch
|-ability|p1a: Incineroar|Intimidate|boost
|-unboost|p2a: Regidrago|atk|1
|move|p2a: Regidrago|Substitute|p2a: Regidrago
|-start|p2a: Regidrago|Substitute
|-damage|p2a: Regidrago|62/100
|
|-heal|p2a: Regidrago|68/100|[from] item: Leftovers
|upkeep
|turn|20
|
|t:|1629516638
|move|p2a: Regidrago|Dragon Dance|p2a: Regidrago
|-boost|p2a: Regidrago|atk|1
|-boost|p2a: Regidrago|spe|1
|move|p1a: Incineroar|Darkest Lariat|p2a: Regidrago
|-end|p2a: Regidrago|Substitute
|
|-heal|p2a: Regidrago|74/100|[from] item: Leftovers
|upkeep
|turn|21
|c|@zizalith|whoever wins here the real winner is me bc i made both teams
|
|t:|1629516647
|move|p2a: Regidrago|Dragon Dance|p2a: Regidrago
|-boost|p2a: Regidrago|atk|1
|-boost|p2a: Regidrago|spe|1
|move|p1a: Incineroar|Toxic|p2a: Regidrago
|-status|p2a: Regidrago|tox
|
|-heal|p2a: Regidrago|80/100 tox|[from] item: Leftovers
|-damage|p2a: Regidrago|74/100 tox|[from] psn
|upkeep
|turn|22
|inactive|yourwelcomethank has 120 seconds left.
|
|t:|1629516655
|switch|p1a: Cobalion|Cobalion|11/100
|move|p2a: Regidrago|Thunder Fang|p1a: Cobalion
|-damage|p1a: Cobalion|0 fnt
|faint|p1a: Cobalion
|
|-heal|p2a: Regidrago|80/100 tox|[from] item: Leftovers
|-damage|p2a: Regidrago|68/100 tox|[from] psn
|upkeep
|
|t:|1629516657
|switch|p1a: Incineroar|Incineroar, M|27/100
|-ability|p1a: Incineroar|Intimidate|boost
|-unboost|p2a: Regidrago|atk|1
|turn|23
|inactive|yourwelcomethank has 120 seconds left.
|
|t:|1629516690
|move|p2a: Regidrago|Outrage|p1a: Incineroar
|-damage|p1a: Incineroar|0 fnt
|faint|p1a: Incineroar
|
|-heal|p2a: Regidrago|74/100 tox|[from] item: Leftovers
|-damage|p2a: Regidrago|56/100 tox|[from] psn
|upkeep
|
|t:|1629516692
|switch|p1a: Ninetales|Ninetales-Alola, F|34/100
|-weather|Hail|[from] ability: Snow Warning|[of] p1a: Ninetales
|turn|24
|
|t:|1629516694
|move|p2a: Regidrago|Outrage|p1a: Ninetales|[from]lockedmove
|-immune|p1a: Ninetales
|-start|p2a: Regidrago|confusion|[fatigue]
|move|p1a: Ninetales|Blizzard|p2a: Regidrago
|-supereffective|p2a: Regidrago
|-damage|p2a: Regidrago|0 fnt
|faint|p2a: Regidrago
|
|-weather|Hail|[upkeep]
|upkeep
|
|t:|1629516704
|switch|p2a: Raikou|Raikou|88/100
|-ability|p2a: Raikou|Pressure
|turn|25
|
|t:|1629516714
|switch|p1a: Flygon|Flygon, M|67/100
|move|p2a: Raikou|Thunderbolt|p1a: Flygon
|-immune|p1a: Flygon
|
|-weather|Hail|[upkeep]
|-damage|p1a: Flygon|61/100|[from] Hail
|-damage|p2a: Raikou|82/100|[from] Hail
|upkeep
|turn|26
|
|t:|1629516721
|switch|p2a: Dragalge|Dragalge, M|79/100
|move|p1a: Flygon|Earthquake|p2a: Dragalge
|-supereffective|p2a: Dragalge
|-damage|p2a: Dragalge|0 fnt
|faint|p2a: Dragalge
|
|-weather|Hail|[upkeep]
|-damage|p1a: Flygon|55/100|[from] Hail
|upkeep
|
|t:|1629516722
|switch|p2a: Steelix|Steelix, M|93/100
|-damage|p2a: Steelix|90/100|[from] Stealth Rock
|turn|27
|
|t:|1629516730
|switch|p1a: Xatu|Xatu, M|70/100
|switch|p2a: Raikou|Raikou|82/100
|-ability|p2a: Raikou|Pressure
|
|-weather|Hail|[upkeep]
|-damage|p2a: Raikou|76/100|[from] Hail
|-damage|p1a: Xatu|64/100|[from] Hail
|upkeep
|turn|28
|
|t:|1629516737
|switch|p1a: Decidueye|Decidueye, M|74/100
|move|p2a: Raikou|Scald|p1a: Decidueye
|-resisted|p1a: Decidueye
|-damage|p1a: Decidueye|60/100
|-status|p1a: Decidueye|brn
|
|-weather|none
|-damage|p1a: Decidueye|54/100 brn|[from] brn
|upkeep
|turn|29
|
|t:|1629516747
|move|p2a: Raikou|Thunderbolt|p1a: Decidueye
|-resisted|p1a: Decidueye
|-damage|p1a: Decidueye|27/100 brn
|move|p1a: Decidueye|U-turn|p2a: Raikou
|-damage|p2a: Raikou|52/100
|
|t:|1629516750
|switch|p1a: Flygon|Flygon, M|55/100|[from]move: U-turn
|
|upkeep
|turn|30
|
|t:|1629516756
|switch|p2a: Steelix|Steelix, M|90/100
|-damage|p2a: Steelix|87/100|[from] Stealth Rock
|move|p1a: Flygon|Earthquake|p2a: Steelix
|-supereffective|p2a: Steelix
|-damage|p2a: Steelix|41/100
|
|-heal|p2a: Steelix|47/100|[from] item: Leftovers
|upkeep
|turn|31
|
|t:|1629516762
|switch|p1a: Decidueye|Decidueye, M|27/100 brn
|move|p2a: Steelix|Heavy Slam|p1a: Decidueye
|-damage|p1a: Decidueye|0 fnt
|faint|p1a: Decidueye
|
|-heal|p2a: Steelix|54/100|[from] item: Leftovers
|upkeep
|
|t:|1629516764
|switch|p1a: Xatu|Xatu, M|64/100
|turn|32
|
|t:|1629516778
|switch|p2a: Raikou|Raikou|52/100
|-ability|p2a: Raikou|Pressure
|move|p1a: Xatu|Heat Wave|p2a: Raikou
|-crit|p2a: Raikou
|-damage|p2a: Raikou|18/100
|
|upkeep
|turn|33
|
|t:|1629516794
|move|p2a: Raikou|Scald|p1a: Xatu
|-damage|p1a: Xatu|32/100
|move|p1a: Xatu|Heat Wave|p2a: Raikou
|-damage|p2a: Raikou|0 fnt
|faint|p2a: Raikou
|
|upkeep
|j| pkmn cypher 2013
|
|t:|1629516797
|switch|p2a: Steelix|Steelix, M|54/100
|-damage|p2a: Steelix|50/100|[from] Stealth Rock
|turn|34
|
|t:|1629516800
|move|p1a: Xatu|Roost|p1a: Xatu
|-heal|p1a: Xatu|82/100
|-singleturn|p1a: Xatu|move: Roost
|move|p2a: Steelix|Heavy Slam|p1a: Xatu
|-damage|p1a: Xatu|45/100
|-damage|p2a: Steelix|34/100|[from] item: Rocky Helmet|[of] p1a: Xatu
|
|-heal|p2a: Steelix|40/100|[from] item: Leftovers
|upkeep
|turn|35
|c|☆yourwelcomethank|gg
|-message|yourwelcomethank forfeited.
|
|win|fall tsubaki
|n|☆fall tsubaki|falltsubaki
|n|☆yourwelcomethank|yourwelcomethank
|n|+Oathkeepre|oathkeepre
|n|+zizalith|zizalith
|n| pkmn cypher 2013|pkmncypher2013
