|html|<div class="broadcast-blue"><strong>[Gen 8] RU is currently suspecting Reuniclus! For information on how to participate check out the <a href="https://www.smogon.com/forums/threads/np-ru-stage-10-all-for-you-reuniclus-suspect.3692458/#post-9008540">suspect thread</a>.</strong></div>
|j|☆RURR Entangled
|j|☆Schizolab
|t:|1635697590
|gametype|singles
|player|p1|RURR Entangled|dawn|1416
|player|p2|Schizolab|170|1554
|teamsize|p1|6
|teamsize|p2|6
|gen|8
|tier|[Gen 8] RU
|rated|
|rule|Sleep Clause Mod: Limit one foe put to sleep
|rule|Species Clause: Limit one of each Pokémon
|rule|OHKO Clause: OHKO moves are banned
|rule|Evasion Moves Clause: Evasion moves are banned
|rule|Endless Battle Clause: Forcing endless battles is banned
|rule|HP Percentage Mod: HP is shown in percentages
|rule|Dynamax Clause: You cannot dynamax
|clearpoke
|poke|p1|Diancie|
|poke|p1|Vaporeon, M|
|poke|p1|Necrozma|
|poke|p1|Obstagoon, F|
|poke|p1|Flygon, F|
|poke|p1|Metagross|
|poke|p2|Dragalge, M|
|poke|p2|Pangoro, F|
|poke|p2|Sylveon, F|
|poke|p2|Bronzong|
|poke|p2|Flygon, M|
|poke|p2|Golisopod, M|
|teampreview
|
|t:|1635697636
|start
|switch|p1a: Metagross|Metagross|100/100
|switch|p2a: Flygon|Flygon, M|100/100
|turn|1
|
|t:|1635697642
|move|p2a: Flygon|U-turn|p1a: Metagross
|-damage|p1a: Metagross|82/100
|
|t:|1635697647
|switch|p2a: Pangoro|Pangoro, F|100/100|[from]move: U-turn
|move|p1a: Metagross|Ice Punch|p2a: Pangoro
|-damage|p2a: Pangoro|65/100
|
|upkeep
|turn|2
|
|t:|1635697657
|switch|p1a: Necrozma|Necrozma|100/100
|move|p2a: Pangoro|Iron Head|p1a: Necrozma
|-damage|p1a: Necrozma|72/100
|
|upkeep
|turn|3
|
|t:|1635697672
|switch|p2a: Bronzong|Bronzong|100/100
|move|p1a: Necrozma|Calm Mind|p1a: Necrozma
|-boost|p1a: Necrozma|spa|1
|-boost|p1a: Necrozma|spd|1
|
|upkeep
|turn|4
|
|t:|1635697680
|switch|p1a: Metagross|Metagross|82/100
|move|p2a: Bronzong|Toxic|p1a: Metagross
|-immune|p1a: Metagross
|
|upkeep
|turn|5
|
|t:|1635697684
|move|p1a: Metagross|Trick|p2a: Bronzong
|-activate|p1a: Metagross|move: Trick|[of] p2a: Bronzong
|-item|p2a: Bronzong|Choice Scarf|[from] move: Trick
|-item|p1a: Metagross|Leftovers|[from] move: Trick
|move|p2a: Bronzong|Stealth Rock|p1a: Metagross
|-sidestart|p1: RURR Entangled|move: Stealth Rock
|
|-heal|p1a: Metagross|88/100|[from] item: Leftovers
|upkeep
|turn|6
|
|t:|1635697693
|switch|p2a: Golisopod|Golisopod, M|100/100
|move|p1a: Metagross|Ice Punch|p2a: Golisopod
|-resisted|p2a: Golisopod
|-damage|p2a: Golisopod|90/100
|-status|p2a: Golisopod|frz
|
|-heal|p1a: Metagross|94/100|[from] item: Leftovers
|upkeep
|turn|7
|
|t:|1635697701
|switch|p1a: Diancie|Diancie|100/100
|-damage|p1a: Diancie|88/100|[from] Stealth Rock
|cant|p2a: Golisopod|frz
|
|-heal|p1a: Diancie|94/100|[from] item: Leftovers
|upkeep
|turn|8
|
|t:|1635697708
|switch|p2a: Pangoro|Pangoro, F|65/100
|move|p1a: Diancie|Diamond Storm|p2a: Pangoro
|-resisted|p2a: Pangoro
|-damage|p2a: Pangoro|46/100
|-boost|p1a: Diancie|def|2
|
|-heal|p1a: Diancie|100/100|[from] item: Leftovers
|upkeep
|turn|9
|
|t:|1635697726
|switch|p2a: Dragalge|Dragalge, M|100/100
|move|p1a: Diancie|Body Press|p2a: Dragalge
|-resisted|p2a: Dragalge
|-damage|p2a: Dragalge|70/100
|
|upkeep
|turn|10
|
|t:|1635697731
|move|p2a: Dragalge|Sludge Bomb|p1a: Diancie
|-damage|p1a: Diancie|68/100
|-status|p1a: Diancie|psn
|move|p1a: Diancie|Diamond Storm|p2a: Dragalge
|-damage|p2a: Dragalge|32/100
|
|-heal|p1a: Diancie|74/100 psn|[from] item: Leftovers
|-damage|p1a: Diancie|61/100 psn|[from] psn
|upkeep
|turn|11
|
|t:|1635697740
|switch|p1a: Metagross|Metagross|94/100
|-damage|p1a: Metagross|88/100|[from] Stealth Rock
|move|p2a: Dragalge|Sludge Bomb|p1a: Metagross
|-immune|p1a: Metagross
|
|-heal|p1a: Metagross|94/100|[from] item: Leftovers
|upkeep
|turn|12
|
|t:|1635697750
|switch|p2a: Golisopod|Golisopod, M|90/100 frz
|move|p1a: Metagross|Meteor Mash|p2a: Golisopod
|-resisted|p2a: Golisopod
|-damage|p2a: Golisopod|73/100 frz
|
|-heal|p1a: Metagross|99/100|[from] item: Leftovers
|upkeep
|turn|13
|
|t:|1635697760
|switch|p1a: Diancie|Diancie|61/100 psn
|-damage|p1a: Diancie|49/100 psn|[from] Stealth Rock
|cant|p2a: Golisopod|frz
|
|-heal|p1a: Diancie|55/100 psn|[from] item: Leftovers
|-damage|p1a: Diancie|43/100 psn|[from] psn
|upkeep
|turn|14
|inactive|Battle timer is ON: inactive players will automatically lose when time's up. (requested by RURR Entangled)
|
|t:|1635697774
|switch|p2a: Bronzong|Bronzong|100/100
|move|p1a: Diancie|Stealth Rock|p2a: Bronzong
|-sidestart|p2: Schizolab|move: Stealth Rock
|
|-heal|p1a: Diancie|49/100 psn|[from] item: Leftovers
|-damage|p1a: Diancie|36/100 psn|[from] psn
|upkeep
|turn|15
|
|t:|1635697784
|switch|p1a: Vaporeon|Vaporeon, M|100/100
|-damage|p1a: Vaporeon|88/100|[from] Stealth Rock
|move|p2a: Bronzong|Gyro Ball|p1a: Vaporeon
|-resisted|p1a: Vaporeon
|-damage|p1a: Vaporeon|83/100
|
|-heal|p1a: Vaporeon|90/100|[from] item: Leftovers
|upkeep
|turn|16
|
|t:|1635697792
|switch|p2a: Sylveon|Sylveon, F|100/100
|-damage|p2a: Sylveon|88/100|[from] Stealth Rock
|move|p1a: Vaporeon|Heal Bell|p1a: Vaporeon
|-activate|p1a: Vaporeon|move: Heal Bell
|-curestatus|p1: Diancie|psn|[msg]
|
|-heal|p1a: Vaporeon|96/100|[from] item: Leftovers
|-heal|p2a: Sylveon|94/100|[from] item: Leftovers
|upkeep
|turn|17
|
|t:|1635697798
|switch|p1a: Metagross|Metagross|99/100
|-damage|p1a: Metagross|94/100|[from] Stealth Rock
|move|p2a: Sylveon|Wish|p2a: Sylveon
|
|-heal|p1a: Metagross|99/100|[from] item: Leftovers
|-heal|p2a: Sylveon|99/100|[from] item: Leftovers
|upkeep
|turn|18
|
|t:|1635697806
|switch|p2a: Golisopod|Golisopod, M|73/100 frz
|move|p1a: Metagross|Meteor Mash|p2a: Golisopod
|-resisted|p2a: Golisopod
|-damage|p2a: Golisopod|56/100 frz
|
|-heal|p2a: Golisopod|100/100 frz|[from] move: Wish|[wisher] Sylveon
|-heal|p1a: Metagross|100/100|[from] item: Leftovers
|upkeep
|turn|19
|
|t:|1635697814
|move|p1a: Metagross|Meteor Mash|p2a: Golisopod
|-resisted|p2a: Golisopod
|-damage|p2a: Golisopod|82/100 frz
|cant|p2a: Golisopod|frz
|
|upkeep
|turn|20
|
|t:|1635697819
|move|p1a: Metagross|Meteor Mash|p2a: Golisopod
|-resisted|p2a: Golisopod
|-crit|p2a: Golisopod
|-damage|p2a: Golisopod|55/100 frz
|cant|p2a: Golisopod|frz
|
|upkeep
|turn|21
|
|t:|1635697825
|switch|p2a: Bronzong|Bronzong|100/100
|-damage|p2a: Bronzong|94/100|[from] Stealth Rock
|move|p1a: Metagross|Meteor Mash|p2a: Bronzong
|-resisted|p2a: Bronzong
|-damage|p2a: Bronzong|74/100
|
|upkeep
|turn|22
|
|t:|1635697831
|move|p1a: Metagross|Meteor Mash|p2a: Bronzong
|-resisted|p2a: Bronzong
|-damage|p2a: Bronzong|54/100
|move|p2a: Bronzong|Earthquake|p1a: Metagross
|-supereffective|p1a: Metagross
|-damage|p1a: Metagross|63/100
|
|-heal|p1a: Metagross|69/100|[from] item: Leftovers
|upkeep
|turn|23
|
|t:|1635697841
|move|p1a: Metagross|Meteor Mash|p2a: Bronzong
|-resisted|p2a: Bronzong
|-damage|p2a: Bronzong|34/100
|-boost|p1a: Metagross|atk|1
|move|p2a: Bronzong|Earthquake|p1a: Metagross
|-supereffective|p1a: Metagross
|-damage|p1a: Metagross|31/100
|
|-heal|p1a: Metagross|37/100|[from] item: Leftovers
|upkeep
|turn|24
|
|t:|1635697850
|move|p1a: Metagross|Meteor Mash|p2a: Bronzong
|-resisted|p2a: Bronzong
|-damage|p2a: Bronzong|3/100
|move|p2a: Bronzong|Earthquake|p1a: Metagross
|-supereffective|p1a: Metagross
|-damage|p1a: Metagross|0 fnt
|faint|p1a: Metagross
|
|upkeep
|
|t:|1635697853
|switch|p1a: Obstagoon|Obstagoon, F|100/100
|-damage|p1a: Obstagoon|88/100|[from] Stealth Rock
|turn|25
|
|t:|1635697860
|move|p1a: Obstagoon|Knock Off|p2a: Bronzong
|-supereffective|p2a: Bronzong
|-damage|p2a: Bronzong|0 fnt
|-enditem|p2a: Bronzong|Choice Scarf|[from] move: Knock Off|[of] p1a: Obstagoon
|faint|p2a: Bronzong
|
|-status|p1a: Obstagoon|brn|[from] item: Flame Orb
|upkeep
|
|t:|1635697877
|switch|p2a: Sylveon|Sylveon, F|99/100
|-damage|p2a: Sylveon|88/100|[from] Stealth Rock
|turn|26
|
|t:|1635697889
|switch|p1a: Vaporeon|Vaporeon, M|96/100
|-damage|p1a: Vaporeon|83/100|[from] Stealth Rock
|move|p2a: Sylveon|Hyper Voice|p1a: Vaporeon
|-damage|p1a: Vaporeon|55/100
|
|-heal|p1a: Vaporeon|61/100|[from] item: Leftovers
|-heal|p2a: Sylveon|94/100|[from] item: Leftovers
|upkeep
|turn|27
|
|t:|1635697893
|move|p1a: Vaporeon|Wish|p1a: Vaporeon
|move|p2a: Sylveon|Wish|p2a: Sylveon
|
|-heal|p1a: Vaporeon|67/100|[from] item: Leftovers
|-heal|p2a: Sylveon|99/100|[from] item: Leftovers
|upkeep
|turn|28
|
|t:|1635697900
|switch|p1a: Necrozma|Necrozma|72/100
|-damage|p1a: Necrozma|60/100|[from] Stealth Rock
|switch|p2a: Pangoro|Pangoro, F|46/100
|-damage|p2a: Pangoro|39/100|[from] Stealth Rock
|
|-heal|p1a: Necrozma|100/100|[from] move: Wish|[wisher] Vaporeon
|-heal|p2a: Pangoro|99/100|[from] move: Wish|[wisher] Sylveon
|upkeep
|turn|29
|
|t:|1635697906
|move|p1a: Necrozma|Calm Mind|p1a: Necrozma
|-boost|p1a: Necrozma|spa|1
|-boost|p1a: Necrozma|spd|1
|move|p2a: Pangoro|Knock Off|p1a: Necrozma
|-supereffective|p1a: Necrozma
|-damage|p1a: Necrozma|44/100
|
|upkeep
|turn|30
|
|t:|1635697913
|move|p1a: Necrozma|Earth Power|p2a: Pangoro
|-damage|p2a: Pangoro|51/100
|move|p2a: Pangoro|Knock Off|p1a: Necrozma
|-supereffective|p1a: Necrozma
|-damage|p1a: Necrozma|0 fnt
|faint|p1a: Necrozma
|
|upkeep
|
|t:|1635697919
|switch|p1a: Obstagoon|Obstagoon, F|88/100 brn
|-damage|p1a: Obstagoon|76/100 brn|[from] Stealth Rock
|turn|31
|
|t:|1635697923
|switch|p2a: Golisopod|Golisopod, M|55/100 frz
|move|p1a: Obstagoon|Facade|p2a: Golisopod
|-damage|p2a: Golisopod|0 fnt
|faint|p2a: Golisopod
|
|-damage|p1a: Obstagoon|70/100 brn|[from] brn
|upkeep
|
|t:|1635697936
|switch|p2a: Sylveon|Sylveon, F|99/100
|-damage|p2a: Sylveon|88/100|[from] Stealth Rock
|turn|32
|
|t:|1635697953
|switch|p2a: Pangoro|Pangoro, F|51/100
|-damage|p2a: Pangoro|45/100|[from] Stealth Rock
|move|p1a: Obstagoon|Facade|p2a: Pangoro
|-damage|p2a: Pangoro|0 fnt
|faint|p2a: Pangoro
|
|-damage|p1a: Obstagoon|64/100 brn|[from] brn
|upkeep
|
|t:|1635697959
|switch|p2a: Sylveon|Sylveon, F|88/100
|-damage|p2a: Sylveon|75/100|[from] Stealth Rock
|turn|33
|
|t:|1635697962
|move|p2a: Sylveon|Protect|p2a: Sylveon
|-singleturn|p2a: Sylveon|Protect
|move|p1a: Obstagoon|Facade|p2a: Sylveon
|-activate|p2a: Sylveon|move: Protect
|
|-heal|p2a: Sylveon|81/100|[from] item: Leftovers
|-damage|p1a: Obstagoon|58/100 brn|[from] brn
|upkeep
|turn|34
|
|t:|1635697965
|move|p1a: Obstagoon|Facade|p2a: Sylveon
|-damage|p2a: Sylveon|13/100
|move|p2a: Sylveon|Hyper Voice|p1a: Obstagoon
|-supereffective|p1a: Obstagoon
|-damage|p1a: Obstagoon|0 fnt
|faint|p1a: Obstagoon
|
|-heal|p2a: Sylveon|19/100|[from] item: Leftovers
|upkeep
|
|t:|1635697970
|switch|p1a: Flygon|Flygon, F|100/100
|-damage|p1a: Flygon|94/100|[from] Stealth Rock
|turn|35
|
|t:|1635697973
|move|p2a: Sylveon|Protect|p2a: Sylveon
|-singleturn|p2a: Sylveon|Protect
|move|p1a: Flygon|Earthquake|p2a: Sylveon
|-activate|p2a: Sylveon|move: Protect
|
|-heal|p1a: Flygon|100/100|[from] item: Leftovers
|-heal|p2a: Sylveon|25/100|[from] item: Leftovers
|upkeep
|turn|36
|
|t:|1635697980
|move|p1a: Flygon|Earthquake|p2a: Sylveon
|-crit|p2a: Sylveon
|-damage|p2a: Sylveon|0 fnt
|faint|p2a: Sylveon
|
|upkeep
|
|t:|1635697987
|switch|p2a: Flygon|Flygon, M|100/100
|-damage|p2a: Flygon|95/100|[from] Stealth Rock
|turn|37
|
|t:|1635697994
|switch|p1a: Diancie|Diancie|36/100
|-damage|p1a: Diancie|24/100|[from] Stealth Rock
|move|p2a: Flygon|Outrage|p1a: Diancie
|-immune|p1a: Diancie
|
|-heal|p1a: Diancie|30/100|[from] item: Leftovers
|upkeep
|turn|38
|
|t:|1635698000
|switch|p2a: Dragalge|Dragalge, M|32/100
|move|p1a: Diancie|Diamond Storm|p2a: Dragalge
|-damage|p2a: Dragalge|0 fnt
|faint|p2a: Dragalge
|
|-heal|p1a: Diancie|36/100|[from] item: Leftovers
|upkeep
|-message|Schizolab forfeited.
|
|win|RURR Entangled
|raw|RURR Entangled's rating: 1416 &rarr; <strong>1444</strong><br />(+28 for winning)
|raw|Schizolab's rating: 1554 &rarr; <strong>1526</strong><br />(-28 for losing)
|c|☆RURR Entangled|Gg wp
||Ladder isn't responding, score probably updated but might not have (Request timeout).
