|j|☆Leffen stan
|j|☆Mrs. Papaya
|player|p1|Leffen stan|swimmerf|1544
|player|p2|Mrs. Papaya|rancher|1317
|teamsize|p1|6
|teamsize|p2|6
|gametype|singles
|gen|8
|tier|[Gen 8] RU
|rated|
|clearpoke
|poke|p1|Pangoro, F|
|poke|p1|Goodra, F|
|poke|p1|Sableye, F|
|poke|p1|Gigalith, F|
|poke|p1|Silvally-*|
|poke|p1|Salazzle, F|
|poke|p2|Vileplume, F|
|poke|p2|Froslass, F|
|poke|p2|Sigilyph, M|
|poke|p2|Gigalith, M|
|poke|p2|Pangoro, M|
|poke|p2|Togedemaru, M|
|rule|Sleep Clause Mod: Limit one foe put to sleep
|rule|Species Clause: Limit one of each Pokémon
|rule|OHKO Clause: OHKO moves are banned
|rule|Evasion Moves Clause: Evasion moves are banned
|rule|Endless Battle Clause: Forcing endless battles is banned
|rule|HP Percentage Mod: HP is shown in percentages
|rule|Dynamax Clause: You cannot dynamax
|teampreview
|
|start
|switch|p1a: Gigalith|Gigalith, F|100/100
|switch|p2a: Froslass|Froslass, F|100/100
|-weather|Sandstorm|[from] ability: Sand Stream|[of] p1a: Gigalith
|turn|1
|
|move|p2a: Froslass|Taunt|p1a: Gigalith
|-start|p1a: Gigalith|move: Taunt
|move|p1a: Gigalith|Rock Blast|p2a: Froslass
|-supereffective|p2a: Froslass
|-damage|p2a: Froslass|70/100
|-supereffective|p2a: Froslass
|-crit|p2a: Froslass
|-damage|p2a: Froslass|28/100
|-hitcount|p2a: Froslass|2
|
|-weather|Sandstorm|[upkeep]
|-damage|p2a: Froslass|22/100|[from] Sandstorm
|upkeep
|turn|2
|
|move|p2a: Froslass|Destiny Bond|p2a: Froslass
|-singlemove|p2a: Froslass|Destiny Bond
|move|p1a: Gigalith|Earthquake|p2a: Froslass
|-damage|p2a: Froslass|0 fnt
|faint|p2a: Froslass
|-activate|p2a: Froslass|move: Destiny Bond
|faint|p1a: Gigalith
|
|-weather|Sandstorm|[upkeep]
|upkeep
|
|switch|p2a: Togedemaru|Togedemaru, M|100/100
|switch|p1a: Goodra|Goodra, F|100/100
|turn|3
|
|move|p2a: Togedemaru|U-turn|p1a: Goodra
|-damage|p1a: Goodra|75/100
|
|switch|p2a: Gigalith|Gigalith, M|100/100|[from]move: U-turn
|move|p1a: Goodra|Flamethrower|p2a: Gigalith
|-resisted|p2a: Gigalith
|-damage|p2a: Gigalith|89/100
|
|-weather|Sandstorm|[upkeep]
|-damage|p1a: Goodra|69/100|[from] Sandstorm
|-heal|p2a: Gigalith|95/100|[from] item: Leftovers
|upkeep
|turn|4
|
|switch|p1a: Pangoro|Pangoro, F|100/100
|move|p2a: Gigalith|Stealth Rock|p1a: Pangoro
|-sidestart|p1: Leffen stan|move: Stealth Rock
|
|-weather|Sandstorm|[upkeep]
|-damage|p1a: Pangoro|94/100|[from] Sandstorm
|-heal|p2a: Gigalith|100/100|[from] item: Leftovers
|upkeep
|turn|5
|
|switch|p2a: Vileplume|Vileplume, F|100/100
|move|p1a: Pangoro|Darkest Lariat|p2a: Vileplume
|-damage|p2a: Vileplume|42/100
|
|-weather|none
|-heal|p2a: Vileplume|48/100|[from] item: Black Sludge
|upkeep
|turn|6
|
|switch|p2a: Pangoro|Pangoro, M|100/100
|move|p1a: Pangoro|Darkest Lariat|p2a: Pangoro
|-resisted|p2a: Pangoro
|-damage|p2a: Pangoro|79/100
|
|upkeep
|turn|7
|
|switch|p1a: Silvally|Silvally-Fairy|100/100
|-damage|p1a: Silvally|88/100|[from] Stealth Rock
|move|p2a: Pangoro|Swords Dance|p2a: Pangoro
|-boost|p2a: Pangoro|atk|2
|
|upkeep
|turn|8
|
|switch|p2a: Vileplume|Vileplume, F|48/100
|move|p1a: Silvally|U-turn|p2a: Vileplume
|-damage|p2a: Vileplume|33/100
|
|switch|p1a: Pangoro|Pangoro, F|94/100|[from]move: U-turn
|-damage|p1a: Pangoro|88/100|[from] Stealth Rock
|
|-heal|p2a: Vileplume|39/100|[from] item: Black Sludge
|upkeep
|turn|9
|
|move|p1a: Pangoro|Darkest Lariat|p2a: Vileplume
|-damage|p2a: Vileplume|0 fnt
|-status|p1a: Pangoro|slp|[from] ability: Effect Spore|[of] p2a: Vileplume
|faint|p2a: Vileplume
|
|upkeep
|
|switch|p2a: Pangoro|Pangoro, M|79/100
|turn|10
|
|switch|p1a: Silvally|Silvally-Fairy|88/100
|-damage|p1a: Silvally|76/100|[from] Stealth Rock
|move|p2a: Pangoro|Swords Dance|p2a: Pangoro
|-boost|p2a: Pangoro|atk|2
|
|upkeep
|turn|11
|
|move|p2a: Pangoro|Bullet Punch|p1a: Silvally
|-supereffective|p1a: Silvally
|-damage|p1a: Silvally|0 fnt
|-damage|p2a: Pangoro|69/100|[from] item: Life Orb
|faint|p1a: Silvally
|
|upkeep
|
|switch|p1a: Goodra|Goodra, F|69/100
|-damage|p1a: Goodra|57/100|[from] Stealth Rock
|turn|12
|
|move|p2a: Pangoro|Bullet Punch|p1a: Goodra
|-crit|p1a: Goodra
|-damage|p1a: Goodra|0 fnt
|-damage|p2a: Pangoro|59/100|[from] item: Life Orb
|faint|p1a: Goodra
|
|upkeep
|
|switch|p1a: Salazzle|Salazzle, F|100/100
|turn|13
|
|switch|p2a: Gigalith|Gigalith, M|100/100
|-weather|Sandstorm|[from] ability: Sand Stream|[of] p2a: Gigalith
|move|p1a: Salazzle|Sludge Bomb|p2a: Gigalith
|-resisted|p2a: Gigalith
|-damage|p2a: Gigalith|90/100
|
|-weather|Sandstorm|[upkeep]
|-damage|p1a: Salazzle|94/100|[from] Sandstorm
|-heal|p2a: Gigalith|96/100|[from] item: Leftovers
|upkeep
|turn|14
|
|switch|p1a: Pangoro|Pangoro, F|88/100 slp
|-damage|p1a: Pangoro|82/100 slp|[from] Stealth Rock
|switch|p2a: Sigilyph|Sigilyph, M|100/100
|
|-weather|Sandstorm|[upkeep]
|-damage|p1a: Pangoro|76/100 slp|[from] Sandstorm
|upkeep
|turn|15
|
|switch|p1a: Sableye|Sableye, F|100/100
|-damage|p1a: Sableye|88/100|[from] Stealth Rock
|move|p2a: Sigilyph|Air Slash|p1a: Sableye
|-damage|p1a: Sableye|39/100
|
|-weather|Sandstorm|[upkeep]
|-damage|p1a: Sableye|33/100|[from] Sandstorm
|-heal|p1a: Sableye|39/100|[from] item: Leftovers
|upkeep
|turn|16
|
|move|p1a: Sableye|Recover|p1a: Sableye
|-heal|p1a: Sableye|89/100
|move|p2a: Sigilyph|Air Slash|p1a: Sableye
|-damage|p1a: Sableye|39/100
|
|-weather|Sandstorm|[upkeep]
|-damage|p1a: Sableye|33/100|[from] Sandstorm
|-heal|p1a: Sableye|39/100|[from] item: Leftovers
|upkeep
|turn|17
|
|switch|p2a: Pangoro|Pangoro, M|59/100
|move|p1a: Sableye|Recover|p1a: Sableye
|-heal|p1a: Sableye|89/100
|
|-weather|none
|-heal|p1a: Sableye|95/100|[from] item: Leftovers
|upkeep
|turn|18
|
|move|p2a: Pangoro|Darkest Lariat|p1a: Sableye
|-damage|p1a: Sableye|17/100
|-damage|p2a: Pangoro|49/100|[from] item: Life Orb
|move|p1a: Sableye|Knock Off|p2a: Pangoro
|-resisted|p2a: Pangoro
|-damage|p2a: Pangoro|40/100
|-enditem|p2a: Pangoro|Life Orb|[from] move: Knock Off|[of] p1a: Sableye
|
|-heal|p1a: Sableye|23/100|[from] item: Leftovers
|upkeep
|turn|19
|
|move|p1a: Sableye|Recover|p1a: Sableye
|-heal|p1a: Sableye|73/100
|move|p2a: Pangoro|Swords Dance|p2a: Pangoro
|-boost|p2a: Pangoro|atk|2
|
|-heal|p1a: Sableye|79/100|[from] item: Leftovers
|upkeep
|turn|20
|c|☆Leffen stan|lucky noob
|-message|Leffen stan forfeited.
|
|win|Mrs. Papaya
|l|☆Leffen stan
|raw|Leffen stan's rating: 1544 &rarr; <strong>1512</strong><br />(-32 for losing)
|raw|Mrs. Papaya's rating: 1317 &rarr; <strong>1349</strong><br />(+32 for winning)
|c|☆Mrs. Papaya|Lol sit down dickhead
