|j|☆Oroburos
|j|☆literallyfreemoney
|t:|1632682517
|gametype|singles
|player|p1|Oroburos|plasmagrunt|1174
|player|p2|literallyfreemoney|17|1433
|teamsize|p1|6
|teamsize|p2|6
|gen|8
|tier|[Gen 8] RU
|rated|
|rule|Sleep Clause Mod: Limit one foe put to sleep
|rule|Species Clause: Limit one of each Pokémon
|rule|OHKO Clause: OHKO moves are banned
|rule|Evasion Moves Clause: Evasion moves are banned
|rule|Endless Battle Clause: Forcing endless battles is banned
|rule|HP Percentage Mod: HP is shown in percentages
|rule|Dynamax Clause: You cannot dynamax
|clearpoke
|poke|p1|Raikou|
|poke|p1|Obstagoon, M|
|poke|p1|Chandelure, F|
|poke|p1|Incineroar, M|
|poke|p1|Flygon, M|
|poke|p1|Slurpuff, M|
|poke|p2|Lucario, F|
|poke|p2|Aerodactyl, M|
|poke|p2|Golisopod, F|
|poke|p2|Vaporeon, F|
|poke|p2|Chandelure, F|
|poke|p2|Goodra, M|
|teampreview
|
|t:|1632682529
|start
|switch|p1a: Chandelure|Chandelure, F|100/100
|switch|p2a: Puhteradactyl|Aerodactyl, M|100/100
|-ability|p2a: Puhteradactyl|Unnerve
|turn|1
|
|t:|1632682532
|move|p1a: Chandelure|Shadow Ball|p2a: Puhteradactyl
|-damage|p2a: Puhteradactyl|37/100
|move|p2a: Puhteradactyl|Earthquake|p1a: Chandelure
|-supereffective|p1a: Chandelure
|-crit|p1a: Chandelure
|-damage|p1a: Chandelure|0 fnt
|faint|p1a: Chandelure
|
|upkeep
|
|t:|1632682539
|switch|p1a: Raikou|Raikou|100/100
|-ability|p1a: Raikou|Pressure
|turn|2
|
|t:|1632682542
|move|p2a: Puhteradactyl|Earthquake|p1a: Raikou
|-supereffective|p1a: Raikou
|-damage|p1a: Raikou|26/100
|move|p1a: Raikou|Volt Switch|p2a: Puhteradactyl
|-supereffective|p2a: Puhteradactyl
|-damage|p2a: Puhteradactyl|0 fnt
|faint|p2a: Puhteradactyl
|inactive|Battle timer is ON: inactive players will automatically lose when time's up. (requested by Oroburos)
|
|t:|1632682547
|switch|p1a: Obstagoon|Obstagoon, M|100/100|[from]move: Volt Switch
|
|-status|p1a: Obstagoon|brn|[from] item: Flame Orb
|upkeep
|
|t:|1632682551
|switch|p2a: CHANDIE U( *++*)U|Chandelure, F|100/100
|turn|3
|
|t:|1632682554
|move|p2a: CHANDIE U( *++*)U|Overheat|p1a: Obstagoon
|-damage|p1a: Obstagoon|13/100 brn
|-unboost|p2a: CHANDIE U( *++*)U|spa|2
|move|p1a: Obstagoon|Knock Off|p2a: CHANDIE U( *++*)U
|-supereffective|p2a: CHANDIE U( *++*)U
|-damage|p2a: CHANDIE U( *++*)U|0 fnt
|-enditem|p2a: CHANDIE U( *++*)U|Choice Scarf|[from] move: Knock Off|[of] p1a: Obstagoon
|faint|p2a: CHANDIE U( *++*)U
|
|-damage|p1a: Obstagoon|7/100 brn|[from] brn
|upkeep
|
|t:|1632682561
|switch|p2a: Lucy|Lucario, F|100/100
|turn|4
|
|t:|1632682564
|switch|p1a: Incineroar|Incineroar, M|100/100
|-ability|p1a: Incineroar|Intimidate|boost
|-unboost|p2a: Lucy|atk|1
|move|p2a: Lucy|Extreme Speed|p1a: Incineroar
|-damage|p1a: Incineroar|75/100
|-damage|p2a: Lucy|91/100|[from] item: Life Orb
|
|upkeep
|turn|5
|
|t:|1632682567
|switch|p1a: Obstagoon|Obstagoon, M|7/100 brn
|move|p2a: Lucy|Close Combat|p1a: Obstagoon
|-supereffective|p1a: Obstagoon
|-damage|p1a: Obstagoon|0 fnt
|-unboost|p2a: Lucy|def|1
|-unboost|p2a: Lucy|spd|1
|faint|p1a: Obstagoon
|-damage|p2a: Lucy|81/100|[from] item: Life Orb
|
|upkeep
|
|t:|1632682569
|switch|p1a: Incineroar|Incineroar, M|75/100
|-ability|p1a: Incineroar|Intimidate|boost
|-unboost|p2a: Lucy|atk|1
|turn|6
|
|t:|1632682572
|switch|p2a: Vaporeon|Vaporeon, F|100/100
|move|p1a: Incineroar|Drain Punch|p2a: Vaporeon
|-damage|p2a: Vaporeon|84/100
|-heal|p1a: Incineroar|87/100|[from] drain|[of] p2a: Vaporeon
|
|-heal|p2a: Vaporeon|90/100|[from] item: Leftovers
|upkeep
|turn|7
|
|t:|1632682576
|switch|p1a: Raikou|Raikou|26/100
|-ability|p1a: Raikou|Pressure
|move|p2a: Vaporeon|Scald|p1a: Raikou
|-damage|p1a: Raikou|0 fnt
|faint|p1a: Raikou
|
|-heal|p2a: Vaporeon|97/100|[from] item: Leftovers
|upkeep
|
|t:|1632682579
|switch|p1a: Slurpuff|Slurpuff, M|100/100
|turn|8
|
|t:|1632682581
|move|p1a: Slurpuff|Belly Drum|p1a: Slurpuff
|-damage|p1a: Slurpuff|50/100
|-setboost|p1a: Slurpuff|atk|6|[from] move: Belly Drum
|-enditem|p1a: Slurpuff|Sitrus Berry|[eat]
|-heal|p1a: Slurpuff|75/100|[from] item: Sitrus Berry
|move|p2a: Vaporeon|Scald|p1a: Slurpuff
|-damage|p1a: Slurpuff|31/100
|
|-heal|p2a: Vaporeon|100/100|[from] item: Leftovers
|upkeep
|turn|9
|
|t:|1632682589
|switch|p2a: *w*G O A L I E*w*|Golisopod, F|100/100
|move|p1a: Slurpuff|Drain Punch|p2a: *w*G O A L I E*w*
|-resisted|p2a: *w*G O A L I E*w*
|-damage|p2a: *w*G O A L I E*w*|68/100
|-heal|p1a: Slurpuff|48/100|[from] drain|[of] p2a: *w*G O A L I E*w*
|
|upkeep
|turn|10
|
|t:|1632682596
|move|p2a: *w*G O A L I E*w*|First Impression|p1a: Slurpuff
|-resisted|p1a: Slurpuff
|-crit|p1a: Slurpuff
|-damage|p1a: Slurpuff|0 fnt
|faint|p1a: Slurpuff
|
|upkeep
|c|☆Oroburos|Lol ok
|
|t:|1632682608
|switch|p1a: Incineroar|Incineroar, M|87/100
|-ability|p1a: Incineroar|Intimidate|boost
|-unboost|p2a: *w*G O A L I E*w*|atk|1
|turn|11
|
|t:|1632682612
|move|p1a: Incineroar|Bulk Up|p1a: Incineroar
|-boost|p1a: Incineroar|atk|1
|-boost|p1a: Incineroar|def|1
|move|p2a: *w*G O A L I E*w*|Liquidation|p1a: Incineroar
|-supereffective|p1a: Incineroar
|-damage|p1a: Incineroar|41/100
|-enditem|p1a: Incineroar|Weakness Policy
|-boost|p1a: Incineroar|atk|2|[from] item: Weakness Policy
|-boost|p1a: Incineroar|spa|2|[from] item: Weakness Policy
|
|upkeep
|turn|12
|
|t:|1632682618
|move|p1a: Incineroar|Flame Charge|p2a: *w*G O A L I E*w*
|-damage|p2a: *w*G O A L I E*w*|20/100
|-boost|p1a: Incineroar|spe|1
|-activate|p2a: *w*G O A L I E*w*|ability: Emergency Exit
|
|t:|1632682622
|switch|p2a: Vaporeon|Vaporeon, F|100/100
|
|upkeep
|turn|13
|
|t:|1632682625
|move|p1a: Incineroar|Power Trip|p2a: Vaporeon
|-damage|p2a: Vaporeon|0 fnt
|faint|p2a: Vaporeon
|
|upkeep
|
|t:|1632682630
|switch|p2a: *w*G O A L I E*w*|Golisopod, F|20/100
|turn|14
|
|t:|1632682634
|move|p2a: *w*G O A L I E*w*|First Impression|p1a: Incineroar
|-damage|p1a: Incineroar|3/100
|move|p1a: Incineroar|Drain Punch|p2a: *w*G O A L I E*w*
|-resisted|p2a: *w*G O A L I E*w*
|-damage|p2a: *w*G O A L I E*w*|0 fnt
|-heal|p1a: Incineroar|11/100|[from] drain|[of] p2a: *w*G O A L I E*w*
|faint|p2a: *w*G O A L I E*w*
|
|upkeep
|
|t:|1632682638
|switch|p2a: Lucy|Lucario, F|81/100
|turn|15
|
|t:|1632682639
|move|p2a: Lucy|Extreme Speed|p1a: Incineroar
|-damage|p1a: Incineroar|0 fnt
|faint|p1a: Incineroar
|-damage|p2a: Lucy|71/100|[from] item: Life Orb
|
|upkeep
|
|t:|1632682640
|switch|p1a: Flygon|Flygon, M|100/100
|turn|16
|
|t:|1632682647
|move|p2a: Lucy|Extreme Speed|p1a: Flygon
|-damage|p1a: Flygon|60/100
|-damage|p2a: Lucy|61/100|[from] item: Life Orb
|move|p1a: Flygon|Outrage|p2a: Lucy
|-resisted|p2a: Lucy
|-damage|p2a: Lucy|21/100
|
|upkeep
|turn|17
|
|t:|1632682652
|move|p1a: Flygon|Outrage|p2a: Lucy|[from]lockedmove
|-resisted|p2a: Lucy
|-damage|p2a: Lucy|0 fnt
|faint|p2a: Lucy
|-start|p1a: Flygon|confusion|[fatigue]
|
|upkeep
|
|t:|1632682654
|switch|p2a: Goodra|Goodra, M|100/100
|turn|18
|
|t:|1632682655
|-activate|p1a: Flygon|confusion
|move|p1a: Flygon|Outrage|p2a: Goodra
|-supereffective|p2a: Goodra
|-damage|p2a: Goodra|0 fnt
|faint|p2a: Goodra
|
|win|Oroburos
|raw|Oroburos's rating: 1174 &rarr; <strong>1215</strong><br />(+41 for winning)
|raw|literallyfreemoney's rating: 1433 &rarr; <strong>1400</strong><br />(-33 for losing)
|l|☆literallyfreemoney
