|raw|<div class="broadcast-blue"><strong>This battle is required to be public due to a player having a name starting with 'rult50'.</div>
|j|‽toxrus1
|j|☆Rult50m ind
|t:|1626105289
|gametype|singles
|player|p1|toxrus1|clerkf|1432
|player|p2|Rult50m ind|1|1611
|teamsize|p1|6
|teamsize|p2|6
|gen|8
|tier|[Gen 8] RU
|rated|
|rule|Sleep Clause Mod: Limit one foe put to sleep
|rule|Species Clause: Limit one of each Pokémon
|rule|OHKO Clause: OHKO moves are banned
|rule|Evasion Moves Clause: Evasion moves are banned
|rule|Endless Battle Clause: Forcing endless battles is banned
|rule|HP Percentage Mod: HP is shown in percentages
|rule|Dynamax Clause: You cannot dynamax
|clearpoke
|poke|p1|Reuniclus, M|
|poke|p1|Heracross, M|
|poke|p1|Steelix, M|
|poke|p1|Indeedee, M|
|poke|p1|Milotic, F|
|poke|p1|Umbreon, M|
|poke|p2|Ninetales-Alola, M|
|poke|p2|Doublade, M|
|poke|p2|Volcanion|
|poke|p2|Flygon, M|
|poke|p2|Raikou|
|poke|p2|Togekiss, F|
|teampreview
|inactive|Battle timer is ON: inactive players will automatically lose when time's up. (requested by toxrus1)
|j| toinho♪♫
|inactive|Rult50m ind has 120 seconds left.
|
|t:|1626105345
|start
|switch|p1a: Indeedee|Indeedee, M|100/100
|switch|p2a: Togekiss|Togekiss, F|100/100
|-fieldstart|move: Psychic Terrain|[from] ability: Psychic Surge|[of] p1a: Indeedee
|turn|1
|
|t:|1626105354
|move|p2a: Togekiss|Air Slash|p1a: Indeedee
|-damage|p1a: Indeedee|47/100
|cant|p1a: Indeedee|flinch
|
|upkeep
|turn|2
|
|t:|1626105372
|switch|p2a: Ninetales|Ninetales-Alola, M|100/100
|-weather|Hail|[from] ability: Snow Warning|[of] p2a: Ninetales
|switch|p1a: Steelix|Steelix, M|100/100
|
|-weather|Hail|[upkeep]
|-damage|p1a: Steelix|94/100|[from] Hail
|-heal|p1a: Steelix|100/100|[from] item: Leftovers
|upkeep
|turn|3
|
|t:|1626105389
|switch|p2a: Volcanion|Volcanion|100/100
|move|p1a: Steelix|Stealth Rock|p2a: Volcanion
|-sidestart|p2: Rult50m ind|move: Stealth Rock
|
|-weather|Hail|[upkeep]
|-damage|p2a: Volcanion|95/100|[from] Hail
|-damage|p1a: Steelix|94/100|[from] Hail
|-heal|p1a: Steelix|100/100|[from] item: Leftovers
|upkeep
|turn|4
|
|t:|1626105397
|switch|p1a: Milotic|Milotic, F|100/100
|move|p2a: Volcanion|Defog|p1a: Milotic
|-unboost|p1a: Milotic|evasion|1
|-sideend|p2: Rult50m ind|Stealth Rock|[from] move: Defog|[of] p2a: Volcanion
|-fieldend|move: Psychic Terrain
|
|-weather|Hail|[upkeep]
|-damage|p2a: Volcanion|89/100|[from] Hail
|-damage|p1a: Milotic|94/100|[from] Hail
|-heal|p1a: Milotic|100/100|[from] item: Leftovers
|upkeep
|turn|5
|
|t:|1626105412
|switch|p2a: Raikou|Raikou|100/100
|-ability|p2a: Raikou|Pressure
|move|p1a: Milotic|Toxic|p2a: Raikou
|-status|p2a: Raikou|tox
|
|-weather|Hail|[upkeep]
|-damage|p2a: Raikou|94/100 tox|[from] Hail
|-damage|p1a: Milotic|94/100|[from] Hail
|-heal|p1a: Milotic|100/100|[from] item: Leftovers
|-damage|p2a: Raikou|88/100 tox|[from] psn
|upkeep
|turn|6
|
|t:|1626105416
|switch|p1a: Steelix|Steelix, M|100/100
|move|p2a: Raikou|Weather Ball|p1a: Steelix
|-damage|p1a: Steelix|70/100
|
|-weather|none
|-heal|p1a: Steelix|76/100|[from] item: Leftovers
|-damage|p2a: Raikou|76/100 tox|[from] psn
|upkeep
|turn|7
|
|t:|1626105425
|switch|p2a: Flygon|Flygon, M|100/100
|move|p1a: Steelix|Stealth Rock|p2a: Flygon
|-sidestart|p2: Rult50m ind|move: Stealth Rock
|
|-heal|p1a: Steelix|83/100|[from] item: Leftovers
|upkeep
|turn|8
|
|t:|1626105434
|switch|p1a: Milotic|Milotic, F|100/100
|move|p2a: Flygon|Earthquake|p1a: Milotic
|-damage|p1a: Milotic|64/100
|
|-heal|p1a: Milotic|71/100|[from] item: Leftovers
|upkeep
|turn|9
|
|t:|1626105446
|switch|p2a: Volcanion|Volcanion|89/100
|move|p1a: Milotic|Recover|p1a: Milotic
|-heal|p1a: Milotic|100/100
|
|upkeep
|turn|10
|
|t:|1626105450
|move|p2a: Volcanion|Defog|p1a: Milotic
|-unboost|p1a: Milotic|evasion|1
|-sideend|p2: Rult50m ind|Stealth Rock|[from] move: Defog|[of] p2a: Volcanion
|move|p1a: Milotic|Toxic|p2a: Volcanion
|-status|p2a: Volcanion|tox
|
|-damage|p2a: Volcanion|83/100 tox|[from] psn
|upkeep
|turn|11
|
|t:|1626105458
|switch|p2a: Raikou|Raikou|76/100 tox
|-ability|p2a: Raikou|Pressure
|switch|p1a: Umbreon|Umbreon, M|100/100
|
|-damage|p2a: Raikou|69/100 tox|[from] psn
|upkeep
|turn|12
|
|t:|1626105462
|switch|p2a: Ninetales|Ninetales-Alola, M|100/100
|-weather|Hail|[from] ability: Snow Warning|[of] p2a: Ninetales
|move|p1a: Umbreon|Wish|p1a: Umbreon
|
|-weather|Hail|[upkeep]
|-damage|p1a: Umbreon|94/100|[from] Hail
|-heal|p1a: Umbreon|100/100|[from] item: Leftovers
|upkeep
|turn|13
|
|t:|1626105478
|switch|p1a: Steelix|Steelix, M|83/100
|move|p2a: Ninetales|Blizzard|p1a: Steelix
|-damage|p1a: Steelix|21/100
|
|-weather|Hail|[upkeep]
|-damage|p1a: Steelix|15/100|[from] Hail
|-heal|p1a: Steelix|71/100|[from] move: Wish|[wisher] Umbreon
|-heal|p1a: Steelix|77/100|[from] item: Leftovers
|upkeep
|turn|14
|
|t:|1626105489
|switch|p1a: Milotic|Milotic, F|100/100
|move|p2a: Ninetales|Blizzard|p1a: Milotic
|-resisted|p1a: Milotic
|-damage|p1a: Milotic|76/100
|
|-weather|Hail|[upkeep]
|-damage|p1a: Milotic|70/100|[from] Hail
|-heal|p1a: Milotic|76/100|[from] item: Leftovers
|upkeep
|turn|15
|
|t:|1626105500
|switch|p2a: Raikou|Raikou|69/100 tox
|-ability|p2a: Raikou|Pressure
|move|p1a: Milotic|Recover|p1a: Milotic
|-heal|p1a: Milotic|100/100
|
|-weather|Hail|[upkeep]
|-damage|p2a: Raikou|63/100 tox|[from] Hail
|-damage|p1a: Milotic|94/100|[from] Hail
|-heal|p1a: Milotic|100/100|[from] item: Leftovers
|-damage|p2a: Raikou|57/100 tox|[from] psn
|upkeep
|turn|16
|
|t:|1626105503
|switch|p2a: Ninetales|Ninetales-Alola, M|100/100
|switch|p1a: Steelix|Steelix, M|77/100
|
|-weather|none
|-heal|p1a: Steelix|83/100|[from] item: Leftovers
|upkeep
|turn|17
|
|t:|1626105512
|move|p2a: Ninetales|Freeze-Dry|p1a: Steelix
|-damage|p1a: Steelix|48/100
|move|p1a: Steelix|Stealth Rock|p2a: Ninetales
|-sidestart|p2: Rult50m ind|move: Stealth Rock
|
|-heal|p1a: Steelix|54/100|[from] item: Leftovers
|upkeep
|turn|18
|
|t:|1626105518
|switch|p1a: Umbreon|Umbreon, M|100/100
|move|p2a: Ninetales|Freeze-Dry|p1a: Umbreon
|-damage|p1a: Umbreon|80/100
|
|-heal|p1a: Umbreon|86/100|[from] item: Leftovers
|upkeep
|turn|19
|
|t:|1626105533
|switch|p2a: Togekiss|Togekiss, F|100/100
|-damage|p2a: Togekiss|76/100|[from] Stealth Rock
|move|p1a: Umbreon|Wish|p1a: Umbreon
|
|-heal|p1a: Umbreon|92/100|[from] item: Leftovers
|upkeep
|turn|20
|
|t:|1626105537
|switch|p1a: Steelix|Steelix, M|54/100
|move|p2a: Togekiss|Trick|p1a: Steelix
|-activate|p2a: Togekiss|move: Trick|[of] p1a: Steelix
|-item|p1a: Steelix|Choice Scarf|[from] move: Trick
|-item|p2a: Togekiss|Leftovers|[from] move: Trick
|
|-heal|p1a: Steelix|100/100|[from] move: Wish|[wisher] Umbreon
|-heal|p2a: Togekiss|82/100|[from] item: Leftovers
|upkeep
|turn|21
|
|t:|1626105545
|move|p2a: Togekiss|Flamethrower|p1a: Steelix
|-supereffective|p1a: Steelix
|-damage|p1a: Steelix|46/100
|-status|p1a: Steelix|brn
|move|p1a: Steelix|Heavy Slam|p2a: Togekiss
|-supereffective|p2a: Togekiss
|-damage|p2a: Togekiss|38/100
|
|-heal|p2a: Togekiss|45/100|[from] item: Leftovers
|-damage|p1a: Steelix|40/100 brn|[from] brn
|upkeep
|turn|22
|
|t:|1626105555
|switch|p1a: Indeedee|Indeedee, M|47/100
|-fieldstart|move: Psychic Terrain|[from] ability: Psychic Surge|[of] p1a: Indeedee
|move|p2a: Togekiss|Roost|p2a: Togekiss
|-heal|p2a: Togekiss|95/100
|-singleturn|p2a: Togekiss|move: Roost
|
|-heal|p2a: Togekiss|100/100|[from] item: Leftovers
|upkeep
|turn|23
|
|t:|1626105578
|switch|p2a: Raikou|Raikou|57/100 tox
|-damage|p2a: Raikou|44/100 tox|[from] Stealth Rock
|-ability|p2a: Raikou|Pressure
|move|p1a: Indeedee|Expanding Force|p2a: Raikou
|-damage|p2a: Raikou|0 fnt
|faint|p2a: Raikou
|
|upkeep
|j| bae yubin
|
|t:|1626105581
|switch|p2a: Ninetales|Ninetales-Alola, M|100/100
|-damage|p2a: Ninetales|76/100|[from] Stealth Rock
|-weather|Hail|[from] ability: Snow Warning|[of] p2a: Ninetales
|turn|24
|
|t:|1626105588
|switch|p1a: Steelix|Steelix, M|40/100 brn
|move|p2a: Ninetales|Moonblast|p1a: Steelix
|-resisted|p1a: Steelix
|-damage|p1a: Steelix|13/100 brn
|
|-weather|Hail|[upkeep]
|-damage|p1a: Steelix|7/100 brn|[from] Hail
|-damage|p1a: Steelix|1/100 brn|[from] brn
|upkeep
|turn|25
|
|t:|1626105594
|move|p2a: Ninetales|Moonblast|p1a: Steelix
|-resisted|p1a: Steelix
|-damage|p1a: Steelix|0 fnt
|faint|p1a: Steelix
|
|-weather|Hail|[upkeep]
|upkeep
|
|t:|1626105598
|switch|p1a: Reuniclus|Reuniclus, M, shiny|100/100
|turn|26
|
|t:|1626105610
|switch|p2a: Doublade|Doublade, M|100/100
|-damage|p2a: Doublade|95/100|[from] Stealth Rock
|move|p1a: Reuniclus|Calm Mind|p1a: Reuniclus
|-boost|p1a: Reuniclus|spa|1
|-boost|p1a: Reuniclus|spd|1
|
|-weather|Hail|[upkeep]
|-damage|p2a: Doublade|89/100|[from] Hail
|-fieldend|move: Psychic Terrain
|upkeep
|turn|27
|
|t:|1626105615
|move|p1a: Reuniclus|Acid Armor|p1a: Reuniclus
|-boost|p1a: Reuniclus|def|2
|move|p2a: Doublade|Swords Dance|p2a: Doublade
|-boost|p2a: Doublade|atk|2
|
|-weather|Hail|[upkeep]
|-damage|p2a: Doublade|83/100|[from] Hail
|upkeep
|turn|28
|j| RULT50A Sau
|
|t:|1626105632
|switch|p2a: Togekiss|Togekiss, F|100/100
|-damage|p2a: Togekiss|76/100|[from] Stealth Rock
|move|p1a: Reuniclus|Stored Power|p2a: Togekiss
|-damage|p2a: Togekiss|17/100
|
|-weather|none
|-heal|p2a: Togekiss|23/100|[from] item: Leftovers
|upkeep
|turn|29
|
|t:|1626105644
|move|p2a: Togekiss|Air Slash|p1a: Reuniclus
|-damage|p1a: Reuniclus|77/100
|cant|p1a: Reuniclus|flinch
|
|-heal|p2a: Togekiss|29/100|[from] item: Leftovers
|upkeep
|turn|30
|
|t:|1626105650
|move|p2a: Togekiss|Air Slash|p1a: Reuniclus|[miss]
|-miss|p2a: Togekiss|p1a: Reuniclus
|move|p1a: Reuniclus|Recover|p1a: Reuniclus
|-heal|p1a: Reuniclus|100/100
|
|-heal|p2a: Togekiss|35/100|[from] item: Leftovers
|upkeep
|turn|31
|
|t:|1626105659
|move|p2a: Togekiss|Air Slash|p1a: Reuniclus
|-damage|p1a: Reuniclus|77/100
|cant|p1a: Reuniclus|flinch
|
|-heal|p2a: Togekiss|41/100|[from] item: Leftovers
|upkeep
|turn|32
|l|☆Rult50m ind
|inactive|Rult50m ind disconnected and has a minute to reconnect!
|player|p2|
|j|☆Rult50m ind
|inactive|Rult50m ind reconnected and has 105 seconds left.
|player|p2|Rult50m ind|1
|inactive|Rult50m ind has 90 seconds left.
|
|t:|1626105726
|switch|p1a: Umbreon|Umbreon, M|92/100
|move|p2a: Togekiss|Air Slash|p1a: Umbreon
|-damage|p1a: Umbreon|74/100
|
|-heal|p2a: Togekiss|47/100|[from] item: Leftovers
|-heal|p1a: Umbreon|80/100|[from] item: Leftovers
|upkeep
|turn|33
|
|t:|1626105732
|move|p2a: Togekiss|Roost|p2a: Togekiss
|-heal|p2a: Togekiss|98/100
|-singleturn|p2a: Togekiss|move: Roost
|move|p1a: Umbreon|Wish|p1a: Umbreon
|
|-heal|p2a: Togekiss|100/100|[from] item: Leftovers
|-heal|p1a: Umbreon|86/100|[from] item: Leftovers
|upkeep
|turn|34
|
|t:|1626105748
|switch|p1a: Reuniclus|Reuniclus, M, shiny|77/100
|move|p2a: Togekiss|Air Slash|p1a: Reuniclus
|-damage|p1a: Reuniclus|42/100
|
|-heal|p1a: Reuniclus|88/100|[from] move: Wish|[wisher] Umbreon
|upkeep
|turn|35
|
|t:|1626105760
|switch|p1a: Umbreon|Umbreon, M|86/100
|move|p2a: Togekiss|Air Slash|p1a: Umbreon
|-damage|p1a: Umbreon|68/100
|
|-heal|p1a: Umbreon|74/100|[from] item: Leftovers
|upkeep
|turn|36
|
|t:|1626105771
|switch|p2a: Volcanion|Volcanion|83/100 tox
|move|p1a: Umbreon|Protect||[still]
|-fail|p1a: Umbreon
|
|-heal|p1a: Umbreon|80/100|[from] item: Leftovers
|-damage|p2a: Volcanion|77/100 tox|[from] psn
|upkeep
|turn|37
|
|t:|1626105774
|move|p2a: Volcanion|Defog|p1a: Umbreon
|-unboost|p1a: Umbreon|evasion|1
|-sideend|p2: Rult50m ind|Stealth Rock|[from] move: Defog|[of] p2a: Volcanion
|move|p1a: Umbreon|Wish|p1a: Umbreon
|
|-heal|p1a: Umbreon|86/100|[from] item: Leftovers
|-damage|p2a: Volcanion|65/100 tox|[from] psn
|upkeep
|turn|38
|inactive|Rult50m ind has 120 seconds left.
|
|t:|1626105784
|switch|p2a: Ninetales|Ninetales-Alola, M|76/100
|-weather|Hail|[from] ability: Snow Warning|[of] p2a: Ninetales
|switch|p1a: Reuniclus|Reuniclus, M, shiny|88/100
|
|-weather|Hail|[upkeep]
|-heal|p1a: Reuniclus|100/100|[from] move: Wish|[wisher] Umbreon
|upkeep
|turn|39
|inactive|Rult50m ind has 120 seconds left.
|
|t:|1626105808
|move|p2a: Ninetales|Blizzard|p1a: Reuniclus
|-damage|p1a: Reuniclus|46/100
|move|p1a: Reuniclus|Recover|p1a: Reuniclus
|-heal|p1a: Reuniclus|96/100
|
|-weather|Hail|[upkeep]
|upkeep
|turn|40
|
|t:|1626105829
|move|p2a: Ninetales|Blizzard|p1a: Reuniclus
|-damage|p1a: Reuniclus|42/100
|move|p1a: Reuniclus|Calm Mind|p1a: Reuniclus
|-boost|p1a: Reuniclus|spa|1
|-boost|p1a: Reuniclus|spd|1
|
|-weather|Hail|[upkeep]
|upkeep
|turn|41
|
|t:|1626105841
|move|p2a: Ninetales|Blizzard|p1a: Reuniclus
|-damage|p1a: Reuniclus|4/100
|move|p1a: Reuniclus|Recover|p1a: Reuniclus
|-heal|p1a: Reuniclus|54/100
|
|-weather|Hail|[upkeep]
|upkeep
|turn|42
|
|t:|1626105848
|move|p2a: Ninetales|Blizzard|p1a: Reuniclus
|-damage|p1a: Reuniclus|16/100
|move|p1a: Reuniclus|Recover|p1a: Reuniclus
|-heal|p1a: Reuniclus|66/100
|
|-weather|none
|upkeep
|turn|43
|
|t:|1626105862
|switch|p2a: Togekiss|Togekiss, F|100/100
|move|p1a: Reuniclus|Recover|p1a: Reuniclus
|-heal|p1a: Reuniclus|100/100
|
|upkeep
|turn|44
|
|t:|1626105871
|switch|p1a: Umbreon|Umbreon, M|86/100
|move|p2a: Togekiss|Air Slash|p1a: Umbreon
|-damage|p1a: Umbreon|65/100
|
|-heal|p1a: Umbreon|71/100|[from] item: Leftovers
|upkeep
|turn|45
|inactive|Rult50m ind has 120 seconds left.
|
|t:|1626105885
|switch|p2a: Ninetales|Ninetales-Alola, M|76/100
|-weather|Hail|[from] ability: Snow Warning|[of] p2a: Ninetales
|move|p1a: Umbreon|Wish|p1a: Umbreon
|
|-weather|Hail|[upkeep]
|-damage|p1a: Umbreon|65/100|[from] Hail
|-heal|p1a: Umbreon|71/100|[from] item: Leftovers
|upkeep
|turn|46
|j| QWILY
|
|t:|1626105895
|switch|p2a: Togekiss|Togekiss, F|100/100
|move|p1a: Umbreon|Protect||[still]
|-fail|p1a: Umbreon
|
|-weather|Hail|[upkeep]
|-damage|p2a: Togekiss|94/100|[from] Hail
|-damage|p1a: Umbreon|65/100|[from] Hail
|-heal|p1a: Umbreon|100/100|[from] move: Wish|[wisher] Umbreon
|-heal|p2a: Togekiss|100/100|[from] item: Leftovers
|upkeep
|turn|47
|j| Wedjene
|
|t:|1626105906
|move|p2a: Togekiss|Air Slash|p1a: Umbreon
|-damage|p1a: Umbreon|82/100
|cant|p1a: Umbreon|flinch
|
|-weather|Hail|[upkeep]
|-damage|p2a: Togekiss|94/100|[from] Hail
|-damage|p1a: Umbreon|76/100|[from] Hail
|-heal|p2a: Togekiss|100/100|[from] item: Leftovers
|-heal|p1a: Umbreon|82/100|[from] item: Leftovers
|upkeep
|turn|48
|
|t:|1626105910
|move|p2a: Togekiss|Air Slash|p1a: Umbreon
|-damage|p1a: Umbreon|62/100
|move|p1a: Umbreon|Wish|p1a: Umbreon
|
|-weather|Hail|[upkeep]
|-damage|p2a: Togekiss|94/100|[from] Hail
|-damage|p1a: Umbreon|56/100|[from] Hail
|-heal|p2a: Togekiss|100/100|[from] item: Leftovers
|-heal|p1a: Umbreon|62/100|[from] item: Leftovers
|upkeep
|turn|49
|
|t:|1626105922
|move|p2a: Togekiss|Air Slash|p1a: Umbreon
|-damage|p1a: Umbreon|42/100
|move|p1a: Umbreon|Foul Play|p2a: Togekiss
|-resisted|p2a: Togekiss
|-damage|p2a: Togekiss|93/100
|
|-weather|none
|-heal|p1a: Umbreon|92/100|[from] move: Wish|[wisher] Umbreon
|-heal|p2a: Togekiss|99/100|[from] item: Leftovers
|-heal|p1a: Umbreon|98/100|[from] item: Leftovers
|upkeep
|turn|50
|
|t:|1626105928
|switch|p2a: Ninetales|Ninetales-Alola, M|76/100
|-weather|Hail|[from] ability: Snow Warning|[of] p2a: Ninetales
|move|p1a: Umbreon|Wish|p1a: Umbreon
|
|-weather|Hail|[upkeep]
|-damage|p1a: Umbreon|92/100|[from] Hail
|-heal|p1a: Umbreon|98/100|[from] item: Leftovers
|upkeep
|turn|51
|
|t:|1626105933
|switch|p2a: Togekiss|Togekiss, F|99/100
|move|p1a: Umbreon|Protect||[still]
|-fail|p1a: Umbreon
|
|-weather|Hail|[upkeep]
|-damage|p2a: Togekiss|93/100|[from] Hail
|-damage|p1a: Umbreon|92/100|[from] Hail
|-heal|p1a: Umbreon|100/100|[from] move: Wish|[wisher] Umbreon
|-heal|p2a: Togekiss|99/100|[from] item: Leftovers
|upkeep
|turn|52
|
|t:|1626105939
|switch|p2a: Ninetales|Ninetales-Alola, M|76/100
|move|p1a: Umbreon|Protect||[still]
|-fail|p1a: Umbreon
|
|-weather|Hail|[upkeep]
|-damage|p1a: Umbreon|94/100|[from] Hail
|-heal|p1a: Umbreon|100/100|[from] item: Leftovers
|upkeep
|turn|53
|
|t:|1626105943
|move|p1a: Umbreon|Protect|p1a: Umbreon
|-singleturn|p1a: Umbreon|Protect
|move|p2a: Ninetales|Moonblast|p1a: Umbreon
|-activate|p1a: Umbreon|move: Protect
|
|-weather|Hail|[upkeep]
|-damage|p1a: Umbreon|94/100|[from] Hail
|-heal|p1a: Umbreon|100/100|[from] item: Leftovers
|upkeep
|turn|54
|
|t:|1626105950
|switch|p1a: Milotic|Milotic, F|100/100
|move|p2a: Ninetales|Moonblast|p1a: Milotic
|-damage|p1a: Milotic|62/100
|-unboost|p1a: Milotic|spa|1
|
|-weather|none
|-heal|p1a: Milotic|68/100|[from] item: Leftovers
|upkeep
|turn|55
|
|t:|1626105974
|switch|p2a: Doublade|Doublade, M|83/100
|move|p1a: Milotic|Toxic|p2a: Doublade
|-immune|p2a: Doublade
|
|-heal|p1a: Milotic|74/100|[from] item: Leftovers
|upkeep
|turn|56
|inactive|Rult50m ind has 120 seconds left.
|
|t:|1626105998
|switch|p1a: Umbreon|Umbreon, M|100/100
|move|p2a: Doublade|Swords Dance|p2a: Doublade
|-boost|p2a: Doublade|atk|2
|
|upkeep
|turn|57
|inactive|Rult50m ind has 120 seconds left.
|
|t:|1626106016
|switch|p2a: Ninetales|Ninetales-Alola, M|76/100
|-weather|Hail|[from] ability: Snow Warning|[of] p2a: Ninetales
|move|p1a: Umbreon|Foul Play|p2a: Ninetales
|-resisted|p2a: Ninetales
|-damage|p2a: Ninetales|63/100
|
|-weather|Hail|[upkeep]
|-damage|p1a: Umbreon|94/100|[from] Hail
|-heal|p1a: Umbreon|100/100|[from] item: Leftovers
|upkeep
|turn|58
|
|t:|1626106020
|move|p1a: Umbreon|Protect|p1a: Umbreon
|-singleturn|p1a: Umbreon|Protect
|move|p2a: Ninetales|Moonblast|p1a: Umbreon
|-activate|p1a: Umbreon|move: Protect
|
|-weather|Hail|[upkeep]
|-damage|p1a: Umbreon|94/100|[from] Hail
|-heal|p1a: Umbreon|100/100|[from] item: Leftovers
|upkeep
|turn|59
|
|t:|1626106041
|switch|p1a: Reuniclus|Reuniclus, M, shiny|100/100
|move|p2a: Ninetales|Moonblast|p1a: Reuniclus
|-damage|p1a: Reuniclus|55/100
|-unboost|p1a: Reuniclus|spa|1
|
|-weather|Hail|[upkeep]
|upkeep
|turn|60
|
|t:|1626106049
|move|p2a: Ninetales|Moonblast|p1a: Reuniclus
|-damage|p1a: Reuniclus|3/100
|-unboost|p1a: Reuniclus|spa|1
|move|p1a: Reuniclus|Recover|p1a: Reuniclus
|-heal|p1a: Reuniclus|53/100
|
|-weather|Hail|[upkeep]
|upkeep
|turn|61
|
|t:|1626106058
|move|p2a: Ninetales|Moonblast|p1a: Reuniclus
|-damage|p1a: Reuniclus|7/100
|-unboost|p1a: Reuniclus|spa|1
|move|p1a: Reuniclus|Recover|p1a: Reuniclus
|-heal|p1a: Reuniclus|57/100
|
|-weather|none
|upkeep
|turn|62
|
|t:|1626106069
|switch|p1a: Milotic|Milotic, F|74/100
|move|p2a: Ninetales|Moonblast|p1a: Milotic
|-damage|p1a: Milotic|37/100
|
|-heal|p1a: Milotic|43/100|[from] item: Leftovers
|upkeep
|turn|63
|
|t:|1626106076
|move|p2a: Ninetales|Moonblast|p1a: Milotic
|-damage|p1a: Milotic|1/100
|move|p1a: Milotic|Recover|p1a: Milotic
|-heal|p1a: Milotic|51/100
|
|-heal|p1a: Milotic|57/100|[from] item: Leftovers
|upkeep
|turn|64
|
|t:|1626106093
|move|p2a: Ninetales|Moonblast|p1a: Milotic
|-damage|p1a: Milotic|15/100
|-unboost|p1a: Milotic|spa|1
|move|p1a: Milotic|Toxic|p2a: Ninetales
|-status|p2a: Ninetales|tox
|
|-heal|p1a: Milotic|21/100|[from] item: Leftovers
|-damage|p2a: Ninetales|57/100 tox|[from] psn
|upkeep
|turn|65
|
|t:|1626106111
|move|p2a: Ninetales|Moonblast|p1a: Milotic
|-damage|p1a: Milotic|0 fnt
|faint|p1a: Milotic
|
|-damage|p2a: Ninetales|45/100 tox|[from] psn
|upkeep
|
|t:|1626106120
|switch|p1a: Reuniclus|Reuniclus, M, shiny|57/100
|turn|66
|
|t:|1626106129
|switch|p2a: Togekiss|Togekiss, F|99/100
|move|p1a: Reuniclus|Recover|p1a: Reuniclus
|-heal|p1a: Reuniclus|100/100
|
|-heal|p2a: Togekiss|100/100|[from] item: Leftovers
|upkeep
|turn|67
|
|t:|1626106148
|switch|p1a: Umbreon|Umbreon, M|100/100
|move|p2a: Togekiss|Air Slash|p1a: Umbreon
|-damage|p1a: Umbreon|82/100
|
|-heal|p1a: Umbreon|88/100|[from] item: Leftovers
|upkeep
|turn|68
|
|t:|1626106160
|switch|p2a: Flygon|Flygon, M|100/100
|move|p1a: Umbreon|Wish|p1a: Umbreon
|
|-heal|p1a: Umbreon|94/100|[from] item: Leftovers
|upkeep
|turn|69
|
|t:|1626106173
|switch|p2a: Togekiss|Togekiss, F|100/100
|switch|p1a: Reuniclus|Reuniclus, M, shiny|100/100
|
|upkeep
|turn|70
|
|t:|1626106184
|switch|p2a: Doublade|Doublade, M|83/100
|move|p1a: Reuniclus|Calm Mind|p1a: Reuniclus
|-boost|p1a: Reuniclus|spa|1
|-boost|p1a: Reuniclus|spd|1
|
|upkeep
|turn|71
|
|t:|1626106210
|switch|p2a: Togekiss|Togekiss, F|100/100
|move|p1a: Reuniclus|Acid Armor|p1a: Reuniclus
|-boost|p1a: Reuniclus|def|2
|
|upkeep
|turn|72
|
|t:|1626106218
|move|p2a: Togekiss|Air Slash|p1a: Reuniclus
|-damage|p1a: Reuniclus|76/100
|move|p1a: Reuniclus|Calm Mind|p1a: Reuniclus
|-boost|p1a: Reuniclus|spa|1
|-boost|p1a: Reuniclus|spd|1
|
|upkeep
|turn|73
|
|t:|1626106226
|move|p2a: Togekiss|Air Slash|p1a: Reuniclus
|-damage|p1a: Reuniclus|60/100
|cant|p1a: Reuniclus|flinch
|
|upkeep
|turn|74
|
|t:|1626106230
|move|p2a: Togekiss|Air Slash|p1a: Reuniclus
|-damage|p1a: Reuniclus|44/100
|cant|p1a: Reuniclus|flinch
|
|upkeep
|turn|75
|
|t:|1626106237
|move|p2a: Togekiss|Air Slash|p1a: Reuniclus
|-damage|p1a: Reuniclus|27/100
|cant|p1a: Reuniclus|flinch
|
|upkeep
|turn|76
|
|t:|1626106243
|move|p2a: Togekiss|Air Slash|p1a: Reuniclus
|-damage|p1a: Reuniclus|11/100
|move|p1a: Reuniclus|Recover|p1a: Reuniclus
|-heal|p1a: Reuniclus|61/100
|
|upkeep
|turn|77
|
|t:|1626106249
|move|p2a: Togekiss|Air Slash|p1a: Reuniclus
|-damage|p1a: Reuniclus|44/100
|cant|p1a: Reuniclus|flinch
|
|upkeep
|turn|78
|
|t:|1626106254
|move|p2a: Togekiss|Air Slash|p1a: Reuniclus
|-damage|p1a: Reuniclus|28/100
|cant|p1a: Reuniclus|flinch
|
|upkeep
|turn|79
|
|t:|1626106259
|move|p2a: Togekiss|Air Slash|p1a: Reuniclus
|-damage|p1a: Reuniclus|12/100
|move|p1a: Reuniclus|Recover|p1a: Reuniclus
|-heal|p1a: Reuniclus|62/100
|
|upkeep
|turn|80
|
|t:|1626106264
|move|p2a: Togekiss|Air Slash|p1a: Reuniclus
|-crit|p1a: Reuniclus
|-damage|p1a: Reuniclus|8/100
|move|p1a: Reuniclus|Recover|p1a: Reuniclus
|-heal|p1a: Reuniclus|58/100
|
|upkeep
|turn|81
|
|t:|1626106270
|move|p2a: Togekiss|Air Slash|p1a: Reuniclus
|-damage|p1a: Reuniclus|42/100
|cant|p1a: Reuniclus|flinch
|
|upkeep
|turn|82
|
|t:|1626106281
|move|p2a: Togekiss|Air Slash|p1a: Reuniclus
|-damage|p1a: Reuniclus|25/100
|move|p1a: Reuniclus|Recover|p1a: Reuniclus
|-heal|p1a: Reuniclus|75/100
|
|upkeep
|turn|83
|
|t:|1626106292
|move|p2a: Togekiss|Air Slash|p1a: Reuniclus
|-damage|p1a: Reuniclus|59/100
|cant|p1a: Reuniclus|flinch
|
|upkeep
|turn|84
|
|t:|1626106303
|switch|p2a: Doublade|Doublade, M|83/100
|move|p1a: Reuniclus|Recover|p1a: Reuniclus
|-heal|p1a: Reuniclus|100/100
|
|upkeep
|turn|85
|
|t:|1626106308
|move|p1a: Reuniclus|Stored Power|p2a: Doublade
|-resisted|p2a: Doublade
|-damage|p2a: Doublade|15/100
|move|p2a: Doublade|Swords Dance|p2a: Doublade
|-boost|p2a: Doublade|atk|2
|
|upkeep
|turn|86
|
|t:|1626106316
|move|p2a: Doublade|Shadow Sneak|p1a: Reuniclus
|-supereffective|p1a: Reuniclus
|-damage|p1a: Reuniclus|68/100
|move|p1a: Reuniclus|Stored Power|p2a: Doublade
|-resisted|p2a: Doublade
|-damage|p2a: Doublade|0 fnt
|faint|p2a: Doublade
|
|upkeep
|
|t:|1626106325
|switch|p2a: Ninetales|Ninetales-Alola, M|45/100 tox
|-weather|Hail|[from] ability: Snow Warning|[of] p2a: Ninetales
|turn|87
|
|t:|1626106329
|move|p2a: Ninetales|Blizzard|p1a: Reuniclus
|-damage|p1a: Reuniclus|42/100
|move|p1a: Reuniclus|Recover|p1a: Reuniclus
|-heal|p1a: Reuniclus|92/100
|
|-weather|Hail|[upkeep]
|-damage|p2a: Ninetales|40/100 tox|[from] psn
|upkeep
|turn|88
|
|t:|1626106337
|move|p2a: Ninetales|Blizzard|p1a: Reuniclus
|-crit|p1a: Reuniclus
|-damage|p1a: Reuniclus|0 fnt
|faint|p1a: Reuniclus
|
|-weather|Hail|[upkeep]
|-damage|p2a: Ninetales|28/100 tox|[from] psn
|upkeep
|
|t:|1626106345
|switch|p1a: Heracross|Heracross, M|100/100
|turn|89
|
|t:|1626106360
|switch|p2a: Volcanion|Volcanion|65/100 tox
|move|p1a: Heracross|Swords Dance|p1a: Heracross
|-boost|p1a: Heracross|atk|2
|
|-weather|Hail|[upkeep]
|-damage|p1a: Heracross|95/100|[from] Hail
|-damage|p2a: Volcanion|59/100 tox|[from] Hail
|-damage|p2a: Volcanion|53/100 tox|[from] psn
|-status|p1a: Heracross|brn|[from] item: Flame Orb
|upkeep
|turn|90
|
|t:|1626106369
|move|p1a: Heracross|Facade|p2a: Volcanion
|-damage|p2a: Volcanion|0 fnt
|faint|p2a: Volcanion
|
|-weather|Hail|[upkeep]
|-damage|p1a: Heracross|89/100 brn|[from] Hail
|-damage|p1a: Heracross|83/100 brn|[from] brn
|upkeep
|
|t:|1626106373
|switch|p2a: Ninetales|Ninetales-Alola, M|28/100 tox
|turn|91
|
|t:|1626106382
|switch|p1a: Indeedee|Indeedee, M|47/100
|-fieldstart|move: Psychic Terrain|[from] ability: Psychic Surge|[of] p1a: Indeedee
|move|p2a: Ninetales|Moonblast|p1a: Indeedee
|-damage|p1a: Indeedee|0 fnt
|faint|p1a: Indeedee
|
|-weather|none
|-damage|p2a: Ninetales|22/100 tox|[from] psn
|upkeep
|
|t:|1626106388
|switch|p1a: Umbreon|Umbreon, M|94/100
|turn|92
|
|t:|1626106398
|switch|p2a: Togekiss|Togekiss, F|100/100
|switch|p1a: Heracross|Heracross, M|83/100 brn
|
|-damage|p1a: Heracross|77/100 brn|[from] brn
|upkeep
|turn|93
|
|t:|1626106418
|switch|p1a: Umbreon|Umbreon, M|94/100
|move|p2a: Togekiss|Flamethrower|p1a: Umbreon
|-damage|p1a: Umbreon|79/100
|
|-heal|p1a: Umbreon|85/100|[from] item: Leftovers
|upkeep
|turn|94
|l|☆Rult50m ind
|inactive|Rult50m ind disconnected and has a minute to reconnect!
|player|p2|
|inactive|toxrus1 has 120 seconds left.
|
|t:|1626106452
|move|p2a: Togekiss|Roost||[still]
|-fail|p2a: Togekiss|heal
|move|p1a: Umbreon|Foul Play|p2a: Togekiss
|-resisted|p2a: Togekiss
|-damage|p2a: Togekiss|93/100
|
|-heal|p2a: Togekiss|99/100|[from] item: Leftovers
|-heal|p1a: Umbreon|91/100|[from] item: Leftovers
|upkeep
|turn|95
|inactive|toxrus1 has 120 seconds left.
|j|☆Rult50m ind
|inactive|Rult50m ind reconnected and has 120 seconds left.
|player|p2|Rult50m ind|1
|
|t:|1626106485
|move|p2a: Togekiss|Flamethrower|p1a: Umbreon
|-damage|p1a: Umbreon|76/100
|move|p1a: Umbreon|Foul Play|p2a: Togekiss
|-resisted|p2a: Togekiss
|-damage|p2a: Togekiss|91/100
|
|-heal|p2a: Togekiss|98/100|[from] item: Leftovers
|-heal|p1a: Umbreon|82/100|[from] item: Leftovers
|-fieldend|move: Psychic Terrain
|upkeep
|turn|96
|inactive|toxrus1 has 120 seconds left.
|
|t:|1626106502
|move|p2a: Togekiss|Flamethrower|p1a: Umbreon
|-damage|p1a: Umbreon|68/100
|move|p1a: Umbreon|Wish|p1a: Umbreon
|
|-heal|p2a: Togekiss|100/100|[from] item: Leftovers
|-heal|p1a: Umbreon|74/100|[from] item: Leftovers
|upkeep
|turn|97
|inactive|toxrus1 has 120 seconds left.
|l| bae yubin
|j| RULT50C rlo.ldl
|
|t:|1626106522
|switch|p1a: Heracross|Heracross, M|77/100 brn
|move|p2a: Togekiss|Flamethrower|p1a: Heracross
|-supereffective|p1a: Heracross
|-damage|p1a: Heracross|11/100 brn
|
|-heal|p1a: Heracross|76/100 brn|[from] move: Wish|[wisher] Umbreon
|-damage|p1a: Heracross|70/100 brn|[from] brn
|upkeep
|turn|98
|
|t:|1626106534
|switch|p1a: Umbreon|Umbreon, M|74/100
|move|p2a: Togekiss|Flamethrower|p1a: Umbreon
|-damage|p1a: Umbreon|59/100
|
|-heal|p1a: Umbreon|65/100|[from] item: Leftovers
|upkeep
|turn|99
|inactive|Rult50m ind has 90 seconds left.
|
|t:|1626106557
|move|p2a: Togekiss|Trick|p1a: Umbreon
|-activate|p2a: Togekiss|move: Trick|[of] p1a: Umbreon
|-item|p1a: Umbreon|Leftovers|[from] move: Trick
|-item|p2a: Togekiss|Leftovers|[from] move: Trick
|move|p1a: Umbreon|Heal Bell|p1a: Umbreon
|-activate|p1a: Umbreon|move: Heal Bell
|-curestatus|p1: Heracross|brn|[msg]
|
|-heal|p1a: Umbreon|71/100|[from] item: Leftovers
|upkeep
|turn|100
|l|‽toxrus1
|inactive|toxrus1 disconnected and has a minute to reconnect!
|player|p1|
|j|‽toxrus1
|inactive|toxrus1 reconnected and has 85 seconds left.
|player|p1|toxrus1|clerkf
|n|‽toxrus1|toxrus1
|inactive|Rult50m ind has 60 seconds left.
|
|t:|1626106595
|move|p2a: Togekiss|Trick|p1a: Umbreon
|-activate|p2a: Togekiss|move: Trick|[of] p1a: Umbreon
|-item|p1a: Umbreon|Leftovers|[from] move: Trick
|-item|p2a: Togekiss|Leftovers|[from] move: Trick
|move|p1a: Umbreon|Wish|p1a: Umbreon
|
|-heal|p1a: Umbreon|77/100|[from] item: Leftovers
|upkeep
|turn|101
|
|t:|1626106601
|switch|p1a: Heracross|Heracross, M|70/100
|move|p2a: Togekiss|Flamethrower|p1a: Heracross
|-supereffective|p1a: Heracross
|-damage|p1a: Heracross|2/100
|
|-heal|p1a: Heracross|67/100|[from] move: Wish|[wisher] Umbreon
|-status|p1a: Heracross|brn|[from] item: Flame Orb
|upkeep
|turn|102
|
|t:|1626106612
|switch|p1a: Umbreon|Umbreon, M|77/100
|move|p2a: Togekiss|Flamethrower|p1a: Umbreon
|-damage|p1a: Umbreon|60/100
|
|-heal|p1a: Umbreon|66/100|[from] item: Leftovers
|upkeep
|turn|103
|
|t:|1626106634
|move|p1a: Umbreon|Protect|p1a: Umbreon
|-singleturn|p1a: Umbreon|Protect
|move|p2a: Togekiss|Roost||[still]
|-fail|p2a: Togekiss|heal
|
|-heal|p1a: Umbreon|72/100|[from] item: Leftovers
|upkeep
|turn|104
|
|t:|1626106654
|switch|p1a: Heracross|Heracross, M|67/100 brn
|move|p2a: Togekiss|Flamethrower|p1a: Heracross
|-supereffective|p1a: Heracross
|-damage|p1a: Heracross|0 fnt
|faint|p1a: Heracross
|
|upkeep
|j| Tanamar
|
|t:|1626106656
|switch|p1a: Umbreon|Umbreon, M|72/100
|turn|105
|-message|toxrus1 forfeited.
|
|win|Rult50m ind
|raw|toxrus1's rating: 1432 &rarr; <strong>1421</strong><br />(-11 for losing)
|raw|Rult50m ind's rating: 1611 &rarr; <strong>1622</strong><br />(+11 for winning)
