|j|☆Splashinganteater
|j|☆Lewis599
|t:|1636995800
|gametype|singles
|player|p1|Splashinganteater|juggler|1378
|player|p2|Lewis599|policeman-gen4|1220
|teamsize|p1|6
|teamsize|p2|6
|gen|8
|tier|[Gen 8] RU
|rated|
|rule|Sleep Clause Mod: Limit one foe put to sleep
|rule|Species Clause: Limit one of each Pokémon
|rule|OHKO Clause: OHKO moves are banned
|rule|Evasion Moves Clause: Evasion moves are banned
|rule|Endless Battle Clause: Forcing endless battles is banned
|rule|HP Percentage Mod: HP is shown in percentages
|rule|Dynamax Clause: You cannot dynamax
|clearpoke
|poke|p1|Regidrago|
|poke|p1|Darmanitan, M|
|poke|p1|Togekiss, F|
|poke|p1|Steelix, F|
|poke|p1|Starmie|
|poke|p1|Rotom-Mow|
|poke|p2|Cobalion|
|poke|p2|Milotic, F|
|poke|p2|Crobat, M|
|poke|p2|Flygon, F|
|poke|p2|Metagross|
|poke|p2|Tornadus, M|
|teampreview
|
|t:|1636995820
|start
|switch|p1a: Togekiss|Togekiss, F, shiny|100/100
|switch|p2a: Flygon|Flygon, F|100/100
|turn|1
|
|t:|1636995831
|move|p2a: Flygon|Stone Edge|p1a: Togekiss|[miss]
|-miss|p2a: Flygon|p1a: Togekiss
|move|p1a: Togekiss|Flamethrower|p2a: Flygon
|-resisted|p2a: Flygon
|-damage|p2a: Flygon|85/100
|
|upkeep
|turn|2
|
|t:|1636995838
|switch|p1a: Steelix|Steelix, F|100/100
|move|p2a: Flygon|Stone Edge|p1a: Steelix|[miss]
|-miss|p2a: Flygon|p1a: Steelix
|
|upkeep
|turn|3
|
|t:|1636995848
|switch|p2a: Milotic|Milotic, F, shiny|100/100
|move|p1a: Steelix|Toxic|p2a: Milotic
|-status|p2a: Milotic|tox
|
|-damage|p2a: Milotic|94/100 tox|[from] psn
|upkeep
|turn|4
|
|t:|1636995856
|switch|p1a: Rotom|Rotom-Mow|100/100
|move|p2a: Milotic|Scald|p1a: Rotom
|-resisted|p1a: Rotom
|-damage|p1a: Rotom|82/100
|-status|p1a: Rotom|brn
|
|-heal|p2a: Milotic|100/100 tox|[from] item: Leftovers
|-damage|p2a: Milotic|88/100 tox|[from] psn
|-damage|p1a: Rotom|76/100 brn|[from] brn
|upkeep
|turn|5
|
|t:|1636995871
|switch|p2a: Cobalion|Cobalion, shiny|100/100
|move|p1a: Rotom|Leaf Storm|p2a: Cobalion
|-resisted|p2a: Cobalion
|-damage|p2a: Cobalion|58/100
|-unboost|p1a: Rotom|spa|2
|
|-damage|p1a: Rotom|70/100 brn|[from] brn
|upkeep
|turn|6
|
|t:|1636995887
|switch|p1a: Starmie|Starmie|100/100
|move|p2a: Cobalion|Iron Head|p1a: Starmie
|-resisted|p1a: Starmie
|-damage|p1a: Starmie|82/100
|
|upkeep
|turn|7
|
|t:|1636995892
|move|p1a: Starmie|Thunderbolt|p2a: Cobalion
|-damage|p2a: Cobalion|27/100
|move|p2a: Cobalion|Volt Switch|p1a: Starmie
|-supereffective|p1a: Starmie
|-damage|p1a: Starmie|52/100
|
|t:|1636995904
|switch|p2a: Flygon|Flygon, F|85/100|[from]move: Volt Switch
|
|upkeep
|turn|8
|
|t:|1636995909
|switch|p1a: Togekiss|Togekiss, F, shiny|100/100
|move|p2a: Flygon|U-turn|p1a: Togekiss
|-resisted|p1a: Togekiss
|-damage|p1a: Togekiss|96/100
|
|t:|1636995915
|switch|p2a: Metagross|Metagross|100/100|[from]move: U-turn
|
|upkeep
|turn|9
|
|t:|1636995922
|switch|p1a: Starmie|Starmie|52/100
|move|p2a: Metagross|Meteor Mash|p1a: Starmie|[miss]
|-miss|p2a: Metagross|p1a: Starmie
|
|upkeep
|turn|10
|
|t:|1636995928
|move|p1a: Starmie|Recover|p1a: Starmie
|-heal|p1a: Starmie|100/100
|move|p2a: Metagross|Meteor Mash|p1a: Starmie
|-resisted|p1a: Starmie
|-damage|p1a: Starmie|54/100
|
|upkeep
|turn|11
|
|t:|1636995938
|switch|p1a: Darmanitan|Darmanitan, M|100/100
|switch|p2a: Tornadus|Tornadus, M|100/100
|
|upkeep
|turn|12
|
|t:|1636995948
|switch|p1a: Steelix|Steelix, F|100/100
|move|p2a: Tornadus|Knock Off|p1a: Steelix
|-damage|p1a: Steelix|88/100
|-enditem|p1a: Steelix|Leftovers|[from] move: Knock Off|[of] p2a: Tornadus
|
|upkeep
|turn|13
|
|t:|1636995955
|move|p2a: Tornadus|U-turn|p1a: Steelix
|-resisted|p1a: Steelix
|-damage|p1a: Steelix|84/100
|
|t:|1636995962
|switch|p2a: Milotic|Milotic, F, shiny|88/100 tox|[from]move: U-turn
|move|p1a: Steelix|Stealth Rock|p2a: Milotic
|-sidestart|p2: Lewis599|move: Stealth Rock
|
|-heal|p2a: Milotic|94/100 tox|[from] item: Leftovers
|-damage|p2a: Milotic|88/100 tox|[from] psn
|upkeep
|turn|14
|inactive|Battle timer is ON: inactive players will automatically lose when time's up. (requested by Splashinganteater)
|
|t:|1636995986
|switch|p1a: Rotom|Rotom-Mow|70/100 brn
|move|p2a: Milotic|Scald|p1a: Rotom
|-resisted|p1a: Rotom
|-damage|p1a: Rotom|52/100 brn
|
|-heal|p2a: Milotic|94/100 tox|[from] item: Leftovers
|-damage|p2a: Milotic|82/100 tox|[from] psn
|-damage|p1a: Rotom|46/100 brn|[from] brn
|upkeep
|turn|15
|
|t:|1636995996
|switch|p2a: Crobat|Crobat, M, shiny|100/100
|move|p1a: Rotom|Volt Switch|p2a: Crobat
|-supereffective|p2a: Crobat
|-damage|p2a: Crobat|28/100
|
|t:|1636996010
|switch|p1a: Darmanitan|Darmanitan, M|100/100|[from]move: Volt Switch
|
|upkeep
|turn|16
|
|t:|1636996017
|switch|p2a: Milotic|Milotic, F, shiny|82/100 tox
|-damage|p2a: Milotic|70/100 tox|[from] Stealth Rock
|move|p1a: Darmanitan|Flare Blitz|p2a: Milotic
|-resisted|p2a: Milotic
|-damage|p2a: Milotic|49/100 tox
|-damage|p1a: Darmanitan|93/100|[from] Recoil
|
|-heal|p2a: Milotic|56/100 tox|[from] item: Leftovers
|-damage|p2a: Milotic|49/100 tox|[from] psn
|upkeep
|turn|17
|
|t:|1636996029
|move|p1a: Darmanitan|U-turn|p2a: Milotic
|-damage|p2a: Milotic|36/100 tox
|
|t:|1636996047
|switch|p1a: Regidrago|Regidrago, shiny|100/100|[from]move: U-turn
|move|p2a: Milotic|Recover|p2a: Milotic
|-heal|p2a: Milotic|86/100 tox
|
|-heal|p2a: Milotic|92/100 tox|[from] item: Leftovers
|-damage|p2a: Milotic|79/100 tox|[from] psn
|upkeep
|turn|18
|
|t:|1636996057
|move|p1a: Regidrago|Substitute|p1a: Regidrago
|-start|p1a: Regidrago|Substitute
|-damage|p1a: Regidrago|76/100
|move|p2a: Milotic|Toxic||[still]
|-fail|p2a: Milotic
|
|-heal|p1a: Regidrago|82/100|[from] item: Leftovers
|-heal|p2a: Milotic|86/100 tox|[from] item: Leftovers
|-damage|p2a: Milotic|67/100 tox|[from] psn
|upkeep
|turn|19
|
|t:|1636996066
|switch|p2a: Crobat|Crobat, M, shiny|28/100
|move|p1a: Regidrago|Dragon Dance|p1a: Regidrago
|-boost|p1a: Regidrago|atk|1
|-boost|p1a: Regidrago|spe|1
|
|-heal|p1a: Regidrago|88/100|[from] item: Leftovers
|upkeep
|turn|20
|
|t:|1636996075
|move|p2a: Crobat|Roost|p2a: Crobat
|-heal|p2a: Crobat|78/100
|-singleturn|p2a: Crobat|move: Roost
|move|p1a: Regidrago|Dragon Dance|p1a: Regidrago
|-boost|p1a: Regidrago|atk|1
|-boost|p1a: Regidrago|spe|1
|
|-heal|p1a: Regidrago|94/100|[from] item: Leftovers
|upkeep
|turn|21
|
|t:|1636996084
|move|p1a: Regidrago|Dragon Dance|p1a: Regidrago
|-boost|p1a: Regidrago|atk|1
|-boost|p1a: Regidrago|spe|1
|move|p2a: Crobat|Brave Bird|p1a: Regidrago
|-damage|p1a: Regidrago|50/100
|-damage|p2a: Crobat|57/100|[from] Recoil
|
|-heal|p1a: Regidrago|57/100|[from] item: Leftovers
|upkeep
|turn|22
|
|t:|1636996093
|move|p1a: Regidrago|Thunder Fang|p2a: Crobat
|-supereffective|p2a: Crobat
|-damage|p2a: Crobat|0 fnt
|faint|p2a: Crobat
|
|-heal|p1a: Regidrago|63/100|[from] item: Leftovers
|upkeep
|
|t:|1636996101
|switch|p2a: Metagross|Metagross|100/100
|-damage|p2a: Metagross|95/100|[from] Stealth Rock
|turn|23
|
|t:|1636996105
|move|p2a: Metagross|Bullet Punch|p1a: Regidrago
|-end|p1a: Regidrago|Substitute
|move|p1a: Regidrago|Outrage|p2a: Metagross
|-resisted|p2a: Metagross
|-damage|p2a: Metagross|0 fnt
|faint|p2a: Metagross
|
|-heal|p1a: Regidrago|69/100|[from] item: Leftovers
|upkeep
|
|t:|1636996118
|switch|p2a: Tornadus|Tornadus, M|100/100
|turn|24
|
|t:|1636996122
|move|p2a: Tornadus|Tailwind|p2a: Tornadus
|-sidestart|p2: Lewis599|move: Tailwind
|move|p1a: Regidrago|Outrage|p2a: Tornadus|[from]lockedmove
|-damage|p2a: Tornadus|0 fnt
|faint|p2a: Tornadus
|-start|p1a: Regidrago|confusion|[fatigue]
|
|-heal|p1a: Regidrago|75/100|[from] item: Leftovers
|upkeep
|
|t:|1636996131
|switch|p2a: Flygon|Flygon, F|85/100
|-damage|p2a: Flygon|79/100|[from] Stealth Rock
|turn|25
|
|t:|1636996158
|switch|p1a: Togekiss|Togekiss, F, shiny|96/100
|move|p2a: Flygon|Outrage|p1a: Togekiss
|-immune|p1a: Togekiss
|
|upkeep
|turn|26
|
|t:|1636996165
|switch|p2a: Cobalion|Cobalion, shiny|27/100
|-damage|p2a: Cobalion|24/100|[from] Stealth Rock
|move|p1a: Togekiss|Flamethrower|p2a: Cobalion
|-supereffective|p2a: Cobalion
|-damage|p2a: Cobalion|0 fnt
|faint|p2a: Cobalion
|
|upkeep
|
|t:|1636996173
|switch|p2a: Flygon|Flygon, F|79/100
|-damage|p2a: Flygon|73/100|[from] Stealth Rock
|turn|27
|
|t:|1636996181
|switch|p1a: Steelix|Steelix, F|84/100
|move|p2a: Flygon|Earthquake|p1a: Steelix
|-supereffective|p1a: Steelix
|-damage|p1a: Steelix|36/100
|
|-sideend|p2: Lewis599|move: Tailwind
|upkeep
|turn|28
|
|t:|1636996188
|switch|p1a: Togekiss|Togekiss, F, shiny|96/100
|move|p2a: Flygon|Earthquake|p1a: Togekiss
|-immune|p1a: Togekiss
|
|upkeep
|turn|29
|
|t:|1636996194
|switch|p2a: Milotic|Milotic, F, shiny|67/100 tox
|-damage|p2a: Milotic|55/100 tox|[from] Stealth Rock
|move|p1a: Togekiss|Nasty Plot|p1a: Togekiss
|-boost|p1a: Togekiss|spa|2
|
|-heal|p2a: Milotic|61/100 tox|[from] item: Leftovers
|-damage|p2a: Milotic|55/100 tox|[from] psn
|upkeep
|turn|30
|
|t:|1636996202
|move|p1a: Togekiss|Air Slash|p2a: Milotic
|-damage|p2a: Milotic|11/100 tox
|cant|p2a: Milotic|flinch
|
|-heal|p2a: Milotic|17/100 tox|[from] item: Leftovers
|-damage|p2a: Milotic|5/100 tox|[from] psn
|upkeep
|turn|31
|-message|Lewis599 forfeited.
|
|win|Splashinganteater
|raw|Splashinganteater's rating: 1378 &rarr; <strong>1389</strong><br />(+11 for winning)
|raw|Lewis599's rating: 1220 &rarr; <strong>1206</strong><br />(-14 for losing)
|l|☆Lewis599
