|j|☆Splashinganteater
|j|☆jakestemmet
|t:|1624905472
|gametype|singles
|player|p1|Splashinganteater|palmer|1346
|player|p2|jakestemmet|li|1448
|teamsize|p1|6
|teamsize|p2|6
|gen|8
|tier|[Gen 8] RU
|rated|
|rule|Sleep Clause Mod: Limit one foe put to sleep
|rule|Species Clause: Limit one of each Pokémon
|rule|OHKO Clause: OHKO moves are banned
|rule|Evasion Moves Clause: Evasion moves are banned
|rule|Endless Battle Clause: Forcing endless battles is banned
|rule|HP Percentage Mod: HP is shown in percentages
|rule|Dynamax Clause: You cannot dynamax
|clearpoke
|poke|p1|Cresselia, F|
|poke|p1|Diancie|
|poke|p1|Cobalion|
|poke|p1|Gastrodon-East, M|
|poke|p1|Golisopod, M|
|poke|p1|Dhelmise|
|poke|p2|Regidrago|
|poke|p2|Toxtricity, F|
|poke|p2|Zarude|
|poke|p2|Steelix, M|
|poke|p2|Milotic, F|
|poke|p2|Talonflame, F|
|teampreview
|
|t:|1624905488
|start
|switch|p1a: Diancie|Diancie|100/100
|switch|p2a: dat boi|Toxtricity, F|100/100
|turn|1
|
|t:|1624905501
|move|p2a: dat boi|Volt Switch|p1a: Diancie
|-damage|p1a: Diancie|70/100
|
|t:|1624905506
|switch|p2a: moby bich|Milotic, F|100/100|[from]move: Volt Switch
|move|p1a: Diancie|Diamond Storm|p2a: moby bich
|-damage|p2a: moby bich|68/100
|-boost|p1a: Diancie|def|2
|
|-heal|p2a: moby bich|74/100|[from] item: Leftovers
|-heal|p1a: Diancie|76/100|[from] item: Leftovers
|upkeep
|turn|2
|
|t:|1624905512
|switch|p1a: Dhelmise|Dhelmise|100/100
|move|p2a: moby bich|Toxic|p1a: Dhelmise
|-status|p1a: Dhelmise|tox
|
|-heal|p2a: moby bich|80/100|[from] item: Leftovers
|-damage|p1a: Dhelmise|94/100 tox|[from] psn
|upkeep
|turn|3
|
|t:|1624905522
|move|p2a: moby bich|Flip Turn|p1a: Dhelmise
|-resisted|p1a: Dhelmise
|-damage|p1a: Dhelmise|88/100 tox
|
|t:|1624905531
|switch|p2a: jungle diff|Zarude|100/100|[from]move: Flip Turn
|move|p1a: Dhelmise|Poltergeist|p2a: jungle diff
|-activate|p2a: jungle diff|move: Poltergeist|Choice Scarf
|-resisted|p2a: jungle diff
|-damage|p2a: jungle diff|73/100
|
|-damage|p1a: Dhelmise|76/100 tox|[from] psn
|upkeep
|turn|4
|
|t:|1624905542
|switch|p1a: Cobalion|Cobalion|100/100
|move|p2a: jungle diff|Power Whip|p1a: Cobalion
|-resisted|p1a: Cobalion
|-damage|p1a: Cobalion|78/100
|-damage|p2a: jungle diff|56/100|[from] item: Rocky Helmet|[of] p1a: Cobalion
|
|upkeep
|turn|5
|
|t:|1624905550
|switch|p2a: moby bich|Milotic, F|80/100
|move|p1a: Cobalion|Volt Switch|p2a: moby bich
|-supereffective|p2a: moby bich
|-damage|p2a: moby bich|67/100
|
|t:|1624905563
|switch|p1a: Dhelmise|Dhelmise|76/100 tox|[from]move: Volt Switch
|
|-heal|p2a: moby bich|73/100|[from] item: Leftovers
|-damage|p1a: Dhelmise|70/100 tox|[from] psn
|upkeep
|turn|6
|
|t:|1624905568
|move|p2a: moby bich|Flip Turn|p1a: Dhelmise
|-resisted|p1a: Dhelmise
|-damage|p1a: Dhelmise|64/100 tox
|
|t:|1624905574
|switch|p2a: jungle diff|Zarude|56/100|[from]move: Flip Turn
|move|p1a: Dhelmise|Poltergeist|p2a: jungle diff
|-activate|p2a: jungle diff|move: Poltergeist|Choice Scarf
|-resisted|p2a: jungle diff
|-damage|p2a: jungle diff|26/100
|
|-damage|p1a: Dhelmise|52/100 tox|[from] psn
|upkeep
|turn|7
|
|t:|1624905587
|switch|p1a: Cobalion|Cobalion|78/100
|move|p2a: jungle diff|Darkest Lariat|p1a: Cobalion
|-resisted|p1a: Cobalion
|-damage|p1a: Cobalion|60/100
|-damage|p2a: jungle diff|10/100|[from] item: Rocky Helmet|[of] p1a: Cobalion
|-ability|p1a: Cobalion|Justified|boost
|-boost|p1a: Cobalion|atk|1
|
|upkeep
|turn|8
|
|t:|1624905602
|switch|p2a: moby bich|Milotic, F|73/100
|move|p1a: Cobalion|Volt Switch|p2a: moby bich
|-supereffective|p2a: moby bich
|-damage|p2a: moby bich|57/100
|
|t:|1624905605
|switch|p1a: Dhelmise|Dhelmise|52/100 tox|[from]move: Volt Switch
|
|-heal|p2a: moby bich|64/100|[from] item: Leftovers
|-damage|p1a: Dhelmise|46/100 tox|[from] psn
|upkeep
|turn|9
|
|t:|1624905614
|move|p2a: moby bich|Flip Turn|p1a: Dhelmise
|-resisted|p1a: Dhelmise
|-damage|p1a: Dhelmise|39/100 tox
|
|t:|1624905616
|switch|p2a: Frederick|Talonflame, F|100/100|[from]move: Flip Turn
|move|p1a: Dhelmise|Synthesis|p1a: Dhelmise
|-heal|p1a: Dhelmise|88/100 tox
|
|-damage|p1a: Dhelmise|76/100 tox|[from] psn
|upkeep
|turn|10
|
|t:|1624905631
|switch|p1a: Diancie|Diancie|76/100
|move|p2a: Frederick|U-turn|p1a: Diancie
|-resisted|p1a: Diancie
|-damage|p1a: Diancie|71/100
|
|t:|1624905642
|switch|p2a: Bigg Chonque|Steelix, M|100/100|[from]move: U-turn
|
|-heal|p1a: Diancie|77/100|[from] item: Leftovers
|upkeep
|turn|11
|
|t:|1624905655
|switch|p1a: Gastrodon|Gastrodon-East, M|100/100
|move|p2a: Bigg Chonque|Stealth Rock|p1a: Gastrodon
|-sidestart|p1: Splashinganteater|move: Stealth Rock
|
|upkeep
|turn|12
|
|t:|1624905663
|move|p1a: Gastrodon|Earth Power|p2a: Bigg Chonque
|-supereffective|p2a: Bigg Chonque
|-damage|p2a: Bigg Chonque|20/100
|move|p2a: Bigg Chonque|Toxic|p1a: Gastrodon
|-status|p1a: Gastrodon|tox
|
|-heal|p2a: Bigg Chonque|26/100|[from] item: Leftovers
|-damage|p1a: Gastrodon|94/100 tox|[from] psn
|upkeep
|turn|13
|
|t:|1624905673
|switch|p2a: moby bich|Milotic, F|64/100
|move|p1a: Gastrodon|Ice Beam|p2a: moby bich
|-resisted|p2a: moby bich
|-damage|p2a: moby bich|58/100
|
|-heal|p2a: moby bich|65/100|[from] item: Leftovers
|-heal|p1a: Gastrodon|100/100 tox|[from] item: Leftovers
|-damage|p1a: Gastrodon|88/100 tox|[from] psn
|upkeep
|turn|14
|
|t:|1624905684
|switch|p2a: Bigg Chonque|Steelix, M|26/100
|move|p1a: Gastrodon|Toxic|p2a: Bigg Chonque
|-immune|p2a: Bigg Chonque
|
|-heal|p1a: Gastrodon|94/100 tox|[from] item: Leftovers
|-heal|p2a: Bigg Chonque|33/100|[from] item: Leftovers
|-damage|p1a: Gastrodon|76/100 tox|[from] psn
|upkeep
|turn|15
|
|t:|1624905691
|switch|p1a: Golisopod|Golisopod, M|100/100
|switch|p2a: moby bich|Milotic, F|65/100
|
|-heal|p2a: moby bich|71/100|[from] item: Leftovers
|upkeep
|turn|16
|
|t:|1624905697
|move|p2a: moby bich|Recover|p2a: moby bich
|-heal|p2a: moby bich|100/100
|move|p1a: Golisopod|Knock Off|p2a: moby bich
|-damage|p2a: moby bich|62/100
|-enditem|p2a: moby bich|Leftovers|[from] move: Knock Off|[of] p1a: Golisopod
|
|upkeep
|turn|17
|
|t:|1624905706
|move|p2a: moby bich|Toxic|p1a: Golisopod
|-status|p1a: Golisopod|tox
|move|p1a: Golisopod|Spikes|p2a: moby bich
|-sidestart|p2: jakestemmet|Spikes
|
|-damage|p1a: Golisopod|95/100 tox|[from] psn
|upkeep
|turn|18
|
|t:|1624905709
|move|p2a: moby bich|Recover|p2a: moby bich
|-heal|p2a: moby bich|100/100
|move|p1a: Golisopod|Spikes|p2a: moby bich
|-sidestart|p2: jakestemmet|Spikes
|
|-damage|p1a: Golisopod|83/100 tox|[from] psn
|upkeep
|turn|19
|
|t:|1624905718
|move|p2a: moby bich|Scald|p1a: Golisopod
|-resisted|p1a: Golisopod
|-damage|p1a: Golisopod|67/100 tox
|move|p1a: Golisopod|Spikes|p2a: moby bich
|-sidestart|p2: jakestemmet|Spikes
|
|-damage|p1a: Golisopod|49/100 tox|[from] psn
|upkeep
|-activate|p1a: Golisopod|ability: Emergency Exit
|
|t:|1624905721
|switch|p1a: Dhelmise|Dhelmise|76/100 tox
|turn|20
|
|t:|1624905726
|switch|p2a: Frederick|Talonflame, F|100/100
|move|p1a: Dhelmise|Rapid Spin|p2a: Frederick
|-damage|p2a: Frederick|85/100
|-boost|p1a: Dhelmise|spe|1
|-sideend|p1: Splashinganteater|Stealth Rock|[from] move: Rapid Spin|[of] p1a: Dhelmise
|
|-damage|p1a: Dhelmise|70/100 tox|[from] psn
|upkeep
|turn|21
|
|t:|1624905734
|move|p2a: Frederick|Defog|p1a: Dhelmise
|-unboost|p1a: Dhelmise|evasion|1
|-sideend|p2: jakestemmet|Spikes|[from] move: Defog|[of] p2a: Frederick
|move|p1a: Dhelmise|Poltergeist|p2a: Frederick
|-activate|p2a: Frederick|move: Poltergeist|Heavy-Duty Boots
|-damage|p2a: Frederick|31/100
|
|-damage|p1a: Dhelmise|58/100 tox|[from] psn
|upkeep
|turn|22
|
|t:|1624905742
|switch|p1a: Cobalion|Cobalion|60/100
|move|p2a: Frederick|Roost|p2a: Frederick
|-heal|p2a: Frederick|81/100
|-singleturn|p2a: Frederick|move: Roost
|
|upkeep
|turn|23
|
|t:|1624905753
|switch|p2a: Bigg Chonque|Steelix, M|33/100
|move|p1a: Cobalion|Stealth Rock|p2a: Bigg Chonque
|-sidestart|p2: jakestemmet|move: Stealth Rock
|
|-heal|p2a: Bigg Chonque|39/100|[from] item: Leftovers
|upkeep
|turn|24
|
|t:|1624905759
|switch|p2a: Frederick|Talonflame, F|81/100
|move|p1a: Cobalion|Close Combat|p2a: Frederick
|-resisted|p2a: Frederick
|-damage|p2a: Frederick|59/100
|-unboost|p1a: Cobalion|def|1
|-unboost|p1a: Cobalion|spd|1
|
|upkeep
|turn|25
|
|t:|1624905769
|switch|p1a: Diancie|Diancie|77/100
|move|p2a: Frederick|Defog|p1a: Diancie
|-fail|p1a: Diancie|unboost|[from] ability: Clear Body|[of] p1a: Diancie
|-sideend|p2: jakestemmet|Stealth Rock|[from] move: Defog|[of] p2a: Frederick
|
|-heal|p1a: Diancie|83/100|[from] item: Leftovers
|upkeep
|turn|26
|
|t:|1624905796
|move|p2a: Frederick|U-turn|p1a: Diancie
|-resisted|p1a: Diancie
|-damage|p1a: Diancie|78/100
|
|t:|1624905806
|switch|p2a: Bigg Chonque|Steelix, M|39/100|[from]move: U-turn
|move|p1a: Diancie|Toxic|p2a: Bigg Chonque
|-immune|p2a: Bigg Chonque
|
|-heal|p1a: Diancie|84/100|[from] item: Leftovers
|-heal|p2a: Bigg Chonque|45/100|[from] item: Leftovers
|upkeep
|turn|27
|
|t:|1624905822
|move|p1a: Diancie|Diamond Storm|p2a: Bigg Chonque
|-resisted|p2a: Bigg Chonque
|-damage|p2a: Bigg Chonque|42/100
|-boost|p1a: Diancie|def|2
|move|p2a: Bigg Chonque|Earthquake|p1a: Diancie
|-supereffective|p1a: Diancie
|-damage|p1a: Diancie|62/100
|
|-heal|p1a: Diancie|67/100|[from] item: Leftovers
|-heal|p2a: Bigg Chonque|48/100|[from] item: Leftovers
|upkeep
|turn|28
|
|t:|1624905833
|move|p1a: Diancie|Body Press|p2a: Bigg Chonque
|-supereffective|p2a: Bigg Chonque
|-damage|p2a: Bigg Chonque|2/100
|move|p2a: Bigg Chonque|Stealth Rock|p1a: Diancie
|-sidestart|p1: Splashinganteater|move: Stealth Rock
|
|-heal|p1a: Diancie|73/100|[from] item: Leftovers
|-heal|p2a: Bigg Chonque|8/100|[from] item: Leftovers
|upkeep
|turn|29
|
|t:|1624905843
|move|p1a: Diancie|Body Press|p2a: Bigg Chonque
|-supereffective|p2a: Bigg Chonque
|-damage|p2a: Bigg Chonque|0 fnt
|faint|p2a: Bigg Chonque
|
|-heal|p1a: Diancie|79/100|[from] item: Leftovers
|upkeep
|
|t:|1624905863
|switch|p2a: jungle diff|Zarude|10/100
|turn|30
|
|t:|1624905874
|switch|p1a: Cobalion|Cobalion|60/100
|-damage|p1a: Cobalion|57/100|[from] Stealth Rock
|move|p2a: jungle diff|Iron Tail|p1a: Cobalion
|-resisted|p1a: Cobalion
|-damage|p1a: Cobalion|42/100
|-damage|p2a: jungle diff|0 fnt|[from] item: Rocky Helmet|[of] p1a: Cobalion
|faint|p2a: jungle diff
|
|upkeep
|
|t:|1624905886
|switch|p2a: moby bich|Milotic, F|100/100
|turn|31
|
|t:|1624905899
|move|p1a: Cobalion|Volt Switch|p2a: moby bich
|-supereffective|p2a: moby bich
|-damage|p2a: moby bich|85/100
|
|t:|1624905902
|switch|p1a: Gastrodon|Gastrodon-East, M|76/100 tox|[from]move: Volt Switch
|-damage|p1a: Gastrodon|70/100 tox|[from] Stealth Rock
|move|p2a: moby bich|Scald|p1a: Gastrodon
|-ability|p1a: Gastrodon|Storm Drain|boost
|-boost|p1a: Gastrodon|spa|1
|
|-heal|p1a: Gastrodon|76/100 tox|[from] item: Leftovers
|-damage|p1a: Gastrodon|70/100 tox|[from] psn
|upkeep
|turn|32
|
|t:|1624905911
|move|p2a: moby bich|Recover|p2a: moby bich
|-heal|p2a: moby bich|100/100
|move|p1a: Gastrodon|Earth Power|p2a: moby bich
|-damage|p2a: moby bich|78/100
|
|-heal|p1a: Gastrodon|76/100 tox|[from] item: Leftovers
|-damage|p1a: Gastrodon|64/100 tox|[from] psn
|upkeep
|turn|33
|
|t:|1624905914
|switch|p2a: dat boi|Toxtricity, F|100/100
|move|p1a: Gastrodon|Toxic|p2a: dat boi
|-immune|p2a: dat boi
|
|-heal|p1a: Gastrodon|70/100 tox|[from] item: Leftovers
|-damage|p1a: Gastrodon|52/100 tox|[from] psn
|upkeep
|turn|34
|
|t:|1624905918
|switch|p1a: Diancie|Diancie|79/100
|-damage|p1a: Diancie|67/100|[from] Stealth Rock
|move|p2a: dat boi|Boomburst|p1a: Diancie
|-resisted|p1a: Diancie
|-damage|p1a: Diancie|38/100
|
|-heal|p1a: Diancie|44/100|[from] item: Leftovers
|upkeep
|turn|35
|
|t:|1624905924
|move|p2a: dat boi|Boomburst|p1a: Diancie
|-resisted|p1a: Diancie
|-damage|p1a: Diancie|15/100
|move|p1a: Diancie|Diamond Storm|p2a: dat boi
|-damage|p2a: dat boi|47/100
|
|-heal|p1a: Diancie|21/100|[from] item: Leftovers
|upkeep
|turn|36
|
|t:|1624905932
|switch|p1a: Dhelmise|Dhelmise|58/100 tox
|move|p2a: dat boi|Boomburst|p1a: Dhelmise
|-immune|p1a: Dhelmise
|
|-damage|p1a: Dhelmise|52/100 tox|[from] psn
|upkeep
|turn|37
|
|t:|1624905944
|switch|p2a: Frederick|Talonflame, F|59/100
|move|p1a: Dhelmise|Rapid Spin|p2a: Frederick
|-damage|p2a: Frederick|42/100
|-boost|p1a: Dhelmise|spe|1
|-sideend|p1: Splashinganteater|Stealth Rock|[from] move: Rapid Spin|[of] p1a: Dhelmise
|
|-damage|p1a: Dhelmise|39/100 tox|[from] psn
|upkeep
|turn|38
|
|t:|1624905951
|move|p2a: Frederick|Flamethrower|p1a: Dhelmise
|-supereffective|p1a: Dhelmise
|-damage|p1a: Dhelmise|0 fnt
|faint|p1a: Dhelmise
|
|upkeep
|
|t:|1624905954
|switch|p1a: Diancie|Diancie|21/100
|turn|39
|
|t:|1624905963
|switch|p2a: moby bich|Milotic, F|78/100
|move|p1a: Diancie|Heal Bell|p1a: Diancie
|-activate|p1a: Diancie|move: Heal Bell
|-curestatus|p1: Gastrodon|tox|[msg]
|-curestatus|p1: Golisopod|tox|[msg]
|
|-heal|p1a: Diancie|27/100|[from] item: Leftovers
|upkeep
|turn|40
|
|t:|1624905969
|switch|p1a: Cobalion|Cobalion|42/100
|move|p2a: moby bich|Toxic|p1a: Cobalion
|-immune|p1a: Cobalion
|
|upkeep
|turn|41
|
|t:|1624905975
|move|p1a: Cobalion|Volt Switch|p2a: moby bich
|-supereffective|p2a: moby bich
|-damage|p2a: moby bich|64/100
|
|t:|1624905980
|switch|p1a: Gastrodon|Gastrodon-East, M|52/100|[from]move: Volt Switch
|move|p2a: moby bich|Recover|p2a: moby bich
|-heal|p2a: moby bich|100/100
|
|-heal|p1a: Gastrodon|58/100|[from] item: Leftovers
|upkeep
|turn|42
|
|t:|1624905985
|move|p2a: moby bich|Toxic|p1a: Gastrodon|[miss]
|-miss|p2a: moby bich|p1a: Gastrodon
|move|p1a: Gastrodon|Toxic|p2a: moby bich
|-status|p2a: moby bich|tox
|
|-heal|p1a: Gastrodon|64/100|[from] item: Leftovers
|-damage|p2a: moby bich|94/100 tox|[from] psn
|upkeep
|turn|43
|
|t:|1624905989
|switch|p1a: Cobalion|Cobalion|42/100
|move|p2a: moby bich|Toxic|p1a: Cobalion|[miss]
|-miss|p2a: moby bich|p1a: Cobalion
|
|-damage|p2a: moby bich|82/100 tox|[from] psn
|upkeep
|turn|44
|
|t:|1624906004
|move|p1a: Cobalion|Stealth Rock|p2a: moby bich
|-sidestart|p2: jakestemmet|move: Stealth Rock
|move|p2a: moby bich|Scald|p1a: Cobalion
|-damage|p1a: Cobalion|1/100
|-status|p1a: Cobalion|brn
|
|-damage|p2a: moby bich|64/100 tox|[from] psn
|-damage|p1a: Cobalion|0 fnt|[from] brn
|faint|p1a: Cobalion
|upkeep
|
|t:|1624906017
|switch|p1a: Golisopod|Golisopod, M|49/100
|turn|45
|
|t:|1624906023
|move|p2a: moby bich|Flip Turn|p1a: Golisopod
|-resisted|p1a: Golisopod
|-damage|p1a: Golisopod|45/100
|
|t:|1624906028
|switch|p2a: me hungy|Regidrago|100/100|[from]move: Flip Turn
|-damage|p2a: me hungy|88/100|[from] Stealth Rock
|move|p1a: Golisopod|Spikes|p2a: me hungy
|-sidestart|p2: jakestemmet|Spikes
|
|upkeep
|turn|46
|
|t:|1624906035
|switch|p1a: Diancie|Diancie|27/100
|move|p2a: me hungy|Scale Shot|p1a: Diancie
|-immune|p1a: Diancie
|
|-heal|p1a: Diancie|33/100|[from] item: Leftovers
|upkeep
|turn|47
|
|t:|1624906043
|move|p2a: me hungy|Hammer Arm|p1a: Diancie
|-damage|p1a: Diancie|10/100
|-unboost|p2a: me hungy|spe|1
|move|p1a: Diancie|Diamond Storm|p2a: me hungy
|-damage|p2a: me hungy|53/100
|-boost|p1a: Diancie|def|2
|
|-heal|p1a: Diancie|16/100|[from] item: Leftovers
|upkeep
|turn|48
|
|t:|1624906051
|move|p1a: Diancie|Body Press|p2a: me hungy
|-damage|p2a: me hungy|0 fnt
|faint|p2a: me hungy
|
|-heal|p1a: Diancie|22/100|[from] item: Leftovers
|upkeep
|
|t:|1624906062
|switch|p2a: Frederick|Talonflame, F|42/100
|turn|49
|
|t:|1624906067
|move|p2a: Frederick|Defog|p1a: Diancie
|-fail|p1a: Diancie|unboost|[from] ability: Clear Body|[of] p1a: Diancie
|-sideend|p2: jakestemmet|Spikes|[from] move: Defog|[of] p2a: Frederick
|-sideend|p2: jakestemmet|Stealth Rock|[from] move: Defog|[of] p2a: Frederick
|move|p1a: Diancie|Diamond Storm|p2a: Frederick
|-supereffective|p2a: Frederick
|-damage|p2a: Frederick|0 fnt
|faint|p2a: Frederick
|
|-heal|p1a: Diancie|28/100|[from] item: Leftovers
|upkeep
|
|t:|1624906082
|switch|p2a: dat boi|Toxtricity, F|47/100
|turn|50
|
|t:|1624906092
|move|p2a: dat boi|Boomburst|p1a: Diancie
|-resisted|p1a: Diancie
|-damage|p1a: Diancie|0 fnt
|faint|p1a: Diancie
|
|upkeep
|
|t:|1624906099
|switch|p1a: Cresselia|Cresselia, F, shiny|100/100
|turn|51
|
|t:|1624906102
|switch|p2a: moby bich|Milotic, F|64/100 tox
|move|p1a: Cresselia|Calm Mind|p1a: Cresselia
|-boost|p1a: Cresselia|spa|1
|-boost|p1a: Cresselia|spd|1
|
|-damage|p2a: moby bich|58/100 tox|[from] psn
|upkeep
|turn|52
|
|t:|1624906112
|move|p1a: Cresselia|Substitute|p1a: Cresselia
|-start|p1a: Cresselia|Substitute
|-damage|p1a: Cresselia|75/100
|move|p2a: moby bich|Toxic||[still]
|-fail|p2a: moby bich
|
|-heal|p1a: Cresselia|82/100|[from] item: Leftovers
|-damage|p2a: moby bich|45/100 tox|[from] psn
|upkeep
|turn|53
|
|t:|1624906117
|move|p1a: Cresselia|Calm Mind|p1a: Cresselia
|-boost|p1a: Cresselia|spa|1
|-boost|p1a: Cresselia|spd|1
|move|p2a: moby bich|Flip Turn|p1a: Cresselia
|-activate|p1a: Cresselia|move: Substitute|[damage]
|
|t:|1624906119
|switch|p2a: dat boi|Toxtricity, F|47/100|[from]move: Flip Turn
|
|-heal|p1a: Cresselia|88/100|[from] item: Leftovers
|upkeep
|turn|54
|c|☆jakestemmet|gg
|
|t:|1624906126
|move|p1a: Cresselia|Stored Power|p2a: dat boi
|-supereffective|p2a: dat boi
|-damage|p2a: dat boi|0 fnt
|faint|p2a: dat boi
|
|-heal|p1a: Cresselia|94/100|[from] item: Leftovers
|upkeep
|-message|jakestemmet forfeited.
|
|win|Splashinganteater
|raw|Splashinganteater's rating: 1346 &rarr; <strong>1372</strong><br />(+26 for winning)
|raw|jakestemmet's rating: 1448 &rarr; <strong>1422</strong><br />(-26 for losing)
|l|☆jakestemmet
|c|☆Splashinganteater|Gg
||Ladder isn't responding, score probably updated but might not have (Request timeout).
