|j|☆yung centibro
|j|☆Tack is a nerd
|player|p1|yung centibro|1|1152
|player|p2|Tack is a nerd|lass-gen7|1082
|teamsize|p1|6
|teamsize|p2|6
|gametype|singles
|gen|8
|tier|[Gen 8] RU
|rated|
|rule|Sleep Clause Mod: Limit one foe put to sleep
|rule|Species Clause: Limit one of each Pokémon
|rule|OHKO Clause: OHKO moves are banned
|rule|Evasion Moves Clause: Evasion moves are banned
|rule|Endless Battle Clause: Forcing endless battles is banned
|rule|HP Percentage Mod: HP is shown in percentages
|clearpoke
|poke|p1|Toxicroak, F|
|poke|p1|Butterfree, F|
|poke|p1|Froslass, F|
|poke|p1|Sigilyph, F|
|poke|p1|Golurk|
|poke|p1|Silvally-*|
|poke|p2|Sigilyph, M|
|poke|p2|Shiftry, M|
|poke|p2|Vanilluxe, M|
|poke|p2|Barbaracle, M|
|poke|p2|Rhydon, F|
|poke|p2|Goodra, F|
|rule|Dynamax Clause: You cannot dynamax
|teampreview
|inactive|Battle timer is ON: inactive players will automatically lose when time's up. (requested by yung centibro)
|
|start
|switch|p1a: Froslass|Froslass, F|100/100
|switch|p2a: Vanilluxe|Vanilluxe, M|100/100
|-weather|Hail|[from] ability: Snow Warning|[of] p2a: Vanilluxe
|turn|1
|
|move|p1a: Froslass|Taunt|p2a: Vanilluxe
|-start|p2a: Vanilluxe|move: Taunt
|cant|p2a: Vanilluxe|move: Taunt|Aurora Veil
|
|-weather|Hail|[upkeep]
|upkeep
|turn|2
|
|move|p1a: Froslass|Spikes|p2a: Vanilluxe
|-sidestart|p2: Tack is a nerd|Spikes
|move|p2a: Vanilluxe|Blizzard|p1a: Froslass
|-resisted|p1a: Froslass
|-damage|p1a: Froslass|57/100
|
|-weather|Hail|[upkeep]
|upkeep
|turn|3
|
|move|p1a: Froslass|Spikes|p2a: Vanilluxe
|-sidestart|p2: Tack is a nerd|Spikes
|move|p2a: Vanilluxe|Blizzard|p1a: Froslass
|-resisted|p1a: Froslass
|-damage|p1a: Froslass|14/100
|
|-weather|Hail|[upkeep]
|-end|p2a: Vanilluxe|move: Taunt
|upkeep
|turn|4
|
|move|p1a: Froslass|Taunt|p2a: Vanilluxe
|-start|p2a: Vanilluxe|move: Taunt
|move|p2a: Vanilluxe|Blizzard|p1a: Froslass
|-resisted|p1a: Froslass
|-damage|p1a: Froslass|0 fnt
|faint|p1a: Froslass
|
|-weather|Hail|[upkeep]
|upkeep
|
|switch|p1a: Silvally|Silvally-Steel|100/100
|turn|5
|
|switch|p2a: Goodra|Goodra, F|100/100
|-damage|p2a: Goodra|84/100|[from] Spikes
|move|p1a: Silvally|Multi-Attack|p2a: Goodra
|-damage|p2a: Goodra|28/100
|
|-weather|none
|upkeep
|turn|6
|
|move|p1a: Silvally|Multi-Attack|p2a: Goodra
|-damage|p2a: Goodra|0 fnt
|faint|p2a: Goodra
|
|upkeep
|
|switch|p2a: Shiftry|Shiftry, M|100/100
|-damage|p2a: Shiftry|84/100|[from] Spikes
|turn|7
|
|move|p1a: Silvally|U-turn|p2a: Shiftry
|-supereffective|p2a: Shiftry
|-damage|p2a: Shiftry|0 fnt
|faint|p2a: Shiftry
|
|switch|p1a: Sigilyph|Sigilyph, F|100/100|[from]move: U-turn
|
|upkeep
|
|switch|p2a: Vanilluxe|Vanilluxe, M|100/100
|-damage|p2a: Vanilluxe|84/100|[from] Spikes
|-weather|Hail|[from] ability: Snow Warning|[of] p2a: Vanilluxe
|turn|8
|
|move|p1a: Sigilyph|Heat Wave|p2a: Vanilluxe
|-supereffective|p2a: Vanilluxe
|-damage|p2a: Vanilluxe|19/100
|move|p2a: Vanilluxe|Aurora Veil|p2a: Vanilluxe
|-sidestart|p2: Tack is a nerd|move: Aurora Veil
|
|-weather|Hail|[upkeep]
|upkeep
|turn|9
|
|move|p1a: Sigilyph|Psychic|p2a: Vanilluxe
|-crit|p2a: Vanilluxe
|-damage|p2a: Vanilluxe|0 fnt
|faint|p2a: Vanilluxe
|
|-weather|Hail|[upkeep]
|upkeep
|
|switch|p2a: Barbaracle|Barbaracle, M|100/100
|-damage|p2a: Barbaracle|84/100|[from] Spikes
|turn|10
|
|move|p1a: Sigilyph|Energy Ball|p2a: Barbaracle
|-supereffective|p2a: Barbaracle
|-damage|p2a: Barbaracle|8/100
|move|p2a: Barbaracle|Shell Smash|p2a: Barbaracle
|-unboost|p2a: Barbaracle|def|1
|-unboost|p2a: Barbaracle|spd|1
|-boost|p2a: Barbaracle|atk|2
|-boost|p2a: Barbaracle|spa|2
|-boost|p2a: Barbaracle|spe|2
|-enditem|p2a: Barbaracle|White Herb
|-clearnegativeboost|p2a: Barbaracle|[silent]
|
|-weather|Hail|[upkeep]
|-damage|p2a: Barbaracle|2/100|[from] Hail
|upkeep
|turn|11
|
|switch|p1a: Butterfree|Butterfree, F|100/100
|move|p2a: Barbaracle|Rock Blast|p1a: Butterfree
|-supereffective|p1a: Butterfree
|-damage|p1a: Butterfree|0 fnt
|-hitcount|p1a: Butterfree|1
|faint|p1a: Butterfree
|
|-weather|Hail|[upkeep]
|-damage|p2a: Barbaracle|0 fnt|[from] Hail
|faint|p2a: Barbaracle
|upkeep
|
|switch|p1a: Silvally|Silvally-Steel|100/100
|switch|p2a: Sigilyph|Sigilyph, M|100/100
|turn|12
|
|move|p2a: Sigilyph|Heat Wave|p1a: Silvally
|-supereffective|p1a: Silvally
|-damage|p1a: Silvally|23/100
|move|p1a: Silvally|Multi-Attack|p2a: Sigilyph
|-damage|p2a: Sigilyph|65/100
|
|-weather|none
|upkeep
|turn|13
|
|move|p2a: Sigilyph|Heat Wave|p1a: Silvally
|-supereffective|p1a: Silvally
|-damage|p1a: Silvally|0 fnt
|faint|p1a: Silvally
|
|upkeep
|
|switch|p1a: Golurk|Golurk|100/100
|turn|14
|
|move|p2a: Sigilyph|Psychic|p1a: Golurk
|-damage|p1a: Golurk|45/100
|move|p1a: Golurk|Thunder Punch|p2a: Sigilyph
|-supereffective|p2a: Sigilyph
|-damage|p2a: Sigilyph|18/100
|
|upkeep
|turn|15
|
|move|p2a: Sigilyph|Heat Wave|p1a: Golurk
|-damage|p1a: Golurk|4/100
|move|p1a: Golurk|Thunder Punch|p2a: Sigilyph
|-supereffective|p2a: Sigilyph
|-damage|p2a: Sigilyph|0 fnt
|faint|p2a: Sigilyph
|
|-sideend|p2: Tack is a nerd|move: Aurora Veil
|upkeep
|
|switch|p2a: Rhydon|Rhydon, F|100/100
|-damage|p2a: Rhydon|84/100|[from] Spikes
|turn|16
|
|move|p2a: Rhydon|Rock Polish|p2a: Rhydon
|-boost|p2a: Rhydon|spe|2
|move|p1a: Golurk|Earthquake|p2a: Rhydon
|-supereffective|p2a: Rhydon
|-damage|p2a: Rhydon|22/100
|
|upkeep
|turn|17
|
|move|p2a: Rhydon|Earthquake|p1a: Golurk
|-damage|p1a: Golurk|0 fnt
|faint|p1a: Golurk
|
|upkeep
|
|switch|p1a: Sigilyph|Sigilyph, F|100/100
|turn|18
|
|move|p2a: Rhydon|Stone Edge|p1a: Sigilyph
|-supereffective|p1a: Sigilyph
|-crit|p1a: Sigilyph
|-enditem|p1a: Sigilyph|Focus Sash
|-damage|p1a: Sigilyph|1/100
|move|p1a: Sigilyph|Energy Ball|p2a: Rhydon
|-supereffective|p2a: Rhydon
|-damage|p2a: Rhydon|0 fnt
|faint|p2a: Rhydon
|
|win|yung centibro
|c|☆yung centibro|gg
|raw|yung centibro's rating: 1152 &rarr; <strong>1172</strong><br />(+20 for winning)
|raw|Tack is a nerd's rating: 1082 &rarr; <strong>1064</strong><br />(-18 for losing)
|l|☆Tack is a nerd
