|html|<div class="broadcast-blue"><strong>[Gen 8] RU is currently suspecting Thundurus! For information on how to participate check out the <a href="https://www.smogon.com/forums/threads/np-ru-stage-5-electric-feel-thundurus-suspect.3676870/">suspect thread</a>.</strong></div>
|j|☆ultraplayer
|j|☆toxrus2
|t:|1611715548
|player|p1|ultraplayer|volkner|1419
|player|p2|toxrus2|265|1466
|teamsize|p1|6
|teamsize|p2|6
|gametype|singles
|gen|8
|tier|[Gen 8] RU
|rated|
|clearpoke
|poke|p1|Thundurus, M|
|poke|p1|Togekiss, M|
|poke|p1|Zarude|
|poke|p1|Suicune|
|poke|p1|Metagross|
|poke|p1|Zygarde-10%|
|poke|p2|Regidrago|
|poke|p2|Magnezone|
|poke|p2|Flygon, F|
|poke|p2|Golurk|
|poke|p2|Thundurus, M|
|poke|p2|Cloyster, F|
|rule|Sleep Clause Mod: Limit one foe put to sleep
|rule|Species Clause: Limit one of each Pokémon
|rule|OHKO Clause: OHKO moves are banned
|rule|Evasion Moves Clause: Evasion moves are banned
|rule|Endless Battle Clause: Forcing endless battles is banned
|rule|HP Percentage Mod: HP is shown in percentages
|rule|Dynamax Clause: You cannot dynamax
|teampreview
|inactive|Battle timer is ON: inactive players will automatically lose when time's up. (requested by toxrus2)
|
|t:|1611715569
|start
|switch|p1a: Zarude|Zarude|100/100
|switch|p2a: Flygon|Flygon, F|100/100
|turn|1
|
|t:|1611715577
|move|p2a: Flygon|U-turn|p1a: Zarude
|-supereffective|p1a: Zarude
|-damage|p1a: Zarude|29/100
|
|t:|1611715582
|switch|p2a: Magnezone|Magnezone|100/100|[from]move: U-turn
|move|p1a: Zarude|U-turn|p2a: Magnezone
|-resisted|p2a: Magnezone
|-damage|p2a: Magnezone|93/100
|
|t:|1611715590
|switch|p1a: Zygarde|Zygarde-10%|100/100|[from]move: U-turn
|-ability|p1a: Zygarde|Aura Break
|
|-heal|p2a: Magnezone|99/100|[from] item: Leftovers
|upkeep
|turn|2
|
|t:|1611715594
|switch|p2a: Cloyster|Cloyster, F|100/100
|move|p1a: Zygarde|Thousand Arrows|p2a: Cloyster
|-crit|p2a: Cloyster
|-damage|p2a: Cloyster|37/100
|
|upkeep
|turn|3
|
|t:|1611715600
|move|p2a: Cloyster|Ice Shard|p1a: Zygarde
|-supereffective|p1a: Zygarde
|-damage|p1a: Zygarde|0 fnt
|faint|p1a: Zygarde
|
|upkeep
|
|t:|1611715603
|switch|p1a: Metagross|Metagross|100/100
|turn|4
|
|t:|1611715609
|move|p2a: Cloyster|Shell Smash|p2a: Cloyster
|-unboost|p2a: Cloyster|def|1
|-unboost|p2a: Cloyster|spd|1
|-boost|p2a: Cloyster|atk|2
|-boost|p2a: Cloyster|spa|2
|-boost|p2a: Cloyster|spe|2
|move|p1a: Metagross|Stealth Rock|p2a: Cloyster
|-sidestart|p2: toxrus2|move: Stealth Rock
|
|upkeep
|turn|5
|
|t:|1611715612
|move|p1a: Metagross|Bullet Punch|p2a: Cloyster
|-damage|p2a: Cloyster|5/100
|move|p2a: Cloyster|Icicle Spear|p1a: Metagross
|-resisted|p1a: Metagross
|-damage|p1a: Metagross|91/100
|-resisted|p1a: Metagross
|-crit|p1a: Metagross
|-damage|p1a: Metagross|78/100
|-resisted|p1a: Metagross
|-damage|p1a: Metagross|69/100
|-resisted|p1a: Metagross
|-damage|p1a: Metagross|60/100
|-resisted|p1a: Metagross
|-damage|p1a: Metagross|52/100
|-hitcount|p1a: Metagross|5
|
|-heal|p1a: Metagross|58/100|[from] item: Leftovers
|upkeep
|turn|6
|
|t:|1611715615
|move|p2a: Cloyster|Ice Shard|p1a: Metagross
|-resisted|p1a: Metagross
|-damage|p1a: Metagross|44/100
|move|p1a: Metagross|Bullet Punch|p2a: Cloyster
|-damage|p2a: Cloyster|0 fnt
|faint|p2a: Cloyster
|
|-heal|p1a: Metagross|50/100|[from] item: Leftovers
|upkeep
|
|t:|1611715630
|switch|p2a: Thundurus|Thundurus, M|100/100
|turn|7
|
|t:|1611715635
|move|p2a: Thundurus|Defog|p1a: Metagross
|-fail|p1a: Metagross|unboost|[from] ability: Clear Body|[of] p1a: Metagross
|-sideend|p2: toxrus2|Stealth Rock|[from] move: Defog|[of] p2a: Thundurus
|move|p1a: Metagross|Meteor Mash|p2a: Thundurus
|-resisted|p2a: Thundurus
|-damage|p2a: Thundurus|64/100
|-boost|p1a: Metagross|atk|1
|
|-heal|p1a: Metagross|56/100|[from] item: Leftovers
|upkeep
|turn|8
|
|t:|1611715639
|move|p2a: Thundurus|Wild Charge|p1a: Metagross
|-damage|p1a: Metagross|24/100
|-damage|p2a: Thundurus|55/100|[from] Recoil
|move|p1a: Metagross|Meteor Mash|p2a: Thundurus|[miss]
|-miss|p1a: Metagross|p2a: Thundurus
|
|-heal|p1a: Metagross|30/100|[from] item: Leftovers
|upkeep
|turn|9
|
|t:|1611715649
|move|p1a: Metagross|Bullet Punch|p2a: Thundurus
|-resisted|p2a: Thundurus
|-damage|p2a: Thundurus|27/100
|move|p2a: Thundurus|Wild Charge|p1a: Metagross
|-damage|p1a: Metagross|0 fnt
|-damage|p2a: Thundurus|18/100|[from] Recoil
|faint|p1a: Metagross
|
|upkeep
|
|t:|1611715657
|switch|p1a: Thundurus|Thundurus, M|100/100
|turn|10
|
|t:|1611715663
|switch|p2a: Flygon|Flygon, F|100/100
|move|p1a: Thundurus|Focus Blast|p2a: Flygon
|-damage|p2a: Flygon|43/100
|
|upkeep
|turn|11
|
|t:|1611715674
|switch|p1a: Suicune|Suicune|100/100
|-ability|p1a: Suicune|Pressure
|move|p2a: Flygon|Outrage|p1a: Suicune
|-damage|p1a: Suicune|66/100
|
|-heal|p1a: Suicune|72/100|[from] item: Leftovers
|upkeep
|turn|12
|
|t:|1611715678
|move|p1a: Suicune|Protect|p1a: Suicune
|-singleturn|p1a: Suicune|Protect
|move|p2a: Flygon|Outrage|p1a: Suicune|[from]lockedmove
|-activate|p1a: Suicune|move: Protect
|-start|p2a: Flygon|confusion|[fatigue]
|
|-heal|p1a: Suicune|78/100|[from] item: Leftovers
|upkeep
|turn|13
|
|t:|1611715681
|switch|p2a: Magnezone|Magnezone|99/100
|move|p1a: Suicune|Scald|p2a: Magnezone
|-damage|p2a: Magnezone|69/100
|-status|p2a: Magnezone|brn
|
|-heal|p1a: Suicune|85/100|[from] item: Leftovers
|-heal|p2a: Magnezone|75/100 brn|[from] item: Leftovers
|-damage|p2a: Magnezone|69/100 brn|[from] brn
|upkeep
|turn|14
|
|t:|1611715684
|move|p1a: Suicune|Protect|p1a: Suicune
|-singleturn|p1a: Suicune|Protect
|move|p2a: Magnezone|Volt Switch|p1a: Suicune
|-activate|p1a: Suicune|move: Protect
|
|-heal|p1a: Suicune|91/100|[from] item: Leftovers
|-heal|p2a: Magnezone|75/100 brn|[from] item: Leftovers
|-damage|p2a: Magnezone|69/100 brn|[from] brn
|upkeep
|turn|15
|
|t:|1611715690
|switch|p1a: Zarude|Zarude|29/100
|move|p2a: Magnezone|Volt Switch|p1a: Zarude
|-resisted|p1a: Zarude
|-damage|p1a: Zarude|12/100
|
|t:|1611715695
|switch|p2a: Flygon|Flygon, F|43/100|[from]move: Volt Switch
|
|upkeep
|turn|16
|
|t:|1611715700
|move|p2a: Flygon|U-turn|p1a: Zarude
|-supereffective|p1a: Zarude
|-damage|p1a: Zarude|0 fnt
|faint|p1a: Zarude
|
|t:|1611715708
|switch|p2a: Thundurus|Thundurus, M|18/100|[from]move: U-turn
|
|upkeep
|
|t:|1611715712
|switch|p1a: Thundurus|Thundurus, M|100/100
|turn|17
|
|t:|1611715714
|move|p2a: Thundurus|Wild Charge|p1a: Thundurus
|-damage|p1a: Thundurus|33/100
|-damage|p2a: Thundurus|2/100|[from] Recoil
|move|p1a: Thundurus|Thunderbolt|p2a: Thundurus
|-damage|p2a: Thundurus|0 fnt
|faint|p2a: Thundurus
|
|upkeep
|
|t:|1611715726
|switch|p2a: Golurk|Golurk|100/100
|turn|18
|
|t:|1611715735
|switch|p2a: Regidrago|Regidrago|100/100
|move|p1a: Thundurus|Grass Knot|p2a: Regidrago
|-resisted|p2a: Regidrago
|-damage|p2a: Regidrago|79/100
|
|-heal|p2a: Regidrago|85/100|[from] item: Leftovers
|upkeep
|turn|19
|
|t:|1611715743
|switch|p1a: Togekiss|Togekiss, M|100/100
|switch|p2a: Magnezone|Magnezone|69/100 brn
|
|-heal|p2a: Magnezone|75/100 brn|[from] item: Leftovers
|-damage|p2a: Magnezone|69/100 brn|[from] brn
|upkeep
|turn|20
|
|t:|1611715747
|move|p1a: Togekiss|Air Slash|p2a: Magnezone
|-resisted|p2a: Magnezone
|-damage|p2a: Magnezone|61/100 brn
|move|p2a: Magnezone|Volt Switch|p1a: Togekiss
|-supereffective|p1a: Togekiss
|-damage|p1a: Togekiss|56/100
|
|t:|1611715751
|switch|p2a: Golurk|Golurk|100/100|[from]move: Volt Switch
|
|upkeep
|turn|21
|
|t:|1611715757
|switch|p1a: Suicune|Suicune|91/100
|-ability|p1a: Suicune|Pressure
|move|p2a: Golurk|Poltergeist|p1a: Suicune
|-activate|p1a: Suicune|move: Poltergeist|Leftovers
|-damage|p1a: Suicune|33/100
|
|-heal|p1a: Suicune|40/100|[from] item: Leftovers
|upkeep
|turn|22
|
|t:|1611715764
|move|p1a: Suicune|Protect|p1a: Suicune
|-singleturn|p1a: Suicune|Protect
|move|p2a: Golurk|Poltergeist|p1a: Suicune
|-activate|p1a: Suicune|move: Protect
|
|-heal|p1a: Suicune|46/100|[from] item: Leftovers
|upkeep
|turn|23
|
|t:|1611715767
|move|p1a: Suicune|Scald|p2a: Golurk
|-supereffective|p2a: Golurk
|-damage|p2a: Golurk|34/100
|-status|p2a: Golurk|brn
|move|p2a: Golurk|Poltergeist|p1a: Suicune
|-activate|p1a: Suicune|move: Poltergeist|Leftovers
|-damage|p1a: Suicune|12/100
|
|-heal|p1a: Suicune|19/100|[from] item: Leftovers
|-damage|p2a: Golurk|28/100 brn|[from] brn
|upkeep
|turn|24
|
|t:|1611715772
|move|p1a: Suicune|Protect|p1a: Suicune
|-singleturn|p1a: Suicune|Protect
|move|p2a: Golurk|Poltergeist|p1a: Suicune
|-activate|p1a: Suicune|move: Protect
|
|-heal|p1a: Suicune|25/100|[from] item: Leftovers
|-damage|p2a: Golurk|22/100 brn|[from] brn
|upkeep
|turn|25
|
|t:|1611715776
|move|p1a: Suicune|Ice Beam|p2a: Golurk
|-supereffective|p2a: Golurk
|-damage|p2a: Golurk|0 fnt
|faint|p2a: Golurk
|
|-heal|p1a: Suicune|31/100|[from] item: Leftovers
|upkeep
|
|t:|1611715779
|switch|p2a: Magnezone|Magnezone|61/100 brn
|turn|26
|
|t:|1611715783
|move|p1a: Suicune|Protect|p1a: Suicune
|-singleturn|p1a: Suicune|Protect
|move|p2a: Magnezone|Volt Switch|p1a: Suicune
|-activate|p1a: Suicune|move: Protect
|
|-heal|p1a: Suicune|37/100|[from] item: Leftovers
|-heal|p2a: Magnezone|67/100 brn|[from] item: Leftovers
|-damage|p2a: Magnezone|61/100 brn|[from] brn
|upkeep
|turn|27
|
|t:|1611715787
|switch|p1a: Thundurus|Thundurus, M|33/100
|move|p2a: Magnezone|Volt Switch|p1a: Thundurus
|-damage|p1a: Thundurus|0 fnt
|faint|p1a: Thundurus
|
|t:|1611715795
|switch|p2a: Regidrago|Regidrago|85/100|[from]move: Volt Switch
|
|-heal|p2a: Regidrago|91/100|[from] item: Leftovers
|upkeep
|
|t:|1611715798
|switch|p1a: Togekiss|Togekiss, M|56/100
|turn|28
|
|t:|1611715801
|switch|p2a: Magnezone|Magnezone|61/100 brn
|move|p1a: Togekiss|Thunder Wave||[still]
|-fail|p1a: Togekiss
|
|-heal|p2a: Magnezone|67/100 brn|[from] item: Leftovers
|-damage|p2a: Magnezone|61/100 brn|[from] brn
|upkeep
|turn|29
|-message|ultraplayer forfeited.
|
|win|toxrus2
|raw|ultraplayer's rating: 1426 &rarr; <strong>1409</strong><br />(-17 for losing)
|raw|toxrus2's rating: 1466 &rarr; <strong>1484</strong><br />(+18 for winning)
