|j|☆le_patrooon
|j|☆Esquiscent
|t:|1609175139
|player|p1|le_patrooon|lucas|1384
|player|p2|Esquiscent|colress|1078
|teamsize|p1|6
|teamsize|p2|6
|gametype|singles
|gen|8
|tier|[Gen 8] RU
|rated|
|clearpoke
|poke|p1|Reuniclus, F|
|poke|p1|Weezing-Galar, M|
|poke|p1|Zygarde-10%|
|poke|p1|Umbreon, F|
|poke|p1|Volcanion|
|poke|p1|Lucario, F|
|poke|p2|Thundurus, M|
|poke|p2|Seismitoad, F|
|poke|p2|Darmanitan, M|
|poke|p2|Raikou|
|poke|p2|Crobat, F|
|poke|p2|Metagross|
|rule|Sleep Clause Mod: Limit one foe put to sleep
|rule|Species Clause: Limit one of each Pokémon
|rule|OHKO Clause: OHKO moves are banned
|rule|Evasion Moves Clause: Evasion moves are banned
|rule|Endless Battle Clause: Forcing endless battles is banned
|rule|HP Percentage Mod: HP is shown in percentages
|rule|Dynamax Clause: You cannot dynamax
|teampreview
|inactive|Battle timer is ON: inactive players will automatically lose when time's up. (requested by Esquiscent)
|
|t:|1609175154
|start
|switch|p1a: Reuniclus|Reuniclus, F|100/100
|switch|p2a: Seismitoad|Seismitoad, F|100/100
|turn|1
|
|t:|1609175161
|switch|p2a: Metagross|Metagross|100/100
|move|p1a: Reuniclus|Calm Mind|p1a: Reuniclus
|-boost|p1a: Reuniclus|spa|1
|-boost|p1a: Reuniclus|spd|1
|
|upkeep
|turn|2
|
|t:|1609175173
|move|p2a: Metagross|Meteor Mash|p1a: Reuniclus
|-damage|p1a: Reuniclus|51/100
|move|p1a: Reuniclus|Iron Defense|p1a: Reuniclus
|-boost|p1a: Reuniclus|def|2
|
|-heal|p1a: Reuniclus|57/100|[from] item: Leftovers
|upkeep
|turn|3
|
|t:|1609175181
|move|p2a: Metagross|Meteor Mash|p1a: Reuniclus
|-damage|p1a: Reuniclus|31/100
|move|p1a: Reuniclus|Recover|p1a: Reuniclus
|-heal|p1a: Reuniclus|81/100
|
|-heal|p1a: Reuniclus|87/100|[from] item: Leftovers
|upkeep
|turn|4
|
|t:|1609175189
|switch|p2a: Crobat|Crobat, F|100/100
|move|p1a: Reuniclus|Calm Mind|p1a: Reuniclus
|-boost|p1a: Reuniclus|spa|1
|-boost|p1a: Reuniclus|spd|1
|
|-heal|p1a: Reuniclus|93/100|[from] item: Leftovers
|upkeep
|turn|5
|
|t:|1609175196
|move|p2a: Crobat|Taunt|p1a: Reuniclus
|-start|p1a: Reuniclus|move: Taunt
|move|p1a: Reuniclus|Stored Power|p2a: Crobat
|-supereffective|p2a: Crobat
|-damage|p2a: Crobat|0 fnt
|faint|p2a: Crobat
|
|-heal|p1a: Reuniclus|99/100|[from] item: Leftovers
|upkeep
|
|t:|1609175202
|switch|p2a: Darmanitan|Darmanitan, M, shiny|100/100
|turn|6
|
|t:|1609175206
|move|p2a: Darmanitan|U-turn|p1a: Reuniclus
|-supereffective|p1a: Reuniclus
|-damage|p1a: Reuniclus|74/100
|
|t:|1609175209
|switch|p2a: Metagross|Metagross|100/100|[from]move: U-turn
|move|p1a: Reuniclus|Stored Power|p2a: Metagross
|-resisted|p2a: Metagross
|-damage|p2a: Metagross|81/100
|
|-heal|p1a: Reuniclus|80/100|[from] item: Leftovers
|upkeep
|turn|7
|
|t:|1609175217
|move|p2a: Metagross|Meteor Mash|p1a: Reuniclus
|-damage|p1a: Reuniclus|54/100
|-boost|p2a: Metagross|atk|1
|move|p1a: Reuniclus|Stored Power|p2a: Metagross
|-resisted|p2a: Metagross
|-damage|p2a: Metagross|59/100
|
|-heal|p1a: Reuniclus|60/100|[from] item: Leftovers
|-end|p1a: Reuniclus|move: Taunt
|upkeep
|turn|8
|
|t:|1609175226
|move|p2a: Metagross|Ice Punch|p1a: Reuniclus
|-damage|p1a: Reuniclus|39/100
|move|p1a: Reuniclus|Iron Defense|p1a: Reuniclus
|-boost|p1a: Reuniclus|def|2
|
|-heal|p1a: Reuniclus|45/100|[from] item: Leftovers
|upkeep
|turn|9
|
|t:|1609175233
|move|p2a: Metagross|Meteor Mash|p1a: Reuniclus
|-damage|p1a: Reuniclus|21/100
|move|p1a: Reuniclus|Recover|p1a: Reuniclus
|-heal|p1a: Reuniclus|71/100
|
|-heal|p1a: Reuniclus|77/100|[from] item: Leftovers
|upkeep
|turn|10
|
|t:|1609175243
|move|p2a: Metagross|Meteor Mash|p1a: Reuniclus
|-damage|p1a: Reuniclus|50/100
|move|p1a: Reuniclus|Stored Power|p2a: Metagross
|-resisted|p2a: Metagross
|-damage|p2a: Metagross|30/100
|
|-heal|p1a: Reuniclus|56/100|[from] item: Leftovers
|upkeep
|turn|11
|
|t:|1609175250
|move|p2a: Metagross|Meteor Mash|p1a: Reuniclus
|-damage|p1a: Reuniclus|30/100
|move|p1a: Reuniclus|Recover|p1a: Reuniclus
|-heal|p1a: Reuniclus|80/100
|
|-heal|p1a: Reuniclus|86/100|[from] item: Leftovers
|upkeep
|turn|12
|
|t:|1609175259
|move|p2a: Metagross|Meteor Mash|p1a: Reuniclus
|-damage|p1a: Reuniclus|62/100
|-boost|p2a: Metagross|atk|1
|move|p1a: Reuniclus|Calm Mind|p1a: Reuniclus
|-boost|p1a: Reuniclus|spa|1
|-boost|p1a: Reuniclus|spd|1
|
|-heal|p1a: Reuniclus|68/100|[from] item: Leftovers
|upkeep
|turn|13
|
|t:|1609175268
|move|p2a: Metagross|Meteor Mash|p1a: Reuniclus
|-damage|p1a: Reuniclus|31/100
|move|p1a: Reuniclus|Recover|p1a: Reuniclus
|-heal|p1a: Reuniclus|81/100
|
|-heal|p1a: Reuniclus|87/100|[from] item: Leftovers
|upkeep
|turn|14
|
|t:|1609175275
|move|p2a: Metagross|Meteor Mash|p1a: Reuniclus
|-damage|p1a: Reuniclus|53/100
|move|p1a: Reuniclus|Stored Power|p2a: Metagross
|-resisted|p2a: Metagross
|-damage|p2a: Metagross|0 fnt
|faint|p2a: Metagross
|
|-heal|p1a: Reuniclus|59/100|[from] item: Leftovers
|upkeep
|
|t:|1609175280
|switch|p2a: Thundurus|Thundurus, M|100/100
|turn|15
|
|t:|1609175285
|move|p2a: Thundurus|Dark Pulse|p1a: Reuniclus
|-supereffective|p1a: Reuniclus
|-damage|p1a: Reuniclus|41/100
|move|p1a: Reuniclus|Stored Power|p2a: Thundurus
|-damage|p2a: Thundurus|0 fnt
|faint|p2a: Thundurus
|
|-heal|p1a: Reuniclus|48/100|[from] item: Leftovers
|upkeep
|
|t:|1609175289
|switch|p2a: Darmanitan|Darmanitan, M, shiny|100/100
|turn|16
|
|t:|1609175294
|move|p2a: Darmanitan|Flare Blitz|p1a: Reuniclus
|-damage|p1a: Reuniclus|19/100
|-damage|p2a: Darmanitan|91/100|[from] Recoil
|move|p1a: Reuniclus|Stored Power|p2a: Darmanitan
|-damage|p2a: Darmanitan|0 fnt
|faint|p2a: Darmanitan
|
|-heal|p1a: Reuniclus|25/100|[from] item: Leftovers
|upkeep
|
|t:|1609175297
|switch|p2a: Raikou|Raikou|100/100
|-ability|p2a: Raikou|Pressure
|turn|17
|
|t:|1609175306
|move|p2a: Raikou|Thunderbolt|p1a: Reuniclus
|-damage|p1a: Reuniclus|12/100
|move|p1a: Reuniclus|Recover|p1a: Reuniclus
|-heal|p1a: Reuniclus|62/100
|
|-heal|p1a: Reuniclus|68/100|[from] item: Leftovers
|upkeep
|turn|18
|
|t:|1609175313
|move|p2a: Raikou|Scald|p1a: Reuniclus
|-damage|p1a: Reuniclus|61/100
|move|p1a: Reuniclus|Stored Power|p2a: Raikou
|-damage|p2a: Raikou|0 fnt
|faint|p2a: Raikou
|
|-heal|p1a: Reuniclus|67/100|[from] item: Leftovers
|upkeep
|
|t:|1609175315
|switch|p2a: Seismitoad|Seismitoad, F|100/100
|turn|19
|c|☆Esquiscent|gay
|
|t:|1609175322
|move|p2a: Seismitoad|Knock Off|p1a: Reuniclus
|-supereffective|p1a: Reuniclus
|-damage|p1a: Reuniclus|53/100
|-enditem|p1a: Reuniclus|Leftovers|[from] move: Knock Off|[of] p2a: Seismitoad
|move|p1a: Reuniclus|Stored Power|p2a: Seismitoad
|-damage|p2a: Seismitoad|0 fnt
|faint|p2a: Seismitoad
|
|win|le_patrooon
|l|☆Esquiscent
|raw|le_patrooon's rating: 1384 &rarr; <strong>1391</strong><br />(+7 for winning)
|raw|Esquiscent's rating: 1103 &rarr; <strong>1095</strong><br />(-8 for losing)
