|j|☆Tintincpajouer
|j|☆WKDX Rasmu
|t:|1629374030
|gametype|singles
|player|p1|Tintincpajouer|2|1403
|player|p2|WKDX Rasmu|benga|1347
|teamsize|p1|6
|teamsize|p2|6
|gen|8
|tier|[Gen 8] RU
|rated|
|rule|Sleep Clause Mod: Limit one foe put to sleep
|rule|Species Clause: Limit one of each Pokémon
|rule|OHKO Clause: OHKO moves are banned
|rule|Evasion Moves Clause: Evasion moves are banned
|rule|Endless Battle Clause: Forcing endless battles is banned
|rule|HP Percentage Mod: HP is shown in percentages
|rule|Dynamax Clause: You cannot dynamax
|clearpoke
|poke|p1|Froslass, F|
|poke|p1|Cloyster, M|
|poke|p1|Necrozma|
|poke|p1|Mimikyu, M|
|poke|p1|Sharpedo, F|
|poke|p1|Xurkitree|
|poke|p2|Weezing-Galar, F|
|poke|p2|Reuniclus, F|
|poke|p2|Gastrodon-East, M|
|poke|p2|Umbreon, F|
|poke|p2|Barraskewda, M|
|poke|p2|Claydol|
|teampreview
|c|☆Tintincpajouer|hf
|inactive|Battle timer is ON: inactive players will automatically lose when time's up. (requested by Tintincpajouer)
|c|☆WKDX Rasmu|u2
|
|t:|1629374046
|start
|switch|p1a: Froslass|Froslass, F|100/100
|switch|p2a: Capitalismo|Weezing-Galar, F|100/100
|-ability|p2a: Capitalismo|Neutralizing Gas
|turn|1
|
|t:|1629374056
|move|p1a: Froslass|Taunt|p2a: Capitalismo
|-start|p2a: Capitalismo|move: Taunt
|cant|p2a: Capitalismo|move: Taunt|Toxic Spikes
|
|upkeep
|turn|2
|
|t:|1629374075
|-end|p2a: Capitalismo|ability: Neutralizing Gas
|switch|p2a: Pezquito 2.0|Barraskewda, M|100/100
|move|p1a: Froslass|Spikes|p2a: Pezquito 2.0
|-sidestart|p2: WKDX Rasmu|Spikes
|
|upkeep
|turn|3
|
|t:|1629374085
|move|p2a: Pezquito 2.0|Flip Turn|p1a: Froslass
|-damage|p1a: Froslass|56/100
|-start|p2a: Pezquito 2.0|Disable|Flip Turn|[from] ability: Cursed Body|[of] p1a: Froslass
|
|t:|1629374093
|switch|p2a: Capitalismo|Weezing-Galar, F|100/100|[from]move: Flip Turn
|-ability|p2a: Capitalismo|Neutralizing Gas
|-damage|p2a: Capitalismo|88/100|[from] Spikes
|move|p1a: Froslass|Spikes|p2a: Capitalismo
|-sidestart|p2: WKDX Rasmu|Spikes
|
|upkeep
|turn|4
|
|t:|1629374102
|move|p1a: Froslass|Taunt|p2a: Capitalismo
|-start|p2a: Capitalismo|move: Taunt
|move|p2a: Capitalismo|Strange Steam|p1a: Froslass
|-damage|p1a: Froslass|21/100
|-start|p1a: Froslass|confusion
|
|upkeep
|turn|5
|
|t:|1629374109
|-activate|p1a: Froslass|confusion
|-damage|p1a: Froslass|13/100|[from] confusion
|move|p2a: Capitalismo|Strange Steam|p1a: Froslass
|-damage|p1a: Froslass|0 fnt
|faint|p1a: Froslass
|
|upkeep
|
|t:|1629374126
|switch|p1a: Necrozma|Necrozma|100/100
|turn|6
|
|t:|1629374139
|switch|p1a: Sharpedo|Sharpedo, F|100/100
|-end|p2a: Capitalismo|ability: Neutralizing Gas
|switch|p2a: The Real R|Reuniclus, F, shiny|100/100
|-damage|p2a: The Real R|84/100|[from] Spikes
|
|upkeep
|turn|7
|
|t:|1629374148
|move|p1a: Sharpedo|Crunch|p2a: The Real R
|-supereffective|p2a: The Real R
|-damage|p2a: The Real R|0 fnt
|faint|p2a: The Real R
|-damage|p1a: Sharpedo|91/100|[from] item: Life Orb
|
|-ability|p1a: Sharpedo|Speed Boost|boost
|-boost|p1a: Sharpedo|spe|1
|upkeep
|
|t:|1629374156
|switch|p2a: Capitalismo|Weezing-Galar, F|88/100
|-ability|p2a: Capitalismo|Neutralizing Gas
|-damage|p2a: Capitalismo|72/100|[from] Spikes
|turn|8
|
|t:|1629374162
|move|p1a: Sharpedo|Protect|p1a: Sharpedo
|-singleturn|p1a: Sharpedo|Protect
|move|p2a: Capitalismo|Toxic Spikes|p1a: Sharpedo
|-sidestart|p1: Tintincpajouer|move: Toxic Spikes
|
|upkeep
|turn|9
|
|t:|1629374168
|move|p1a: Sharpedo|Liquidation|p2a: Capitalismo
|-damage|p2a: Capitalismo|36/100
|-damage|p1a: Sharpedo|74/100|[from] item: Rocky Helmet|[of] p2a: Capitalismo
|-damage|p1a: Sharpedo|64/100|[from] item: Life Orb
|move|p2a: Capitalismo|Strange Steam|p1a: Sharpedo
|-supereffective|p1a: Sharpedo
|-damage|p1a: Sharpedo|0 fnt
|faint|p1a: Sharpedo
|
|upkeep
|
|t:|1629374179
|switch|p1a: Xurkitree|Xurkitree|100/100
|-status|p1a: Xurkitree|psn
|turn|10
|
|t:|1629374184
|move|p1a: Xurkitree|Thunderbolt|p2a: Capitalismo
|-damage|p2a: Capitalismo|0 fnt
|faint|p2a: Capitalismo
|-end|p2a: Capitalismo|ability: Neutralizing Gas
|-ability|p1a: Xurkitree|Beast Boost|boost
|-boost|p1a: Xurkitree|spa|1
|
|-damage|p1a: Xurkitree|88/100 psn|[from] psn
|upkeep
|
|t:|1629374191
|switch|p2a: spin2winbby|Claydol|100/100
|turn|11
|
|t:|1629374203
|switch|p1a: Mimikyu|Mimikyu, M|100/100
|-status|p1a: Mimikyu|psn
|move|p2a: spin2winbby|Rapid Spin|p1a: Mimikyu
|-immune|p1a: Mimikyu
|
|-damage|p1a: Mimikyu|88/100 psn|[from] psn
|upkeep
|turn|12
|
|t:|1629374211
|move|p1a: Mimikyu|Swords Dance|p1a: Mimikyu
|-boost|p1a: Mimikyu|atk|2
|move|p2a: spin2winbby|Earthquake|p1a: Mimikyu
|-activate|p1a: Mimikyu|ability: Disguise
|-damage|p1a: Mimikyu|88/100 psn
|detailschange|p1a: Mimikyu|Mimikyu-Busted, M
|-damage|p1a: Mimikyu|76/100 psn|[from] pokemon: Mimikyu-Busted
|
|-damage|p1a: Mimikyu|63/100 psn|[from] psn
|upkeep
|turn|13
|
|t:|1629374222
|switch|p2a: Smooth Criminal|Umbreon, F, shiny|100/100
|-damage|p2a: Smooth Criminal|84/100|[from] Spikes
|move|p1a: Mimikyu|Shadow Claw|p2a: Smooth Criminal
|-resisted|p2a: Smooth Criminal
|-damage|p2a: Smooth Criminal|51/100
|-damage|p1a: Mimikyu|53/100 psn|[from] item: Life Orb
|
|-heal|p2a: Smooth Criminal|57/100|[from] item: Leftovers
|-damage|p1a: Mimikyu|41/100 psn|[from] psn
|upkeep
|turn|14
|
|t:|1629374232
|move|p1a: Mimikyu|Drain Punch|p2a: Smooth Criminal
|-supereffective|p2a: Smooth Criminal
|-damage|p2a: Smooth Criminal|0 fnt
|-heal|p1a: Mimikyu|86/100 psn|[from] drain|[of] p2a: Smooth Criminal
|faint|p2a: Smooth Criminal
|-damage|p1a: Mimikyu|76/100 psn|[from] item: Life Orb
|
|-damage|p1a: Mimikyu|63/100 psn|[from] psn
|upkeep
|
|t:|1629374242
|switch|p2a: Pezquito 2.0|Barraskewda, M|100/100
|-damage|p2a: Pezquito 2.0|84/100|[from] Spikes
|turn|15
|
|t:|1629374246
|move|p1a: Mimikyu|Shadow Sneak|p2a: Pezquito 2.0
|-damage|p2a: Pezquito 2.0|0 fnt
|faint|p2a: Pezquito 2.0
|-damage|p1a: Mimikyu|53/100 psn|[from] item: Life Orb
|
|-damage|p1a: Mimikyu|41/100 psn|[from] psn
|upkeep
|
|t:|1629374257
|switch|p2a: Gastrogod|Gastrodon-East, M|100/100
|turn|16
|
|t:|1629374261
|move|p1a: Mimikyu|Shadow Claw|p2a: Gastrogod
|-damage|p2a: Gastrogod|43/100
|-damage|p1a: Mimikyu|31/100 psn|[from] item: Life Orb
|move|p2a: Gastrogod|Earth Power|p1a: Mimikyu
|-damage|p1a: Mimikyu|0 fnt
|faint|p1a: Mimikyu
|
|upkeep
|
|t:|1629374269
|switch|p1a: Xurkitree|Xurkitree|88/100 psn
|turn|17
|
|t:|1629374274
|move|p1a: Xurkitree|Energy Ball|p2a: Gastrogod
|-supereffective|p2a: Gastrogod
|-damage|p2a: Gastrogod|0 fnt
|faint|p2a: Gastrogod
|-ability|p1a: Xurkitree|Beast Boost|boost
|-boost|p1a: Xurkitree|spa|1
|
|-damage|p1a: Xurkitree|76/100 psn|[from] psn
|upkeep
|
|t:|1629374277
|switch|p2a: spin2winbby|Claydol|100/100
|turn|18
|
|t:|1629374283
|move|p1a: Xurkitree|Energy Ball|p2a: spin2winbby
|-supereffective|p2a: spin2winbby
|-damage|p2a: spin2winbby|33/100
|move|p2a: spin2winbby|Rapid Spin|p1a: Xurkitree
|-damage|p1a: Xurkitree|67/100 psn
|-boost|p2a: spin2winbby|spe|1
|-sideend|p2: WKDX Rasmu|Spikes|[from] move: Rapid Spin|[of] p2a: spin2winbby
|
|-heal|p2a: spin2winbby|39/100|[from] item: Leftovers
|-damage|p1a: Xurkitree|55/100 psn|[from] psn
|upkeep
|turn|19
|
|t:|1629374293
|move|p2a: spin2winbby|Earthquake|p1a: Xurkitree
|-supereffective|p1a: Xurkitree
|-enditem|p1a: Xurkitree|Shuca Berry|[eat]
|-enditem|p1a: Xurkitree|Shuca Berry|[weaken]
|-damage|p1a: Xurkitree|27/100 psn
|move|p1a: Xurkitree|Energy Ball|p2a: spin2winbby
|-supereffective|p2a: spin2winbby
|-damage|p2a: spin2winbby|0 fnt
|faint|p2a: spin2winbby
|
|win|Tintincpajouer
|raw|Tintincpajouer's rating: 1403 &rarr; <strong>1420</strong><br />(+17 for winning)
|raw|WKDX Rasmu's rating: 1347 &rarr; <strong>1330</strong><br />(-17 for losing)
|c|☆WKDX Rasmu|gg
|c|☆Tintincpajouer|gg
|l|☆WKDX Rasmu
