|raw|<div class="broadcast-blue"><strong>This battle is required to be public due to a player having a name starting with 'rult70'.</div>
|j|☆RULT70 F BRN
|j|‽sexybucks
|t:|1626610309
|gametype|singles
|player|p1|RULT70 F BRN|blue|1531
|player|p2|sexybucks|beauty-gen4dp|1468
|teamsize|p1|6
|teamsize|p2|6
|gen|8
|tier|[Gen 8] RU
|rated|
|rule|Sleep Clause Mod: Limit one foe put to sleep
|rule|Species Clause: Limit one of each Pokémon
|rule|OHKO Clause: OHKO moves are banned
|rule|Evasion Moves Clause: Evasion moves are banned
|rule|Endless Battle Clause: Forcing endless battles is banned
|rule|HP Percentage Mod: HP is shown in percentages
|rule|Dynamax Clause: You cannot dynamax
|clearpoke
|poke|p1|Cobalion|
|poke|p1|Golisopod, M|
|poke|p1|Incineroar, M|
|poke|p1|Roserade, F|
|poke|p1|Flygon, M|
|poke|p1|Xurkitree|
|poke|p2|Gastrodon, M|
|poke|p2|Ditto|
|poke|p2|Umbreon, M|
|poke|p2|Stakataka|
|poke|p2|Reuniclus, M|
|poke|p2|Togekiss, M|
|teampreview
|j| rult70nat
|j| here for farming
|inactive|Battle timer is ON: inactive players will automatically lose when time's up. (requested by sexybucks)
|
|t:|1626610326
|start
|switch|p1a: Cobalion|Cobalion|100/100
|switch|p2a: Gastrodon|Gastrodon, M|100/100
|turn|1
|
|t:|1626610330
|switch|p1a: Roserade|Roserade, F|100/100
|move|p2a: Gastrodon|Earthquake|p1a: Roserade
|-damage|p1a: Roserade|43/100
|
|-heal|p1a: Roserade|49/100|[from] item: Black Sludge
|upkeep
|turn|2
|
|t:|1626610337
|switch|p2a: Reuniclus|Reuniclus, M, shiny|100/100
|move|p1a: Roserade|Giga Drain|p2a: Reuniclus
|-damage|p2a: Reuniclus|83/100
|-heal|p1a: Roserade|64/100|[from] drain|[of] p2a: Reuniclus
|
|-heal|p1a: Roserade|70/100|[from] item: Black Sludge
|upkeep
|turn|3
|
|t:|1626610341
|switch|p2a: Gastrodon|Gastrodon, M|100/100
|move|p1a: Roserade|Sleep Powder|p2a: Gastrodon
|-status|p2a: Gastrodon|slp|[from] move: Sleep Powder
|
|-heal|p1a: Roserade|76/100|[from] item: Black Sludge
|upkeep
|turn|4
|l| here for farming
|
|t:|1626610348
|switch|p2a: Reuniclus|Reuniclus, M, shiny|100/100
|move|p1a: Roserade|Spikes|p2a: Reuniclus
|-sidestart|p2: sexybucks|Spikes
|
|-heal|p1a: Roserade|82/100|[from] item: Black Sludge
|upkeep
|turn|5
|
|t:|1626610352
|switch|p1a: Golisopod|Golisopod, M|100/100
|move|p2a: Reuniclus|Focus Blast|p1a: Golisopod
|-resisted|p1a: Golisopod
|-crit|p1a: Golisopod
|-damage|p1a: Golisopod|65/100
|
|upkeep
|turn|6
|
|t:|1626610359
|switch|p2a: Togekiss|Togekiss, M|100/100
|move|p1a: Golisopod|Knock Off|p2a: Togekiss
|-resisted|p2a: Togekiss
|-damage|p2a: Togekiss|87/100
|-enditem|p2a: Togekiss|Heavy-Duty Boots|[from] move: Knock Off|[of] p1a: Golisopod
|
|upkeep
|turn|7
|
|t:|1626610361
|switch|p1a: Xurkitree|Xurkitree|100/100
|move|p2a: Togekiss|Defog|p1a: Xurkitree
|-unboost|p1a: Xurkitree|evasion|1
|-sideend|p2: sexybucks|Spikes|[from] move: Defog|[of] p2a: Togekiss
|
|upkeep
|turn|8
|
|t:|1626610365
|switch|p2a: Gastrodon|Gastrodon, M|100/100 slp
|move|p1a: Xurkitree|Volt Switch|p2a: Gastrodon
|-immune|p2a: Gastrodon
|
|upkeep
|turn|9
|
|t:|1626610368
|switch|p2a: Reuniclus|Reuniclus, M, shiny|100/100
|move|p1a: Xurkitree|Volt Switch|p2a: Reuniclus
|-damage|p2a: Reuniclus|80/100
|
|t:|1626610371
|switch|p1a: Incineroar|Incineroar, M|100/100|[from]move: Volt Switch
|-ability|p1a: Incineroar|Intimidate|boost
|-unboost|p2a: Reuniclus|atk|1
|
|upkeep
|turn|10
|
|t:|1626610380
|switch|p2a: Ditto|Ditto|100/100
|-transform|p2a: Ditto|p1a: Incineroar|[from] ability: Imposter
|-ability|p2a: Ditto|Intimidate|boost
|-unboost|p1a: Incineroar|atk|1
|move|p1a: Incineroar|Swords Dance|p1a: Incineroar
|-boost|p1a: Incineroar|atk|2
|
|upkeep
|turn|11
|
|t:|1626610387
|switch|p2a: Togekiss|Togekiss, M|87/100
|move|p1a: Incineroar|Knock Off|p2a: Togekiss
|-resisted|p2a: Togekiss
|-damage|p2a: Togekiss|74/100
|
|upkeep
|turn|12
|
|t:|1626610392
|switch|p1a: Xurkitree|Xurkitree|100/100
|move|p2a: Togekiss|Thunder Wave|p1a: Xurkitree
|-immune|p1a: Xurkitree
|
|upkeep
|turn|13
|
|t:|1626610397
|switch|p2a: Reuniclus|Reuniclus, M, shiny|100/100
|move|p1a: Xurkitree|Volt Switch|p2a: Reuniclus
|-damage|p2a: Reuniclus|79/100
|
|t:|1626610403
|switch|p1a: Incineroar|Incineroar, M|100/100|[from]move: Volt Switch
|-ability|p1a: Incineroar|Intimidate|boost
|-unboost|p2a: Reuniclus|atk|1
|
|upkeep
|turn|14
|
|t:|1626610406
|switch|p2a: Togekiss|Togekiss, M|74/100
|move|p1a: Incineroar|U-turn|p2a: Togekiss
|-resisted|p2a: Togekiss
|-damage|p2a: Togekiss|70/100
|j| Krishna♫ 07
|
|t:|1626610409
|switch|p1a: Xurkitree|Xurkitree|100/100|[from]move: U-turn
|
|upkeep
|turn|15
|
|t:|1626610412
|switch|p2a: Reuniclus|Reuniclus, M, shiny|100/100
|move|p1a: Xurkitree|Volt Switch|p2a: Reuniclus
|-damage|p2a: Reuniclus|80/100
|
|t:|1626610416
|switch|p1a: Incineroar|Incineroar, M|100/100|[from]move: Volt Switch
|-ability|p1a: Incineroar|Intimidate|boost
|-unboost|p2a: Reuniclus|atk|1
|
|upkeep
|turn|16
|
|t:|1626610419
|switch|p2a: Togekiss|Togekiss, M|70/100
|move|p1a: Incineroar|U-turn|p2a: Togekiss
|-resisted|p2a: Togekiss
|-damage|p2a: Togekiss|67/100
|
|t:|1626610421
|switch|p1a: Xurkitree|Xurkitree|100/100|[from]move: U-turn
|
|upkeep
|turn|17
|
|t:|1626610424
|switch|p2a: Reuniclus|Reuniclus, M, shiny|100/100
|move|p1a: Xurkitree|Volt Switch|p2a: Reuniclus
|-damage|p2a: Reuniclus|80/100
|
|t:|1626610427
|switch|p1a: Incineroar|Incineroar, M|100/100|[from]move: Volt Switch
|-ability|p1a: Incineroar|Intimidate|boost
|-unboost|p2a: Reuniclus|atk|1
|
|upkeep
|turn|18
|
|t:|1626610430
|switch|p2a: Togekiss|Togekiss, M|67/100
|move|p1a: Incineroar|U-turn|p2a: Togekiss
|-resisted|p2a: Togekiss
|-damage|p2a: Togekiss|64/100
|
|t:|1626610433
|switch|p1a: Xurkitree|Xurkitree|100/100|[from]move: U-turn
|
|upkeep
|turn|19
|
|t:|1626610436
|switch|p2a: Reuniclus|Reuniclus, M, shiny|100/100
|move|p1a: Xurkitree|Volt Switch|p2a: Reuniclus
|-damage|p2a: Reuniclus|80/100
|
|t:|1626610439
|switch|p1a: Incineroar|Incineroar, M|100/100|[from]move: Volt Switch
|-ability|p1a: Incineroar|Intimidate|boost
|-unboost|p2a: Reuniclus|atk|1
|
|upkeep
|turn|20
|
|t:|1626610441
|switch|p2a: Stakataka|Stakataka|100/100
|move|p1a: Incineroar|U-turn|p2a: Stakataka
|-resisted|p2a: Stakataka
|-damage|p2a: Stakataka|95/100
|
|t:|1626610443
|switch|p1a: Cobalion|Cobalion|100/100|[from]move: U-turn
|
|-heal|p2a: Stakataka|100/100|[from] item: Leftovers
|upkeep
|turn|21
|
|t:|1626610449
|switch|p2a: Reuniclus|Reuniclus, M, shiny|100/100
|move|p1a: Cobalion|Close Combat|p2a: Reuniclus
|-resisted|p2a: Reuniclus
|-damage|p2a: Reuniclus|77/100
|-unboost|p1a: Cobalion|def|1
|-unboost|p1a: Cobalion|spd|1
|
|upkeep
|turn|22
|
|t:|1626610455
|switch|p1a: Flygon|Flygon, M|100/100
|move|p2a: Reuniclus|Psyshock|p1a: Flygon
|-damage|p1a: Flygon|53/100
|
|upkeep
|turn|23
|
|t:|1626610461
|move|p1a: Flygon|U-turn|p2a: Reuniclus
|-supereffective|p2a: Reuniclus
|-damage|p2a: Reuniclus|30/100
|
|t:|1626610465
|switch|p1a: Incineroar|Incineroar, M|100/100|[from]move: U-turn
|-ability|p1a: Incineroar|Intimidate|boost
|-unboost|p2a: Reuniclus|atk|1
|move|p2a: Reuniclus|Future Sight|p1a: Incineroar
|-start|p2a: Reuniclus|move: Future Sight
|
|upkeep
|turn|24
|
|t:|1626610468
|switch|p2a: Stakataka|Stakataka|100/100
|move|p1a: Incineroar|U-turn|p2a: Stakataka
|-resisted|p2a: Stakataka
|-damage|p2a: Stakataka|95/100
|
|t:|1626610485
|switch|p1a: Cobalion|Cobalion|100/100|[from]move: U-turn
|
|-heal|p2a: Stakataka|100/100|[from] item: Leftovers
|upkeep
|turn|25
|
|t:|1626610492
|switch|p1a: Incineroar|Incineroar, M|100/100
|-ability|p1a: Incineroar|Intimidate|boost
|-unboost|p2a: Stakataka|atk|1
|move|p2a: Stakataka|Body Press|p1a: Incineroar
|-supereffective|p1a: Incineroar
|-damage|p1a: Incineroar|29/100
|
|-end|p1a: Incineroar|move: Future Sight
|-immune|p1a: Incineroar
|upkeep
|turn|26
|
|t:|1626610504
|move|p1a: Incineroar|U-turn|p2a: Stakataka
|-resisted|p2a: Stakataka
|-damage|p2a: Stakataka|96/100
|
|t:|1626610508
|switch|p1a: Golisopod|Golisopod, M|65/100|[from]move: U-turn
|move|p2a: Stakataka|Stealth Rock|p1a: Golisopod
|-sidestart|p1: RULT70 F BRN|move: Stealth Rock
|
|-heal|p2a: Stakataka|100/100|[from] item: Leftovers
|upkeep
|turn|27
|
|t:|1626610515
|switch|p2a: Togekiss|Togekiss, M|64/100
|move|p1a: Golisopod|Liquidation|p2a: Togekiss
|-damage|p2a: Togekiss|32/100
|
|upkeep
|turn|28
|
|t:|1626610520
|switch|p1a: Roserade|Roserade, F|82/100
|-damage|p1a: Roserade|70/100|[from] Stealth Rock
|move|p2a: Togekiss|Roost|p2a: Togekiss
|-heal|p2a: Togekiss|83/100
|-singleturn|p2a: Togekiss|move: Roost
|
|-heal|p1a: Roserade|76/100|[from] item: Black Sludge
|upkeep
|turn|29
|
|t:|1626610526
|switch|p2a: Stakataka|Stakataka|100/100
|move|p1a: Roserade|Spikes|p2a: Stakataka
|-sidestart|p2: sexybucks|Spikes
|
|-heal|p1a: Roserade|82/100|[from] item: Black Sludge
|upkeep
|turn|30
|
|t:|1626610535
|switch|p1a: Golisopod|Golisopod, M|65/100
|move|p2a: Stakataka|Body Press|p1a: Golisopod
|-resisted|p1a: Golisopod
|-damage|p1a: Golisopod|52/100
|
|upkeep
|turn|31
|
|t:|1626610541
|switch|p1a: Cobalion|Cobalion|100/100
|-damage|p1a: Cobalion|97/100|[from] Stealth Rock
|switch|p2a: Togekiss|Togekiss, M|83/100
|
|upkeep
|turn|32
|
|t:|1626610545
|move|p1a: Cobalion|Stealth Rock|p2a: Togekiss
|-sidestart|p2: sexybucks|move: Stealth Rock
|move|p2a: Togekiss|Thunder Wave|p1a: Cobalion
|-status|p1a: Cobalion|par
|
|upkeep
|turn|33
|
|t:|1626610550
|move|p2a: Togekiss|Defog|p1a: Cobalion
|-unboost|p1a: Cobalion|evasion|1
|-sideend|p1: RULT70 F BRN|Stealth Rock|[from] move: Defog|[of] p2a: Togekiss
|-sideend|p2: sexybucks|Spikes|[from] move: Defog|[of] p2a: Togekiss
|-sideend|p2: sexybucks|Stealth Rock|[from] move: Defog|[of] p2a: Togekiss
|move|p1a: Cobalion|Thunder Wave|p2a: Togekiss
|-status|p2a: Togekiss|par
|
|upkeep
|turn|34
|
|t:|1626610557
|switch|p2a: Reuniclus|Reuniclus, M, shiny|64/100
|cant|p1a: Cobalion|par
|
|upkeep
|turn|35
|
|t:|1626610561
|move|p1a: Cobalion|Stealth Rock|p2a: Reuniclus
|-sidestart|p2: sexybucks|move: Stealth Rock
|move|p2a: Reuniclus|Future Sight|p1a: Cobalion
|-start|p2a: Reuniclus|move: Future Sight
|
|upkeep
|turn|36
|
|t:|1626610572
|switch|p1a: Golisopod|Golisopod, M|52/100
|move|p2a: Reuniclus|Psyshock|p1a: Golisopod
|-damage|p1a: Golisopod|22/100
|-activate|p1a: Golisopod|ability: Emergency Exit
|
|t:|1626610574
|switch|p1a: Incineroar|Incineroar, M|29/100
|-ability|p1a: Incineroar|Intimidate|boost
|-unboost|p2a: Reuniclus|atk|1
|
|upkeep
|turn|37
|
|t:|1626610589
|switch|p2a: Ditto|Ditto|100/100
|-damage|p2a: Ditto|88/100|[from] Stealth Rock
|-transform|p2a: Ditto|p1a: Incineroar|[from] ability: Imposter
|-ability|p2a: Ditto|Intimidate|boost
|-unboost|p1a: Incineroar|atk|1
|move|p1a: Incineroar|Knock Off|p2a: Ditto
|-resisted|p2a: Ditto
|-damage|p2a: Ditto|78/100
|
|-end|p1a: Incineroar|move: Future Sight
|-immune|p1a: Incineroar
|upkeep
|turn|38
|
|t:|1626610597
|move|p1a: Incineroar|U-turn|p2a: Ditto
|-damage|p2a: Ditto|63/100
|
|t:|1626610610
|switch|p1a: Flygon|Flygon, M|53/100|[from]move: U-turn
|move|p2a: Ditto|U-turn|p1a: Flygon
|-damage|p1a: Flygon|28/100
|
|t:|1626610616
|switch|p2a: Togekiss|Togekiss, M|83/100 par|[from]move: U-turn
|-damage|p2a: Togekiss|58/100 par|[from] Stealth Rock
|
|upkeep
|turn|39
|
|t:|1626610620
|move|p1a: Flygon|U-turn|p2a: Togekiss
|-resisted|p2a: Togekiss
|-damage|p2a: Togekiss|54/100 par
|
|t:|1626610623
|switch|p1a: Xurkitree|Xurkitree|100/100|[from]move: U-turn
|move|p2a: Togekiss|Defog|p1a: Xurkitree
|-unboost|p1a: Xurkitree|evasion|1
|-sideend|p2: sexybucks|Stealth Rock|[from] move: Defog|[of] p2a: Togekiss
|
|upkeep
|turn|40
|
|t:|1626610627
|switch|p2a: Reuniclus|Reuniclus, M, shiny|97/100
|move|p1a: Xurkitree|Volt Switch|p2a: Reuniclus
|-damage|p2a: Reuniclus|74/100
|
|t:|1626610631
|switch|p1a: Incineroar|Incineroar, M|29/100|[from]move: Volt Switch
|-ability|p1a: Incineroar|Intimidate|boost
|-unboost|p2a: Reuniclus|atk|1
|
|upkeep
|turn|41
|
|t:|1626610635
|switch|p2a: Stakataka|Stakataka|100/100
|move|p1a: Incineroar|U-turn|p2a: Stakataka
|-resisted|p2a: Stakataka
|-damage|p2a: Stakataka|96/100
|
|t:|1626610638
|switch|p1a: Cobalion|Cobalion|97/100 par|[from]move: U-turn
|
|-heal|p2a: Stakataka|100/100|[from] item: Leftovers
|upkeep
|turn|42
|
|t:|1626610643
|switch|p2a: Togekiss|Togekiss, M|54/100 par
|move|p1a: Cobalion|Stealth Rock|p2a: Togekiss
|-sidestart|p2: sexybucks|move: Stealth Rock
|
|upkeep
|turn|43
|
|t:|1626610648
|switch|p2a: Reuniclus|Reuniclus, M, shiny|100/100
|-damage|p2a: Reuniclus|88/100|[from] Stealth Rock
|move|p1a: Cobalion|Iron Head|p2a: Reuniclus
|-damage|p2a: Reuniclus|55/100
|
|upkeep
|turn|44
|
|t:|1626610651
|move|p1a: Cobalion|Iron Head|p2a: Reuniclus
|-damage|p2a: Reuniclus|20/100
|move|p2a: Reuniclus|Focus Blast|p1a: Cobalion
|-supereffective|p1a: Cobalion
|-enditem|p1a: Cobalion|Chople Berry|[eat]
|-enditem|p1a: Cobalion|Chople Berry|[weaken]
|-damage|p1a: Cobalion|43/100 par
|
|upkeep
|turn|45
|
|t:|1626610659
|switch|p1a: Roserade|Roserade, F|82/100
|switch|p2a: Gastrodon|Gastrodon, M|100/100 slp
|-damage|p2a: Gastrodon|94/100 slp|[from] Stealth Rock
|
|-heal|p1a: Roserade|88/100|[from] item: Black Sludge
|-heal|p2a: Gastrodon|100/100 slp|[from] item: Leftovers
|upkeep
|turn|46
|
|t:|1626610671
|switch|p2a: Stakataka|Stakataka|100/100
|-damage|p2a: Stakataka|94/100|[from] Stealth Rock
|move|p1a: Roserade|Spikes|p2a: Stakataka
|-sidestart|p2: sexybucks|Spikes
|
|-heal|p1a: Roserade|94/100|[from] item: Black Sludge
|-heal|p2a: Stakataka|100/100|[from] item: Leftovers
|upkeep
|turn|47
|l| Krishna♫ 07
|inactive|RULT70 F BRN has 120 seconds left.
|
|t:|1626610711
|switch|p1a: Golisopod|Golisopod, M|22/100
|move|p2a: Stakataka|Stealth Rock|p1a: Golisopod
|-sidestart|p1: RULT70 F BRN|move: Stealth Rock
|
|upkeep
|turn|48
|inactive|RULT70 F BRN has 120 seconds left.
|
|t:|1626610731
|switch|p2a: Gastrodon|Gastrodon, M|100/100 slp
|-damage|p2a: Gastrodon|88/100 slp|[from] Spikes
|-damage|p2a: Gastrodon|82/100 slp|[from] Stealth Rock
|move|p1a: Golisopod|First Impression|p2a: Gastrodon
|-damage|p2a: Gastrodon|43/100 slp
|
|-heal|p2a: Gastrodon|49/100 slp|[from] item: Leftovers
|upkeep
|turn|49
|
|t:|1626610744
|move|p1a: Golisopod|Knock Off|p2a: Gastrodon
|-damage|p2a: Gastrodon|24/100 slp
|-enditem|p2a: Gastrodon|Leftovers|[from] move: Knock Off|[of] p1a: Golisopod
|cant|p2a: Gastrodon|slp
|
|upkeep
|turn|50
|
|t:|1626610756
|switch|p1a: Roserade|Roserade, F|94/100
|-damage|p1a: Roserade|82/100|[from] Stealth Rock
|cant|p2a: Gastrodon|slp
|
|-heal|p1a: Roserade|88/100|[from] item: Black Sludge
|upkeep
|turn|51
|
|t:|1626610762
|switch|p2a: Stakataka|Stakataka|100/100
|-damage|p2a: Stakataka|94/100|[from] Stealth Rock
|-damage|p2a: Stakataka|82/100|[from] Spikes
|move|p1a: Roserade|Giga Drain|p2a: Stakataka
|-damage|p2a: Stakataka|52/100
|-heal|p1a: Roserade|100/100|[from] drain|[of] p2a: Stakataka
|
|-heal|p2a: Stakataka|58/100|[from] item: Leftovers
|upkeep
|turn|52
|
|t:|1626610768
|switch|p1a: Cobalion|Cobalion|43/100 par
|-damage|p1a: Cobalion|40/100 par|[from] Stealth Rock
|move|p2a: Stakataka|Gyro Ball|p1a: Cobalion
|-resisted|p1a: Cobalion
|-damage|p1a: Cobalion|10/100 par
|
|-heal|p2a: Stakataka|65/100|[from] item: Leftovers
|upkeep
|turn|53
|inactive|sexybucks has 120 seconds left.
|inactive|sexybucks has 90 seconds left.
|
|t:|1626610832
|cant|p1a: Cobalion|par
|move|p2a: Stakataka|Gyro Ball|p1a: Cobalion
|-resisted|p1a: Cobalion
|-damage|p1a: Cobalion|0 fnt
|faint|p1a: Cobalion
|-ability|p2a: Stakataka|Beast Boost|boost
|-boost|p2a: Stakataka|def|1
|
|-heal|p2a: Stakataka|71/100|[from] item: Leftovers
|upkeep
|c|☆RULT70 F BRN|bro
|c|☆RULT70 F BRN|come on
|
|t:|1626610845
|switch|p1a: Xurkitree|Xurkitree|100/100
|turn|54
|
|t:|1626610855
|move|p1a: Xurkitree|Volt Switch|p2a: Stakataka
|-damage|p2a: Stakataka|39/100
|
|t:|1626610860
|switch|p1a: Golisopod|Golisopod, M|22/100|[from]move: Volt Switch
|move|p2a: Stakataka|Body Press|p1a: Golisopod
|-resisted|p1a: Golisopod
|-damage|p1a: Golisopod|1/100
|
|-heal|p2a: Stakataka|45/100|[from] item: Leftovers
|upkeep
|turn|55
|
|t:|1626610869
|move|p1a: Golisopod|Knock Off|p2a: Stakataka
|-crit|p2a: Stakataka
|-damage|p2a: Stakataka|15/100
|-enditem|p2a: Stakataka|Leftovers|[from] move: Knock Off|[of] p1a: Golisopod
|move|p2a: Stakataka|Body Press|p1a: Golisopod
|-resisted|p1a: Golisopod
|-damage|p1a: Golisopod|0 fnt
|faint|p1a: Golisopod
|-ability|p2a: Stakataka|Beast Boost|boost
|-boost|p2a: Stakataka|def|1
|
|upkeep
|
|t:|1626610872
|switch|p1a: Xurkitree|Xurkitree|100/100
|turn|56
|inactive|sexybucks has 120 seconds left.
|
|t:|1626610883
|move|p1a: Xurkitree|Thunderbolt|p2a: Stakataka
|-crit|p2a: Stakataka
|-damage|p2a: Stakataka|0 fnt
|faint|p2a: Stakataka
|-ability|p1a: Xurkitree|Beast Boost|boost
|-boost|p1a: Xurkitree|spa|1
|
|upkeep
|
|t:|1626610901
|switch|p2a: Togekiss|Togekiss, M|54/100 par
|-damage|p2a: Togekiss|29/100 par|[from] Stealth Rock
|turn|57
|
|t:|1626610905
|move|p1a: Xurkitree|Thunderbolt|p2a: Togekiss
|-supereffective|p2a: Togekiss
|-damage|p2a: Togekiss|0 fnt
|faint|p2a: Togekiss
|-ability|p1a: Xurkitree|Beast Boost|boost
|-boost|p1a: Xurkitree|spa|1
|
|upkeep
|
|t:|1626610911
|switch|p2a: Ditto|Ditto|63/100
|-damage|p2a: Ditto|50/100|[from] Stealth Rock
|-damage|p2a: Ditto|38/100|[from] Spikes
|-transform|p2a: Ditto|p1a: Xurkitree|[from] ability: Imposter
|turn|58
|inactive|sexybucks has 120 seconds left.
|
|t:|1626610923
|move|p2a: Ditto|Volt Switch|p1a: Xurkitree
|-resisted|p1a: Xurkitree
|-damage|p1a: Xurkitree|35/100
|
|t:|1626610928
|switch|p2a: Umbreon|Umbreon, M|100/100|[from]move: Volt Switch
|-damage|p2a: Umbreon|88/100|[from] Spikes
|-damage|p2a: Umbreon|76/100|[from] Stealth Rock
|move|p1a: Xurkitree|Dazzling Gleam|p2a: Umbreon
|-supereffective|p2a: Umbreon
|-damage|p2a: Umbreon|0 fnt
|faint|p2a: Umbreon
|-ability|p1a: Xurkitree|Beast Boost|boost
|-boost|p1a: Xurkitree|spa|1
|
|upkeep
|
|t:|1626610930
|switch|p2a: Ditto|Ditto|38/100
|-damage|p2a: Ditto|26/100|[from] Spikes
|-damage|p2a: Ditto|13/100|[from] Stealth Rock
|-transform|p2a: Ditto|p1a: Xurkitree|[from] ability: Imposter
|turn|59
|
|t:|1626610935
|move|p2a: Ditto|Dazzling Gleam|p1a: Xurkitree
|-damage|p1a: Xurkitree|0 fnt
|faint|p1a: Xurkitree
|-ability|p2a: Ditto|Beast Boost|boost
|-boost|p2a: Ditto|spa|1
|
|upkeep
|
|t:|1626610943
|switch|p1a: Flygon|Flygon, M|28/100
|-damage|p1a: Flygon|22/100|[from] Stealth Rock
|turn|60
|
|t:|1626610949
|move|p1a: Flygon|Earthquake|p2a: Ditto
|-supereffective|p2a: Ditto
|-damage|p2a: Ditto|0 fnt
|faint|p2a: Ditto
|
|upkeep
|
|t:|1626610952
|switch|p2a: Gastrodon|Gastrodon, M|24/100 slp
|-damage|p2a: Gastrodon|18/100 slp|[from] Stealth Rock
|-damage|p2a: Gastrodon|6/100 slp|[from] Spikes
|turn|61
|
|t:|1626610955
|move|p1a: Flygon|Earthquake|p2a: Gastrodon
|-damage|p2a: Gastrodon|0 fnt
|faint|p2a: Gastrodon
|
|upkeep
|
|t:|1626610957
|switch|p2a: Reuniclus|Reuniclus, M, shiny|53/100
|-damage|p2a: Reuniclus|41/100|[from] Stealth Rock
|-damage|p2a: Reuniclus|29/100|[from] Spikes
|turn|62
|
|t:|1626610959
|move|p1a: Flygon|Earthquake|p2a: Reuniclus
|-damage|p2a: Reuniclus|0 fnt
|faint|p2a: Reuniclus
|
|win|RULT70 F BRN
|raw|RULT70 F BRN's rating: 1531 &rarr; <strong>1547</strong><br />(+16 for winning)
|raw|sexybucks's rating: 1468 &rarr; <strong>1452</strong><br />(-16 for losing)
|l|☆RULT70 F BRN
