|html|<div class="broadcast-blue"><strong>[Gen 8] RU is currently suspecting Zygarde-10%! For information on how to participate check out the <a href="https://www.smogon.com/forums/threads/np-ru-stage-6-i-wanna-be-your-dog-zygarde-10-suspect-test.3679181/#post-8768959">suspect thread</a>.</strong></div>
|j|☆ruz9 locked up
|j|☆Xeyaqusinzohwl
|t:|1614988331
|player|p1|ruz9 locked up|lucas|1464
|player|p2|Xeyaqusinzohwl|doubleteam|1432
|teamsize|p1|6
|teamsize|p2|6
|gametype|singles
|gen|8
|tier|[Gen 8] RU
|rated|
|clearpoke
|poke|p1|Togekiss, F|
|poke|p1|Zarude|
|poke|p1|Raikou|
|poke|p1|Registeel|
|poke|p1|Chandelure, F|
|poke|p1|Gastrodon, M|
|poke|p2|Weezing-Galar, M|
|poke|p2|Incineroar, F|
|poke|p2|Seismitoad, M|
|poke|p2|Sylveon, M|
|poke|p2|Lucario, F|
|poke|p2|Noivern, F|
|rule|Sleep Clause Mod: Limit one foe put to sleep
|rule|Species Clause: Limit one of each Pokémon
|rule|OHKO Clause: OHKO moves are banned
|rule|Evasion Moves Clause: Evasion moves are banned
|rule|Endless Battle Clause: Forcing endless battles is banned
|rule|HP Percentage Mod: HP is shown in percentages
|rule|Dynamax Clause: You cannot dynamax
|teampreview
|inactive|Battle timer is ON: inactive players will automatically lose when time's up. (requested by Xeyaqusinzohwl)
|inactive|ruz9 locked up has 120 seconds left.
|
|t:|1614988379
|start
|switch|p1a: Gastrodon|Gastrodon, M|100/100
|switch|p2a: Incineroar|Incineroar, F|100/100
|-ability|p2a: Incineroar|Intimidate|boost
|-unboost|p1a: Gastrodon|atk|1
|turn|1
|
|t:|1614988385
|move|p2a: Incineroar|Parting Shot|p1a: Gastrodon
|-unboost|p1a: Gastrodon|atk|1
|-unboost|p1a: Gastrodon|spa|1
|
|t:|1614988388
|switch|p2a: Weezing|Weezing-Galar, M|100/100|[from]move: Parting Shot
|move|p1a: Gastrodon|Earth Power|p2a: Weezing
|-immune|p2a: Weezing|[from] ability: Levitate
|
|upkeep
|turn|2
|
|t:|1614988392
|move|p2a: Weezing|Toxic Spikes|p1a: Gastrodon
|-sidestart|p1: ruz9 locked up|move: Toxic Spikes
|move|p1a: Gastrodon|Scald|p2a: Weezing
|-damage|p2a: Weezing|78/100
|
|upkeep
|turn|3
|
|t:|1614988398
|move|p2a: Weezing|Will-O-Wisp|p1a: Gastrodon
|-status|p1a: Gastrodon|brn
|move|p1a: Gastrodon|Scald|p2a: Weezing
|-damage|p2a: Weezing|54/100
|-status|p2a: Weezing|brn
|
|-damage|p2a: Weezing|48/100 brn|[from] brn
|-damage|p1a: Gastrodon|94/100 brn|[from] brn
|upkeep
|turn|4
|
|t:|1614988407
|switch|p2a: Seismitoad|Seismitoad, M|100/100
|switch|p1a: Registeel|Registeel|100/100
|
|upkeep
|turn|5
|
|t:|1614988435
|move|p2a: Seismitoad|Stealth Rock|p1a: Registeel
|-sidestart|p1: ruz9 locked up|move: Stealth Rock
|move|p1a: Registeel|Stealth Rock|p2a: Seismitoad
|-sidestart|p2: Xeyaqusinzohwl|move: Stealth Rock
|
|upkeep
|turn|6
|
|t:|1614988441
|move|p2a: Seismitoad|Earthquake|p1a: Registeel
|-supereffective|p1a: Registeel
|-damage|p1a: Registeel|59/100
|move|p1a: Registeel|Toxic|p2a: Seismitoad
|-status|p2a: Seismitoad|tox
|
|-heal|p1a: Registeel|65/100|[from] item: Leftovers
|-damage|p2a: Seismitoad|94/100 tox|[from] psn
|upkeep
|turn|7
|
|t:|1614988446
|switch|p2a: Sylveon|Sylveon, M, shiny|100/100
|-damage|p2a: Sylveon|88/100|[from] Stealth Rock
|switch|p1a: Zarude|Zarude|100/100
|
|-heal|p2a: Sylveon|94/100|[from] item: Leftovers
|upkeep
|turn|8
|
|t:|1614988450
|move|p1a: Zarude|U-turn|p2a: Sylveon
|-resisted|p2a: Sylveon
|-damage|p2a: Sylveon|81/100
|
|t:|1614988453
|switch|p1a: Togekiss|Togekiss, F|100/100|[from]move: U-turn
|move|p2a: Sylveon|Wish|p2a: Sylveon
|
|-heal|p2a: Sylveon|87/100|[from] item: Leftovers
|upkeep
|turn|9
|
|t:|1614988483
|move|p1a: Togekiss|Thunder Wave|p2a: Sylveon
|-status|p2a: Sylveon|par
|cant|p2a: Sylveon|par
|
|-heal|p2a: Sylveon|100/100 par|[from] move: Wish|[wisher] Sylveon
|upkeep
|turn|10
|
|t:|1614988487
|move|p1a: Togekiss|Air Slash|p2a: Sylveon
|-damage|p2a: Sylveon|86/100 par
|cant|p2a: Sylveon|flinch
|
|-heal|p2a: Sylveon|92/100 par|[from] item: Leftovers
|upkeep
|turn|11
|
|t:|1614988492
|cant|p2a: Sylveon|par
|move|p1a: Togekiss|Air Slash|p2a: Sylveon
|-damage|p2a: Sylveon|75/100 par
|
|-heal|p2a: Sylveon|81/100 par|[from] item: Leftovers
|upkeep
|turn|12
|
|t:|1614988501
|move|p2a: Sylveon|Protect|p2a: Sylveon
|-singleturn|p2a: Sylveon|Protect
|move|p1a: Togekiss|Air Slash|p2a: Sylveon
|-activate|p2a: Sylveon|move: Protect
|
|-heal|p2a: Sylveon|87/100 par|[from] item: Leftovers
|upkeep
|turn|13
|
|t:|1614988521
|move|p1a: Togekiss|Air Slash|p2a: Sylveon
|-damage|p2a: Sylveon|70/100 par
|cant|p2a: Sylveon|flinch
|
|-heal|p2a: Sylveon|76/100 par|[from] item: Leftovers
|upkeep
|turn|14
|j| kobebrynt
|
|t:|1614988534
|switch|p1a: Zarude|Zarude|100/100
|move|p2a: Sylveon|Protect||[still]
|-fail|p2a: Sylveon
|
|-heal|p2a: Sylveon|82/100 par|[from] item: Leftovers
|upkeep
|turn|15
|
|t:|1614988550
|move|p1a: Zarude|Power Whip|p2a: Sylveon
|-damage|p2a: Sylveon|11/100 par
|move|p2a: Sylveon|Wish|p2a: Sylveon
|
|-heal|p2a: Sylveon|17/100 par|[from] item: Leftovers
|upkeep
|turn|16
|
|t:|1614988557
|move|p2a: Sylveon|Protect|p2a: Sylveon
|-singleturn|p2a: Sylveon|Protect
|move|p1a: Zarude|U-turn|p2a: Sylveon
|-activate|p2a: Sylveon|move: Protect
|
|-heal|p2a: Sylveon|67/100 par|[from] move: Wish|[wisher] Sylveon
|-heal|p2a: Sylveon|73/100 par|[from] item: Leftovers
|upkeep
|turn|17
|
|t:|1614988561
|switch|p2a: Weezing|Weezing-Galar, M|48/100 brn
|-damage|p2a: Weezing|36/100 brn|[from] Stealth Rock
|move|p1a: Zarude|Power Whip|p2a: Weezing
|-resisted|p2a: Weezing
|-damage|p2a: Weezing|18/100 brn
|-damage|p1a: Zarude|84/100|[from] item: Rocky Helmet|[of] p2a: Weezing
|
|-damage|p2a: Weezing|12/100 brn|[from] brn
|upkeep
|turn|18
|
|t:|1614988569
|move|p1a: Zarude|Power Whip|p2a: Weezing
|-resisted|p2a: Weezing
|-damage|p2a: Weezing|0 fnt
|-damage|p1a: Zarude|67/100|[from] item: Rocky Helmet|[of] p2a: Weezing
|faint|p2a: Weezing
|
|upkeep
|
|t:|1614988575
|switch|p2a: Incineroar|Incineroar, F|100/100
|-ability|p2a: Incineroar|Intimidate|boost
|-unboost|p1a: Zarude|atk|1
|turn|19
|
|t:|1614988579
|move|p1a: Zarude|U-turn|p2a: Incineroar
|-crit|p2a: Incineroar
|-damage|p2a: Incineroar|65/100
|
|t:|1614988581
|switch|p1a: Gastrodon|Gastrodon, M|94/100 brn|[from]move: U-turn
|move|p2a: Incineroar|Parting Shot|p1a: Gastrodon
|-unboost|p1a: Gastrodon|atk|1
|-unboost|p1a: Gastrodon|spa|1
|c|☆ruz9 locked up|why did u get tspikes up
|inactive|Xeyaqusinzohwl has 120 seconds left.
|
|t:|1614988623
|switch|p2a: Sylveon|Sylveon, M, shiny|73/100 par|[from]move: Parting Shot
|-damage|p2a: Sylveon|61/100 par|[from] Stealth Rock
|
|-heal|p2a: Sylveon|67/100 par|[from] item: Leftovers
|-damage|p1a: Gastrodon|88/100 brn|[from] brn
|upkeep
|turn|20
|
|t:|1614988636
|switch|p1a: Registeel|Registeel|65/100
|-damage|p1a: Registeel|59/100|[from] Stealth Rock
|move|p2a: Sylveon|Heal Bell|p2a: Sylveon
|-activate|p2a: Sylveon|move: Heal Bell
|-curestatus|p2a: Sylveon|par|[msg]
|-curestatus|p2: Seismitoad|tox|[msg]
|
|-heal|p2a: Sylveon|73/100|[from] item: Leftovers
|-heal|p1a: Registeel|65/100|[from] item: Leftovers
|upkeep
|turn|21
|inactive|Xeyaqusinzohwl has 120 seconds left.
|
|t:|1614988655
|move|p2a: Sylveon|Wish|p2a: Sylveon
|move|p1a: Registeel|Thunder Wave|p2a: Sylveon|[miss]
|-miss|p1a: Registeel|p2a: Sylveon
|
|-heal|p2a: Sylveon|79/100|[from] item: Leftovers
|-heal|p1a: Registeel|71/100|[from] item: Leftovers
|upkeep
|turn|22
|
|t:|1614988661
|switch|p2a: Incineroar|Incineroar, F|65/100
|-ability|p2a: Incineroar|Intimidate|boost
|-fail|p1a: Registeel|unboost|[from] ability: Clear Body|[of] p1a: Registeel
|move|p1a: Registeel|Toxic|p2a: Incineroar
|-status|p2a: Incineroar|tox
|
|-heal|p2a: Incineroar|100/100 tox|[from] move: Wish|[wisher] Sylveon
|-heal|p1a: Registeel|77/100|[from] item: Leftovers
|-damage|p2a: Incineroar|94/100 tox|[from] psn
|upkeep
|turn|23
|
|t:|1614988667
|switch|p1a: Gastrodon|Gastrodon, M|88/100 brn
|move|p2a: Incineroar|Knock Off|p1a: Gastrodon
|-damage|p1a: Gastrodon|52/100 brn
|-enditem|p1a: Gastrodon|Heavy-Duty Boots|[from] move: Knock Off|[of] p2a: Incineroar
|
|-damage|p2a: Incineroar|82/100 tox|[from] psn
|-damage|p1a: Gastrodon|46/100 brn|[from] brn
|upkeep
|turn|24
|
|t:|1614988672
|move|p2a: Incineroar|Parting Shot|p1a: Gastrodon
|-unboost|p1a: Gastrodon|atk|1
|-unboost|p1a: Gastrodon|spa|1
|
|t:|1614988675
|switch|p2a: Seismitoad|Seismitoad, M|94/100|[from]move: Parting Shot
|-damage|p2a: Seismitoad|88/100|[from] Stealth Rock
|move|p1a: Gastrodon|Recover|p1a: Gastrodon
|-heal|p1a: Gastrodon|96/100 brn
|
|-heal|p2a: Seismitoad|94/100|[from] item: Leftovers
|-damage|p1a: Gastrodon|89/100 brn|[from] brn
|upkeep
|turn|25
|
|t:|1614988681
|switch|p2a: Incineroar|Incineroar, F|82/100 tox
|-ability|p2a: Incineroar|Intimidate|boost
|-unboost|p1a: Gastrodon|atk|1
|move|p1a: Gastrodon|Toxic|p2a: Incineroar
|-fail|p2a: Incineroar|tox
|
|-damage|p2a: Incineroar|76/100 tox|[from] psn
|-damage|p1a: Gastrodon|83/100 brn|[from] brn
|upkeep
|turn|26
|
|t:|1614988686
|move|p2a: Incineroar|Parting Shot|p1a: Gastrodon
|-unboost|p1a: Gastrodon|atk|1
|-unboost|p1a: Gastrodon|spa|1
|
|t:|1614988691
|switch|p2a: Sylveon|Sylveon, M, shiny|79/100|[from]move: Parting Shot
|-damage|p2a: Sylveon|66/100|[from] Stealth Rock
|move|p1a: Gastrodon|Toxic|p2a: Sylveon
|-status|p2a: Sylveon|tox
|
|-heal|p2a: Sylveon|73/100 tox|[from] item: Leftovers
|-damage|p2a: Sylveon|66/100 tox|[from] psn
|-damage|p1a: Gastrodon|77/100 brn|[from] brn
|upkeep
|turn|27
|
|t:|1614988696
|switch|p1a: Zarude|Zarude|67/100
|move|p2a: Sylveon|Wish|p2a: Sylveon
|
|-heal|p2a: Sylveon|73/100 tox|[from] item: Leftovers
|-damage|p2a: Sylveon|60/100 tox|[from] psn
|upkeep
|turn|28
|
|t:|1614988703
|move|p2a: Sylveon|Protect|p2a: Sylveon
|-singleturn|p2a: Sylveon|Protect
|move|p1a: Zarude|Power Whip|p2a: Sylveon
|-activate|p2a: Sylveon|move: Protect
|
|-heal|p2a: Sylveon|100/100 tox|[from] move: Wish|[wisher] Sylveon
|-damage|p2a: Sylveon|82/100 tox|[from] psn
|upkeep
|turn|29
|
|t:|1614988711
|move|p1a: Zarude|Power Whip|p2a: Sylveon
|-damage|p2a: Sylveon|6/100 tox
|move|p2a: Sylveon|Wish|p2a: Sylveon
|
|-heal|p2a: Sylveon|12/100 tox|[from] item: Leftovers
|-damage|p2a: Sylveon|0 fnt|[from] psn
|faint|p2a: Sylveon
|upkeep
|
|t:|1614988716
|switch|p2a: Lucario|Lucario, F|100/100
|-damage|p2a: Lucario|98/100|[from] Stealth Rock
|turn|30
|c|☆ruz9 locked up|?
|
|t:|1614988722
|move|p1a: Zarude|U-turn|p2a: Lucario
|-resisted|p2a: Lucario
|-damage|p2a: Lucario|88/100
|
|t:|1614988729
|switch|p1a: Gastrodon|Gastrodon, M|77/100 brn|[from]move: U-turn
|-damage|p1a: Gastrodon|71/100 brn|[from] Stealth Rock
|move|p2a: Lucario|Meteor Mash|p1a: Gastrodon
|-resisted|p1a: Gastrodon
|-damage|p1a: Gastrodon|49/100 brn
|-damage|p2a: Lucario|78/100|[from] item: Life Orb
|
|-heal|p2a: Lucario|100/100|[from] move: Wish|[wisher] Sylveon
|-damage|p1a: Gastrodon|43/100 brn|[from] brn
|upkeep
|turn|31
|
|t:|1614988740
|switch|p2a: Incineroar|Incineroar, F|76/100 tox
|-ability|p2a: Incineroar|Intimidate|boost
|-unboost|p1a: Gastrodon|atk|1
|move|p1a: Gastrodon|Earth Power|p2a: Incineroar
|-supereffective|p2a: Incineroar
|-damage|p2a: Incineroar|24/100 tox
|
|-damage|p2a: Incineroar|18/100 tox|[from] psn
|-damage|p1a: Gastrodon|37/100 brn|[from] brn
|upkeep
|turn|32
|
|t:|1614988745
|move|p2a: Incineroar|Close Combat|p1a: Gastrodon
|-damage|p1a: Gastrodon|3/100 brn
|-unboost|p2a: Incineroar|def|1
|-unboost|p2a: Incineroar|spd|1
|move|p1a: Gastrodon|Recover|p1a: Gastrodon
|-heal|p1a: Gastrodon|53/100 brn
|
|-damage|p2a: Incineroar|6/100 tox|[from] psn
|-damage|p1a: Gastrodon|47/100 brn|[from] brn
|upkeep
|turn|33
|
|t:|1614988751
|move|p2a: Incineroar|Parting Shot|p1a: Gastrodon
|-unboost|p1a: Gastrodon|atk|1
|-unboost|p1a: Gastrodon|spa|1
|
|t:|1614988754
|switch|p2a: Noivern|Noivern, F|100/100|[from]move: Parting Shot
|-damage|p2a: Noivern|76/100|[from] Stealth Rock
|move|p1a: Gastrodon|Recover|p1a: Gastrodon
|-heal|p1a: Gastrodon|97/100 brn
|
|-damage|p1a: Gastrodon|90/100 brn|[from] brn
|upkeep
|turn|34
|
|t:|1614988758
|switch|p1a: Registeel|Registeel|77/100
|-damage|p1a: Registeel|71/100|[from] Stealth Rock
|move|p2a: Noivern|Switcheroo|p1a: Registeel
|-activate|p2a: Noivern|move: Trick|[of] p1a: Registeel
|-item|p1a: Registeel|Choice Specs|[from] move: Switcheroo
|-item|p2a: Noivern|Leftovers|[from] move: Switcheroo
|
|-heal|p2a: Noivern|82/100|[from] item: Leftovers
|upkeep
|turn|35
|
|t:|1614988763
|move|p2a: Noivern|Flamethrower|p1a: Registeel
|-supereffective|p1a: Registeel
|-damage|p1a: Registeel|46/100
|-status|p1a: Registeel|brn
|move|p1a: Registeel|Toxic|p2a: Noivern|[miss]
|-miss|p1a: Registeel|p2a: Noivern
|
|-heal|p2a: Noivern|88/100|[from] item: Leftovers
|-damage|p1a: Registeel|40/100 brn|[from] brn
|upkeep
|turn|36
|
|t:|1614988771
|switch|p2a: Incineroar|Incineroar, F|6/100 tox
|-ability|p2a: Incineroar|Intimidate|boost
|-fail|p1a: Registeel|unboost|[from] ability: Clear Body|[of] p1a: Registeel
|switch|p1a: Togekiss|Togekiss, F|100/100
|
|-damage|p2a: Incineroar|0 fnt|[from] psn
|faint|p2a: Incineroar
|upkeep
|
|t:|1614988778
|switch|p2a: Lucario|Lucario, F|100/100
|-damage|p2a: Lucario|98/100|[from] Stealth Rock
|turn|37
|
|t:|1614988784
|move|p2a: Lucario|Swords Dance|p2a: Lucario
|-boost|p2a: Lucario|atk|2
|move|p1a: Togekiss|Thunder Wave|p2a: Lucario
|-status|p2a: Lucario|par
|
|upkeep
|turn|38
|
|t:|1614988789
|move|p1a: Togekiss|Air Slash|p2a: Lucario
|-damage|p2a: Lucario|52/100 par
|cant|p2a: Lucario|flinch
|
|upkeep
|turn|39
|
|t:|1614988793
|move|p1a: Togekiss|Air Slash|p2a: Lucario
|-damage|p2a: Lucario|0 fnt
|faint|p2a: Lucario
|
|upkeep
|c|☆ruz9 locked up|gg.
|
|t:|1614988797
|switch|p2a: Seismitoad|Seismitoad, M|94/100
|-damage|p2a: Seismitoad|88/100|[from] Stealth Rock
|turn|40
|
|t:|1614988803
|move|p1a: Togekiss|Air Slash|p2a: Seismitoad
|-damage|p2a: Seismitoad|56/100
|move|p2a: Seismitoad|Toxic|p1a: Togekiss
|-status|p1a: Togekiss|tox
|
|-heal|p2a: Seismitoad|62/100|[from] item: Leftovers
|-damage|p1a: Togekiss|94/100 tox|[from] psn
|upkeep
|turn|41
|
|t:|1614988806
|move|p1a: Togekiss|Heal Bell|p1a: Togekiss
|-activate|p1a: Togekiss|move: Heal Bell
|-curestatus|p1a: Togekiss|tox|[msg]
|-curestatus|p1: Gastrodon|brn|[msg]
|-curestatus|p1: Registeel|brn|[msg]
|move|p2a: Seismitoad|Scald|p1a: Togekiss
|-damage|p1a: Togekiss|78/100
|
|-heal|p2a: Seismitoad|68/100|[from] item: Leftovers
|upkeep
|turn|42
|
|t:|1614988809
|move|p1a: Togekiss|Air Slash|p2a: Seismitoad
|-damage|p2a: Seismitoad|36/100
|cant|p2a: Seismitoad|flinch
|
|-heal|p2a: Seismitoad|43/100|[from] item: Leftovers
|upkeep
|turn|43
|
|t:|1614988812
|move|p1a: Togekiss|Air Slash|p2a: Seismitoad
|-damage|p2a: Seismitoad|8/100
|cant|p2a: Seismitoad|flinch
|
|-heal|p2a: Seismitoad|14/100|[from] item: Leftovers
|upkeep
|turn|44
|
|t:|1614988814
|move|p1a: Togekiss|Air Slash|p2a: Seismitoad
|-damage|p2a: Seismitoad|0 fnt
|faint|p2a: Seismitoad
|
|upkeep
|
|t:|1614988816
|switch|p2a: Noivern|Noivern, F|88/100
|-damage|p2a: Noivern|63/100|[from] Stealth Rock
|turn|45
|
|t:|1614988818
|move|p2a: Noivern|Boomburst|p1a: Togekiss
|-damage|p1a: Togekiss|43/100
|move|p1a: Togekiss|Thunder Wave|p2a: Noivern
|-status|p2a: Noivern|par
|
|-heal|p2a: Noivern|69/100 par|[from] item: Leftovers
|upkeep
|turn|46
|
|t:|1614988821
|move|p1a: Togekiss|Air Slash|p2a: Noivern
|-damage|p2a: Noivern|33/100 par
|cant|p2a: Noivern|flinch
|
|-heal|p2a: Noivern|39/100 par|[from] item: Leftovers
|upkeep
|turn|47
|
|t:|1614988823
|move|p1a: Togekiss|Air Slash|p2a: Noivern
|-damage|p2a: Noivern|0 fnt
|faint|p2a: Noivern
|
|win|ruz9 locked up
|l|☆Xeyaqusinzohwl
||Ladder (probably) updated, but score could not be retrieved (Request timeout).
|j| Rinnegan frs
|l| Rinnegan frs
