|j|☆Pami.eth
|j|‽Rozwel
|t:|1664096536
|gametype|singles
|player|p1|Pami.eth|1|1367
|player|p2|Rozwel|elesa|1527
|teamsize|p1|6
|teamsize|p2|6
|gen|8
|tier|[Gen 8] RU
|rated|
|rule|Sleep Clause Mod: Limit one foe put to sleep
|rule|Species Clause: Limit one of each Pokémon
|rule|OHKO Clause: OHKO moves are banned
|rule|Evasion Items Clause: Evasion items are banned
|rule|Evasion Moves Clause: Evasion moves are banned
|rule|Endless Battle Clause: Forcing endless battles is banned
|rule|HP Percentage Mod: HP is shown in percentages
|rule|Dynamax Clause: You cannot dynamax
|clearpoke
|poke|p1|Metagross|
|poke|p1|Togekiss, F|
|poke|p1|Celebi|
|poke|p1|Heracross, F|
|poke|p1|Nidoqueen, F|
|poke|p1|Suicune|
|poke|p2|Chandelure, M|
|poke|p2|Weezing-Galar, F|
|poke|p2|Flygon, M|
|poke|p2|Guzzlord|
|poke|p2|Crobat, M|
|poke|p2|Bronzong|
|teampreview
|inactive|Battle timer is ON: inactive players will automatically lose when time's up. (requested by Rozwel)
|inactive|Pami.eth has 120 seconds left.
|
|t:|1664096598
|start
|switch|p1a: nido|Nidoqueen, F, shiny|100/100
|switch|p2a: Guzzlord|Guzzlord|100/100
|turn|1
|
|t:|1664096605
|move|p1a: nido|Sludge Wave|p2a: Guzzlord
|-damage|p2a: Guzzlord|64/100
|move|p2a: Guzzlord|Knock Off|p1a: nido
|-damage|p1a: nido|60/100
|-enditem|p1a: nido|Life Orb|[from] move: Knock Off|[of] p2a: Guzzlord
|
|upkeep
|turn|2
|
|t:|1664096629
|move|p1a: nido|Stealth Rock|p2a: Guzzlord
|-sidestart|p2: Rozwel|move: Stealth Rock
|move|p2a: Guzzlord|Knock Off|p1a: nido
|-damage|p1a: nido|33/100
|
|upkeep
|turn|3
|
|t:|1664096637
|switch|p2a: Bronzong|Bronzong|100/100
|-damage|p2a: Bronzong|94/100|[from] Stealth Rock
|move|p1a: nido|Sludge Wave|p2a: Bronzong
|-immune|p2a: Bronzong
|
|-heal|p2a: Bronzong|100/100|[from] item: Leftovers
|upkeep
|turn|4
|
|t:|1664096647
|move|p1a: nido|Taunt|p2a: Bronzong
|-start|p2a: Bronzong|move: Taunt
|cant|p2a: Bronzong|move: Taunt|Stealth Rock
|
|upkeep
|turn|5
|
|t:|1664096671
|switch|p1a: the cune|Suicune|100/100
|-ability|p1a: the cune|Pressure
|move|p2a: Bronzong|Earthquake|p1a: the cune
|-damage|p1a: the cune|86/100
|
|-heal|p1a: the cune|92/100|[from] item: Leftovers
|upkeep
|turn|6
|
|t:|1664096681
|switch|p2a: Crobat|Crobat, M|100/100
|move|p1a: the cune|Substitute|p1a: the cune
|-start|p1a: the cune|Substitute
|-damage|p1a: the cune|67/100
|
|-heal|p1a: the cune|74/100|[from] item: Leftovers
|upkeep
|turn|7
|
|t:|1664096703
|move|p2a: Crobat|Taunt|p1a: the cune
|-start|p1a: the cune|move: Taunt
|move|p1a: the cune|Scald|p2a: Crobat
|-damage|p2a: Crobat|70/100
|
|-heal|p1a: the cune|80/100|[from] item: Leftovers
|upkeep
|turn|8
|
|t:|1664096711
|move|p2a: Crobat|Toxic|p1a: the cune
|-status|p1a: the cune|tox
|move|p1a: the cune|Scald|p2a: Crobat
|-damage|p2a: Crobat|40/100
|-status|p2a: Crobat|brn
|
|-heal|p1a: the cune|86/100 tox|[from] item: Leftovers
|-damage|p1a: the cune|80/100 tox|[from] psn
|-damage|p2a: Crobat|34/100 brn|[from] brn
|upkeep
|turn|9
|
|t:|1664096727
|move|p2a: Crobat|Roost|p2a: Crobat
|-heal|p2a: Crobat|84/100 brn
|-singleturn|p2a: Crobat|move: Roost
|move|p1a: the cune|Scald|p2a: Crobat
|-damage|p2a: Crobat|57/100 brn
|
|-heal|p1a: the cune|86/100 tox|[from] item: Leftovers
|-damage|p1a: the cune|74/100 tox|[from] psn
|-damage|p2a: Crobat|51/100 brn|[from] brn
|-end|p1a: the cune|move: Taunt
|upkeep
|turn|10
|
|t:|1664096742
|switch|p1a: kiss|Togekiss, F, shiny|100/100
|move|p2a: Crobat|Roost|p2a: Crobat
|-heal|p2a: Crobat|100/100 brn
|-singleturn|p2a: Crobat|move: Roost
|
|-damage|p2a: Crobat|94/100 brn|[from] brn
|upkeep
|turn|11
|
|t:|1664096751
|switch|p2a: Bronzong|Bronzong|100/100
|-damage|p2a: Bronzong|94/100|[from] Stealth Rock
|move|p1a: kiss|Heal Bell|p1a: kiss
|-activate|p1a: kiss|move: Heal Bell
|-curestatus|p1: the cune|tox|[msg]
|
|-heal|p2a: Bronzong|100/100|[from] item: Leftovers
|upkeep
|turn|12
|
|t:|1664096761
|move|p1a: kiss|Air Slash|p2a: Bronzong
|-resisted|p2a: Bronzong
|-crit|p2a: Bronzong
|-damage|p2a: Bronzong|85/100
|move|p2a: Bronzong|Stealth Rock|p1a: kiss
|-sidestart|p1: Pami.eth|move: Stealth Rock
|
|-heal|p2a: Bronzong|91/100|[from] item: Leftovers
|upkeep
|turn|13
|
|t:|1664096768
|move|p1a: kiss|Air Slash|p2a: Bronzong
|-resisted|p2a: Bronzong
|-damage|p2a: Bronzong|79/100
|cant|p2a: Bronzong|flinch
|
|-heal|p2a: Bronzong|85/100|[from] item: Leftovers
|upkeep
|turn|14
|inactive|Pami.eth has 120 seconds left.
|
|t:|1664096823
|switch|p1a: meta|Metagross, shiny|100/100
|-damage|p1a: meta|94/100|[from] Stealth Rock
|move|p2a: Bronzong|Heavy Slam|p1a: meta
|-resisted|p1a: meta
|-damage|p1a: meta|91/100
|
|-heal|p1a: meta|97/100|[from] item: Leftovers
|-heal|p2a: Bronzong|92/100|[from] item: Leftovers
|upkeep
|turn|15
|
|t:|1664096837
|move|p1a: meta|Cosmic Power|p1a: meta
|-boost|p1a: meta|def|1
|-boost|p1a: meta|spd|1
|move|p2a: Bronzong|Earthquake|p1a: meta
|-supereffective|p1a: meta
|-damage|p1a: meta|81/100
|
|-heal|p1a: meta|87/100|[from] item: Leftovers
|-heal|p2a: Bronzong|98/100|[from] item: Leftovers
|upkeep
|turn|16
|
|t:|1664096847
|switch|p2a: Chandelure|Chandelure, M|100/100
|move|p1a: meta|Cosmic Power|p1a: meta
|-boost|p1a: meta|def|1
|-boost|p1a: meta|spd|1
|
|-heal|p1a: meta|93/100|[from] item: Leftovers
|upkeep
|turn|17
|inactive|Pami.eth has 120 seconds left.
|
|t:|1664096871
|move|p1a: meta|Protect|p1a: meta
|-singleturn|p1a: meta|Protect
|move|p2a: Chandelure|Flamethrower|p1a: meta
|-activate|p1a: meta|move: Protect
|
|-heal|p1a: meta|99/100|[from] item: Leftovers
|upkeep
|turn|18
|
|t:|1664096897
|move|p2a: Chandelure|Flamethrower|p1a: meta
|-supereffective|p1a: meta
|-damage|p1a: meta|46/100
|-status|p1a: meta|brn
|move|p1a: meta|Cosmic Power|p1a: meta
|-boost|p1a: meta|def|1
|-boost|p1a: meta|spd|1
|
|-heal|p1a: meta|52/100 brn|[from] item: Leftovers
|-damage|p1a: meta|46/100 brn|[from] brn
|upkeep
|turn|19
|
|t:|1664096909
|move|p1a: meta|Protect|p1a: meta
|-singleturn|p1a: meta|Protect
|move|p2a: Chandelure|Flamethrower|p1a: meta
|-activate|p1a: meta|move: Protect
|
|-heal|p1a: meta|52/100 brn|[from] item: Leftovers
|-damage|p1a: meta|46/100 brn|[from] brn
|upkeep
|turn|20
|
|t:|1664096918
|switch|p1a: the cune|Suicune|74/100
|-damage|p1a: the cune|61/100|[from] Stealth Rock
|-ability|p1a: the cune|Pressure
|move|p2a: Chandelure|Hex|p1a: the cune
|-damage|p1a: the cune|31/100
|
|-heal|p1a: the cune|37/100|[from] item: Leftovers
|upkeep
|turn|21
|inactive|Pami.eth has 120 seconds left.
|
|t:|1664096943
|move|p2a: Chandelure|Toxic|p1a: the cune|[miss]
|-miss|p2a: Chandelure|p1a: the cune
|move|p1a: the cune|Scald|p2a: Chandelure
|-supereffective|p2a: Chandelure
|-damage|p2a: Chandelure|28/100
|
|-heal|p1a: the cune|44/100|[from] item: Leftovers
|upkeep
|turn|22
|inactive|Rozwel has 120 seconds left.
|
|t:|1664096970
|switch|p2a: Crobat|Crobat, M|94/100 brn
|move|p1a: the cune|Scald|p2a: Crobat
|-damage|p2a: Crobat|65/100 brn
|
|-heal|p1a: the cune|50/100|[from] item: Leftovers
|-damage|p2a: Crobat|59/100 brn|[from] brn
|upkeep
|turn|23
|
|t:|1664096979
|move|p2a: Crobat|Toxic|p1a: the cune
|-status|p1a: the cune|tox
|move|p1a: the cune|Calm Mind|p1a: the cune
|-boost|p1a: the cune|spa|1
|-boost|p1a: the cune|spd|1
|
|-heal|p1a: the cune|56/100 tox|[from] item: Leftovers
|-damage|p1a: the cune|50/100 tox|[from] psn
|-damage|p2a: Crobat|53/100 brn|[from] brn
|upkeep
|turn|24
|inactive|Rozwel has 120 seconds left.
|
|t:|1664096998
|switch|p1a: kiss|Togekiss, F, shiny|100/100
|move|p2a: Crobat|Taunt|p1a: kiss
|-start|p1a: kiss|move: Taunt
|
|-damage|p2a: Crobat|47/100 brn|[from] brn
|upkeep
|turn|25
|
|t:|1664097006
|move|p2a: Crobat|Roost|p2a: Crobat
|-heal|p2a: Crobat|97/100 brn
|-singleturn|p2a: Crobat|move: Roost
|move|p1a: kiss|Air Slash|p2a: Crobat
|-damage|p2a: Crobat|61/100 brn
|
|-damage|p2a: Crobat|55/100 brn|[from] brn
|upkeep
|turn|26
|inactive|Rozwel has 120 seconds left.
|
|t:|1664097018
|switch|p2a: Bronzong|Bronzong|98/100
|-damage|p2a: Bronzong|92/100|[from] Stealth Rock
|move|p1a: kiss|Air Slash|p2a: Bronzong
|-resisted|p2a: Bronzong
|-damage|p2a: Bronzong|80/100
|
|-heal|p2a: Bronzong|86/100|[from] item: Leftovers
|-end|p1a: kiss|move: Taunt
|upkeep
|turn|27
|inactive|Rozwel has 120 seconds left.
|
|t:|1664097027
|move|p1a: kiss|Heal Bell|p1a: kiss
|-activate|p1a: kiss|move: Heal Bell
|-curestatus|p1: meta|brn|[msg]
|-curestatus|p1: the cune|tox|[msg]
|move|p2a: Bronzong|Heavy Slam|p1a: kiss
|-supereffective|p1a: kiss
|-damage|p1a: kiss|50/100
|
|-heal|p2a: Bronzong|93/100|[from] item: Leftovers
|upkeep
|turn|28
|inactive|Rozwel has 120 seconds left.
|
|t:|1664097043
|move|p1a: kiss|Roost|p1a: kiss
|-heal|p1a: kiss|100/100
|-singleturn|p1a: kiss|move: Roost
|move|p2a: Bronzong|Earthquake|p1a: kiss
|-damage|p1a: kiss|83/100
|
|-heal|p2a: Bronzong|99/100|[from] item: Leftovers
|upkeep
|turn|29
|inactive|Rozwel has 120 seconds left.
|
|t:|1664097071
|switch|p1a: Celebi|Celebi, shiny|100/100
|-damage|p1a: Celebi|88/100|[from] Stealth Rock
|move|p2a: Bronzong|Toxic|p1a: Celebi
|-status|p1a: Celebi|tox
|
|-heal|p1a: Celebi|94/100 tox|[from] item: Leftovers
|-heal|p2a: Bronzong|100/100|[from] item: Leftovers
|-damage|p1a: Celebi|88/100 tox|[from] psn
|upkeep
|turn|30
|inactive|Rozwel has 120 seconds left.
|
|t:|1664097084
|-curestatus|p1a: Celebi|tox|[from] ability: Natural Cure
|switch|p1a: the cune|Suicune|50/100
|-damage|p1a: the cune|37/100|[from] Stealth Rock
|-ability|p1a: the cune|Pressure
|switch|p2a: Guzzlord|Guzzlord|64/100
|
|-heal|p1a: the cune|44/100|[from] item: Leftovers
|upkeep
|turn|31
|inactive|Rozwel has 120 seconds left.
|
|t:|1664097095
|move|p1a: the cune|Protect|p1a: the cune
|-singleturn|p1a: the cune|Protect
|move|p2a: Guzzlord|Knock Off|p1a: the cune
|-activate|p1a: the cune|move: Protect
|
|-heal|p1a: the cune|50/100|[from] item: Leftovers
|upkeep
|turn|32
|
|t:|1664097102
|switch|p1a: nido|Nidoqueen, F, shiny|33/100
|-damage|p1a: nido|27/100|[from] Stealth Rock
|move|p2a: Guzzlord|Knock Off|p1a: nido
|-damage|p1a: nido|0 fnt
|faint|p1a: nido
|-ability|p2a: Guzzlord|Beast Boost|boost
|-boost|p2a: Guzzlord|atk|1
|
|upkeep
|
|t:|1664097104
|switch|p1a: luna|Heracross, F, shiny|100/100
|-damage|p1a: luna|88/100|[from] Stealth Rock
|turn|33
|
|t:|1664097113
|switch|p2a: Weezing|Weezing-Galar, F|100/100
|-ability|p2a: Weezing|Neutralizing Gas
|-damage|p2a: Weezing|88/100|[from] Stealth Rock
|move|p1a: luna|Knock Off|p2a: Weezing
|-resisted|p2a: Weezing
|-damage|p2a: Weezing|78/100
|-damage|p1a: luna|72/100|[from] item: Rocky Helmet|[of] p2a: Weezing
|-enditem|p2a: Weezing|Rocky Helmet|[from] move: Knock Off|[of] p1a: luna
|
|upkeep
|turn|34
|
|t:|1664097129
|switch|p1a: the cune|Suicune|50/100
|-damage|p1a: the cune|37/100|[from] Stealth Rock
|move|p2a: Weezing|Toxic Spikes|p1a: the cune
|-sidestart|p1: Pami.eth|move: Toxic Spikes
|
|-heal|p1a: the cune|44/100|[from] item: Leftovers
|upkeep
|turn|35
|inactive|Rozwel has 120 seconds left.
|
|t:|1664097175
|-end|p2a: Weezing|ability: Neutralizing Gas
|-ability|p1a: the cune|Pressure
|switch|p2a: Crobat|Crobat, M|55/100 brn
|move|p1a: the cune|Substitute|p1a: the cune
|-start|p1a: the cune|Substitute
|-damage|p1a: the cune|19/100
|
|-heal|p1a: the cune|25/100|[from] item: Leftovers
|-damage|p2a: Crobat|48/100 brn|[from] brn
|upkeep
|turn|36
|
|t:|1664097185
|move|p1a: the cune|Protect|p1a: the cune
|-singleturn|p1a: the cune|Protect
|move|p2a: Crobat|Roost|p2a: Crobat
|-heal|p2a: Crobat|98/100 brn
|-singleturn|p2a: Crobat|move: Roost
|
|-heal|p1a: the cune|31/100|[from] item: Leftovers
|-damage|p2a: Crobat|92/100 brn|[from] brn
|upkeep
|turn|37
|
|t:|1664097199
|move|p2a: Crobat|Toxic|p1a: the cune
|-status|p1a: the cune|tox
|move|p1a: the cune|Scald|p2a: Crobat
|-damage|p2a: Crobat|62/100 brn
|
|-heal|p1a: the cune|37/100 tox|[from] item: Leftovers
|-damage|p1a: the cune|31/100 tox|[from] psn
|-damage|p2a: Crobat|56/100 brn|[from] brn
|upkeep
|turn|38
|
|t:|1664097209
|switch|p1a: kiss|Togekiss, F, shiny|83/100
|move|p2a: Crobat|Roost|p2a: Crobat
|-heal|p2a: Crobat|100/100 brn
|-singleturn|p2a: Crobat|move: Roost
|
|-damage|p2a: Crobat|94/100 brn|[from] brn
|upkeep
|turn|39
|
|t:|1664097218
|move|p2a: Crobat|Taunt|p1a: kiss
|-start|p1a: kiss|move: Taunt
|cant|p1a: kiss|move: Taunt|Defog
|
|-damage|p2a: Crobat|88/100 brn|[from] brn
|upkeep
|turn|40
|
|t:|1664097235
|move|p2a: Crobat|Toxic|p1a: kiss
|-status|p1a: kiss|tox
|move|p1a: kiss|Air Slash|p2a: Crobat
|-damage|p2a: Crobat|51/100 brn
|
|-damage|p1a: kiss|77/100 tox|[from] psn
|-damage|p2a: Crobat|45/100 brn|[from] brn
|upkeep
|turn|41
|inactive|Rozwel has 120 seconds left.
|
|t:|1664097243
|move|p2a: Crobat|Roost|p2a: Crobat
|-heal|p2a: Crobat|95/100 brn
|-singleturn|p2a: Crobat|move: Roost
|move|p1a: kiss|Air Slash|p2a: Crobat
|-damage|p2a: Crobat|59/100 brn
|
|-damage|p1a: kiss|64/100 tox|[from] psn
|-damage|p2a: Crobat|53/100 brn|[from] brn
|-end|p1a: kiss|move: Taunt
|upkeep
|turn|42
|inactive|Rozwel has 120 seconds left.
|
|t:|1664097257
|move|p2a: Crobat|Taunt|p1a: kiss
|-start|p1a: kiss|move: Taunt
|move|p1a: kiss|Air Slash|p2a: Crobat
|-damage|p2a: Crobat|12/100 brn
|
|-damage|p1a: kiss|46/100 tox|[from] psn
|-damage|p2a: Crobat|6/100 brn|[from] brn
|upkeep
|turn|43
|
|t:|1664097265
|switch|p1a: meta|Metagross, shiny|46/100
|-damage|p1a: meta|40/100|[from] Stealth Rock
|move|p2a: Crobat|Roost|p2a: Crobat
|-heal|p2a: Crobat|56/100 brn
|-singleturn|p2a: Crobat|move: Roost
|
|-heal|p1a: meta|46/100|[from] item: Leftovers
|-damage|p2a: Crobat|50/100 brn|[from] brn
|upkeep
|turn|44
|inactive|Pami.eth has 120 seconds left.
|
|t:|1664097304
|move|p2a: Crobat|Taunt|p1a: meta
|-start|p1a: meta|move: Taunt
|move|p1a: meta|Ice Punch|p2a: Crobat
|-supereffective|p2a: Crobat
|-damage|p2a: Crobat|5/100 brn
|
|-heal|p1a: meta|52/100|[from] item: Leftovers
|-damage|p2a: Crobat|0 fnt|[from] brn
|faint|p2a: Crobat
|upkeep
|inactive|Rozwel has 120 seconds left.
|
|t:|1664097315
|switch|p2a: Chandelure|Chandelure, M|28/100
|turn|45
|inactive|Pami.eth has 120 seconds left.
|
|t:|1664097339
|switch|p1a: the cune|Suicune|31/100 tox
|-damage|p1a: the cune|19/100 tox|[from] Stealth Rock
|-ability|p1a: the cune|Pressure
|move|p2a: Chandelure|Flamethrower|p1a: the cune
|-resisted|p1a: the cune
|-damage|p1a: the cune|0 fnt
|faint|p1a: the cune
|
|upkeep
|
|t:|1664097353
|switch|p1a: luna|Heracross, F, shiny|72/100
|-damage|p1a: luna|59/100|[from] Stealth Rock
|-status|p1a: luna|psn
|turn|46
|
|t:|1664097358
|switch|p1a: meta|Metagross, shiny|52/100
|-damage|p1a: meta|46/100|[from] Stealth Rock
|move|p2a: Chandelure|Protect||[still]
|-fail|p2a: Chandelure
|
|-heal|p1a: meta|52/100|[from] item: Leftovers
|upkeep
|turn|47
|inactive|Pami.eth has 120 seconds left.
|
|t:|1664097366
|move|p1a: meta|Protect|p1a: meta
|-singleturn|p1a: meta|Protect
|move|p2a: Chandelure|Flamethrower|p1a: meta
|-activate|p1a: meta|move: Protect
|
|-heal|p1a: meta|58/100|[from] item: Leftovers
|upkeep
|turn|48
|
|t:|1664097373
|switch|p1a: kiss|Togekiss, F, shiny|46/100 tox
|move|p2a: Chandelure|Flamethrower|p1a: kiss
|-damage|p1a: kiss|0 fnt
|faint|p1a: kiss
|
|upkeep
|
|t:|1664097380
|switch|p1a: Celebi|Celebi, shiny|88/100
|-damage|p1a: Celebi|76/100|[from] Stealth Rock
|-status|p1a: Celebi|psn
|turn|49
|
|t:|1664097393
|move|p1a: Celebi|Earth Power|p2a: Chandelure
|-supereffective|p2a: Chandelure
|-damage|p2a: Chandelure|0 fnt
|faint|p2a: Chandelure
|
|-heal|p1a: Celebi|82/100 psn|[from] item: Leftovers
|-damage|p1a: Celebi|70/100 psn|[from] psn
|upkeep
|
|t:|1664097402
|switch|p2a: Flygon|Flygon, M|100/100
|-damage|p2a: Flygon|95/100|[from] Stealth Rock
|turn|50
|
|t:|1664097408
|move|p1a: Celebi|Nasty Plot|p1a: Celebi
|-boost|p1a: Celebi|spa|2
|move|p2a: Flygon|U-turn|p1a: Celebi
|-supereffective|p1a: Celebi
|-crit|p1a: Celebi
|-damage|p1a: Celebi|0 fnt
|faint|p1a: Celebi
|
|t:|1664097418
|switch|p2a: Guzzlord|Guzzlord|64/100|[from]move: U-turn
|
|upkeep
|
|t:|1664097430
|switch|p1a: luna|Heracross, F, shiny|59/100 psn
|-damage|p1a: luna|47/100 psn|[from] Stealth Rock
|turn|51
|
|t:|1664097437
|switch|p2a: Weezing|Weezing-Galar, F|78/100
|-ability|p2a: Weezing|Neutralizing Gas
|-damage|p2a: Weezing|65/100|[from] Stealth Rock
|move|p1a: luna|Close Combat|p2a: Weezing
|-resisted|p2a: Weezing
|-damage|p2a: Weezing|56/100
|-unboost|p1a: luna|def|1
|-unboost|p1a: luna|spd|1
|
|-damage|p1a: luna|35/100 psn|[from] psn
|upkeep
|turn|52
|
|t:|1664097449
|move|p1a: luna|Close Combat|p2a: Weezing
|-resisted|p2a: Weezing
|-damage|p2a: Weezing|46/100
|-unboost|p1a: luna|def|1
|-unboost|p1a: luna|spd|1
|move|p2a: Weezing|Corrosive Gas|p1a: luna
|-enditem|p1a: luna|Choice Scarf|[from] move: Corrosive Gas|[of] p2a: Weezing
|
|-damage|p1a: luna|23/100 psn|[from] psn
|upkeep
|turn|53
|
|t:|1664097462
|move|p1a: luna|Close Combat|p2a: Weezing
|-resisted|p2a: Weezing
|-damage|p2a: Weezing|35/100
|-unboost|p1a: luna|def|1
|-unboost|p1a: luna|spd|1
|move|p2a: Weezing|Corrosive Gas|p1a: luna
|-fail|p1a: luna|move: Corrosive Gas
|
|-damage|p1a: luna|10/100 psn|[from] psn
|upkeep
|turn|54
|
|t:|1664097474
|-end|p2a: Weezing|ability: Neutralizing Gas
|switch|p2a: Guzzlord|Guzzlord|64/100
|move|p1a: luna|Stone Edge|p2a: Guzzlord
|-damage|p2a: Guzzlord|34/100
|
|-damage|p1a: luna|0 fnt|[from] psn
|faint|p1a: luna
|upkeep
|j|+taoke
|
|t:|1664097492
|switch|p1a: meta|Metagross, shiny|58/100
|-damage|p1a: meta|52/100|[from] Stealth Rock
|turn|55
|
|t:|1664097497
|move|p1a: meta|Protect|p1a: meta
|-singleturn|p1a: meta|Protect
|move|p2a: Guzzlord|Knock Off|p1a: meta
|-activate|p1a: meta|move: Protect
|
|-heal|p1a: meta|58/100|[from] item: Leftovers
|upkeep
|turn|56
|
|t:|1664097503
|move|p1a: meta|Cosmic Power|p1a: meta
|-boost|p1a: meta|def|1
|-boost|p1a: meta|spd|1
|move|p2a: Guzzlord|Knock Off|p1a: meta
|-supereffective|p1a: meta
|-damage|p1a: meta|33/100
|-enditem|p1a: meta|Leftovers|[from] move: Knock Off|[of] p2a: Guzzlord
|
|upkeep
|turn|57
|
|t:|1664097511
|move|p1a: meta|Body Press|p2a: Guzzlord
|-supereffective|p2a: Guzzlord
|-damage|p2a: Guzzlord|0 fnt
|faint|p2a: Guzzlord
|
|upkeep
|
|t:|1664097515
|switch|p2a: Flygon|Flygon, M|95/100
|-damage|p2a: Flygon|89/100|[from] Stealth Rock
|turn|58
|
|t:|1664097524
|move|p2a: Flygon|Earthquake|p1a: meta
|-supereffective|p1a: meta
|-damage|p1a: meta|0 fnt
|faint|p1a: meta
|
|win|Rozwel
|raw|Pami.eth's rating: 1367 &rarr; <strong>1356</strong><br />(-11 for losing)
|raw|Rozwel's rating: 1527 &rarr; <strong>1538</strong><br />(+11 for winning)
|l|☆Pami.eth
||Ladder isn't responding, score probably updated but might not have (Request timeout).
|l|+taoke
|j|+taoke
|l|+taoke
