|j|☆Mist Mermaid
|j|☆thievul is good
|player|p1|Mist Mermaid|caitlin|1245
|player|p2|thievul is good|lucas|1251
|teamsize|p1|6
|teamsize|p2|6
|gametype|singles
|gen|8
|tier|[Gen 8] RU
|rated|
|clearpoke
|poke|p1|Lunatone|
|poke|p1|Dhelmise|
|poke|p1|Shelmet, F|
|poke|p1|Boltund, F|
|poke|p1|Silvally-*|
|poke|p1|Glaceon, M|
|poke|p2|Thievul, F|
|poke|p2|Indeedee-F, F|
|poke|p2|Gigalith, M|
|poke|p2|Silvally-*|
|poke|p2|Gurdurr, F|
|poke|p2|Whimsicott, M|
|rule|Sleep Clause Mod: Limit one foe put to sleep
|rule|Species Clause: Limit one of each Pokémon
|rule|OHKO Clause: OHKO moves are banned
|rule|Evasion Moves Clause: Evasion moves are banned
|rule|Endless Battle Clause: Forcing endless battles is banned
|rule|HP Percentage Mod: HP is shown in percentages
|rule|Dynamax Clause: You cannot dynamax
|teampreview
|inactive|Battle timer is ON: inactive players will automatically lose when time's up. (requested by Mist Mermaid)
|
|start
|switch|p1a: Shelmet|Shelmet, F|100/100
|switch|p2a: Gigalith|Gigalith, M|100/100
|-weather|Sandstorm|[from] ability: Sand Stream|[of] p2a: Gigalith
|turn|1
|
|move|p2a: Gigalith|Rock Blast|p1a: Shelmet
|-supereffective|p1a: Shelmet
|-damage|p1a: Shelmet|84/100
|-supereffective|p1a: Shelmet
|-damage|p1a: Shelmet|67/100
|-supereffective|p1a: Shelmet
|-damage|p1a: Shelmet|53/100
|-hitcount|p1a: Shelmet|3
|move|p1a: Shelmet|Toxic Spikes|p2a: Gigalith
|-sidestart|p2: thievul is good|move: Toxic Spikes
|
|-weather|Sandstorm|[upkeep]
|-damage|p1a: Shelmet|47/100|[from] Sandstorm
|upkeep
|turn|2
|
|move|p2a: Gigalith|Stealth Rock|p1a: Shelmet
|-sidestart|p1: Mist Mermaid|move: Stealth Rock
|move|p1a: Shelmet|Recover|p1a: Shelmet
|-heal|p1a: Shelmet|97/100
|
|-weather|Sandstorm|[upkeep]
|-damage|p1a: Shelmet|91/100|[from] Sandstorm
|upkeep
|turn|3
|
|move|p2a: Gigalith|Rock Blast|p1a: Shelmet|[miss]
|-miss|p2a: Gigalith|p1a: Shelmet
|move|p1a: Shelmet|Toxic Spikes|p2a: Gigalith
|-sidestart|p2: thievul is good|move: Toxic Spikes
|
|-weather|Sandstorm|[upkeep]
|-damage|p1a: Shelmet|85/100|[from] Sandstorm
|upkeep
|turn|4
|
|move|p2a: Gigalith|Rock Blast|p1a: Shelmet|[miss]
|-miss|p2a: Gigalith|p1a: Shelmet
|move|p1a: Shelmet|Spikes|p2a: Gigalith
|-sidestart|p2: thievul is good|Spikes
|
|-weather|Sandstorm|[upkeep]
|-damage|p1a: Shelmet|79/100|[from] Sandstorm
|upkeep
|turn|5
|
|move|p2a: Gigalith|Rock Blast|p1a: Shelmet
|-supereffective|p1a: Shelmet
|-damage|p1a: Shelmet|62/100
|-supereffective|p1a: Shelmet
|-damage|p1a: Shelmet|47/100
|-hitcount|p1a: Shelmet|2
|move|p1a: Shelmet|Recover|p1a: Shelmet
|-heal|p1a: Shelmet|97/100
|
|-weather|none
|upkeep
|turn|6
|c|☆thievul is good|:hmm:
|
|move|p2a: Gigalith|Rock Blast|p1a: Shelmet
|-supereffective|p1a: Shelmet
|-damage|p1a: Shelmet|81/100
|-supereffective|p1a: Shelmet
|-damage|p1a: Shelmet|65/100
|-hitcount|p1a: Shelmet|2
|move|p1a: Shelmet|Struggle Bug|p2a: Gigalith
|-crit|p2a: Gigalith
|-damage|p2a: Gigalith|89/100
|-unboost|p2a: Gigalith|spa|1
|
|-heal|p2a: Gigalith|95/100|[from] item: Leftovers
|upkeep
|turn|7
|
|move|p2a: Gigalith|Rock Blast|p1a: Shelmet
|-supereffective|p1a: Shelmet
|-damage|p1a: Shelmet|50/100
|-supereffective|p1a: Shelmet
|-damage|p1a: Shelmet|36/100
|-supereffective|p1a: Shelmet
|-damage|p1a: Shelmet|19/100
|-hitcount|p1a: Shelmet|3
|move|p1a: Shelmet|Recover|p1a: Shelmet
|-heal|p1a: Shelmet|69/100
|
|-heal|p2a: Gigalith|100/100|[from] item: Leftovers
|upkeep
|turn|8
|
|move|p2a: Gigalith|Rock Blast|p1a: Shelmet
|-supereffective|p1a: Shelmet
|-damage|p1a: Shelmet|53/100
|-supereffective|p1a: Shelmet
|-damage|p1a: Shelmet|37/100
|-supereffective|p1a: Shelmet
|-damage|p1a: Shelmet|21/100
|-hitcount|p1a: Shelmet|3
|move|p1a: Shelmet|Recover|p1a: Shelmet
|-heal|p1a: Shelmet|71/100
|
|upkeep
|turn|9
|
|move|p2a: Gigalith|Rock Blast|p1a: Shelmet|[miss]
|-miss|p2a: Gigalith|p1a: Shelmet
|move|p1a: Shelmet|Spikes|p2a: Gigalith
|-sidestart|p2: thievul is good|Spikes
|
|upkeep
|turn|10
|c|☆thievul is good|._.
|
|move|p2a: Gigalith|Rock Blast|p1a: Shelmet
|-supereffective|p1a: Shelmet
|-damage|p1a: Shelmet|57/100
|-supereffective|p1a: Shelmet
|-damage|p1a: Shelmet|42/100
|-supereffective|p1a: Shelmet
|-damage|p1a: Shelmet|27/100
|-supereffective|p1a: Shelmet
|-damage|p1a: Shelmet|10/100
|-supereffective|p1a: Shelmet
|-damage|p1a: Shelmet|0 fnt
|-hitcount|p1a: Shelmet|5
|faint|p1a: Shelmet
|
|upkeep
|
|switch|p1a: Dhelmise|Dhelmise|100/100
|-damage|p1a: Dhelmise|88/100|[from] Stealth Rock
|turn|11
|
|switch|p2a: Gurdurr|Gurdurr, F|100/100
|-damage|p2a: Gurdurr|84/100|[from] Spikes
|-status|p2a: Gurdurr|tox
|move|p1a: Dhelmise|Power Whip|p2a: Gurdurr
|-damage|p2a: Gurdurr|47/100 tox
|
|-damage|p2a: Gurdurr|41/100 tox|[from] psn
|upkeep
|turn|12
|
|move|p2a: Gurdurr|Defog|p1a: Dhelmise
|-unboost|p1a: Dhelmise|evasion|1
|-sideend|p1: Mist Mermaid|Stealth Rock|[from] move: Defog|[of] p2a: Gurdurr
|-sideend|p2: thievul is good|Spikes|[from] move: Defog|[of] p2a: Gurdurr
|-sideend|p2: thievul is good|Toxic Spikes|[from] move: Defog|[of] p2a: Gurdurr
|move|p1a: Dhelmise|Rapid Spin|p2a: Gurdurr
|-damage|p2a: Gurdurr|30/100 tox
|-boost|p1a: Dhelmise|spe|1
|
|-damage|p2a: Gurdurr|18/100 tox|[from] psn
|upkeep
|turn|13
|
|switch|p2a: Silvally|Silvally-Ghost|100/100
|move|p1a: Dhelmise|Anchor Shot|p2a: Silvally
|-damage|p2a: Silvally|53/100
|
|upkeep
|turn|14
|
|switch|p1a: Boltund|Boltund, F|100/100
|move|p2a: Silvally|Multi-Attack|p1a: Boltund
|-damage|p1a: Boltund|15/100
|
|upkeep
|turn|15
|
|switch|p2a: Gigalith|Gigalith, M|100/100
|-weather|Sandstorm|[from] ability: Sand Stream|[of] p2a: Gigalith
|move|p1a: Boltund|Thunder Fang|p2a: Gigalith
|-damage|p2a: Gigalith|60/100
|
|-weather|Sandstorm|[upkeep]
|-damage|p1a: Boltund|9/100|[from] Sandstorm
|-heal|p2a: Gigalith|66/100|[from] item: Leftovers
|upkeep
|turn|16
|
|move|p1a: Boltund|Thunder Fang|p2a: Gigalith
|-damage|p2a: Gigalith|20/100
|cant|p2a: Gigalith|flinch
|
|-weather|Sandstorm|[upkeep]
|-damage|p1a: Boltund|3/100|[from] Sandstorm
|-heal|p2a: Gigalith|26/100|[from] item: Leftovers
|upkeep
|turn|17
|
|switch|p2a: Whimsicott|Whimsicott, M|100/100
|move|p1a: Boltund|Thunder Fang|p2a: Whimsicott
|-resisted|p2a: Whimsicott
|-damage|p2a: Whimsicott|55/100
|
|-weather|Sandstorm|[upkeep]
|-damage|p1a: Boltund|0 fnt|[from] Sandstorm
|-damage|p2a: Whimsicott|49/100|[from] Sandstorm
|faint|p1a: Boltund
|upkeep
|
|switch|p1a: Glaceon|Glaceon, M|100/100
|turn|18
|
|move|p1a: Glaceon|Ice Beam|p2a: Whimsicott
|-supereffective|p2a: Whimsicott
|-damage|p2a: Whimsicott|0 fnt
|faint|p2a: Whimsicott
|
|-weather|Sandstorm|[upkeep]
|-damage|p1a: Glaceon|95/100|[from] Sandstorm
|upkeep
|
|switch|p2a: Indeedee|Indeedee-F, F|100/100
|-fieldstart|move: Psychic Terrain|[from] ability: Psychic Surge|[of] p2a: Indeedee
|turn|19
|
|move|p2a: Indeedee|Mystical Fire|p1a: Glaceon
|-supereffective|p1a: Glaceon
|-damage|p1a: Glaceon|37/100
|-unboost|p1a: Glaceon|spa|1
|move|p1a: Glaceon|Ice Beam|p2a: Indeedee
|-damage|p2a: Indeedee|64/100
|
|-weather|none
|upkeep
|turn|20
|
|switch|p2a: Thievul|Thievul, F|100/100
|-enditem|p2a: Thievul|Psychic Seed
|-boost|p2a: Thievul|spd|1|[from] item: Psychic Seed
|switch|p1a: Lunatone|Lunatone|100/100
|
|upkeep
|turn|21
|
|switch|p1a: Silvally|Silvally-Poison|100/100
|move|p2a: Thievul|Nasty Plot|p2a: Thievul
|-boost|p2a: Thievul|spa|2
|
|upkeep
|turn|22
|
|move|p2a: Thievul|Psychic|p1a: Silvally
|-supereffective|p1a: Silvally
|-damage|p1a: Silvally|0 fnt
|faint|p1a: Silvally
|
|upkeep
|
|switch|p1a: Dhelmise|Dhelmise|88/100
|turn|23
|
|move|p2a: Thievul|Dark Pulse|p1a: Dhelmise
|-supereffective|p1a: Dhelmise
|-damage|p1a: Dhelmise|0 fnt
|faint|p1a: Dhelmise
|
|-fieldend|move: Psychic Terrain
|upkeep
|-message|Mist Mermaid forfeited.
|
|win|thievul is good
|l|☆Mist Mermaid
|raw|Mist Mermaid's rating: 1245 &rarr; <strong>1221</strong><br />(-24 for losing)
|raw|thievul is good's rating: 1251 &rarr; <strong>1276</strong><br />(+25 for winning)
