|html|<div class="broadcast-blue"><strong>[Gen 8] RU is currently suspecting Durant! For information on how to participate check out the <a href="https://www.smogon.com/forums/threads/np-ru-stage-9-hit-or-miss-durant-suspect-test.3690288/">suspect thread</a>.</strong></div>
|j|☆haynesjo
|j|☆linlinzhu
|t:|1631197696
|gametype|singles
|player|p1|haynesjo|jogger|1382
|player|p2|linlinzhu|pokemonrangerf-gen4|1493
|teamsize|p1|6
|teamsize|p2|6
|gen|8
|tier|[Gen 8] RU
|rated|
|rule|Sleep Clause Mod: Limit one foe put to sleep
|rule|Species Clause: Limit one of each Pokémon
|rule|OHKO Clause: OHKO moves are banned
|rule|Evasion Moves Clause: Evasion moves are banned
|rule|Endless Battle Clause: Forcing endless battles is banned
|rule|HP Percentage Mod: HP is shown in percentages
|rule|Dynamax Clause: You cannot dynamax
|clearpoke
|poke|p1|Regidrago|
|poke|p1|Roserade, F|
|poke|p1|Metagross|
|poke|p1|Volcanion|
|poke|p1|Raikou|
|poke|p1|Dhelmise|
|poke|p2|Necrozma|
|poke|p2|Mantine, M|
|poke|p2|Weezing, M|
|poke|p2|Golurk|
|poke|p2|Registeel|
|poke|p2|Umbreon, M|
|teampreview
|
|t:|1631197730
|start
|switch|p1a: Raikou|Raikou, shiny|100/100
|switch|p2a: Umbreon|Umbreon, M|100/100
|-ability|p1a: Raikou|Pressure
|turn|1
|
|t:|1631197746
|switch|p1a: Roserade|Roserade, F|100/100
|move|p2a: Umbreon|Foul Play|p1a: Roserade
|-damage|p1a: Roserade|67/100
|
|upkeep
|turn|2
|
|t:|1631197767
|switch|p2a: Necrozma|Necrozma|100/100
|move|p1a: Roserade|Toxic Spikes|p2a: Necrozma
|-sidestart|p2: linlinzhu|move: Toxic Spikes
|
|upkeep
|turn|3
|
|t:|1631197791
|switch|p1a: Dhelmise|Dhelmise|100/100
|move|p2a: Necrozma|Swords Dance|p2a: Necrozma
|-boost|p2a: Necrozma|atk|2
|
|upkeep
|turn|4
|
|t:|1631197803
|move|p2a: Necrozma|Knock Off|p1a: Dhelmise
|-supereffective|p1a: Dhelmise
|-damage|p1a: Dhelmise|0 fnt
|-enditem|p1a: Dhelmise|Leftovers|[from] move: Knock Off|[of] p2a: Necrozma
|faint|p1a: Dhelmise
|
|upkeep
|
|t:|1631197832
|switch|p1a: Regidrago|Regidrago, shiny|100/100
|turn|5
|c|☆haynesjo|dang never seen swords dance i thought he only got dragon dance
|
|t:|1631197851
|switch|p2a: Weezing|Weezing, M|100/100
|-ability|p2a: Weezing|Neutralizing Gas
|-sideend|p2: linlinzhu|move: Toxic Spikes|[of] p2a: Weezing
|move|p1a: Regidrago|Endure||[still]
|-fail|p1a: Regidrago
|
|upkeep
|turn|6
|
|t:|1631197879
|switch|p1a: Metagross|Metagross|100/100
|move|p2a: Weezing|Toxic Spikes|p1a: Metagross
|-sidestart|p1: haynesjo|move: Toxic Spikes
|
|upkeep
|turn|7
|
|t:|1631197904
|-end|p2a: Weezing|ability: Neutralizing Gas
|switch|p2a: Golurk|Golurk|100/100
|move|p1a: Metagross|Cosmic Power|p1a: Metagross
|-boost|p1a: Metagross|def|1
|-boost|p1a: Metagross|spd|1
|
|upkeep
|turn|8
|
|t:|1631197917
|move|p1a: Metagross|Cosmic Power|p1a: Metagross
|-boost|p1a: Metagross|def|1
|-boost|p1a: Metagross|spd|1
|move|p2a: Golurk|Dynamic Punch|p1a: Metagross
|-damage|p1a: Metagross|90/100
|-start|p1a: Metagross|confusion
|
|-heal|p1a: Metagross|96/100|[from] item: Leftovers
|upkeep
|turn|9
|
|t:|1631197927
|switch|p2a: Mantine|Mantine, M|100/100
|-activate|p1a: Metagross|confusion
|move|p1a: Metagross|Meteor Mash|p2a: Mantine|[miss]
|-miss|p1a: Metagross|p2a: Mantine
|
|-heal|p1a: Metagross|100/100|[from] item: Leftovers
|upkeep
|turn|10
|
|t:|1631197935
|move|p2a: Mantine|Haze|p2a: Mantine
|-clearallboost
|-end|p1a: Metagross|confusion
|move|p1a: Metagross|Cosmic Power|p1a: Metagross
|-boost|p1a: Metagross|def|1
|-boost|p1a: Metagross|spd|1
|
|upkeep
|turn|11
|
|t:|1631197942
|move|p2a: Mantine|Scald|p1a: Metagross
|-damage|p1a: Metagross|88/100
|-status|p1a: Metagross|brn
|move|p1a: Metagross|Meteor Mash|p2a: Mantine
|-resisted|p2a: Mantine
|-damage|p2a: Mantine|93/100
|
|-heal|p1a: Metagross|94/100 brn|[from] item: Leftovers
|-damage|p1a: Metagross|88/100 brn|[from] brn
|upkeep
|turn|12
|
|t:|1631197952
|move|p2a: Mantine|Haze|p2a: Mantine
|-clearallboost
|move|p1a: Metagross|Rest|p1a: Metagross
|-status|p1a: Metagross|slp|[from] move: Rest
|-heal|p1a: Metagross|100/100 slp|[silent]
|
|upkeep
|turn|13
|
|t:|1631197965
|move|p2a: Mantine|Scald|p1a: Metagross
|-damage|p1a: Metagross|78/100 slp
|cant|p1a: Metagross|slp
|
|-heal|p1a: Metagross|84/100 slp|[from] item: Leftovers
|upkeep
|turn|14
|
|t:|1631197972
|move|p2a: Mantine|Scald|p1a: Metagross
|-crit|p1a: Metagross
|-damage|p1a: Metagross|54/100 slp
|cant|p1a: Metagross|slp
|
|-heal|p1a: Metagross|60/100 slp|[from] item: Leftovers
|upkeep
|turn|15
|
|t:|1631197993
|switch|p1a: Raikou|Raikou, shiny|100/100
|-ability|p1a: Raikou|Pressure
|move|p2a: Mantine|Scald|p1a: Raikou
|-crit|p1a: Raikou
|-damage|p1a: Raikou|61/100
|-status|p1a: Raikou|brn
|
|-damage|p1a: Raikou|55/100 brn|[from] brn
|upkeep
|turn|16
|
|t:|1631198012
|switch|p2a: Umbreon|Umbreon, M|100/100
|move|p1a: Raikou|Calm Mind|p1a: Raikou
|-boost|p1a: Raikou|spa|1
|-boost|p1a: Raikou|spd|1
|
|-damage|p1a: Raikou|48/100 brn|[from] brn
|upkeep
|turn|17
|
|t:|1631198022
|move|p1a: Raikou|Thunderbolt|p2a: Umbreon
|-damage|p2a: Umbreon|68/100
|move|p2a: Umbreon|Foul Play|p1a: Raikou
|-damage|p1a: Raikou|19/100 brn
|
|-heal|p2a: Umbreon|74/100|[from] item: Leftovers
|-damage|p1a: Raikou|12/100 brn|[from] brn
|upkeep
|turn|18
|
|t:|1631198056
|move|p1a: Raikou|Thunderbolt|p2a: Umbreon
|-damage|p2a: Umbreon|38/100
|move|p2a: Umbreon|Wish|p2a: Umbreon
|
|-heal|p2a: Umbreon|44/100|[from] item: Leftovers
|-damage|p1a: Raikou|6/100 brn|[from] brn
|upkeep
|turn|19
|
|t:|1631198066
|move|p2a: Umbreon|Protect|p2a: Umbreon
|-singleturn|p2a: Umbreon|Protect
|move|p1a: Raikou|Scald|p2a: Umbreon
|-activate|p2a: Umbreon|move: Protect
|
|-heal|p2a: Umbreon|94/100|[from] move: Wish|[wisher] Umbreon
|-heal|p2a: Umbreon|99/100|[from] item: Leftovers
|-damage|p1a: Raikou|0 fnt|[from] brn
|faint|p1a: Raikou
|upkeep
|
|t:|1631198085
|switch|p1a: Regidrago|Regidrago, shiny|100/100
|-status|p1a: Regidrago|psn
|turn|20
|
|t:|1631198091
|move|p1a: Regidrago|Dragon Dance|p1a: Regidrago
|-boost|p1a: Regidrago|atk|1
|-boost|p1a: Regidrago|spe|1
|move|p2a: Umbreon|Foul Play|p1a: Regidrago
|-damage|p1a: Regidrago|41/100 psn
|
|-heal|p2a: Umbreon|100/100|[from] item: Leftovers
|-damage|p1a: Regidrago|29/100 psn|[from] psn
|upkeep
|turn|21
|
|t:|1631198100
|move|p1a: Regidrago|Outrage|p2a: Umbreon
|-damage|p2a: Umbreon|5/100
|move|p2a: Umbreon|Foul Play|p1a: Regidrago
|-damage|p1a: Regidrago|0 fnt
|faint|p1a: Regidrago
|
|-heal|p2a: Umbreon|11/100|[from] item: Leftovers
|upkeep
|
|t:|1631198109
|switch|p1a: Volcanion|Volcanion|100/100
|turn|22
|
|t:|1631198116
|move|p1a: Volcanion|Steam Eruption|p2a: Umbreon
|-damage|p2a: Umbreon|0 fnt
|faint|p2a: Umbreon
|
|upkeep
|
|t:|1631198156
|switch|p2a: Necrozma|Necrozma|100/100
|turn|23
|
|t:|1631198163
|move|p2a: Necrozma|Photon Geyser|p1a: Volcanion
|-damage|p1a: Volcanion|60/100
|move|p1a: Volcanion|Steam Eruption|p2a: Necrozma
|-damage|p2a: Necrozma|31/100
|-status|p2a: Necrozma|brn
|
|-heal|p2a: Necrozma|37/100 brn|[from] item: Leftovers
|-damage|p2a: Necrozma|31/100 brn|[from] brn
|upkeep
|turn|24
|
|t:|1631198197
|switch|p2a: Mantine|Mantine, M|93/100
|move|p1a: Volcanion|Steam Eruption|p2a: Mantine
|-heal|p2a: Mantine|100/100|[from] ability: Water Absorb|[of] p1a: Volcanion
|
|upkeep
|turn|25
|
|t:|1631198218
|move|p1a: Volcanion|Toxic|p2a: Mantine
|-status|p2a: Mantine|tox
|move|p2a: Mantine|Haze|p2a: Mantine
|-clearallboost
|
|-damage|p2a: Mantine|94/100 tox|[from] psn
|upkeep
|turn|26
|
|t:|1631198267
|switch|p1a: Roserade|Roserade, F|67/100
|-sideend|p1: haynesjo|move: Toxic Spikes|[of] p1a: Roserade
|switch|p2a: Golurk|Golurk|100/100
|
|upkeep
|turn|27
|
|t:|1631198279
|move|p1a: Roserade|Leaf Storm|p2a: Golurk
|-supereffective|p2a: Golurk
|-damage|p2a: Golurk|0 fnt
|-unboost|p1a: Roserade|spa|2
|faint|p2a: Golurk
|
|upkeep
|
|t:|1631198284
|switch|p2a: Registeel|Registeel|100/100
|turn|28
|
|t:|1631198318
|switch|p1a: Metagross|Metagross|60/100 slp
|move|p2a: Registeel|Amnesia|p2a: Registeel
|-boost|p2a: Registeel|spd|2
|
|-heal|p1a: Metagross|66/100 slp|[from] item: Leftovers
|upkeep
|turn|29
|
|t:|1631198325
|-curestatus|p1a: Metagross|slp|[msg]
|move|p1a: Metagross|Cosmic Power|p1a: Metagross
|-boost|p1a: Metagross|def|1
|-boost|p1a: Metagross|spd|1
|move|p2a: Registeel|Iron Defense|p2a: Registeel
|-boost|p2a: Registeel|def|2
|
|-heal|p1a: Metagross|72/100|[from] item: Leftovers
|upkeep
|turn|30
|
|t:|1631198337
|move|p1a: Metagross|Cosmic Power|p1a: Metagross
|-boost|p1a: Metagross|def|1
|-boost|p1a: Metagross|spd|1
|move|p2a: Registeel|Iron Defense|p2a: Registeel
|-boost|p2a: Registeel|def|2
|
|-heal|p1a: Metagross|78/100|[from] item: Leftovers
|upkeep
|turn|31
|
|t:|1631198346
|move|p1a: Metagross|Cosmic Power|p1a: Metagross
|-boost|p1a: Metagross|def|1
|-boost|p1a: Metagross|spd|1
|move|p2a: Registeel|Iron Defense|p2a: Registeel
|-boost|p2a: Registeel|def|2
|
|-heal|p1a: Metagross|84/100|[from] item: Leftovers
|upkeep
|turn|32
|
|t:|1631198353
|move|p1a: Metagross|Cosmic Power|p1a: Metagross
|-boost|p1a: Metagross|def|1
|-boost|p1a: Metagross|spd|1
|move|p2a: Registeel|Body Press|p1a: Metagross
|-damage|p1a: Metagross|57/100
|
|-heal|p1a: Metagross|63/100|[from] item: Leftovers
|upkeep
|turn|33
|
|t:|1631198363
|move|p1a: Metagross|Cosmic Power|p1a: Metagross
|-boost|p1a: Metagross|def|1
|-boost|p1a: Metagross|spd|1
|move|p2a: Registeel|Body Press|p1a: Metagross
|-damage|p1a: Metagross|35/100
|
|-heal|p1a: Metagross|41/100|[from] item: Leftovers
|upkeep
|turn|34
|
|t:|1631198372
|move|p1a: Metagross|Body Press|p2a: Registeel
|-supereffective|p2a: Registeel
|-damage|p2a: Registeel|77/100
|move|p2a: Registeel|Body Press|p1a: Metagross
|-damage|p1a: Metagross|6/100
|
|-heal|p1a: Metagross|12/100|[from] item: Leftovers
|upkeep
|turn|35
|
|t:|1631198386
|move|p1a: Metagross|Rest|p1a: Metagross
|-status|p1a: Metagross|slp|[from] move: Rest
|-heal|p1a: Metagross|100/100 slp|[silent]
|move|p2a: Registeel|Body Press|p1a: Metagross
|-damage|p1a: Metagross|63/100 slp
|
|-heal|p1a: Metagross|69/100 slp|[from] item: Leftovers
|upkeep
|turn|36
|
|t:|1631198395
|cant|p1a: Metagross|slp
|move|p2a: Registeel|Body Press|p1a: Metagross
|-damage|p1a: Metagross|27/100 slp
|
|-heal|p1a: Metagross|33/100 slp|[from] item: Leftovers
|upkeep
|turn|37
|
|t:|1631198402
|cant|p1a: Metagross|slp
|move|p2a: Registeel|Body Press|p1a: Metagross
|-damage|p1a: Metagross|0 fnt
|faint|p1a: Metagross
|
|upkeep
|
|t:|1631198414
|switch|p1a: Volcanion|Volcanion|60/100
|turn|38
|
|t:|1631198417
|move|p1a: Volcanion|Fire Blast|p2a: Registeel
|-supereffective|p2a: Registeel
|-damage|p2a: Registeel|36/100
|move|p2a: Registeel|Body Press|p1a: Volcanion
|-damage|p1a: Volcanion|0 fnt
|faint|p1a: Volcanion
|
|upkeep
|
|t:|1631198425
|switch|p1a: Roserade|Roserade, F|67/100
|turn|39
|
|t:|1631198437
|move|p1a: Roserade|Leaf Storm|p2a: Registeel
|-resisted|p2a: Registeel
|-damage|p2a: Registeel|26/100
|-unboost|p1a: Roserade|spa|2
|move|p2a: Registeel|Body Press|p1a: Roserade
|-resisted|p1a: Roserade
|-damage|p1a: Roserade|0 fnt
|faint|p1a: Roserade
|
|win|linlinzhu
|raw|haynesjo's rating: 1382 &rarr; <strong>1368</strong><br />(-14 for losing)
|raw|linlinzhu's rating: 1493 &rarr; <strong>1507</strong><br />(+14 for winning)
|c|☆haynesjo|gg sir
|l|☆haynesjo
||Ladder isn't responding, score probably updated but might not have (Request timeout).
