|j|☆Alison Hargreeves
|j|☆Mac3
|player|p1|Alison Hargreeves|drasna|
|player|p2|Mac3|279|
|teamsize|p1|6
|teamsize|p2|6
|gametype|singles
|gen|8
|tier|[Gen 8] RU
|clearpoke
|poke|p1|Scrafty, F|
|poke|p1|Steelix, M|
|poke|p1|Vaporeon, M|
|poke|p1|Xatu, F|
|poke|p1|Indeedee, M|
|poke|p1|Silvally-*|
|poke|p2|Toxicroak, F|
|poke|p2|Charizard, M|
|poke|p2|Ferroseed, F|
|poke|p2|Aromatisse, M|
|poke|p2|Rhydon, F|
|poke|p2|Indeedee, M|
|rule|Sleep Clause Mod: Limit one foe put to sleep
|rule|Species Clause: Limit one of each Pokémon
|rule|OHKO Clause: OHKO moves are banned
|rule|Evasion Moves Clause: Evasion moves are banned
|rule|Endless Battle Clause: Forcing endless battles is banned
|rule|HP Percentage Mod: HP is shown in percentages
|rule|Dynamax Clause: You cannot dynamax
|teampreview
|c|☆Alison Hargreeves|hf
|c|☆Mac3|u2
|
|start
|switch|p1a: Scrafty|Scrafty, F|100/100
|switch|p2a: Ferroseed|Ferroseed, F|100/100
|turn|1
|
|switch|p2a: Aromatisse|Aromatisse, M|100/100
|move|p1a: Scrafty|Knock Off|p2a: Aromatisse
|-resisted|p2a: Aromatisse
|-damage|p2a: Aromatisse|89/100
|-enditem|p2a: Aromatisse|Leftovers|[from] move: Knock Off|[of] p1a: Scrafty
|
|upkeep
|turn|2
|
|switch|p1a: Steelix|Steelix, M|100/100
|switch|p2a: Ferroseed|Ferroseed, F|100/100
|
|upkeep
|turn|3
|
|switch|p1a: Xatu|Xatu, F|100/100
|move|p2a: Ferroseed|Knock Off|p1a: Xatu
|-supereffective|p1a: Xatu
|-damage|p1a: Xatu|67/100
|-damage|p2a: Ferroseed|84/100|[from] item: Rocky Helmet|[of] p1a: Xatu
|-enditem|p1a: Xatu|Rocky Helmet|[from] move: Knock Off|[of] p2a: Ferroseed
|
|upkeep
|turn|4
|
|switch|p2a: Charizard|Charizard, M|100/100
|move|p1a: Xatu|Psyshock|p2a: Charizard
|-damage|p2a: Charizard|72/100
|
|upkeep
|turn|5
|
|switch|p1a: Scrafty|Scrafty, F|100/100
|move|p2a: Charizard|Fire Blast|p1a: Scrafty
|-crit|p1a: Scrafty
|-damage|p1a: Scrafty|57/100
|
|-heal|p1a: Scrafty|63/100|[from] item: Leftovers
|upkeep
|turn|6
|
|switch|p1a: Indeedee|Indeedee, M|100/100
|-fieldstart|move: Psychic Terrain|[from] ability: Psychic Surge|[of] p1a: Indeedee
|move|p2a: Charizard|Air Slash|p1a: Indeedee
|-damage|p1a: Indeedee|60/100
|
|upkeep
|turn|7
|
|switch|p2a: Indeedee|Indeedee, M|100/100
|move|p1a: Indeedee|Psychic|p2a: Indeedee
|-resisted|p2a: Indeedee
|-damage|p2a: Indeedee|63/100
|
|upkeep
|turn|8
|
|switch|p1a: Steelix|Steelix, M|100/100
|move|p2a: Indeedee|Hyper Voice|p1a: Steelix
|-resisted|p1a: Steelix
|-damage|p1a: Steelix|81/100
|
|-heal|p1a: Steelix|88/100|[from] item: Leftovers
|upkeep
|turn|9
|
|switch|p2a: Charizard|Charizard, M|72/100
|move|p1a: Steelix|Stealth Rock|p2a: Charizard
|-sidestart|p2: Mac3|move: Stealth Rock
|
|-heal|p1a: Steelix|94/100|[from] item: Leftovers
|upkeep
|turn|10
|
|switch|p1a: Vaporeon|Vaporeon, M|100/100
|move|p2a: Charizard|Fire Blast|p1a: Vaporeon
|-resisted|p1a: Vaporeon
|-damage|p1a: Vaporeon|86/100
|
|-heal|p1a: Vaporeon|93/100|[from] item: Leftovers
|-fieldend|move: Psychic Terrain
|upkeep
|turn|11
|
|move|p2a: Charizard|Defog|p1a: Vaporeon
|-unboost|p1a: Vaporeon|evasion|1
|-sideend|p2: Mac3|Stealth Rock|[from] move: Defog|[of] p2a: Charizard
|move|p1a: Vaporeon|Wish|p1a: Vaporeon
|
|-heal|p1a: Vaporeon|99/100|[from] item: Leftovers
|upkeep
|turn|12
|
|switch|p2a: Toxicroak|Toxicroak, F|100/100
|switch|p1a: Indeedee|Indeedee, M|60/100
|-fieldstart|move: Psychic Terrain|[from] ability: Psychic Surge|[of] p1a: Indeedee
|
|-heal|p1a: Indeedee|100/100|[from] move: Wish|[wisher] Vaporeon
|upkeep
|turn|13
|
|switch|p2a: Ferroseed|Ferroseed, F|84/100
|move|p1a: Indeedee|Psychic|p2a: Ferroseed
|-resisted|p2a: Ferroseed
|-damage|p2a: Ferroseed|63/100
|
|upkeep
|turn|14
|
|switch|p1a: Xatu|Xatu, F|67/100
|switch|p2a: Rhydon|Rhydon, F|100/100
|
|upkeep
|turn|15
|c|☆Alison Hargreeves|oh
|c|☆Alison Hargreeves|ur redacted
|c|☆Mac3|why do u say redacted
|c|☆Mac3|when were the only ones here
|c|☆Alison Hargreeves|its fun
|c|☆Alison Hargreeves|idk
|
|move|p1a: Xatu|Grass Knot|p2a: Rhydon
|-supereffective|p2a: Rhydon
|-damage|p2a: Rhydon|22/100
|move|p2a: Rhydon|Rock Blast|p1a: Xatu
|-supereffective|p1a: Xatu
|-damage|p1a: Xatu|36/100
|-supereffective|p1a: Xatu
|-damage|p1a: Xatu|6/100
|-hitcount|p1a: Xatu|2
|
|upkeep
|turn|16
|c|☆Alison Hargreeves|oof
|c|☆Mac3|damn
|
|switch|p2a: Ferroseed|Ferroseed, F|63/100
|move|p1a: Xatu|Roost|p1a: Xatu
|-heal|p1a: Xatu|56/100
|-singleturn|p1a: Xatu|move: Roost
|
|-fieldend|move: Psychic Terrain
|upkeep
|turn|17
|
|switch|p2a: Charizard|Charizard, M|72/100
|move|p1a: Xatu|Roost|p1a: Xatu
|-heal|p1a: Xatu|100/100
|-singleturn|p1a: Xatu|move: Roost
|
|upkeep
|turn|18
|
|switch|p1a: Vaporeon|Vaporeon, M|99/100
|switch|p2a: Toxicroak|Toxicroak, F|100/100
|
|-heal|p1a: Vaporeon|100/100|[from] item: Leftovers
|upkeep
|turn|19
|
|switch|p1a: Xatu|Xatu, F|100/100
|move|p2a: Toxicroak|Sludge Wave|p1a: Xatu
|-damage|p1a: Xatu|27/100
|
|upkeep
|turn|20
|c|☆Alison Hargreeves|specs?
|
|switch|p2a: Indeedee|Indeedee, M|63/100
|-fieldstart|move: Psychic Terrain|[from] ability: Psychic Surge|[of] p2a: Indeedee
|move|p1a: Xatu|Psyshock|p2a: Indeedee
|-resisted|p2a: Indeedee
|-damage|p2a: Indeedee|33/100
|
|upkeep
|turn|21
|c|☆Mac3|perhaps
|c|☆Alison Hargreeves|u really like specs pokemon
|
|switch|p1a: Steelix|Steelix, M|94/100
|move|p2a: Indeedee|Dazzling Gleam|p1a: Steelix
|-resisted|p1a: Steelix
|-damage|p1a: Steelix|83/100
|
|-heal|p1a: Steelix|89/100|[from] item: Leftovers
|upkeep
|turn|22
|
|switch|p2a: Charizard|Charizard, M|72/100
|move|p1a: Steelix|Toxic|p2a: Charizard
|-status|p2a: Charizard|tox
|
|-heal|p1a: Steelix|95/100|[from] item: Leftovers
|-damage|p2a: Charizard|66/100 tox|[from] psn
|upkeep
|turn|23
|
|switch|p2a: Aromatisse|Aromatisse, M|89/100
|switch|p1a: Vaporeon|Vaporeon, M|100/100
|
|upkeep
|turn|24
|
|move|p1a: Vaporeon|Wish|p1a: Vaporeon
|move|p2a: Aromatisse|Wish|p2a: Aromatisse
|
|-fieldend|move: Psychic Terrain
|upkeep
|turn|25
|
|switch|p1a: Steelix|Steelix, M|95/100
|switch|p2a: Ferroseed|Ferroseed, F|63/100
|
|-heal|p2a: Ferroseed|100/100|[from] move: Wish|[wisher] Aromatisse
|-heal|p1a: Steelix|100/100|[from] move: Wish|[wisher] Vaporeon
|upkeep
|turn|26
|
|switch|p1a: Xatu|Xatu, F|27/100
|move|p2a: Ferroseed|Knock Off|p1a: Xatu
|-supereffective|p1a: Xatu
|-damage|p1a: Xatu|3/100
|
|upkeep
|turn|27
|
|switch|p2a: Aromatisse|Aromatisse, M|89/100
|move|p1a: Xatu|Roost|p1a: Xatu
|-heal|p1a: Xatu|53/100
|-singleturn|p1a: Xatu|move: Roost
|
|upkeep
|turn|28
|
|move|p1a: Xatu|U-turn|p2a: Aromatisse
|-resisted|p2a: Aromatisse
|-damage|p2a: Aromatisse|85/100
|
|switch|p1a: Steelix|Steelix, M|100/100|[from]move: U-turn
|move|p2a: Aromatisse|Aromatherapy|p2a: Aromatisse
|-activate|p2a: Aromatisse|move: Aromatherapy
|-curestatus|p2: Charizard|tox|[msg]
|
|upkeep
|turn|29
|
|switch|p2a: Ferroseed|Ferroseed, F|100/100
|move|p1a: Steelix|Stealth Rock|p2a: Ferroseed
|-sidestart|p2: Mac3|move: Stealth Rock
|
|upkeep
|turn|30
|
|switch|p1a: Xatu|Xatu, F|53/100
|switch|p2a: Charizard|Charizard, M|66/100
|
|upkeep
|turn|31
|
|switch|p1a: Vaporeon|Vaporeon, M|100/100
|move|p2a: Charizard|Defog|p1a: Vaporeon
|-unboost|p1a: Vaporeon|evasion|1
|-sideend|p2: Mac3|Stealth Rock|[from] move: Defog|[of] p2a: Charizard
|
|upkeep
|turn|32
|
|switch|p2a: Toxicroak|Toxicroak, F|100/100
|move|p1a: Vaporeon|Wish|p1a: Vaporeon
|
|upkeep
|turn|33
|
|move|p1a: Vaporeon|Protect|p1a: Vaporeon
|-singleturn|p1a: Vaporeon|Protect
|move|p2a: Toxicroak|Shadow Ball|p1a: Vaporeon
|-activate|p1a: Vaporeon|move: Protect
|
|upkeep
|turn|34
|j|+Infernape
|
|switch|p2a: Aromatisse|Aromatisse, M|85/100
|switch|p1a: Scrafty|Scrafty, F|63/100
|
|-heal|p1a: Scrafty|69/100|[from] item: Leftovers
|upkeep
|turn|35
|
|switch|p1a: Steelix|Steelix, M|100/100
|switch|p2a: Ferroseed|Ferroseed, F|100/100
|
|upkeep
|turn|36
|c|☆Alison Hargreeves|this is gonna be a long game isnt it
|
|switch|p1a: Xatu|Xatu, F|53/100
|move|p2a: Ferroseed|Knock Off|p1a: Xatu
|-supereffective|p1a: Xatu
|-damage|p1a: Xatu|32/100
|
|upkeep
|turn|37
|c|☆Mac3|ye def
|
|move|p1a: Xatu|Roost|p1a: Xatu
|-heal|p1a: Xatu|82/100
|-singleturn|p1a: Xatu|move: Roost
|move|p2a: Ferroseed|Knock Off|p1a: Xatu
|-supereffective|p1a: Xatu
|-damage|p1a: Xatu|59/100
|
|upkeep
|turn|38
|
|move|p1a: Xatu|Roost|p1a: Xatu
|-heal|p1a: Xatu|100/100
|-singleturn|p1a: Xatu|move: Roost
|move|p2a: Ferroseed|Knock Off|p1a: Xatu
|-supereffective|p1a: Xatu
|-damage|p1a: Xatu|77/100
|
|upkeep
|turn|39
|
|move|p1a: Xatu|Psyshock|p2a: Ferroseed
|-resisted|p2a: Ferroseed
|-damage|p2a: Ferroseed|92/100
|move|p2a: Ferroseed|Spikes|p1a: Xatu
|move|p1a: Xatu|Spikes|p2a: Ferroseed|[from]Magic Bounce
|-sidestart|p2: Mac3|Spikes
|
|upkeep
|turn|40
|c|+Infernape|i dont think that long
|
|move|p1a: Xatu|Psyshock|p2a: Ferroseed
|-resisted|p2a: Ferroseed
|-damage|p2a: Ferroseed|83/100
|move|p2a: Ferroseed|Spikes|p1a: Xatu
|move|p1a: Xatu|Spikes|p2a: Ferroseed|[from]Magic Bounce
|-sidestart|p2: Mac3|Spikes
|
|upkeep
|turn|41
|c|☆Alison Hargreeves|good ups
|
|move|p1a: Xatu|U-turn|p2a: Ferroseed
|-damage|p2a: Ferroseed|75/100
|-damage|p1a: Xatu|64/100|[from] ability: Iron Barbs|[of] p2a: Ferroseed
|
|switch|p1a: Scrafty|Scrafty, F|69/100|[from]move: U-turn
|move|p2a: Ferroseed|Spikes|p1a: Scrafty
|-sidestart|p1: Alison Hargreeves|Spikes
|
|-heal|p1a: Scrafty|75/100|[from] item: Leftovers
|upkeep
|turn|42
|c|☆Mac3|yh
|
|switch|p1a: Steelix|Steelix, M|100/100
|-damage|p1a: Steelix|88/100|[from] Spikes
|move|p2a: Ferroseed|Knock Off|p1a: Steelix
|-damage|p1a: Steelix|81/100
|-enditem|p1a: Steelix|Leftovers|[from] move: Knock Off|[of] p2a: Ferroseed
|
|upkeep
|turn|43
|
|move|p1a: Steelix|Stealth Rock|p2a: Ferroseed
|-sidestart|p2: Mac3|move: Stealth Rock
|move|p2a: Ferroseed|Leech Seed|p1a: Steelix
|-start|p1a: Steelix|move: Leech Seed
|
|-damage|p1a: Steelix|69/100|[from] Leech Seed|[of] p2a: Ferroseed
|-heal|p2a: Ferroseed|90/100|[silent]
|upkeep
|turn|44
|
|switch|p1a: Xatu|Xatu, F|64/100
|switch|p2a: Charizard|Charizard, M|66/100
|
|upkeep
|turn|45
|
|switch|p1a: Vaporeon|Vaporeon, M|100/100
|-damage|p1a: Vaporeon|88/100|[from] Spikes
|move|p2a: Charizard|Defog|p1a: Vaporeon
|-unboost|p1a: Vaporeon|evasion|1
|-sideend|p1: Alison Hargreeves|Spikes|[from] move: Defog|[of] p2a: Charizard
|-sideend|p2: Mac3|Spikes|[from] move: Defog|[of] p2a: Charizard
|-sideend|p2: Mac3|Stealth Rock|[from] move: Defog|[of] p2a: Charizard
|
|-heal|p1a: Vaporeon|94/100|[from] item: Leftovers
|upkeep
|turn|46
|
|switch|p2a: Toxicroak|Toxicroak, F|100/100
|move|p1a: Vaporeon|Wish|p1a: Vaporeon
|
|-heal|p1a: Vaporeon|100/100|[from] item: Leftovers
|upkeep
|turn|47
|
|move|p1a: Vaporeon|Protect|p1a: Vaporeon
|-singleturn|p1a: Vaporeon|Protect
|move|p2a: Toxicroak|Shadow Ball|p1a: Vaporeon
|-activate|p1a: Vaporeon|move: Protect
|
|upkeep
|turn|48
|
|switch|p2a: Aromatisse|Aromatisse, M|85/100
|move|p1a: Vaporeon|Wish|p1a: Vaporeon
|
|upkeep
|turn|49
|
|switch|p1a: Steelix|Steelix, M|69/100
|move|p2a: Aromatisse|Wish|p2a: Aromatisse
|
|-heal|p1a: Steelix|100/100|[from] move: Wish|[wisher] Vaporeon
|upkeep
|turn|50
|
|switch|p2a: Charizard|Charizard, M|66/100
|move|p1a: Steelix|Earthquake|p2a: Charizard
|-immune|p2a: Charizard
|
|-heal|p2a: Charizard|100/100|[from] move: Wish|[wisher] Aromatisse
|upkeep
|turn|51
|
|switch|p1a: Vaporeon|Vaporeon, M|100/100
|move|p2a: Charizard|Air Slash|p1a: Vaporeon
|-damage|p1a: Vaporeon|78/100
|
|-heal|p1a: Vaporeon|85/100|[from] item: Leftovers
|upkeep
|turn|52
|
|switch|p2a: Ferroseed|Ferroseed, F|90/100
|switch|p1a: Indeedee|Indeedee, M|100/100
|-fieldstart|move: Psychic Terrain|[from] ability: Psychic Surge|[of] p1a: Indeedee
|
|upkeep
|turn|53
|
|move|p1a: Indeedee|Mystical Fire|p2a: Ferroseed
|-supereffective|p2a: Ferroseed
|-damage|p2a: Ferroseed|27/100
|-unboost|p2a: Ferroseed|spa|1
|move|p2a: Ferroseed|Knock Off|p1a: Indeedee
|-supereffective|p1a: Indeedee
|-damage|p1a: Indeedee|50/100
|-enditem|p1a: Indeedee|Choice Scarf|[from] move: Knock Off|[of] p2a: Ferroseed
|
|upkeep
|turn|54
|
|switch|p2a: Charizard|Charizard, M|100/100
|move|p1a: Indeedee|Psychic|p2a: Charizard
|-damage|p2a: Charizard|58/100
|
|upkeep
|turn|55
|
|switch|p1a: Vaporeon|Vaporeon, M|85/100
|move|p2a: Charizard|Roost|p2a: Charizard
|-heal|p2a: Charizard|100/100
|-singleturn|p2a: Charizard|move: Roost
|
|-heal|p1a: Vaporeon|91/100|[from] item: Leftovers
|upkeep
|turn|56
|
|switch|p2a: Aromatisse|Aromatisse, M|85/100
|move|p1a: Vaporeon|Wish|p1a: Vaporeon
|
|-heal|p1a: Vaporeon|97/100|[from] item: Leftovers
|-fieldend|move: Psychic Terrain
|upkeep
|turn|57
|
|switch|p1a: Indeedee|Indeedee, M|50/100
|-fieldstart|move: Psychic Terrain|[from] ability: Psychic Surge|[of] p1a: Indeedee
|move|p2a: Aromatisse|Moonblast|p1a: Indeedee
|-damage|p1a: Indeedee|6/100
|
|-heal|p1a: Indeedee|95/100|[from] move: Wish|[wisher] Vaporeon
|upkeep
|turn|58
|
|move|p1a: Indeedee|Psychic|p2a: Aromatisse
|-damage|p2a: Aromatisse|34/100
|move|p2a: Aromatisse|Wish|p2a: Aromatisse
|
|upkeep
|turn|59
|c|☆Mac3|unfort
|c|☆Alison Hargreeves|0 SpA Aromatisse Moonblast vs. 0 HP / 4 SpD Indeedee: 106-126 (40.6 - 48.2%) -- guaranteed 3HKO
|c|☆Alison Hargreeves|didnt kill
|
|move|p2a: Aromatisse|Protect|p2a: Aromatisse
|-singleturn|p2a: Aromatisse|Protect
|move|p1a: Indeedee|Hyper Voice|p2a: Aromatisse
|-activate|p2a: Aromatisse|move: Protect
|
|-heal|p2a: Aromatisse|84/100|[from] move: Wish|[wisher] Aromatisse
|upkeep
|turn|60
|c|☆Mac3|wanted a crit
|c|☆Alison Hargreeves|o
|c|☆Alison Hargreeves|Lol
|c|☆Mac3|nah but
|c|☆Mac3|didnt actually know calc
|
|move|p1a: Indeedee|Psychic|p2a: Aromatisse
|-damage|p2a: Aromatisse|39/100
|move|p2a: Aromatisse|Wish|p2a: Aromatisse
|
|upkeep
|turn|61
|
|switch|p1a: Steelix|Steelix, M|100/100
|move|p2a: Aromatisse|Protect||[still]
|-fail|p2a: Aromatisse
|
|-heal|p2a: Aromatisse|89/100|[from] move: Wish|[wisher] Aromatisse
|-fieldend|move: Psychic Terrain
|upkeep
|turn|62
|
|switch|p2a: Charizard|Charizard, M|100/100
|move|p1a: Steelix|Toxic|p2a: Charizard|[miss]
|-miss|p1a: Steelix|p2a: Charizard
|
|upkeep
|turn|63
|
|switch|p2a: Aromatisse|Aromatisse, M|89/100
|switch|p1a: Vaporeon|Vaporeon, M|97/100
|
|-heal|p1a: Vaporeon|100/100|[from] item: Leftovers
|upkeep
|turn|64
|
|switch|p1a: Steelix|Steelix, M|100/100
|move|p2a: Aromatisse|Wish|p2a: Aromatisse
|
|upkeep
|turn|65
|
|switch|p2a: Ferroseed|Ferroseed, F|27/100
|move|p1a: Steelix|Earthquake|p2a: Ferroseed
|-damage|p2a: Ferroseed|6/100
|
|-heal|p2a: Ferroseed|76/100|[from] move: Wish|[wisher] Aromatisse
|upkeep
|turn|66
|
|switch|p1a: Xatu|Xatu, F|64/100
|move|p2a: Ferroseed|Leech Seed|p1a: Xatu
|move|p1a: Xatu|Leech Seed|p2a: Ferroseed|[from]Magic Bounce
|-immune|p2a: Ferroseed
|
|upkeep
|turn|67
|
|move|p1a: Xatu|Psyshock|p2a: Ferroseed
|-resisted|p2a: Ferroseed
|-damage|p2a: Ferroseed|67/100
|move|p2a: Ferroseed|Knock Off|p1a: Xatu
|-supereffective|p1a: Xatu
|-damage|p1a: Xatu|42/100
|
|upkeep
|turn|68
|
|move|p1a: Xatu|Roost|p1a: Xatu
|-heal|p1a: Xatu|92/100
|-singleturn|p1a: Xatu|move: Roost
|move|p2a: Ferroseed|Knock Off|p1a: Xatu
|-supereffective|p1a: Xatu
|-damage|p1a: Xatu|68/100
|
|upkeep
|turn|69
|
|move|p1a: Xatu|Psyshock|p2a: Ferroseed
|-resisted|p2a: Ferroseed
|-damage|p2a: Ferroseed|57/100
|move|p2a: Ferroseed|Leech Seed|p1a: Xatu
|move|p1a: Xatu|Leech Seed|p2a: Ferroseed|[from]Magic Bounce
|-immune|p2a: Ferroseed
|
|upkeep
|turn|70
|
|move|p1a: Xatu|Psyshock|p2a: Ferroseed
|-resisted|p2a: Ferroseed
|-damage|p2a: Ferroseed|49/100
|move|p2a: Ferroseed|Knock Off|p1a: Xatu
|-supereffective|p1a: Xatu
|-crit|p1a: Xatu
|-damage|p1a: Xatu|34/100
|
|upkeep
|turn|71
|
|move|p1a: Xatu|Roost|p1a: Xatu
|-heal|p1a: Xatu|84/100
|-singleturn|p1a: Xatu|move: Roost
|move|p2a: Ferroseed|Knock Off|p1a: Xatu
|-supereffective|p1a: Xatu
|-damage|p1a: Xatu|62/100
|
|upkeep
|turn|72
|
|switch|p2a: Aromatisse|Aromatisse, M|89/100
|move|p1a: Xatu|Roost|p1a: Xatu
|-heal|p1a: Xatu|100/100
|-singleturn|p1a: Xatu|move: Roost
|
|upkeep
|turn|73
|
|move|p1a: Xatu|U-turn|p2a: Aromatisse
|-resisted|p2a: Aromatisse
|-damage|p2a: Aromatisse|85/100
|
|switch|p1a: Silvally|Silvally-Fairy|100/100|[from]move: U-turn
|move|p2a: Aromatisse|Wish|p2a: Aromatisse
|
|upkeep
|turn|74
|
|move|p1a: Silvally|Work Up|p1a: Silvally
|-boost|p1a: Silvally|atk|1
|-boost|p1a: Silvally|spa|1
|move|p2a: Aromatisse|Moonblast|p1a: Silvally
|-crit|p1a: Silvally
|-damage|p1a: Silvally|51/100
|
|-heal|p2a: Aromatisse|100/100|[from] move: Wish|[wisher] Aromatisse
|upkeep
|turn|75
|
|switch|p2a: Charizard|Charizard, M|100/100
|move|p1a: Silvally|Multi-Attack|p2a: Charizard
|-resisted|p2a: Charizard
|-damage|p2a: Charizard|59/100
|
|upkeep
|turn|76
|
|move|p1a: Silvally|Surf|p2a: Charizard
|-supereffective|p2a: Charizard
|-damage|p2a: Charizard|17/100
|move|p2a: Charizard|Fire Blast|p1a: Silvally|[miss]
|-miss|p2a: Charizard|p1a: Silvally
|
|upkeep
|turn|77
|c|☆Alison Hargreeves|oof
|c|☆Alison Hargreeves|mb
|
|switch|p2a: Aromatisse|Aromatisse, M|100/100
|move|p1a: Silvally|Surf|p2a: Aromatisse
|-damage|p2a: Aromatisse|75/100
|
|upkeep
|turn|78
|c|☆Mac3|that is tough ye
|
|switch|p1a: Vaporeon|Vaporeon, M|100/100
|move|p2a: Aromatisse|Wish|p2a: Aromatisse
|
|upkeep
|turn|79
|
|switch|p2a: Ferroseed|Ferroseed, F|49/100
|move|p1a: Vaporeon|Scald|p2a: Ferroseed
|-resisted|p2a: Ferroseed
|-damage|p2a: Ferroseed|37/100
|-status|p2a: Ferroseed|brn
|
|-heal|p2a: Ferroseed|100/100 brn|[from] move: Wish|[wisher] Aromatisse
|-damage|p2a: Ferroseed|94/100 brn|[from] brn
|upkeep
|turn|80
|
|switch|p2a: Aromatisse|Aromatisse, M|75/100
|move|p1a: Vaporeon|Wish|p1a: Vaporeon
|
|upkeep
|turn|81
|
|switch|p1a: Silvally|Silvally-Fairy|51/100
|move|p2a: Aromatisse|Wish|p2a: Aromatisse
|
|-heal|p1a: Silvally|100/100|[from] move: Wish|[wisher] Vaporeon
|upkeep
|turn|82
|
|move|p1a: Silvally|Multi-Attack|p2a: Aromatisse
|-damage|p2a: Aromatisse|42/100
|move|p2a: Aromatisse|Moonblast|p1a: Silvally
|-damage|p1a: Silvally|68/100
|
|-heal|p2a: Aromatisse|92/100|[from] move: Wish|[wisher] Aromatisse
|upkeep
|turn|83
|
|switch|p1a: Steelix|Steelix, M|100/100
|move|p2a: Aromatisse|Wish|p2a: Aromatisse
|
|upkeep
|turn|84
|c|☆Alison Hargreeves|yo
|c|☆Alison Hargreeves|thats
|c|☆Alison Hargreeves|a max max spdef
|c|☆Alison Hargreeves|zard
|c|☆Mac3|ye
|
|switch|p2a: Ferroseed|Ferroseed, F|94/100 brn
|move|p1a: Steelix|Heavy Slam|p2a: Ferroseed
|-resisted|p2a: Ferroseed
|-damage|p2a: Ferroseed|82/100 brn
|-damage|p1a: Steelix|88/100|[from] ability: Iron Barbs|[of] p2a: Ferroseed
|
|-heal|p2a: Ferroseed|100/100 brn|[from] move: Wish|[wisher] Aromatisse
|-damage|p2a: Ferroseed|94/100 brn|[from] brn
|upkeep
|turn|85
|
|switch|p2a: Charizard|Charizard, M|17/100
|move|p1a: Steelix|Heavy Slam|p2a: Charizard
|-resisted|p2a: Charizard
|-crit|p2a: Charizard
|-damage|p2a: Charizard|0 fnt
|faint|p2a: Charizard
|
|upkeep
|
|switch|p2a: Toxicroak|Toxicroak, F|100/100
|turn|86
|
|switch|p1a: Xatu|Xatu, F|100/100
|move|p2a: Toxicroak|Focus Blast|p1a: Xatu
|-resisted|p1a: Xatu
|-crit|p1a: Xatu
|-damage|p1a: Xatu|62/100
|
|upkeep
|turn|87
|
|switch|p2a: Aromatisse|Aromatisse, M|92/100
|move|p1a: Xatu|U-turn|p2a: Aromatisse
|-resisted|p2a: Aromatisse
|-damage|p2a: Aromatisse|87/100
|
|switch|p1a: Steelix|Steelix, M|88/100|[from]move: U-turn
|
|upkeep
|turn|88
|
|switch|p2a: Toxicroak|Toxicroak, F|100/100
|move|p1a: Steelix|Stealth Rock|p2a: Toxicroak
|-sidestart|p2: Mac3|move: Stealth Rock
|
|upkeep
|turn|89
|
|switch|p1a: Vaporeon|Vaporeon, M|100/100
|move|p2a: Toxicroak|Focus Blast|p1a: Vaporeon|[miss]
|-miss|p2a: Toxicroak|p1a: Vaporeon
|
|upkeep
|turn|90
|
|switch|p2a: Ferroseed|Ferroseed, F|94/100 brn
|-damage|p2a: Ferroseed|88/100 brn|[from] Stealth Rock
|switch|p1a: Xatu|Xatu, F|62/100
|
|-damage|p2a: Ferroseed|82/100 brn|[from] brn
|upkeep
|turn|91
|
|move|p1a: Xatu|U-turn|p2a: Ferroseed
|-damage|p2a: Ferroseed|74/100 brn
|-damage|p1a: Xatu|50/100|[from] ability: Iron Barbs|[of] p2a: Ferroseed
|
|switch|p1a: Indeedee|Indeedee, M|95/100|[from]move: U-turn
|-fieldstart|move: Psychic Terrain|[from] ability: Psychic Surge|[of] p1a: Indeedee
|move|p2a: Ferroseed|Knock Off|p1a: Indeedee
|-supereffective|p1a: Indeedee
|-damage|p1a: Indeedee|78/100
|
|-damage|p2a: Ferroseed|68/100 brn|[from] brn
|upkeep
|turn|92
|c|☆Mac3|ye gg
|l|+Infernape
|c|☆Alison Hargreeves|gg
|-message|Mac3 forfeited.
|
|win|Alison Hargreeves
|c|☆Mac3|ahh
|c|☆Mac3|that rock blast was annoying
|c|☆Alison Hargreeves|yea
|c|☆Alison Hargreeves|i kinda won
|c|☆Alison Hargreeves|with
|c|☆Alison Hargreeves|silvally-fairy regardless
|c|☆Alison Hargreeves|but
|c|☆Alison Hargreeves|yea
|c|☆Mac3|ig ye
|c|☆Alison Hargreeves|this was gonna be my g3 team vs TD
|c|☆Alison Hargreeves|but
|c|☆Alison Hargreeves|it sux vs sun
|c|☆Mac3|it does
