|j|☆Tintincpajouer
|j|☆thefirstdumbledore
|t:|1616621767
|player|p1|Tintincpajouer|169|1361
|player|p2|thefirstdumbledore|silver|1193
|teamsize|p1|6
|teamsize|p2|6
|gametype|singles
|gen|8
|tier|[Gen 8] RU
|rated|
|clearpoke
|poke|p1|Lucario, F|
|poke|p1|Metagross|
|poke|p1|Togekiss, F|
|poke|p1|Polteageist|
|poke|p1|Darmanitan, M|
|poke|p1|Sneasel, M|
|poke|p2|Obstagoon, M|
|poke|p2|Gastrodon, M|
|poke|p2|Togekiss, M|
|poke|p2|Darmanitan, M|
|poke|p2|Magnezone|
|poke|p2|Flygon, M|
|rule|Sleep Clause Mod: Limit one foe put to sleep
|rule|Species Clause: Limit one of each Pokémon
|rule|OHKO Clause: OHKO moves are banned
|rule|Evasion Moves Clause: Evasion moves are banned
|rule|Endless Battle Clause: Forcing endless battles is banned
|rule|HP Percentage Mod: HP is shown in percentages
|rule|Dynamax Clause: You cannot dynamax
|teampreview
|
|t:|1616621784
|start
|switch|p1a: Metagross|Metagross|100/100
|switch|p2a: Darmanitan|Darmanitan, M|100/100
|turn|1
|
|t:|1616621798
|switch|p1a: Darmanitan|Darmanitan, M|100/100
|move|p2a: Darmanitan|Earthquake|p1a: Darmanitan
|-supereffective|p1a: Darmanitan
|-damage|p1a: Darmanitan|0 fnt
|faint|p1a: Darmanitan
|
|upkeep
|
|t:|1616621815
|switch|p1a: Togekiss|Togekiss, F|100/100
|turn|2
|
|t:|1616621820
|move|p2a: Darmanitan|Flare Blitz|p1a: Togekiss
|-damage|p1a: Togekiss|7/100
|-damage|p2a: Darmanitan|73/100|[from] Recoil
|move|p1a: Togekiss|Nasty Plot|p1a: Togekiss
|-boost|p1a: Togekiss|spa|2
|
|upkeep
|turn|3
|
|t:|1616621831
|move|p2a: Darmanitan|Flare Blitz|p1a: Togekiss
|-damage|p1a: Togekiss|0 fnt
|-damage|p2a: Darmanitan|71/100|[from] Recoil
|faint|p1a: Togekiss
|
|upkeep
|
|t:|1616621841
|switch|p1a: Sneasel|Sneasel, M|100/100
|turn|4
|
|t:|1616621854
|move|p1a: Sneasel|Swords Dance|p1a: Sneasel
|-boost|p1a: Sneasel|atk|2
|move|p2a: Darmanitan|Flare Blitz|p1a: Sneasel
|-supereffective|p1a: Sneasel
|-crit|p1a: Sneasel
|-enditem|p1a: Sneasel|Focus Sash
|-damage|p1a: Sneasel|1/100
|-damage|p2a: Darmanitan|48/100|[from] Recoil
|
|upkeep
|turn|5
|
|t:|1616621868
|move|p1a: Sneasel|Knock Off|p2a: Darmanitan
|-damage|p2a: Darmanitan|0 fnt
|-enditem|p2a: Darmanitan|Heavy-Duty Boots|[from] move: Knock Off|[of] p1a: Sneasel
|faint|p2a: Darmanitan
|
|upkeep
|
|t:|1616621872
|switch|p2a: Flygon|Flygon, M|100/100
|turn|6
|
|t:|1616621878
|move|p2a: Flygon|First Impression|p1a: Sneasel
|-supereffective|p1a: Sneasel
|-damage|p1a: Sneasel|0 fnt
|faint|p1a: Sneasel
|
|upkeep
|
|t:|1616621891
|switch|p1a: Polteageist|Polteageist|100/100
|turn|7
|
|t:|1616621896
|switch|p2a: Obstagoon|Obstagoon, M|100/100
|move|p1a: Polteageist|Shell Smash|p1a: Polteageist
|-unboost|p1a: Polteageist|def|1
|-unboost|p1a: Polteageist|spd|1
|-boost|p1a: Polteageist|atk|2
|-boost|p1a: Polteageist|spa|2
|-boost|p1a: Polteageist|spe|2
|
|-status|p2a: Obstagoon|brn|[from] item: Flame Orb
|upkeep
|turn|8
|
|t:|1616621907
|move|p1a: Polteageist|Giga Drain|p2a: Obstagoon
|-damage|p2a: Obstagoon|30/100 brn
|move|p2a: Obstagoon|Knock Off|p1a: Polteageist
|-supereffective|p1a: Polteageist
|-enditem|p1a: Polteageist|Focus Sash
|-damage|p1a: Polteageist|1/100
|-start|p2a: Obstagoon|Disable|Knock Off|[from] ability: Cursed Body|[of] p1a: Polteageist
|
|-damage|p2a: Obstagoon|24/100 brn|[from] brn
|upkeep
|turn|9
|
|t:|1616621924
|switch|p2a: Togekiss|Togekiss, M|100/100
|move|p1a: Polteageist|Giga Drain|p2a: Togekiss
|-resisted|p2a: Togekiss
|-damage|p2a: Togekiss|73/100
|-heal|p1a: Polteageist|17/100|[from] drain|[of] p2a: Togekiss
|
|upkeep
|turn|10
|
|t:|1616621937
|move|p1a: Polteageist|Shadow Ball|p2a: Togekiss
|-damage|p2a: Togekiss|0 fnt
|faint|p2a: Togekiss
|
|upkeep
|
|t:|1616621941
|switch|p2a: Flygon|Flygon, M|100/100
|turn|11
|
|t:|1616621955
|switch|p1a: Lucario|Lucario, F|100/100
|move|p2a: Flygon|First Impression|p1a: Lucario
|-resisted|p1a: Lucario
|-damage|p1a: Lucario|85/100
|
|upkeep
|turn|12
|
|t:|1616621966
|switch|p2a: Gastrodon|Gastrodon, M|100/100
|move|p1a: Lucario|Meteor Mash|p2a: Gastrodon
|-resisted|p2a: Gastrodon
|-damage|p2a: Gastrodon|86/100
|
|-heal|p2a: Gastrodon|92/100|[from] item: Leftovers
|upkeep
|turn|13
|
|t:|1616621979
|move|p1a: Lucario|Swords Dance|p1a: Lucario
|-boost|p1a: Lucario|atk|2
|move|p2a: Gastrodon|Earth Power|p1a: Lucario
|-supereffective|p1a: Lucario
|-damage|p1a: Lucario|0 fnt
|faint|p1a: Lucario
|
|-heal|p2a: Gastrodon|98/100|[from] item: Leftovers
|upkeep
|c|☆thefirstdumbledore|gg
|
|t:|1616621994
|switch|p1a: Polteageist|Polteageist|17/100
|turn|14
|
|t:|1616622011
|move|p1a: Polteageist|Giga Drain|p2a: Gastrodon
|-supereffective|p2a: Gastrodon
|-damage|p2a: Gastrodon|3/100
|-heal|p1a: Polteageist|94/100|[from] drain|[of] p2a: Gastrodon
|move|p2a: Gastrodon|Scald|p1a: Polteageist
|-damage|p1a: Polteageist|64/100
|
|-heal|p2a: Gastrodon|9/100|[from] item: Leftovers
|upkeep
|turn|15
|
|t:|1616622025
|switch|p2a: Obstagoon|Obstagoon, M|24/100 brn
|move|p1a: Polteageist|Shell Smash|p1a: Polteageist
|-unboost|p1a: Polteageist|def|1
|-unboost|p1a: Polteageist|spd|1
|-boost|p1a: Polteageist|atk|2
|-boost|p1a: Polteageist|spa|2
|-boost|p1a: Polteageist|spe|2
|
|-damage|p2a: Obstagoon|18/100 brn|[from] brn
|upkeep
|turn|16
|
|t:|1616622037
|switch|p2a: Magnezone|Magnezone|100/100
|move|p1a: Polteageist|Giga Drain|p2a: Magnezone
|-resisted|p2a: Magnezone
|-damage|p2a: Magnezone|73/100
|-heal|p1a: Polteageist|82/100|[from] drain|[of] p2a: Magnezone
|
|upkeep
|turn|17
|
|t:|1616622046
|move|p1a: Polteageist|Shadow Ball|p2a: Magnezone
|-damage|p2a: Magnezone|0 fnt
|faint|p2a: Magnezone
|
|upkeep
|
|t:|1616622058
|switch|p2a: Obstagoon|Obstagoon, M|18/100 brn
|turn|18
|
|t:|1616622063
|move|p1a: Polteageist|Giga Drain|p2a: Obstagoon
|-damage|p2a: Obstagoon|0 fnt
|-heal|p1a: Polteageist|93/100|[from] drain|[of] p2a: Obstagoon
|faint|p2a: Obstagoon
|
|upkeep
|
|t:|1616622065
|switch|p2a: Flygon|Flygon, M|100/100
|turn|19
|
|t:|1616622081
|move|p2a: Flygon|First Impression|p1a: Polteageist
|-resisted|p1a: Polteageist
|-damage|p1a: Polteageist|36/100
|move|p1a: Polteageist|Shadow Ball|p2a: Flygon
|-damage|p2a: Flygon|0 fnt
|faint|p2a: Flygon
|
|upkeep
|-message|thefirstdumbledore forfeited.
|
|win|Tintincpajouer
|l|☆thefirstdumbledore
|raw|Tintincpajouer's rating: 1361 &rarr; <strong>1372</strong><br />(+11 for winning)
|raw|thefirstdumbledore's rating: 1193 &rarr; <strong>1179</strong><br />(-14 for losing)
||Ladder isn't responding, score probably updated but might not have (Request timeout).
