|j|☆07l中国大妈
|j|‽talkintime
|player|p1|07l中国大妈|pokefanf-gen4|1256
|player|p2|talkintime|73|1236
|teamsize|p1|6
|teamsize|p2|6
|gametype|singles
|gen|8
|tier|[Gen 8] RU
|rated|
|rule|Sleep Clause Mod: Limit one foe put to sleep
|rule|Species Clause: Limit one of each Pokémon
|rule|OHKO Clause: OHKO moves are banned
|rule|Evasion Moves Clause: Evasion moves are banned
|rule|Endless Battle Clause: Forcing endless battles is banned
|rule|HP Percentage Mod: HP is shown in percentages
|clearpoke
|poke|p1|Salazzle, F|
|poke|p1|Goodra, F|
|poke|p1|Vaporeon, M|
|poke|p1|Alcremie-Salted, F|
|poke|p1|Xatu, M|
|poke|p1|Escavalier, M|
|poke|p2|Perrserker, F|
|poke|p2|Rillaboom, F|
|poke|p2|Palpitoad, F|
|poke|p2|Rotom-Fan|
|poke|p2|Mr. Mime-Galar, F|
|poke|p2|Flareon, F|
|rule|Dynamax Clause: You cannot dynamax
|teampreview
|j| Kabilapok
|
|start
|switch|p1a: Salazzle|Salazzle, F|100/100
|switch|p2a: Perrserker|Perrserker, F|100/100
|turn|1
|
|move|p2a: Perrserker|Fake Out|p1a: Salazzle
|-damage|p1a: Salazzle|78/100
|cant|p1a: Salazzle|flinch
|
|-heal|p1a: Salazzle|84/100|[from] item: Black Sludge
|upkeep
|turn|2
|
|move|p1a: Salazzle|Toxic|p2a: Perrserker
|-status|p2a: Perrserker|tox
|move|p2a: Perrserker|Iron Head|p1a: Salazzle
|-resisted|p1a: Salazzle
|-damage|p1a: Salazzle|52/100
|
|-heal|p1a: Salazzle|59/100|[from] item: Black Sludge
|-damage|p2a: Perrserker|94/100 tox|[from] psn
|upkeep
|turn|3
|
|switch|p1a: Vaporeon|Vaporeon, M|100/100
|switch|p2a: Palpitoad|Palpitoad, F|100/100
|
|upkeep
|turn|4
|
|switch|p2a: Mr. Mime|Mr. Mime-Galar, F|100/100
|switch|p1a: Xatu|Xatu, M|100/100
|
|upkeep
|turn|5
|
|switch|p1a: Escavalier|Escavalier, M|100/100
|move|p2a: Mr. Mime|Freeze-Dry|p1a: Escavalier
|-resisted|p1a: Escavalier
|-damage|p1a: Escavalier|87/100
|
|upkeep
|turn|6
|
|switch|p2a: Flareon|Flareon, F|100/100
|move|p1a: Escavalier|Knock Off|p2a: Flareon
|-damage|p2a: Flareon|25/100
|-enditem|p2a: Flareon|Heavy-Duty Boots|[from] move: Knock Off|[of] p1a: Escavalier
|
|upkeep
|turn|7
|
|switch|p1a: Vaporeon|Vaporeon, M|100/100
|move|p2a: Flareon|Wish|p2a: Flareon
|
|upkeep
|turn|8
|
|switch|p2a: Rillaboom|Rillaboom, F|100/100
|move|p1a: Vaporeon|Wish|p1a: Vaporeon
|
|upkeep
|turn|9
|
|switch|p1a: Escavalier|Escavalier, M|87/100
|move|p2a: Rillaboom|Substitute|p2a: Rillaboom
|-start|p2a: Rillaboom|Substitute
|-damage|p2a: Rillaboom|76/100
|
|-heal|p1a: Escavalier|100/100|[from] move: Wish|[wisher] Vaporeon
|-heal|p2a: Rillaboom|82/100|[from] item: Leftovers
|upkeep
|turn|10
|
|move|p2a: Rillaboom|Swords Dance|p2a: Rillaboom
|-boost|p2a: Rillaboom|atk|2
|move|p1a: Escavalier|Knock Off|p2a: Rillaboom
|-end|p2a: Rillaboom|Substitute
|
|-heal|p2a: Rillaboom|88/100|[from] item: Leftovers
|upkeep
|turn|11
|j| Jorgeta57
|
|move|p2a: Rillaboom|Knock Off|p1a: Escavalier
|-damage|p1a: Escavalier|39/100
|-enditem|p1a: Escavalier|Choice Band|[from] move: Knock Off|[of] p2a: Rillaboom
|move|p1a: Escavalier|Knock Off|p2a: Rillaboom
|-damage|p2a: Rillaboom|45/100
|-enditem|p2a: Rillaboom|Leftovers|[from] move: Knock Off|[of] p1a: Escavalier
|
|upkeep
|turn|12
|
|switch|p1a: Alcremie-Matcha|Alcremie-Salted, F|100/100
|move|p2a: Rillaboom|Knock Off|p1a: Alcremie-Matcha
|-resisted|p1a: Alcremie-Matcha
|-damage|p1a: Alcremie-Matcha|70/100
|-damage|p2a: Rillaboom|29/100|[from] item: Rocky Helmet|[of] p1a: Alcremie-Matcha
|-enditem|p1a: Alcremie-Matcha|Rocky Helmet|[from] move: Knock Off|[of] p2a: Rillaboom
|
|upkeep
|turn|13
|
|move|p2a: Rillaboom|Substitute|p2a: Rillaboom
|-start|p2a: Rillaboom|Substitute
|-damage|p2a: Rillaboom|4/100
|move|p1a: Alcremie-Matcha|Draining Kiss|p2a: Rillaboom
|-end|p2a: Rillaboom|Substitute
|-heal|p1a: Alcremie-Matcha|89/100|[from] drain|[of] p2a: Rillaboom
|
|upkeep
|turn|14
|inactive|Battle timer is ON: inactive players will automatically lose when time's up. (requested by talkintime)
|
|move|p2a: Rillaboom|Drum Beating|p1a: Alcremie-Matcha
|-damage|p1a: Alcremie-Matcha|0 fnt
|faint|p1a: Alcremie-Matcha
|
|upkeep
|
|switch|p1a: Goodra|Goodra, F|100/100
|turn|15
|
|move|p2a: Rillaboom|Knock Off|p1a: Goodra
|-damage|p1a: Goodra|24/100
|-enditem|p1a: Goodra|Assault Vest|[from] move: Knock Off|[of] p2a: Rillaboom
|move|p1a: Goodra|Ice Beam|p2a: Rillaboom
|-supereffective|p2a: Rillaboom
|-damage|p2a: Rillaboom|0 fnt
|faint|p2a: Rillaboom
|
|upkeep
|
|switch|p2a: Perrserker|Perrserker, F|94/100 tox
|turn|16
|
|switch|p1a: Xatu|Xatu, M|100/100
|move|p2a: Perrserker|U-turn|p1a: Xatu
|-damage|p1a: Xatu|74/100
|
|switch|p2a: Rotom|Rotom-Fan|100/100|[from]move: U-turn
|
|upkeep
|turn|17
|
|switch|p1a: Escavalier|Escavalier, M|39/100
|move|p2a: Rotom|Volt Switch|p1a: Escavalier
|-damage|p1a: Escavalier|8/100
|
|switch|p2a: Perrserker|Perrserker, F|94/100 tox|[from]move: Volt Switch
|
|-damage|p2a: Perrserker|88/100 tox|[from] psn
|upkeep
|turn|18
|
|switch|p1a: Vaporeon|Vaporeon, M|100/100
|move|p2a: Perrserker|U-turn|p1a: Vaporeon
|-damage|p1a: Vaporeon|66/100
|
|switch|p2a: Mr. Mime|Mr. Mime-Galar, F|100/100|[from]move: U-turn
|
|-heal|p1a: Vaporeon|73/100|[from] item: Leftovers
|upkeep
|turn|19
|
|move|p2a: Mr. Mime|Nasty Plot|p2a: Mr. Mime
|-boost|p2a: Mr. Mime|spa|2
|move|p1a: Vaporeon|Wish|p1a: Vaporeon
|
|-heal|p1a: Vaporeon|79/100|[from] item: Leftovers
|upkeep
|turn|20
|
|move|p2a: Mr. Mime|Psyshock|p1a: Vaporeon
|-damage|p1a: Vaporeon|15/100
|move|p1a: Vaporeon|Scald|p2a: Mr. Mime
|-damage|p2a: Mr. Mime|53/100
|
|-heal|p1a: Vaporeon|65/100|[from] move: Wish|[wisher] Vaporeon
|-heal|p1a: Vaporeon|71/100|[from] item: Leftovers
|upkeep
|turn|21
|
|move|p2a: Mr. Mime|Psyshock|p1a: Vaporeon
|-damage|p1a: Vaporeon|2/100
|move|p1a: Vaporeon|Scald|p2a: Mr. Mime
|-damage|p2a: Mr. Mime|5/100
|
|-heal|p1a: Vaporeon|8/100|[from] item: Leftovers
|upkeep
|turn|22
|
|move|p2a: Mr. Mime|Rapid Spin|p1a: Vaporeon
|-damage|p1a: Vaporeon|2/100
|-boost|p2a: Mr. Mime|spe|1
|move|p1a: Vaporeon|Scald|p2a: Mr. Mime
|-damage|p2a: Mr. Mime|0 fnt
|faint|p2a: Mr. Mime
|
|-heal|p1a: Vaporeon|8/100|[from] item: Leftovers
|upkeep
|
|switch|p2a: Perrserker|Perrserker, F|88/100 tox
|turn|23
|j| kickassin666
|
|switch|p1a: Salazzle|Salazzle, F|59/100
|move|p2a: Perrserker|U-turn|p1a: Salazzle
|-resisted|p1a: Salazzle
|-damage|p1a: Salazzle|49/100
|
|switch|p2a: Rotom|Rotom-Fan|100/100|[from]move: U-turn
|
|-heal|p1a: Salazzle|55/100|[from] item: Black Sludge
|upkeep
|turn|24
|
|move|p2a: Rotom|Thunderbolt|p1a: Salazzle
|-damage|p1a: Salazzle|0 fnt
|faint|p1a: Salazzle
|
|upkeep
|
|switch|p1a: Goodra|Goodra, F|24/100
|turn|25
|l| kickassin666
|
|move|p2a: Rotom|Thunderbolt|p1a: Goodra
|-resisted|p1a: Goodra
|-damage|p1a: Goodra|13/100
|move|p1a: Goodra|Draco Meteor|p2a: Rotom
|-damage|p2a: Rotom|20/100
|-unboost|p1a: Goodra|spa|2
|
|upkeep
|turn|26
|
|switch|p2a: Perrserker|Perrserker, F|88/100 tox
|move|p1a: Goodra|Ice Beam|p2a: Perrserker
|-resisted|p2a: Perrserker
|-damage|p2a: Perrserker|81/100 tox
|
|-damage|p2a: Perrserker|75/100 tox|[from] psn
|upkeep
|turn|27
|
|switch|p1a: Xatu|Xatu, M|74/100
|move|p2a: Perrserker|U-turn|p1a: Xatu
|-damage|p1a: Xatu|46/100
|
|switch|p2a: Flareon|Flareon, F|25/100|[from]move: U-turn
|
|upkeep
|turn|28
|
|move|p1a: Xatu|Psychic|p2a: Flareon
|-damage|p2a: Flareon|2/100
|move|p2a: Flareon|Wish|p2a: Flareon
|
|upkeep
|turn|29
|
|move|p2a: Flareon|Protect|p2a: Flareon
|-singleturn|p2a: Flareon|Protect
|move|p1a: Xatu|Psychic|p2a: Flareon
|-activate|p2a: Flareon|move: Protect
|
|-heal|p2a: Flareon|52/100|[from] move: Wish|[wisher] Flareon
|upkeep
|turn|30
|
|switch|p1a: Vaporeon|Vaporeon, M|8/100
|move|p2a: Flareon|Wish|p2a: Flareon
|
|-heal|p1a: Vaporeon|14/100|[from] item: Leftovers
|upkeep
|turn|31
|
|move|p1a: Vaporeon|Scald|p2a: Flareon
|-supereffective|p2a: Flareon
|-damage|p2a: Flareon|5/100
|move|p2a: Flareon|Flare Blitz|p1a: Vaporeon
|-resisted|p1a: Vaporeon
|-damage|p1a: Vaporeon|0 fnt
|-damage|p2a: Flareon|0 fnt|[from] Recoil
|faint|p1a: Vaporeon
|faint|p2a: Flareon
|
|upkeep
|
|switch|p1a: Xatu|Xatu, M|46/100
|switch|p2a: Perrserker|Perrserker, F|75/100 tox
|turn|32
|
|move|p1a: Xatu|Psychic|p2a: Perrserker
|-resisted|p2a: Perrserker
|-damage|p2a: Perrserker|63/100 tox
|move|p2a: Perrserker|Iron Head|p1a: Xatu
|-damage|p1a: Xatu|0 fnt
|faint|p1a: Xatu
|
|-damage|p2a: Perrserker|56/100 tox|[from] psn
|upkeep
|-message|07l中国大妈 forfeited.
|
|win|talkintime
|l|☆07l中国大妈
