|j|☆BrittneySpearsMom
|j|☆scraggy but bad
|player|p1|BrittneySpearsMom|44|1244
|player|p2|scraggy but bad|beauty-gen7|1233
|teamsize|p1|6
|teamsize|p2|6
|gametype|singles
|gen|8
|tier|[Gen 8] RU
|rated|
|rule|Sleep Clause Mod: Limit one foe put to sleep
|rule|Species Clause: Limit one of each Pokémon
|rule|OHKO Clause: OHKO moves are banned
|rule|Evasion Moves Clause: Evasion moves are banned
|rule|Endless Battle Clause: Forcing endless battles is banned
|rule|HP Percentage Mod: HP is shown in percentages
|clearpoke
|poke|p1|Mr. Mime-Galar, M|
|poke|p1|Silvally-*|
|poke|p1|Steelix, M|
|poke|p1|Accelgor, M|
|poke|p1|Roserade, F|
|poke|p1|Goodra, M|
|poke|p2|Drampa, M|
|poke|p2|Jellicent, M|
|poke|p2|Gallade, M|
|poke|p2|Turtonator, F|
|poke|p2|Roserade, M|
|poke|p2|Boltund, F|
|rule|Dynamax Clause: You cannot dynamax
|teampreview
|
|start
|switch|p1a: Steelix|Steelix, M|100/100
|switch|p2a: Roserade|Roserade, M|100/100
|turn|1
|
|switch|p1a: Goodra|Goodra, M|100/100
|move|p2a: Roserade|Spikes|p1a: Goodra
|-sidestart|p1: BrittneySpearsMom|Spikes
|
|upkeep
|turn|2
|
|move|p1a: Goodra|Draco Meteor|p2a: Roserade
|-damage|p2a: Roserade|31/100
|-unboost|p1a: Goodra|spa|2
|move|p2a: Roserade|Sludge Bomb|p1a: Goodra
|-damage|p1a: Goodra|53/100
|-status|p1a: Goodra|psn
|-damage|p2a: Roserade|21/100|[from] item: Life Orb
|
|-damage|p1a: Goodra|41/100 psn|[from] psn
|upkeep
|turn|3
|
|move|p1a: Goodra|Draco Meteor|p2a: Roserade
|-damage|p2a: Roserade|0 fnt
|-unboost|p1a: Goodra|spa|2
|faint|p2a: Roserade
|
|-damage|p1a: Goodra|28/100 psn|[from] psn
|upkeep
|
|switch|p2a: Gallade|Gallade, M|100/100
|turn|4
|
|switch|p1a: Silvally|Silvally-Ghost|100/100
|-damage|p1a: Silvally|88/100|[from] Spikes
|move|p2a: Gallade|Knock Off|p1a: Silvally
|-supereffective|p1a: Silvally
|-damage|p1a: Silvally|38/100
|
|upkeep
|turn|5
|
|move|p2a: Gallade|Knock Off|p1a: Silvally
|-supereffective|p1a: Silvally
|-damage|p1a: Silvally|0 fnt
|faint|p1a: Silvally
|
|upkeep
|
|switch|p1a: Steelix|Steelix, M|100/100
|-damage|p1a: Steelix|88/100|[from] Spikes
|turn|6
|
|switch|p2a: Jellicent|Jellicent, M|100/100
|move|p1a: Steelix|Stealth Rock|p2a: Jellicent
|-sidestart|p2: scraggy but bad|move: Stealth Rock
|
|-heal|p1a: Steelix|94/100|[from] item: Leftovers
|upkeep
|turn|7
|j| Shadowcat
|
|switch|p2a: Gallade|Gallade, M|100/100
|-damage|p2a: Gallade|94/100|[from] Stealth Rock
|switch|p1a: Roserade|Roserade, F|100/100
|-damage|p1a: Roserade|88/100|[from] Spikes
|
|upkeep
|turn|8
|
|switch|p1a: Steelix|Steelix, M|94/100
|-damage|p1a: Steelix|82/100|[from] Spikes
|move|p2a: Gallade|Close Combat|p1a: Steelix
|-supereffective|p1a: Steelix
|-damage|p1a: Steelix|23/100
|-unboost|p2a: Gallade|def|1
|-unboost|p2a: Gallade|spd|1
|
|-heal|p1a: Steelix|30/100|[from] item: Leftovers
|upkeep
|turn|9
|
|move|p2a: Gallade|Close Combat|p1a: Steelix
|-supereffective|p1a: Steelix
|-damage|p1a: Steelix|0 fnt
|-unboost|p2a: Gallade|def|1
|-unboost|p2a: Gallade|spd|1
|faint|p1a: Steelix
|
|upkeep
|j| PepeDuce
|
|switch|p1a: Roserade|Roserade, F|88/100
|-damage|p1a: Roserade|76/100|[from] Spikes
|turn|10
|inactive|Battle timer is ON: inactive players will automatically lose when time's up. (requested by BrittneySpearsMom)
|
|switch|p2a: Drampa|Drampa, M|100/100
|-damage|p2a: Drampa|88/100|[from] Stealth Rock
|-ability|p2a: Drampa|Cloud Nine
|move|p1a: Roserade|Sludge Bomb|p2a: Drampa
|-damage|p2a: Drampa|30/100
|-damage|p1a: Roserade|66/100|[from] item: Life Orb
|
|upkeep
|turn|11
|
|move|p1a: Roserade|Sludge Bomb|p2a: Drampa
|-damage|p2a: Drampa|0 fnt
|-damage|p1a: Roserade|56/100|[from] item: Life Orb
|faint|p2a: Drampa
|
|upkeep
|
|switch|p2a: Gallade|Gallade, M|94/100
|-damage|p2a: Gallade|88/100|[from] Stealth Rock
|turn|12
|
|move|p2a: Gallade|Knock Off|p1a: Roserade
|-damage|p1a: Roserade|0 fnt
|-enditem|p1a: Roserade|Life Orb|[from] move: Knock Off|[of] p2a: Gallade
|faint|p1a: Roserade
|
|upkeep
|
|switch|p1a: Goodra|Goodra, M|28/100 psn
|-damage|p1a: Goodra|16/100 psn|[from] Spikes
|turn|13
|
|move|p1a: Goodra|Draco Meteor|p2a: Gallade
|-damage|p2a: Gallade|18/100
|-unboost|p1a: Goodra|spa|2
|move|p2a: Gallade|Knock Off|p1a: Goodra
|-damage|p1a: Goodra|0 fnt
|-enditem|p1a: Goodra|Choice Scarf|[from] move: Knock Off|[of] p2a: Gallade
|faint|p1a: Goodra
|
|upkeep
|j| Grass Bell
|
|switch|p1a: Accelgor|Accelgor, M|100/100
|-damage|p1a: Accelgor|88/100|[from] Spikes
|turn|14
|
|switch|p2a: Jellicent|Jellicent, M|100/100
|-damage|p2a: Jellicent|88/100|[from] Stealth Rock
|move|p1a: Accelgor|Giga Drain|p2a: Jellicent
|-supereffective|p2a: Jellicent
|-damage|p2a: Jellicent|49/100
|-heal|p1a: Accelgor|100/100|[from] drain|[of] p2a: Jellicent
|
|upkeep
|turn|15
|
|move|p1a: Accelgor|Bug Buzz|p2a: Jellicent
|-resisted|p2a: Jellicent
|-damage|p2a: Jellicent|33/100
|-enditem|p1a: Accelgor|Throat Spray
|-boost|p1a: Accelgor|spa|1
|move|p2a: Jellicent|Scald|p1a: Accelgor
|-damage|p1a: Accelgor|64/100
|
|upkeep
|turn|16
|
|move|p1a: Accelgor|Giga Drain|p2a: Jellicent
|-supereffective|p2a: Jellicent
|-damage|p2a: Jellicent|0 fnt
|-heal|p1a: Accelgor|82/100|[from] drain|[of] p2a: Jellicent
|faint|p2a: Jellicent
|
|upkeep
|
|switch|p2a: Turtonator|Turtonator, F|100/100
|turn|17
|j| dwib
|
|move|p1a: Accelgor|Focus Blast|p2a: Turtonator
|-damage|p2a: Turtonator|22/100
|move|p2a: Turtonator|Flamethrower|p1a: Accelgor
|-supereffective|p1a: Accelgor
|-damage|p1a: Accelgor|0 fnt
|faint|p1a: Accelgor
|
|upkeep
|
|switch|p1a: Mr. Mime|Mr. Mime-Galar, M|100/100
|turn|18
|
|move|p1a: Mr. Mime|Rapid Spin|p2a: Turtonator
|-damage|p2a: Turtonator|16/100
|-sideend|p1: BrittneySpearsMom|Spikes|[from] move: Rapid Spin|[of] p1a: Mr. Mime
|-boost|p1a: Mr. Mime|spe|1
|move|p2a: Turtonator|Flamethrower|p1a: Mr. Mime
|-supereffective|p1a: Mr. Mime
|-damage|p1a: Mr. Mime|0 fnt
|faint|p1a: Mr. Mime
|
|win|scraggy but bad
|c|☆scraggy but bad|gg
|l|☆scraggy but bad
|l|☆BrittneySpearsMom
|raw|BrittneySpearsMom's rating: 1244 &rarr; <strong>1218</strong><br />(-26 for losing)
|raw|scraggy but bad's rating: 1233 &rarr; <strong>1259</strong><br />(+26 for winning)
|l| PepeDuce
|j|☆scraggy but bad
|player|p2|scraggy but bad|beauty-gen7
