|j|☆Leffen stan
|j|☆GoogleIntern
|player|p1|Leffen stan|swimmerf|1501
|player|p2|GoogleIntern|101|1348
|teamsize|p1|6
|teamsize|p2|6
|gametype|singles
|gen|8
|tier|[Gen 8] RU
|rated|
|clearpoke
|poke|p1|Salazzle, F|
|poke|p1|Pangoro, F|
|poke|p1|Goodra, M|
|poke|p1|Sableye, M|
|poke|p1|Gigalith, F|
|poke|p1|Silvally-*|
|poke|p2|Silvally-*|
|poke|p2|Rillaboom, M|
|poke|p2|Goodra, M|
|poke|p2|Orbeetle, F|
|poke|p2|Torkoal, F|
|poke|p2|Sableye, M|
|rule|Sleep Clause Mod: Limit one foe put to sleep
|rule|Species Clause: Limit one of each Pokémon
|rule|OHKO Clause: OHKO moves are banned
|rule|Evasion Moves Clause: Evasion moves are banned
|rule|Endless Battle Clause: Forcing endless battles is banned
|rule|HP Percentage Mod: HP is shown in percentages
|rule|Dynamax Clause: You cannot dynamax
|teampreview
|
|start
|switch|p1a: Pangoro|Pangoro, F|100/100
|switch|p2a: Orbeetle|Orbeetle, F|100/100
|-item|p1a: Pangoro|Choice Band|[from] ability: Frisk|[of] p2a: Orbeetle|[identify]
|turn|1
|
|switch|p2a: Rillaboom|Rillaboom, M|100/100
|move|p1a: Pangoro|Darkest Lariat|p2a: Rillaboom
|-damage|p2a: Rillaboom|30/100
|
|upkeep
|turn|2
|
|switch|p1a: Goodra|Goodra, M|100/100
|move|p2a: Rillaboom|Superpower|p1a: Goodra
|-damage|p1a: Goodra|24/100
|-unboost|p2a: Rillaboom|atk|1
|-unboost|p2a: Rillaboom|def|1
|
|upkeep
|turn|3
|
|switch|p2a: Orbeetle|Orbeetle, F|100/100
|-item|p1a: Goodra|Choice Specs|[from] ability: Frisk|[of] p2a: Orbeetle|[identify]
|switch|p1a: Sableye|Sableye, M|100/100
|
|upkeep
|turn|4
|
|move|p2a: Orbeetle|Trick|p1a: Sableye
|-activate|p2a: Orbeetle|move: Trick|[of] p1a: Sableye
|-item|p1a: Sableye|Choice Scarf|[from] move: Trick
|-item|p2a: Orbeetle|Leftovers|[from] move: Trick
|move|p1a: Sableye|Knock Off|p2a: Orbeetle
|-supereffective|p2a: Orbeetle
|-damage|p2a: Orbeetle|50/100
|-enditem|p2a: Orbeetle|Leftovers|[from] move: Knock Off|[of] p1a: Sableye
|
|upkeep
|turn|5
|
|switch|p1a: Pangoro|Pangoro, F|100/100
|move|p2a: Orbeetle|Sticky Web|p1a: Pangoro
|-sidestart|p1: Leffen stan|move: Sticky Web
|
|upkeep
|turn|6
|inactive|Battle timer is ON: inactive players will automatically lose when time's up. (requested by Leffen stan)
|
|move|p2a: Orbeetle|Bug Buzz|p1a: Pangoro
|-damage|p1a: Pangoro|53/100
|move|p1a: Pangoro|Darkest Lariat|p2a: Orbeetle
|-supereffective|p2a: Orbeetle
|-damage|p2a: Orbeetle|0 fnt
|faint|p2a: Orbeetle
|
|upkeep
|
|switch|p2a: Rillaboom|Rillaboom, M|30/100
|turn|7
|
|switch|p1a: Sableye|Sableye, M|100/100
|-activate|p1a: Sableye|move: Sticky Web
|-unboost|p1a: Sableye|spe|1
|move|p2a: Rillaboom|Drum Beating|p1a: Sableye
|-damage|p1a: Sableye|0 fnt
|faint|p1a: Sableye
|
|upkeep
|
|switch|p1a: Salazzle|Salazzle, F|100/100
|turn|8
|
|switch|p2a: VariAries|Silvally-Ground|100/100
|move|p1a: Salazzle|Sludge Bomb|p2a: VariAries
|-resisted|p2a: VariAries
|-damage|p2a: VariAries|85/100
|
|upkeep
|turn|9
|
|switch|p1a: Goodra|Goodra, M|24/100
|-activate|p1a: Goodra|move: Sticky Web
|-unboost|p1a: Goodra|spe|1
|move|p2a: VariAries|Thunder Wave|p1a: Goodra
|-status|p1a: Goodra|par
|
|upkeep
|turn|10
|
|move|p2a: VariAries|Multi-Attack|p1a: Goodra
|-damage|p1a: Goodra|0 fnt
|faint|p1a: Goodra
|
|upkeep
|
|switch|p1a: Silvally|Silvally-Fairy|100/100
|-activate|p1a: Silvally|move: Sticky Web
|-unboost|p1a: Silvally|spe|1
|turn|11
|
|move|p2a: VariAries|Thunder Wave|p1a: Silvally
|-status|p1a: Silvally|par
|move|p1a: Silvally|Multi-Attack|p2a: VariAries
|-damage|p2a: VariAries|33/100
|
|upkeep
|turn|12
|
|move|p2a: VariAries|Parting Shot|p1a: Silvally
|-unboost|p1a: Silvally|atk|1
|-unboost|p1a: Silvally|spa|1
|
|switch|p2a: Torkoal|Torkoal, F|100/100|[from]move: Parting Shot
|-weather|SunnyDay|[from] ability: Drought|[of] p2a: Torkoal
|cant|p1a: Silvally|par
|
|-weather|SunnyDay|[upkeep]
|upkeep
|turn|13
|
|switch|p1a: Gigalith|Gigalith, F|100/100
|-activate|p1a: Gigalith|move: Sticky Web
|-unboost|p1a: Gigalith|spe|1
|-weather|Sandstorm|[from] ability: Sand Stream|[of] p1a: Gigalith
|move|p2a: Torkoal|Lava Plume|p1a: Gigalith
|-resisted|p1a: Gigalith
|-damage|p1a: Gigalith|92/100
|
|-weather|Sandstorm|[upkeep]
|-damage|p2a: Torkoal|94/100|[from] Sandstorm
|-heal|p1a: Gigalith|98/100|[from] item: Leftovers
|upkeep
|turn|14
|
|switch|p2a: Goodra|Goodra, M|100/100
|move|p1a: Gigalith|Rock Blast|p2a: Goodra
|-damage|p2a: Goodra|87/100
|-damage|p2a: Goodra|74/100
|-hitcount|p2a: Goodra|2
|
|-weather|Sandstorm|[upkeep]
|-damage|p2a: Goodra|68/100|[from] Sandstorm
|-heal|p1a: Gigalith|100/100|[from] item: Leftovers
|upkeep
|turn|15
|
|move|p1a: Gigalith|Protect|p1a: Gigalith
|-singleturn|p1a: Gigalith|Protect
|move|p2a: Goodra|Draco Meteor|p1a: Gigalith
|-activate|p1a: Gigalith|move: Protect
|
|-weather|Sandstorm|[upkeep]
|-damage|p2a: Goodra|62/100|[from] Sandstorm
|upkeep
|turn|16
|
|switch|p1a: Silvally|Silvally-Fairy|100/100 par
|-activate|p1a: Silvally|move: Sticky Web
|-unboost|p1a: Silvally|spe|1
|move|p2a: Goodra|Draco Meteor|p1a: Silvally
|-immune|p1a: Silvally
|
|-weather|Sandstorm|[upkeep]
|-damage|p2a: Goodra|56/100|[from] Sandstorm
|-damage|p1a: Silvally|94/100 par|[from] Sandstorm
|upkeep
|turn|17
|
|move|p2a: Goodra|Sludge Wave|p1a: Silvally
|-supereffective|p1a: Silvally
|-damage|p1a: Silvally|28/100 par
|move|p1a: Silvally|U-turn|p2a: Goodra
|-damage|p2a: Goodra|32/100
|
|switch|p1a: Pangoro|Pangoro, F|53/100|[from]move: U-turn
|-activate|p1a: Pangoro|move: Sticky Web
|-unboost|p1a: Pangoro|spe|1
|
|-weather|none
|upkeep
|turn|18
|
|move|p1a: Pangoro|Bullet Punch|p2a: Goodra
|-damage|p2a: Goodra|5/100
|move|p2a: Goodra|Draco Meteor|p1a: Pangoro
|-damage|p1a: Pangoro|0 fnt
|-unboost|p2a: Goodra|spa|2
|faint|p1a: Pangoro
|
|upkeep
|
|switch|p1a: Salazzle|Salazzle, F|100/100
|turn|19
|
|switch|p2a: Torkoal|Torkoal, F|94/100
|-weather|SunnyDay|[from] ability: Drought|[of] p2a: Torkoal
|move|p1a: Salazzle|Sludge Bomb|p2a: Torkoal
|-damage|p2a: Torkoal|42/100
|-status|p2a: Torkoal|psn
|
|-weather|SunnyDay|[upkeep]
|-damage|p2a: Torkoal|29/100 psn|[from] psn
|upkeep
|turn|20
|j|+Moutemoute
|
|move|p1a: Salazzle|Sludge Bomb|p2a: Torkoal
|-damage|p2a: Torkoal|0 fnt
|faint|p2a: Torkoal
|
|-weather|SunnyDay|[upkeep]
|upkeep
|
|switch|p2a: VariAries|Silvally-Ground|33/100
|turn|21
|
|move|p1a: Salazzle|Flamethrower|p2a: VariAries
|-damage|p2a: VariAries|0 fnt
|faint|p2a: VariAries
|
|-weather|SunnyDay|[upkeep]
|upkeep
|c|☆GoogleIntern|fk
|c|☆GoogleIntern|wp
|
|switch|p2a: Sableye|Sableye, M|100/100
|turn|22
|c|☆Leffen stan|:/
|
|switch|p1a: Silvally|Silvally-Fairy|28/100 par
|-activate|p1a: Silvally|move: Sticky Web
|-unboost|p1a: Silvally|spe|1
|move|p2a: Sableye|Knock Off|p1a: Silvally
|-resisted|p1a: Silvally
|-damage|p1a: Silvally|19/100 par
|
|-weather|SunnyDay|[upkeep]
|upkeep
|turn|23
|l|+Moutemoute
|
|switch|p2a: Goodra|Goodra, M|5/100
|move|p1a: Silvally|Multi-Attack|p2a: Goodra
|-supereffective|p2a: Goodra
|-damage|p2a: Goodra|0 fnt
|faint|p2a: Goodra
|
|-weather|none
|upkeep
|
|switch|p2a: Rillaboom|Rillaboom, M|30/100
|turn|24
|
|switch|p1a: Gigalith|Gigalith, F|100/100
|-activate|p1a: Gigalith|move: Sticky Web
|-unboost|p1a: Gigalith|spe|1
|-weather|Sandstorm|[from] ability: Sand Stream|[of] p1a: Gigalith
|move|p2a: Rillaboom|Earthquake|p1a: Gigalith
|-supereffective|p1a: Gigalith
|-damage|p1a: Gigalith|42/100
|
|-weather|Sandstorm|[upkeep]
|-damage|p2a: Rillaboom|24/100|[from] Sandstorm
|-heal|p1a: Gigalith|48/100|[from] item: Leftovers
|upkeep
|turn|25
|
|move|p1a: Gigalith|Protect|p1a: Gigalith
|-singleturn|p1a: Gigalith|Protect
|move|p2a: Rillaboom|Earthquake|p1a: Gigalith
|-activate|p1a: Gigalith|move: Protect
|
|-weather|Sandstorm|[upkeep]
|-damage|p2a: Rillaboom|18/100|[from] Sandstorm
|-heal|p1a: Gigalith|54/100|[from] item: Leftovers
|upkeep
|turn|26
|c|☆GoogleIntern|setting up the sun was a bad idea, could've saved my silvally from the posion type
|
|move|p2a: Rillaboom|Earthquake|p1a: Gigalith
|-supereffective|p1a: Gigalith
|-damage|p1a: Gigalith|0 fnt
|faint|p1a: Gigalith
|
|-weather|Sandstorm|[upkeep]
|-damage|p2a: Rillaboom|11/100|[from] Sandstorm
|upkeep
|c|☆Leffen stan|yea
|c|☆GoogleIntern|you should win i guess
|inactive|Leffen stan has 120 seconds left.
|c|☆Leffen stan|and i should have flamethrowres the sableye
|
|switch|p1a: Salazzle|Salazzle, F|100/100
|turn|27
|c|☆GoogleIntern|if only i had rillaboom as scarf
|
|move|p1a: Salazzle|Flamethrower|p2a: Rillaboom
|-supereffective|p2a: Rillaboom
|-damage|p2a: Rillaboom|0 fnt
|faint|p2a: Rillaboom
|
|-weather|Sandstorm|[upkeep]
|-damage|p1a: Salazzle|94/100|[from] Sandstorm
|upkeep
|
|switch|p2a: Sableye|Sableye, M|100/100
|turn|28
|
|move|p1a: Salazzle|Flamethrower|p2a: Sableye
|-damage|p2a: Sableye|55/100
|move|p2a: Sableye|Knock Off|p1a: Salazzle
|-damage|p1a: Salazzle|38/100
|-enditem|p1a: Salazzle|Heavy-Duty Boots|[from] move: Knock Off|[of] p2a: Sableye
|
|-weather|none
|-heal|p2a: Sableye|61/100|[from] item: Leftovers
|upkeep
|turn|29
|
|move|p2a: Sableye|Recover|p2a: Sableye
|-heal|p2a: Sableye|100/100
|move|p1a: Salazzle|Flamethrower|p2a: Sableye
|-damage|p2a: Sableye|55/100
|-status|p2a: Sableye|brn
|
|-heal|p2a: Sableye|61/100 brn|[from] item: Leftovers
|-damage|p2a: Sableye|55/100 brn|[from] brn
|upkeep
|turn|30
|c|☆GoogleIntern|wait -.-
|
|move|p2a: Sableye|Recover|p2a: Sableye
|-heal|p2a: Sableye|100/100 brn
|move|p1a: Salazzle|Flamethrower|p2a: Sableye
|-damage|p2a: Sableye|55/100 brn
|
|-heal|p2a: Sableye|61/100 brn|[from] item: Leftovers
|-damage|p2a: Sableye|55/100 brn|[from] brn
|upkeep
|turn|31
|
|move|p2a: Sableye|Recover|p2a: Sableye
|-heal|p2a: Sableye|100/100 brn
|move|p1a: Salazzle|Flamethrower|p2a: Sableye
|-damage|p2a: Sableye|59/100 brn
|
|-heal|p2a: Sableye|65/100 brn|[from] item: Leftovers
|-damage|p2a: Sableye|59/100 brn|[from] brn
|upkeep
|turn|32
|
|move|p2a: Sableye|Recover|p2a: Sableye
|-heal|p2a: Sableye|100/100 brn
|move|p1a: Salazzle|Flamethrower|p2a: Sableye
|-damage|p2a: Sableye|55/100 brn
|
|-heal|p2a: Sableye|61/100 brn|[from] item: Leftovers
|-damage|p2a: Sableye|55/100 brn|[from] brn
|upkeep
|turn|33
|
|move|p2a: Sableye|Recover|p2a: Sableye
|-heal|p2a: Sableye|100/100 brn
|move|p1a: Salazzle|Flamethrower|p2a: Sableye
|-damage|p2a: Sableye|54/100 brn
|
|-heal|p2a: Sableye|60/100 brn|[from] item: Leftovers
|-damage|p2a: Sableye|54/100 brn|[from] brn
|upkeep
|turn|34
|
|move|p2a: Sableye|Recover|p2a: Sableye
|-heal|p2a: Sableye|100/100 brn
|move|p1a: Salazzle|Flamethrower|p2a: Sableye
|-damage|p2a: Sableye|56/100 brn
|
|-heal|p2a: Sableye|62/100 brn|[from] item: Leftovers
|-damage|p2a: Sableye|56/100 brn|[from] brn
|upkeep
|turn|35
|
|move|p1a: Salazzle|Flamethrower|p2a: Sableye
|-damage|p2a: Sableye|11/100 brn
|move|p2a: Sableye|Knock Off|p1a: Salazzle
|-damage|p1a: Salazzle|20/100
|
|-heal|p2a: Sableye|17/100 brn|[from] item: Leftovers
|-damage|p2a: Sableye|11/100 brn|[from] brn
|upkeep
|turn|36
|
|move|p2a: Sableye|Recover|p2a: Sableye
|-heal|p2a: Sableye|62/100 brn
|move|p1a: Salazzle|Flamethrower|p2a: Sableye
|-damage|p2a: Sableye|17/100 brn
|
|-heal|p2a: Sableye|23/100 brn|[from] item: Leftovers
|-damage|p2a: Sableye|17/100 brn|[from] brn
|upkeep
|turn|37
|
|move|p2a: Sableye|Recover|p2a: Sableye
|-heal|p2a: Sableye|67/100 brn
|move|p1a: Salazzle|Flamethrower|p2a: Sableye
|-damage|p2a: Sableye|23/100 brn
|
|-heal|p2a: Sableye|29/100 brn|[from] item: Leftovers
|-damage|p2a: Sableye|23/100 brn|[from] brn
|upkeep
|turn|38
|
|move|p2a: Sableye|Recover|p2a: Sableye
|-heal|p2a: Sableye|73/100 brn
|move|p1a: Salazzle|Flamethrower|p2a: Sableye
|-damage|p2a: Sableye|32/100 brn
|
|-heal|p2a: Sableye|37/100 brn|[from] item: Leftovers
|-damage|p2a: Sableye|32/100 brn|[from] brn
|upkeep
|turn|39
|
|move|p2a: Sableye|Recover|p2a: Sableye
|-heal|p2a: Sableye|82/100 brn
|move|p1a: Salazzle|Flamethrower|p2a: Sableye
|-damage|p2a: Sableye|35/100 brn
|
|-heal|p2a: Sableye|41/100 brn|[from] item: Leftovers
|-damage|p2a: Sableye|35/100 brn|[from] brn
|upkeep
|turn|40
|
|move|p2a: Sableye|Recover|p2a: Sableye
|-heal|p2a: Sableye|85/100 brn
|move|p1a: Salazzle|Flamethrower|p2a: Sableye
|-damage|p2a: Sableye|40/100 brn
|
|-heal|p2a: Sableye|46/100 brn|[from] item: Leftovers
|-damage|p2a: Sableye|40/100 brn|[from] brn
|upkeep
|turn|41
|
|move|p2a: Sableye|Recover|p2a: Sableye
|-heal|p2a: Sableye|90/100 brn
|move|p1a: Salazzle|Flamethrower|p2a: Sableye
|-damage|p2a: Sableye|45/100 brn
|
|-heal|p2a: Sableye|51/100 brn|[from] item: Leftovers
|-damage|p2a: Sableye|45/100 brn|[from] brn
|upkeep
|turn|42
|
|move|p2a: Sableye|Recover|p2a: Sableye
|-heal|p2a: Sableye|96/100 brn
|move|p1a: Salazzle|Flamethrower|p2a: Sableye
|-damage|p2a: Sableye|47/100 brn
|
|-heal|p2a: Sableye|53/100 brn|[from] item: Leftovers
|-damage|p2a: Sableye|47/100 brn|[from] brn
|upkeep
|turn|43
|
|move|p2a: Sableye|Recover|p2a: Sableye
|-heal|p2a: Sableye|97/100 brn
|move|p1a: Salazzle|Flamethrower|p2a: Sableye
|-damage|p2a: Sableye|51/100 brn
|
|-heal|p2a: Sableye|57/100 brn|[from] item: Leftovers
|-damage|p2a: Sableye|51/100 brn|[from] brn
|upkeep
|turn|44
|
|move|p1a: Salazzle|Flamethrower|p2a: Sableye
|-damage|p2a: Sableye|8/100 brn
|move|p2a: Sableye|Knock Off|p1a: Salazzle
|-damage|p1a: Salazzle|3/100
|
|-heal|p2a: Sableye|14/100 brn|[from] item: Leftovers
|-damage|p2a: Sableye|8/100 brn|[from] brn
|upkeep
|turn|45
|c|☆GoogleIntern|-.-
|
|move|p2a: Sableye|Recover|p2a: Sableye
|-heal|p2a: Sableye|58/100 brn
|move|p1a: Salazzle|Flamethrower|p2a: Sableye
|-damage|p2a: Sableye|17/100 brn
|
|-heal|p2a: Sableye|23/100 brn|[from] item: Leftovers
|-damage|p2a: Sableye|17/100 brn|[from] brn
|upkeep
|turn|46
|
|move|p1a: Salazzle|Flamethrower|p2a: Sableye
|-damage|p2a: Sableye|0 fnt
|faint|p2a: Sableye
|
|win|Leffen stan
|raw|Leffen stan's rating: 1501 &rarr; <strong>1512</strong><br />(+11 for winning)
|raw|GoogleIntern's rating: 1349 &rarr; <strong>1337</strong><br />(-12 for losing)
|c|☆Leffen stan|gg
|c|☆GoogleIntern|gg
