|j|☆UnzipsCrogre
|j|☆Testinganteater
|t:|1624157399
|gametype|singles
|player|p1|UnzipsCrogre|2|1224
|player|p2|Testinganteater|palmer|1338
|teamsize|p1|6
|teamsize|p2|6
|gen|8
|tier|[Gen 8] RU
|rated|
|rule|Sleep Clause Mod: Limit one foe put to sleep
|rule|Species Clause: Limit one of each Pokémon
|rule|OHKO Clause: OHKO moves are banned
|rule|Evasion Moves Clause: Evasion moves are banned
|rule|Endless Battle Clause: Forcing endless battles is banned
|rule|HP Percentage Mod: HP is shown in percentages
|rule|Dynamax Clause: You cannot dynamax
|clearpoke
|poke|p1|Obstagoon, M|
|poke|p1|Togekiss, M|
|poke|p1|Mienshao, F|
|poke|p1|Metagross|
|poke|p1|Roserade, F|
|poke|p1|Gastrodon, F|
|poke|p2|Tyrantrum, M|
|poke|p2|Zarude|
|poke|p2|Togekiss, F|
|poke|p2|Milotic, F|
|poke|p2|Steelix, F|
|poke|p2|Toxicroak, M|
|teampreview
|inactive|Battle timer is ON: inactive players will automatically lose when time's up. (requested by UnzipsCrogre)
|
|t:|1624157422
|start
|switch|p1a: Mienshao|Mienshao, F|100/100
|switch|p2a: Togekiss|Togekiss, F|100/100
|turn|1
|
|t:|1624157430
|move|p1a: Mienshao|U-turn|p2a: Togekiss
|-resisted|p2a: Togekiss
|-damage|p2a: Togekiss|96/100
|
|t:|1624157432
|switch|p1a: Metagross|Metagross|100/100|[from]move: U-turn
|move|p2a: Togekiss|Air Slash|p1a: Metagross
|-resisted|p1a: Metagross
|-damage|p1a: Metagross|88/100
|
|-heal|p1a: Metagross|94/100|[from] item: Leftovers
|upkeep
|turn|2
|
|t:|1624157440
|switch|p2a: Milotic|Milotic, F|100/100
|move|p1a: Metagross|Meteor Mash|p2a: Milotic
|-resisted|p2a: Milotic
|-damage|p2a: Milotic|85/100
|-boost|p1a: Metagross|atk|1
|
|-heal|p2a: Milotic|91/100|[from] item: Leftovers
|-heal|p1a: Metagross|99/100|[from] item: Leftovers
|upkeep
|turn|3
|
|t:|1624157447
|switch|p1a: Roserade|Roserade, F|100/100
|move|p2a: Milotic|Scald|p1a: Roserade
|-resisted|p1a: Roserade
|-damage|p1a: Roserade|83/100
|
|-heal|p2a: Milotic|97/100|[from] item: Leftovers
|upkeep
|turn|4
|
|t:|1624157452
|switch|p2a: Steelix|Steelix, F|100/100
|move|p1a: Roserade|Spikes|p2a: Steelix
|-sidestart|p2: Testinganteater|Spikes
|
|upkeep
|turn|5
|
|t:|1624157461
|switch|p1a: Metagross|Metagross|99/100
|move|p2a: Steelix|Toxic|p1a: Metagross
|-immune|p1a: Metagross
|
|-heal|p1a: Metagross|100/100|[from] item: Leftovers
|upkeep
|turn|6
|
|t:|1624157468
|move|p1a: Metagross|Stealth Rock|p2a: Steelix
|-sidestart|p2: Testinganteater|move: Stealth Rock
|move|p2a: Steelix|Stealth Rock|p1a: Metagross
|-sidestart|p1: UnzipsCrogre|move: Stealth Rock
|
|upkeep
|turn|7
|
|t:|1624157475
|switch|p2a: Milotic|Milotic, F|97/100
|-damage|p2a: Milotic|84/100|[from] Stealth Rock
|-damage|p2a: Milotic|72/100|[from] Spikes
|move|p1a: Metagross|Earthquake|p2a: Milotic
|-damage|p2a: Milotic|47/100
|
|-heal|p2a: Milotic|53/100|[from] item: Leftovers
|upkeep
|turn|8
|
|t:|1624157485
|switch|p1a: Roserade|Roserade, F|83/100
|move|p2a: Milotic|Recover|p2a: Milotic
|-heal|p2a: Milotic|100/100
|
|upkeep
|turn|9
|
|t:|1624157491
|switch|p2a: Steelix|Steelix, F|100/100
|-damage|p2a: Steelix|97/100|[from] Stealth Rock
|-damage|p2a: Steelix|85/100|[from] Spikes
|move|p1a: Roserade|Giga Drain|p2a: Steelix
|-damage|p2a: Steelix|52/100
|-heal|p1a: Roserade|100/100|[from] drain|[of] p2a: Steelix
|
|-heal|p2a: Steelix|59/100|[from] item: Leftovers
|upkeep
|turn|10
|
|t:|1624157501
|move|p1a: Roserade|Giga Drain|p2a: Steelix
|-damage|p2a: Steelix|23/100
|move|p2a: Steelix|Heavy Slam|p1a: Roserade
|-damage|p1a: Roserade|28/100
|
|-heal|p2a: Steelix|29/100|[from] item: Leftovers
|upkeep
|turn|11
|
|t:|1624157508
|switch|p2a: Toxicroak|Toxicroak, M, shiny|100/100
|-damage|p2a: Toxicroak|88/100|[from] Spikes
|-damage|p2a: Toxicroak|82/100|[from] Stealth Rock
|move|p1a: Roserade|Giga Drain|p2a: Toxicroak
|-resisted|p2a: Toxicroak
|-damage|p2a: Toxicroak|54/100
|-heal|p1a: Roserade|44/100|[from] drain|[of] p2a: Toxicroak
|
|upkeep
|turn|12
|
|t:|1624157516
|switch|p1a: Metagross|Metagross|100/100
|-damage|p1a: Metagross|94/100|[from] Stealth Rock
|move|p2a: Toxicroak|Drain Punch|p1a: Metagross
|-damage|p1a: Metagross|61/100
|-heal|p2a: Toxicroak|74/100|[from] drain|[of] p1a: Metagross
|-damage|p2a: Toxicroak|64/100|[from] item: Life Orb
|
|-heal|p1a: Metagross|67/100|[from] item: Leftovers
|upkeep
|turn|13
|
|t:|1624157526
|switch|p2a: Zarude|Zarude|100/100
|move|p1a: Metagross|Earthquake|p2a: Zarude
|-resisted|p2a: Zarude
|-damage|p2a: Zarude|84/100
|
|-heal|p1a: Metagross|73/100|[from] item: Leftovers
|upkeep
|turn|14
|
|t:|1624157533
|move|p2a: Zarude|U-turn|p1a: Metagross
|-damage|p1a: Metagross|57/100
|
|t:|1624157540
|switch|p2a: Milotic|Milotic, F|100/100|[from]move: U-turn
|-damage|p2a: Milotic|88/100|[from] Stealth Rock
|-damage|p2a: Milotic|76/100|[from] Spikes
|move|p1a: Metagross|Meteor Mash|p2a: Milotic
|-resisted|p2a: Milotic
|-damage|p2a: Milotic|58/100
|
|-heal|p2a: Milotic|64/100|[from] item: Leftovers
|-heal|p1a: Metagross|63/100|[from] item: Leftovers
|upkeep
|turn|15
|
|t:|1624157544
|move|p2a: Milotic|Flip Turn|p1a: Metagross
|-crit|p1a: Metagross
|-damage|p1a: Metagross|49/100
|
|t:|1624157548
|switch|p2a: Zarude|Zarude|84/100|[from]move: Flip Turn
|move|p1a: Metagross|Toxic|p2a: Zarude
|-status|p2a: Zarude|tox
|
|-heal|p1a: Metagross|55/100|[from] item: Leftovers
|-damage|p2a: Zarude|78/100 tox|[from] psn
|upkeep
|turn|16
|
|t:|1624157554
|switch|p1a: Togekiss|Togekiss, M|100/100
|move|p2a: Zarude|U-turn|p1a: Togekiss
|-resisted|p1a: Togekiss
|-damage|p1a: Togekiss|95/100
|j| forestcave
|l| forestcave
|
|t:|1624157563
|switch|p2a: Tyrantrum|Tyrantrum, M|100/100|[from]move: U-turn
|-damage|p2a: Tyrantrum|88/100|[from] Spikes
|-damage|p2a: Tyrantrum|76/100|[from] Stealth Rock
|
|upkeep
|turn|17
|
|t:|1624157580
|switch|p1a: Gastrodon|Gastrodon, F|100/100
|move|p2a: Tyrantrum|Head Smash|p1a: Gastrodon
|-resisted|p1a: Gastrodon
|-damage|p1a: Gastrodon|74/100
|
|upkeep
|turn|18
|
|t:|1624157590
|switch|p2a: Zarude|Zarude|78/100 tox
|move|p1a: Gastrodon|Recover|p1a: Gastrodon
|-heal|p1a: Gastrodon|100/100
|
|-damage|p2a: Zarude|72/100 tox|[from] psn
|upkeep
|turn|19
|
|t:|1624157594
|switch|p1a: Togekiss|Togekiss, M|95/100
|move|p2a: Zarude|Jungle Healing|p2a: Zarude
|-heal|p2a: Zarude|97/100 tox
|-curestatus|p2a: Zarude|tox|[msg]
|
|upkeep
|turn|20
|
|t:|1624157602
|move|p2a: Zarude|U-turn|p1a: Togekiss
|-resisted|p1a: Togekiss
|-damage|p1a: Togekiss|90/100
|
|t:|1624157606
|switch|p2a: Togekiss|Togekiss, F|96/100|[from]move: U-turn
|move|p1a: Togekiss|Air Slash|p2a: Togekiss
|-damage|p2a: Togekiss|69/100
|
|upkeep
|turn|21
|
|t:|1624157611
|move|p1a: Togekiss|Nasty Plot|p1a: Togekiss
|-boost|p1a: Togekiss|spa|2
|move|p2a: Togekiss|Defog|p1a: Togekiss
|-unboost|p1a: Togekiss|evasion|1
|-sideend|p1: UnzipsCrogre|Stealth Rock|[from] move: Defog|[of] p2a: Togekiss
|-sideend|p2: Testinganteater|Spikes|[from] move: Defog|[of] p2a: Togekiss
|-sideend|p2: Testinganteater|Stealth Rock|[from] move: Defog|[of] p2a: Togekiss
|
|upkeep
|turn|22
|
|t:|1624157616
|switch|p2a: Steelix|Steelix, F|29/100
|move|p1a: Togekiss|Air Slash|p2a: Steelix
|-resisted|p2a: Steelix
|-damage|p2a: Steelix|2/100
|
|-heal|p2a: Steelix|8/100|[from] item: Leftovers
|upkeep
|turn|23
|
|t:|1624157622
|move|p1a: Togekiss|Air Slash|p2a: Steelix
|-resisted|p2a: Steelix
|-damage|p2a: Steelix|0 fnt
|faint|p2a: Steelix
|
|upkeep
|
|t:|1624157626
|switch|p2a: Tyrantrum|Tyrantrum, M|76/100
|turn|24
|
|t:|1624157633
|switch|p1a: Gastrodon|Gastrodon, F|100/100
|move|p2a: Tyrantrum|Head Smash|p1a: Gastrodon
|-resisted|p1a: Gastrodon
|-damage|p1a: Gastrodon|75/100
|
|upkeep
|turn|25
|
|t:|1624157638
|switch|p2a: Toxicroak|Toxicroak, M, shiny|64/100
|move|p1a: Gastrodon|Ice Beam|p2a: Toxicroak
|-damage|p2a: Toxicroak|33/100
|-status|p2a: Toxicroak|frz
|
|upkeep
|turn|26
|-message|Testinganteater forfeited.
|
|win|UnzipsCrogre
|raw|UnzipsCrogre's rating: 1224 &rarr; <strong>1257</strong><br />(+33 for winning)
|raw|Testinganteater's rating: 1338 &rarr; <strong>1312</strong><br />(-26 for losing)
|l|☆Testinganteater
