|j|☆HammerArmBR
|j|☆Ed.Capetinha
|t:|1634075166
|gametype|singles
|player|p1|HammerArmBR|grimsley|
|player|p2|Ed.Capetinha|dragontamer|
|teamsize|p1|6
|teamsize|p2|6
|gen|8
|tier|[Gen 8] RU
|rated|Tournament battle
|rule|Sleep Clause Mod: Limit one foe put to sleep
|rule|Species Clause: Limit one of each Pokémon
|rule|OHKO Clause: OHKO moves are banned
|rule|Evasion Moves Clause: Evasion moves are banned
|rule|Endless Battle Clause: Forcing endless battles is banned
|rule|HP Percentage Mod: HP is shown in percentages
|rule|Dynamax Clause: You cannot dynamax
|clearpoke
|poke|p1|Vanilluxe, M|
|poke|p1|Abomasnow, F|
|poke|p1|Sandslash-Alola, M|
|poke|p1|Escavalier, M|
|poke|p1|Sigilyph, M|
|poke|p1|Ninetales, F|
|poke|p2|Ribombee, F|
|poke|p2|Necrozma|
|poke|p2|Mimikyu, F|
|poke|p2|Cobalion|
|poke|p2|Xurkitree|
|poke|p2|Lucario, M|
|teampreview
|inactive|Battle timer is ON: inactive players will automatically lose when time's up. (requested by Ed.Capetinha)
|inactive|HammerArmBR has 120 seconds left.
|
|t:|1634075239
|start
|switch|p1a: John Snow|Abomasnow, F|100/100
|switch|p2a: Cobalion|Cobalion|100/100
|-weather|Hail|[from] ability: Snow Warning|[of] p1a: John Snow
|turn|1
|inactive|HammerArmBR has 120 seconds left.
|
|t:|1634075280
|switch|p1a: Asteca|Sigilyph, M, shiny|100/100
|move|p2a: Cobalion|Stone Edge|p1a: Asteca
|-supereffective|p1a: Asteca
|-damage|p1a: Asteca|49/100
|
|-weather|Hail|[upkeep]
|-damage|p2a: Cobalion|94/100|[from] Hail
|-status|p1a: Asteca|brn|[from] item: Flame Orb
|upkeep
|turn|2
|inactive|HammerArmBR has 120 seconds left.
|
|t:|1634075299
|switch|p1a: Paladino|Escavalier, M|100/100
|move|p2a: Cobalion|Stone Edge|p1a: Paladino
|-crit|p1a: Paladino
|-damage|p1a: Paladino|63/100
|
|-weather|Hail|[upkeep]
|-damage|p2a: Cobalion|88/100|[from] Hail
|upkeep
|turn|3
|inactive|HammerArmBR has 120 seconds left.
|inactive|Ed.Capetinha has 120 seconds left.
|
|t:|1634075322
|switch|p2a: Mimikyu|Mimikyu, F|100/100
|move|p1a: Paladino|Close Combat|p2a: Mimikyu
|-immune|p2a: Mimikyu
|
|-weather|Hail|[upkeep]
|-damage|p2a: Mimikyu|95/100|[from] Hail
|upkeep
|turn|4
|inactive|HammerArmBR has 120 seconds left.
|inactive|Ed.Capetinha has 120 seconds left.
|
|t:|1634075335
|move|p2a: Mimikyu|Swords Dance|p2a: Mimikyu
|-boost|p2a: Mimikyu|atk|2
|move|p1a: Paladino|Iron Head|p2a: Mimikyu
|-activate|p2a: Mimikyu|ability: Disguise
|-damage|p2a: Mimikyu|95/100
|detailschange|p2a: Mimikyu|Mimikyu-Busted, F
|-damage|p2a: Mimikyu|82/100|[from] pokemon: Mimikyu-Busted
|
|-weather|Hail|[upkeep]
|-damage|p2a: Mimikyu|76/100|[from] Hail
|upkeep
|turn|5
|inactive|Ed.Capetinha has 120 seconds left.
|
|t:|1634075347
|move|p2a: Mimikyu|Shadow Claw|p1a: Paladino
|-damage|p1a: Paladino|0 fnt
|faint|p1a: Paladino
|-damage|p2a: Mimikyu|66/100|[from] item: Life Orb
|
|-weather|Hail|[upkeep]
|-damage|p2a: Mimikyu|60/100|[from] Hail
|upkeep
|inactive|HammerArmBR has 120 seconds left.
|
|t:|1634075368
|switch|p1a: Ninetails Alola|Ninetales, F, shiny|100/100
|turn|6
|
|t:|1634075375
|move|p2a: Mimikyu|Shadow Sneak|p1a: Ninetails Alola
|-damage|p1a: Ninetails Alola|41/100
|-damage|p2a: Mimikyu|50/100|[from] item: Life Orb
|move|p1a: Ninetails Alola|Flamethrower|p2a: Mimikyu
|-damage|p2a: Mimikyu|7/100
|
|-weather|Hail|[upkeep]
|-damage|p2a: Mimikyu|1/100|[from] Hail
|upkeep
|turn|7
|inactive|HammerArmBR has 120 seconds left.
|inactive|HammerArmBR has 90 seconds left.
|
|t:|1634075435
|switch|p1a: Banira Ice|Vanilluxe, M, shiny|100/100
|move|p2a: Mimikyu|Shadow Sneak|p1a: Banira Ice
|-damage|p1a: Banira Ice|38/100
|-damage|p2a: Mimikyu|0 fnt|[from] item: Life Orb
|faint|p2a: Mimikyu
|
|-weather|Hail|[upkeep]
|upkeep
|inactive|Ed.Capetinha has 120 seconds left.
|
|t:|1634075455
|switch|p2a: Ribombee|Ribombee, F|100/100
|turn|8
|inactive|Ed.Capetinha has 120 seconds left.
|
|t:|1634075466
|move|p2a: Ribombee|Sticky Web|p1a: Banira Ice
|-sidestart|p1: HammerArmBR|move: Sticky Web
|move|p1a: Banira Ice|Aurora Veil|p1a: Banira Ice
|-sidestart|p1: HammerArmBR|move: Aurora Veil
|
|-weather|none
|upkeep
|turn|9
|inactive|Ed.Capetinha has 120 seconds left.
|
|t:|1634075477
|move|p2a: Ribombee|Moonblast|p1a: Banira Ice
|-damage|p1a: Banira Ice|14/100
|move|p1a: Banira Ice|Explosion|p2a: Ribombee
|-crit|p2a: Ribombee
|-enditem|p2a: Ribombee|Focus Sash
|-damage|p2a: Ribombee|1/100
|faint|p1a: Banira Ice
|
|upkeep
|
|t:|1634075485
|switch|p1a: John Snow|Abomasnow, F|100/100
|-activate|p1a: John Snow|move: Sticky Web
|-unboost|p1a: John Snow|spe|1
|-weather|Hail|[from] ability: Snow Warning|[of] p1a: John Snow
|turn|10
|inactive|Ed.Capetinha has 120 seconds left.
|
|t:|1634075507
|move|p1a: John Snow|Ice Shard|p2a: Ribombee
|-damage|p2a: Ribombee|0 fnt
|faint|p2a: Ribombee
|
|-weather|Hail|[upkeep]
|upkeep
|
|t:|1634075514
|switch|p2a: Necrozma|Necrozma|100/100
|turn|11
|
|t:|1634075543
|move|p2a: Necrozma|Heat Wave|p1a: John Snow
|-supereffective|p1a: John Snow
|-damage|p1a: John Snow|24/100
|move|p1a: John Snow|Wood Hammer|p2a: Necrozma
|-damage|p2a: Necrozma|46/100
|-damage|p1a: John Snow|8/100|[from] Recoil
|
|-weather|Hail|[upkeep]
|-damage|p2a: Necrozma|40/100|[from] Hail
|upkeep
|turn|12
|
|t:|1634075554
|move|p2a: Necrozma|Stealth Rock|p1a: John Snow
|-sidestart|p1: HammerArmBR|move: Stealth Rock
|move|p1a: John Snow|Wood Hammer|p2a: Necrozma
|-damage|p2a: Necrozma|0 fnt
|faint|p2a: Necrozma
|-damage|p1a: John Snow|0 fnt|[from] Recoil
|faint|p1a: John Snow
|
|-weather|Hail|[upkeep]
|-sideend|p1: HammerArmBR|move: Aurora Veil
|upkeep
|
|t:|1634075570
|switch|p2a: Cobalion|Cobalion|88/100
|switch|p1a: Sonic|Sandslash-Alola, M, shiny|100/100
|-activate|p1a: Sonic|move: Sticky Web
|-unboost|p1a: Sonic|spe|1
|-damage|p1a: Sonic|88/100|[from] Stealth Rock
|turn|13
|
|t:|1634075579
|move|p2a: Cobalion|Close Combat|p1a: Sonic
|-supereffective|p1a: Sonic
|-damage|p1a: Sonic|0 fnt
|-unboost|p2a: Cobalion|def|1
|-unboost|p2a: Cobalion|spd|1
|faint|p1a: Sonic
|
|-weather|Hail|[upkeep]
|-damage|p2a: Cobalion|82/100|[from] Hail
|upkeep
|
|t:|1634075585
|switch|p1a: Asteca|Sigilyph, M, shiny|49/100 brn
|turn|14
|
|t:|1634075595
|switch|p2a: Xurkitree|Xurkitree|100/100
|move|p1a: Asteca|Roost|p1a: Asteca
|-heal|p1a: Asteca|99/100 brn
|-singleturn|p1a: Asteca|move: Roost
|
|-weather|Hail|[upkeep]
|-damage|p2a: Xurkitree|94/100|[from] Hail
|upkeep
|turn|15
|
|t:|1634075606
|switch|p1a: Ninetails Alola|Ninetales, F, shiny|41/100
|-damage|p1a: Ninetails Alola|16/100|[from] Stealth Rock
|-activate|p1a: Ninetails Alola|move: Sticky Web
|-unboost|p1a: Ninetails Alola|spe|1
|move|p2a: Xurkitree|Thunderbolt|p1a: Ninetails Alola
|-damage|p1a: Ninetails Alola|0 fnt
|faint|p1a: Ninetails Alola
|-ability|p2a: Xurkitree|Beast Boost|boost
|-boost|p2a: Xurkitree|spa|1
|
|-weather|Hail|[upkeep]
|-damage|p2a: Xurkitree|88/100|[from] Hail
|upkeep
|-message|HammerArmBR forfeited.
|
|win|Ed.Capetinha
|n|☆HammerArmBR|hammerarmbr
|n|☆Ed.Capetinha|edcapetinha
