|j|☆tittiesXshoe
|j|☆jeanmichel20
|t:|1598044317
|player|p1|tittiesXshoe|pokemonbreederf|1466
|player|p2|jeanmichel20|20|1253
|teamsize|p1|6
|teamsize|p2|6
|gametype|singles
|gen|8
|tier|[Gen 8] RU
|rated|
|clearpoke
|poke|p1|Golisopod, M|
|poke|p1|Steelix, M|
|poke|p1|Umbreon, F|
|poke|p1|Espeon, F|
|poke|p1|Rotom-Mow|
|poke|p1|Blastoise, M|
|poke|p2|Duraludon, F|
|poke|p2|Passimian, M|
|poke|p2|Jellicent, M|
|poke|p2|Rotom-Mow|
|poke|p2|Rhydon, M|
|poke|p2|Aromatisse, M|
|rule|Sleep Clause Mod: Limit one foe put to sleep
|rule|Species Clause: Limit one of each Pokémon
|rule|OHKO Clause: OHKO moves are banned
|rule|Evasion Moves Clause: Evasion moves are banned
|rule|Endless Battle Clause: Forcing endless battles is banned
|rule|HP Percentage Mod: HP is shown in percentages
|rule|Dynamax Clause: You cannot dynamax
|teampreview
|
|t:|1598044339
|start
|switch|p1a: Munch|Rotom-Mow|100/100
|switch|p2a: Passimian|Passimian, M|100/100
|turn|1
|
|t:|1598044346
|move|p1a: Munch|Volt Switch|p2a: Passimian
|-damage|p2a: Passimian|51/100
|
|t:|1598044349
|switch|p1a: Young Rocks|Steelix, M|100/100|[from]move: Volt Switch
|move|p2a: Passimian|U-turn|p1a: Young Rocks
|-resisted|p1a: Young Rocks
|-damage|p1a: Young Rocks|96/100
|-damage|p2a: Passimian|35/100|[from] item: Rocky Helmet|[of] p1a: Young Rocks
|
|t:|1598044357
|switch|p2a: Jellicent|Jellicent, M|100/100|[from]move: U-turn
|
|upkeep
|turn|2
|
|t:|1598044361
|move|p2a: Jellicent|Will-O-Wisp|p1a: Young Rocks
|-status|p1a: Young Rocks|brn
|move|p1a: Young Rocks|Toxic|p2a: Jellicent
|-status|p2a: Jellicent|tox
|
|-damage|p2a: Jellicent|94/100 tox|[from] psn
|-damage|p1a: Young Rocks|90/100 brn|[from] brn
|upkeep
|turn|3
|inactive|Battle timer is ON: inactive players will automatically lose when time's up. (requested by tittiesXshoe)
|
|t:|1598044373
|switch|p1a: Wish Maker|Umbreon, F|100/100
|move|p2a: Jellicent|Scald|p1a: Wish Maker
|-damage|p1a: Wish Maker|87/100
|
|-heal|p1a: Wish Maker|93/100|[from] item: Leftovers
|-damage|p2a: Jellicent|82/100 tox|[from] psn
|upkeep
|turn|4
|
|t:|1598044382
|switch|p2a: Aromatisse|Aromatisse, M|100/100
|move|p1a: Wish Maker|Heal Bell|p1a: Wish Maker
|-activate|p1a: Wish Maker|move: Heal Bell
|-curestatus|p1: Young Rocks|brn|[msg]
|
|-heal|p1a: Wish Maker|99/100|[from] item: Leftovers
|upkeep
|turn|5
|
|t:|1598044401
|switch|p1a: Young Rocks|Steelix, M|90/100
|move|p2a: Aromatisse|Heal Bell|p2a: Aromatisse
|-activate|p2a: Aromatisse|move: Heal Bell
|-curestatus|p2: Jellicent|tox|[msg]
|
|upkeep
|turn|6
|
|t:|1598044408
|switch|p2a: Rotom|Rotom-Mow|100/100
|move|p1a: Young Rocks|Stealth Rock|p2a: Rotom
|-sidestart|p2: jeanmichel20|move: Stealth Rock
|
|upkeep
|turn|7
|
|t:|1598044415
|move|p2a: Rotom|Trick|p1a: Young Rocks
|-activate|p2a: Rotom|move: Trick|[of] p1a: Young Rocks
|-item|p1a: Young Rocks|Choice Scarf|[from] move: Trick
|-item|p2a: Rotom|Rocky Helmet|[from] move: Trick
|move|p1a: Young Rocks|Toxic|p2a: Rotom
|-status|p2a: Rotom|tox
|
|-damage|p2a: Rotom|94/100 tox|[from] psn
|upkeep
|turn|8
|
|t:|1598044426
|switch|p1a: The Hive|Golisopod, M, shiny|100/100
|move|p2a: Rotom|Defog|p1a: The Hive
|-unboost|p1a: The Hive|evasion|1
|-sideend|p2: jeanmichel20|Stealth Rock|[from] move: Defog|[of] p2a: Rotom
|
|-damage|p2a: Rotom|82/100 tox|[from] psn
|upkeep
|turn|9
|
|t:|1598044436
|switch|p2a: Rhydon|Rhydon, M|100/100
|switch|p1a: Munch|Rotom-Mow|100/100
|
|upkeep
|turn|10
|
|t:|1598044444
|switch|p2a: Duraludon|Duraludon, F|100/100
|move|p1a: Munch|Leaf Storm|p2a: Duraludon
|-resisted|p2a: Duraludon
|-damage|p2a: Duraludon|69/100
|-unboost|p1a: Munch|spa|2
|
|upkeep
|turn|11
|
|t:|1598044463
|switch|p1a: Wish Maker|Umbreon, F|99/100
|move|p2a: Duraludon|Draco Meteor|p1a: Wish Maker
|-damage|p1a: Wish Maker|51/100
|-unboost|p2a: Duraludon|spa|2
|
|-heal|p1a: Wish Maker|57/100|[from] item: Leftovers
|upkeep
|turn|12
|
|t:|1598044481
|switch|p2a: Passimian|Passimian, M|35/100
|move|p1a: Wish Maker|Wish|p1a: Wish Maker
|
|-heal|p1a: Wish Maker|63/100|[from] item: Leftovers
|upkeep
|turn|13
|
|t:|1598044487
|move|p1a: Wish Maker|Protect|p1a: Wish Maker
|-singleturn|p1a: Wish Maker|Protect
|move|p2a: Passimian|Close Combat|p1a: Wish Maker
|-activate|p1a: Wish Maker|move: Protect
|
|-heal|p1a: Wish Maker|100/100|[from] move: Wish|[wisher] Wish Maker
|upkeep
|turn|14
|
|t:|1598044496
|switch|p1a: Young Rocks|Steelix, M|90/100
|move|p2a: Passimian|Close Combat|p1a: Young Rocks
|-supereffective|p1a: Young Rocks
|-damage|p1a: Young Rocks|39/100
|-unboost|p2a: Passimian|def|1
|-unboost|p2a: Passimian|spd|1
|
|upkeep
|turn|15
|
|t:|1598044505
|switch|p1a: The Hive|Golisopod, M, shiny|100/100
|move|p2a: Passimian|Close Combat|p1a: The Hive
|-resisted|p1a: The Hive
|-damage|p1a: The Hive|77/100
|-unboost|p2a: Passimian|def|1
|-unboost|p2a: Passimian|spd|1
|
|upkeep
|turn|16
|
|t:|1598044514
|switch|p2a: Rhydon|Rhydon, M|100/100
|move|p1a: The Hive|Liquidation|p2a: Rhydon
|-supereffective|p2a: Rhydon
|-damage|p2a: Rhydon|4/100
|
|upkeep
|turn|17
|
|t:|1598044524
|switch|p2a: Jellicent|Jellicent, M|82/100
|move|p1a: The Hive|Leech Life|p2a: Jellicent
|-resisted|p2a: Jellicent
|-damage|p2a: Jellicent|63/100
|-heal|p1a: The Hive|88/100|[from] drain|[of] p2a: Jellicent
|
|upkeep
|turn|18
|
|t:|1598044535
|switch|p1a: Wish Maker|Umbreon, F|100/100
|move|p2a: Jellicent|Scald|p1a: Wish Maker
|-damage|p1a: Wish Maker|87/100
|
|-heal|p1a: Wish Maker|93/100|[from] item: Leftovers
|upkeep
|turn|19
|
|t:|1598044546
|move|p2a: Jellicent|Will-O-Wisp|p1a: Wish Maker
|-status|p1a: Wish Maker|brn
|-activate|p1a: Wish Maker|ability: Synchronize
|-status|p2a: Jellicent|brn
|move|p1a: Wish Maker|Wish|p1a: Wish Maker
|
|-heal|p1a: Wish Maker|99/100 brn|[from] item: Leftovers
|-damage|p2a: Jellicent|57/100 brn|[from] brn
|-damage|p1a: Wish Maker|93/100 brn|[from] brn
|upkeep
|turn|20
|
|t:|1598044561
|switch|p2a: Rotom|Rotom-Mow|82/100 tox
|switch|p1a: Munch|Rotom-Mow|100/100
|
|-damage|p2a: Rotom|76/100 tox|[from] psn
|upkeep
|turn|21
|
|t:|1598044580
|switch|p2a: Rhydon|Rhydon, M|4/100
|move|p1a: Munch|Volt Switch|p2a: Rhydon
|-immune|p2a: Rhydon
|
|upkeep
|turn|22
|
|t:|1598044587
|switch|p1a: God's Reflection|Espeon, F|100/100
|move|p2a: Rhydon|Stealth Rock|p1a: God's Reflection
|move|p1a: God's Reflection|Stealth Rock|p2a: Rhydon|[from]Magic Bounce
|-sidestart|p2: jeanmichel20|move: Stealth Rock
|
|upkeep
|turn|23
|
|t:|1598044597
|move|p1a: God's Reflection|Psychic|p2a: Rhydon
|-crit|p2a: Rhydon
|-damage|p2a: Rhydon|0 fnt
|faint|p2a: Rhydon
|
|upkeep
|
|t:|1598044602
|switch|p2a: Rotom|Rotom-Mow|76/100 tox
|-damage|p2a: Rotom|63/100 tox|[from] Stealth Rock
|turn|24
|
|t:|1598044617
|move|p2a: Rotom|Defog|p1a: God's Reflection
|move|p1a: God's Reflection|Defog|p2a: Rotom|[from]Magic Bounce
|-unboost|p2a: Rotom|evasion|1
|-sideend|p2: jeanmichel20|Stealth Rock|[from] move: Defog|[of] p1a: God's Reflection
|move|p1a: God's Reflection|Calm Mind|p1a: God's Reflection
|-boost|p1a: God's Reflection|spa|1
|-boost|p1a: God's Reflection|spd|1
|
|-damage|p2a: Rotom|57/100 tox|[from] psn
|upkeep
|turn|25
|
|t:|1598044627
|move|p2a: Rotom|Volt Switch|p1a: God's Reflection
|-damage|p1a: God's Reflection|79/100
|
|t:|1598044636
|switch|p2a: Passimian|Passimian, M|35/100|[from]move: Volt Switch
|move|p1a: God's Reflection|Psychic|p2a: Passimian
|-supereffective|p2a: Passimian
|-damage|p2a: Passimian|0 fnt
|faint|p2a: Passimian
|
|-heal|p1a: God's Reflection|85/100|[from] item: Leftovers
|upkeep
|
|t:|1598044646
|switch|p2a: Duraludon|Duraludon, F|69/100
|turn|26
|
|t:|1598044654
|move|p2a: Duraludon|Dark Pulse|p1a: God's Reflection
|-supereffective|p1a: God's Reflection
|-damage|p1a: God's Reflection|29/100
|move|p1a: God's Reflection|Psychic|p2a: Duraludon
|-resisted|p2a: Duraludon
|-damage|p2a: Duraludon|12/100
|
|-heal|p1a: God's Reflection|35/100|[from] item: Leftovers
|upkeep
|turn|27
|
|t:|1598044662
|switch|p1a: Wish Maker|Umbreon, F|93/100 brn
|move|p2a: Duraludon|Dark Pulse|p1a: Wish Maker
|-resisted|p1a: Wish Maker
|-damage|p1a: Wish Maker|83/100 brn
|
|-heal|p1a: Wish Maker|89/100 brn|[from] item: Leftovers
|-damage|p1a: Wish Maker|83/100 brn|[from] brn
|upkeep
|turn|28
|
|t:|1598044674
|switch|p2a: Aromatisse|Aromatisse, M|100/100
|move|p1a: Wish Maker|Heal Bell|p1a: Wish Maker
|-activate|p1a: Wish Maker|move: Heal Bell
|-curestatus|p1a: Wish Maker|brn|[msg]
|
|-heal|p1a: Wish Maker|89/100|[from] item: Leftovers
|upkeep
|turn|29
|
|t:|1598044684
|move|p1a: Wish Maker|Wish|p1a: Wish Maker
|move|p2a: Aromatisse|Moonblast|p1a: Wish Maker
|-supereffective|p1a: Wish Maker
|-damage|p1a: Wish Maker|53/100
|-unboost|p1a: Wish Maker|spa|1
|
|-heal|p1a: Wish Maker|59/100|[from] item: Leftovers
|upkeep
|turn|30
|
|t:|1598044691
|switch|p1a: Young Rocks|Steelix, M|39/100
|move|p2a: Aromatisse|Heal Bell|p2a: Aromatisse
|-activate|p2a: Aromatisse|move: Heal Bell
|-curestatus|p2: Rotom|tox|[msg]
|-curestatus|p2: Jellicent|brn|[msg]
|
|-heal|p1a: Young Rocks|95/100|[from] move: Wish|[wisher] Wish Maker
|upkeep
|turn|31
|
|t:|1598044701
|switch|p2a: Rotom|Rotom-Mow|57/100
|move|p1a: Young Rocks|Stealth Rock|p2a: Rotom
|-sidestart|p2: jeanmichel20|move: Stealth Rock
|
|upkeep
|turn|32
|
|t:|1598044711
|switch|p1a: The Hive|Golisopod, M, shiny|88/100
|move|p2a: Rotom|Leaf Storm|p1a: The Hive
|-damage|p1a: The Hive|19/100
|-unboost|p2a: Rotom|spa|2
|-enditem|p1a: The Hive|Aguav Berry|[eat]
|-heal|p1a: The Hive|52/100|[from] item: Aguav Berry
|
|upkeep
|turn|33
|
|t:|1598044721
|move|p1a: The Hive|First Impression|p2a: Rotom
|-supereffective|p2a: Rotom
|-damage|p2a: Rotom|0 fnt
|-damage|p1a: The Hive|36/100|[from] item: Rocky Helmet|[of] p2a: Rotom
|-activate|p1a: The Hive|ability: Emergency Exit
|faint|p2a: Rotom
|
|t:|1598044726
|switch|p1a: Munch|Rotom-Mow|100/100
|
|upkeep
|
|t:|1598044731
|switch|p2a: Aromatisse|Aromatisse, M|100/100
|-damage|p2a: Aromatisse|88/100|[from] Stealth Rock
|turn|34
|-message|jeanmichel20 forfeited.
|
|win|tittiesXshoe
|l|☆jeanmichel20
|c|☆tittiesXshoe|gg
|raw|tittiesXshoe's rating: 1466 &rarr; <strong>1476</strong><br />(+10 for winning)
|raw|jeanmichel20's rating: 1273 &rarr; <strong>1260</strong><br />(-13 for losing)
