|raw|<div class="broadcast-blue"><strong>This battle is required to be public due to a player having a name starting with 'rult70'.</div>
|j|☆Rult70d ani
|j|☆RULT70Z RW
|t:|1626836602
|gametype|singles
|player|p1|Rult70d ani|pokemonrangerf-gen4|1531
|player|p2|RULT70Z RW|oak-gen1rb|1406
|teamsize|p1|6
|teamsize|p2|6
|gen|8
|tier|[Gen 8] RU
|rated|
|rule|Sleep Clause Mod: Limit one foe put to sleep
|rule|Species Clause: Limit one of each Pokémon
|rule|OHKO Clause: OHKO moves are banned
|rule|Evasion Moves Clause: Evasion moves are banned
|rule|Endless Battle Clause: Forcing endless battles is banned
|rule|HP Percentage Mod: HP is shown in percentages
|rule|Dynamax Clause: You cannot dynamax
|clearpoke
|poke|p1|Pangoro, M|
|poke|p1|Roserade, F|
|poke|p1|Golisopod, F|
|poke|p1|Flygon, M|
|poke|p1|Bronzong|
|poke|p1|Togekiss, F|
|poke|p2|Xurkitree|
|poke|p2|Gastrodon, F|
|poke|p2|Mienshao, F|
|poke|p2|Stakataka|
|poke|p2|Crobat, F|
|poke|p2|Roserade, F|
|teampreview
|inactive|Battle timer is ON: inactive players will automatically lose when time's up. (requested by Rult70d ani)
|inactive|Rult70d ani has 120 seconds left.
|
|t:|1626836658
|start
|switch|p1a: Togekiss|Togekiss, F|100/100
|switch|p2a: Mienshao|Mienshao, F|100/100
|turn|1
|j| TurtleDoggo1@!
|
|t:|1626836673
|switch|p1a: Bronzong|Bronzong|100/100
|move|p2a: Mienshao|U-turn|p1a: Bronzong
|-damage|p1a: Bronzong|75/100
|-damage|p2a: Mienshao|91/100|[from] item: Life Orb
|
|t:|1626836696
|switch|p2a: Xurkitree|Xurkitree|100/100|[from]move: U-turn
|
|-heal|p1a: Bronzong|81/100|[from] item: Leftovers
|upkeep
|turn|2
|
|t:|1626836700
|move|p1a: Bronzong|Protect|p1a: Bronzong
|-singleturn|p1a: Bronzong|Protect
|move|p2a: Xurkitree|Volt Switch|p1a: Bronzong
|-activate|p1a: Bronzong|move: Protect
|
|-heal|p1a: Bronzong|87/100|[from] item: Leftovers
|upkeep
|turn|3
|c| TurtleDoggo1|NU bear meta team + togekiss
|
|t:|1626836724
|move|p2a: Xurkitree|Volt Switch|p1a: Bronzong
|-damage|p1a: Bronzong|60/100
|
|t:|1626836727
|switch|p2a: Crobat|Crobat, F|100/100|[from]move: Volt Switch
|move|p1a: Bronzong|Stealth Rock|p2a: Crobat
|-sidestart|p2: RULT70Z RW|move: Stealth Rock
|
|-heal|p1a: Bronzong|66/100|[from] item: Leftovers
|upkeep
|turn|4
|
|t:|1626836734
|move|p1a: Bronzong|Protect|p1a: Bronzong
|-singleturn|p1a: Bronzong|Protect
|move|p2a: Crobat|Defog|p1a: Bronzong
|-activate|p1a: Bronzong|move: Protect
|
|-heal|p1a: Bronzong|72/100|[from] item: Leftovers
|upkeep
|turn|5
|
|t:|1626836737
|move|p2a: Crobat|Defog|p1a: Bronzong
|-unboost|p1a: Bronzong|evasion|1
|-sideend|p2: RULT70Z RW|Stealth Rock|[from] move: Defog|[of] p2a: Crobat
|move|p1a: Bronzong|Stealth Rock|p2a: Crobat
|-sidestart|p2: RULT70Z RW|move: Stealth Rock
|
|-heal|p1a: Bronzong|78/100|[from] item: Leftovers
|upkeep
|turn|6
|
|t:|1626836756
|move|p2a: Crobat|U-turn|p1a: Bronzong
|-damage|p1a: Bronzong|66/100
|
|t:|1626836758
|switch|p2a: Roserade|Roserade, F|100/100|[from]move: U-turn
|move|p1a: Bronzong|Earthquake|p2a: Roserade
|-damage|p2a: Roserade|61/100
|
|-heal|p1a: Bronzong|72/100|[from] item: Leftovers
|upkeep
|turn|7
|
|t:|1626836782
|switch|p1a: Flygon|Flygon, M|100/100
|move|p2a: Roserade|Synthesis|p2a: Roserade
|-heal|p2a: Roserade|100/100
|
|upkeep
|turn|8
|inactive|Rult70d ani has 120 seconds left.
|
|t:|1626836808
|move|p1a: Flygon|Earthquake|p2a: Roserade
|-damage|p2a: Roserade|26/100
|move|p2a: Roserade|Synthesis|p2a: Roserade
|-heal|p2a: Roserade|76/100
|
|upkeep
|turn|9
|inactive|Rult70d ani has 120 seconds left.
|
|t:|1626836818
|switch|p1a: Bronzong|Bronzong|72/100
|move|p2a: Roserade|Spikes|p1a: Bronzong
|-sidestart|p1: Rult70d ani|Spikes
|
|-heal|p1a: Bronzong|78/100|[from] item: Leftovers
|upkeep
|turn|10
|
|t:|1626836828
|switch|p2a: Gastrodon|Gastrodon, F|100/100
|move|p1a: Bronzong|Earthquake|p2a: Gastrodon
|-damage|p2a: Gastrodon|85/100
|
|-heal|p1a: Bronzong|84/100|[from] item: Leftovers
|upkeep
|turn|11
|
|t:|1626836838
|switch|p2a: Crobat|Crobat, F|100/100
|move|p1a: Bronzong|Toxic|p2a: Crobat
|-immune|p2a: Crobat
|
|-heal|p1a: Bronzong|90/100|[from] item: Leftovers
|upkeep
|turn|12
|
|t:|1626836845
|move|p2a: Crobat|U-turn|p1a: Bronzong
|-damage|p1a: Bronzong|77/100
|
|t:|1626836849
|switch|p2a: Roserade|Roserade, F|76/100|[from]move: U-turn
|move|p1a: Bronzong|Earthquake|p2a: Roserade
|-damage|p2a: Roserade|37/100
|
|-heal|p1a: Bronzong|83/100|[from] item: Leftovers
|upkeep
|turn|13
|
|t:|1626836860
|switch|p1a: Flygon|Flygon, M|100/100
|move|p2a: Roserade|Synthesis|p2a: Roserade
|-heal|p2a: Roserade|87/100
|
|upkeep
|turn|14
|
|t:|1626836870
|switch|p2a: Crobat|Crobat, F|100/100
|move|p1a: Flygon|U-turn|p2a: Crobat
|-resisted|p2a: Crobat
|-damage|p2a: Crobat|95/100
|
|t:|1626836875
|switch|p1a: Bronzong|Bronzong|83/100|[from]move: U-turn
|
|-heal|p1a: Bronzong|89/100|[from] item: Leftovers
|upkeep
|turn|15
|
|t:|1626836881
|move|p2a: Crobat|Brave Bird|p1a: Bronzong
|-resisted|p1a: Bronzong
|-damage|p1a: Bronzong|72/100
|-damage|p2a: Crobat|90/100|[from] Recoil
|move|p1a: Bronzong|Earthquake|p2a: Crobat
|-immune|p2a: Crobat
|
|-heal|p1a: Bronzong|78/100|[from] item: Leftovers
|upkeep
|turn|16
|
|t:|1626836887
|move|p2a: Crobat|Brave Bird|p1a: Bronzong
|-resisted|p1a: Bronzong
|-damage|p1a: Bronzong|63/100
|-damage|p2a: Crobat|86/100|[from] Recoil
|move|p1a: Bronzong|Earthquake|p2a: Crobat
|-immune|p2a: Crobat
|
|-heal|p1a: Bronzong|69/100|[from] item: Leftovers
|upkeep
|turn|17
|
|t:|1626836892
|move|p1a: Bronzong|Protect|p1a: Bronzong
|-singleturn|p1a: Bronzong|Protect
|move|p2a: Crobat|Brave Bird|p1a: Bronzong
|-activate|p1a: Bronzong|move: Protect
|
|-heal|p1a: Bronzong|76/100|[from] item: Leftovers
|upkeep
|turn|18
|j| RULT70M Art
|
|t:|1626836899
|move|p2a: Crobat|U-turn|p1a: Bronzong
|-damage|p1a: Bronzong|61/100
|
|t:|1626836904
|switch|p2a: Roserade|Roserade, F|87/100|[from]move: U-turn
|move|p1a: Bronzong|Earthquake|p2a: Roserade
|-damage|p2a: Roserade|45/100
|
|-heal|p1a: Bronzong|67/100|[from] item: Leftovers
|upkeep
|turn|19
|j|+Nat
|
|t:|1626836912
|switch|p1a: Roserade|Roserade, F|100/100
|move|p2a: Roserade|Synthesis|p2a: Roserade
|-heal|p2a: Roserade|95/100
|
|upkeep
|turn|20
|
|t:|1626836918
|switch|p2a: Crobat|Crobat, F|86/100
|move|p1a: Roserade|Sludge Bomb|p2a: Crobat
|-resisted|p2a: Crobat
|-damage|p2a: Crobat|59/100
|
|upkeep
|turn|21
|
|t:|1626836923
|move|p2a: Crobat|Roost|p2a: Crobat
|-heal|p2a: Crobat|100/100
|-singleturn|p2a: Crobat|move: Roost
|move|p1a: Roserade|Sleep Powder|p2a: Crobat
|-status|p2a: Crobat|slp|[from] move: Sleep Powder
|
|upkeep
|turn|22
|
|t:|1626836943
|switch|p2a: Mienshao|Mienshao, F|100/100
|-damage|p2a: Mienshao|95/100|[from] Stealth Rock
|switch|p1a: Pangoro|Pangoro, M, shiny|100/100
|-damage|p1a: Pangoro|88/100|[from] Spikes
|
|upkeep
|turn|23
|
|t:|1626836954
|switch|p1a: Togekiss|Togekiss, F|100/100
|move|p2a: Mienshao|Close Combat|p1a: Togekiss
|-resisted|p1a: Togekiss
|-damage|p1a: Togekiss|87/100
|-unboost|p2a: Mienshao|def|1
|-unboost|p2a: Mienshao|spd|1
|-damage|p2a: Mienshao|85/100|[from] item: Life Orb
|
|upkeep
|turn|24
|
|t:|1626836967
|move|p2a: Mienshao|U-turn|p1a: Togekiss
|-resisted|p1a: Togekiss
|-crit|p1a: Togekiss
|-damage|p1a: Togekiss|80/100
|-damage|p2a: Mienshao|75/100|[from] item: Life Orb
|
|t:|1626836975
|switch|p2a: Xurkitree|Xurkitree|100/100|[from]move: U-turn
|move|p1a: Togekiss|Wish|p1a: Togekiss
|
|upkeep
|turn|25
|l|+Nat
|
|t:|1626836983
|switch|p1a: Bronzong|Bronzong|67/100
|move|p2a: Xurkitree|Thunderbolt|p1a: Bronzong
|-damage|p1a: Bronzong|26/100
|
|-heal|p1a: Bronzong|81/100|[from] move: Wish|[wisher] Togekiss
|-heal|p1a: Bronzong|87/100|[from] item: Leftovers
|upkeep
|turn|26
|
|t:|1626836990
|switch|p1a: Flygon|Flygon, M|100/100
|move|p2a: Xurkitree|Thunderbolt|p1a: Flygon
|-immune|p1a: Flygon
|
|upkeep
|turn|27
|l| TurtleDoggo1
|inactive|Rult70d ani has 120 seconds left.
|inactive|RULT70Z RW has 120 seconds left.
|
|t:|1626837026
|switch|p2a: Crobat|Crobat, F|100/100 slp
|move|p1a: Flygon|Earthquake|p2a: Crobat
|-immune|p2a: Crobat
|
|upkeep
|turn|28
|inactive|Rult70d ani has 120 seconds left.
|inactive|RULT70Z RW has 120 seconds left.
|
|t:|1626837040
|switch|p1a: Golisopod|Golisopod, F|100/100
|cant|p2a: Crobat|slp
|
|upkeep
|turn|29
|
|t:|1626837048
|switch|p2a: Gastrodon|Gastrodon, F|85/100
|move|p1a: Golisopod|Knock Off|p2a: Gastrodon
|-damage|p2a: Gastrodon|59/100
|-enditem|p2a: Gastrodon|Heavy-Duty Boots|[from] move: Knock Off|[of] p1a: Golisopod
|
|upkeep
|turn|30
|
|t:|1626837052
|switch|p1a: Roserade|Roserade, F|100/100
|move|p2a: Gastrodon|Recover|p2a: Gastrodon
|-heal|p2a: Gastrodon|100/100
|
|upkeep
|turn|31
|
|t:|1626837069
|switch|p2a: Crobat|Crobat, F|100/100 slp
|move|p1a: Roserade|Spikes|p2a: Crobat
|-sidestart|p2: RULT70Z RW|Spikes
|
|upkeep
|turn|32
|
|t:|1626837076
|switch|p1a: Bronzong|Bronzong|87/100
|-curestatus|p2a: Crobat|slp|[msg]
|move|p2a: Crobat|Brave Bird|p1a: Bronzong
|-resisted|p1a: Bronzong
|-damage|p1a: Bronzong|71/100
|-damage|p2a: Crobat|96/100|[from] Recoil
|
|-heal|p1a: Bronzong|77/100|[from] item: Leftovers
|upkeep
|turn|33
|
|t:|1626837085
|move|p1a: Bronzong|Protect|p1a: Bronzong
|-singleturn|p1a: Bronzong|Protect
|move|p2a: Crobat|Brave Bird|p1a: Bronzong
|-activate|p1a: Bronzong|move: Protect
|
|-heal|p1a: Bronzong|83/100|[from] item: Leftovers
|upkeep
|turn|34
|
|t:|1626837090
|move|p2a: Crobat|Brave Bird|p1a: Bronzong
|-resisted|p1a: Bronzong
|-damage|p1a: Bronzong|66/100
|-damage|p2a: Crobat|90/100|[from] Recoil
|move|p1a: Bronzong|Toxic|p2a: Crobat
|-immune|p2a: Crobat
|
|-heal|p1a: Bronzong|72/100|[from] item: Leftovers
|upkeep
|turn|35
|
|t:|1626837097
|move|p1a: Bronzong|Protect|p1a: Bronzong
|-singleturn|p1a: Bronzong|Protect
|move|p2a: Crobat|Brave Bird|p1a: Bronzong
|-activate|p1a: Bronzong|move: Protect
|
|-heal|p1a: Bronzong|78/100|[from] item: Leftovers
|upkeep
|turn|36
|
|t:|1626837103
|move|p2a: Crobat|Brave Bird|p1a: Bronzong
|-resisted|p1a: Bronzong
|-damage|p1a: Bronzong|62/100
|-damage|p2a: Crobat|86/100|[from] Recoil
|move|p1a: Bronzong|Earthquake|p2a: Crobat
|-immune|p2a: Crobat
|
|-heal|p1a: Bronzong|69/100|[from] item: Leftovers
|upkeep
|turn|37
|
|t:|1626837108
|move|p1a: Bronzong|Protect|p1a: Bronzong
|-singleturn|p1a: Bronzong|Protect
|move|p2a: Crobat|U-turn|p1a: Bronzong
|-activate|p1a: Bronzong|move: Protect
|
|-heal|p1a: Bronzong|75/100|[from] item: Leftovers
|upkeep
|turn|38
|
|t:|1626837115
|move|p2a: Crobat|Brave Bird|p1a: Bronzong
|-resisted|p1a: Bronzong
|-damage|p1a: Bronzong|57/100
|-damage|p2a: Crobat|80/100|[from] Recoil
|move|p1a: Bronzong|Earthquake|p2a: Crobat
|-immune|p2a: Crobat
|
|-heal|p1a: Bronzong|63/100|[from] item: Leftovers
|upkeep
|turn|39
|
|t:|1626837121
|move|p1a: Bronzong|Protect|p1a: Bronzong
|-singleturn|p1a: Bronzong|Protect
|move|p2a: Crobat|U-turn|p1a: Bronzong
|-activate|p1a: Bronzong|move: Protect
|
|-heal|p1a: Bronzong|69/100|[from] item: Leftovers
|upkeep
|turn|40
|
|t:|1626837126
|move|p2a: Crobat|Brave Bird|p1a: Bronzong
|-resisted|p1a: Bronzong
|-damage|p1a: Bronzong|52/100
|-damage|p2a: Crobat|75/100|[from] Recoil
|move|p1a: Bronzong|Earthquake|p2a: Crobat
|-immune|p2a: Crobat
|
|-heal|p1a: Bronzong|58/100|[from] item: Leftovers
|upkeep
|turn|41
|
|t:|1626837131
|move|p2a: Crobat|Brave Bird|p1a: Bronzong
|-resisted|p1a: Bronzong
|-damage|p1a: Bronzong|43/100
|-damage|p2a: Crobat|71/100|[from] Recoil
|move|p1a: Bronzong|Earthquake|p2a: Crobat
|-immune|p2a: Crobat
|
|-heal|p1a: Bronzong|49/100|[from] item: Leftovers
|upkeep
|turn|42
|
|t:|1626837138
|move|p2a: Crobat|U-turn|p1a: Bronzong
|-damage|p1a: Bronzong|36/100
|
|t:|1626837141
|switch|p2a: Roserade|Roserade, F|95/100|[from]move: U-turn
|move|p1a: Bronzong|Earthquake|p2a: Roserade
|-damage|p2a: Roserade|58/100
|
|-heal|p1a: Bronzong|42/100|[from] item: Leftovers
|upkeep
|turn|43
|
|t:|1626837146
|switch|p1a: Flygon|Flygon, M|100/100
|move|p2a: Roserade|Synthesis|p2a: Roserade
|-heal|p2a: Roserade|100/100
|
|upkeep
|turn|44
|
|t:|1626837160
|move|p1a: Flygon|U-turn|p2a: Roserade
|-damage|p2a: Roserade|61/100
|
|t:|1626837162
|switch|p1a: Roserade|Roserade, F|100/100|[from]move: U-turn
|move|p2a: Roserade|Leaf Storm|p1a: Roserade
|-resisted|p1a: Roserade
|-damage|p1a: Roserade|80/100
|-unboost|p2a: Roserade|spa|2
|
|upkeep
|turn|45
|
|t:|1626837170
|move|p2a: Roserade|Synthesis|p2a: Roserade
|-heal|p2a: Roserade|100/100
|move|p1a: Roserade|Sleep Powder|p2a: Roserade
|-immune|p2a: Roserade
|
|upkeep
|turn|46
|
|t:|1626837188
|move|p2a: Roserade|Sludge Bomb|p1a: Roserade
|-damage|p1a: Roserade|53/100
|move|p1a: Roserade|Sludge Bomb|p2a: Roserade
|-damage|p2a: Roserade|46/100
|
|upkeep
|turn|47
|
|t:|1626837204
|switch|p2a: Stakataka|Stakataka|100/100
|-damage|p2a: Stakataka|88/100|[from] Spikes
|-damage|p2a: Stakataka|82/100|[from] Stealth Rock
|move|p1a: Roserade|Sludge Bomb|p2a: Stakataka
|-immune|p2a: Stakataka
|
|-heal|p2a: Stakataka|88/100|[from] item: Leftovers
|upkeep
|turn|48
|
|t:|1626837215
|move|p1a: Roserade|Sleep Powder|p2a: Stakataka
|-status|p2a: Stakataka|slp|[from] move: Sleep Powder
|cant|p2a: Stakataka|slp
|
|-heal|p2a: Stakataka|94/100 slp|[from] item: Leftovers
|upkeep
|turn|49
|
|t:|1626837220
|switch|p1a: Flygon|Flygon, M|100/100
|switch|p2a: Crobat|Crobat, F|71/100
|
|upkeep
|turn|50
|
|t:|1626837226
|move|p1a: Flygon|Stone Edge|p2a: Crobat|[miss]
|-miss|p1a: Flygon|p2a: Crobat
|move|p2a: Crobat|Roost|p2a: Crobat
|-heal|p2a: Crobat|100/100
|-singleturn|p2a: Crobat|move: Roost
|
|upkeep
|turn|51
|
|t:|1626837239
|move|p1a: Flygon|Stone Edge|p2a: Crobat
|-supereffective|p2a: Crobat
|-damage|p2a: Crobat|35/100
|move|p2a: Crobat|U-turn|p1a: Flygon
|-damage|p1a: Flygon|79/100
|
|t:|1626837245
|switch|p2a: Mienshao|Mienshao, F|100/100|[from]move: U-turn
|-damage|p2a: Mienshao|88/100|[from] Spikes
|-damage|p2a: Mienshao|82/100|[from] Stealth Rock
|
|upkeep
|turn|52
|
|t:|1626837255
|switch|p1a: Golisopod|Golisopod, F|100/100
|move|p2a: Mienshao|Knock Off|p1a: Golisopod
|-damage|p1a: Golisopod|68/100
|-enditem|p1a: Golisopod|Heavy-Duty Boots|[from] move: Knock Off|[of] p2a: Mienshao
|-damage|p2a: Mienshao|72/100|[from] item: Life Orb
|
|upkeep
|turn|53
|
|t:|1626837275
|switch|p2a: Gastrodon|Gastrodon, F|100/100
|-damage|p2a: Gastrodon|94/100|[from] Stealth Rock
|-damage|p2a: Gastrodon|82/100|[from] Spikes
|move|p1a: Golisopod|Aqua Jet|p2a: Gastrodon
|-ability|p2a: Gastrodon|Storm Drain|boost
|-boost|p2a: Gastrodon|spa|1
|
|upkeep
|turn|54
|
|t:|1626837284
|switch|p1a: Bronzong|Bronzong|42/100
|move|p2a: Gastrodon|Ice Beam|p1a: Bronzong
|-resisted|p1a: Bronzong
|-damage|p1a: Bronzong|33/100
|
|-heal|p1a: Bronzong|39/100|[from] item: Leftovers
|upkeep
|turn|55
|
|t:|1626837299
|switch|p2a: Crobat|Crobat, F|35/100
|switch|p1a: Flygon|Flygon, M|79/100
|
|upkeep
|turn|56
|
|t:|1626837324
|switch|p2a: Stakataka|Stakataka|94/100 slp
|-damage|p2a: Stakataka|88/100 slp|[from] Stealth Rock
|-damage|p2a: Stakataka|76/100 slp|[from] Spikes
|move|p1a: Flygon|Outrage|p2a: Stakataka
|-resisted|p2a: Stakataka
|-damage|p2a: Stakataka|62/100 slp
|
|-heal|p2a: Stakataka|68/100 slp|[from] item: Leftovers
|upkeep
|turn|57
|
|t:|1626837334
|move|p1a: Flygon|Outrage|p2a: Stakataka|[from]lockedmove
|-resisted|p2a: Stakataka
|-damage|p2a: Stakataka|54/100 slp
|cant|p2a: Stakataka|slp
|
|-heal|p2a: Stakataka|60/100 slp|[from] item: Leftovers
|upkeep
|turn|58
|
|t:|1626837339
|move|p1a: Flygon|Outrage|p2a: Stakataka|[from]lockedmove
|-resisted|p2a: Stakataka
|-damage|p2a: Stakataka|45/100 slp
|-start|p1a: Flygon|confusion|[fatigue]
|-curestatus|p2a: Stakataka|slp|[msg]
|move|p2a: Stakataka|Gyro Ball|p1a: Flygon
|-crit|p1a: Flygon
|-damage|p1a: Flygon|0 fnt
|faint|p1a: Flygon
|-ability|p2a: Stakataka|Beast Boost|boost
|-boost|p2a: Stakataka|def|1
|
|-heal|p2a: Stakataka|51/100|[from] item: Leftovers
|upkeep
|
|t:|1626837343
|switch|p1a: Pangoro|Pangoro, M, shiny|88/100
|-damage|p1a: Pangoro|76/100|[from] Spikes
|turn|59
|inactive|RULT70Z RW has 120 seconds left.
|
|t:|1626837382
|switch|p2a: Roserade|Roserade, F|46/100
|move|p1a: Pangoro|Drain Punch|p2a: Roserade
|-resisted|p2a: Roserade
|-damage|p2a: Roserade|0 fnt
|-heal|p1a: Pangoro|94/100|[from] drain|[of] p2a: Roserade
|faint|p2a: Roserade
|-damage|p1a: Pangoro|84/100|[from] item: Life Orb
|
|upkeep
|
|t:|1626837387
|switch|p2a: Mienshao|Mienshao, F|100/100
|-damage|p2a: Mienshao|95/100|[from] Stealth Rock
|-damage|p2a: Mienshao|82/100|[from] Spikes
|turn|60
|
|t:|1626837390
|switch|p1a: Togekiss|Togekiss, F|80/100
|move|p2a: Mienshao|Close Combat|p1a: Togekiss
|-resisted|p1a: Togekiss
|-damage|p1a: Togekiss|66/100
|-unboost|p2a: Mienshao|def|1
|-unboost|p2a: Mienshao|spd|1
|-damage|p2a: Mienshao|72/100|[from] item: Life Orb
|
|upkeep
|turn|61
|
|t:|1626837398
|move|p2a: Mienshao|U-turn|p1a: Togekiss
|-resisted|p1a: Togekiss
|-damage|p1a: Togekiss|60/100
|-damage|p2a: Mienshao|62/100|[from] item: Life Orb
|
|t:|1626837407
|switch|p2a: Crobat|Crobat, F|35/100|[from]move: U-turn
|move|p1a: Togekiss|Wish|p1a: Togekiss
|
|upkeep
|turn|62
|
|t:|1626837412
|switch|p1a: Bronzong|Bronzong|39/100
|move|p2a: Crobat|Roost|p2a: Crobat
|-heal|p2a: Crobat|85/100
|-singleturn|p2a: Crobat|move: Roost
|
|-heal|p1a: Bronzong|94/100|[from] move: Wish|[wisher] Togekiss
|-heal|p1a: Bronzong|99/100|[from] item: Leftovers
|upkeep
|turn|63
|
|t:|1626837439
|move|p2a: Crobat|Brave Bird|p1a: Bronzong
|-resisted|p1a: Bronzong
|-damage|p1a: Bronzong|85/100
|-damage|p2a: Crobat|80/100|[from] Recoil
|move|p1a: Bronzong|Toxic|p2a: Crobat
|-immune|p2a: Crobat
|
|-heal|p1a: Bronzong|91/100|[from] item: Leftovers
|upkeep
|turn|64
|
|t:|1626837448
|move|p2a: Crobat|Brave Bird|p1a: Bronzong
|-resisted|p1a: Bronzong
|-damage|p1a: Bronzong|74/100
|-damage|p2a: Crobat|75/100|[from] Recoil
|move|p1a: Bronzong|Toxic|p2a: Crobat
|-immune|p2a: Crobat
|
|-heal|p1a: Bronzong|80/100|[from] item: Leftovers
|upkeep
|turn|65
|
|t:|1626837453
|move|p2a: Crobat|Roost|p2a: Crobat
|-heal|p2a: Crobat|100/100
|-singleturn|p2a: Crobat|move: Roost
|move|p1a: Bronzong|Toxic|p2a: Crobat
|-immune|p2a: Crobat
|
|-heal|p1a: Bronzong|86/100|[from] item: Leftovers
|upkeep
|turn|66
|
|t:|1626837457
|move|p2a: Crobat|Brave Bird|p1a: Bronzong
|-resisted|p1a: Bronzong
|-damage|p1a: Bronzong|68/100
|-damage|p2a: Crobat|95/100|[from] Recoil
|move|p1a: Bronzong|Toxic|p2a: Crobat
|-immune|p2a: Crobat
|
|-heal|p1a: Bronzong|74/100|[from] item: Leftovers
|upkeep
|turn|67
|
|t:|1626837465
|move|p1a: Bronzong|Protect|p1a: Bronzong
|-singleturn|p1a: Bronzong|Protect
|move|p2a: Crobat|Defog|p1a: Bronzong
|-activate|p1a: Bronzong|move: Protect
|
|-heal|p1a: Bronzong|81/100|[from] item: Leftovers
|upkeep
|turn|68
|
|t:|1626837470
|move|p2a: Crobat|Brave Bird|p1a: Bronzong
|-resisted|p1a: Bronzong
|-damage|p1a: Bronzong|66/100
|-damage|p2a: Crobat|91/100|[from] Recoil
|move|p1a: Bronzong|Toxic|p2a: Crobat
|-immune|p2a: Crobat
|
|-heal|p1a: Bronzong|72/100|[from] item: Leftovers
|upkeep
|turn|69
|
|t:|1626837483
|move|p1a: Bronzong|Protect|p1a: Bronzong
|-singleturn|p1a: Bronzong|Protect
|move|p2a: Crobat|Defog|p1a: Bronzong
|-activate|p1a: Bronzong|move: Protect
|
|-heal|p1a: Bronzong|78/100|[from] item: Leftovers
|upkeep
|turn|70
|
|t:|1626837488
|move|p2a: Crobat|Defog|p1a: Bronzong
|-unboost|p1a: Bronzong|evasion|1
|-sideend|p1: Rult70d ani|Spikes|[from] move: Defog|[of] p2a: Crobat
|-sideend|p2: RULT70Z RW|Spikes|[from] move: Defog|[of] p2a: Crobat
|-sideend|p2: RULT70Z RW|Stealth Rock|[from] move: Defog|[of] p2a: Crobat
|move|p1a: Bronzong|Stealth Rock|p2a: Crobat
|-sidestart|p2: RULT70Z RW|move: Stealth Rock
|
|-heal|p1a: Bronzong|84/100|[from] item: Leftovers
|upkeep
|turn|71
|
|t:|1626837495
|move|p2a: Crobat|U-turn|p1a: Bronzong
|-damage|p1a: Bronzong|71/100
|
|t:|1626837497
|switch|p2a: Mienshao|Mienshao, F|96/100|[from]move: U-turn
|-damage|p2a: Mienshao|90/100|[from] Stealth Rock
|move|p1a: Bronzong|Stealth Rock||[still]
|-fail|p1a: Bronzong
|
|-heal|p1a: Bronzong|77/100|[from] item: Leftovers
|upkeep
|turn|72
|
|t:|1626837502
|move|p1a: Bronzong|Protect|p1a: Bronzong
|-singleturn|p1a: Bronzong|Protect
|move|p2a: Mienshao|Knock Off|p1a: Bronzong
|-activate|p1a: Bronzong|move: Protect
|
|-heal|p1a: Bronzong|83/100|[from] item: Leftovers
|upkeep
|turn|73
|
|t:|1626837507
|switch|p1a: Togekiss|Togekiss, F|60/100
|move|p2a: Mienshao|Knock Off|p1a: Togekiss
|-resisted|p1a: Togekiss
|-damage|p1a: Togekiss|44/100
|-enditem|p1a: Togekiss|Heavy-Duty Boots|[from] move: Knock Off|[of] p2a: Mienshao
|-damage|p2a: Mienshao|80/100|[from] item: Life Orb
|
|upkeep
|turn|74
|
|t:|1626837518
|move|p2a: Mienshao|Stone Edge|p1a: Togekiss
|-supereffective|p1a: Togekiss
|-damage|p1a: Togekiss|0 fnt
|faint|p1a: Togekiss
|-damage|p2a: Mienshao|70/100|[from] item: Life Orb
|
|upkeep
|
|t:|1626837523
|switch|p1a: Golisopod|Golisopod, F|68/100
|turn|75
|
|t:|1626837544
|switch|p2a: Gastrodon|Gastrodon, F|82/100
|-damage|p2a: Gastrodon|76/100|[from] Stealth Rock
|move|p1a: Golisopod|Liquidation|p2a: Gastrodon
|-ability|p2a: Gastrodon|Storm Drain|boost
|-boost|p2a: Gastrodon|spa|1
|
|upkeep
|turn|76
|
|t:|1626837555
|move|p1a: Golisopod|Liquidation|p2a: Gastrodon
|-ability|p2a: Gastrodon|Storm Drain|boost
|-boost|p2a: Gastrodon|spa|1
|move|p2a: Gastrodon|Recover|p2a: Gastrodon
|-heal|p2a: Gastrodon|100/100
|
|upkeep
|turn|77
|
|t:|1626837558
|switch|p1a: Bronzong|Bronzong|83/100
|move|p2a: Gastrodon|Ice Beam|p1a: Bronzong
|-resisted|p1a: Bronzong
|-damage|p1a: Bronzong|71/100
|-status|p1a: Bronzong|frz
|
|-heal|p1a: Bronzong|77/100 frz|[from] item: Leftovers
|upkeep
|turn|78
|
|t:|1626837561
|switch|p2a: Crobat|Crobat, F|91/100
|switch|p1a: Golisopod|Golisopod, F|68/100
|
|upkeep
|turn|79
|
|t:|1626837565
|switch|p2a: Gastrodon|Gastrodon, F|100/100
|-damage|p2a: Gastrodon|94/100|[from] Stealth Rock
|switch|p1a: Bronzong|Bronzong|77/100 frz
|
|-heal|p1a: Bronzong|83/100 frz|[from] item: Leftovers
|upkeep
|turn|80
|
|t:|1626837570
|switch|p2a: Crobat|Crobat, F|91/100
|switch|p1a: Golisopod|Golisopod, F|68/100
|
|upkeep
|turn|81
|
|t:|1626837575
|switch|p2a: Gastrodon|Gastrodon, F|94/100
|-damage|p2a: Gastrodon|88/100|[from] Stealth Rock
|switch|p1a: Bronzong|Bronzong|83/100 frz
|
|-heal|p1a: Bronzong|90/100 frz|[from] item: Leftovers
|upkeep
|turn|82
|
|t:|1626837582
|switch|p2a: Crobat|Crobat, F|91/100
|cant|p1a: Bronzong|frz
|
|-heal|p1a: Bronzong|96/100 frz|[from] item: Leftovers
|upkeep
|turn|83
|
|t:|1626837586
|move|p2a: Crobat|Defog|p1a: Bronzong
|-unboost|p1a: Bronzong|evasion|1
|-sideend|p2: RULT70Z RW|Stealth Rock|[from] move: Defog|[of] p2a: Crobat
|cant|p1a: Bronzong|frz
|
|-heal|p1a: Bronzong|100/100 frz|[from] item: Leftovers
|upkeep
|turn|84
|
|t:|1626837591
|move|p2a: Crobat|U-turn|p1a: Bronzong
|-damage|p1a: Bronzong|88/100 frz
|
|t:|1626837592
|switch|p2a: Mienshao|Mienshao, F|100/100|[from]move: U-turn
|cant|p1a: Bronzong|frz
|
|-heal|p1a: Bronzong|94/100 frz|[from] item: Leftovers
|upkeep
|turn|85
|-message|Rult70d ani forfeited.
|
|win|RULT70Z RW
|raw|Rult70d ani's rating: 1531 &rarr; <strong>1504</strong><br />(-27 for losing)
|raw|RULT70Z RW's rating: 1406 &rarr; <strong>1433</strong><br />(+27 for winning)
|l|☆Rult70d ani
