|j|☆Crush2dust
|j|☆literallyfreemoney
|t:|1633758619
|gametype|singles
|player|p1|Crush2dust|cyrus|1417
|player|p2|literallyfreemoney|17|1395
|teamsize|p1|6
|teamsize|p2|6
|gen|8
|tier|[Gen 8] RU
|rated|
|rule|Sleep Clause Mod: Limit one foe put to sleep
|rule|Species Clause: Limit one of each Pokémon
|rule|OHKO Clause: OHKO moves are banned
|rule|Evasion Moves Clause: Evasion moves are banned
|rule|Endless Battle Clause: Forcing endless battles is banned
|rule|HP Percentage Mod: HP is shown in percentages
|rule|Dynamax Clause: You cannot dynamax
|clearpoke
|poke|p1|Incineroar, M|
|poke|p1|Steelix, M|
|poke|p1|Roserade, F|
|poke|p1|Doublade, M|
|poke|p1|Togekiss, M|
|poke|p1|Golisopod, F|
|poke|p2|Lucario, F|
|poke|p2|Aerodactyl, M|
|poke|p2|Golisopod, M|
|poke|p2|Vaporeon, F|
|poke|p2|Chandelure, F|
|poke|p2|Goodra, M|
|teampreview
|inactive|Battle timer is ON: inactive players will automatically lose when time's up. (requested by Crush2dust)
|
|t:|1633758639
|start
|switch|p1a: Steelix|Steelix, M|100/100
|switch|p2a: *w*G O A L I E*w*|Golisopod, M|100/100
|turn|1
|
|t:|1633758647
|move|p2a: *w*G O A L I E*w*|Spikes|p1a: Steelix
|-sidestart|p1: Crush2dust|Spikes
|move|p1a: Steelix|Stealth Rock|p2a: *w*G O A L I E*w*
|-sidestart|p2: literallyfreemoney|move: Stealth Rock
|
|upkeep
|turn|2
|
|t:|1633758652
|switch|p1a: Togekiss|Togekiss, M|100/100
|move|p2a: *w*G O A L I E*w*|Spikes|p1a: Togekiss
|-sidestart|p1: Crush2dust|Spikes
|
|upkeep
|turn|3
|
|t:|1633758659
|move|p1a: Togekiss|Air Slash|p2a: *w*G O A L I E*w*
|-supereffective|p2a: *w*G O A L I E*w*
|-damage|p2a: *w*G O A L I E*w*|33/100
|-activate|p2a: *w*G O A L I E*w*|ability: Emergency Exit
|
|t:|1633758663
|switch|p2a: Puhteradactyl|Aerodactyl, M|100/100
|-ability|p2a: Puhteradactyl|Unnerve
|-damage|p2a: Puhteradactyl|76/100|[from] Stealth Rock
|
|upkeep
|turn|4
|
|t:|1633758667
|switch|p1a: Steelix|Steelix, M|100/100
|-damage|p1a: Steelix|84/100|[from] Spikes
|move|p2a: Puhteradactyl|Stealth Rock|p1a: Steelix
|-sidestart|p1: Crush2dust|move: Stealth Rock
|
|-heal|p1a: Steelix|90/100|[from] item: Leftovers
|upkeep
|turn|5
|
|t:|1633758671
|switch|p2a: Vaporeon|Vaporeon, F|100/100
|-damage|p2a: Vaporeon|88/100|[from] Stealth Rock
|move|p1a: Steelix|Heavy Slam|p2a: Vaporeon
|-resisted|p2a: Vaporeon
|-crit|p2a: Vaporeon
|-damage|p2a: Vaporeon|69/100
|
|-heal|p2a: Vaporeon|75/100|[from] item: Leftovers
|-heal|p1a: Steelix|97/100|[from] item: Leftovers
|upkeep
|turn|6
|
|t:|1633758673
|move|p2a: Vaporeon|Wish|p2a: Vaporeon
|move|p1a: Steelix|Toxic|p2a: Vaporeon
|-status|p2a: Vaporeon|tox
|
|-heal|p2a: Vaporeon|81/100 tox|[from] item: Leftovers
|-heal|p1a: Steelix|100/100|[from] item: Leftovers
|-damage|p2a: Vaporeon|75/100 tox|[from] psn
|upkeep
|turn|7
|
|t:|1633758687
|switch|p2a: *w*G O A L I E*w*|Golisopod, M|33/100
|switch|p1a: Togekiss|Togekiss, M|100/100
|
|-heal|p2a: *w*G O A L I E*w*|100/100|[from] move: Wish|[wisher] Vaporeon
|upkeep
|turn|8
|
|t:|1633758694
|switch|p2a: Goodra|Goodra, M|100/100
|-damage|p2a: Goodra|88/100|[from] Stealth Rock
|move|p1a: Togekiss|Air Slash|p2a: Goodra
|-crit|p2a: Goodra
|-damage|p2a: Goodra|55/100
|
|-heal|p2a: Goodra|62/100|[from] item: Leftovers
|upkeep
|turn|9
|
|t:|1633758697
|move|p1a: Togekiss|Air Slash|p2a: Goodra
|-damage|p2a: Goodra|37/100
|move|p2a: Goodra|Ice Beam|p1a: Togekiss
|-supereffective|p1a: Togekiss
|-damage|p1a: Togekiss|46/100
|
|-heal|p2a: Goodra|43/100|[from] item: Leftovers
|upkeep
|turn|10
|
|t:|1633758709
|switch|p2a: *w*G O A L I E*w*|Golisopod, M|100/100
|move|p1a: Togekiss|Roost|p1a: Togekiss
|-heal|p1a: Togekiss|96/100
|-singleturn|p1a: Togekiss|move: Roost
|
|upkeep
|turn|11
|
|t:|1633758713
|move|p1a: Togekiss|Air Slash|p2a: *w*G O A L I E*w*
|-supereffective|p2a: *w*G O A L I E*w*
|-damage|p2a: *w*G O A L I E*w*|24/100
|-activate|p2a: *w*G O A L I E*w*|ability: Emergency Exit
|
|t:|1633758716
|switch|p2a: Lucy|Lucario, F|100/100
|-damage|p2a: Lucy|98/100|[from] Stealth Rock
|
|upkeep
|turn|12
|
|t:|1633758722
|switch|p1a: Doublade|Doublade, M|100/100
|-damage|p1a: Doublade|94/100|[from] Stealth Rock
|-damage|p1a: Doublade|78/100|[from] Spikes
|move|p2a: Lucy|Meteor Mash|p1a: Doublade
|-resisted|p1a: Doublade
|-damage|p1a: Doublade|63/100
|-damage|p2a: Lucy|88/100|[from] item: Life Orb
|
|upkeep
|turn|13
|
|t:|1633758731
|switch|p2a: Vaporeon|Vaporeon, F|75/100 tox
|-damage|p2a: Vaporeon|62/100 tox|[from] Stealth Rock
|move|p1a: Doublade|Close Combat|p2a: Vaporeon
|-damage|p2a: Vaporeon|30/100 tox
|-unboost|p1a: Doublade|def|1
|-unboost|p1a: Doublade|spd|1
|
|-heal|p2a: Vaporeon|36/100 tox|[from] item: Leftovers
|-damage|p2a: Vaporeon|30/100 tox|[from] psn
|upkeep
|turn|14
|
|t:|1633758743
|switch|p1a: Togekiss|Togekiss, M|96/100
|move|p2a: Vaporeon|Scald|p1a: Togekiss
|-damage|p1a: Togekiss|71/100
|
|-heal|p2a: Vaporeon|36/100 tox|[from] item: Leftovers
|-damage|p2a: Vaporeon|24/100 tox|[from] psn
|upkeep
|turn|15
|
|t:|1633758748
|move|p1a: Togekiss|Air Slash|p2a: Vaporeon
|-damage|p2a: Vaporeon|1/100 tox
|move|p2a: Vaporeon|Wish|p2a: Vaporeon
|
|-heal|p2a: Vaporeon|8/100 tox|[from] item: Leftovers
|-damage|p2a: Vaporeon|0 fnt|[from] psn
|faint|p2a: Vaporeon
|upkeep
|
|t:|1633758759
|switch|p2a: CHANDIE U( *++*)U|Chandelure, F|100/100
|-damage|p2a: CHANDIE U( *++*)U|76/100|[from] Stealth Rock
|turn|16
|
|t:|1633758763
|switch|p1a: Incineroar|Incineroar, M|100/100
|-ability|p1a: Incineroar|Intimidate|boost
|-unboost|p2a: CHANDIE U( *++*)U|atk|1
|move|p2a: CHANDIE U( *++*)U|Trick|p1a: Incineroar
|-activate|p2a: CHANDIE U( *++*)U|move: Trick|[of] p1a: Incineroar
|-item|p1a: Incineroar|Choice Scarf|[from] move: Trick
|-item|p2a: CHANDIE U( *++*)U|Heavy-Duty Boots|[from] move: Trick
|
|-heal|p2a: CHANDIE U( *++*)U|100/100|[from] move: Wish|[wisher] Vaporeon
|upkeep
|turn|17
|
|t:|1633758773
|switch|p2a: Lucy|Lucario, F|88/100
|-damage|p2a: Lucy|85/100|[from] Stealth Rock
|move|p1a: Incineroar|Toxic|p2a: Lucy
|-immune|p2a: Lucy
|
|upkeep
|turn|18
|
|t:|1633758778
|switch|p1a: Steelix|Steelix, M|100/100
|-damage|p1a: Steelix|84/100|[from] Spikes
|-damage|p1a: Steelix|81/100|[from] Stealth Rock
|move|p2a: Lucy|Meteor Mash|p1a: Steelix
|-resisted|p1a: Steelix
|-damage|p1a: Steelix|66/100
|-boost|p2a: Lucy|atk|1
|-damage|p2a: Lucy|75/100|[from] item: Life Orb
|
|-heal|p1a: Steelix|72/100|[from] item: Leftovers
|upkeep
|turn|19
|
|t:|1633758782
|move|p2a: Lucy|Close Combat|p1a: Steelix
|-supereffective|p1a: Steelix
|-damage|p1a: Steelix|0 fnt
|-unboost|p2a: Lucy|def|1
|-unboost|p2a: Lucy|spd|1
|faint|p1a: Steelix
|-damage|p2a: Lucy|65/100|[from] item: Life Orb
|
|upkeep
|
|t:|1633758786
|switch|p1a: Roserade|Roserade, F|100/100
|-damage|p1a: Roserade|84/100|[from] Spikes
|-damage|p1a: Roserade|72/100|[from] Stealth Rock
|turn|20
|
|t:|1633758791
|move|p1a: Roserade|Extrasensory|p2a: Lucy
|-damage|p2a: Lucy|3/100
|move|p2a: Lucy|Meteor Mash|p1a: Roserade
|-damage|p1a: Roserade|0 fnt
|-boost|p2a: Lucy|atk|1
|faint|p1a: Roserade
|-damage|p2a: Lucy|0 fnt|[from] item: Life Orb
|faint|p2a: Lucy
|
|upkeep
|
|t:|1633758803
|switch|p1a: Golisopod|Golisopod, F|100/100
|switch|p2a: CHANDIE U( *++*)U|Chandelure, F|100/100
|turn|21
|
|t:|1633758807
|move|p2a: CHANDIE U( *++*)U|Overheat|p1a: Golisopod
|-crit|p1a: Golisopod
|-damage|p1a: Golisopod|0 fnt
|-unboost|p2a: CHANDIE U( *++*)U|spa|2
|faint|p1a: Golisopod
|
|upkeep
|
|t:|1633758812
|switch|p1a: Incineroar|Incineroar, M|100/100
|-damage|p1a: Incineroar|84/100|[from] Spikes
|-damage|p1a: Incineroar|59/100|[from] Stealth Rock
|-ability|p1a: Incineroar|Intimidate|boost
|-unboost|p2a: CHANDIE U( *++*)U|atk|1
|turn|22
|
|t:|1633758819
|switch|p2a: Goodra|Goodra, M|43/100
|-damage|p2a: Goodra|31/100|[from] Stealth Rock
|move|p1a: Incineroar|Knock Off|p2a: Goodra
|-damage|p2a: Goodra|0 fnt
|-enditem|p2a: Goodra|Leftovers|[from] move: Knock Off|[of] p1a: Incineroar
|faint|p2a: Goodra
|
|upkeep
|
|t:|1633758839
|switch|p2a: Puhteradactyl|Aerodactyl, M|76/100
|-ability|p2a: Puhteradactyl|Unnerve
|-damage|p2a: Puhteradactyl|51/100|[from] Stealth Rock
|turn|23
|
|t:|1633758842
|move|p2a: Puhteradactyl|Earthquake|p1a: Incineroar
|-supereffective|p1a: Incineroar
|-damage|p1a: Incineroar|6/100
|move|p1a: Incineroar|Knock Off|p2a: Puhteradactyl
|-damage|p2a: Puhteradactyl|0 fnt
|-enditem|p2a: Puhteradactyl|Focus Sash|[from] move: Knock Off|[of] p1a: Incineroar
|faint|p2a: Puhteradactyl
|
|upkeep
|
|t:|1633758851
|switch|p2a: CHANDIE U( *++*)U|Chandelure, F|100/100
|turn|24
|
|t:|1633758853
|move|p2a: CHANDIE U( *++*)U|Shadow Ball|p1a: Incineroar
|-resisted|p1a: Incineroar
|-damage|p1a: Incineroar|0 fnt
|faint|p1a: Incineroar
|
|upkeep
|
|t:|1633758855
|switch|p1a: Togekiss|Togekiss, M|71/100
|turn|25
|
|t:|1633758860
|move|p1a: Togekiss|Air Slash|p2a: CHANDIE U( *++*)U
|-damage|p2a: CHANDIE U( *++*)U|60/100
|move|p2a: CHANDIE U( *++*)U|Overheat|p1a: Togekiss
|-damage|p1a: Togekiss|7/100
|-unboost|p2a: CHANDIE U( *++*)U|spa|2
|
|upkeep
|turn|26
|
|t:|1633758864
|move|p1a: Togekiss|Air Slash|p2a: CHANDIE U( *++*)U|[miss]
|-miss|p1a: Togekiss|p2a: CHANDIE U( *++*)U
|move|p2a: CHANDIE U( *++*)U|Shadow Ball|p1a: Togekiss
|-damage|p1a: Togekiss|0 fnt
|faint|p1a: Togekiss
|
|upkeep
|
|t:|1633758866
|switch|p1a: Doublade|Doublade, M|63/100
|-damage|p1a: Doublade|47/100|[from] Spikes
|-damage|p1a: Doublade|40/100|[from] Stealth Rock
|turn|27
|
|t:|1633758869
|move|p1a: Doublade|Shadow Sneak|p2a: CHANDIE U( *++*)U
|-supereffective|p2a: CHANDIE U( *++*)U
|-damage|p2a: CHANDIE U( *++*)U|4/100
|move|p2a: CHANDIE U( *++*)U|Overheat|p1a: Doublade
|-supereffective|p1a: Doublade
|-damage|p1a: Doublade|0 fnt
|-unboost|p2a: CHANDIE U( *++*)U|spa|2
|faint|p1a: Doublade
|
|win|literallyfreemoney
|raw|Crush2dust's rating: 1417 &rarr; <strong>1396</strong><br />(-21 for losing)
|raw|literallyfreemoney's rating: 1395 &rarr; <strong>1416</strong><br />(+21 for winning)
|l|☆literallyfreemoney
