|j|☆Expulso
|j|☆MAc3 ✝
|t:|1664899129
|gametype|singles
|player|p1|Expulso|#smpl2022wailordoftherings|
|player|p2|MAc3 ✝|roxie|
|teamsize|p1|6
|teamsize|p2|6
|gen|8
|tier|[Gen 8] RU
|rule|Sleep Clause Mod: Limit one foe put to sleep
|rule|Species Clause: Limit one of each Pokémon
|rule|OHKO Clause: OHKO moves are banned
|rule|Evasion Items Clause: Evasion items are banned
|rule|Evasion Moves Clause: Evasion moves are banned
|rule|Endless Battle Clause: Forcing endless battles is banned
|rule|HP Percentage Mod: HP is shown in percentages
|rule|Dynamax Clause: You cannot dynamax
|clearpoke
|poke|p1|Escavalier, M|
|poke|p1|Raikou|
|poke|p1|Nidoqueen, F|
|poke|p1|Milotic, M|
|poke|p1|Crobat, F|
|poke|p1|Incineroar, F|
|poke|p2|Reuniclus, F|
|poke|p2|Togekiss, M|
|poke|p2|Registeel|
|poke|p2|Milotic, M|
|poke|p2|Flygon, M|
|poke|p2|Rotom-Mow|
|teampreview
|c|☆Expulso|hf
|c|☆MAc3 ✝|hf
|inactive|Battle timer is ON: inactive players will automatically lose when time's up. (requested by Expulso)
|
|t:|1664899171
|start
|switch|p1a: Milotic|Milotic, M|100/100
|switch|p2a: Togekiss|Togekiss, M|100/100
|turn|1
|inactive|MAc3 ✝ has 270 seconds left.
|
|t:|1664899204
|switch|p2a: Reuniclus|Reuniclus, F|100/100
|move|p1a: Milotic|Flip Turn|p2a: Reuniclus
|-damage|p2a: Reuniclus|91/100
|-damage|p1a: Milotic|84/100|[from] item: Rocky Helmet|[of] p2a: Reuniclus
|
|t:|1664899219
|switch|p1a: Incineroar|Incineroar, F|100/100|[from]move: Flip Turn
|-ability|p1a: Incineroar|Intimidate|boost
|-unboost|p2a: Reuniclus|atk|1
|
|upkeep
|turn|2
|
|t:|1664899226
|switch|p2a: Milotic|Milotic, M|100/100
|move|p1a: Incineroar|U-turn|p2a: Milotic
|-damage|p2a: Milotic|79/100
|
|t:|1664899235
|switch|p1a: Raikou|Raikou|100/100|[from]move: U-turn
|
|upkeep
|turn|3
|
|t:|1664899249
|move|p1a: Raikou|Scald|p2a: Milotic
|-resisted|p2a: Milotic
|-damage|p2a: Milotic|70/100
|move|p2a: Milotic|Mirror Coat|p1a: Raikou
|-damage|p1a: Raikou|79/100
|
|upkeep
|turn|4
|
|t:|1664899260
|move|p1a: Raikou|Volt Switch|p2a: Milotic
|-supereffective|p2a: Milotic
|-damage|p2a: Milotic|22/100
|
|t:|1664899264
|switch|p1a: Incineroar|Incineroar, F|100/100|[from]move: Volt Switch
|-ability|p1a: Incineroar|Intimidate|boost
|-unboost|p2a: Milotic|atk|1
|move|p2a: Milotic|Recover|p2a: Milotic
|-heal|p2a: Milotic|72/100
|
|upkeep
|turn|5
|
|t:|1664899277
|switch|p1a: Milotic|Milotic, M|84/100
|move|p2a: Milotic|Recover|p2a: Milotic
|-heal|p2a: Milotic|100/100
|
|upkeep
|turn|6
|
|t:|1664899281
|switch|p2a: Reuniclus|Reuniclus, F|91/100
|move|p1a: Milotic|Flip Turn|p2a: Reuniclus
|-damage|p2a: Reuniclus|82/100
|-damage|p1a: Milotic|68/100|[from] item: Rocky Helmet|[of] p2a: Reuniclus
|
|t:|1664899284
|switch|p1a: Escavalier|Escavalier, M|100/100|[from]move: Flip Turn
|
|upkeep
|turn|7
|
|t:|1664899293
|switch|p2a: Togekiss|Togekiss, M|100/100
|move|p1a: Escavalier|Megahorn|p2a: Togekiss
|-resisted|p2a: Togekiss
|-damage|p2a: Togekiss|85/100
|
|upkeep
|turn|8
|j| Airio
|l| Airio
|inactive|Expulso has 270 seconds left.
|
|t:|1664899342
|switch|p1a: Raikou|Raikou|79/100
|move|p2a: Togekiss|Flamethrower|p1a: Raikou
|-damage|p1a: Raikou|53/100
|
|upkeep
|turn|9
|
|t:|1664899355
|switch|p2a: Rotom|Rotom-Mow|100/100
|move|p1a: Raikou|Scald|p2a: Rotom
|-resisted|p2a: Rotom
|-damage|p2a: Rotom|85/100
|
|upkeep
|turn|10
|
|t:|1664899367
|switch|p2a: Milotic|Milotic, M|100/100
|switch|p1a: Escavalier|Escavalier, M|100/100
|
|upkeep
|turn|11
|
|t:|1664899374
|switch|p1a: Milotic|Milotic, M|68/100
|move|p2a: Milotic|Scald|p1a: Milotic
|-resisted|p1a: Milotic
|-damage|p1a: Milotic|59/100
|
|upkeep
|turn|12
|inactive|Expulso has 270 seconds left.
|
|t:|1664899381
|switch|p2a: Reuniclus|Reuniclus, F|82/100
|move|p1a: Milotic|Recover|p1a: Milotic
|-heal|p1a: Milotic|100/100
|
|upkeep
|turn|13
|
|t:|1664899390
|move|p1a: Milotic|Ice Beam|p2a: Reuniclus
|-damage|p2a: Reuniclus|63/100
|move|p2a: Reuniclus|Knock Off|p1a: Milotic
|-damage|p1a: Milotic|88/100
|-enditem|p1a: Milotic|Heavy-Duty Boots|[from] move: Knock Off|[of] p2a: Reuniclus
|
|upkeep
|turn|14
|
|t:|1664899397
|move|p1a: Milotic|Flip Turn|p2a: Reuniclus
|-damage|p2a: Reuniclus|53/100
|-damage|p1a: Milotic|72/100|[from] item: Rocky Helmet|[of] p2a: Reuniclus
|
|t:|1664899399
|switch|p1a: Escavalier|Escavalier, M|100/100|[from]move: Flip Turn
|move|p2a: Reuniclus|Knock Off|p1a: Escavalier
|-damage|p1a: Escavalier|88/100
|-enditem|p1a: Escavalier|Leftovers|[from] move: Knock Off|[of] p2a: Reuniclus
|
|upkeep
|turn|15
|
|t:|1664899406
|switch|p2a: Milotic|Milotic, M|100/100
|move|p1a: Escavalier|Knock Off|p2a: Milotic
|-damage|p2a: Milotic|73/100
|-enditem|p2a: Milotic|Heavy-Duty Boots|[from] move: Knock Off|[of] p1a: Escavalier
|
|upkeep
|turn|16
|
|t:|1664899415
|switch|p1a: Milotic|Milotic, M|72/100
|move|p2a: Milotic|Scald|p1a: Milotic
|-resisted|p1a: Milotic
|-damage|p1a: Milotic|63/100
|-status|p1a: Milotic|brn
|
|-damage|p1a: Milotic|57/100 brn|[from] brn
|upkeep
|turn|17
|
|t:|1664899422
|switch|p2a: Reuniclus|Reuniclus, F|53/100
|switch|p1a: Escavalier|Escavalier, M|88/100
|
|upkeep
|turn|18
|
|t:|1664899431
|switch|p2a: Togekiss|Togekiss, M|85/100
|move|p1a: Escavalier|Megahorn|p2a: Togekiss
|-resisted|p2a: Togekiss
|-damage|p2a: Togekiss|71/100
|
|upkeep
|turn|19
|
|t:|1664899436
|move|p2a: Togekiss|Flamethrower|p1a: Escavalier
|-supereffective|p1a: Escavalier
|-damage|p1a: Escavalier|0 fnt
|faint|p1a: Escavalier
|
|upkeep
|
|t:|1664899446
|switch|p1a: Raikou|Raikou|53/100
|turn|20
|
|t:|1664899452
|switch|p2a: Rotom|Rotom-Mow|85/100
|move|p1a: Raikou|Calm Mind|p1a: Raikou
|-boost|p1a: Raikou|spa|1
|-boost|p1a: Raikou|spd|1
|
|upkeep
|turn|21
|
|t:|1664899474
|move|p2a: Rotom|Leaf Storm|p1a: Raikou
|-damage|p1a: Raikou|12/100
|-unboost|p2a: Rotom|spa|2
|move|p1a: Raikou|Thunderbolt|p2a: Rotom
|-resisted|p2a: Rotom
|-crit|p2a: Rotom
|-damage|p2a: Rotom|52/100
|
|upkeep
|turn|22
|
|t:|1664899489
|switch|p2a: Registeel|Registeel|100/100
|switch|p1a: Crobat|Crobat, F|100/100
|
|upkeep
|turn|23
|
|t:|1664899495
|move|p1a: Crobat|U-turn|p2a: Registeel
|-resisted|p2a: Registeel
|-damage|p2a: Registeel|96/100
|
|t:|1664899496
|switch|p1a: Nidoqueen|Nidoqueen, F|100/100|[from]move: U-turn
|move|p2a: Registeel|Stealth Rock|p1a: Nidoqueen
|-sidestart|p1: Expulso|move: Stealth Rock
|
|-heal|p2a: Registeel|100/100|[from] item: Leftovers
|upkeep
|turn|24
|j| xXcrossbowXx
|
|t:|1664899503
|move|p1a: Nidoqueen|Stealth Rock|p2a: Registeel
|-sidestart|p2: MAc3 ✝|move: Stealth Rock
|move|p2a: Registeel|Seismic Toss|p1a: Nidoqueen
|-damage|p1a: Nidoqueen|74/100
|
|-heal|p1a: Nidoqueen|81/100|[from] item: Black Sludge
|upkeep
|turn|25
|
|t:|1664899514
|move|p1a: Nidoqueen|Earth Power|p2a: Registeel
|-supereffective|p2a: Registeel
|-damage|p2a: Registeel|62/100
|move|p2a: Registeel|Seismic Toss|p1a: Nidoqueen
|-damage|p1a: Nidoqueen|55/100
|
|-heal|p1a: Nidoqueen|61/100|[from] item: Black Sludge
|-heal|p2a: Registeel|68/100|[from] item: Leftovers
|upkeep
|turn|26
|
|t:|1664899528
|switch|p2a: Flygon|Flygon, M|100/100
|-damage|p2a: Flygon|94/100|[from] Stealth Rock
|move|p1a: Nidoqueen|Earth Power|p2a: Flygon
|-immune|p2a: Flygon|[from] ability: Levitate
|
|-heal|p1a: Nidoqueen|67/100|[from] item: Black Sludge
|upkeep
|turn|27
|j| yOuRwElCoMeThAnk
|
|t:|1664899541
|switch|p1a: Crobat|Crobat, F|100/100
|move|p2a: Flygon|Earthquake|p1a: Crobat
|-immune|p1a: Crobat
|
|upkeep
|turn|28
|
|t:|1664899545
|move|p1a: Crobat|U-turn|p2a: Flygon
|-damage|p2a: Flygon|76/100
|
|t:|1664899547
|switch|p1a: Milotic|Milotic, M|57/100 brn|[from]move: U-turn
|-damage|p1a: Milotic|45/100 brn|[from] Stealth Rock
|move|p2a: Flygon|Dragon Dance|p2a: Flygon
|-boost|p2a: Flygon|atk|1
|-boost|p2a: Flygon|spe|1
|
|-damage|p1a: Milotic|39/100 brn|[from] brn
|upkeep
|turn|29
|
|t:|1664899551
|move|p2a: Flygon|Earthquake|p1a: Milotic
|-damage|p1a: Milotic|10/100 brn
|move|p1a: Milotic|Recover|p1a: Milotic
|-heal|p1a: Milotic|60/100 brn
|
|-damage|p1a: Milotic|54/100 brn|[from] brn
|upkeep
|turn|30
|
|t:|1664899560
|switch|p2a: Reuniclus|Reuniclus, F|53/100
|move|p1a: Milotic|Flip Turn|p2a: Reuniclus
|-damage|p2a: Reuniclus|49/100
|-damage|p1a: Milotic|37/100 brn|[from] item: Rocky Helmet|[of] p2a: Reuniclus
|
|t:|1664899565
|switch|p1a: Incineroar|Incineroar, F|100/100|[from]move: Flip Turn
|-ability|p1a: Incineroar|Intimidate|boost
|-unboost|p2a: Reuniclus|atk|1
|
|upkeep
|turn|31
|
|t:|1664899571
|switch|p2a: Milotic|Milotic, M|73/100
|-damage|p2a: Milotic|61/100|[from] Stealth Rock
|move|p1a: Incineroar|Knock Off|p2a: Milotic
|-damage|p2a: Milotic|31/100
|
|upkeep
|turn|32
|
|t:|1664899579
|move|p2a: Milotic|Recover|p2a: Milotic
|-heal|p2a: Milotic|81/100
|move|p1a: Incineroar|Knock Off|p2a: Milotic
|-damage|p2a: Milotic|56/100
|
|upkeep
|turn|33
|
|t:|1664899583
|switch|p1a: Milotic|Milotic, M|37/100 brn
|-damage|p1a: Milotic|25/100 brn|[from] Stealth Rock
|move|p2a: Milotic|Scald|p1a: Milotic
|-resisted|p1a: Milotic
|-damage|p1a: Milotic|16/100 brn
|
|-damage|p1a: Milotic|10/100 brn|[from] brn
|upkeep
|turn|34
|
|t:|1664899589
|move|p2a: Milotic|Scald|p1a: Milotic
|-resisted|p1a: Milotic
|-damage|p1a: Milotic|2/100 brn
|move|p1a: Milotic|Recover|p1a: Milotic
|-heal|p1a: Milotic|52/100 brn
|
|-damage|p1a: Milotic|46/100 brn|[from] brn
|upkeep
|turn|35
|
|t:|1664899597
|move|p2a: Milotic|Recover|p2a: Milotic
|-heal|p2a: Milotic|100/100
|move|p1a: Milotic|Ice Beam|p2a: Milotic
|-resisted|p2a: Milotic
|-damage|p2a: Milotic|94/100
|
|-damage|p1a: Milotic|40/100 brn|[from] brn
|upkeep
|turn|36
|
|t:|1664899605
|switch|p2a: Reuniclus|Reuniclus, F|49/100
|move|p1a: Milotic|Recover|p1a: Milotic
|-heal|p1a: Milotic|90/100 brn
|
|-damage|p1a: Milotic|84/100 brn|[from] brn
|upkeep
|turn|37
|
|t:|1664899617
|move|p1a: Milotic|Flip Turn|p2a: Reuniclus
|-damage|p2a: Reuniclus|44/100
|-damage|p1a: Milotic|67/100 brn|[from] item: Rocky Helmet|[of] p2a: Reuniclus
|
|t:|1664899618
|switch|p1a: Incineroar|Incineroar, F|100/100|[from]move: Flip Turn
|-ability|p1a: Incineroar|Intimidate|boost
|-unboost|p2a: Reuniclus|atk|1
|move|p2a: Reuniclus|Recover|p2a: Reuniclus
|-heal|p2a: Reuniclus|94/100
|
|upkeep
|turn|38
|
|t:|1664899624
|move|p1a: Incineroar|U-turn|p2a: Reuniclus
|-supereffective|p2a: Reuniclus
|-damage|p2a: Reuniclus|56/100
|-damage|p1a: Incineroar|84/100|[from] item: Rocky Helmet|[of] p2a: Reuniclus
|
|t:|1664899628
|switch|p1a: Milotic|Milotic, M|67/100 brn|[from]move: U-turn
|-damage|p1a: Milotic|55/100 brn|[from] Stealth Rock
|move|p2a: Reuniclus|Psychic|p1a: Milotic
|-damage|p1a: Milotic|32/100 brn
|-unboost|p1a: Milotic|spd|1
|
|-damage|p1a: Milotic|26/100 brn|[from] brn
|upkeep
|turn|39
|
|t:|1664899633
|move|p1a: Milotic|Recover|p1a: Milotic
|-heal|p1a: Milotic|76/100 brn
|move|p2a: Reuniclus|Psychic|p1a: Milotic
|-damage|p1a: Milotic|43/100 brn
|
|-damage|p1a: Milotic|37/100 brn|[from] brn
|upkeep
|turn|40
|
|t:|1664899637
|move|p1a: Milotic|Recover|p1a: Milotic
|-heal|p1a: Milotic|87/100 brn
|move|p2a: Reuniclus|Psychic|p1a: Milotic
|-damage|p1a: Milotic|49/100 brn
|
|-damage|p1a: Milotic|43/100 brn|[from] brn
|upkeep
|turn|41
|
|t:|1664899644
|switch|p1a: Incineroar|Incineroar, F|84/100
|-ability|p1a: Incineroar|Intimidate|boost
|-unboost|p2a: Reuniclus|atk|1
|move|p2a: Reuniclus|Psychic|p1a: Incineroar
|-immune|p1a: Incineroar
|
|upkeep
|turn|42
|
|t:|1664899666
|move|p1a: Incineroar|Swords Dance|p1a: Incineroar
|-boost|p1a: Incineroar|atk|2
|move|p2a: Reuniclus|Psychic|p1a: Incineroar
|-immune|p1a: Incineroar
|
|upkeep
|turn|43
|
|t:|1664899682
|switch|p2a: Milotic|Milotic, M|94/100
|-damage|p2a: Milotic|81/100|[from] Stealth Rock
|move|p1a: Incineroar|U-turn|p2a: Milotic
|-damage|p2a: Milotic|43/100
|
|t:|1664899688
|switch|p1a: Raikou|Raikou|12/100|[from]move: U-turn
|
|upkeep
|turn|44
|
|t:|1664899698
|switch|p2a: Rotom|Rotom-Mow|52/100
|-damage|p2a: Rotom|40/100|[from] Stealth Rock
|move|p1a: Raikou|Volt Switch|p2a: Rotom
|-resisted|p2a: Rotom
|-damage|p2a: Rotom|29/100
|
|t:|1664899706
|switch|p1a: Incineroar|Incineroar, F|84/100|[from]move: Volt Switch
|-ability|p1a: Incineroar|Intimidate|boost
|-unboost|p2a: Rotom|atk|1
|
|upkeep
|turn|45
|
|t:|1664899715
|switch|p1a: Nidoqueen|Nidoqueen, F|67/100
|-damage|p1a: Nidoqueen|61/100|[from] Stealth Rock
|move|p2a: Rotom|Volt Switch|p1a: Nidoqueen
|-immune|p1a: Nidoqueen
|
|-heal|p1a: Nidoqueen|67/100|[from] item: Black Sludge
|upkeep
|turn|46
|
|t:|1664899726
|switch|p2a: Registeel|Registeel|68/100
|-damage|p2a: Registeel|62/100|[from] Stealth Rock
|move|p1a: Nidoqueen|Earth Power|p2a: Registeel
|-supereffective|p2a: Registeel
|-damage|p2a: Registeel|20/100
|
|-heal|p1a: Nidoqueen|73/100|[from] item: Black Sludge
|-heal|p2a: Registeel|26/100|[from] item: Leftovers
|upkeep
|turn|47
|
|t:|1664899736
|move|p1a: Nidoqueen|Earth Power|p2a: Registeel
|-supereffective|p2a: Registeel
|-damage|p2a: Registeel|0 fnt
|faint|p2a: Registeel
|
|-heal|p1a: Nidoqueen|80/100|[from] item: Black Sludge
|upkeep
|
|t:|1664899741
|switch|p2a: Reuniclus|Reuniclus, F|56/100
|turn|48
|
|t:|1664899746
|switch|p1a: Incineroar|Incineroar, F|84/100
|-ability|p1a: Incineroar|Intimidate|boost
|-unboost|p2a: Reuniclus|atk|1
|move|p2a: Reuniclus|Recover|p2a: Reuniclus
|-heal|p2a: Reuniclus|100/100
|
|upkeep
|turn|49
|
|t:|1664899754
|move|p1a: Incineroar|Knock Off|p2a: Reuniclus
|-supereffective|p2a: Reuniclus
|-damage|p2a: Reuniclus|25/100
|-damage|p1a: Incineroar|67/100|[from] item: Rocky Helmet|[of] p2a: Reuniclus
|-enditem|p2a: Reuniclus|Rocky Helmet|[from] move: Knock Off|[of] p1a: Incineroar
|move|p2a: Reuniclus|Knock Off|p1a: Incineroar
|-resisted|p1a: Incineroar
|-damage|p1a: Incineroar|62/100
|-enditem|p1a: Incineroar|Heavy-Duty Boots|[from] move: Knock Off|[of] p2a: Reuniclus
|
|upkeep
|turn|50
|
|t:|1664899767
|move|p1a: Incineroar|Knock Off|p2a: Reuniclus
|-supereffective|p2a: Reuniclus
|-damage|p2a: Reuniclus|0 fnt
|faint|p2a: Reuniclus
|
|upkeep
|
|t:|1664899771
|switch|p2a: Flygon|Flygon, M|76/100
|-damage|p2a: Flygon|70/100|[from] Stealth Rock
|turn|51
|
|t:|1664899779
|move|p2a: Flygon|Dragon Dance|p2a: Flygon
|-boost|p2a: Flygon|atk|1
|-boost|p2a: Flygon|spe|1
|move|p1a: Incineroar|Knock Off|p2a: Flygon
|-damage|p2a: Flygon|27/100
|
|upkeep
|turn|52
|
|t:|1664899788
|move|p2a: Flygon|Roost|p2a: Flygon
|-heal|p2a: Flygon|77/100
|-singleturn|p2a: Flygon|move: Roost
|move|p1a: Incineroar|U-turn|p2a: Flygon
|-damage|p2a: Flygon|49/100
|
|t:|1664899810
|switch|p1a: Crobat|Crobat, F|100/100|[from]move: U-turn
|
|upkeep
|turn|53
|l| xXcrossbowXx
|
|t:|1664899818
|move|p2a: Flygon|Roost|p2a: Flygon
|-heal|p2a: Flygon|99/100
|-singleturn|p2a: Flygon|move: Roost
|move|p1a: Crobat|Defog|p2a: Flygon
|-unboost|p2a: Flygon|evasion|1
|-sideend|p2: MAc3 ✝|Stealth Rock|[from] move: Defog|[of] p1a: Crobat
|-sideend|p1: Expulso|Stealth Rock|[from] move: Defog|[of] p1a: Crobat
|
|upkeep
|turn|54
|
|t:|1664899822
|move|p2a: Flygon|Dragon Dance|p2a: Flygon
|-boost|p2a: Flygon|atk|1
|-boost|p2a: Flygon|spe|1
|move|p1a: Crobat|U-turn|p2a: Flygon
|-crit|p2a: Flygon
|-damage|p2a: Flygon|72/100
|
|t:|1664899829
|switch|p1a: Milotic|Milotic, M|43/100 brn|[from]move: U-turn
|
|-damage|p1a: Milotic|37/100 brn|[from] brn
|upkeep
|turn|55
|
|t:|1664899833
|switch|p1a: Incineroar|Incineroar, F|62/100
|-ability|p1a: Incineroar|Intimidate|boost
|-unboost|p2a: Flygon|atk|1
|move|p2a: Flygon|Earthquake|p1a: Incineroar
|-supereffective|p1a: Incineroar
|-damage|p1a: Incineroar|0 fnt
|faint|p1a: Incineroar
|
|upkeep
|
|t:|1664899837
|switch|p1a: Milotic|Milotic, M|37/100 brn
|turn|56
|j| xXcrossbowXx
|
|t:|1664899848
|switch|p2a: Togekiss|Togekiss, M|71/100
|move|p1a: Milotic|Recover|p1a: Milotic
|-heal|p1a: Milotic|87/100 brn
|
|-damage|p1a: Milotic|81/100 brn|[from] brn
|upkeep
|turn|57
|
|t:|1664899853
|switch|p1a: Crobat|Crobat, F|100/100
|move|p2a: Togekiss|Air Slash|p1a: Crobat
|-damage|p1a: Crobat|65/100
|
|upkeep
|turn|58
|
|t:|1664899860
|move|p1a: Crobat|U-turn|p2a: Togekiss
|-resisted|p2a: Togekiss
|-damage|p2a: Togekiss|67/100
|
|t:|1664899862
|switch|p1a: Raikou|Raikou|12/100|[from]move: U-turn
|move|p2a: Togekiss|Roost|p2a: Togekiss
|-heal|p2a: Togekiss|100/100
|-singleturn|p2a: Togekiss|move: Roost
|
|upkeep
|turn|59
|
|t:|1664899869
|move|p1a: Raikou|Thunderbolt|p2a: Togekiss
|-supereffective|p2a: Togekiss
|-crit|p2a: Togekiss
|-damage|p2a: Togekiss|0 fnt
|faint|p2a: Togekiss
|
|upkeep
|c|☆Expulso|mb
|l| xXcrossbowXx
|
|t:|1664899883
|switch|p2a: Rotom|Rotom-Mow|29/100
|turn|60
|
|t:|1664899900
|move|p2a: Rotom|Leaf Storm|p1a: Raikou
|-damage|p1a: Raikou|0 fnt
|-unboost|p2a: Rotom|spa|2
|faint|p1a: Raikou
|
|upkeep
|j| xXcrossbowXx
|
|t:|1664899907
|switch|p1a: Crobat|Crobat, F|65/100
|turn|61
|
|t:|1664899931
|switch|p2a: Milotic|Milotic, M|43/100
|move|p1a: Crobat|Brave Bird|p2a: Milotic
|-damage|p2a: Milotic|12/100
|-damage|p1a: Crobat|54/100|[from] Recoil
|
|upkeep
|turn|62
|
|t:|1664899946
|switch|p2a: Rotom|Rotom-Mow|29/100
|move|p1a: Crobat|U-turn|p2a: Rotom
|-supereffective|p2a: Rotom
|-damage|p2a: Rotom|0 fnt
|faint|p2a: Rotom
|
|t:|1664899950
|switch|p1a: Nidoqueen|Nidoqueen, F|80/100|[from]move: U-turn
|
|-heal|p1a: Nidoqueen|86/100|[from] item: Black Sludge
|upkeep
|inactive|MAc3 ✝ has 270 seconds left.
|l| xXcrossbowXx
|
|t:|1664900001
|switch|p2a: Flygon|Flygon, M|72/100
|turn|63
|
|t:|1664900026
|switch|p2a: Milotic|Milotic, M|12/100
|switch|p1a: Milotic|Milotic, M|81/100 brn
|
|-damage|p1a: Milotic|75/100 brn|[from] brn
|upkeep
|turn|64
|
|t:|1664900032
|move|p2a: Milotic|Recover|p2a: Milotic
|-heal|p2a: Milotic|62/100
|move|p1a: Milotic|Flip Turn|p2a: Milotic
|-resisted|p2a: Milotic
|-damage|p2a: Milotic|60/100
|
|t:|1664900035
|switch|p1a: Nidoqueen|Nidoqueen, F|86/100|[from]move: Flip Turn
|
|-heal|p1a: Nidoqueen|92/100|[from] item: Black Sludge
|upkeep
|turn|65
|
|t:|1664900039
|move|p2a: Milotic|Scald|p1a: Nidoqueen
|-supereffective|p1a: Nidoqueen
|-damage|p1a: Nidoqueen|44/100
|move|p1a: Nidoqueen|Toxic|p2a: Milotic
|-status|p2a: Milotic|tox
|
|-heal|p1a: Nidoqueen|50/100|[from] item: Black Sludge
|-damage|p2a: Milotic|54/100 tox|[from] psn
|upkeep
|turn|66
|
|t:|1664900045
|switch|p1a: Milotic|Milotic, M|75/100 brn
|move|p2a: Milotic|Scald|p1a: Milotic
|-resisted|p1a: Milotic
|-damage|p1a: Milotic|66/100 brn
|
|-damage|p2a: Milotic|42/100 tox|[from] psn
|-damage|p1a: Milotic|60/100 brn|[from] brn
|upkeep
|turn|67
|
|t:|1664900053
|move|p2a: Milotic|Recover|p2a: Milotic
|-heal|p2a: Milotic|92/100 tox
|move|p1a: Milotic|Flip Turn|p2a: Milotic
|-resisted|p2a: Milotic
|-damage|p2a: Milotic|90/100 tox
|
|t:|1664900055
|switch|p1a: Crobat|Crobat, F|54/100|[from]move: Flip Turn
|
|-damage|p2a: Milotic|72/100 tox|[from] psn
|upkeep
|turn|68
|
|t:|1664900067
|switch|p2a: Flygon|Flygon, M|72/100
|move|p1a: Crobat|U-turn|p2a: Flygon
|-damage|p2a: Flygon|55/100
|
|t:|1664900070
|switch|p1a: Milotic|Milotic, M|60/100 brn|[from]move: U-turn
|
|-damage|p1a: Milotic|54/100 brn|[from] brn
|upkeep
|turn|69
|
|t:|1664900080
|switch|p2a: Milotic|Milotic, M|72/100 tox
|move|p1a: Milotic|Recover|p1a: Milotic
|-heal|p1a: Milotic|100/100 brn
|
|-damage|p2a: Milotic|66/100 tox|[from] psn
|-damage|p1a: Milotic|94/100 brn|[from] brn
|upkeep
|turn|70
|c|☆Expulso|gg mb for crit
|c|☆MAc3 ✝|gg
|-message|MAc3 ✝ forfeited.
|
|win|Expulso
