|j|☆Splashinganteater
|j|☆Ectoboggan
|t:|1625069582
|gametype|singles
|player|p1|Splashinganteater|palmer|1352
|player|p2|Ectoboggan|elesa|1577
|teamsize|p1|6
|teamsize|p2|6
|gen|8
|tier|[Gen 8] RU
|rated|
|rule|Sleep Clause Mod: Limit one foe put to sleep
|rule|Species Clause: Limit one of each Pokémon
|rule|OHKO Clause: OHKO moves are banned
|rule|Evasion Moves Clause: Evasion moves are banned
|rule|Endless Battle Clause: Forcing endless battles is banned
|rule|HP Percentage Mod: HP is shown in percentages
|rule|Dynamax Clause: You cannot dynamax
|clearpoke
|poke|p1|Tyrantrum, M|
|poke|p1|Zarude|
|poke|p1|Togekiss, F|
|poke|p1|Milotic, F|
|poke|p1|Steelix, F|
|poke|p1|Toxicroak, M|
|poke|p2|Milotic, M|
|poke|p2|Metagross|
|poke|p2|Rhyperior, F|
|poke|p2|Crobat, M|
|poke|p2|Cobalion|
|poke|p2|Celebi|
|teampreview
|
|t:|1625069596
|start
|switch|p1a: Tyrantrum|Tyrantrum, M|100/100
|switch|p2a: Metagross|Metagross|100/100
|turn|1
|
|t:|1625069602
|switch|p1a: Milotic|Milotic, F|100/100
|move|p2a: Metagross|Meteor Mash|p1a: Milotic
|-resisted|p1a: Milotic
|-damage|p1a: Milotic|79/100
|-boost|p2a: Metagross|atk|1
|
|-heal|p1a: Milotic|86/100|[from] item: Leftovers
|upkeep
|turn|2
|
|t:|1625069610
|switch|p2a: Milotic|Milotic, M|100/100
|move|p1a: Milotic|Scald|p2a: Milotic
|-resisted|p2a: Milotic
|-damage|p2a: Milotic|92/100
|
|-heal|p1a: Milotic|92/100|[from] item: Leftovers
|-heal|p2a: Milotic|98/100|[from] item: Leftovers
|upkeep
|turn|3
|
|t:|1625069618
|move|p1a: Milotic|Flip Turn|p2a: Milotic
|-resisted|p2a: Milotic
|-damage|p2a: Milotic|92/100
|
|t:|1625069622
|switch|p1a: Toxicroak|Toxicroak, M, shiny|100/100|[from]move: Flip Turn
|move|p2a: Milotic|Toxic|p1a: Toxicroak
|-immune|p1a: Toxicroak
|
|-heal|p2a: Milotic|98/100|[from] item: Leftovers
|upkeep
|turn|4
|
|t:|1625069630
|switch|p1a: Steelix|Steelix, F|100/100
|switch|p2a: Crobat|Crobat, M|100/100
|
|upkeep
|turn|5
|
|t:|1625069633
|move|p2a: Crobat|U-turn|p1a: Steelix
|-resisted|p1a: Steelix
|-damage|p1a: Steelix|97/100
|
|t:|1625069640
|switch|p2a: Rhyperior|Rhyperior, F|100/100|[from]move: U-turn
|move|p1a: Steelix|Stealth Rock|p2a: Rhyperior
|-sidestart|p2: Ectoboggan|move: Stealth Rock
|
|-heal|p1a: Steelix|100/100|[from] item: Leftovers
|upkeep
|turn|6
|
|t:|1625069644
|move|p2a: Rhyperior|Stealth Rock|p1a: Steelix
|-sidestart|p1: Splashinganteater|move: Stealth Rock
|move|p1a: Steelix|Toxic|p2a: Rhyperior
|-status|p2a: Rhyperior|tox
|
|-damage|p2a: Rhyperior|94/100 tox|[from] psn
|upkeep
|turn|7
|
|t:|1625069649
|switch|p1a: Togekiss|Togekiss, F|100/100
|move|p2a: Rhyperior|Earthquake|p1a: Togekiss
|-immune|p1a: Togekiss
|
|-heal|p2a: Rhyperior|100/100 tox|[from] item: Leftovers
|-damage|p2a: Rhyperior|88/100 tox|[from] psn
|upkeep
|turn|8
|
|t:|1625069656
|switch|p1a: Steelix|Steelix, F|100/100
|-damage|p1a: Steelix|97/100|[from] Stealth Rock
|move|p2a: Rhyperior|Stone Edge|p1a: Steelix
|-resisted|p1a: Steelix
|-damage|p1a: Steelix|91/100
|
|-heal|p2a: Rhyperior|94/100 tox|[from] item: Leftovers
|-heal|p1a: Steelix|97/100|[from] item: Leftovers
|-damage|p2a: Rhyperior|76/100 tox|[from] psn
|upkeep
|turn|9
|
|t:|1625069662
|switch|p2a: Celebi|Celebi|100/100
|switch|p1a: Milotic|Milotic, F|92/100
|-damage|p1a: Milotic|79/100|[from] Stealth Rock
|
|-heal|p1a: Milotic|85/100|[from] item: Leftovers
|upkeep
|turn|10
|
|t:|1625069672
|move|p2a: Celebi|Nasty Plot|p2a: Celebi
|-boost|p2a: Celebi|spa|2
|move|p1a: Milotic|Flip Turn|p2a: Celebi
|-resisted|p2a: Celebi
|-damage|p2a: Celebi|95/100
|
|t:|1625069681
|switch|p1a: Zarude|Zarude|100/100|[from]move: Flip Turn
|
|upkeep
|turn|11
|
|t:|1625069689
|move|p1a: Zarude|U-turn|p2a: Celebi
|-supereffective|p2a: Celebi
|-damage|p2a: Celebi|15/100
|
|t:|1625069699
|switch|p1a: Togekiss|Togekiss, F|100/100|[from]move: U-turn
|move|p2a: Celebi|Recover|p2a: Celebi
|-heal|p2a: Celebi|65/100
|
|upkeep
|turn|12
|
|t:|1625069708
|switch|p2a: Metagross|Metagross|100/100
|-damage|p2a: Metagross|94/100|[from] Stealth Rock
|move|p1a: Togekiss|Air Slash|p2a: Metagross|[miss]
|-miss|p1a: Togekiss|p2a: Metagross
|
|upkeep
|turn|13
|
|t:|1625069712
|switch|p1a: Milotic|Milotic, F|85/100
|-damage|p1a: Milotic|73/100|[from] Stealth Rock
|move|p2a: Metagross|Meteor Mash|p1a: Milotic|[miss]
|-miss|p2a: Metagross|p1a: Milotic
|
|-heal|p1a: Milotic|79/100|[from] item: Leftovers
|upkeep
|turn|14
|
|t:|1625069726
|switch|p2a: Celebi|Celebi|65/100
|move|p1a: Milotic|Toxic|p2a: Celebi|[miss]
|-miss|p1a: Milotic|p2a: Celebi
|
|-heal|p1a: Milotic|85/100|[from] item: Leftovers
|upkeep
|turn|15
|
|t:|1625069733
|switch|p1a: Zarude|Zarude|100/100
|move|p2a: Celebi|Psychic|p1a: Zarude
|-immune|p1a: Zarude
|
|upkeep
|turn|16
|
|t:|1625069737
|switch|p2a: Crobat|Crobat, M|100/100
|move|p1a: Zarude|U-turn|p2a: Crobat
|-resisted|p2a: Crobat
|-damage|p2a: Crobat|94/100
|
|t:|1625069751
|switch|p1a: Tyrantrum|Tyrantrum, M|100/100|[from]move: U-turn
|-damage|p1a: Tyrantrum|88/100|[from] Stealth Rock
|
|upkeep
|turn|17
|
|t:|1625069759
|switch|p2a: Metagross|Metagross|94/100
|-damage|p2a: Metagross|88/100|[from] Stealth Rock
|move|p1a: Tyrantrum|Head Smash|p2a: Metagross
|-resisted|p2a: Metagross
|-damage|p2a: Metagross|59/100
|
|upkeep
|turn|18
|
|t:|1625069765
|switch|p1a: Milotic|Milotic, F|85/100
|-damage|p1a: Milotic|73/100|[from] Stealth Rock
|move|p2a: Metagross|Meteor Mash|p1a: Milotic
|-resisted|p1a: Milotic
|-damage|p1a: Milotic|53/100
|
|-heal|p1a: Milotic|59/100|[from] item: Leftovers
|upkeep
|turn|19
|
|t:|1625069773
|move|p1a: Milotic|Recover|p1a: Milotic
|-heal|p1a: Milotic|100/100
|move|p2a: Metagross|Grass Knot|p1a: Milotic
|-supereffective|p1a: Milotic
|-damage|p1a: Milotic|64/100
|
|-heal|p1a: Milotic|71/100|[from] item: Leftovers
|upkeep
|turn|20
|
|t:|1625069780
|switch|p2a: Milotic|Milotic, M|98/100
|-damage|p2a: Milotic|86/100|[from] Stealth Rock
|move|p1a: Milotic|Recover|p1a: Milotic
|-heal|p1a: Milotic|100/100
|
|-heal|p2a: Milotic|92/100|[from] item: Leftovers
|upkeep
|turn|21
|
|t:|1625069785
|switch|p1a: Toxicroak|Toxicroak, M, shiny|100/100
|-damage|p1a: Toxicroak|94/100|[from] Stealth Rock
|move|p2a: Milotic|Toxic|p1a: Toxicroak
|-immune|p1a: Toxicroak
|
|-heal|p2a: Milotic|98/100|[from] item: Leftovers
|upkeep
|turn|22
|
|t:|1625069799
|switch|p1a: Tyrantrum|Tyrantrum, M|88/100
|-damage|p1a: Tyrantrum|76/100|[from] Stealth Rock
|switch|p2a: Crobat|Crobat, M|94/100
|
|upkeep
|turn|23
|
|t:|1625069812
|switch|p2a: Rhyperior|Rhyperior, F|76/100 tox
|-damage|p2a: Rhyperior|69/100 tox|[from] Stealth Rock
|move|p1a: Tyrantrum|Earthquake|p2a: Rhyperior
|-supereffective|p2a: Rhyperior
|-damage|p2a: Rhyperior|36/100 tox
|
|-heal|p2a: Rhyperior|42/100 tox|[from] item: Leftovers
|-damage|p2a: Rhyperior|36/100 tox|[from] psn
|upkeep
|turn|24
|
|t:|1625069825
|switch|p1a: Togekiss|Togekiss, F|100/100
|move|p2a: Rhyperior|Earthquake|p1a: Togekiss
|-immune|p1a: Togekiss
|
|-heal|p2a: Rhyperior|42/100 tox|[from] item: Leftovers
|-damage|p2a: Rhyperior|30/100 tox|[from] psn
|upkeep
|turn|25
|inactive|Battle timer is ON: inactive players will automatically lose when time's up. (requested by Ectoboggan)
|
|t:|1625069841
|switch|p1a: Milotic|Milotic, F|100/100
|-damage|p1a: Milotic|88/100|[from] Stealth Rock
|move|p2a: Rhyperior|Stone Edge|p1a: Milotic
|-damage|p1a: Milotic|52/100
|
|-heal|p1a: Milotic|58/100|[from] item: Leftovers
|-heal|p2a: Rhyperior|36/100 tox|[from] item: Leftovers
|-damage|p2a: Rhyperior|18/100 tox|[from] psn
|upkeep
|turn|26
|
|t:|1625069848
|move|p1a: Milotic|Recover|p1a: Milotic
|-heal|p1a: Milotic|100/100
|move|p2a: Rhyperior|Earthquake|p1a: Milotic
|-damage|p1a: Milotic|62/100
|
|-heal|p1a: Milotic|69/100|[from] item: Leftovers
|-heal|p2a: Rhyperior|24/100 tox|[from] item: Leftovers
|-damage|p2a: Rhyperior|0 fnt|[from] psn
|faint|p2a: Rhyperior
|upkeep
|
|t:|1625069851
|switch|p2a: Celebi|Celebi|65/100
|turn|27
|
|t:|1625069857
|switch|p1a: Zarude|Zarude|100/100
|move|p2a: Celebi|Pollen Puff|p1a: Zarude
|-supereffective|p1a: Zarude
|-damage|p1a: Zarude|15/100
|
|upkeep
|turn|28
|
|t:|1625069865
|switch|p2a: Crobat|Crobat, M|94/100
|move|p1a: Zarude|Jungle Healing|p1a: Zarude
|-heal|p1a: Zarude|40/100
|
|upkeep
|turn|29
|
|t:|1625069894
|switch|p1a: Steelix|Steelix, F|97/100
|-damage|p1a: Steelix|94/100|[from] Stealth Rock
|move|p2a: Crobat|U-turn|p1a: Steelix
|-resisted|p1a: Steelix
|-damage|p1a: Steelix|90/100
|
|t:|1625069901
|switch|p2a: Cobalion|Cobalion|100/100|[from]move: U-turn
|-damage|p2a: Cobalion|97/100|[from] Stealth Rock
|
|-heal|p1a: Steelix|96/100|[from] item: Leftovers
|upkeep
|turn|30
|
|t:|1625069912
|move|p2a: Cobalion|Focus Blast|p1a: Steelix|[miss]
|-miss|p2a: Cobalion|p1a: Steelix
|move|p1a: Steelix|Earthquake|p2a: Cobalion
|-supereffective|p2a: Cobalion
|-damage|p2a: Cobalion|42/100
|
|-heal|p1a: Steelix|100/100|[from] item: Leftovers
|upkeep
|turn|31
|c|☆Ectoboggan|:)
|
|t:|1625069919
|switch|p1a: Togekiss|Togekiss, F|100/100
|move|p2a: Cobalion|Focus Blast|p1a: Togekiss
|-resisted|p1a: Togekiss
|-damage|p1a: Togekiss|85/100
|
|upkeep
|turn|32
|
|t:|1625069924
|switch|p2a: Metagross|Metagross|59/100
|-damage|p2a: Metagross|52/100|[from] Stealth Rock
|move|p1a: Togekiss|Air Slash|p2a: Metagross
|-resisted|p2a: Metagross
|-damage|p2a: Metagross|35/100
|
|upkeep
|turn|33
|
|t:|1625069940
|switch|p2a: Cobalion|Cobalion|42/100
|-damage|p2a: Cobalion|39/100|[from] Stealth Rock
|move|p1a: Togekiss|Air Slash|p2a: Cobalion
|-damage|p2a: Cobalion|0 fnt
|faint|p2a: Cobalion
|
|upkeep
|-message|Ectoboggan forfeited.
|
|win|Splashinganteater
|l|☆Ectoboggan
|raw|Splashinganteater's rating: 1352 &rarr; <strong>1383</strong><br />(+31 for winning)
|raw|Ectoboggan's rating: 1577 &rarr; <strong>1546</strong><br />(-31 for losing)
