|j|☆PokemonCestDur
|j|☆Haazel Thorn
|inactive|Battle timer is ON: inactive players will automatically lose when time's up.
|t:|1648928865
|gametype|singles
|player|p1|PokemonCestDur|lucas|
|player|p2|Haazel Thorn|bede|
|teamsize|p1|6
|teamsize|p2|6
|gen|8
|tier|[Gen 8] RU
|rated|Tournament battle
|rule|Sleep Clause Mod: Limit one foe put to sleep
|rule|Species Clause: Limit one of each Pokémon
|rule|OHKO Clause: OHKO moves are banned
|rule|Evasion Moves Clause: Evasion moves are banned
|rule|Endless Battle Clause: Forcing endless battles is banned
|rule|HP Percentage Mod: HP is shown in percentages
|rule|Dynamax Clause: You cannot dynamax
|clearpoke
|poke|p1|Obstagoon, F|
|poke|p1|Diancie|
|poke|p1|Registeel|
|poke|p1|Flygon, F|
|poke|p1|Starmie|
|poke|p1|Roserade, M|
|poke|p2|Suicune|
|poke|p2|Weezing-Galar, F|
|poke|p2|Metagross|
|poke|p2|Umbreon, F|
|poke|p2|Nidoqueen, F|
|poke|p2|Togekiss, F|
|teampreview
|j|*Lady Monita ✿
|j| Camilasavia
|inactive|PokemonCestDur has 120 seconds left.
|j| Vitoran ♂
|
|t:|1648928899
|start
|switch|p1a: Starmie|Starmie|100/100
|switch|p2a: Nidoqueen|Nidoqueen, F|100/100
|turn|1
|
|t:|1648928904
|switch|p2a: Umbreon|Umbreon, F|100/100
|move|p1a: Starmie|Scald|p2a: Umbreon
|-damage|p2a: Umbreon|87/100
|
|-heal|p2a: Umbreon|93/100|[from] item: Leftovers
|upkeep
|turn|2
|j|@Frixel
|l| Camilasavia
|j| MonsMustGoOn
|
|t:|1648928920
|switch|p1a: Diancie|Diancie|100/100
|move|p2a: Umbreon|Wish|p2a: Umbreon
|
|-heal|p2a: Umbreon|99/100|[from] item: Leftovers
|upkeep
|turn|3
|
|t:|1648928926
|switch|p2a: Nidoqueen|Nidoqueen, F|100/100
|move|p1a: Diancie|Stealth Rock|p2a: Nidoqueen
|-sidestart|p2: Haazel Thorn|move: Stealth Rock
|
|upkeep
|turn|4
|
|t:|1648928933
|switch|p1a: Starmie|Starmie|100/100
|move|p2a: Nidoqueen|Toxic|p1a: Starmie
|-status|p1a: Starmie|tox
|
|-damage|p1a: Starmie|94/100 tox|[from] psn
|upkeep
|turn|5
|
|t:|1648928939
|switch|p2a: Umbreon|Umbreon, F|99/100
|-damage|p2a: Umbreon|86/100|[from] Stealth Rock
|move|p1a: Starmie|Scald|p2a: Umbreon
|-damage|p2a: Umbreon|71/100
|
|-heal|p1a: Starmie|100/100 tox|[from] item: Leftovers
|-heal|p2a: Umbreon|77/100|[from] item: Leftovers
|-damage|p1a: Starmie|88/100 tox|[from] psn
|upkeep
|turn|6
|
|t:|1648928946
|switch|p2a: Nidoqueen|Nidoqueen, F|100/100
|-damage|p2a: Nidoqueen|94/100|[from] Stealth Rock
|move|p1a: Starmie|Teleport|p1a: Starmie
|
|t:|1648928952
|-curestatus|p1a: Starmie|tox|[from] ability: Natural Cure
|switch|p1a: Flygon|Flygon, F|100/100|[from]move: Teleport
|
|-heal|p2a: Nidoqueen|100/100|[from] item: Black Sludge
|upkeep
|turn|7
|
|t:|1648928957
|move|p1a: Flygon|U-turn|p2a: Nidoqueen
|-resisted|p2a: Nidoqueen
|-damage|p2a: Nidoqueen|90/100
|
|t:|1648928961
|switch|p1a: Starmie|Starmie|88/100|[from]move: U-turn
|move|p2a: Nidoqueen|Ice Beam|p1a: Starmie
|-resisted|p1a: Starmie
|-damage|p1a: Starmie|75/100
|
|-heal|p1a: Starmie|81/100|[from] item: Leftovers
|-heal|p2a: Nidoqueen|97/100|[from] item: Black Sludge
|upkeep
|turn|8
|
|t:|1648928966
|switch|p2a: Suicune|Suicune|100/100
|-damage|p2a: Suicune|88/100|[from] Stealth Rock
|-ability|p2a: Suicune|Pressure
|move|p1a: Starmie|Scald|p2a: Suicune
|-resisted|p2a: Suicune
|-damage|p2a: Suicune|77/100
|
|-heal|p1a: Starmie|87/100|[from] item: Leftovers
|-heal|p2a: Suicune|83/100|[from] item: Leftovers
|upkeep
|turn|9
|
|t:|1648928974
|move|p2a: Suicune|Calm Mind|p2a: Suicune
|-boost|p2a: Suicune|spa|1
|-boost|p2a: Suicune|spd|1
|move|p1a: Starmie|Teleport|p1a: Starmie
|
|t:|1648928981
|switch|p1a: Roserade|Roserade, M|100/100|[from]move: Teleport
|
|-heal|p2a: Suicune|89/100|[from] item: Leftovers
|upkeep
|turn|10
|
|t:|1648928986
|move|p1a: Roserade|Grass Knot|p2a: Suicune
|-supereffective|p2a: Suicune
|-damage|p2a: Suicune|50/100
|move|p2a: Suicune|Ice Beam|p1a: Roserade
|-supereffective|p1a: Roserade
|-damage|p1a: Roserade|39/100
|
|-heal|p2a: Suicune|56/100|[from] item: Leftovers
|upkeep
|turn|11
|j| GreninjaYDavid45
|
|t:|1648928996
|move|p1a: Roserade|Grass Knot|p2a: Suicune
|-supereffective|p2a: Suicune
|-damage|p2a: Suicune|14/100
|move|p2a: Suicune|Ice Beam|p1a: Roserade
|-supereffective|p1a: Roserade
|-damage|p1a: Roserade|0 fnt
|faint|p1a: Roserade
|
|-heal|p2a: Suicune|21/100|[from] item: Leftovers
|upkeep
|
|t:|1648929003
|switch|p1a: Flygon|Flygon, F|100/100
|turn|12
|
|t:|1648929011
|switch|p2a: Weezing|Weezing-Galar, F|100/100
|-damage|p2a: Weezing|88/100|[from] Stealth Rock
|move|p1a: Flygon|Earthquake|p2a: Weezing
|-immune|p2a: Weezing|[from] ability: Levitate
|
|upkeep
|turn|13
|
|t:|1648929029
|switch|p1a: Starmie|Starmie|87/100
|move|p2a: Weezing|Defog|p1a: Starmie
|-unboost|p1a: Starmie|evasion|1
|-sideend|p2: Haazel Thorn|Stealth Rock|[from] move: Defog|[of] p2a: Weezing
|
|-heal|p1a: Starmie|93/100|[from] item: Leftovers
|upkeep
|turn|14
|
|t:|1648929039
|switch|p2a: Togekiss|Togekiss, F|100/100
|move|p1a: Starmie|Teleport|p1a: Starmie
|
|t:|1648929042
|switch|p1a: Registeel|Registeel|100/100|[from]move: Teleport
|
|upkeep
|turn|15
|
|t:|1648929055
|move|p2a: Togekiss|Trick|p1a: Registeel
|-activate|p2a: Togekiss|move: Trick|[of] p1a: Registeel
|-item|p1a: Registeel|Choice Scarf|[from] move: Trick
|-item|p2a: Togekiss|Leftovers|[from] move: Trick
|move|p1a: Registeel|Thunder Wave|p2a: Togekiss
|-status|p2a: Togekiss|par
|
|upkeep
|turn|16
|
|t:|1648929062
|switch|p1a: Obstagoon|Obstagoon, F|100/100
|switch|p2a: Umbreon|Umbreon, F|77/100
|
|-heal|p2a: Umbreon|83/100|[from] item: Leftovers
|-status|p1a: Obstagoon|brn|[from] item: Flame Orb
|upkeep
|turn|17
|
|t:|1648929078
|move|p1a: Obstagoon|Switcheroo|p2a: Umbreon
|-activate|p1a: Obstagoon|move: Trick|[of] p2a: Umbreon
|-item|p2a: Umbreon|Flame Orb|[from] move: Switcheroo
|-item|p1a: Obstagoon|Leftovers|[from] move: Switcheroo
|move|p2a: Umbreon|Wish|p2a: Umbreon
|
|-damage|p1a: Obstagoon|94/100 brn|[from] brn
|-status|p2a: Umbreon|brn|[from] item: Flame Orb
|upkeep
|turn|18
|
|t:|1648929087
|switch|p2a: Weezing|Weezing-Galar, F|88/100
|move|p1a: Obstagoon|Knock Off|p2a: Weezing
|-resisted|p2a: Weezing
|-damage|p2a: Weezing|68/100
|-damage|p1a: Obstagoon|78/100 brn|[from] item: Rocky Helmet|[of] p2a: Weezing
|-enditem|p2a: Weezing|Rocky Helmet|[from] move: Knock Off|[of] p1a: Obstagoon
|
|-heal|p2a: Weezing|100/100|[from] move: Wish|[wisher] Umbreon
|-heal|p1a: Obstagoon|84/100 brn|[from] item: Leftovers
|-damage|p1a: Obstagoon|78/100 brn|[from] brn
|upkeep
|turn|19
|
|t:|1648929101
|switch|p1a: Diancie|Diancie|100/100
|move|p2a: Weezing|Sludge Bomb|p1a: Diancie
|-damage|p1a: Diancie|79/100
|
|-heal|p1a: Diancie|86/100|[from] item: Leftovers
|upkeep
|turn|20
|
|t:|1648929107
|switch|p2a: Suicune|Suicune|21/100
|-ability|p2a: Suicune|Pressure
|move|p1a: Diancie|Stealth Rock|p2a: Suicune
|-sidestart|p2: Haazel Thorn|move: Stealth Rock
|
|-heal|p2a: Suicune|27/100|[from] item: Leftovers
|-heal|p1a: Diancie|92/100|[from] item: Leftovers
|upkeep
|turn|21
|
|t:|1648929111
|switch|p1a: Obstagoon|Obstagoon, F|78/100 brn
|move|p2a: Suicune|Rest|p2a: Suicune
|-status|p2a: Suicune|slp|[from] move: Rest
|-heal|p2a: Suicune|100/100 slp|[silent]
|
|-heal|p1a: Obstagoon|84/100 brn|[from] item: Leftovers
|-damage|p1a: Obstagoon|78/100 brn|[from] brn
|upkeep
|turn|22
|
|t:|1648929121
|switch|p2a: Weezing|Weezing-Galar, F|100/100
|-damage|p2a: Weezing|88/100|[from] Stealth Rock
|move|p1a: Obstagoon|Facade|p2a: Weezing
|-damage|p2a: Weezing|31/100
|
|-heal|p1a: Obstagoon|84/100 brn|[from] item: Leftovers
|-damage|p1a: Obstagoon|78/100 brn|[from] brn
|upkeep
|turn|23
|
|t:|1648929126
|move|p1a: Obstagoon|Facade|p2a: Weezing
|-damage|p2a: Weezing|0 fnt
|faint|p2a: Weezing
|
|-heal|p1a: Obstagoon|84/100 brn|[from] item: Leftovers
|-damage|p1a: Obstagoon|78/100 brn|[from] brn
|upkeep
|
|t:|1648929130
|switch|p2a: Umbreon|Umbreon, F|83/100 brn
|-damage|p2a: Umbreon|71/100 brn|[from] Stealth Rock
|turn|24
|
|t:|1648929133
|move|p1a: Obstagoon|Facade|p2a: Umbreon
|-damage|p2a: Umbreon|4/100 brn
|move|p2a: Umbreon|Heal Bell|p2a: Umbreon
|-activate|p2a: Umbreon|move: Heal Bell
|-curestatus|p2a: Umbreon|brn|[msg]
|-curestatus|p2: Suicune|slp|[msg]
|-curestatus|p2: Togekiss|par|[msg]
|
|-heal|p1a: Obstagoon|84/100 brn|[from] item: Leftovers
|-damage|p1a: Obstagoon|78/100 brn|[from] brn
|-status|p2a: Umbreon|brn|[from] item: Flame Orb
|upkeep
|turn|25
|
|t:|1648929144
|move|p1a: Obstagoon|Knock Off|p2a: Umbreon
|-resisted|p2a: Umbreon
|-damage|p2a: Umbreon|0 fnt
|-enditem|p2a: Umbreon|Flame Orb|[from] move: Knock Off|[of] p1a: Obstagoon
|faint|p2a: Umbreon
|
|-heal|p1a: Obstagoon|84/100 brn|[from] item: Leftovers
|-damage|p1a: Obstagoon|78/100 brn|[from] brn
|upkeep
|
|t:|1648929157
|switch|p2a: Nidoqueen|Nidoqueen, F|97/100
|-damage|p2a: Nidoqueen|90/100|[from] Stealth Rock
|turn|26
|
|t:|1648929170
|switch|p1a: Starmie|Starmie|93/100
|move|p2a: Nidoqueen|Earth Power|p1a: Starmie
|-damage|p1a: Starmie|56/100
|
|-heal|p1a: Starmie|62/100|[from] item: Leftovers
|-heal|p2a: Nidoqueen|97/100|[from] item: Black Sludge
|upkeep
|turn|27
|
|t:|1648929176
|move|p1a: Starmie|Scald|p2a: Nidoqueen
|-supereffective|p2a: Nidoqueen
|-damage|p2a: Nidoqueen|59/100
|-status|p2a: Nidoqueen|brn
|move|p2a: Nidoqueen|Stealth Rock|p1a: Starmie
|-sidestart|p1: PokemonCestDur|move: Stealth Rock
|
|-heal|p1a: Starmie|68/100|[from] item: Leftovers
|-heal|p2a: Nidoqueen|65/100 brn|[from] item: Black Sludge
|-damage|p2a: Nidoqueen|59/100 brn|[from] brn
|upkeep
|turn|28
|
|t:|1648929184
|move|p2a: Nidoqueen|Toxic|p1a: Starmie
|-status|p1a: Starmie|tox
|move|p1a: Starmie|Teleport|p1a: Starmie
|
|t:|1648929187
|-curestatus|p1a: Starmie|tox|[from] ability: Natural Cure
|switch|p1a: Flygon|Flygon, F|100/100|[from]move: Teleport
|-damage|p1a: Flygon|95/100|[from] Stealth Rock
|
|-heal|p2a: Nidoqueen|65/100 brn|[from] item: Black Sludge
|-damage|p2a: Nidoqueen|59/100 brn|[from] brn
|upkeep
|turn|29
|
|t:|1648929193
|move|p1a: Flygon|U-turn|p2a: Nidoqueen
|-resisted|p2a: Nidoqueen
|-damage|p2a: Nidoqueen|49/100 brn
|
|t:|1648929195
|switch|p1a: Starmie|Starmie|68/100|[from]move: U-turn
|-damage|p1a: Starmie|56/100|[from] Stealth Rock
|move|p2a: Nidoqueen|Ice Beam|p1a: Starmie
|-resisted|p1a: Starmie
|-crit|p1a: Starmie
|-damage|p1a: Starmie|37/100
|
|-heal|p1a: Starmie|43/100|[from] item: Leftovers
|-heal|p2a: Nidoqueen|55/100 brn|[from] item: Black Sludge
|-damage|p2a: Nidoqueen|49/100 brn|[from] brn
|upkeep
|turn|30
|
|t:|1648929200
|move|p1a: Starmie|Recover|p1a: Starmie
|-heal|p1a: Starmie|93/100
|move|p2a: Nidoqueen|Toxic|p1a: Starmie
|-status|p1a: Starmie|tox
|
|-heal|p1a: Starmie|99/100 tox|[from] item: Leftovers
|-heal|p2a: Nidoqueen|55/100 brn|[from] item: Black Sludge
|-damage|p1a: Starmie|93/100 tox|[from] psn
|-damage|p2a: Nidoqueen|49/100 brn|[from] brn
|upkeep
|turn|31
|
|t:|1648929209
|move|p1a: Starmie|Rapid Spin|p2a: Nidoqueen
|-damage|p2a: Nidoqueen|40/100 brn
|-boost|p1a: Starmie|spe|1
|-sideend|p1: PokemonCestDur|Stealth Rock|[from] move: Rapid Spin|[of] p1a: Starmie
|move|p2a: Nidoqueen|Earth Power|p1a: Starmie
|-damage|p1a: Starmie|54/100 tox
|
|-heal|p1a: Starmie|60/100 tox|[from] item: Leftovers
|-heal|p2a: Nidoqueen|46/100 brn|[from] item: Black Sludge
|-damage|p1a: Starmie|47/100 tox|[from] psn
|-damage|p2a: Nidoqueen|40/100 brn|[from] brn
|upkeep
|turn|32
|inactive|PokemonCestDur has 120 seconds left.
|inactive|PokemonCestDur has 90 seconds left.
|
|t:|1648929283
|move|p1a: Starmie|Scald|p2a: Nidoqueen
|-supereffective|p2a: Nidoqueen
|-damage|p2a: Nidoqueen|3/100 brn
|move|p2a: Nidoqueen|Stealth Rock|p1a: Starmie
|-sidestart|p1: PokemonCestDur|move: Stealth Rock
|
|-heal|p1a: Starmie|54/100 tox|[from] item: Leftovers
|-heal|p2a: Nidoqueen|9/100 brn|[from] item: Black Sludge
|-damage|p1a: Starmie|35/100 tox|[from] psn
|-damage|p2a: Nidoqueen|3/100 brn|[from] brn
|upkeep
|turn|33
|
|t:|1648929295
|move|p1a: Starmie|Rapid Spin|p2a: Nidoqueen
|-damage|p2a: Nidoqueen|0 fnt
|-boost|p1a: Starmie|spe|1
|-sideend|p1: PokemonCestDur|Stealth Rock|[from] move: Rapid Spin|[of] p1a: Starmie
|faint|p2a: Nidoqueen
|
|-heal|p1a: Starmie|41/100 tox|[from] item: Leftovers
|-damage|p1a: Starmie|17/100 tox|[from] psn
|upkeep
|
|t:|1648929299
|switch|p2a: Metagross|Metagross, shiny|100/100
|-damage|p2a: Metagross|94/100|[from] Stealth Rock
|turn|34
|inactive|PokemonCestDur has 90 seconds left.
|
|t:|1648929320
|move|p1a: Starmie|Scald|p2a: Metagross
|-damage|p2a: Metagross|74/100
|move|p2a: Metagross|Cosmic Power|p2a: Metagross
|-boost|p2a: Metagross|def|1
|-boost|p2a: Metagross|spd|1
|
|-heal|p1a: Starmie|23/100 tox|[from] item: Leftovers
|-heal|p2a: Metagross|80/100|[from] item: Leftovers
|-damage|p1a: Starmie|0 fnt|[from] psn
|faint|p1a: Starmie
|upkeep
|
|t:|1648929326
|switch|p1a: Flygon|Flygon, F|95/100
|turn|35
|
|t:|1648929332
|move|p1a: Flygon|Earthquake|p2a: Metagross
|-supereffective|p2a: Metagross
|-damage|p2a: Metagross|40/100
|move|p2a: Metagross|Cosmic Power|p2a: Metagross
|-boost|p2a: Metagross|def|1
|-boost|p2a: Metagross|spd|1
|
|-heal|p2a: Metagross|46/100|[from] item: Leftovers
|upkeep
|turn|36
|
|t:|1648929336
|move|p1a: Flygon|Earthquake|p2a: Metagross
|-supereffective|p2a: Metagross
|-damage|p2a: Metagross|18/100
|move|p2a: Metagross|Rest|p2a: Metagross
|-status|p2a: Metagross|slp|[from] move: Rest
|-heal|p2a: Metagross|100/100 slp|[silent]
|
|upkeep
|turn|37
|
|t:|1648929339
|move|p1a: Flygon|Earthquake|p2a: Metagross
|-supereffective|p2a: Metagross
|-damage|p2a: Metagross|68/100 slp
|cant|p2a: Metagross|slp
|
|-heal|p2a: Metagross|74/100 slp|[from] item: Leftovers
|upkeep
|turn|38
|
|t:|1648929342
|move|p1a: Flygon|Earthquake|p2a: Metagross
|-supereffective|p2a: Metagross
|-damage|p2a: Metagross|44/100 slp
|cant|p2a: Metagross|slp
|
|-heal|p2a: Metagross|50/100 slp|[from] item: Leftovers
|upkeep
|turn|39
|
|t:|1648929358
|move|p1a: Flygon|Earthquake|p2a: Metagross
|-supereffective|p2a: Metagross
|-damage|p2a: Metagross|19/100 slp
|-curestatus|p2a: Metagross|slp|[msg]
|move|p2a: Metagross|Cosmic Power|p2a: Metagross
|-boost|p2a: Metagross|def|1
|-boost|p2a: Metagross|spd|1
|
|-heal|p2a: Metagross|25/100|[from] item: Leftovers
|upkeep
|turn|40
|
|t:|1648929364
|switch|p1a: Obstagoon|Obstagoon, F|78/100 brn
|move|p2a: Metagross|Rest|p2a: Metagross
|-status|p2a: Metagross|slp|[from] move: Rest
|-heal|p2a: Metagross|100/100 slp|[silent]
|
|-heal|p1a: Obstagoon|84/100 brn|[from] item: Leftovers
|-damage|p1a: Obstagoon|78/100 brn|[from] brn
|upkeep
|turn|41
|
|t:|1648929367
|move|p1a: Obstagoon|Knock Off|p2a: Metagross
|-supereffective|p2a: Metagross
|-damage|p2a: Metagross|68/100 slp
|-enditem|p2a: Metagross|Leftovers|[from] move: Knock Off|[of] p1a: Obstagoon
|cant|p2a: Metagross|slp
|
|-heal|p1a: Obstagoon|84/100 brn|[from] item: Leftovers
|-damage|p1a: Obstagoon|78/100 brn|[from] brn
|upkeep
|turn|42
|
|t:|1648929376
|move|p1a: Obstagoon|Knock Off|p2a: Metagross
|-supereffective|p2a: Metagross
|-damage|p2a: Metagross|44/100 slp
|cant|p2a: Metagross|slp
|
|-heal|p1a: Obstagoon|84/100 brn|[from] item: Leftovers
|-damage|p1a: Obstagoon|78/100 brn|[from] brn
|upkeep
|turn|43
|
|t:|1648929385
|switch|p1a: Flygon|Flygon, F|95/100
|-curestatus|p2a: Metagross|slp|[msg]
|move|p2a: Metagross|Body Press|p1a: Flygon
|-damage|p1a: Flygon|13/100
|
|upkeep
|turn|44
|
|t:|1648929394
|move|p1a: Flygon|Earthquake|p2a: Metagross
|-supereffective|p2a: Metagross
|-damage|p2a: Metagross|19/100
|move|p2a: Metagross|Rest|p2a: Metagross
|-status|p2a: Metagross|slp|[from] move: Rest
|-heal|p2a: Metagross|100/100 slp|[silent]
|
|upkeep
|turn|45
|
|t:|1648929397
|move|p1a: Flygon|Earthquake|p2a: Metagross
|-supereffective|p2a: Metagross
|-damage|p2a: Metagross|76/100 slp
|cant|p2a: Metagross|slp
|
|upkeep
|turn|46
|
|t:|1648929400
|move|p1a: Flygon|Earthquake|p2a: Metagross
|-supereffective|p2a: Metagross
|-damage|p2a: Metagross|54/100 slp
|cant|p2a: Metagross|slp
|
|upkeep
|turn|47
|
|t:|1648929410
|move|p1a: Flygon|Earthquake|p2a: Metagross
|-supereffective|p2a: Metagross
|-damage|p2a: Metagross|32/100 slp
|-curestatus|p2a: Metagross|slp|[msg]
|move|p2a: Metagross|Body Press|p1a: Flygon
|-damage|p1a: Flygon|0 fnt
|faint|p1a: Flygon
|
|upkeep
|
|t:|1648929417
|switch|p1a: Obstagoon|Obstagoon, F|78/100 brn
|turn|48
|
|t:|1648929420
|move|p1a: Obstagoon|Knock Off|p2a: Metagross
|-supereffective|p2a: Metagross
|-damage|p2a: Metagross|11/100
|move|p2a: Metagross|Body Press|p1a: Obstagoon
|-supereffective|p1a: Obstagoon
|-damage|p1a: Obstagoon|0 fnt
|faint|p1a: Obstagoon
|
|upkeep
|
|t:|1648929423
|switch|p1a: Registeel|Registeel|100/100
|turn|49
|
|t:|1648929429
|move|p1a: Registeel|Body Press|p2a: Metagross
|-damage|p2a: Metagross|5/100
|move|p2a: Metagross|Rest|p2a: Metagross
|-status|p2a: Metagross|slp|[from] move: Rest
|-heal|p2a: Metagross|100/100 slp|[silent]
|
|upkeep
|turn|50
|
|t:|1648929434
|switch|p1a: Diancie|Diancie|92/100
|cant|p2a: Metagross|slp
|
|-heal|p1a: Diancie|98/100|[from] item: Leftovers
|upkeep
|turn|51
|
|t:|1648929436
|cant|p2a: Metagross|slp
|move|p1a: Diancie|Diamond Storm|p2a: Metagross
|-resisted|p2a: Metagross
|-damage|p2a: Metagross|96/100 slp
|-boost|p1a: Diancie|def|2
|
|-heal|p1a: Diancie|100/100|[from] item: Leftovers
|upkeep
|turn|52
|c| Vitoran ♂|the dumbest set lmao
|
|t:|1648929441
|-curestatus|p2a: Metagross|slp|[msg]
|move|p2a: Metagross|Meteor Mash|p1a: Diancie|[miss]
|-miss|p2a: Metagross|p1a: Diancie
|move|p1a: Diancie|Diamond Storm|p2a: Metagross
|-resisted|p2a: Metagross
|-crit|p2a: Metagross
|-damage|p2a: Metagross|77/100
|-boost|p1a: Diancie|def|2
|
|upkeep
|turn|53
|
|t:|1648929445
|move|p2a: Metagross|Meteor Mash|p1a: Diancie
|-supereffective|p1a: Diancie
|-damage|p1a: Diancie|68/100
|move|p1a: Diancie|Diamond Storm|p2a: Metagross
|-resisted|p2a: Metagross
|-damage|p2a: Metagross|72/100
|-boost|p1a: Diancie|def|2
|
|-heal|p1a: Diancie|74/100|[from] item: Leftovers
|upkeep
|turn|54
|
|t:|1648929450
|move|p2a: Metagross|Cosmic Power|p2a: Metagross
|-boost|p2a: Metagross|def|1
|-boost|p2a: Metagross|spd|1
|move|p1a: Diancie|Body Press|p2a: Metagross
|-damage|p2a: Metagross|43/100
|
|-heal|p1a: Diancie|80/100|[from] item: Leftovers
|upkeep
|turn|55
|
|t:|1648929453
|move|p2a: Metagross|Cosmic Power|p2a: Metagross
|-boost|p2a: Metagross|def|1
|-boost|p2a: Metagross|spd|1
|move|p1a: Diancie|Body Press|p2a: Metagross
|-damage|p2a: Metagross|19/100
|
|-heal|p1a: Diancie|86/100|[from] item: Leftovers
|upkeep
|turn|56
|
|t:|1648929457
|move|p2a: Metagross|Rest|p2a: Metagross
|-status|p2a: Metagross|slp|[from] move: Rest
|-heal|p2a: Metagross|100/100 slp|[silent]
|move|p1a: Diancie|Body Press|p2a: Metagross
|-damage|p2a: Metagross|76/100 slp
|
|-heal|p1a: Diancie|93/100|[from] item: Leftovers
|upkeep
|turn|57
|
|t:|1648929459
|cant|p2a: Metagross|slp
|move|p1a: Diancie|Body Press|p2a: Metagross
|-damage|p2a: Metagross|50/100 slp
|
|-heal|p1a: Diancie|99/100|[from] item: Leftovers
|upkeep
|turn|58
|
|t:|1648929463
|cant|p2a: Metagross|slp
|move|p1a: Diancie|Body Press|p2a: Metagross
|-damage|p2a: Metagross|24/100 slp
|
|-heal|p1a: Diancie|100/100|[from] item: Leftovers
|upkeep
|turn|59
|
|t:|1648929466
|-curestatus|p2a: Metagross|slp|[msg]
|move|p2a: Metagross|Meteor Mash|p1a: Diancie
|-supereffective|p1a: Diancie
|-crit|p1a: Diancie
|-damage|p1a: Diancie|0 fnt
|faint|p1a: Diancie
|
|upkeep
|
|t:|1648929472
|switch|p1a: Registeel|Registeel|100/100
|turn|60
|c|☆Haazel Thorn|lmao
|
|t:|1648929475
|move|p1a: Registeel|Body Press|p2a: Metagross
|-damage|p2a: Metagross|18/100
|move|p2a: Metagross|Body Press|p1a: Registeel
|-supereffective|p1a: Registeel
|-damage|p1a: Registeel|0 fnt
|faint|p1a: Registeel
|
|win|Haazel Thorn
|n|☆PokemonCestDur|pokemoncestdur
|n|☆Haazel Thorn|haazelthorn
|n|*Lady Monita ✿|ladymonita
|n| Vitoran ♂|vitoran
|n|+Frixel|frixel
|n| MonsMustGoOn|monsmustgoon
|n| GreninjaYDavid45|greninjaydavid45
|l|*Lady Monita ✿
|c| Vitoran ♂|f
|c|☆PokemonCestDur|gg
|l|☆Haazel Thorn
|l| Vitoran ♂
|l|☆PokemonCestDur
