|j|☆Silvally-Gold
|j|☆GW
|t:|1597521049
|player|p1|Silvally-Gold|teacher-gen2|
|player|p2|GW|169|
|teamsize|p1|6
|teamsize|p2|6
|gametype|singles
|gen|8
|tier|[Gen 8] RU
|clearpoke
|poke|p1|Lycanroc, M|
|poke|p1|Gigalith, M|
|poke|p1|Slowbro-Galar, M|
|poke|p1|Klefki, F|
|poke|p1|Rotom-Mow|
|poke|p1|Salazzle, F|
|poke|p2|Dragalge, F|
|poke|p2|Scrafty, M|
|poke|p2|Xatu, M|
|poke|p2|Copperajah, F|
|poke|p2|Passimian, F|
|poke|p2|Gardevoir, F|
|rule|Sleep Clause Mod: Limit one foe put to sleep
|rule|Species Clause: Limit one of each Pokémon
|rule|OHKO Clause: OHKO moves are banned
|rule|Evasion Moves Clause: Evasion moves are banned
|rule|Endless Battle Clause: Forcing endless battles is banned
|rule|HP Percentage Mod: HP is shown in percentages
|rule|Dynamax Clause: You cannot dynamax
|teampreview
|c|☆Silvally-Gold|hf
|c|☆GW|u2
|
|t:|1597521084
|start
|switch|p1a: Rotom|Rotom-Mow|100/100
|switch|p2a: Scrafty|Scrafty, M|100/100
|turn|1
|j| Mac3 ✝
|
|t:|1597521100
|move|p1a: Rotom|Volt Switch|p2a: Scrafty
|-damage|p2a: Scrafty|72/100
|l| Mac3 ✝
|j| Mac3 ✝
|
|t:|1597521103
|switch|p1a: Klefki|Klefki, F|100/100|[from]move: Volt Switch
|move|p2a: Scrafty|Knock Off|p1a: Klefki
|-resisted|p1a: Klefki
|-damage|p1a: Klefki|76/100
|-enditem|p1a: Klefki|Leftovers|[from] move: Knock Off|[of] p2a: Scrafty
|
|upkeep
|turn|2
|j| rult2at tacoman
|j| Fairy Type Absol
|j| oh god oh fuck no
|j| the pharoah
|j| juuno ✿
|j|+Nat
|n|+Nat|nat
|j| sorrowsorrowsorrow
|n| best interest|nat
|
|t:|1597521183
|switch|p2a: Copperajah|Copperajah, F|100/100
|switch|p1a: Lycanroc|Lycanroc, M, shiny|100/100
|
|upkeep
|turn|3
|j| kamisama_no49
|
|t:|1597521192
|switch|p1a: Slowbro|Slowbro-Galar, M|100/100
|move|p2a: Copperajah|Heavy Slam|p1a: Slowbro
|-damage|p1a: Slowbro|56/100
|
|upkeep
|turn|4
|
|t:|1597521201
|move|p2a: Copperajah|Stealth Rock|p1a: Slowbro
|-sidestart|p1: Silvally-Gold|move: Stealth Rock
|move|p1a: Slowbro|Slack Off|p1a: Slowbro
|-heal|p1a: Slowbro|100/100
|
|upkeep
|turn|5
|l| the pharoah
|
|t:|1597521246
|move|p2a: Copperajah|Heavy Slam|p1a: Slowbro
|-crit|p1a: Slowbro
|-damage|p1a: Slowbro|29/100
|move|p1a: Slowbro|Scald|p2a: Copperajah
|-damage|p2a: Copperajah|81/100
|
|upkeep
|turn|6
|c|☆GW|mb
|
|t:|1597521261
|switch|p1a: Rotom|Rotom-Mow|100/100
|-damage|p1a: Rotom|88/100|[from] Stealth Rock
|move|p2a: Copperajah|Heat Crash|p1a: Rotom
|-supereffective|p1a: Rotom
|-damage|p1a: Rotom|0 fnt
|faint|p1a: Rotom
|
|upkeep
|
|t:|1597521271
|switch|p1a: Salazzle|Salazzle, F|100/100
|turn|7
|
|t:|1597521277
|switch|p2a: Dragalge|Dragalge, F|100/100
|move|p1a: Salazzle|Knock Off|p2a: Dragalge
|-damage|p2a: Dragalge|82/100
|-enditem|p2a: Dragalge|Black Sludge|[from] move: Knock Off|[of] p1a: Salazzle
|
|upkeep
|turn|8
|
|t:|1597521298
|switch|p1a: Klefki|Klefki, F|76/100
|-damage|p1a: Klefki|70/100|[from] Stealth Rock
|move|p2a: Dragalge|Flip Turn|p1a: Klefki
|-damage|p1a: Klefki|59/100
|
|t:|1597521313
|switch|p2a: Copperajah|Copperajah, F|81/100|[from]move: Flip Turn
|
|upkeep
|turn|9
|
|t:|1597521323
|switch|p1a: Salazzle|Salazzle, F|100/100
|move|p2a: Copperajah|Heavy Slam|p1a: Salazzle
|-resisted|p1a: Salazzle
|-damage|p1a: Salazzle|32/100
|
|upkeep
|turn|10
|
|t:|1597521333
|switch|p2a: Dragalge|Dragalge, F|82/100
|move|p1a: Salazzle|Toxic|p2a: Dragalge
|-status|p2a: Dragalge|tox
|
|-damage|p2a: Dragalge|76/100 tox|[from] psn
|upkeep
|turn|11
|
|t:|1597521340
|switch|p1a: Slowbro|Slowbro-Galar, M|62/100
|-damage|p1a: Slowbro|50/100|[from] Stealth Rock
|move|p2a: Dragalge|Flip Turn|p1a: Slowbro
|-damage|p1a: Slowbro|43/100
|
|t:|1597521348
|switch|p2a: Copperajah|Copperajah, F|81/100|[from]move: Flip Turn
|
|upkeep
|turn|12
|
|t:|1597521356
|switch|p1a: Klefki|Klefki, F|59/100
|-damage|p1a: Klefki|53/100|[from] Stealth Rock
|move|p2a: Copperajah|Heavy Slam|p1a: Klefki
|-damage|p1a: Klefki|0 fnt
|faint|p1a: Klefki
|
|upkeep
|
|t:|1597521360
|switch|p1a: Salazzle|Salazzle, F|32/100
|turn|13
|l| best interest
|
|t:|1597521387
|switch|p1a: Lycanroc|Lycanroc, M, shiny|100/100
|-damage|p1a: Lycanroc|88/100|[from] Stealth Rock
|switch|p2a: Xatu|Xatu, M|100/100
|
|upkeep
|turn|14
|
|t:|1597521395
|move|p1a: Lycanroc|Stone Edge|p2a: Xatu
|-supereffective|p2a: Xatu
|-damage|p2a: Xatu|0 fnt
|-damage|p1a: Lycanroc|78/100|[from] item: Life Orb
|faint|p2a: Xatu
|
|upkeep
|
|t:|1597521410
|switch|p2a: Copperajah|Copperajah, F|81/100
|turn|15
|l| Mac3 ✝
|n| Sensei Axew|fairytypeabsol
|j| Expulso
|j| Mac3 ✝
|j| use strong moves
|
|t:|1597521643
|switch|p1a: Slowbro|Slowbro-Galar, M|76/100
|-damage|p1a: Slowbro|64/100|[from] Stealth Rock
|move|p2a: Copperajah|Heavy Slam|p1a: Slowbro
|-damage|p1a: Slowbro|23/100
|
|upkeep
|turn|16
|
|t:|1597521650
|move|p2a: Copperajah|Heavy Slam|p1a: Slowbro
|-damage|p1a: Slowbro|0 fnt
|faint|p1a: Slowbro
|
|upkeep
|
|t:|1597521653
|switch|p1a: Salazzle|Salazzle, F|32/100
|turn|17
|
|t:|1597521659
|switch|p1a: Gigalith|Gigalith, M|100/100
|-damage|p1a: Gigalith|88/100|[from] Stealth Rock
|-weather|Sandstorm|[from] ability: Sand Stream|[of] p1a: Gigalith
|switch|p2a: Dragalge|Dragalge, F|76/100 tox
|
|-weather|Sandstorm|[upkeep]
|-damage|p2a: Dragalge|70/100 tox|[from] Sandstorm
|-damage|p2a: Dragalge|64/100 tox|[from] psn
|upkeep
|turn|18
|
|t:|1597521666
|move|p2a: Dragalge|Flip Turn|p1a: Gigalith
|-supereffective|p1a: Gigalith
|-damage|p1a: Gigalith|73/100
|
|t:|1597521674
|switch|p2a: Scrafty|Scrafty, M|72/100|[from]move: Flip Turn
|move|p1a: Gigalith|Stealth Rock|p2a: Scrafty
|-sidestart|p2: GW|move: Stealth Rock
|
|-weather|Sandstorm|[upkeep]
|-damage|p2a: Scrafty|67/100|[from] Sandstorm
|upkeep
|turn|19
|c| kamisama_no49|up
|
|t:|1597521680
|switch|p1a: Salazzle|Salazzle, F|32/100
|move|p2a: Scrafty|Close Combat|p1a: Salazzle
|-resisted|p1a: Salazzle
|-damage|p1a: Salazzle|0 fnt
|-unboost|p2a: Scrafty|def|1
|-unboost|p2a: Scrafty|spd|1
|faint|p1a: Salazzle
|-ability|p2a: Scrafty|Moxie|boost
|-boost|p2a: Scrafty|atk|1
|
|-weather|Sandstorm|[upkeep]
|-damage|p2a: Scrafty|61/100|[from] Sandstorm
|upkeep
|
|t:|1597521686
|switch|p1a: Lycanroc|Lycanroc, M, shiny|78/100
|-damage|p1a: Lycanroc|66/100|[from] Stealth Rock
|turn|20
|
|t:|1597521690
|move|p1a: Lycanroc|Close Combat|p2a: Scrafty
|-supereffective|p2a: Scrafty
|-damage|p2a: Scrafty|0 fnt
|-unboost|p1a: Lycanroc|def|1
|-unboost|p1a: Lycanroc|spd|1
|-damage|p1a: Lycanroc|56/100|[from] item: Life Orb
|faint|p2a: Scrafty
|
|-weather|Sandstorm|[upkeep]
|upkeep
|
|t:|1597521695
|switch|p2a: Copperajah|Copperajah, F|81/100
|-damage|p2a: Copperajah|75/100|[from] Stealth Rock
|turn|21
|
|t:|1597521701
|move|p1a: Lycanroc|Close Combat|p2a: Copperajah
|-supereffective|p2a: Copperajah
|-enditem|p2a: Copperajah|Chople Berry|[eat]
|-enditem|p2a: Copperajah|Chople Berry|[weaken]
|-damage|p2a: Copperajah|15/100
|-unboost|p1a: Lycanroc|def|1
|-unboost|p1a: Lycanroc|spd|1
|-damage|p1a: Lycanroc|46/100|[from] item: Life Orb
|move|p2a: Copperajah|Heavy Slam|p1a: Lycanroc
|-supereffective|p1a: Lycanroc
|-damage|p1a: Lycanroc|0 fnt
|faint|p1a: Lycanroc
|
|-weather|Sandstorm|[upkeep]
|upkeep
|c|☆GW|ggs
|j| daunt vs
|j| the pharoah
|-message|Silvally-Gold forfeited.
|
|win|GW
|c|☆Silvally-Gold|ggs
|l| oh god oh fuck no
|l| kamisama_no49
|l| rult2at tacoman
|l| daunt vs
|l| Expulso
|l| Sensei Axew
|j| Wail Wailord
|j| best interest
|l| use strong moves
|l| best interest
|j| odr
|l| Wail Wailord
|l| the pharoah
|l| juuno ✿
|j| abejas
|l| sorrowsorrowsorrow
