|j|☆Psatal
|j|☆solitary dream
|player|p1|Psatal|lucian|1521
|player|p2|solitary dream|pokekid|1491
|teamsize|p1|6
|teamsize|p2|6
|gametype|singles
|gen|8
|tier|[Gen 8] RU
|rated|
|clearpoke
|poke|p1|Bewear, F|
|poke|p1|Copperajah, F|
|poke|p1|Galvantula, M|
|poke|p1|Jellicent, M|
|poke|p1|Silvally-*|
|poke|p1|Charizard, F|
|poke|p2|Gallade, M|
|poke|p2|Vanilluxe, M|
|poke|p2|Vikavolt, M|
|poke|p2|Coalossal, M|
|poke|p2|Steelix, F|
|poke|p2|Silvally-*|
|rule|Sleep Clause Mod: Limit one foe put to sleep
|rule|Species Clause: Limit one of each Pokémon
|rule|OHKO Clause: OHKO moves are banned
|rule|Evasion Moves Clause: Evasion moves are banned
|rule|Endless Battle Clause: Forcing endless battles is banned
|rule|HP Percentage Mod: HP is shown in percentages
|rule|Dynamax Clause: You cannot dynamax
|teampreview
|inactive|Battle timer is ON: inactive players will automatically lose when time's up. (requested by solitary dream)
|
|start
|switch|p1a: Charizard|Charizard, F|100/100
|switch|p2a: Coalossal|Coalossal, M|100/100
|turn|1
|
|switch|p1a: Silvally|Silvally-Ground|100/100
|move|p2a: Coalossal|Spikes|p1a: Silvally
|-sidestart|p1: Psatal|Spikes
|
|upkeep
|turn|2
|
|switch|p2a: Vikavolt|Vikavolt, M|100/100
|move|p1a: Silvally|Swords Dance|p1a: Silvally
|-boost|p1a: Silvally|atk|2
|
|upkeep
|turn|3
|
|move|p1a: Silvally|Rock Slide|p2a: Vikavolt
|-supereffective|p2a: Vikavolt
|-damage|p2a: Vikavolt|35/100
|cant|p2a: Vikavolt|flinch
|
|upkeep
|turn|4
|
|switch|p2a: Silvally|Silvally-Fairy|100/100
|move|p1a: Silvally|Flame Charge|p2a: Silvally
|-damage|p2a: Silvally|82/100
|-boost|p1a: Silvally|spe|1
|
|upkeep
|turn|5
|
|move|p1a: Silvally|Multi-Attack|p2a: Silvally
|-damage|p2a: Silvally|17/100
|move|p2a: Silvally|Multi-Attack|p1a: Silvally
|-damage|p1a: Silvally|61/100
|
|upkeep
|turn|6
|
|move|p1a: Silvally|Multi-Attack|p2a: Silvally
|-damage|p2a: Silvally|0 fnt
|faint|p2a: Silvally
|
|upkeep
|
|switch|p2a: Gallade|Gallade, M|100/100
|turn|7
|
|move|p1a: Silvally|Multi-Attack|p2a: Gallade
|-damage|p2a: Gallade|0 fnt
|faint|p2a: Gallade
|
|upkeep
|
|switch|p2a: Vanilluxe|Vanilluxe, M|100/100
|-weather|Hail|[from] ability: Snow Warning|[of] p2a: Vanilluxe
|turn|8
|
|move|p2a: Vanilluxe|Ice Shard|p1a: Silvally
|-supereffective|p1a: Silvally
|-damage|p1a: Silvally|34/100
|move|p1a: Silvally|Multi-Attack|p2a: Vanilluxe
|-damage|p2a: Vanilluxe|0 fnt
|faint|p2a: Vanilluxe
|
|-weather|Hail|[upkeep]
|-damage|p1a: Silvally|28/100|[from] Hail
|upkeep
|-message|solitary dream forfeited.
|
|win|Psatal
