|j|☆RULT2at Aqua
|j|☆quimbs_X
|inactive|Battle timer is ON: inactive players will automatically lose when time's up.
|t:|1597433755
|player|p1|RULT2at Aqua|archer|
|player|p2|quimbs_X|harlequin|
|teamsize|p1|6
|teamsize|p2|6
|gametype|singles
|gen|8
|tier|[Gen 8] RU
|rated|Tournament battle
|clearpoke
|poke|p1|Steelix, F|
|poke|p1|Slowbro-Galar, M|
|poke|p1|Quagsire, F|
|poke|p1|Eldegoss, F|
|poke|p1|Mantine, F|
|poke|p1|Umbreon, M|
|poke|p2|Golurk|
|poke|p2|Klefki, F|
|poke|p2|Araquanid, F|
|poke|p2|Passimian, F|
|poke|p2|Umbreon, F|
|poke|p2|Rotom-Mow|
|rule|Sleep Clause Mod: Limit one foe put to sleep
|rule|Species Clause: Limit one of each Pokémon
|rule|OHKO Clause: OHKO moves are banned
|rule|Evasion Moves Clause: Evasion moves are banned
|rule|Endless Battle Clause: Forcing endless battles is banned
|rule|HP Percentage Mod: HP is shown in percentages
|rule|Dynamax Clause: You cannot dynamax
|teampreview
|c|☆RULT2at Aqua|gl hf
|c|☆quimbs_X|you too
|inactive|quimbs_X has 120 seconds left.
|
|t:|1597433787
|start
|switch|p1a: Steelix|Steelix, F|100/100
|switch|p2a: Rotom|Rotom-Mow|100/100
|turn|1
|
|t:|1597433805
|switch|p1a: Slowbro|Slowbro-Galar, M|100/100
|move|p2a: Rotom|Nasty Plot|p2a: Rotom
|-boost|p2a: Rotom|spa|2
|
|upkeep
|turn|2
|
|t:|1597433813
|move|p2a: Rotom|Volt Switch|p1a: Slowbro
|-damage|p1a: Slowbro|24/100
|c|☆RULT2at Aqua|oh no
|
|t:|1597433821
|switch|p2a: Golurk|Golurk|100/100|[from]move: Volt Switch
|move|p1a: Slowbro|Sludge Bomb|p2a: Golurk
|-resisted|p2a: Golurk
|-damage|p2a: Golurk|91/100
|-status|p2a: Golurk|psn
|
|-heal|p1a: Slowbro|30/100|[from] item: Black Sludge
|-damage|p2a: Golurk|79/100 psn|[from] psn
|upkeep
|turn|3
|
|t:|1597433830
|switch|p1a: Eldegoss|Eldegoss, F|100/100
|move|p2a: Golurk|Dynamic Punch|p1a: Eldegoss
|-damage|p1a: Eldegoss|52/100
|-start|p1a: Eldegoss|confusion
|
|-heal|p1a: Eldegoss|58/100|[from] item: Leftovers
|-damage|p2a: Golurk|66/100 psn|[from] psn
|upkeep
|turn|4
|
|t:|1597433839
|switch|p2a: Umbreon|Umbreon, F|100/100
|switch|p1a: Quagsire|Quagsire, F|100/100
|
|upkeep
|turn|5
|
|t:|1597433843
|switch|p1a: Umbreon|Umbreon, M|100/100
|move|p2a: Umbreon|Wish|p2a: Umbreon
|
|upkeep
|turn|6
|
|t:|1597433849
|move|p1a: Umbreon|Foul Play|p2a: Umbreon
|-resisted|p2a: Umbreon
|-damage|p2a: Umbreon|93/100
|move|p2a: Umbreon|Heal Bell|p2a: Umbreon
|-activate|p2a: Umbreon|move: Heal Bell
|-curestatus|p2: Golurk|psn|[msg]
|
|-heal|p2a: Umbreon|100/100|[from] move: Wish|[wisher] Umbreon
|upkeep
|turn|7
|
|t:|1597433855
|move|p1a: Umbreon|Wish|p1a: Umbreon
|move|p2a: Umbreon|Wish|p2a: Umbreon
|
|upkeep
|turn|8
|
|t:|1597433857
|switch|p2a: Rotom|Rotom-Mow|100/100
|move|p1a: Umbreon|Foul Play|p2a: Rotom
|-damage|p2a: Rotom|79/100
|
|-heal|p2a: Rotom|100/100|[from] move: Wish|[wisher] Umbreon
|upkeep
|turn|9
|
|t:|1597433864
|switch|p1a: Steelix|Steelix, F|100/100
|move|p2a: Rotom|Nasty Plot|p2a: Rotom
|-boost|p2a: Rotom|spa|2
|
|upkeep
|turn|10
|
|t:|1597433869
|move|p2a: Rotom|Leaf Storm|p1a: Steelix
|-damage|p1a: Steelix|1/100
|-unboost|p2a: Rotom|spa|2
|move|p1a: Steelix|Toxic|p2a: Rotom
|-status|p2a: Rotom|tox
|
|-heal|p1a: Steelix|8/100|[from] item: Leftovers
|-damage|p2a: Rotom|94/100 tox|[from] psn
|upkeep
|turn|11
|c|☆RULT2at Aqua|nooo
|c|☆RULT2at Aqua|[Invalid choice] There's nothing to cancel
|
|t:|1597433885
|switch|p1a: Eldegoss|Eldegoss, F|92/100
|move|p2a: Rotom|Leaf Storm|p1a: Eldegoss
|-resisted|p1a: Eldegoss
|-damage|p1a: Eldegoss|70/100
|-unboost|p2a: Rotom|spa|2
|
|-heal|p2a: Rotom|100/100 tox|[from] item: Leftovers
|-heal|p1a: Eldegoss|76/100|[from] item: Leftovers
|-damage|p2a: Rotom|88/100 tox|[from] psn
|upkeep
|turn|12
|
|t:|1597433889
|switch|p1a: Steelix|Steelix, F|8/100
|move|p2a: Rotom|Volt Switch|p1a: Steelix
|-immune|p1a: Steelix
|
|-heal|p2a: Rotom|94/100 tox|[from] item: Leftovers
|-heal|p1a: Steelix|14/100|[from] item: Leftovers
|-damage|p2a: Rotom|76/100 tox|[from] psn
|upkeep
|turn|13
|
|t:|1597433896
|switch|p2a: Umbreon|Umbreon, F|100/100
|switch|p1a: Eldegoss|Eldegoss, F|100/100
|
|upkeep
|turn|14
|
|t:|1597433905
|switch|p1a: Umbreon|Umbreon, M|100/100
|move|p2a: Umbreon|Heal Bell|p2a: Umbreon
|-activate|p2a: Umbreon|move: Heal Bell
|-curestatus|p2: Rotom|tox|[msg]
|
|upkeep
|turn|15
|
|t:|1597433910
|switch|p2a: Rotom|Rotom-Mow|76/100
|move|p1a: Umbreon|Wish|p1a: Umbreon
|
|-heal|p2a: Rotom|82/100|[from] item: Leftovers
|upkeep
|turn|16
|
|t:|1597433918
|switch|p1a: Eldegoss|Eldegoss, F|100/100
|move|p2a: Rotom|Nasty Plot|p2a: Rotom
|-boost|p2a: Rotom|spa|2
|
|-heal|p2a: Rotom|88/100|[from] item: Leftovers
|upkeep
|turn|17
|j| Hero Signal
|
|t:|1597433922
|move|p2a: Rotom|Nasty Plot|p2a: Rotom
|-boost|p2a: Rotom|spa|2
|move|p1a: Eldegoss|Pollen Puff|p2a: Rotom
|-supereffective|p2a: Rotom
|-damage|p2a: Rotom|43/100
|
|-heal|p2a: Rotom|49/100|[from] item: Leftovers
|upkeep
|turn|18
|
|t:|1597433928
|move|p2a: Rotom|Volt Switch|p1a: Eldegoss
|-resisted|p1a: Eldegoss
|-damage|p1a: Eldegoss|64/100
|
|t:|1597433936
|switch|p2a: Klefki|Klefki, F|100/100|[from]move: Volt Switch
|move|p1a: Eldegoss|Pollen Puff|p2a: Klefki
|-resisted|p2a: Klefki
|-damage|p2a: Klefki|95/100
|
|-heal|p2a: Klefki|100/100|[from] item: Leftovers
|-heal|p1a: Eldegoss|70/100|[from] item: Leftovers
|upkeep
|turn|19
|
|t:|1597433941
|switch|p1a: Steelix|Steelix, F|14/100
|move|p2a: Klefki|Spikes|p1a: Steelix
|-sidestart|p1: RULT2at Aqua|Spikes
|
|-heal|p1a: Steelix|20/100|[from] item: Leftovers
|upkeep
|turn|20
|
|t:|1597433944
|move|p2a: Klefki|Foul Play|p1a: Steelix
|-damage|p1a: Steelix|10/100
|move|p1a: Steelix|Stealth Rock|p2a: Klefki
|-sidestart|p2: quimbs_X|move: Stealth Rock
|
|-heal|p1a: Steelix|16/100|[from] item: Leftovers
|upkeep
|turn|21
|
|t:|1597433949
|switch|p2a: Rotom|Rotom-Mow|49/100
|-damage|p2a: Rotom|37/100|[from] Stealth Rock
|move|p1a: Steelix|Body Press|p2a: Rotom
|-damage|p2a: Rotom|0 fnt
|faint|p2a: Rotom
|
|-heal|p1a: Steelix|22/100|[from] item: Leftovers
|upkeep
|c|☆quimbs_X|no
|
|t:|1597433956
|switch|p2a: Passimian|Passimian, F|100/100
|-damage|p2a: Passimian|94/100|[from] Stealth Rock
|turn|22
|c|☆RULT2at Aqua|:))))
|c|☆RULT2at Aqua|lol
|
|t:|1597433962
|switch|p1a: Quagsire|Quagsire, F|100/100
|-damage|p1a: Quagsire|88/100|[from] Spikes
|move|p2a: Passimian|U-turn|p1a: Quagsire
|-damage|p1a: Quagsire|73/100
|
|t:|1597433969
|switch|p2a: Araquanid|Araquanid, F|100/100|[from]move: U-turn
|
|-heal|p1a: Quagsire|79/100|[from] item: Leftovers
|upkeep
|turn|23
|
|t:|1597433975
|move|p2a: Araquanid|Toxic|p1a: Quagsire|[miss]
|-miss|p2a: Araquanid|p1a: Quagsire
|move|p1a: Quagsire|Toxic|p2a: Araquanid
|-status|p2a: Araquanid|tox
|
|-heal|p1a: Quagsire|85/100|[from] item: Leftovers
|-damage|p2a: Araquanid|94/100 tox|[from] psn
|upkeep
|turn|24
|c|☆RULT2at Aqua|oh thank the gods
|
|t:|1597433985
|switch|p1a: Mantine|Mantine, F|100/100
|move|p2a: Araquanid|Toxic|p1a: Mantine
|-status|p1a: Mantine|tox
|
|-damage|p1a: Mantine|94/100 tox|[from] psn
|-damage|p2a: Araquanid|82/100 tox|[from] psn
|upkeep
|turn|25
|
|t:|1597433990
|switch|p2a: Golurk|Golurk|66/100
|-damage|p2a: Golurk|60/100|[from] Stealth Rock
|move|p1a: Mantine|Defog|p2a: Golurk
|-unboost|p2a: Golurk|evasion|1
|-sideend|p2: quimbs_X|Stealth Rock|[from] move: Defog|[of] p1a: Mantine
|-sideend|p1: RULT2at Aqua|Spikes|[from] move: Defog|[of] p1a: Mantine
|
|-damage|p1a: Mantine|82/100 tox|[from] psn
|upkeep
|turn|26
|c|☆RULT2at Aqua|huh
|c|☆RULT2at Aqua|?
|
|t:|1597433998
|switch|p1a: Umbreon|Umbreon, M|100/100
|move|p2a: Golurk|Poltergeist|p1a: Umbreon
|-activate|p1a: Umbreon|move: Poltergeist|Leftovers
|-resisted|p1a: Umbreon
|-crit|p1a: Umbreon
|-damage|p1a: Umbreon|45/100
|
|-heal|p1a: Umbreon|51/100|[from] item: Leftovers
|upkeep
|turn|27
|c|☆quimbs_X|what
|
|t:|1597434015
|switch|p2a: Passimian|Passimian, F|94/100
|move|p1a: Umbreon|Protect||[still]
|-fail|p1a: Umbreon
|
|-heal|p1a: Umbreon|57/100|[from] item: Leftovers
|upkeep
|turn|28
|c|☆RULT2at Aqua|why switch a golurk into a mantine
|c|☆RULT2at Aqua|that made no sense
|c|☆quimbs_X|thinking turns ahead
|
|t:|1597434031
|move|p1a: Umbreon|Protect|p1a: Umbreon
|-singleturn|p1a: Umbreon|Protect
|move|p2a: Passimian|Close Combat|p1a: Umbreon
|-activate|p1a: Umbreon|move: Protect
|
|-heal|p1a: Umbreon|63/100|[from] item: Leftovers
|upkeep
|turn|29
|c|☆quimbs_X|i knew you were gonna defog
|c|☆RULT2at Aqua|HAAa nice
|
|t:|1597434039
|switch|p2a: Golurk|Golurk|60/100
|switch|p1a: Slowbro|Slowbro-Galar, M|64/100
|
|-heal|p1a: Slowbro|70/100|[from] item: Black Sludge
|upkeep
|turn|30
|
|t:|1597434046
|switch|p1a: Eldegoss|Eldegoss, F|100/100
|move|p2a: Golurk|Dynamic Punch|p1a: Eldegoss
|-damage|p1a: Eldegoss|52/100
|-start|p1a: Eldegoss|confusion
|
|-heal|p1a: Eldegoss|58/100|[from] item: Leftovers
|upkeep
|turn|31
|j| LegendarySerperior
|
|t:|1597434053
|move|p2a: Golurk|Dynamic Punch|p1a: Eldegoss
|-damage|p1a: Eldegoss|5/100
|-activate|p1a: Eldegoss|confusion
|move|p1a: Eldegoss|Giga Drain|p2a: Golurk
|-supereffective|p2a: Golurk
|-damage|p2a: Golurk|6/100
|-heal|p1a: Eldegoss|32/100|[from] drain|[of] p2a: Golurk
|
|-heal|p1a: Eldegoss|38/100|[from] item: Leftovers
|upkeep
|turn|32
|c|☆RULT2at Aqua|oh god
|
|t:|1597434061
|switch|p1a: Slowbro|Slowbro-Galar, M|100/100
|move|p2a: Golurk|Dynamic Punch|p1a: Slowbro
|-resisted|p1a: Slowbro
|-damage|p1a: Slowbro|91/100
|-start|p1a: Slowbro|confusion
|
|-heal|p1a: Slowbro|97/100|[from] item: Black Sludge
|upkeep
|turn|33
|
|t:|1597434067
|switch|p2a: Umbreon|Umbreon, F|100/100
|-activate|p1a: Slowbro|confusion
|move|p1a: Slowbro|Sludge Bomb|p2a: Umbreon
|-damage|p2a: Umbreon|84/100
|
|-heal|p2a: Umbreon|90/100|[from] item: Leftovers
|-heal|p1a: Slowbro|100/100|[from] item: Black Sludge
|upkeep
|turn|34
|
|t:|1597434071
|move|p2a: Umbreon|Wish|p2a: Umbreon
|-end|p1a: Slowbro|confusion
|move|p1a: Slowbro|Block|p2a: Umbreon
|-activate|p2a: Umbreon|trapped
|
|-heal|p2a: Umbreon|96/100|[from] item: Leftovers
|upkeep
|turn|35
|
|t:|1597434075
|move|p2a: Umbreon|Foul Play|p1a: Slowbro
|-supereffective|p1a: Slowbro
|-damage|p1a: Slowbro|69/100
|move|p1a: Slowbro|Trick|p2a: Umbreon
|-activate|p1a: Slowbro|move: Trick|[of] p2a: Umbreon
|-item|p2a: Umbreon|Black Sludge|[from] move: Trick
|-item|p1a: Slowbro|Leftovers|[from] move: Trick
|
|-heal|p2a: Umbreon|100/100|[from] move: Wish|[wisher] Umbreon
|-damage|p2a: Umbreon|88/100|[from] item: Black Sludge
|-heal|p1a: Slowbro|75/100|[from] item: Leftovers
|upkeep
|turn|36
|
|t:|1597434078
|move|p2a: Umbreon|Foul Play|p1a: Slowbro
|-supereffective|p1a: Slowbro
|-damage|p1a: Slowbro|40/100
|move|p1a: Slowbro|Sludge Bomb|p2a: Umbreon
|-damage|p2a: Umbreon|73/100
|
|-damage|p2a: Umbreon|60/100|[from] item: Black Sludge
|-heal|p1a: Slowbro|46/100|[from] item: Leftovers
|upkeep
|turn|37
|
|t:|1597434088
|move|p2a: Umbreon|Foul Play|p1a: Slowbro
|-supereffective|p1a: Slowbro
|-damage|p1a: Slowbro|9/100
|move|p1a: Slowbro|Slack Off|p1a: Slowbro
|-heal|p1a: Slowbro|59/100
|
|-damage|p2a: Umbreon|48/100|[from] item: Black Sludge
|-heal|p1a: Slowbro|65/100|[from] item: Leftovers
|upkeep
|turn|38
|
|t:|1597434091
|move|p2a: Umbreon|Wish|p2a: Umbreon
|move|p1a: Slowbro|Slack Off|p1a: Slowbro
|-heal|p1a: Slowbro|100/100
|
|-damage|p2a: Umbreon|35/100|[from] item: Black Sludge
|upkeep
|turn|39
|j| Heracross2.0
|
|t:|1597434094
|move|p2a: Umbreon|Foul Play|p1a: Slowbro
|-supereffective|p1a: Slowbro
|-damage|p1a: Slowbro|64/100
|move|p1a: Slowbro|Sludge Bomb|p2a: Umbreon
|-damage|p2a: Umbreon|18/100
|
|-heal|p2a: Umbreon|68/100|[from] move: Wish|[wisher] Umbreon
|-damage|p2a: Umbreon|55/100|[from] item: Black Sludge
|-heal|p1a: Slowbro|70/100|[from] item: Leftovers
|upkeep
|turn|40
|l| Heracross2.0
|l| Hero Signal
|
|t:|1597434100
|move|p2a: Umbreon|Wish|p2a: Umbreon
|move|p1a: Slowbro|Slack Off|p1a: Slowbro
|-heal|p1a: Slowbro|100/100
|
|-damage|p2a: Umbreon|43/100|[from] item: Black Sludge
|upkeep
|turn|41
|
|t:|1597434103
|move|p2a: Umbreon|Foul Play|p1a: Slowbro
|-supereffective|p1a: Slowbro
|-damage|p1a: Slowbro|70/100
|move|p1a: Slowbro|Sludge Bomb|p2a: Umbreon
|-damage|p2a: Umbreon|26/100
|
|-heal|p2a: Umbreon|76/100|[from] move: Wish|[wisher] Umbreon
|-damage|p2a: Umbreon|63/100|[from] item: Black Sludge
|-heal|p1a: Slowbro|76/100|[from] item: Leftovers
|upkeep
|turn|42
|
|t:|1597434109
|move|p2a: Umbreon|Wish|p2a: Umbreon
|move|p1a: Slowbro|Slack Off|p1a: Slowbro
|-heal|p1a: Slowbro|100/100
|
|-damage|p2a: Umbreon|51/100|[from] item: Black Sludge
|upkeep
|turn|43
|
|t:|1597434113
|move|p2a: Umbreon|Foul Play|p1a: Slowbro
|-supereffective|p1a: Slowbro
|-damage|p1a: Slowbro|69/100
|move|p1a: Slowbro|Sludge Bomb|p2a: Umbreon
|-damage|p2a: Umbreon|33/100
|
|-heal|p2a: Umbreon|83/100|[from] move: Wish|[wisher] Umbreon
|-damage|p2a: Umbreon|71/100|[from] item: Black Sludge
|-heal|p1a: Slowbro|75/100|[from] item: Leftovers
|upkeep
|turn|44
|
|t:|1597434123
|move|p2a: Umbreon|Foul Play|p1a: Slowbro
|-supereffective|p1a: Slowbro
|-damage|p1a: Slowbro|40/100
|move|p1a: Slowbro|Slack Off|p1a: Slowbro
|-heal|p1a: Slowbro|90/100
|
|-damage|p2a: Umbreon|59/100|[from] item: Black Sludge
|-heal|p1a: Slowbro|96/100|[from] item: Leftovers
|upkeep
|turn|45
|
|t:|1597434125
|move|p2a: Umbreon|Wish|p2a: Umbreon
|move|p1a: Slowbro|Sludge Bomb|p2a: Umbreon
|-damage|p2a: Umbreon|41/100
|-status|p2a: Umbreon|psn
|-activate|p2a: Umbreon|ability: Synchronize
|-immune|p1a: Slowbro
|
|-damage|p2a: Umbreon|29/100 psn|[from] item: Black Sludge
|-heal|p1a: Slowbro|100/100|[from] item: Leftovers
|-damage|p2a: Umbreon|16/100 psn|[from] psn
|upkeep
|turn|46
|j| BGMT
|c|☆RULT2at Aqua|finally
|
|t:|1597434135
|move|p2a: Umbreon|Protect|p2a: Umbreon
|-singleturn|p2a: Umbreon|Protect
|move|p1a: Slowbro|Sludge Bomb|p2a: Umbreon
|-activate|p2a: Umbreon|move: Protect
|
|-heal|p2a: Umbreon|66/100 psn|[from] move: Wish|[wisher] Umbreon
|-damage|p2a: Umbreon|54/100 psn|[from] item: Black Sludge
|-damage|p2a: Umbreon|41/100 psn|[from] psn
|upkeep
|turn|47
|
|t:|1597434141
|move|p2a: Umbreon|Wish|p2a: Umbreon
|move|p1a: Slowbro|Sludge Bomb|p2a: Umbreon
|-damage|p2a: Umbreon|26/100 psn
|
|-damage|p2a: Umbreon|14/100 psn|[from] item: Black Sludge
|-damage|p2a: Umbreon|1/100 psn|[from] psn
|upkeep
|turn|48
|c|☆quimbs_X|dishonest stall
|j|+Mac3 ✝
|
|t:|1597434153
|move|p2a: Umbreon|Protect|p2a: Umbreon
|-singleturn|p2a: Umbreon|Protect
|move|p1a: Slowbro|Block||[still]
|-fail|p1a: Slowbro
|
|-heal|p2a: Umbreon|51/100 psn|[from] move: Wish|[wisher] Umbreon
|-damage|p2a: Umbreon|39/100 psn|[from] item: Black Sludge
|-damage|p2a: Umbreon|26/100 psn|[from] psn
|upkeep
|turn|49
|
|t:|1597434157
|move|p2a: Umbreon|Foul Play|p1a: Slowbro
|-supereffective|p1a: Slowbro
|-damage|p1a: Slowbro|69/100
|move|p1a: Slowbro|Sludge Bomb|p2a: Umbreon
|-damage|p2a: Umbreon|12/100 psn
|
|-damage|p2a: Umbreon|0 fnt|[from] item: Black Sludge
|faint|p2a: Umbreon
|-heal|p1a: Slowbro|75/100|[from] item: Leftovers
|upkeep
|c|☆RULT2at Aqua|mk
|
|t:|1597434168
|switch|p2a: Golurk|Golurk|6/100
|turn|50
|c|☆RULT2at Aqua|this stall is iffy
|c|☆RULT2at Aqua|but it works
|
|t:|1597434175
|switch|p1a: Mantine|Mantine, F|82/100 tox
|move|p2a: Golurk|Earthquake|p1a: Mantine
|-immune|p1a: Mantine
|
|-damage|p1a: Mantine|76/100 tox|[from] psn
|upkeep
|turn|51
|
|t:|1597434182
|switch|p1a: Eldegoss|Eldegoss, F|71/100
|move|p2a: Golurk|Earthquake|p1a: Eldegoss
|-resisted|p1a: Eldegoss
|-damage|p1a: Eldegoss|33/100
|
|-heal|p1a: Eldegoss|39/100|[from] item: Leftovers
|upkeep
|turn|52
|c|+Mac3 ✝|i thought you could use it
|c|+Mac3 ✝|seeing as ur a stall god
|c|☆RULT2at Aqua|?
|c|☆quimbs_X|i choked and let rotom go
|j| Fairy Type Absol
|
|t:|1597434209
|switch|p2a: Klefki|Klefki, F|100/100
|switch|p1a: Mantine|Mantine, F|76/100 tox
|
|-damage|p1a: Mantine|70/100 tox|[from] psn
|upkeep
|turn|53
|c|☆quimbs_X|it 6-0ed
|c|☆RULT2at Aqua|eh not rlly
|c| LegendarySerperior|rotom does a lot
|c|☆quimbs_X|really
|c| LegendarySerperior|since its phys def eldegoss
|c|☆RULT2at Aqua|i have eldegoss
|c|☆RULT2at Aqua|indeed
|
|t:|1597434239
|switch|p1a: Quagsire|Quagsire, F|85/100
|move|p2a: Klefki|Foul Play|p1a: Quagsire
|-damage|p1a: Quagsire|72/100
|
|-heal|p1a: Quagsire|78/100|[from] item: Leftovers
|upkeep
|turn|54
|c|+Mac3 ✝|its mixed def eldegoss tbf
|c|☆RULT2at Aqua|banded golurk hurts this team alot
|
|t:|1597434252
|move|p2a: Klefki|Spikes|p1a: Quagsire
|-sidestart|p1: RULT2at Aqua|Spikes
|move|p1a: Quagsire|Earthquake|p2a: Klefki
|-supereffective|p2a: Klefki
|-damage|p2a: Klefki|49/100
|
|-heal|p2a: Klefki|55/100|[from] item: Leftovers
|-heal|p1a: Quagsire|84/100|[from] item: Leftovers
|upkeep
|turn|55
|c|☆quimbs_X|not really
|c|☆RULT2at Aqua|mhn
|c|☆RULT2at Aqua|u just dont use it right
|c| LegendarySerperior|if does if you predict right
|c|☆quimbs_X|umbreon is an easy pivot
|c|☆RULT2at Aqua|no
|c|☆quimbs_X|with regen mons
|c|☆RULT2at Aqua|u can equake
|inactive|quimbs_X has 120 seconds left.
|c|☆RULT2at Aqua|and destroy 5 out of the 6 mons
|c|☆quimbs_X|with mantine, quag, and eldegoss?
|c|☆quimbs_X|no way haha
|
|t:|1597434302
|move|p2a: Klefki|Spikes|p1a: Quagsire
|-sidestart|p1: RULT2at Aqua|Spikes
|move|p1a: Quagsire|Earthquake|p2a: Klefki
|-supereffective|p2a: Klefki
|-damage|p2a: Klefki|5/100
|
|-heal|p2a: Klefki|11/100|[from] item: Leftovers
|-heal|p1a: Quagsire|90/100|[from] item: Leftovers
|upkeep
|turn|56
|c|☆RULT2at Aqua|equake does 50-60 to quag
|c|☆RULT2at Aqua|eldegoss dies from polt
|c|☆quimbs_X|then im locked
|c|☆quimbs_X|and you pivot
|c|☆RULT2at Aqua|mantine dies from stone edge
|c|☆quimbs_X|its choice locked
|
|t:|1597434326
|switch|p2a: Araquanid|Araquanid, F|82/100 tox
|move|p1a: Quagsire|Earthquake|p2a: Araquanid
|-resisted|p2a: Araquanid
|-damage|p2a: Araquanid|66/100 tox
|
|-heal|p1a: Quagsire|96/100|[from] item: Leftovers
|-damage|p2a: Araquanid|60/100 tox|[from] psn
|upkeep
|turn|57
|
|t:|1597434331
|switch|p2a: Golurk|Golurk|6/100
|switch|p1a: Mantine|Mantine, F|70/100 tox
|
|-damage|p1a: Mantine|64/100 tox|[from] psn
|upkeep
|turn|58
|
|t:|1597434335
|move|p2a: Golurk|Poltergeist|p1a: Mantine
|-activate|p1a: Mantine|move: Poltergeist|Heavy-Duty Boots
|-damage|p1a: Mantine|0 fnt
|faint|p1a: Mantine
|
|upkeep
|
|t:|1597434342
|switch|p1a: Umbreon|Umbreon, M|63/100
|-damage|p1a: Umbreon|47/100|[from] Spikes
|turn|59
|
|t:|1597434349
|move|p2a: Golurk|Poltergeist|p1a: Umbreon
|-activate|p1a: Umbreon|move: Poltergeist|Leftovers
|-resisted|p1a: Umbreon
|-damage|p1a: Umbreon|10/100
|move|p1a: Umbreon|Moonlight|p1a: Umbreon
|-heal|p1a: Umbreon|60/100
|
|-heal|p1a: Umbreon|66/100|[from] item: Leftovers
|upkeep
|turn|60
|
|t:|1597434355
|switch|p2a: Araquanid|Araquanid, F|60/100 tox
|move|p1a: Umbreon|Foul Play|p2a: Araquanid
|-damage|p2a: Araquanid|27/100 tox
|
|-heal|p1a: Umbreon|72/100|[from] item: Leftovers
|-damage|p2a: Araquanid|21/100 tox|[from] psn
|upkeep
|turn|61
|
|t:|1597434365
|switch|p1a: Eldegoss|Eldegoss, F|73/100
|-damage|p1a: Eldegoss|56/100|[from] Spikes
|move|p2a: Araquanid|Leech Life|p1a: Eldegoss
|-supereffective|p1a: Eldegoss
|-damage|p1a: Eldegoss|10/100
|-heal|p2a: Araquanid|44/100 tox|[from] drain|[of] p1a: Eldegoss
|
|-heal|p1a: Eldegoss|16/100|[from] item: Leftovers
|-damage|p2a: Araquanid|32/100 tox|[from] psn
|upkeep
|turn|62
|c|☆RULT2at Aqua|oh bleh
|
|t:|1597434375
|move|p1a: Eldegoss|Rapid Spin|p2a: Araquanid
|-damage|p2a: Araquanid|27/100 tox
|-boost|p1a: Eldegoss|spe|1
|-sideend|p1: RULT2at Aqua|Spikes|[from] move: Rapid Spin|[of] p1a: Eldegoss
|move|p2a: Araquanid|Liquidation|p1a: Eldegoss
|-resisted|p1a: Eldegoss
|-damage|p1a: Eldegoss|0 fnt
|faint|p1a: Eldegoss
|
|-damage|p2a: Araquanid|8/100 tox|[from] psn
|upkeep
|
|t:|1597434378
|switch|p1a: Umbreon|Umbreon, M|72/100
|turn|63
|j| Yo Sunny
|inactive|quimbs_X has 120 seconds left.
|
|t:|1597434411
|switch|p2a: Klefki|Klefki, F|11/100
|move|p1a: Umbreon|Protect||[still]
|-fail|p1a: Umbreon
|
|-heal|p2a: Klefki|17/100|[from] item: Leftovers
|-heal|p1a: Umbreon|78/100|[from] item: Leftovers
|upkeep
|turn|64
|
|t:|1597434418
|move|p2a: Klefki|Spikes|p1a: Umbreon
|-sidestart|p1: RULT2at Aqua|Spikes
|move|p1a: Umbreon|Foul Play|p2a: Klefki
|-resisted|p2a: Klefki
|-damage|p2a: Klefki|7/100
|
|-heal|p2a: Klefki|13/100|[from] item: Leftovers
|-heal|p1a: Umbreon|84/100|[from] item: Leftovers
|upkeep
|turn|65
|
|t:|1597434421
|move|p2a: Klefki|Spikes|p1a: Umbreon
|-sidestart|p1: RULT2at Aqua|Spikes
|move|p1a: Umbreon|Foul Play|p2a: Klefki
|-resisted|p2a: Klefki
|-damage|p2a: Klefki|2/100
|
|-heal|p2a: Klefki|8/100|[from] item: Leftovers
|-heal|p1a: Umbreon|90/100|[from] item: Leftovers
|upkeep
|turn|66
|
|t:|1597434423
|move|p2a: Klefki|Spikes|p1a: Umbreon
|-sidestart|p1: RULT2at Aqua|Spikes
|move|p1a: Umbreon|Foul Play|p2a: Klefki
|-resisted|p2a: Klefki
|-damage|p2a: Klefki|0 fnt
|faint|p2a: Klefki
|
|-heal|p1a: Umbreon|96/100|[from] item: Leftovers
|upkeep
|c|☆RULT2at Aqua|oh bleh
|
|t:|1597434431
|switch|p2a: Passimian|Passimian, F|94/100
|turn|67
|
|t:|1597434443
|move|p1a: Umbreon|Protect|p1a: Umbreon
|-singleturn|p1a: Umbreon|Protect
|move|p2a: Passimian|Close Combat|p1a: Umbreon
|-activate|p1a: Umbreon|move: Protect
|
|-heal|p1a: Umbreon|100/100|[from] item: Leftovers
|upkeep
|turn|68
|
|t:|1597434450
|switch|p2a: Golurk|Golurk|6/100
|switch|p1a: Slowbro|Slowbro-Galar, M|100/100
|-damage|p1a: Slowbro|76/100|[from] Spikes
|
|-heal|p1a: Slowbro|82/100|[from] item: Leftovers
|upkeep
|turn|69
|c|☆RULT2at Aqua|like
|
|t:|1597434456
|switch|p1a: Steelix|Steelix, F|22/100
|-damage|p1a: Steelix|0 fnt|[from] Spikes
|faint|p1a: Steelix
|move|p2a: Golurk|Earthquake|p1: Steelix|[notarget]
|-fail|p2a: Golurk
|
|upkeep
|c|☆RULT2at Aqua|i said
|c|☆quimbs_X|bruh
|c|☆RULT2at Aqua|golurk destroys this team
|
|t:|1597434464
|switch|p1a: Umbreon|Umbreon, M|100/100
|-damage|p1a: Umbreon|76/100|[from] Spikes
|turn|70
|c|☆quimbs_X|once you sack mantine and elde
|c|+Mac3 ✝|you choked on dicks
|c| Fairy Type Absol|thats because its a terrible team
|c|☆RULT2at Aqua|wtf
|c| Fairy Type Absol|right Mac3
|c|+Mac3 ✝|yes
|c|+Mac3 ✝|its awful
|
|t:|1597434484
|switch|p2a: Passimian|Passimian, F|94/100
|move|p1a: Umbreon|Foul Play|p2a: Passimian
|-resisted|p2a: Passimian
|-damage|p2a: Passimian|67/100
|
|-heal|p1a: Umbreon|82/100|[from] item: Leftovers
|upkeep
|turn|71
|c|☆RULT2at Aqua|lol
|
|t:|1597434492
|move|p2a: Passimian|Close Combat|p1a: Umbreon
|-supereffective|p1a: Umbreon
|-crit|p1a: Umbreon
|-damage|p1a: Umbreon|0 fnt
|-unboost|p2a: Passimian|def|1
|-unboost|p2a: Passimian|spd|1
|faint|p1a: Umbreon
|
|upkeep
|c| Fairy Type Absol|this is my alt serp btw
|
|t:|1597434495
|switch|p1a: Quagsire|Quagsire, F|96/100
|-damage|p1a: Quagsire|72/100|[from] Spikes
|turn|72
|
|t:|1597434498
|switch|p2a: Araquanid|Araquanid, F|8/100 tox
|move|p1a: Quagsire|Recover|p1a: Quagsire
|-heal|p1a: Quagsire|100/100
|
|-damage|p2a: Araquanid|2/100 tox|[from] psn
|upkeep
|turn|73
|c| LegendarySerperior|lame
|
|t:|1597434503
|switch|p1a: Slowbro|Slowbro-Galar, M|100/100
|-damage|p1a: Slowbro|76/100|[from] Spikes
|move|p2a: Araquanid|Liquidation|p1a: Slowbro
|-damage|p1a: Slowbro|38/100
|
|-heal|p1a: Slowbro|44/100|[from] item: Leftovers
|-damage|p2a: Araquanid|0 fnt|[from] psn
|faint|p2a: Araquanid
|upkeep
|
|t:|1597434510
|switch|p2a: Golurk|Golurk|6/100
|turn|74
|
|t:|1597434516
|move|p2a: Golurk|Earthquake|p1a: Slowbro
|-supereffective|p1a: Slowbro
|-damage|p1a: Slowbro|0 fnt
|faint|p1a: Slowbro
|
|upkeep
|c|☆RULT2at Aqua|misses polt
|
|t:|1597434523
|switch|p1a: Quagsire|Quagsire, F|100/100
|-damage|p1a: Quagsire|76/100|[from] Spikes
|turn|75
|
|t:|1597434525
|move|p2a: Golurk|Earthquake|p1a: Quagsire
|-damage|p1a: Quagsire|23/100
|move|p1a: Quagsire|Recover|p1a: Quagsire
|-heal|p1a: Quagsire|73/100
|
|-heal|p1a: Quagsire|79/100|[from] item: Leftovers
|upkeep
|turn|76
|c|☆RULT2at Aqua|yep
|c|☆RULT2at Aqua|like i said
|
|t:|1597434537
|move|p2a: Golurk|Earthquake|p1a: Quagsire
|-damage|p1a: Quagsire|22/100
|move|p1a: Quagsire|Recover|p1a: Quagsire
|-heal|p1a: Quagsire|72/100
|
|-heal|p1a: Quagsire|78/100|[from] item: Leftovers
|upkeep
|turn|77
|
|t:|1597434541
|move|p2a: Golurk|Earthquake|p1a: Quagsire
|-damage|p1a: Quagsire|19/100
|move|p1a: Quagsire|Recover|p1a: Quagsire
|-heal|p1a: Quagsire|69/100
|
|-heal|p1a: Quagsire|75/100|[from] item: Leftovers
|upkeep
|turn|78
|c|☆RULT2at Aqua|sigh
|c|☆RULT2at Aqua|keeps rising
|
|t:|1597434550
|move|p2a: Golurk|Earthquake|p1a: Quagsire
|-damage|p1a: Quagsire|14/100
|move|p1a: Quagsire|Recover|p1a: Quagsire
|-heal|p1a: Quagsire|64/100
|
|-heal|p1a: Quagsire|70/100|[from] item: Leftovers
|upkeep
|turn|79
|c|☆RULT2at Aqua|are you metronome
|c|☆RULT2at Aqua|?
|
|t:|1597434568
|move|p2a: Golurk|Earthquake|p1a: Quagsire
|-damage|p1a: Quagsire|13/100
|move|p1a: Quagsire|Recover|p1a: Quagsire
|-heal|p1a: Quagsire|63/100
|
|-heal|p1a: Quagsire|69/100|[from] item: Leftovers
|upkeep
|turn|80
|c|☆quimbs_X|i said im banded
|
|t:|1597434574
|move|p2a: Golurk|Earthquake|p1a: Quagsire
|-damage|p1a: Quagsire|7/100
|move|p1a: Quagsire|Recover|p1a: Quagsire
|-heal|p1a: Quagsire|57/100
|
|-heal|p1a: Quagsire|63/100|[from] item: Leftovers
|upkeep
|turn|81
|c|☆RULT2at Aqua|why does dmg keep rising
|c|☆RULT2at Aqua|like
|c|☆RULT2at Aqua|wtf
|c| LegendarySerperior|ROLL
|c| LegendarySerperior|TIME
|c|☆quimbs_X|plssssss
|c|☆RULT2at Aqua|53-55-57-60-62-63-57-61
|c|☆RULT2at Aqua|like dam
|
|t:|1597434602
|move|p2a: Golurk|Earthquake|p1a: Quagsire
|-damage|p1a: Quagsire|3/100
|move|p1a: Quagsire|Recover|p1a: Quagsire
|-heal|p1a: Quagsire|53/100
|
|-heal|p1a: Quagsire|59/100|[from] item: Leftovers
|upkeep
|turn|82
|c|☆RULT2at Aqua|,
|c| LegendarySerperior|60 ROLL
|c| Yo Sunny|i think it's gg
|c|☆RULT2at Aqua|how do u still do dmg
|c|☆RULT2at Aqua|omfg
|inactive|RULT2at Aqua has 120 seconds left.
|c|☆RULT2at Aqua|get a low roll once
|
|t:|1597434619
|move|p2a: Golurk|Earthquake|p1a: Quagsire
|-damage|p1a: Quagsire|0 fnt
|faint|p1a: Quagsire
|
|win|quimbs_X
|c| Mac3 ✝|bro?
|c|☆quimbs_X|gg
|c|☆RULT2at Aqua|ggs
|c| Mac3 ✝|gggggg
|l|☆RULT2at Aqua
|l|☆quimbs_X
|c| Fairy Type Absol|GG
|l| Yo Sunny
|l| Fairy Type Absol
|l| LegendarySerperior
|l| BGMT
|l| Mac3 ✝
|j| Mac3 ✝
