|html|<div class="broadcast-blue"><strong>[Gen 8] RU is currently suspecting Reuniclus! For information on how to participate check out the <a href="https://www.smogon.com/forums/threads/np-ru-stage-10-all-for-you-reuniclus-suspect.3692458/#post-9008540">suspect thread</a>.</strong></div>
|j|☆RURR Druide
|j|☆literallyfreemoney
|t:|1635103383
|gametype|singles
|player|p1|RURR Druide|ruinmaniac|1322
|player|p2|literallyfreemoney|17|1335
|teamsize|p1|6
|teamsize|p2|6
|gen|8
|tier|[Gen 8] RU
|rated|
|rule|Sleep Clause Mod: Limit one foe put to sleep
|rule|Species Clause: Limit one of each Pokémon
|rule|OHKO Clause: OHKO moves are banned
|rule|Evasion Moves Clause: Evasion moves are banned
|rule|Endless Battle Clause: Forcing endless battles is banned
|rule|HP Percentage Mod: HP is shown in percentages
|rule|Dynamax Clause: You cannot dynamax
|clearpoke
|poke|p1|Steelix, M|
|poke|p1|Noivern, M|
|poke|p1|Heracross, F|
|poke|p1|Raikou|
|poke|p1|Reuniclus, M|
|poke|p1|Obstagoon, M|
|poke|p2|Marowak-Alola, F|
|poke|p2|Vaporeon, F|
|poke|p2|Noivern, F|
|poke|p2|Steelix, F|
|poke|p2|Gardevoir, F|
|poke|p2|Articuno|
|teampreview
|
|t:|1635103396
|start
|switch|p1a: Noivern|Noivern, M|100/100
|switch|p2a: Steelix|Steelix, F|100/100
|turn|1
|
|t:|1635103400
|move|p1a: Noivern|Flamethrower|p2a: Steelix
|-supereffective|p2a: Steelix
|-damage|p2a: Steelix|28/100
|move|p2a: Steelix|Stealth Rock|p1a: Noivern
|-sidestart|p1: RURR Druide|move: Stealth Rock
|
|-heal|p2a: Steelix|34/100|[from] item: Leftovers
|upkeep
|turn|2
|
|t:|1635103407
|switch|p2a: Vaporeon|Vaporeon, F|100/100
|move|p1a: Noivern|Defog|p2a: Vaporeon
|-unboost|p2a: Vaporeon|evasion|1
|-sideend|p1: RURR Druide|Stealth Rock|[from] move: Defog|[of] p1a: Noivern
|
|upkeep
|turn|3
|
|t:|1635103413
|switch|p1a: Reuniclus|Reuniclus, M|100/100
|move|p2a: Vaporeon|Scald|p1a: Reuniclus
|-damage|p1a: Reuniclus|73/100
|-status|p1a: Reuniclus|brn
|
|-heal|p1a: Reuniclus|80/100 brn|[from] item: Leftovers
|upkeep
|turn|4
|
|t:|1635103422
|move|p1a: Reuniclus|Psyshock|p2a: Vaporeon
|-damage|p2a: Vaporeon|77/100
|move|p2a: Vaporeon|Roar|p1a: Reuniclus
|drag|p1a: Obstagoon|Obstagoon, M|100/100
|
|-status|p1a: Obstagoon|brn|[from] item: Flame Orb
|upkeep
|turn|5
|
|t:|1635103432
|move|p1a: Obstagoon|Knock Off|p2a: Vaporeon
|-damage|p2a: Vaporeon|48/100
|move|p2a: Vaporeon|Scald|p1a: Obstagoon
|-damage|p1a: Obstagoon|65/100 brn
|
|-damage|p1a: Obstagoon|59/100 brn|[from] brn
|upkeep
|turn|6
|
|t:|1635103438
|move|p1a: Obstagoon|Facade|p2a: Vaporeon
|-damage|p2a: Vaporeon|0 fnt
|faint|p2a: Vaporeon
|
|-damage|p1a: Obstagoon|52/100 brn|[from] brn
|upkeep
|
|t:|1635103445
|switch|p2a: Noivern|Noivern, F|100/100
|turn|7
|
|t:|1635103451
|switch|p1a: Steelix|Steelix, M|100/100
|move|p2a: Noivern|Flamethrower|p1a: Steelix
|-supereffective|p1a: Steelix
|-damage|p1a: Steelix|31/100
|
|-heal|p1a: Steelix|37/100|[from] item: Leftovers
|upkeep
|turn|8
|
|t:|1635103459
|switch|p1a: Reuniclus|Reuniclus, M|80/100 brn
|move|p2a: Noivern|Flamethrower|p1a: Reuniclus
|-damage|p1a: Reuniclus|44/100 brn
|
|-heal|p1a: Reuniclus|50/100 brn|[from] item: Leftovers
|upkeep
|turn|9
|
|t:|1635103471
|switch|p2a: Gardevoir|Gardevoir, F|100/100
|-ability|p2a: Gardevoir|Magic Guard|[from] ability: Trace|[of] p1a: Reuniclus
|switch|p1a: Steelix|Steelix, M|37/100
|
|-heal|p1a: Steelix|43/100|[from] item: Leftovers
|upkeep
|turn|10
|
|t:|1635103481
|switch|p2a: Articuno|Articuno|100/100
|-ability|p2a: Articuno|Pressure
|move|p1a: Steelix|Stealth Rock|p2a: Articuno
|-sidestart|p2: literallyfreemoney|move: Stealth Rock
|
|-heal|p1a: Steelix|50/100|[from] item: Leftovers
|upkeep
|turn|11
|
|t:|1635103492
|switch|p1a: Reuniclus|Reuniclus, M|50/100 brn
|move|p2a: Articuno|Defog|p1a: Reuniclus
|-unboost|p1a: Reuniclus|evasion|1
|-sideend|p2: literallyfreemoney|Stealth Rock|[from] move: Defog|[of] p2a: Articuno
|
|-heal|p1a: Reuniclus|56/100 brn|[from] item: Leftovers
|upkeep
|turn|12
|
|t:|1635103501
|move|p2a: Articuno|Freeze-Dry|p1a: Reuniclus
|-damage|p1a: Reuniclus|34/100 brn
|move|p1a: Reuniclus|Recover|p1a: Reuniclus
|-heal|p1a: Reuniclus|84/100 brn
|
|-heal|p1a: Reuniclus|90/100 brn|[from] item: Leftovers
|upkeep
|turn|13
|
|t:|1635103511
|move|p2a: Articuno|Freeze-Dry|p1a: Reuniclus
|-damage|p1a: Reuniclus|70/100 brn
|move|p1a: Reuniclus|Calm Mind|p1a: Reuniclus
|-boost|p1a: Reuniclus|spa|1
|-boost|p1a: Reuniclus|spd|1
|
|-heal|p1a: Reuniclus|76/100 brn|[from] item: Leftovers
|upkeep
|turn|14
|
|t:|1635103519
|switch|p2a: Noivern|Noivern, F|100/100
|move|p1a: Reuniclus|Psyshock|p2a: Noivern
|-damage|p2a: Noivern|33/100
|
|-heal|p1a: Reuniclus|82/100 brn|[from] item: Leftovers
|upkeep
|turn|15
|
|t:|1635103525
|move|p2a: Noivern|Switcheroo|p1a: Reuniclus
|-activate|p2a: Noivern|move: Trick|[of] p1a: Reuniclus
|-item|p1a: Reuniclus|Choice Specs|[from] move: Switcheroo
|-item|p2a: Noivern|Leftovers|[from] move: Switcheroo
|move|p1a: Reuniclus|Recover|p1a: Reuniclus
|-heal|p1a: Reuniclus|100/100 brn
|
|-heal|p2a: Noivern|39/100|[from] item: Leftovers
|upkeep
|turn|16
|
|t:|1635103532
|switch|p1a: Steelix|Steelix, M|50/100
|move|p2a: Noivern|Boomburst|p1a: Steelix
|-resisted|p1a: Steelix
|-damage|p1a: Steelix|30/100
|
|-heal|p2a: Noivern|45/100|[from] item: Leftovers
|-heal|p1a: Steelix|36/100|[from] item: Leftovers
|upkeep
|turn|17
|
|t:|1635103542
|switch|p1a: Reuniclus|Reuniclus, M|100/100 brn
|move|p2a: Noivern|Flamethrower|p1a: Reuniclus
|-damage|p1a: Reuniclus|76/100 brn
|
|-heal|p2a: Noivern|51/100|[from] item: Leftovers
|upkeep
|turn|18
|
|t:|1635103548
|switch|p2a: Articuno|Articuno|100/100
|-ability|p2a: Articuno|Pressure
|move|p1a: Reuniclus|Psyshock|p2a: Articuno
|-damage|p2a: Articuno|52/100
|
|upkeep
|turn|19
|
|t:|1635103555
|move|p2a: Articuno|Roost|p2a: Articuno
|-heal|p2a: Articuno|100/100
|-singleturn|p2a: Articuno|move: Roost
|move|p1a: Reuniclus|Psyshock|p2a: Articuno
|-damage|p2a: Articuno|59/100
|
|upkeep
|turn|20
|
|t:|1635103562
|switch|p2a: Steelix|Steelix, F|34/100
|switch|p1a: Raikou|Raikou|100/100
|-ability|p1a: Raikou|Pressure
|
|-heal|p2a: Steelix|41/100|[from] item: Leftovers
|upkeep
|turn|21
|
|t:|1635103570
|move|p1a: Raikou|Scald|p2a: Steelix
|-supereffective|p2a: Steelix
|-damage|p2a: Steelix|0 fnt
|faint|p2a: Steelix
|
|upkeep
|
|t:|1635103573
|switch|p2a: Gardevoir|Gardevoir, F|100/100
|-ability|p2a: Gardevoir|Pressure|[from] ability: Trace|[of] p1a: Raikou
|-ability|p2a: Gardevoir|Pressure
|turn|22
|
|t:|1635103579
|move|p2a: Gardevoir|Moonblast|p1a: Raikou
|-damage|p1a: Raikou|52/100
|move|p1a: Raikou|Volt Switch|p2a: Gardevoir
|-damage|p2a: Gardevoir|62/100
|
|t:|1635103586
|switch|p1a: Steelix|Steelix, M|36/100|[from]move: Volt Switch
|
|-heal|p1a: Steelix|43/100|[from] item: Leftovers
|upkeep
|turn|23
|
|t:|1635103593
|move|p2a: Gardevoir|Moonblast|p1a: Steelix
|-resisted|p1a: Steelix
|-crit|p1a: Steelix
|-damage|p1a: Steelix|8/100
|-unboost|p1a: Steelix|spa|1
|move|p1a: Steelix|Heavy Slam|p2a: Gardevoir
|-supereffective|p2a: Gardevoir
|-damage|p2a: Gardevoir|0 fnt
|faint|p2a: Gardevoir
|
|-heal|p1a: Steelix|15/100|[from] item: Leftovers
|upkeep
|
|t:|1635103597
|switch|p2a: Articuno|Articuno|59/100
|-ability|p2a: Articuno|Pressure
|turn|24
|
|t:|1635103605
|move|p2a: Articuno|Freeze-Dry|p1a: Steelix
|-damage|p1a: Steelix|0 fnt
|faint|p1a: Steelix
|
|upkeep
|
|t:|1635103612
|switch|p1a: Obstagoon|Obstagoon, M|52/100 brn
|turn|25
|
|t:|1635103618
|move|p1a: Obstagoon|Facade|p2a: Articuno
|-damage|p2a: Articuno|0 fnt
|faint|p2a: Articuno
|
|-damage|p1a: Obstagoon|46/100 brn|[from] brn
|upkeep
|
|t:|1635103620
|switch|p2a: Noivern|Noivern, F|51/100
|turn|26
|
|t:|1635103627
|switch|p1a: Reuniclus|Reuniclus, M|76/100 brn
|move|p2a: Noivern|Boomburst|p1a: Reuniclus
|-damage|p1a: Reuniclus|39/100 brn
|
|-heal|p2a: Noivern|57/100|[from] item: Leftovers
|upkeep
|turn|27
|
|t:|1635103633
|move|p2a: Noivern|Draco Meteor|p1a: Reuniclus
|-damage|p1a: Reuniclus|0 fnt
|-unboost|p2a: Noivern|spa|2
|faint|p1a: Reuniclus
|
|-heal|p2a: Noivern|63/100|[from] item: Leftovers
|upkeep
|
|t:|1635103644
|switch|p1a: Heracross|Heracross, F|100/100
|turn|28
|
|t:|1635103649
|move|p1a: Heracross|Stone Edge|p2a: Noivern
|-supereffective|p2a: Noivern
|-damage|p2a: Noivern|0 fnt
|faint|p2a: Noivern
|-ability|p1a: Heracross|Moxie|boost
|-boost|p1a: Heracross|atk|1
|
|upkeep
|-message|literallyfreemoney forfeited.
|
|win|RURR Druide
|raw|RURR Druide's rating: 1322 &rarr; <strong>1343</strong><br />(+21 for winning)
|raw|literallyfreemoney's rating: 1335 &rarr; <strong>1314</strong><br />(-21 for losing)
|l|☆literallyfreemoney
