|j|‽talkintime
|j|☆07l中国大妈
|player|p1|talkintime|73|1296
|player|p2|07l中国大妈|pokefanf-gen4|1165
|teamsize|p1|6
|teamsize|p2|6
|gametype|singles
|gen|8
|tier|[Gen 8] RU
|rated|
|rule|Sleep Clause Mod: Limit one foe put to sleep
|rule|Species Clause: Limit one of each Pokémon
|rule|OHKO Clause: OHKO moves are banned
|rule|Evasion Moves Clause: Evasion moves are banned
|rule|Endless Battle Clause: Forcing endless battles is banned
|rule|HP Percentage Mod: HP is shown in percentages
|clearpoke
|poke|p1|Perrserker, F|
|poke|p1|Rillaboom, F|
|poke|p1|Palpitoad, M|
|poke|p1|Rotom-Fan|
|poke|p1|Mr. Mime-Galar, M|
|poke|p1|Flareon, M|
|poke|p2|Turtonator, M|
|poke|p2|Sableye, M|
|poke|p2|Qwilfish, F|
|poke|p2|Alcremie-Matcha, F|
|poke|p2|Escavalier, F|
|poke|p2|Vaporeon, F|
|rule|Dynamax Clause: You cannot dynamax
|teampreview
|inactive|Battle timer is ON: inactive players will automatically lose when time's up. (requested by talkintime)
|
|start
|switch|p1a: Rillaboom|Rillaboom, F|100/100
|switch|p2a: Qwilfish|Qwilfish, F|100/100
|-ability|p2a: Qwilfish|Intimidate|boost
|-unboost|p1a: Rillaboom|atk|1
|turn|1
|
|move|p1a: Rillaboom|Substitute|p1a: Rillaboom
|-start|p1a: Rillaboom|Substitute
|-damage|p1a: Rillaboom|76/100
|move|p2a: Qwilfish|Toxic Spikes|p1a: Rillaboom
|-sidestart|p1: talkintime|move: Toxic Spikes
|
|-heal|p1a: Rillaboom|82/100|[from] item: Leftovers
|upkeep
|turn|2
|
|switch|p2a: Sableye|Sableye, M|100/100
|move|p1a: Rillaboom|Swords Dance|p1a: Rillaboom
|-boost|p1a: Rillaboom|atk|2
|
|-heal|p1a: Rillaboom|88/100|[from] item: Leftovers
|upkeep
|turn|3
|
|switch|p1a: Rotom|Rotom-Fan|100/100
|move|p2a: Sableye|Knock Off|p1a: Rotom
|-damage|p1a: Rotom|67/100
|-enditem|p1a: Rotom|Choice Scarf|[from] move: Knock Off|[of] p2a: Sableye
|
|upkeep
|turn|4
|inactive|07l中国大妈 has 120 seconds left.
|
|switch|p2a: Escavalier|Escavalier, F|100/100
|move|p1a: Rotom|Volt Switch|p2a: Escavalier
|-damage|p2a: Escavalier|73/100
|
|switch|p1a: Palpitoad|Palpitoad, M|100/100|[from]move: Volt Switch
|-status|p1a: Palpitoad|psn
|
|-heal|p2a: Escavalier|79/100|[from] item: Leftovers
|-damage|p1a: Palpitoad|88/100 psn|[from] psn
|upkeep
|turn|5
|inactive|07l中国大妈 has 120 seconds left.
|
|switch|p2a: Turtonator|Turtonator, M|100/100
|move|p1a: Palpitoad|Stealth Rock|p2a: Turtonator
|-sidestart|p2: 07l中国大妈|move: Stealth Rock
|
|-damage|p1a: Palpitoad|76/100 psn|[from] psn
|upkeep
|turn|6
|inactive|07l中国大妈 has 120 seconds left.
|
|move|p1a: Palpitoad|Toxic|p2a: Turtonator
|-status|p2a: Turtonator|tox
|move|p2a: Turtonator|Rapid Spin|p1a: Palpitoad
|-damage|p1a: Palpitoad|70/100 psn
|-sideend|p2: 07l中国大妈|Stealth Rock|[from] move: Rapid Spin|[of] p2a: Turtonator
|-boost|p2a: Turtonator|spe|1
|
|-damage|p2a: Turtonator|94/100 tox|[from] psn
|-damage|p1a: Palpitoad|58/100 psn|[from] psn
|upkeep
|turn|7
|inactive|07l中国大妈 has 120 seconds left.
|
|move|p2a: Turtonator|Draco Meteor|p1a: Palpitoad
|-damage|p1a: Palpitoad|2/100 psn
|-unboost|p2a: Turtonator|spa|2
|-enditem|p2a: Turtonator|White Herb
|-clearnegativeboost|p2a: Turtonator|[silent]
|move|p1a: Palpitoad|Stealth Rock|p2a: Turtonator
|-sidestart|p2: 07l中国大妈|move: Stealth Rock
|
|-damage|p2a: Turtonator|82/100 tox|[from] psn
|-damage|p1a: Palpitoad|0 fnt|[from] psn
|faint|p1a: Palpitoad
|upkeep
|
|switch|p1a: Perrserker|Perrserker, F|100/100
|turn|8
|
|move|p1a: Perrserker|Fake Out|p2a: Turtonator
|-damage|p2a: Turtonator|69/100 tox
|cant|p2a: Turtonator|flinch
|
|-damage|p2a: Turtonator|50/100 tox|[from] psn
|upkeep
|turn|9
|
|move|p2a: Turtonator|Rapid Spin|p1a: Perrserker
|-resisted|p1a: Perrserker
|-damage|p1a: Perrserker|97/100
|-sideend|p2: 07l中国大妈|Stealth Rock|[from] move: Rapid Spin|[of] p2a: Turtonator
|-boost|p2a: Turtonator|spe|1
|move|p1a: Perrserker|Close Combat|p2a: Turtonator
|-damage|p2a: Turtonator|11/100 tox
|-unboost|p1a: Perrserker|def|1
|-unboost|p1a: Perrserker|spd|1
|
|-damage|p2a: Turtonator|0 fnt|[from] psn
|faint|p2a: Turtonator
|upkeep
|
|switch|p2a: Qwilfish|Qwilfish, F|100/100
|-ability|p2a: Qwilfish|Intimidate|boost
|-unboost|p1a: Perrserker|atk|1
|turn|10
|
|switch|p1a: Mr. Mime|Mr. Mime-Galar, M|100/100
|-status|p1a: Mr. Mime|psn
|move|p2a: Qwilfish|Toxic||[still]
|-fail|p2a: Qwilfish
|
|-damage|p1a: Mr. Mime|88/100 psn|[from] psn
|upkeep
|turn|11
|
|switch|p2a: Escavalier|Escavalier, F|79/100
|move|p1a: Mr. Mime|Nasty Plot|p1a: Mr. Mime
|-boost|p1a: Mr. Mime|spa|2
|
|-heal|p2a: Escavalier|85/100|[from] item: Leftovers
|-damage|p1a: Mr. Mime|76/100 psn|[from] psn
|upkeep
|turn|12
|
|move|p1a: Mr. Mime|Rapid Spin|p2a: Escavalier
|-resisted|p2a: Escavalier
|-damage|p2a: Escavalier|82/100
|-sideend|p1: talkintime|Toxic Spikes|[from] move: Rapid Spin|[of] p1a: Mr. Mime
|-boost|p1a: Mr. Mime|spe|1
|move|p2a: Escavalier|Iron Head|p1a: Mr. Mime
|-supereffective|p1a: Mr. Mime
|-damage|p1a: Mr. Mime|0 fnt
|faint|p1a: Mr. Mime
|
|-heal|p2a: Escavalier|88/100|[from] item: Leftovers
|upkeep
|
|switch|p1a: Flareon|Flareon, M|100/100
|turn|13
|
|switch|p1a: Rillaboom|Rillaboom, F|88/100
|switch|p2a: Qwilfish|Qwilfish, F|100/100
|-ability|p2a: Qwilfish|Intimidate|boost
|-unboost|p1a: Rillaboom|atk|1
|
|-heal|p1a: Rillaboom|94/100|[from] item: Leftovers
|upkeep
|turn|14
|
|move|p1a: Rillaboom|Substitute|p1a: Rillaboom
|-start|p1a: Rillaboom|Substitute
|-damage|p1a: Rillaboom|69/100
|move|p2a: Qwilfish|Taunt|p1a: Rillaboom
|-start|p1a: Rillaboom|move: Taunt
|
|-heal|p1a: Rillaboom|75/100|[from] item: Leftovers
|upkeep
|turn|15
|
|switch|p2a: Sableye|Sableye, M|100/100
|move|p1a: Rillaboom|Knock Off|p2a: Sableye
|-crit|p2a: Sableye
|-damage|p2a: Sableye|52/100
|-enditem|p2a: Sableye|Leftovers|[from] move: Knock Off|[of] p1a: Rillaboom
|
|-heal|p1a: Rillaboom|81/100|[from] item: Leftovers
|upkeep
|turn|16
|l|☆07l中国大妈
|inactive|07l中国大妈 disconnected and has a minute to reconnect!
|player|p2|
|j|☆07l中国大妈
|inactive|07l中国大妈 reconnected and has 120 seconds left.
|player|p2|07l中国大妈|pokefanf-gen4
|
|move|p1a: Rillaboom|Drum Beating|p2a: Sableye
|-damage|p2a: Sableye|24/100
|-unboost|p2a: Sableye|spe|1
|move|p2a: Sableye|Knock Off|p1a: Rillaboom
|-end|p1a: Rillaboom|Substitute
|
|-heal|p1a: Rillaboom|88/100|[from] item: Leftovers
|upkeep
|turn|17
|inactive|07l中国大妈 has 120 seconds left.
|
|switch|p1a: Rotom|Rotom-Fan|67/100
|switch|p2a: Escavalier|Escavalier, F|88/100
|
|-heal|p2a: Escavalier|94/100|[from] item: Leftovers
|upkeep
|turn|18
|
|move|p1a: Rotom|Volt Switch|p2a: Escavalier
|-damage|p2a: Escavalier|64/100
|
|switch|p1a: Flareon|Flareon, M|100/100|[from]move: Volt Switch
|move|p2a: Escavalier|Poison Jab|p1a: Flareon
|-damage|p1a: Flareon|61/100
|
|-heal|p2a: Escavalier|71/100|[from] item: Leftovers
|upkeep
|turn|19
|inactive|07l中国大妈 has 120 seconds left.
|
|switch|p2a: Vaporeon|Vaporeon, F|100/100
|move|p1a: Flareon|Will-O-Wisp|p2a: Vaporeon
|-status|p2a: Vaporeon|brn
|
|-damage|p2a: Vaporeon|94/100 brn|[from] brn
|upkeep
|turn|20
|inactive|07l中国大妈 has 120 seconds left.
|
|switch|p1a: Rotom|Rotom-Fan|67/100
|move|p2a: Vaporeon|Wish|p2a: Vaporeon
|
|-heal|p2a: Vaporeon|100/100 brn|[from] item: Leftovers
|-damage|p2a: Vaporeon|94/100 brn|[from] brn
|upkeep
|turn|21
|inactive|07l中国大妈 has 120 seconds left.
|
|switch|p2a: Escavalier|Escavalier, F|71/100
|move|p1a: Rotom|Thunderbolt|p2a: Escavalier
|-damage|p2a: Escavalier|29/100
|
|-heal|p2a: Escavalier|96/100|[from] move: Wish|[wisher] Vaporeon
|-heal|p2a: Escavalier|100/100|[from] item: Leftovers
|upkeep
|turn|22
|inactive|07l中国大妈 has 120 seconds left.
|
|move|p1a: Rotom|Thunderbolt|p2a: Escavalier
|-damage|p2a: Escavalier|64/100
|move|p2a: Escavalier|Drill Run|p1a: Rotom
|-immune|p1a: Rotom
|
|-heal|p2a: Escavalier|70/100|[from] item: Leftovers
|upkeep
|turn|23
|
|move|p1a: Rotom|Thunderbolt|p2a: Escavalier
|-damage|p2a: Escavalier|32/100
|-status|p2a: Escavalier|par
|move|p2a: Escavalier|Poison Jab|p1a: Rotom
|-damage|p1a: Rotom|25/100
|-status|p1a: Rotom|psn
|
|-heal|p2a: Escavalier|38/100 par|[from] item: Leftovers
|-damage|p1a: Rotom|12/100 psn|[from] psn
|upkeep
|turn|24
|inactive|07l中国大妈 has 120 seconds left.
|
|switch|p2a: Alcremie|Alcremie-Matcha, F|100/100
|move|p1a: Rotom|Thunderbolt|p2a: Alcremie
|-damage|p2a: Alcremie|63/100
|
|-damage|p1a: Rotom|0 fnt|[from] psn
|faint|p1a: Rotom
|upkeep
|
|switch|p1a: Rillaboom|Rillaboom, F|88/100
|turn|25
|inactive|07l中国大妈 has 120 seconds left.
|
|move|p1a: Rillaboom|Swords Dance|p1a: Rillaboom
|-boost|p1a: Rillaboom|atk|2
|move|p2a: Alcremie|Psychic|p1a: Rillaboom
|-damage|p1a: Rillaboom|56/100
|
|-heal|p1a: Rillaboom|62/100|[from] item: Leftovers
|upkeep
|turn|26
|inactive|07l中国大妈 has 120 seconds left.
|
|move|p1a: Rillaboom|Substitute|p1a: Rillaboom
|-start|p1a: Rillaboom|Substitute
|-damage|p1a: Rillaboom|37/100
|move|p2a: Alcremie|Calm Mind|p2a: Alcremie
|-boost|p2a: Alcremie|spa|1
|-boost|p2a: Alcremie|spd|1
|
|-heal|p1a: Rillaboom|43/100|[from] item: Leftovers
|upkeep
|turn|27
|inactive|07l中国大妈 has 120 seconds left.
|
|move|p1a: Rillaboom|Drum Beating|p2a: Alcremie
|-damage|p2a: Alcremie|0 fnt
|faint|p2a: Alcremie
|
|-heal|p1a: Rillaboom|49/100|[from] item: Leftovers
|upkeep
|inactive|07l中国大妈 has 120 seconds left.
|
|switch|p2a: Escavalier|Escavalier, F|38/100 par
|turn|28
|
|move|p1a: Rillaboom|Knock Off|p2a: Escavalier
|-damage|p2a: Escavalier|0 fnt
|-enditem|p2a: Escavalier|Leftovers|[from] move: Knock Off|[of] p1a: Rillaboom
|faint|p2a: Escavalier
|
|-heal|p1a: Rillaboom|56/100|[from] item: Leftovers
|upkeep
|
|switch|p2a: Sableye|Sableye, M|24/100
|turn|29
|
|move|p2a: Sableye|Recover|p2a: Sableye
|-heal|p2a: Sableye|74/100
|move|p1a: Rillaboom|Drum Beating|p2a: Sableye
|-crit|p2a: Sableye
|-damage|p2a: Sableye|0 fnt
|faint|p2a: Sableye
|
|-heal|p1a: Rillaboom|62/100|[from] item: Leftovers
|upkeep
|-message|07l中国大妈 forfeited.
|
|win|talkintime
|l|☆07l中国大妈
