|j|☆Tenshinhan
|j|☆oldmanchief
|t:|1647772139
|gametype|singles
|player|p1|Tenshinhan|266|1121
|player|p2|oldmanchief|li|1072
|teamsize|p1|6
|teamsize|p2|6
|gen|8
|tier|[Gen 8] RU
|rated|
|rule|Sleep Clause Mod: Limit one foe put to sleep
|rule|Species Clause: Limit one of each Pokémon
|rule|OHKO Clause: OHKO moves are banned
|rule|Evasion Moves Clause: Evasion moves are banned
|rule|Endless Battle Clause: Forcing endless battles is banned
|rule|HP Percentage Mod: HP is shown in percentages
|rule|Dynamax Clause: You cannot dynamax
|clearpoke
|poke|p1|Weezing-Galar, M|
|poke|p1|Quagsire, M|
|poke|p1|Porygon2|
|poke|p1|Roserade, F|
|poke|p1|Umbreon, F|
|poke|p1|Bronzong|
|poke|p2|Lucario, M|
|poke|p2|Jellicent, M|
|poke|p2|Steelix, M|
|poke|p2|Celebi|
|poke|p2|Guzzlord|
|poke|p2|Crobat, M|
|teampreview
|inactive|Battle timer is ON: inactive players will automatically lose when time's up. (requested by oldmanchief)
|inactive|oldmanchief has 120 seconds left.
|
|t:|1647772188
|start
|switch|p1a: Bronzong|Bronzong|100/100
|switch|p2a: Crobat|Crobat, M|100/100
|turn|1
|
|t:|1647772193
|move|p2a: Crobat|U-turn|p1a: Bronzong
|-damage|p1a: Bronzong|87/100
|
|t:|1647772195
|switch|p2a: Guzzlord|Guzzlord|100/100|[from]move: U-turn
|move|p1a: Bronzong|Stealth Rock|p2a: Guzzlord
|-sidestart|p2: oldmanchief|move: Stealth Rock
|
|-heal|p1a: Bronzong|93/100|[from] item: Leftovers
|upkeep
|turn|2
|
|t:|1647772201
|switch|p1a: Weezing|Weezing-Galar, M|100/100
|-ability|p1a: Weezing|Neutralizing Gas
|move|p2a: Guzzlord|Knock Off|p1a: Weezing
|-resisted|p1a: Weezing
|-damage|p1a: Weezing|87/100
|-damage|p2a: Guzzlord|84/100|[from] item: Rocky Helmet|[of] p1a: Weezing
|-enditem|p1a: Weezing|Rocky Helmet|[from] move: Knock Off|[of] p2a: Guzzlord
|
|-heal|p2a: Guzzlord|90/100|[from] item: Leftovers
|upkeep
|turn|3
|
|t:|1647772212
|move|p2a: Guzzlord|Protect|p2a: Guzzlord
|-singleturn|p2a: Guzzlord|Protect
|move|p1a: Weezing|Corrosive Gas|p2a: Guzzlord
|-activate|p2a: Guzzlord|move: Protect
|
|-heal|p2a: Guzzlord|96/100|[from] item: Leftovers
|upkeep
|turn|4
|
|t:|1647772217
|switch|p2a: Crobat|Crobat, M|100/100
|move|p1a: Weezing|Corrosive Gas|p2a: Crobat
|-enditem|p2a: Crobat|Heavy-Duty Boots|[from] move: Corrosive Gas|[of] p1a: Weezing
|
|upkeep
|turn|5
|
|t:|1647772223
|-end|p1a: Weezing|ability: Neutralizing Gas
|switch|p1a: Bronzong|Bronzong|93/100
|move|p2a: Crobat|Defog|p1a: Bronzong
|-unboost|p1a: Bronzong|evasion|1
|-sideend|p2: oldmanchief|Stealth Rock|[from] move: Defog|[of] p2a: Crobat
|
|-heal|p1a: Bronzong|99/100|[from] item: Leftovers
|upkeep
|turn|6
|
|t:|1647772226
|move|p2a: Crobat|U-turn|p1a: Bronzong
|-crit|p1a: Bronzong
|-damage|p1a: Bronzong|75/100
|
|t:|1647772228
|switch|p2a: Guzzlord|Guzzlord|96/100|[from]move: U-turn
|move|p1a: Bronzong|Stealth Rock|p2a: Guzzlord
|-sidestart|p2: oldmanchief|move: Stealth Rock
|
|-heal|p2a: Guzzlord|100/100|[from] item: Leftovers
|-heal|p1a: Bronzong|81/100|[from] item: Leftovers
|upkeep
|turn|7
|
|t:|1647772235
|switch|p1a: Weezing|Weezing-Galar, M|87/100
|-ability|p1a: Weezing|Neutralizing Gas
|move|p2a: Guzzlord|Heavy Slam|p1a: Weezing
|-supereffective|p1a: Weezing
|-damage|p1a: Weezing|40/100
|
|upkeep
|turn|8
|
|t:|1647772248
|-end|p1a: Weezing|ability: Neutralizing Gas
|switch|p1a: Umbreon|Umbreon, F|100/100
|move|p2a: Guzzlord|Heavy Slam|p1a: Umbreon
|-damage|p1a: Umbreon|74/100
|
|upkeep
|turn|9
|
|t:|1647772259
|switch|p2a: Steelix|Steelix, M|100/100
|-damage|p2a: Steelix|97/100|[from] Stealth Rock
|move|p1a: Umbreon|Wish|p1a: Umbreon
|
|-heal|p2a: Steelix|100/100|[from] item: Leftovers
|upkeep
|turn|10
|
|t:|1647772267
|switch|p1a: Weezing|Weezing-Galar, M|40/100
|-ability|p1a: Weezing|Neutralizing Gas
|move|p2a: Steelix|Heavy Slam|p1a: Weezing
|-supereffective|p1a: Weezing
|-damage|p1a: Weezing|0 fnt
|faint|p1a: Weezing
|-end|p1a: Weezing|ability: Neutralizing Gas
|
|upkeep
|
|t:|1647772274
|switch|p1a: Roserade|Roserade, F|100/100
|turn|11
|
|t:|1647772280
|switch|p2a: Crobat|Crobat, M|100/100
|-damage|p2a: Crobat|75/100|[from] Stealth Rock
|move|p1a: Roserade|Leech Seed|p2a: Crobat|[miss]
|-miss|p1a: Roserade|p2a: Crobat
|
|upkeep
|turn|12
|
|t:|1647772289
|move|p2a: Crobat|Defog|p1a: Roserade
|-unboost|p1a: Roserade|evasion|1
|-sideend|p2: oldmanchief|Stealth Rock|[from] move: Defog|[of] p2a: Crobat
|move|p1a: Roserade|Leech Seed|p2a: Crobat
|-start|p2a: Crobat|move: Leech Seed
|
|-damage|p2a: Crobat|63/100|[from] Leech Seed|[of] p1a: Roserade
|upkeep
|turn|13
|
|t:|1647772294
|move|p2a: Crobat|U-turn|p1a: Roserade
|-damage|p1a: Roserade|74/100
|
|t:|1647772309
|switch|p2a: Celebi|Celebi|100/100|[from]move: U-turn
|move|p1a: Roserade|Spikes|p2a: Celebi
|-sidestart|p2: oldmanchief|Spikes
|
|-heal|p1a: Roserade|80/100|[from] item: Black Sludge
|upkeep
|turn|14
|
|t:|1647772315
|move|p2a: Celebi|Nasty Plot|p2a: Celebi
|-boost|p2a: Celebi|spa|2
|move|p1a: Roserade|Sludge Bomb|p2a: Celebi
|-supereffective|p2a: Celebi
|-damage|p2a: Celebi|29/100
|
|-heal|p1a: Roserade|86/100|[from] item: Black Sludge
|upkeep
|turn|15
|
|t:|1647772321
|switch|p1a: Bronzong|Bronzong|81/100
|move|p2a: Celebi|Psychic|p1a: Bronzong
|-resisted|p1a: Bronzong
|-damage|p1a: Bronzong|68/100
|
|-heal|p1a: Bronzong|74/100|[from] item: Leftovers
|upkeep
|turn|16
|
|t:|1647772326
|move|p2a: Celebi|Recover|p2a: Celebi
|-heal|p2a: Celebi|79/100
|move|p1a: Bronzong|Heavy Slam|p2a: Celebi
|-damage|p2a: Celebi|44/100
|
|-heal|p1a: Bronzong|80/100|[from] item: Leftovers
|upkeep
|turn|17
|
|t:|1647772332
|move|p2a: Celebi|Recover|p2a: Celebi
|-heal|p2a: Celebi|94/100
|move|p1a: Bronzong|Stealth Rock|p2a: Celebi
|-sidestart|p2: oldmanchief|move: Stealth Rock
|
|-heal|p1a: Bronzong|86/100|[from] item: Leftovers
|upkeep
|turn|18
|
|t:|1647772335
|move|p2a: Celebi|Leaf Storm|p1a: Bronzong
|-resisted|p1a: Bronzong
|-damage|p1a: Bronzong|47/100
|-unboost|p2a: Celebi|spa|2
|move|p1a: Bronzong|Heavy Slam|p2a: Celebi
|-damage|p2a: Celebi|59/100
|
|-heal|p1a: Bronzong|53/100|[from] item: Leftovers
|upkeep
|turn|19
|
|t:|1647772343
|switch|p2a: Guzzlord|Guzzlord|100/100
|-damage|p2a: Guzzlord|88/100|[from] Stealth Rock
|-damage|p2a: Guzzlord|76/100|[from] Spikes
|move|p1a: Bronzong|Toxic|p2a: Guzzlord
|-status|p2a: Guzzlord|tox
|
|-heal|p2a: Guzzlord|82/100 tox|[from] item: Leftovers
|-heal|p1a: Bronzong|60/100|[from] item: Leftovers
|-damage|p2a: Guzzlord|76/100 tox|[from] psn
|upkeep
|turn|20
|
|t:|1647772350
|switch|p1a: Umbreon|Umbreon, F|74/100
|move|p2a: Guzzlord|Knock Off|p1a: Umbreon
|-resisted|p1a: Umbreon
|-damage|p1a: Umbreon|56/100
|-enditem|p1a: Umbreon|Heavy-Duty Boots|[from] move: Knock Off|[of] p2a: Guzzlord
|
|-heal|p2a: Guzzlord|82/100 tox|[from] item: Leftovers
|-damage|p2a: Guzzlord|69/100 tox|[from] psn
|upkeep
|turn|21
|
|t:|1647772358
|switch|p2a: Crobat|Crobat, M|63/100
|-damage|p2a: Crobat|38/100|[from] Stealth Rock
|move|p1a: Umbreon|Foul Play|p2a: Crobat
|-damage|p2a: Crobat|0 fnt
|faint|p2a: Crobat
|
|upkeep
|
|t:|1647772365
|switch|p2a: Lucario|Lucario, M|100/100
|-damage|p2a: Lucario|98/100|[from] Stealth Rock
|-damage|p2a: Lucario|85/100|[from] Spikes
|turn|22
|
|t:|1647772368
|switch|p1a: Quagsire|Quagsire, M|100/100
|move|p2a: Lucario|Close Combat|p1a: Quagsire
|-damage|p1a: Quagsire|38/100
|-unboost|p2a: Lucario|def|1
|-unboost|p2a: Lucario|spd|1
|
|-heal|p1a: Quagsire|44/100|[from] item: Leftovers
|upkeep
|turn|23
|
|t:|1647772393
|move|p2a: Lucario|Close Combat|p1a: Quagsire
|-damage|p1a: Quagsire|0 fnt
|-unboost|p2a: Lucario|def|1
|-unboost|p2a: Lucario|spd|1
|faint|p1a: Quagsire
|
|upkeep
|
|t:|1647772399
|switch|p1a: Roserade|Roserade, F|86/100
|turn|24
|
|t:|1647772410
|switch|p2a: Steelix|Steelix, M|100/100
|-damage|p2a: Steelix|97/100|[from] Stealth Rock
|-damage|p2a: Steelix|85/100|[from] Spikes
|move|p1a: Roserade|Giga Drain|p2a: Steelix
|-damage|p2a: Steelix|58/100
|-heal|p1a: Roserade|100/100|[from] drain|[of] p2a: Steelix
|
|-heal|p2a: Steelix|65/100|[from] item: Leftovers
|upkeep
|turn|25
|
|t:|1647772418
|move|p1a: Roserade|Spikes|p2a: Steelix
|-sidestart|p2: oldmanchief|Spikes
|move|p2a: Steelix|Earthquake|p1a: Roserade
|-damage|p1a: Roserade|58/100
|
|-heal|p1a: Roserade|64/100|[from] item: Black Sludge
|-heal|p2a: Steelix|71/100|[from] item: Leftovers
|upkeep
|turn|26
|
|t:|1647772425
|move|p1a: Roserade|Leech Seed|p2a: Steelix
|-start|p2a: Steelix|move: Leech Seed
|move|p2a: Steelix|Stealth Rock|p1a: Roserade
|-sidestart|p1: Tenshinhan|move: Stealth Rock
|
|-heal|p1a: Roserade|70/100|[from] item: Black Sludge
|-heal|p2a: Steelix|77/100|[from] item: Leftovers
|-damage|p2a: Steelix|65/100|[from] Leech Seed|[of] p1a: Roserade
|-heal|p1a: Roserade|84/100|[silent]
|upkeep
|turn|27
|
|t:|1647772434
|switch|p2a: Guzzlord|Guzzlord|69/100 tox
|-damage|p2a: Guzzlord|53/100 tox|[from] Spikes
|-damage|p2a: Guzzlord|41/100 tox|[from] Stealth Rock
|move|p1a: Roserade|Spikes|p2a: Guzzlord
|-sidestart|p2: oldmanchief|Spikes
|
|-heal|p1a: Roserade|90/100|[from] item: Black Sludge
|-heal|p2a: Guzzlord|47/100 tox|[from] item: Leftovers
|-damage|p2a: Guzzlord|41/100 tox|[from] psn
|upkeep
|turn|28
|
|t:|1647772446
|switch|p1a: Umbreon|Umbreon, F|56/100
|-damage|p1a: Umbreon|44/100|[from] Stealth Rock
|switch|p2a: Lucario|Lucario, M|85/100
|-damage|p2a: Lucario|60/100|[from] Spikes
|-damage|p2a: Lucario|57/100|[from] Stealth Rock
|
|upkeep
|turn|29
|
|t:|1647772449
|move|p1a: Umbreon|Protect|p1a: Umbreon
|-singleturn|p1a: Umbreon|Protect
|move|p2a: Lucario|Close Combat|p1a: Umbreon
|-activate|p1a: Umbreon|move: Protect
|
|upkeep
|turn|30
|
|t:|1647772457
|move|p2a: Lucario|Close Combat|p1a: Umbreon
|-supereffective|p1a: Umbreon
|-damage|p1a: Umbreon|0 fnt
|-unboost|p2a: Lucario|def|1
|-unboost|p2a: Lucario|spd|1
|faint|p1a: Umbreon
|
|upkeep
|
|t:|1647772459
|switch|p1a: Roserade|Roserade, F|90/100
|-damage|p1a: Roserade|78/100|[from] Stealth Rock
|turn|31
|
|t:|1647772476
|switch|p2a: Celebi|Celebi|59/100
|move|p1a: Roserade|Giga Drain|p2a: Celebi
|-resisted|p2a: Celebi
|-damage|p2a: Celebi|44/100
|-heal|p1a: Roserade|86/100|[from] drain|[of] p2a: Celebi
|
|-heal|p1a: Roserade|92/100|[from] item: Black Sludge
|upkeep
|turn|32
|
|t:|1647772481
|switch|p1a: Bronzong|Bronzong|60/100
|-damage|p1a: Bronzong|53/100|[from] Stealth Rock
|move|p2a: Celebi|Recover|p2a: Celebi
|-heal|p2a: Celebi|94/100
|
|-heal|p1a: Bronzong|60/100|[from] item: Leftovers
|upkeep
|turn|33
|
|t:|1647772489
|switch|p2a: Guzzlord|Guzzlord|41/100 tox
|-damage|p2a: Guzzlord|28/100 tox|[from] Stealth Rock
|-damage|p2a: Guzzlord|3/100 tox|[from] Spikes
|move|p1a: Bronzong|Earthquake|p2a: Guzzlord
|-damage|p2a: Guzzlord|0 fnt
|faint|p2a: Guzzlord
|
|-heal|p1a: Bronzong|66/100|[from] item: Leftovers
|upkeep
|
|t:|1647772496
|switch|p2a: Jellicent|Jellicent, M|100/100
|-damage|p2a: Jellicent|88/100|[from] Stealth Rock
|-damage|p2a: Jellicent|63/100|[from] Spikes
|turn|34
|
|t:|1647772500
|switch|p1a: Roserade|Roserade, F|92/100
|-damage|p1a: Roserade|80/100|[from] Stealth Rock
|move|p2a: Jellicent|Will-O-Wisp|p1a: Roserade
|-status|p1a: Roserade|brn
|
|-heal|p1a: Roserade|86/100 brn|[from] item: Black Sludge
|-damage|p1a: Roserade|80/100 brn|[from] brn
|upkeep
|turn|35
|
|t:|1647772510
|switch|p2a: Celebi|Celebi|94/100
|move|p1a: Roserade|Leech Seed|p2a: Celebi
|-immune|p2a: Celebi
|
|-heal|p1a: Roserade|86/100 brn|[from] item: Black Sludge
|-damage|p1a: Roserade|80/100 brn|[from] brn
|upkeep
|turn|36
|
|t:|1647772516
|move|p2a: Celebi|Nasty Plot|p2a: Celebi
|-boost|p2a: Celebi|spa|2
|move|p1a: Roserade|Giga Drain|p2a: Celebi
|-resisted|p2a: Celebi
|-damage|p2a: Celebi|78/100
|-heal|p1a: Roserade|88/100 brn|[from] drain|[of] p2a: Celebi
|
|-heal|p1a: Roserade|94/100 brn|[from] item: Black Sludge
|-damage|p1a: Roserade|88/100 brn|[from] brn
|upkeep
|turn|37
|
|t:|1647772525
|-curestatus|p1a: Roserade|brn|[from] ability: Natural Cure
|switch|p1a: Bronzong|Bronzong|66/100
|-damage|p1a: Bronzong|60/100|[from] Stealth Rock
|move|p2a: Celebi|Nasty Plot|p2a: Celebi
|-boost|p2a: Celebi|spa|2
|
|-heal|p1a: Bronzong|66/100|[from] item: Leftovers
|upkeep
|turn|38
|
|t:|1647772529
|move|p2a: Celebi|Leaf Storm|p1a: Bronzong
|-resisted|p1a: Bronzong
|-damage|p1a: Bronzong|11/100
|-unboost|p2a: Celebi|spa|2
|move|p1a: Bronzong|Toxic|p2a: Celebi
|-status|p2a: Celebi|tox
|
|-heal|p1a: Bronzong|17/100|[from] item: Leftovers
|-damage|p2a: Celebi|72/100 tox|[from] psn
|upkeep
|turn|39
|
|t:|1647772538
|switch|p1a: Porygon2|Porygon2|100/100
|-damage|p1a: Porygon2|88/100|[from] Stealth Rock
|-ability|p1a: Porygon2|Natural Cure|[from] ability: Trace|[of] p2a: Celebi
|move|p2a: Celebi|Psychic|p1a: Porygon2
|-damage|p1a: Porygon2|55/100
|
|-damage|p2a: Celebi|60/100 tox|[from] psn
|upkeep
|turn|40
|
|t:|1647772544
|move|p2a: Celebi|Leaf Storm|p1a: Porygon2
|-damage|p1a: Porygon2|0 fnt
|-unboost|p2a: Celebi|spa|2
|faint|p1a: Porygon2
|
|-damage|p2a: Celebi|41/100 tox|[from] psn
|upkeep
|
|t:|1647772552
|switch|p1a: Bronzong|Bronzong|17/100
|-damage|p1a: Bronzong|11/100|[from] Stealth Rock
|turn|41
|
|t:|1647772561
|-curestatus|p2a: Celebi|tox|[from] ability: Natural Cure
|switch|p2a: Jellicent|Jellicent, M|63/100
|-damage|p2a: Jellicent|38/100|[from] Spikes
|-damage|p2a: Jellicent|26/100|[from] Stealth Rock
|move|p1a: Bronzong|Earthquake|p2a: Jellicent
|-damage|p2a: Jellicent|8/100
|
|-heal|p1a: Bronzong|17/100|[from] item: Leftovers
|upkeep
|turn|42
|
|t:|1647772572
|move|p2a: Jellicent|Hex|p1a: Bronzong
|-supereffective|p1a: Bronzong
|-damage|p1a: Bronzong|0 fnt
|faint|p1a: Bronzong
|
|upkeep
|
|t:|1647772575
|switch|p1a: Roserade|Roserade, F|88/100
|-damage|p1a: Roserade|75/100|[from] Stealth Rock
|turn|43
|
|t:|1647772581
|move|p1a: Roserade|Giga Drain|p2a: Jellicent
|-supereffective|p2a: Jellicent
|-damage|p2a: Jellicent|0 fnt
|-heal|p1a: Roserade|80/100|[from] drain|[of] p2a: Jellicent
|faint|p2a: Jellicent
|
|-heal|p1a: Roserade|86/100|[from] item: Black Sludge
|upkeep
|
|t:|1647772583
|switch|p2a: Celebi|Celebi|41/100
|turn|44
|
|t:|1647772585
|move|p2a: Celebi|Psychic|p1a: Roserade
|-supereffective|p1a: Roserade
|-damage|p1a: Roserade|28/100
|move|p1a: Roserade|Sludge Bomb|p2a: Celebi
|-supereffective|p2a: Celebi
|-damage|p2a: Celebi|0 fnt
|faint|p2a: Celebi
|
|-heal|p1a: Roserade|34/100|[from] item: Black Sludge
|upkeep
|
|t:|1647772590
|switch|p2a: Lucario|Lucario, M|57/100
|-damage|p2a: Lucario|55/100|[from] Stealth Rock
|-damage|p2a: Lucario|30/100|[from] Spikes
|turn|45
|
|t:|1647772594
|move|p2a: Lucario|Extreme Speed|p1a: Roserade
|-damage|p1a: Roserade|0 fnt
|faint|p1a: Roserade
|
|win|oldmanchief
|raw|Tenshinhan's rating: 1121 &rarr; <strong>1092</strong><br />(-29 for losing)
|raw|oldmanchief's rating: 1072 &rarr; <strong>1105</strong><br />(+33 for winning)
|l|☆Tenshinhan
|c|☆oldmanchief|keep stalling
