|j|☆wild drud
|j|☆Xizaaa
|t:|1610133037
|player|p1|wild drud|richboy-gen4|
|player|p2|Xizaaa|#ssdivleviathans|
|teamsize|p1|6
|teamsize|p2|6
|gametype|singles
|gen|8
|tier|[Gen 8] RU
|clearpoke
|poke|p1|Darmanitan, F|
|poke|p1|Dragalge, F|
|poke|p1|Zarude-Dada|
|poke|p1|Steelix, M|
|poke|p1|Thundurus, M|
|poke|p1|Sylveon, F|
|poke|p2|Milotic, F|
|poke|p2|Steelix, F|
|poke|p2|Zarude|
|poke|p2|Thundurus, M|
|poke|p2|Snorlax, M|
|poke|p2|Crobat, F|
|rule|Sleep Clause Mod: Limit one foe put to sleep
|rule|Species Clause: Limit one of each Pokémon
|rule|OHKO Clause: OHKO moves are banned
|rule|Evasion Moves Clause: Evasion moves are banned
|rule|Endless Battle Clause: Forcing endless battles is banned
|rule|HP Percentage Mod: HP is shown in percentages
|rule|Dynamax Clause: You cannot dynamax
|teampreview
|c|☆wild drud|gl hf
|c|☆Xizaaa|Hf
|j| dhehehdh
|j| Wedjene
|j| Prof.Otaku
|j| zSpxdes
|j| Givrix
|c| zSpxdes|DRUD
|c| zSpxdes|LETS GO
|j| McSim
|j| VroomVoitures
|c| VroomVoitures|La pizaaa
|c| McSim|DRUD LGI
|j| AntaresLeNoo3
|j| Ak-zud
|j| Nultiprise
|j| G4lactiK
|c| VroomVoitures|Ok nvm un joue dada pas l'autre
|j| HaxxSel
|j| Cherbou
|j| ojr
|c|☆Xizaaa|Tais toi la taupe
|j| yedla
|
|t:|1610133152
|start
|switch|p1a: Darmanitan|Darmanitan, F, shiny|100/100
|switch|p2a: Steelix|Steelix, F|100/100
|turn|1
|j| nonante huit
|c| VroomVoitures|:taupe:
|c|☆Xizaaa|:tapuegun:
|j| Vextal
|c|☆Xizaaa|Merde
|
|t:|1610133176
|move|p1a: Darmanitan|U-turn|p2a: Steelix
|-resisted|p2a: Steelix
|-damage|p2a: Steelix|95/100
|c|☆Xizaaa|:taupegun:*
|l| Cherbou
|c| dhehehdh|bonjour monsieur
|l| Prof.Otaku
|c| dhehehdh|c'est fini le baguette
|c|☆Xizaaa|Salut mec
|j| Cherbou
|c|☆Xizaaa|ca va?
|
|t:|1610133211
|switch|p1a: Steelix|Steelix, M|100/100|[from]move: U-turn
|move|p2a: Steelix|Stealth Rock|p1a: Steelix
|-sidestart|p1: wild drud|move: Stealth Rock
|
|-heal|p2a: Steelix|100/100|[from] item: Leftovers
|upkeep
|turn|2
|j| RindaOkami
|j| OUTW Beer
|j| OUTW JEBACDISA
|j| Prof.Otaku
|j| i'm hate hats
|c| OUTW JEBACDISA|go drud
|inactive|Battle timer is ON: inactive players will automatically lose when time's up. (requested by wild drud)
|
|t:|1610133261
|move|p1a: Steelix|Stealth Rock|p2a: Steelix
|-sidestart|p2: Xizaaa|move: Stealth Rock
|move|p2a: Steelix|Body Press|p1a: Steelix
|-supereffective|p1a: Steelix
|-damage|p1a: Steelix|62/100
|
|-heal|p1a: Steelix|68/100|[from] item: Leftovers
|upkeep
|turn|3
|l| i'm hate hats
|j| i'm hate hats
|
|t:|1610133283
|switch|p2a: Milotic|Milotic, F|100/100
|move|p1a: Steelix|Body Press|p2a: Milotic
|-damage|p2a: Milotic|71/100
|
|-heal|p1a: Steelix|75/100|[from] item: Leftovers
|upkeep
|turn|4
|
|t:|1610133302
|switch|p1a: Dragalge|Dragalge, F, shiny|100/100
|-damage|p1a: Dragalge|88/100|[from] Stealth Rock
|move|p2a: Milotic|Flip Turn|p1a: Dragalge
|-resisted|p1a: Dragalge
|-damage|p1a: Dragalge|81/100
|j| aaaaaaaaaals
|l| VroomVoitures
|j| KJLX
|inactive|Xizaaa has 270 seconds left.
|j| VroomVoitures
|j| Jenna Angel
|inactive|Xizaaa has 240 seconds left.
|l| aaaaaaaaaals
|l| ojr
|inactive|Xizaaa has 210 seconds left.
|
|t:|1610133388
|switch|p2a: Snorlax|Snorlax, M|100/100|[from]move: Flip Turn
|-damage|p2a: Snorlax|88/100|[from] Stealth Rock
|
|-heal|p1a: Dragalge|87/100|[from] item: Black Sludge
|-heal|p2a: Snorlax|94/100|[from] item: Leftovers
|upkeep
|turn|5
|j| Ghostricker♫0197❄️
|inactive|wild drud has 270 seconds left.
|l| Ghostricker♫0197❄️
|
|t:|1610133448
|switch|p1a: Steelix|Steelix, M|75/100
|-damage|p1a: Steelix|71/100|[from] Stealth Rock
|move|p2a: Snorlax|Curse|p2a: Snorlax
|-unboost|p2a: Snorlax|spe|1
|-boost|p2a: Snorlax|atk|1
|-boost|p2a: Snorlax|def|1
|
|-heal|p1a: Steelix|78/100|[from] item: Leftovers
|-heal|p2a: Snorlax|99/100|[from] item: Leftovers
|upkeep
|turn|6
|
|t:|1610133455
|move|p1a: Steelix|Body Press|p2a: Snorlax
|-supereffective|p2a: Snorlax
|-damage|p2a: Snorlax|59/100
|move|p2a: Snorlax|Curse|p2a: Snorlax
|-unboost|p2a: Snorlax|spe|1
|-boost|p2a: Snorlax|atk|1
|-boost|p2a: Snorlax|def|1
|
|-heal|p1a: Steelix|84/100|[from] item: Leftovers
|-heal|p2a: Snorlax|65/100|[from] item: Leftovers
|upkeep
|turn|7
|inactive|wild drud has 240 seconds left.
|inactive|Xizaaa has 210 seconds left.
|inactive|wild drud has 210 seconds left.
|j| HurtaDOO♥
|j| bouki
|inactive|wild drud has 180 seconds left.
|
|t:|1610133542
|move|p1a: Steelix|Body Press|p2a: Snorlax
|-supereffective|p2a: Snorlax
|-damage|p2a: Snorlax|34/100
|move|p2a: Snorlax|Curse|p2a: Snorlax
|-unboost|p2a: Snorlax|spe|1
|-boost|p2a: Snorlax|atk|1
|-boost|p2a: Snorlax|def|1
|
|-heal|p1a: Steelix|90/100|[from] item: Leftovers
|-heal|p2a: Snorlax|40/100|[from] item: Leftovers
|upkeep
|turn|8
|j| Toadow
|inactive|wild drud has 180 seconds left.
|inactive|Xizaaa has 210 seconds left.
|
|t:|1610133564
|move|p1a: Steelix|Body Press|p2a: Snorlax
|-supereffective|p2a: Snorlax
|-damage|p2a: Snorlax|17/100
|move|p2a: Snorlax|Rest|p2a: Snorlax
|-status|p2a: Snorlax|slp|[from] move: Rest
|-heal|p2a: Snorlax|100/100 slp|[silent]
|
|-heal|p1a: Steelix|96/100|[from] item: Leftovers
|upkeep
|turn|9
|
|t:|1610133581
|move|p1a: Steelix|Body Press|p2a: Snorlax
|-supereffective|p2a: Snorlax
|-damage|p2a: Snorlax|78/100 slp
|cant|p2a: Snorlax|slp
|
|-heal|p1a: Steelix|100/100|[from] item: Leftovers
|-heal|p2a: Snorlax|85/100 slp|[from] item: Leftovers
|upkeep
|turn|10
|
|t:|1610133585
|move|p1a: Steelix|Body Press|p2a: Snorlax
|-supereffective|p2a: Snorlax
|-crit|p2a: Snorlax
|-damage|p2a: Snorlax|0 fnt
|faint|p2a: Snorlax
|
|upkeep
|
|t:|1610133589
|switch|p2a: Milotic|Milotic, F|71/100
|turn|11
|j| Ghostricker♫0197❄️
|j| Indercover
|inactive|wild drud has 180 seconds left.
|l| KJLX
|j| Teaquoo√∆
|
|t:|1610133606
|switch|p1a: Thundurus|Thundurus, M, shiny|100/100
|move|p2a: Milotic|Flip Turn|p1a: Thundurus
|-damage|p1a: Thundurus|79/100
|l| Nultiprise
|l| Ghostricker♫0197❄️
|
|t:|1610133629
|switch|p2a: Thundurus|Thundurus, M|100/100|[from]move: Flip Turn
|
|upkeep
|turn|12
|inactive|wild drud has 180 seconds left.
|j| TR Hurricane
|
|t:|1610133666
|switch|p1a: Dragalge|Dragalge, F, shiny|87/100
|-damage|p1a: Dragalge|75/100|[from] Stealth Rock
|move|p2a: Thundurus|Thunderbolt|p1a: Dragalge
|-resisted|p1a: Dragalge
|-damage|p1a: Dragalge|56/100
|-status|p1a: Dragalge|par
|
|-heal|p1a: Dragalge|62/100 par|[from] item: Black Sludge
|upkeep
|turn|13
|inactive|wild drud has 150 seconds left.
|
|t:|1610133692
|move|p2a: Thundurus|Volt Switch|p1a: Dragalge
|-resisted|p1a: Dragalge
|-damage|p1a: Dragalge|48/100 par
|
|t:|1610133703
|switch|p2a: Steelix|Steelix, F|100/100|[from]move: Volt Switch
|-damage|p2a: Steelix|97/100|[from] Stealth Rock
|move|p1a: Dragalge|Draco Meteor|p2a: Steelix
|-resisted|p2a: Steelix
|-damage|p2a: Steelix|63/100
|-unboost|p1a: Dragalge|spa|2
|
|-heal|p2a: Steelix|69/100|[from] item: Leftovers
|-heal|p1a: Dragalge|54/100 par|[from] item: Black Sludge
|upkeep
|turn|14
|inactive|wild drud has 150 seconds left.
|
|t:|1610133710
|switch|p1a: Steelix|Steelix, M|100/100
|-damage|p1a: Steelix|97/100|[from] Stealth Rock
|move|p2a: Steelix|Body Press|p1a: Steelix
|-supereffective|p1a: Steelix
|-damage|p1a: Steelix|63/100
|
|-heal|p1a: Steelix|70/100|[from] item: Leftovers
|-heal|p2a: Steelix|76/100|[from] item: Leftovers
|upkeep
|turn|15
|
|t:|1610133717
|switch|p2a: Milotic|Milotic, F|71/100
|move|p1a: Steelix|Body Press|p2a: Milotic
|-damage|p2a: Milotic|41/100
|
|-heal|p1a: Steelix|76/100|[from] item: Leftovers
|upkeep
|turn|16
|
|t:|1610133724
|switch|p1a: Thundurus|Thundurus, M, shiny|79/100
|move|p2a: Milotic|Recover|p2a: Milotic
|-heal|p2a: Milotic|91/100
|
|upkeep
|turn|17
|inactive|Xizaaa has 240 seconds left.
|l| i'm hate hats
|l| VroomVoitures
|
|t:|1610133755
|move|p1a: Thundurus|Knock Off|p2a: Milotic
|-damage|p2a: Milotic|71/100
|-enditem|p2a: Milotic|Heavy-Duty Boots|[from] move: Knock Off|[of] p1a: Thundurus
|move|p2a: Milotic|Flip Turn|p1a: Thundurus
|-damage|p1a: Thundurus|57/100
|
|t:|1610133758
|switch|p2a: Thundurus|Thundurus, M|100/100|[from]move: Flip Turn
|
|upkeep
|turn|18
|inactive|wild drud has 180 seconds left.
|
|t:|1610133769
|switch|p1a: Steelix|Steelix, M|76/100
|-damage|p1a: Steelix|73/100|[from] Stealth Rock
|move|p2a: Thundurus|Volt Switch|p1a: Steelix
|-immune|p1a: Steelix
|
|-heal|p1a: Steelix|79/100|[from] item: Leftovers
|upkeep
|turn|19
|j| VroomVoitures
|inactive|wild drud has 180 seconds left.
|inactive|Xizaaa has 240 seconds left.
|
|t:|1610133784
|switch|p1a: Dragalge|Dragalge, F, shiny|54/100 par
|-damage|p1a: Dragalge|42/100 par|[from] Stealth Rock
|move|p2a: Thundurus|Focus Blast|p1a: Dragalge
|-resisted|p1a: Dragalge
|-damage|p1a: Dragalge|23/100 par
|
|-heal|p1a: Dragalge|29/100 par|[from] item: Black Sludge
|upkeep
|turn|20
|l| VroomVoitures
|j| VroomVoitures
|inactive|wild drud has 150 seconds left.
|
|t:|1610133822
|move|p2a: Thundurus|Volt Switch|p1a: Dragalge
|-resisted|p1a: Dragalge
|-crit|p1a: Dragalge
|-damage|p1a: Dragalge|5/100 par
|
|t:|1610133825
|switch|p2a: Crobat|Crobat, F|100/100|[from]move: Volt Switch
|cant|p1a: Dragalge|par
|
|-heal|p1a: Dragalge|11/100 par|[from] item: Black Sludge
|upkeep
|turn|21
|c|☆Xizaaa|Mb
|c|☆wild drud|dw
|inactive|wild drud has 150 seconds left.
|
|t:|1610133841
|move|p2a: Crobat|Brave Bird|p1a: Dragalge
|-damage|p1a: Dragalge|0 fnt
|-damage|p2a: Crobat|97/100|[from] Recoil
|faint|p1a: Dragalge
|
|upkeep
|inactive|wild drud has 150 seconds left.
|inactive|wild drud has 120 seconds left.
|j| show404
|inactive|wild drud has 90 seconds left.
|inactive|wild drud has 60 seconds left.
|
|t:|1610133946
|switch|p1a: Darmanitan|Darmanitan, F, shiny|100/100
|turn|22
|inactive|wild drud has 60 seconds left.
|
|t:|1610133965
|move|p2a: Crobat|Brave Bird|p1a: Darmanitan
|-damage|p1a: Darmanitan|43/100
|-damage|p2a: Crobat|79/100|[from] Recoil
|move|p1a: Darmanitan|Rock Slide|p2a: Crobat
|-supereffective|p2a: Crobat
|-damage|p2a: Crobat|2/100
|
|upkeep
|turn|23
|
|t:|1610133983
|switch|p1a: Thundurus|Thundurus, M, shiny|57/100
|move|p2a: Crobat|Roost|p2a: Crobat
|-heal|p2a: Crobat|52/100
|-singleturn|p2a: Crobat|move: Roost
|
|upkeep
|turn|24
|
|t:|1610133990
|move|p2a: Crobat|U-turn|p1a: Thundurus
|-resisted|p1a: Thundurus
|-damage|p1a: Thundurus|45/100
|
|t:|1610133992
|switch|p2a: Zarude|Zarude|100/100|[from]move: U-turn
|-damage|p2a: Zarude|88/100|[from] Stealth Rock
|move|p1a: Thundurus|Knock Off|p2a: Zarude
|-resisted|p2a: Zarude
|-damage|p2a: Zarude|77/100
|-enditem|p2a: Zarude|Leftovers|[from] move: Knock Off|[of] p1a: Thundurus
|
|upkeep
|turn|25
|j| Ghostricker♫0197❄️
|inactive|Xizaaa has 240 seconds left.
|
|t:|1610134018
|move|p1a: Thundurus|U-turn|p2a: Zarude
|-supereffective|p2a: Zarude
|-crit|p2a: Zarude
|-damage|p2a: Zarude|0 fnt
|faint|p2a: Zarude
|inactive|wild drud has 60 seconds left.
|j| Sharow 水上
|inactive|wild drud has 30 seconds left.
|j| Akehi
|inactive|wild drud has 20 seconds left.
|inactive|wild drud has 15 seconds left.
|inactive|wild drud has 10 seconds left.
|
|t:|1610134083
|switch|p1a: Zarude|Zarude-Dada|100/100|[from]move: U-turn
|-damage|p1a: Zarude|88/100|[from] Stealth Rock
|
|upkeep
|inactive|wild drud has 15 seconds left this turn.
|inactive|Xizaaa has 240 seconds left.
|c|☆Xizaaa|Wow what an ugly mon
|
|t:|1610134100
|switch|p2a: Crobat|Crobat, F|52/100
|turn|26
|inactive|wild drud has 25 seconds left this turn.
|inactive|wild drud has 20 seconds left.
|inactive|wild drud has 15 seconds left.
|
|t:|1610134113
|move|p1a: Zarude|U-turn|p2a: Crobat
|-resisted|p2a: Crobat
|-crit|p2a: Crobat
|-damage|p2a: Crobat|43/100
|inactive|wild drud has 20 seconds left this turn.
|inactive|wild drud has 15 seconds left.
|
|t:|1610134122
|switch|p1a: Steelix|Steelix, M|79/100|[from]move: U-turn
|-damage|p1a: Steelix|76/100|[from] Stealth Rock
|move|p2a: Crobat|U-turn|p1a: Steelix
|-resisted|p1a: Steelix
|-damage|p1a: Steelix|72/100
|inactive|wild drud has 20 seconds left this turn.
|
|t:|1610134127
|switch|p2a: Thundurus|Thundurus, M|100/100|[from]move: U-turn
|
|-heal|p1a: Steelix|78/100|[from] item: Leftovers
|upkeep
|turn|27
|inactive|wild drud has 30 seconds left this turn.
|j| zSHooTi
|inactive|wild drud has 20 seconds left.
|inactive|wild drud has 15 seconds left.
|c| zSpxdes|timer
|c| zSpxdes|Wedjene
|
|t:|1610134146
|switch|p1a: Sylveon|Sylveon, F, shiny|100/100
|move|p2a: Thundurus|Focus Blast|p1a: Sylveon|[miss]
|-miss|p2a: Thundurus|p1a: Sylveon
|
|upkeep
|turn|28
|inactive|wild drud has 25 seconds left this turn.
|inactive|wild drud has 20 seconds left.
|c| zSpxdes|wild drud*
|c|☆wild drud|don't call me a wedjene
|c| dhehehdh|wedjene play me
|
|t:|1610134157
|move|p2a: Thundurus|Volt Switch|p1a: Sylveon
|-damage|p1a: Sylveon|76/100
|inactive|wild drud has 25 seconds left this turn.
|c| Wedjene|cassez pas les couilles
|c| Sharow 水上|je veux cet alt
|c| Sharow 水上|trop stylé
|l| Ghostricker♫0197❄️
|inactive|Xizaaa has 240 seconds left.
|j| Ghostricker♫0197❄️
|inactive|Xizaaa has 210 seconds left.
|l| Ghostricker♫0197❄️
|
|t:|1610134235
|switch|p2a: Milotic|Milotic, F|71/100|[from]move: Volt Switch
|-damage|p2a: Milotic|58/100|[from] Stealth Rock
|move|p1a: Sylveon|Wish|p1a: Sylveon
|
|upkeep
|turn|29
|inactive|wild drud has 30 seconds left.
|inactive|wild drud has 20 seconds left.
|inactive|wild drud has 15 seconds left.
|inactive|wild drud has 10 seconds left.
|
|t:|1610134262
|switch|p1a: Thundurus|Thundurus, M, shiny|45/100
|move|p2a: Milotic|Flip Turn|p1a: Thundurus
|-damage|p1a: Thundurus|24/100
|inactive|wild drud has 15 seconds left this turn.
|j| Mikaav 火
|
|t:|1610134276
|switch|p2a: Steelix|Steelix, F|76/100|[from]move: Flip Turn
|-damage|p2a: Steelix|73/100|[from] Stealth Rock
|
|-heal|p1a: Thundurus|89/100|[from] move: Wish|[wisher] Sylveon
|-heal|p2a: Steelix|79/100|[from] item: Leftovers
|upkeep
|turn|30
|inactive|wild drud has 25 seconds left this turn.
|inactive|wild drud has 20 seconds left.
|j| Ghostricker♫0197❄️
|
|t:|1610134283
|move|p1a: Thundurus|U-turn|p2a: Steelix
|-resisted|p2a: Steelix
|-damage|p2a: Steelix|75/100
|inactive|wild drud has 25 seconds left this turn.
|
|t:|1610134287
|switch|p1a: Steelix|Steelix, M|78/100|[from]move: U-turn
|-damage|p1a: Steelix|75/100|[from] Stealth Rock
|move|p2a: Steelix|Head Smash|p1a: Steelix
|-resisted|p1a: Steelix
|-damage|p1a: Steelix|72/100
|
|-heal|p1a: Steelix|78/100|[from] item: Leftovers
|-heal|p2a: Steelix|81/100|[from] item: Leftovers
|upkeep
|turn|31
|inactive|wild drud has 30 seconds left.
|
|t:|1610134297
|switch|p2a: Thundurus|Thundurus, M|100/100
|move|p1a: Steelix|Body Press|p2a: Thundurus
|-resisted|p2a: Thundurus
|-damage|p2a: Thundurus|73/100
|
|-heal|p1a: Steelix|84/100|[from] item: Leftovers
|upkeep
|turn|32
|l| Ghostricker♫0197❄️
|inactive|wild drud has 30 seconds left.
|l| Akehi
|inactive|wild drud has 20 seconds left.
|
|t:|1610134321
|switch|p1a: Sylveon|Sylveon, F, shiny|76/100
|move|p2a: Thundurus|Focus Blast|p1a: Sylveon|[miss]
|-miss|p2a: Thundurus|p1a: Sylveon
|
|upkeep
|turn|33
|inactive|wild drud has 30 seconds left this turn.
|inactive|Xizaaa has 210 seconds left.
|j| Nael222
|inactive|wild drud has 20 seconds left.
|
|t:|1610134332
|move|p2a: Thundurus|Volt Switch|p1a: Sylveon
|-damage|p1a: Sylveon|50/100
|inactive|wild drud has 25 seconds left this turn.
|
|t:|1610134336
|switch|p2a: Milotic|Milotic, F|58/100|[from]move: Volt Switch
|-damage|p2a: Milotic|46/100|[from] Stealth Rock
|move|p1a: Sylveon|Wish|p1a: Sylveon
|
|upkeep
|turn|34
|inactive|wild drud has 30 seconds left.
|
|t:|1610134345
|move|p2a: Milotic|Recover|p2a: Milotic
|-heal|p2a: Milotic|96/100
|move|p1a: Sylveon|Hyper Voice|p2a: Milotic
|-damage|p2a: Milotic|65/100
|
|-heal|p1a: Sylveon|99/100|[from] move: Wish|[wisher] Sylveon
|upkeep
|turn|35
|j| Akehi
|
|t:|1610134354
|move|p2a: Milotic|Toxic|p1a: Sylveon|[miss]
|-miss|p2a: Milotic|p1a: Sylveon
|move|p1a: Sylveon|Wish|p1a: Sylveon
|
|upkeep
|turn|36
|inactive|wild drud has 30 seconds left.
|
|t:|1610134374
|switch|p1a: Thundurus|Thundurus, M, shiny|89/100
|move|p2a: Milotic|Flip Turn|p1a: Thundurus
|-damage|p1a: Thundurus|69/100
|inactive|wild drud has 30 seconds left this turn.
|
|t:|1610134378
|switch|p2a: Thundurus|Thundurus, M|73/100|[from]move: Flip Turn
|
|-heal|p1a: Thundurus|100/100|[from] move: Wish|[wisher] Sylveon
|upkeep
|turn|37
|inactive|wild drud has 30 seconds left.
|c|☆Xizaaa|Fuck missclicked
|c| zSpxdes|pas gg
|
|t:|1610134396
|move|p1a: Thundurus|Knock Off|p2a: Thundurus
|-damage|p2a: Thundurus|33/100
|-enditem|p2a: Thundurus|Heavy-Duty Boots|[from] move: Knock Off|[of] p1a: Thundurus
|move|p2a: Thundurus|Volt Switch|p1a: Thundurus
|-damage|p1a: Thundurus|55/100
|inactive|wild drud has 30 seconds left this turn.
|
|t:|1610134399
|switch|p2a: Steelix|Steelix, F|81/100|[from]move: Volt Switch
|-damage|p2a: Steelix|78/100|[from] Stealth Rock
|
|-heal|p2a: Steelix|84/100|[from] item: Leftovers
|upkeep
|turn|38
|c| dhehehdh|drud whend u became so sexy
|c| dhehehdh|jesus
|
|t:|1610134414
|move|p1a: Thundurus|U-turn|p2a: Steelix
|-resisted|p2a: Steelix
|-damage|p2a: Steelix|80/100
|c| OUTW JEBACDISA|^
|inactive|wild drud has 30 seconds left.
|
|t:|1610134431
|switch|p1a: Steelix|Steelix, M|84/100|[from]move: U-turn
|-damage|p1a: Steelix|81/100|[from] Stealth Rock
|move|p2a: Steelix|Body Press|p1a: Steelix
|-supereffective|p1a: Steelix
|-damage|p1a: Steelix|46/100
|
|-heal|p1a: Steelix|52/100|[from] item: Leftovers
|-heal|p2a: Steelix|86/100|[from] item: Leftovers
|upkeep
|turn|39
|
|t:|1610134434
|move|p1a: Steelix|Body Press|p2a: Steelix
|-supereffective|p2a: Steelix
|-damage|p2a: Steelix|47/100
|move|p2a: Steelix|Body Press|p1a: Steelix
|-supereffective|p1a: Steelix
|-damage|p1a: Steelix|19/100
|
|-heal|p1a: Steelix|25/100|[from] item: Leftovers
|-heal|p2a: Steelix|54/100|[from] item: Leftovers
|upkeep
|turn|40
|
|t:|1610134440
|move|p1a: Steelix|Body Press|p2a: Steelix
|-supereffective|p2a: Steelix
|-damage|p2a: Steelix|16/100
|move|p2a: Steelix|Earthquake|p1a: Steelix
|-supereffective|p1a: Steelix
|-damage|p1a: Steelix|0 fnt
|faint|p1a: Steelix
|
|-heal|p2a: Steelix|23/100|[from] item: Leftovers
|upkeep
|
|t:|1610134446
|switch|p1a: Darmanitan|Darmanitan, F, shiny|43/100
|turn|41
|inactive|Xizaaa has 270 seconds left.
|
|t:|1610134480
|switch|p2a: Thundurus|Thundurus, M|33/100
|-damage|p2a: Thundurus|8/100|[from] Stealth Rock
|move|p1a: Darmanitan|Flare Blitz|p2a: Thundurus
|-damage|p2a: Thundurus|0 fnt
|-damage|p1a: Darmanitan|41/100|[from] Recoil
|faint|p2a: Thundurus
|
|upkeep
|
|t:|1610134483
|switch|p2a: Crobat|Crobat, F|43/100
|turn|42
|inactive|wild drud has 60 seconds left.
|j| Ghostricker♫0197❄️
|l| AntaresLeNoo3
|inactive|wild drud has 30 seconds left.
|inactive|Xizaaa has 270 seconds left.
|inactive|wild drud has 20 seconds left.
|inactive|wild drud has 15 seconds left.
|inactive|wild drud has 10 seconds left.
|inactive|wild drud has 5 seconds left.
|c| zSpxdes|Wedjene
|c| show404|aie
|c| zSpxdes|wild drud*
|c|☆wild drud|wedjene
|c| zSpxdes|wild drud
|c| zSpxdes|wild drud
|c| McSim|wild drud
|c| zSpxdes|sorry
|inactive|Xizaaa has 240 seconds left.
|c| zSpxdes|i keep
|c| zSpxdes|alt tabbing
|c|☆wild drud|i like to live life on the edge zs
|c| zSpxdes|to make stuff faster
|
|t:|1610134566
|move|p2a: Crobat|Brave Bird|p1a: Darmanitan
|-damage|p1a: Darmanitan|0 fnt
|-damage|p2a: Crobat|30/100|[from] Recoil
|faint|p1a: Darmanitan
|
|upkeep
|inactive|wild drud has 10 seconds left this turn.
|c| dhehehdh|if u timeout im gonna take a fly
|inactive|wild drud has 5 seconds left.
|c| dhehehdh|to ur country
|
|t:|1610134572
|switch|p1a: Zarude|Zarude-Dada|88/100
|-damage|p1a: Zarude|76/100|[from] Stealth Rock
|turn|43
|inactive|wild drud has 15 seconds left this turn.
|c| dhehehdh|and beat yo ass
|
|t:|1610134576
|switch|p2a: Steelix|Steelix, F|23/100
|-damage|p2a: Steelix|19/100|[from] Stealth Rock
|move|p1a: Zarude|Darkest Lariat|p2a: Steelix
|-damage|p2a: Steelix|0 fnt
|faint|p2a: Steelix
|
|upkeep
|inactive|wild drud has 20 seconds left this turn.
|
|t:|1610134579
|switch|p2a: Milotic|Milotic, F|65/100
|-damage|p2a: Milotic|52/100|[from] Stealth Rock
|turn|44
|inactive|wild drud has 30 seconds left this turn.
|c| dhehehdh|dont even hesitate
|
|t:|1610134587
|switch|p1a: Thundurus|Thundurus, M, shiny|55/100
|move|p2a: Milotic|Recover|p2a: Milotic
|-heal|p2a: Milotic|100/100
|
|upkeep
|turn|45
|c| Wedjene|zspxdes wild drud i hope u will loose this, and the all game u will do this week
|l| RindaOkami
|inactive|Xizaaa has 270 seconds left.
|c| zSpxdes|we already won 2
|c| zSpxdes|smh
|c| zSpxdes|'-'
|
|t:|1610134599
|move|p1a: Thundurus|Thunderbolt|p2a: Milotic
|-supereffective|p2a: Milotic
|-crit|p2a: Milotic
|-damage|p2a: Milotic|0 fnt
|faint|p2a: Milotic
|
|upkeep
|c| zSpxdes|allez
|c| zSpxdes|bisous
|c|☆Xizaaa|Yep.
|c| McSim|wild drud is amazing
|c| OUTW JEBACDISA|drud is goat
|c| Wedjene|ayaya
|c| dhehehdh|my man said yep
|inactive|Xizaaa has 240 seconds left.
|c| dhehehdh|like he had a chance
|c| dhehehdh|LOLOLO
|c| OUTW JEBACDISA|sadly xizaa got haxed a little bit
|c| McSim|:haha:
|inactive|Xizaaa has 210 seconds left.
|l| OUTW Beer
|
|t:|1610134683
|switch|p2a: Crobat|Crobat, F|30/100
|turn|46
|
|t:|1610134685
|move|p2a: Crobat|Roost|p2a: Crobat
|-heal|p2a: Crobat|80/100
|-singleturn|p2a: Crobat|move: Roost
|move|p1a: Thundurus|Thunderbolt|p2a: Crobat
|-damage|p2a: Crobat|34/100
|
|upkeep
|turn|47
|
|t:|1610134692
|move|p2a: Crobat|Roost|p2a: Crobat
|-heal|p2a: Crobat|84/100
|-singleturn|p2a: Crobat|move: Roost
|move|p1a: Thundurus|Thunderbolt|p2a: Crobat
|-damage|p2a: Crobat|33/100
|
|upkeep
|turn|48
|
|t:|1610134695
|move|p2a: Crobat|Roost|p2a: Crobat
|-heal|p2a: Crobat|83/100
|-singleturn|p2a: Crobat|move: Roost
|move|p1a: Thundurus|Thunderbolt|p2a: Crobat
|-damage|p2a: Crobat|36/100
|
|upkeep
|turn|49
|c| OUTW JEBACDISA|now he para
|c| OUTW JEBACDISA|just wait
|
|t:|1610134704
|move|p2a: Crobat|Brave Bird|p1a: Thundurus
|-resisted|p1a: Thundurus
|-damage|p1a: Thundurus|21/100
|-damage|p2a: Crobat|27/100|[from] Recoil
|move|p1a: Thundurus|Thunderbolt|p2a: Crobat
|-supereffective|p2a: Crobat
|-damage|p2a: Crobat|0 fnt
|faint|p2a: Crobat
|
|win|wild drud
|c|☆Xizaaa|gg
|c|☆wild drud|messy game sry
|c|☆wild drud|gg
|l| Cherbou
|l| Ak-zud
|c|☆Xizaaa|Happens
|l| G4lactiK
|l| OUTW JEBACDISA
|l| nonante huit
|l| Sharow 水上
|l| yedla
|l| Nael222
|l|☆Xizaaa
|l| Wedjene
|l| dhehehdh
|l| Ghostricker♫0197❄️
|l| VroomVoitures
|l| zSpxdes
|l| Teaquoo√∆
|l| Jenna Angel
|l| HaxxSel
|j| dhehehdh
|l| dhehehdh
|l| McSim
|j|+Brumirage
|l|+Brumirage
|j| LLLiolae
|l| LLLiolae
|l| TR Hurricane
|l| Mikaav 火
|j| Elodie
|l| Elodie
|l| Prof.Otaku
|l| bouki
|l| Akehi
|j| Le Contre Total
|l| Indercover
|j| RindaOkami
|l| zSHooTi
|l| HurtaDOO♥
|l| show404
|l| Toadow
|j| tRUc999
