|j|☆Poney666
|j|☆crecerelle
|t:|1658090260
|gametype|singles
|player|p1|Poney666|pokemaniac|
|player|p2|crecerelle|aaron|
|teamsize|p1|6
|teamsize|p2|6
|gen|8
|tier|[Gen 8] RU
|rule|Sleep Clause Mod: Limit one foe put to sleep
|rule|Species Clause: Limit one of each Pokémon
|rule|OHKO Clause: OHKO moves are banned
|rule|Evasion Moves Clause: Evasion moves are banned
|rule|Endless Battle Clause: Forcing endless battles is banned
|rule|HP Percentage Mod: HP is shown in percentages
|rule|Dynamax Clause: You cannot dynamax
|clearpoke
|poke|p1|Registeel|
|poke|p1|Flygon, M|
|poke|p1|Incineroar, M|
|poke|p1|Crobat, M|
|poke|p1|Toxtricity, M|
|poke|p1|Milotic, M|
|poke|p2|Regidrago|
|poke|p2|Nidoqueen, F|
|poke|p2|Bewear, F|
|poke|p2|Milotic, F|
|poke|p2|Incineroar, F|
|poke|p2|Togekiss, M|
|teampreview
|j| AastadorDL
|c|☆crecerelle|Gl bro
|j| MXF
|j| Just-Silverr
|j| Dahaka336
|
|t:|1658090334
|start
|switch|p1a: Le Shintoïsme ivre|Incineroar, M|100/100
|switch|p2a: Jolie Madame|Nidoqueen, F|100/100
|-ability|p1a: Le Shintoïsme ivre|Intimidate|boost
|-unboost|p2a: Jolie Madame|atk|1
|turn|1
|l|☆crecerelle
|player|p2|
|j|☆crecerelle
|player|p2|crecerelle|aaron
|
|t:|1658090388
|switch|p1a: Junkers Ju 88|Flygon, M|100/100
|move|p2a: Jolie Madame|Earth Power|p1a: Junkers Ju 88
|-immune|p1a: Junkers Ju 88|[from] ability: Levitate
|
|upkeep
|turn|2
|
|t:|1658090405
|switch|p2a: FlinchLaCon2TaMere|Togekiss, M|100/100
|move|p1a: Junkers Ju 88|Stone Edge|p2a: FlinchLaCon2TaMere|[miss]
|-miss|p1a: Junkers Ju 88|p2a: FlinchLaCon2TaMere
|
|upkeep
|turn|3
|
|t:|1658090438
|switch|p1a: Dr Ligma|Registeel|100/100
|switch|p2a: Jolie Madame|Nidoqueen, F|100/100
|
|upkeep
|turn|4
|
|t:|1658090464
|switch|p1a: Genderfluid(Homme)|Milotic, M|100/100
|move|p2a: Jolie Madame|Stealth Rock|p1a: Genderfluid(Homme)
|-sidestart|p1: Poney666|move: Stealth Rock
|
|upkeep
|turn|5
|
|t:|1658090472
|switch|p2a: Bella CiaEau|Milotic, F|100/100
|move|p1a: Genderfluid(Homme)|Scald|p2a: Bella CiaEau
|-resisted|p2a: Bella CiaEau
|-damage|p2a: Bella CiaEau|90/100
|-status|p2a: Bella CiaEau|brn
|
|-damage|p2a: Bella CiaEau|84/100 brn|[from] brn
|upkeep
|turn|6
|
|t:|1658090507
|move|p1a: Genderfluid(Homme)|Scald|p2a: Bella CiaEau
|-resisted|p2a: Bella CiaEau
|-damage|p2a: Bella CiaEau|74/100 brn
|move|p2a: Bella CiaEau|Flip Turn|p1a: Genderfluid(Homme)
|-resisted|p1a: Genderfluid(Homme)
|-damage|p1a: Genderfluid(Homme)|98/100
|l|☆crecerelle
|player|p2|
|j|☆crecerelle
|player|p2|crecerelle|aaron
|
|t:|1658090565
|switch|p2a: Croc Mou|Regidrago|100/100|[from]move: Flip Turn
|
|-heal|p1a: Genderfluid(Homme)|100/100|[from] item: Leftovers
|upkeep
|turn|7
|
|t:|1658090582
|move|p2a: Croc Mou|Substitute|p2a: Croc Mou
|-start|p2a: Croc Mou|Substitute
|-damage|p2a: Croc Mou|76/100
|move|p1a: Genderfluid(Homme)|Ice Beam|p2a: Croc Mou
|-supereffective|p2a: Croc Mou
|-end|p2a: Croc Mou|Substitute
|
|-heal|p2a: Croc Mou|82/100|[from] item: Leftovers
|upkeep
|turn|8
|
|t:|1658090602
|switch|p2a: Bella CiaEau|Milotic, F|74/100 brn
|move|p1a: Genderfluid(Homme)|Ice Beam|p2a: Bella CiaEau
|-resisted|p2a: Bella CiaEau
|-damage|p2a: Bella CiaEau|68/100 brn
|
|-damage|p2a: Bella CiaEau|61/100 brn|[from] brn
|upkeep
|turn|9
|c|☆crecerelle|Pas drole ca
|
|t:|1658090630
|switch|p1a: Le camée de Munich|Toxtricity, M|100/100
|-damage|p1a: Le camée de Munich|88/100|[from] Stealth Rock
|move|p2a: Bella CiaEau|Recover|p2a: Bella CiaEau
|-heal|p2a: Bella CiaEau|100/100 brn
|
|-damage|p2a: Bella CiaEau|94/100 brn|[from] brn
|upkeep
|turn|10
|
|t:|1658090639
|switch|p2a: Lambert|Incineroar, F|100/100
|-ability|p2a: Lambert|Intimidate|boost
|-unboost|p1a: Le camée de Munich|atk|1
|move|p1a: Le camée de Munich|Overdrive|p2a: Lambert
|-damage|p2a: Lambert|46/100
|
|upkeep
|turn|11
|
|t:|1658090647
|switch|p2a: Jolie Madame|Nidoqueen, F|100/100
|move|p1a: Le camée de Munich|Overdrive|p2a: Jolie Madame
|-immune|p2a: Jolie Madame
|
|upkeep
|turn|12
|
|t:|1658090672
|switch|p1a: Junkers Ju 88|Flygon, M|100/100
|-damage|p1a: Junkers Ju 88|95/100|[from] Stealth Rock
|move|p2a: Jolie Madame|Ice Beam|p1a: Junkers Ju 88
|-supereffective|p1a: Junkers Ju 88
|-damage|p1a: Junkers Ju 88|0 fnt
|faint|p1a: Junkers Ju 88
|
|upkeep
|
|t:|1658090683
|switch|p1a: Genderfluid(Homme)|Milotic, M|100/100
|-damage|p1a: Genderfluid(Homme)|88/100|[from] Stealth Rock
|turn|13
|
|t:|1658090690
|switch|p2a: Bella CiaEau|Milotic, F|94/100 brn
|move|p1a: Genderfluid(Homme)|Ice Beam|p2a: Bella CiaEau
|-resisted|p2a: Bella CiaEau
|-damage|p2a: Bella CiaEau|87/100 brn
|
|-heal|p1a: Genderfluid(Homme)|94/100|[from] item: Leftovers
|-damage|p2a: Bella CiaEau|81/100 brn|[from] brn
|upkeep
|turn|14
|
|t:|1658090699
|move|p2a: Bella CiaEau|Flip Turn|p1a: Genderfluid(Homme)
|-resisted|p1a: Genderfluid(Homme)
|-damage|p1a: Genderfluid(Homme)|92/100
|
|t:|1658090705
|switch|p2a: FlinchLaCon2TaMere|Togekiss, M|100/100|[from]move: Flip Turn
|move|p1a: Genderfluid(Homme)|Scald|p2a: FlinchLaCon2TaMere
|-damage|p2a: FlinchLaCon2TaMere|73/100
|-status|p2a: FlinchLaCon2TaMere|brn
|
|-heal|p1a: Genderfluid(Homme)|98/100|[from] item: Leftovers
|-damage|p2a: FlinchLaCon2TaMere|67/100 brn|[from] brn
|upkeep
|turn|15
|
|t:|1658090722
|move|p2a: FlinchLaCon2TaMere|Trick|p1a: Genderfluid(Homme)
|-activate|p2a: FlinchLaCon2TaMere|move: Trick|[of] p1a: Genderfluid(Homme)
|-item|p1a: Genderfluid(Homme)|Choice Scarf|[from] move: Trick
|-item|p2a: FlinchLaCon2TaMere|Leftovers|[from] move: Trick
|move|p1a: Genderfluid(Homme)|Ice Beam|p2a: FlinchLaCon2TaMere
|-supereffective|p2a: FlinchLaCon2TaMere
|-damage|p2a: FlinchLaCon2TaMere|26/100 brn
|
|-heal|p2a: FlinchLaCon2TaMere|32/100 brn|[from] item: Leftovers
|-damage|p2a: FlinchLaCon2TaMere|26/100 brn|[from] brn
|upkeep
|turn|16
|
|t:|1658090733
|move|p1a: Genderfluid(Homme)|Ice Beam|p2a: FlinchLaCon2TaMere
|-supereffective|p2a: FlinchLaCon2TaMere
|-damage|p2a: FlinchLaCon2TaMere|0 fnt
|faint|p2a: FlinchLaCon2TaMere
|
|upkeep
|
|t:|1658090740
|switch|p2a: Lambert|Incineroar, F|46/100
|-ability|p2a: Lambert|Intimidate|boost
|-unboost|p1a: Genderfluid(Homme)|atk|1
|turn|17
|
|t:|1658090750
|switch|p1a: Le Shintoïsme ivre|Incineroar, M|100/100
|-ability|p1a: Le Shintoïsme ivre|Intimidate|boost
|-unboost|p2a: Lambert|atk|1
|move|p2a: Lambert|Parting Shot|p1a: Le Shintoïsme ivre
|-unboost|p1a: Le Shintoïsme ivre|atk|1
|-unboost|p1a: Le Shintoïsme ivre|spa|1
|
|t:|1658090757
|switch|p2a: Jolie Madame|Nidoqueen, F|100/100|[from]move: Parting Shot
|
|upkeep
|turn|18
|
|t:|1658090763
|switch|p1a: Genderfluid(Homme)|Milotic, M|98/100
|-damage|p1a: Genderfluid(Homme)|86/100|[from] Stealth Rock
|move|p2a: Jolie Madame|Earth Power|p1a: Genderfluid(Homme)
|-damage|p1a: Genderfluid(Homme)|44/100
|
|upkeep
|turn|19
|
|t:|1658090778
|switch|p2a: Bella CiaEau|Milotic, F|81/100 brn
|move|p1a: Genderfluid(Homme)|Recover|p1a: Genderfluid(Homme)
|-heal|p1a: Genderfluid(Homme)|94/100
|
|-damage|p2a: Bella CiaEau|75/100 brn|[from] brn
|upkeep
|turn|20
|
|t:|1658090809
|switch|p1a: Batman SM|Crobat, M|100/100
|move|p2a: Bella CiaEau|Flip Turn|p1a: Batman SM
|-damage|p1a: Batman SM|94/100
|
|t:|1658090843
|switch|p2a: Croc Mou|Regidrago|82/100|[from]move: Flip Turn
|
|-heal|p2a: Croc Mou|88/100|[from] item: Leftovers
|upkeep
|turn|21
|l|☆crecerelle
|player|p2|
|j|☆crecerelle
|player|p2|crecerelle|aaron
|
|t:|1658090876
|move|p1a: Batman SM|U-turn|p2a: Croc Mou
|-damage|p2a: Croc Mou|70/100
|
|t:|1658090879
|switch|p1a: Genderfluid(Homme)|Milotic, M|94/100|[from]move: U-turn
|-damage|p1a: Genderfluid(Homme)|81/100|[from] Stealth Rock
|move|p2a: Croc Mou|Outrage|p1a: Genderfluid(Homme)
|-damage|p1a: Genderfluid(Homme)|13/100
|
|-heal|p2a: Croc Mou|76/100|[from] item: Leftovers
|upkeep
|turn|22
|
|t:|1658090893
|move|p1a: Genderfluid(Homme)|Ice Beam|p2a: Croc Mou
|-supereffective|p2a: Croc Mou
|-damage|p2a: Croc Mou|30/100
|move|p2a: Croc Mou|Outrage|p1a: Genderfluid(Homme)|[from]lockedmove
|-damage|p1a: Genderfluid(Homme)|0 fnt
|faint|p1a: Genderfluid(Homme)
|
|-heal|p2a: Croc Mou|36/100|[from] item: Leftovers
|upkeep
|
|t:|1658090910
|switch|p1a: Le camée de Munich|Toxtricity, M|88/100
|-damage|p1a: Le camée de Munich|76/100|[from] Stealth Rock
|turn|23
|
|t:|1658090913
|move|p2a: Croc Mou|Outrage|p1a: Le camée de Munich|[from]lockedmove
|-damage|p1a: Le camée de Munich|0 fnt
|faint|p1a: Le camée de Munich
|-start|p2a: Croc Mou|confusion|[fatigue]
|
|-heal|p2a: Croc Mou|42/100|[from] item: Leftovers
|upkeep
|c|☆crecerelle|Mdrrr
|
|t:|1658090925
|switch|p1a: Le Shintoïsme ivre|Incineroar, M|100/100
|-ability|p1a: Le Shintoïsme ivre|Intimidate|boost
|-unboost|p2a: Croc Mou|atk|1
|turn|24
|c| AastadorDL|aie
|
|t:|1658090936
|switch|p2a: Bella CiaEau|Milotic, F|75/100 brn
|move|p1a: Le Shintoïsme ivre|Knock Off|p2a: Bella CiaEau
|-damage|p2a: Bella CiaEau|53/100 brn
|-damage|p1a: Le Shintoïsme ivre|84/100|[from] item: Rocky Helmet|[of] p2a: Bella CiaEau
|-enditem|p2a: Bella CiaEau|Rocky Helmet|[from] move: Knock Off|[of] p1a: Le Shintoïsme ivre
|
|-damage|p2a: Bella CiaEau|47/100 brn|[from] brn
|upkeep
|turn|25
|
|t:|1658090948
|switch|p1a: Dr Ligma|Registeel|100/100
|-damage|p1a: Dr Ligma|94/100|[from] Stealth Rock
|move|p2a: Bella CiaEau|Recover|p2a: Bella CiaEau
|-heal|p2a: Bella CiaEau|97/100 brn
|
|-heal|p1a: Dr Ligma|100/100|[from] item: Leftovers
|-damage|p2a: Bella CiaEau|91/100 brn|[from] brn
|upkeep
|turn|26
|
|t:|1658090961
|move|p2a: Bella CiaEau|Flip Turn|p1a: Dr Ligma
|-damage|p1a: Dr Ligma|97/100
|
|t:|1658090966
|switch|p2a: Jolie Madame|Nidoqueen, F|100/100|[from]move: Flip Turn
|move|p1a: Dr Ligma|Iron Defense|p1a: Dr Ligma
|-boost|p1a: Dr Ligma|def|2
|
|-heal|p1a: Dr Ligma|100/100|[from] item: Leftovers
|upkeep
|turn|27
|
|t:|1658090976
|switch|p1a: Le Shintoïsme ivre|Incineroar, M|84/100
|-ability|p1a: Le Shintoïsme ivre|Intimidate|boost
|-unboost|p2a: Jolie Madame|atk|1
|move|p2a: Jolie Madame|Earth Power|p1a: Le Shintoïsme ivre
|-supereffective|p1a: Le Shintoïsme ivre
|-damage|p1a: Le Shintoïsme ivre|0 fnt
|faint|p1a: Le Shintoïsme ivre
|
|upkeep
|
|t:|1658090985
|switch|p1a: Batman SM|Crobat, M|94/100
|turn|28
|
|t:|1658090990
|move|p1a: Batman SM|Brave Bird|p2a: Jolie Madame
|-damage|p2a: Jolie Madame|53/100
|-damage|p1a: Batman SM|80/100|[from] Recoil
|move|p2a: Jolie Madame|Ice Beam|p1a: Batman SM
|-supereffective|p1a: Batman SM
|-damage|p1a: Batman SM|0 fnt
|faint|p1a: Batman SM
|
|upkeep
|
|t:|1658090998
|switch|p1a: Dr Ligma|Registeel|100/100
|-damage|p1a: Dr Ligma|94/100|[from] Stealth Rock
|turn|29
|
|t:|1658091003
|move|p2a: Jolie Madame|Earth Power|p1a: Dr Ligma
|-supereffective|p1a: Dr Ligma
|-damage|p1a: Dr Ligma|28/100
|move|p1a: Dr Ligma|Body Press|p2a: Jolie Madame
|-resisted|p2a: Jolie Madame
|-crit|p2a: Jolie Madame
|-damage|p2a: Jolie Madame|23/100
|
|-heal|p1a: Dr Ligma|34/100|[from] item: Leftovers
|upkeep
|turn|30
|
|t:|1658091011
|move|p2a: Jolie Madame|Earth Power|p1a: Dr Ligma
|-supereffective|p1a: Dr Ligma
|-damage|p1a: Dr Ligma|0 fnt
|faint|p1a: Dr Ligma
|
|win|crecerelle
|c|☆crecerelle|Gg
|l|☆Poney666
