|j|☆troublebubble
|j|☆Aeropyrus
|t:|1606998296
|player|p1|troublebubble|265|1353
|player|p2|Aeropyrus|cynthia-gen4|1193
|teamsize|p1|6
|teamsize|p2|6
|gametype|singles
|gen|8
|tier|[Gen 8] RU
|rated|
|clearpoke
|poke|p1|Vaporeon, M|
|poke|p1|Weezing-Galar, M|
|poke|p1|Umbreon, F|
|poke|p1|Crobat, M|
|poke|p1|Togekiss, F|
|poke|p1|Piloswine, M|
|poke|p2|Thundurus, M|
|poke|p2|Mimikyu, F|
|poke|p2|Entei|
|poke|p2|Registeel|
|poke|p2|Starmie|
|poke|p2|Zarude|
|rule|Sleep Clause Mod: Limit one foe put to sleep
|rule|Species Clause: Limit one of each Pokémon
|rule|OHKO Clause: OHKO moves are banned
|rule|Evasion Moves Clause: Evasion moves are banned
|rule|Endless Battle Clause: Forcing endless battles is banned
|rule|HP Percentage Mod: HP is shown in percentages
|rule|Dynamax Clause: You cannot dynamax
|teampreview
|
|t:|1606998312
|start
|switch|p1a: Weezing|Weezing-Galar, M|100/100
|switch|p2a: Entei|Entei, shiny|100/100
|turn|1
|
|t:|1606998322
|move|p1a: Weezing|Protect|p1a: Weezing
|-singleturn|p1a: Weezing|Protect
|move|p2a: Entei|Sacred Fire|p1a: Weezing
|-activate|p1a: Weezing|move: Protect
|
|upkeep
|turn|2
|
|t:|1606998328
|switch|p1a: Vaporeon|Vaporeon, M|100/100
|move|p2a: Entei|Sacred Fire|p1a: Vaporeon
|-resisted|p1a: Vaporeon
|-damage|p1a: Vaporeon|74/100
|
|-heal|p1a: Vaporeon|80/100|[from] item: Leftovers
|upkeep
|turn|3
|
|t:|1606998335
|move|p2a: Entei|Sacred Fire|p1a: Vaporeon|[miss]
|-miss|p2a: Entei|p1a: Vaporeon
|move|p1a: Vaporeon|Flip Turn|p2a: Entei
|-supereffective|p2a: Entei
|-damage|p2a: Entei|71/100
|
|t:|1606998362
|switch|p1a: Piloswine|Piloswine, M|100/100|[from]move: Flip Turn
|
|upkeep
|turn|4
|
|t:|1606998367
|switch|p1a: Vaporeon|Vaporeon, M|80/100
|move|p2a: Entei|Sacred Fire|p1a: Vaporeon
|-resisted|p1a: Vaporeon
|-damage|p1a: Vaporeon|53/100
|
|-heal|p1a: Vaporeon|59/100|[from] item: Leftovers
|upkeep
|turn|5
|
|t:|1606998374
|move|p2a: Entei|Sacred Fire|p1a: Vaporeon
|-resisted|p1a: Vaporeon
|-damage|p1a: Vaporeon|32/100
|move|p1a: Vaporeon|Wish|p1a: Vaporeon
|
|-heal|p1a: Vaporeon|38/100|[from] item: Leftovers
|upkeep
|turn|6
|
|t:|1606998382
|switch|p2a: Zarude|Zarude|100/100
|move|p1a: Vaporeon|Protect||[still]
|-fail|p1a: Vaporeon
|
|-heal|p1a: Vaporeon|88/100|[from] move: Wish|[wisher] Vaporeon
|-heal|p1a: Vaporeon|94/100|[from] item: Leftovers
|upkeep
|turn|7
|
|t:|1606998390
|switch|p1a: Crobat|Crobat, M|100/100
|move|p2a: Zarude|U-turn|p1a: Crobat
|-resisted|p1a: Crobat
|-damage|p1a: Crobat|95/100
|
|t:|1606998398
|switch|p2a: Registeel|Registeel, shiny|100/100|[from]move: U-turn
|
|upkeep
|turn|8
|
|t:|1606998422
|switch|p1a: Piloswine|Piloswine, M|100/100
|move|p2a: Registeel|Seismic Toss|p1a: Piloswine
|-damage|p1a: Piloswine|75/100
|
|upkeep
|turn|9
|
|t:|1606998430
|move|p1a: Piloswine|Earthquake|p2a: Registeel
|-supereffective|p2a: Registeel
|-damage|p2a: Registeel|64/100
|move|p2a: Registeel|Stealth Rock|p1a: Piloswine
|-sidestart|p1: troublebubble|move: Stealth Rock
|
|-heal|p2a: Registeel|70/100|[from] item: Leftovers
|upkeep
|turn|10
|
|t:|1606998437
|move|p1a: Piloswine|Stealth Rock|p2a: Registeel
|-sidestart|p2: Aeropyrus|move: Stealth Rock
|move|p2a: Registeel|Toxic|p1a: Piloswine
|-status|p1a: Piloswine|tox
|
|-heal|p2a: Registeel|76/100|[from] item: Leftovers
|-damage|p1a: Piloswine|68/100 tox|[from] psn
|upkeep
|turn|11
|
|t:|1606998444
|switch|p1a: Weezing|Weezing-Galar, M|100/100
|-damage|p1a: Weezing|88/100|[from] Stealth Rock
|move|p2a: Registeel|Seismic Toss|p1a: Weezing
|-damage|p1a: Weezing|58/100
|
|-heal|p1a: Weezing|64/100|[from] item: Black Sludge
|-heal|p2a: Registeel|82/100|[from] item: Leftovers
|upkeep
|turn|12
|
|t:|1606998454
|move|p1a: Weezing|Protect|p1a: Weezing
|-singleturn|p1a: Weezing|Protect
|move|p2a: Registeel|Seismic Toss|p1a: Weezing
|-activate|p1a: Weezing|move: Protect
|
|-heal|p1a: Weezing|70/100|[from] item: Black Sludge
|-heal|p2a: Registeel|88/100|[from] item: Leftovers
|upkeep
|turn|13
|
|t:|1606998462
|move|p1a: Weezing|Will-O-Wisp|p2a: Registeel
|-status|p2a: Registeel|brn
|move|p2a: Registeel|Seismic Toss|p1a: Weezing
|-damage|p1a: Weezing|40/100
|
|-heal|p1a: Weezing|46/100|[from] item: Black Sludge
|-heal|p2a: Registeel|94/100 brn|[from] item: Leftovers
|-damage|p2a: Registeel|88/100 brn|[from] brn
|upkeep
|turn|14
|
|t:|1606998471
|move|p1a: Weezing|Protect|p1a: Weezing
|-singleturn|p1a: Weezing|Protect
|move|p2a: Registeel|Seismic Toss|p1a: Weezing
|-activate|p1a: Weezing|move: Protect
|
|-heal|p1a: Weezing|52/100|[from] item: Black Sludge
|-heal|p2a: Registeel|94/100 brn|[from] item: Leftovers
|-damage|p2a: Registeel|88/100 brn|[from] brn
|upkeep
|turn|15
|
|t:|1606998480
|switch|p1a: Vaporeon|Vaporeon, M|94/100
|-damage|p1a: Vaporeon|82/100|[from] Stealth Rock
|move|p2a: Registeel|Seismic Toss|p1a: Vaporeon
|-damage|p1a: Vaporeon|60/100
|
|-heal|p1a: Vaporeon|67/100|[from] item: Leftovers
|-heal|p2a: Registeel|94/100 brn|[from] item: Leftovers
|-damage|p2a: Registeel|88/100 brn|[from] brn
|upkeep
|turn|16
|
|t:|1606998501
|move|p1a: Vaporeon|Protect|p1a: Vaporeon
|-singleturn|p1a: Vaporeon|Protect
|move|p2a: Registeel|Toxic|p1a: Vaporeon
|-activate|p1a: Vaporeon|move: Protect
|
|-heal|p1a: Vaporeon|73/100|[from] item: Leftovers
|-heal|p2a: Registeel|94/100 brn|[from] item: Leftovers
|-damage|p2a: Registeel|88/100 brn|[from] brn
|upkeep
|turn|17
|
|t:|1606998510
|move|p1a: Vaporeon|Wish|p1a: Vaporeon
|move|p2a: Registeel|Seismic Toss|p1a: Vaporeon
|-damage|p1a: Vaporeon|51/100
|
|-heal|p1a: Vaporeon|58/100|[from] item: Leftovers
|-heal|p2a: Registeel|94/100 brn|[from] item: Leftovers
|-damage|p2a: Registeel|88/100 brn|[from] brn
|upkeep
|turn|18
|
|t:|1606998520
|move|p1a: Vaporeon|Protect|p1a: Vaporeon
|-singleturn|p1a: Vaporeon|Protect
|move|p2a: Registeel|Toxic|p1a: Vaporeon
|-activate|p1a: Vaporeon|move: Protect
|
|-heal|p1a: Vaporeon|100/100|[from] move: Wish|[wisher] Vaporeon
|-heal|p2a: Registeel|94/100 brn|[from] item: Leftovers
|-damage|p2a: Registeel|88/100 brn|[from] brn
|upkeep
|turn|19
|
|t:|1606998530
|move|p1a: Vaporeon|Wish|p1a: Vaporeon
|move|p2a: Registeel|Toxic|p1a: Vaporeon
|-status|p1a: Vaporeon|tox
|
|-heal|p2a: Registeel|94/100 brn|[from] item: Leftovers
|-damage|p1a: Vaporeon|94/100 tox|[from] psn
|-damage|p2a: Registeel|88/100 brn|[from] brn
|upkeep
|turn|20
|
|t:|1606998539
|move|p1a: Vaporeon|Flip Turn|p2a: Registeel
|-damage|p2a: Registeel|81/100 brn
|
|t:|1606998543
|switch|p1a: Weezing|Weezing-Galar, M|52/100|[from]move: Flip Turn
|-damage|p1a: Weezing|39/100|[from] Stealth Rock
|move|p2a: Registeel|Seismic Toss|p1a: Weezing
|-damage|p1a: Weezing|9/100
|
|-heal|p1a: Weezing|79/100|[from] move: Wish|[wisher] Vaporeon
|-heal|p1a: Weezing|85/100|[from] item: Black Sludge
|-heal|p2a: Registeel|87/100 brn|[from] item: Leftovers
|-damage|p2a: Registeel|81/100 brn|[from] brn
|upkeep
|turn|21
|
|t:|1606998555
|move|p1a: Weezing|Protect|p1a: Weezing
|-singleturn|p1a: Weezing|Protect
|move|p2a: Registeel|Seismic Toss|p1a: Weezing
|-activate|p1a: Weezing|move: Protect
|
|-heal|p1a: Weezing|91/100|[from] item: Black Sludge
|-heal|p2a: Registeel|87/100 brn|[from] item: Leftovers
|-damage|p2a: Registeel|81/100 brn|[from] brn
|upkeep
|turn|22
|
|t:|1606998570
|move|p1a: Weezing|Toxic Spikes|p2a: Registeel
|-sidestart|p2: Aeropyrus|move: Toxic Spikes
|move|p2a: Registeel|Seismic Toss|p1a: Weezing
|-damage|p1a: Weezing|61/100
|
|-heal|p1a: Weezing|67/100|[from] item: Black Sludge
|-heal|p2a: Registeel|87/100 brn|[from] item: Leftovers
|-damage|p2a: Registeel|81/100 brn|[from] brn
|upkeep
|turn|23
|
|t:|1606998578
|move|p1a: Weezing|Protect|p1a: Weezing
|-singleturn|p1a: Weezing|Protect
|move|p2a: Registeel|Seismic Toss|p1a: Weezing
|-activate|p1a: Weezing|move: Protect
|
|-heal|p1a: Weezing|73/100|[from] item: Black Sludge
|-heal|p2a: Registeel|87/100 brn|[from] item: Leftovers
|-damage|p2a: Registeel|81/100 brn|[from] brn
|upkeep
|turn|24
|
|t:|1606998587
|switch|p1a: Umbreon|Umbreon, F|100/100
|-damage|p1a: Umbreon|88/100|[from] Stealth Rock
|move|p2a: Registeel|Seismic Toss|p1a: Umbreon
|-damage|p1a: Umbreon|63/100
|
|-heal|p1a: Umbreon|69/100|[from] item: Leftovers
|-heal|p2a: Registeel|87/100 brn|[from] item: Leftovers
|-damage|p2a: Registeel|81/100 brn|[from] brn
|upkeep
|turn|25
|
|t:|1606998597
|move|p1a: Umbreon|Wish|p1a: Umbreon
|move|p2a: Registeel|Toxic||[still]
|-status|p1a: Umbreon|tox
|-activate|p1a: Umbreon|ability: Synchronize
|-fail|p1a: Umbreon
|
|-heal|p1a: Umbreon|75/100 tox|[from] item: Leftovers
|-heal|p2a: Registeel|87/100 brn|[from] item: Leftovers
|-damage|p1a: Umbreon|69/100 tox|[from] psn
|-damage|p2a: Registeel|81/100 brn|[from] brn
|upkeep
|turn|26
|
|t:|1606998609
|switch|p2a: Starmie|Starmie|100/100
|move|p1a: Umbreon|Heal Bell|p1a: Umbreon
|-activate|p1a: Umbreon|move: Heal Bell
|-curestatus|p1a: Umbreon|tox|[msg]
|-curestatus|p1: Piloswine|tox|[msg]
|-curestatus|p1: Vaporeon|tox|[msg]
|
|-heal|p1a: Umbreon|100/100|[from] move: Wish|[wisher] Umbreon
|upkeep
|turn|27
|
|t:|1606998619
|move|p2a: Starmie|Rapid Spin|p1a: Umbreon
|-damage|p1a: Umbreon|95/100
|-boost|p2a: Starmie|spe|1
|-sideend|p2: Aeropyrus|Toxic Spikes|[from] move: Rapid Spin|[of] p2a: Starmie
|-sideend|p2: Aeropyrus|Stealth Rock|[from] move: Rapid Spin|[of] p2a: Starmie
|move|p1a: Umbreon|Foul Play|p2a: Starmie
|-supereffective|p2a: Starmie
|-damage|p2a: Starmie|35/100
|
|-heal|p1a: Umbreon|100/100|[from] item: Leftovers
|upkeep
|turn|28
|
|t:|1606998631
|move|p2a: Starmie|Recover|p2a: Starmie
|-heal|p2a: Starmie|85/100
|move|p1a: Umbreon|Foul Play|p2a: Starmie
|-supereffective|p2a: Starmie
|-damage|p2a: Starmie|28/100
|
|upkeep
|turn|29
|
|t:|1606998637
|move|p2a: Starmie|Flip Turn|p1a: Umbreon
|-damage|p1a: Umbreon|90/100
|
|t:|1606998649
|switch|p2a: Zarude|Zarude|100/100|[from]move: Flip Turn
|move|p1a: Umbreon|Foul Play|p2a: Zarude
|-resisted|p2a: Zarude
|-crit|p2a: Zarude
|-damage|p2a: Zarude|77/100
|
|-heal|p2a: Zarude|83/100|[from] item: Leftovers
|-heal|p1a: Umbreon|96/100|[from] item: Leftovers
|upkeep
|turn|30
|
|t:|1606998664
|switch|p1a: Crobat|Crobat, M|95/100
|move|p2a: Zarude|Power Whip|p1a: Crobat
|-resisted|p1a: Crobat
|-damage|p1a: Crobat|82/100
|
|-heal|p2a: Zarude|89/100|[from] item: Leftovers
|upkeep
|turn|31
|
|t:|1606998673
|switch|p2a: Registeel|Registeel, shiny|81/100 brn
|move|p1a: Crobat|Defog|p2a: Registeel
|-fail|p2a: Registeel|unboost|[from] ability: Clear Body|[of] p2a: Registeel
|-sideend|p1: troublebubble|Stealth Rock|[from] move: Defog|[of] p1a: Crobat
|
|-heal|p2a: Registeel|87/100 brn|[from] item: Leftovers
|-damage|p2a: Registeel|81/100 brn|[from] brn
|upkeep
|turn|32
|
|t:|1606998686
|switch|p1a: Togekiss|Togekiss, F|100/100
|move|p2a: Registeel|Toxic|p1a: Togekiss
|-status|p1a: Togekiss|tox
|
|-heal|p2a: Registeel|87/100 brn|[from] item: Leftovers
|-damage|p1a: Togekiss|94/100 tox|[from] psn
|-damage|p2a: Registeel|81/100 brn|[from] brn
|upkeep
|turn|33
|
|t:|1606998697
|switch|p1a: Piloswine|Piloswine, M|68/100
|move|p2a: Registeel|Stealth Rock|p1a: Piloswine
|-sidestart|p1: troublebubble|move: Stealth Rock
|
|-heal|p2a: Registeel|87/100 brn|[from] item: Leftovers
|-damage|p2a: Registeel|81/100 brn|[from] brn
|upkeep
|turn|34
|
|t:|1606998704
|move|p1a: Piloswine|Stealth Rock|p2a: Registeel
|-sidestart|p2: Aeropyrus|move: Stealth Rock
|move|p2a: Registeel|Seismic Toss|p1a: Piloswine
|-damage|p1a: Piloswine|43/100
|
|-heal|p2a: Registeel|87/100 brn|[from] item: Leftovers
|-damage|p2a: Registeel|81/100 brn|[from] brn
|upkeep
|turn|35
|
|t:|1606998714
|switch|p1a: Vaporeon|Vaporeon, M|94/100
|-damage|p1a: Vaporeon|82/100|[from] Stealth Rock
|switch|p2a: Starmie|Starmie|28/100
|
|-heal|p1a: Vaporeon|88/100|[from] item: Leftovers
|upkeep
|turn|36
|
|t:|1606998722
|move|p2a: Starmie|Recover|p2a: Starmie
|-heal|p2a: Starmie|78/100
|move|p1a: Vaporeon|Wish|p1a: Vaporeon
|
|-heal|p1a: Vaporeon|94/100|[from] item: Leftovers
|upkeep
|turn|37
|
|t:|1606998728
|move|p2a: Starmie|Rapid Spin|p1a: Vaporeon
|-damage|p1a: Vaporeon|87/100
|-boost|p2a: Starmie|spe|1
|-sideend|p2: Aeropyrus|Stealth Rock|[from] move: Rapid Spin|[of] p2a: Starmie
|move|p1a: Vaporeon|Flip Turn|p2a: Starmie
|-resisted|p2a: Starmie
|-damage|p2a: Starmie|68/100
|
|t:|1606998734
|switch|p1a: Piloswine|Piloswine, M|43/100|[from]move: Flip Turn
|-damage|p1a: Piloswine|30/100|[from] Stealth Rock
|
|-heal|p1a: Piloswine|90/100|[from] move: Wish|[wisher] Vaporeon
|upkeep
|turn|38
|
|t:|1606998744
|switch|p1a: Vaporeon|Vaporeon, M|87/100
|-damage|p1a: Vaporeon|75/100|[from] Stealth Rock
|move|p2a: Starmie|Recover|p2a: Starmie
|-heal|p2a: Starmie|100/100
|
|-heal|p1a: Vaporeon|81/100|[from] item: Leftovers
|upkeep
|turn|39
|
|t:|1606998754
|move|p2a: Starmie|Rapid Spin|p1a: Vaporeon
|-damage|p1a: Vaporeon|75/100
|-boost|p2a: Starmie|spe|1
|move|p1a: Vaporeon|Wish|p1a: Vaporeon
|
|-heal|p1a: Vaporeon|81/100|[from] item: Leftovers
|upkeep
|turn|40
|
|t:|1606998763
|move|p2a: Starmie|Rapid Spin|p1a: Vaporeon
|-damage|p1a: Vaporeon|74/100
|-boost|p2a: Starmie|spe|1
|move|p1a: Vaporeon|Flip Turn|p2a: Starmie
|-resisted|p2a: Starmie
|-damage|p2a: Starmie|92/100
|
|t:|1606998768
|switch|p1a: Weezing|Weezing-Galar, M|73/100|[from]move: Flip Turn
|-damage|p1a: Weezing|61/100|[from] Stealth Rock
|
|-heal|p1a: Weezing|100/100|[from] move: Wish|[wisher] Vaporeon
|upkeep
|turn|41
|
|t:|1606998776
|move|p2a: Starmie|Rapid Spin|p1a: Weezing
|-damage|p1a: Weezing|92/100
|-boost|p2a: Starmie|spe|1
|move|p1a: Weezing|Toxic Spikes|p2a: Starmie
|-sidestart|p2: Aeropyrus|move: Toxic Spikes
|
|-heal|p1a: Weezing|98/100|[from] item: Black Sludge
|upkeep
|turn|42
|
|t:|1606998783
|switch|p1a: Vaporeon|Vaporeon, M|74/100
|-damage|p1a: Vaporeon|62/100|[from] Stealth Rock
|move|p2a: Starmie|Scald|p1a: Vaporeon
|-heal|p1a: Vaporeon|87/100|[from] ability: Water Absorb|[of] p2a: Starmie
|
|-heal|p1a: Vaporeon|93/100|[from] item: Leftovers
|upkeep
|turn|43
|
|t:|1606998803
|move|p2a: Starmie|Rapid Spin|p1a: Vaporeon
|-damage|p1a: Vaporeon|86/100
|-boost|p2a: Starmie|spe|1
|-sideend|p2: Aeropyrus|Toxic Spikes|[from] move: Rapid Spin|[of] p2a: Starmie
|move|p1a: Vaporeon|Wish|p1a: Vaporeon
|
|-heal|p1a: Vaporeon|93/100|[from] item: Leftovers
|upkeep
|turn|44
|c|☆Aeropyrus|u stall ?
|
|t:|1606998812
|move|p2a: Starmie|Rapid Spin|p1a: Vaporeon
|-damage|p1a: Vaporeon|86/100
|-boost|p2a: Starmie|spe|1
|move|p1a: Vaporeon|Flip Turn|p2a: Starmie
|-resisted|p2a: Starmie
|-damage|p2a: Starmie|83/100
|
|t:|1606998821
|switch|p1a: Umbreon|Umbreon, F|96/100|[from]move: Flip Turn
|-damage|p1a: Umbreon|84/100|[from] Stealth Rock
|
|-heal|p1a: Umbreon|100/100|[from] move: Wish|[wisher] Vaporeon
|upkeep
|turn|45
|
|t:|1606998831
|move|p2a: Starmie|Flip Turn|p1a: Umbreon
|-damage|p1a: Umbreon|90/100
|
|t:|1606998836
|switch|p2a: Zarude|Zarude|89/100|[from]move: Flip Turn
|move|p1a: Umbreon|Wish|p1a: Umbreon
|
|-heal|p2a: Zarude|95/100|[from] item: Leftovers
|-heal|p1a: Umbreon|96/100|[from] item: Leftovers
|upkeep
|turn|46
|
|t:|1606998844
|switch|p1a: Crobat|Crobat, M|82/100
|move|p2a: Zarude|U-turn|p1a: Crobat
|-resisted|p1a: Crobat
|-damage|p1a: Crobat|76/100
|
|t:|1606998861
|switch|p2a: Registeel|Registeel, shiny|81/100 brn|[from]move: U-turn
|
|-heal|p1a: Crobat|100/100|[from] move: Wish|[wisher] Umbreon
|-heal|p2a: Registeel|87/100 brn|[from] item: Leftovers
|-damage|p2a: Registeel|81/100 brn|[from] brn
|upkeep
|turn|47
|
|t:|1606998869
|move|p1a: Crobat|Brave Bird|p2a: Registeel
|-resisted|p2a: Registeel
|-damage|p2a: Registeel|70/100 brn
|-damage|p1a: Crobat|97/100|[from] Recoil
|move|p2a: Registeel|Stealth Rock||[still]
|-fail|p2a: Registeel
|
|-heal|p2a: Registeel|76/100 brn|[from] item: Leftovers
|-damage|p2a: Registeel|70/100 brn|[from] brn
|upkeep
|turn|48
|
|t:|1606998879
|move|p1a: Crobat|Defog|p2a: Registeel
|-fail|p2a: Registeel|unboost|[from] ability: Clear Body|[of] p2a: Registeel
|-sideend|p1: troublebubble|Stealth Rock|[from] move: Defog|[of] p1a: Crobat
|move|p2a: Registeel|Seismic Toss|p1a: Crobat
|-damage|p1a: Crobat|68/100
|
|-heal|p2a: Registeel|76/100 brn|[from] item: Leftovers
|-damage|p2a: Registeel|70/100 brn|[from] brn
|upkeep
|turn|49
|
|t:|1606998888
|move|p1a: Crobat|Brave Bird|p2a: Registeel
|-resisted|p2a: Registeel
|-damage|p2a: Registeel|60/100 brn
|-damage|p1a: Crobat|64/100|[from] Recoil
|move|p2a: Registeel|Stealth Rock|p1a: Crobat
|-sidestart|p1: troublebubble|move: Stealth Rock
|
|-heal|p2a: Registeel|66/100 brn|[from] item: Leftovers
|-damage|p2a: Registeel|60/100 brn|[from] brn
|upkeep
|turn|50
|
|t:|1606998896
|move|p1a: Crobat|Defog|p2a: Registeel
|-fail|p2a: Registeel|unboost|[from] ability: Clear Body|[of] p2a: Registeel
|-sideend|p1: troublebubble|Stealth Rock|[from] move: Defog|[of] p1a: Crobat
|move|p2a: Registeel|Seismic Toss|p1a: Crobat
|-damage|p1a: Crobat|35/100
|
|-heal|p2a: Registeel|66/100 brn|[from] item: Leftovers
|-damage|p2a: Registeel|60/100 brn|[from] brn
|upkeep
|turn|51
|
|t:|1606998905
|move|p1a: Crobat|Roost|p1a: Crobat
|-heal|p1a: Crobat|85/100
|-singleturn|p1a: Crobat|move: Roost
|move|p2a: Registeel|Seismic Toss|p1a: Crobat
|-damage|p1a: Crobat|56/100
|
|-heal|p2a: Registeel|66/100 brn|[from] item: Leftovers
|-damage|p2a: Registeel|60/100 brn|[from] brn
|upkeep
|turn|52
|
|t:|1606998916
|switch|p2a: Thundurus|Thundurus, M|100/100
|move|p1a: Crobat|Brave Bird|p2a: Thundurus
|-resisted|p2a: Thundurus
|-damage|p2a: Thundurus|64/100
|-damage|p1a: Crobat|45/100|[from] Recoil
|
|upkeep
|turn|53
|
|t:|1606998935
|switch|p1a: Weezing|Weezing-Galar, M|98/100
|move|p2a: Thundurus|Knock Off|p1a: Weezing
|-resisted|p1a: Weezing
|-damage|p1a: Weezing|85/100
|-enditem|p1a: Weezing|Black Sludge|[from] move: Knock Off|[of] p2a: Thundurus
|
|upkeep
|turn|54
|c|☆Aeropyrus|!weak weezing galar
|c| Aeropyrus|/raw <div class="infobox">Weezing-Galar (ignoring abilities):<br /><span class="message-effect-weak">Weaknesses</span>: Ground, Psychic, Steel<br /><span class="message-effect-resist">Resistances</span>: <b>Bug</b>, Dark, Fairy, <b>Fighting</b>, Grass<br /><span class="message-effect-immune">Immunities</span>: Dragon, Toxic</div>
|
|t:|1606998958
|move|p2a: Thundurus|Wild Charge|p1a: Weezing
|-damage|p1a: Weezing|49/100
|-damage|p2a: Thundurus|54/100|[from] Recoil
|move|p1a: Weezing|Strange Steam|p2a: Thundurus
|-damage|p2a: Thundurus|14/100
|-start|p2a: Thundurus|confusion
|
|upkeep
|turn|55
|
|t:|1606998968
|switch|p2a: Starmie|Starmie|83/100
|move|p1a: Weezing|Toxic Spikes|p2a: Starmie
|-sidestart|p2: Aeropyrus|move: Toxic Spikes
|
|upkeep
|turn|56
|
|t:|1606998973
|switch|p1a: Vaporeon|Vaporeon, M|86/100
|move|p2a: Starmie|Rapid Spin|p1a: Vaporeon
|-damage|p1a: Vaporeon|80/100
|-boost|p2a: Starmie|spe|1
|-sideend|p2: Aeropyrus|Toxic Spikes|[from] move: Rapid Spin|[of] p2a: Starmie
|
|-heal|p1a: Vaporeon|86/100|[from] item: Leftovers
|upkeep
|turn|57
|
|t:|1606998985
|move|p2a: Starmie|Rapid Spin|p1a: Vaporeon
|-damage|p1a: Vaporeon|80/100
|-boost|p2a: Starmie|spe|1
|move|p1a: Vaporeon|Wish|p1a: Vaporeon
|
|-heal|p1a: Vaporeon|86/100|[from] item: Leftovers
|upkeep
|turn|58
|
|t:|1606999000
|switch|p2a: Mimikyu|Mimikyu, F|100/100
|move|p1a: Vaporeon|Flip Turn|p2a: Mimikyu
|-activate|p2a: Mimikyu|ability: Disguise
|-damage|p2a: Mimikyu|100/100
|detailschange|p2a: Mimikyu|Mimikyu-Busted, F
|-damage|p2a: Mimikyu|88/100|[from] pokemon: Mimikyu-Busted
|
|t:|1606999020
|switch|p1a: Weezing|Weezing-Galar, M|49/100|[from]move: Flip Turn
|
|-heal|p1a: Weezing|100/100|[from] move: Wish|[wisher] Vaporeon
|upkeep
|turn|59
|
|t:|1606999031
|move|p2a: Mimikyu|Shadow Claw|p1a: Weezing
|-damage|p1a: Weezing|67/100
|-damage|p2a: Mimikyu|78/100|[from] item: Life Orb
|move|p1a: Weezing|Will-O-Wisp|p2a: Mimikyu
|-status|p2a: Mimikyu|brn
|
|-damage|p2a: Mimikyu|72/100 brn|[from] brn
|upkeep
|turn|60
|
|t:|1606999039
|switch|p1a: Vaporeon|Vaporeon, M|86/100
|move|p2a: Mimikyu|Swords Dance|p2a: Mimikyu
|-boost|p2a: Mimikyu|atk|2
|
|-heal|p1a: Vaporeon|92/100|[from] item: Leftovers
|-damage|p2a: Mimikyu|66/100 brn|[from] brn
|upkeep
|turn|61
|
|t:|1606999047
|move|p2a: Mimikyu|Swords Dance|p2a: Mimikyu
|-boost|p2a: Mimikyu|atk|2
|move|p1a: Vaporeon|Haze|p1a: Vaporeon
|-clearallboost
|
|-heal|p1a: Vaporeon|99/100|[from] item: Leftovers
|-damage|p2a: Mimikyu|60/100 brn|[from] brn
|upkeep
|turn|62
|
|t:|1606999055
|move|p2a: Mimikyu|Swords Dance|p2a: Mimikyu
|-boost|p2a: Mimikyu|atk|2
|move|p1a: Vaporeon|Wish|p1a: Vaporeon
|
|-heal|p1a: Vaporeon|100/100|[from] item: Leftovers
|-damage|p2a: Mimikyu|54/100 brn|[from] brn
|upkeep
|turn|63
|
|t:|1606999064
|move|p2a: Mimikyu|Shadow Claw|p1a: Vaporeon
|-damage|p1a: Vaporeon|73/100
|-damage|p2a: Mimikyu|44/100 brn|[from] item: Life Orb
|move|p1a: Vaporeon|Haze|p1a: Vaporeon
|-clearallboost
|
|-heal|p1a: Vaporeon|100/100|[from] move: Wish|[wisher] Vaporeon
|-damage|p2a: Mimikyu|38/100 brn|[from] brn
|upkeep
|turn|64
|
|t:|1606999074
|move|p2a: Mimikyu|Swords Dance|p2a: Mimikyu
|-boost|p2a: Mimikyu|atk|2
|move|p1a: Vaporeon|Wish|p1a: Vaporeon
|
|-damage|p2a: Mimikyu|32/100 brn|[from] brn
|upkeep
|turn|65
|
|t:|1606999081
|switch|p2a: Zarude|Zarude|95/100
|move|p1a: Vaporeon|Flip Turn|p2a: Zarude
|-resisted|p2a: Zarude
|-damage|p2a: Zarude|90/100
|
|t:|1606999083
|switch|p1a: Crobat|Crobat, M|45/100|[from]move: Flip Turn
|
|-heal|p1a: Crobat|100/100|[from] move: Wish|[wisher] Vaporeon
|-heal|p2a: Zarude|96/100|[from] item: Leftovers
|upkeep
|turn|66
|
|t:|1606999095
|switch|p2a: Registeel|Registeel, shiny|60/100 brn
|move|p1a: Crobat|Brave Bird|p2a: Registeel
|-resisted|p2a: Registeel
|-damage|p2a: Registeel|48/100 brn
|-damage|p1a: Crobat|96/100|[from] Recoil
|
|-heal|p2a: Registeel|54/100 brn|[from] item: Leftovers
|-damage|p2a: Registeel|48/100 brn|[from] brn
|upkeep
|turn|67
|
|t:|1606999104
|move|p1a: Crobat|Brave Bird|p2a: Registeel
|-resisted|p2a: Registeel
|-damage|p2a: Registeel|36/100 brn
|-damage|p1a: Crobat|92/100|[from] Recoil
|move|p2a: Registeel|Stealth Rock|p1a: Crobat
|-sidestart|p1: troublebubble|move: Stealth Rock
|
|-heal|p2a: Registeel|42/100 brn|[from] item: Leftovers
|-damage|p2a: Registeel|36/100 brn|[from] brn
|upkeep
|turn|68
|
|t:|1606999114
|move|p1a: Crobat|Brave Bird|p2a: Registeel
|-resisted|p2a: Registeel
|-damage|p2a: Registeel|24/100 brn
|-damage|p1a: Crobat|88/100|[from] Recoil
|move|p2a: Registeel|Seismic Toss|p1a: Crobat
|-damage|p1a: Crobat|59/100
|
|-heal|p2a: Registeel|30/100 brn|[from] item: Leftovers
|-damage|p2a: Registeel|24/100 brn|[from] brn
|upkeep
|turn|69
|
|t:|1606999124
|move|p1a: Crobat|Defog|p2a: Registeel
|-fail|p2a: Registeel|unboost|[from] ability: Clear Body|[of] p2a: Registeel
|-sideend|p1: troublebubble|Stealth Rock|[from] move: Defog|[of] p1a: Crobat
|move|p2a: Registeel|Rest|p2a: Registeel
|-status|p2a: Registeel|slp|[from] move: Rest
|-heal|p2a: Registeel|100/100 slp|[silent]
|
|upkeep
|turn|70
|
|t:|1606999144
|switch|p1a: Piloswine|Piloswine, M|90/100
|cant|p2a: Registeel|slp
|
|upkeep
|turn|71
|
|t:|1606999150
|switch|p2a: Thundurus|Thundurus, M|14/100
|move|p1a: Piloswine|Earthquake|p2a: Thundurus
|-immune|p2a: Thundurus
|
|upkeep
|turn|72
|
|t:|1606999158
|move|p1a: Piloswine|Ice Shard|p2a: Thundurus
|-supereffective|p2a: Thundurus
|-damage|p2a: Thundurus|0 fnt
|faint|p2a: Thundurus
|
|upkeep
|
|t:|1606999162
|switch|p2a: Entei|Entei, shiny|71/100
|turn|73
|
|t:|1606999173
|switch|p1a: Vaporeon|Vaporeon, M|100/100
|move|p2a: Entei|Stone Edge|p1a: Vaporeon
|-damage|p1a: Vaporeon|65/100
|
|-heal|p1a: Vaporeon|71/100|[from] item: Leftovers
|upkeep
|turn|74
|
|t:|1606999180
|move|p2a: Entei|Stone Edge|p1a: Vaporeon
|-damage|p1a: Vaporeon|35/100
|move|p1a: Vaporeon|Wish|p1a: Vaporeon
|
|-heal|p1a: Vaporeon|41/100|[from] item: Leftovers
|upkeep
|turn|75
|
|t:|1606999189
|switch|p2a: Registeel|Registeel, shiny|100/100 slp
|move|p1a: Vaporeon|Protect||[still]
|-fail|p1a: Vaporeon
|
|-heal|p1a: Vaporeon|91/100|[from] move: Wish|[wisher] Vaporeon
|-heal|p1a: Vaporeon|97/100|[from] item: Leftovers
|upkeep
|turn|76
|
|t:|1606999196
|move|p1a: Vaporeon|Flip Turn|p2a: Registeel
|-damage|p2a: Registeel|93/100 slp
|
|t:|1606999203
|switch|p1a: Piloswine|Piloswine, M|90/100|[from]move: Flip Turn
|cant|p2a: Registeel|slp
|
|-heal|p2a: Registeel|99/100 slp|[from] item: Leftovers
|upkeep
|turn|77
|
|t:|1606999213
|switch|p2a: Zarude|Zarude|96/100
|move|p1a: Piloswine|Earthquake|p2a: Zarude
|-resisted|p2a: Zarude
|-damage|p2a: Zarude|82/100
|
|-heal|p2a: Zarude|88/100|[from] item: Leftovers
|upkeep
|turn|78
|
|t:|1606999221
|switch|p1a: Crobat|Crobat, M|59/100
|move|p2a: Zarude|Darkest Lariat|p1a: Crobat
|-crit|p1a: Crobat
|-damage|p1a: Crobat|0 fnt
|faint|p1a: Crobat
|
|-heal|p2a: Zarude|94/100|[from] item: Leftovers
|upkeep
|c|☆Aeropyrus|yeah fck u
|
|t:|1606999238
|switch|p1a: Weezing|Weezing-Galar, M|67/100
|turn|79
|
|t:|1606999258
|move|p2a: Zarude|U-turn|p1a: Weezing
|-resisted|p1a: Weezing
|-damage|p1a: Weezing|63/100
|
|t:|1606999262
|switch|p2a: Starmie|Starmie|83/100|[from]move: U-turn
|move|p1a: Weezing|Toxic Spikes|p2a: Starmie
|-sidestart|p2: Aeropyrus|move: Toxic Spikes
|
|upkeep
|turn|80
|
|t:|1606999269
|move|p2a: Starmie|Scald|p1a: Weezing
|-damage|p1a: Weezing|40/100
|move|p1a: Weezing|Strange Steam|p2a: Starmie
|-damage|p2a: Starmie|50/100
|-start|p2a: Starmie|confusion
|
|upkeep
|turn|81
|
|t:|1606999277
|-activate|p2a: Starmie|confusion
|move|p2a: Starmie|Recover|p2a: Starmie
|-heal|p2a: Starmie|99/100
|move|p1a: Weezing|Strange Steam|p2a: Starmie
|-damage|p2a: Starmie|67/100
|
|upkeep
|turn|82
|
|t:|1606999293
|switch|p1a: Vaporeon|Vaporeon, M|97/100
|-end|p2a: Starmie|confusion
|move|p2a: Starmie|Rapid Spin|p1a: Vaporeon
|-damage|p1a: Vaporeon|90/100
|-boost|p2a: Starmie|spe|1
|-sideend|p2: Aeropyrus|Toxic Spikes|[from] move: Rapid Spin|[of] p2a: Starmie
|
|-heal|p1a: Vaporeon|97/100|[from] item: Leftovers
|upkeep
|turn|83
|
|t:|1606999307
|switch|p2a: Zarude|Zarude|94/100
|move|p1a: Vaporeon|Wish|p1a: Vaporeon
|
|-heal|p2a: Zarude|99/100|[from] item: Leftovers
|-heal|p1a: Vaporeon|100/100|[from] item: Leftovers
|upkeep
|turn|84
|
|t:|1606999318
|switch|p1a: Weezing|Weezing-Galar, M|40/100
|move|p2a: Zarude|U-turn|p1a: Weezing
|-resisted|p1a: Weezing
|-damage|p1a: Weezing|36/100
|
|t:|1606999328
|switch|p2a: Entei|Entei, shiny|71/100|[from]move: U-turn
|
|-heal|p1a: Weezing|100/100|[from] move: Wish|[wisher] Vaporeon
|upkeep
|turn|85
|
|t:|1606999338
|switch|p1a: Umbreon|Umbreon, F|96/100
|move|p2a: Entei|Stomping Tantrum|p1a: Umbreon
|-crit|p1a: Umbreon
|-damage|p1a: Umbreon|65/100
|
|-heal|p1a: Umbreon|71/100|[from] item: Leftovers
|upkeep
|turn|86
|
|t:|1606999346
|switch|p2a: Mimikyu|Mimikyu-Busted, F|32/100 brn
|move|p1a: Umbreon|Heal Bell|p1a: Umbreon
|-activate|p1a: Umbreon|move: Heal Bell
|-curestatus|p1: Togekiss|tox|[msg]
|
|-heal|p1a: Umbreon|77/100|[from] item: Leftovers
|-damage|p2a: Mimikyu|26/100 brn|[from] brn
|upkeep
|turn|87
|
|t:|1606999357
|move|p2a: Mimikyu|Play Rough|p1a: Umbreon
|-supereffective|p1a: Umbreon
|-damage|p1a: Umbreon|49/100
|-damage|p2a: Mimikyu|16/100 brn|[from] item: Life Orb
|move|p1a: Umbreon|Foul Play|p2a: Mimikyu
|-damage|p2a: Mimikyu|0 fnt
|faint|p2a: Mimikyu
|
|-heal|p1a: Umbreon|55/100|[from] item: Leftovers
|upkeep
|
|t:|1606999367
|switch|p2a: Entei|Entei, shiny|71/100
|turn|88
|
|t:|1606999370
|move|p1a: Umbreon|Protect|p1a: Umbreon
|-singleturn|p1a: Umbreon|Protect
|move|p2a: Entei|Stone Edge|p1a: Umbreon
|-activate|p1a: Umbreon|move: Protect
|
|-heal|p1a: Umbreon|61/100|[from] item: Leftovers
|upkeep
|turn|89
|
|t:|1606999378
|switch|p2a: Zarude|Zarude|99/100
|move|p1a: Umbreon|Wish|p1a: Umbreon
|
|-heal|p2a: Zarude|100/100|[from] item: Leftovers
|-heal|p1a: Umbreon|67/100|[from] item: Leftovers
|upkeep
|turn|90
|
|t:|1606999386
|move|p2a: Zarude|Power Whip|p1a: Umbreon
|-damage|p1a: Umbreon|37/100
|move|p1a: Umbreon|Foul Play|p2a: Zarude
|-resisted|p2a: Zarude
|-damage|p2a: Zarude|85/100
|
|-heal|p1a: Umbreon|87/100|[from] move: Wish|[wisher] Umbreon
|-heal|p2a: Zarude|91/100|[from] item: Leftovers
|-heal|p1a: Umbreon|93/100|[from] item: Leftovers
|upkeep
|turn|91
|
|t:|1606999399
|switch|p1a: Weezing|Weezing-Galar, M|100/100
|move|p2a: Zarude|Power Whip|p1a: Weezing
|-resisted|p1a: Weezing
|-damage|p1a: Weezing|81/100
|
|-heal|p2a: Zarude|97/100|[from] item: Leftovers
|upkeep
|turn|92
|
|t:|1606999407
|move|p2a: Zarude|U-turn|p1a: Weezing
|-resisted|p1a: Weezing
|-damage|p1a: Weezing|77/100
|
|t:|1606999411
|switch|p2a: Registeel|Registeel, shiny|99/100 slp|[from]move: U-turn
|move|p1a: Weezing|Strange Steam|p2a: Registeel
|-resisted|p2a: Registeel
|-damage|p2a: Registeel|90/100 slp
|
|-heal|p2a: Registeel|96/100 slp|[from] item: Leftovers
|upkeep
|turn|93
|
|t:|1606999420
|switch|p1a: Piloswine|Piloswine, M|90/100
|-curestatus|p2a: Registeel|slp|[msg]
|move|p2a: Registeel|Toxic|p1a: Piloswine
|-status|p1a: Piloswine|tox
|
|-heal|p2a: Registeel|100/100|[from] item: Leftovers
|-damage|p1a: Piloswine|84/100 tox|[from] psn
|upkeep
|turn|94
|
|t:|1606999433
|move|p1a: Piloswine|Earthquake|p2a: Registeel
|-supereffective|p2a: Registeel
|-damage|p2a: Registeel|62/100
|move|p2a: Registeel|Stealth Rock|p1a: Piloswine
|-sidestart|p1: troublebubble|move: Stealth Rock
|
|-heal|p2a: Registeel|68/100|[from] item: Leftovers
|-damage|p1a: Piloswine|72/100 tox|[from] psn
|upkeep
|turn|95
|
|t:|1606999443
|switch|p1a: Umbreon|Umbreon, F|93/100
|-damage|p1a: Umbreon|81/100|[from] Stealth Rock
|switch|p2a: Zarude|Zarude|97/100
|
|-heal|p2a: Zarude|100/100|[from] item: Leftovers
|-heal|p1a: Umbreon|87/100|[from] item: Leftovers
|upkeep
|turn|96
|
|t:|1606999458
|move|p2a: Zarude|Power Whip|p1a: Umbreon
|-damage|p1a: Umbreon|56/100
|move|p1a: Umbreon|Wish|p1a: Umbreon
|
|-heal|p1a: Umbreon|62/100|[from] item: Leftovers
|upkeep
|turn|97
|
|t:|1606999476
|switch|p1a: Weezing|Weezing-Galar, M|77/100
|-damage|p1a: Weezing|64/100|[from] Stealth Rock
|move|p2a: Zarude|Darkest Lariat|p1a: Weezing
|-resisted|p1a: Weezing
|-damage|p1a: Weezing|51/100
|
|-heal|p1a: Weezing|100/100|[from] move: Wish|[wisher] Umbreon
|upkeep
|turn|98
|
|t:|1606999485
|move|p2a: Zarude|U-turn|p1a: Weezing
|-resisted|p1a: Weezing
|-damage|p1a: Weezing|97/100
|
|t:|1606999490
|switch|p2a: Registeel|Registeel, shiny|68/100|[from]move: U-turn
|move|p1a: Weezing|Toxic Spikes|p2a: Registeel
|-sidestart|p2: Aeropyrus|move: Toxic Spikes
|
|-heal|p2a: Registeel|74/100|[from] item: Leftovers
|upkeep
|turn|99
|
|t:|1606999501
|switch|p1a: Togekiss|Togekiss, F|94/100
|-damage|p1a: Togekiss|69/100|[from] Stealth Rock
|switch|p2a: Starmie|Starmie|67/100
|
|-heal|p1a: Togekiss|76/100|[from] item: Leftovers
|upkeep
|turn|100
|
|t:|1606999511
|move|p2a: Starmie|Scald|p1a: Togekiss
|-damage|p1a: Togekiss|57/100
|-status|p1a: Togekiss|brn
|move|p1a: Togekiss|Substitute|p1a: Togekiss
|-start|p1a: Togekiss|Substitute
|-damage|p1a: Togekiss|32/100 brn
|
|-heal|p1a: Togekiss|38/100 brn|[from] item: Leftovers
|-damage|p1a: Togekiss|32/100 brn|[from] brn
|upkeep
|turn|101
|
|t:|1606999521
|move|p2a: Starmie|Rapid Spin|p1a: Togekiss
|-activate|p1a: Togekiss|move: Substitute|[damage]
|-sideend|p2: Aeropyrus|Toxic Spikes|[from] move: Rapid Spin|[of] p2a: Starmie
|-boost|p2a: Starmie|spe|1
|move|p1a: Togekiss|Roost|p1a: Togekiss
|-heal|p1a: Togekiss|82/100 brn
|-singleturn|p1a: Togekiss|move: Roost
|
|-heal|p1a: Togekiss|88/100 brn|[from] item: Leftovers
|-damage|p1a: Togekiss|82/100 brn|[from] brn
|upkeep
|turn|102
|
|t:|1606999532
|move|p2a: Starmie|Scald|p1a: Togekiss
|-end|p1a: Togekiss|Substitute
|move|p1a: Togekiss|Air Slash|p2a: Starmie
|-damage|p2a: Starmie|32/100
|
|-heal|p1a: Togekiss|88/100 brn|[from] item: Leftovers
|-damage|p1a: Togekiss|82/100 brn|[from] brn
|upkeep
|turn|103
|
|t:|1606999540
|move|p2a: Starmie|Recover|p2a: Starmie
|-heal|p2a: Starmie|82/100
|move|p1a: Togekiss|Substitute|p1a: Togekiss
|-start|p1a: Togekiss|Substitute
|-damage|p1a: Togekiss|57/100 brn
|
|-heal|p1a: Togekiss|63/100 brn|[from] item: Leftovers
|-damage|p1a: Togekiss|57/100 brn|[from] brn
|upkeep
|turn|104
|
|t:|1606999548
|move|p2a: Starmie|Scald|p1a: Togekiss
|-activate|p1a: Togekiss|move: Substitute|[damage]
|move|p1a: Togekiss|Roost|p1a: Togekiss
|-heal|p1a: Togekiss|100/100 brn
|-singleturn|p1a: Togekiss|move: Roost
|
|-damage|p1a: Togekiss|94/100 brn|[from] brn
|upkeep
|turn|105
|
|t:|1606999560
|move|p2a: Starmie|Flip Turn|p1a: Togekiss
|-end|p1a: Togekiss|Substitute
|
|t:|1606999563
|switch|p2a: Registeel|Registeel, shiny|74/100|[from]move: Flip Turn
|move|p1a: Togekiss|Flamethrower|p2a: Registeel
|-supereffective|p2a: Registeel
|-damage|p2a: Registeel|45/100
|
|-heal|p1a: Togekiss|100/100 brn|[from] item: Leftovers
|-heal|p2a: Registeel|51/100|[from] item: Leftovers
|-damage|p1a: Togekiss|94/100 brn|[from] brn
|upkeep
|turn|106
|
|t:|1606999574
|move|p1a: Togekiss|Flamethrower|p2a: Registeel
|-supereffective|p2a: Registeel
|-damage|p2a: Registeel|20/100
|move|p2a: Registeel|Seismic Toss|p1a: Togekiss
|-damage|p1a: Togekiss|68/100 brn
|
|-heal|p1a: Togekiss|74/100 brn|[from] item: Leftovers
|-heal|p2a: Registeel|26/100|[from] item: Leftovers
|-damage|p1a: Togekiss|68/100 brn|[from] brn
|upkeep
|turn|107
|
|t:|1606999584
|switch|p2a: Entei|Entei, shiny|71/100
|move|p1a: Togekiss|Flamethrower|p2a: Entei
|-resisted|p2a: Entei
|-damage|p2a: Entei|58/100
|
|-heal|p1a: Togekiss|74/100 brn|[from] item: Leftovers
|-damage|p1a: Togekiss|68/100 brn|[from] brn
|upkeep
|turn|108
|
|t:|1606999594
|switch|p1a: Vaporeon|Vaporeon, M|100/100
|-damage|p1a: Vaporeon|88/100|[from] Stealth Rock
|move|p2a: Entei|Sacred Fire|p1a: Vaporeon
|-resisted|p1a: Vaporeon
|-damage|p1a: Vaporeon|62/100
|
|-heal|p1a: Vaporeon|68/100|[from] item: Leftovers
|upkeep
|turn|109
|
|t:|1606999603
|switch|p2a: Zarude|Zarude|100/100
|move|p1a: Vaporeon|Wish|p1a: Vaporeon
|
|-heal|p1a: Vaporeon|74/100|[from] item: Leftovers
|upkeep
|turn|110
|
|t:|1606999611
|switch|p1a: Umbreon|Umbreon, F|62/100
|-damage|p1a: Umbreon|50/100|[from] Stealth Rock
|move|p2a: Zarude|U-turn|p1a: Umbreon
|-supereffective|p1a: Umbreon
|-damage|p1a: Umbreon|28/100
|
|t:|1606999618
|switch|p2a: Entei|Entei, shiny|58/100|[from]move: U-turn
|
|-heal|p1a: Umbreon|87/100|[from] move: Wish|[wisher] Vaporeon
|-heal|p1a: Umbreon|94/100|[from] item: Leftovers
|upkeep
|turn|111
|
|t:|1606999626
|move|p2a: Entei|Extreme Speed|p1a: Umbreon
|-damage|p1a: Umbreon|69/100
|move|p1a: Umbreon|Heal Bell|p1a: Umbreon
|-activate|p1a: Umbreon|move: Heal Bell
|-curestatus|p1: Togekiss|brn|[msg]
|-curestatus|p1: Piloswine|tox|[msg]
|
|-heal|p1a: Umbreon|75/100|[from] item: Leftovers
|upkeep
|turn|112
|
|t:|1606999640
|move|p2a: Entei|Extreme Speed|p1a: Umbreon
|-damage|p1a: Umbreon|50/100
|move|p1a: Umbreon|Wish|p1a: Umbreon
|
|-heal|p1a: Umbreon|57/100|[from] item: Leftovers
|upkeep
|turn|113
|
|t:|1606999647
|switch|p2a: Registeel|Registeel, shiny|26/100
|move|p1a: Umbreon|Foul Play|p2a: Registeel
|-damage|p2a: Registeel|14/100
|
|-heal|p1a: Umbreon|100/100|[from] move: Wish|[wisher] Umbreon
|-heal|p2a: Registeel|20/100|[from] item: Leftovers
|upkeep
|turn|114
|
|t:|1606999661
|switch|p1a: Piloswine|Piloswine, M|72/100
|-damage|p1a: Piloswine|59/100|[from] Stealth Rock
|move|p2a: Registeel|Rest|p2a: Registeel
|-status|p2a: Registeel|slp|[from] move: Rest
|-heal|p2a: Registeel|100/100 slp|[silent]
|
|upkeep
|turn|115
|
|t:|1606999671
|switch|p2a: Zarude|Zarude|100/100
|move|p1a: Piloswine|Icicle Crash|p2a: Zarude
|-supereffective|p2a: Zarude
|-damage|p2a: Zarude|56/100
|
|-heal|p2a: Zarude|62/100|[from] item: Leftovers
|upkeep
|turn|116
|
|t:|1606999680
|switch|p1a: Weezing|Weezing-Galar, M|97/100
|-damage|p1a: Weezing|84/100|[from] Stealth Rock
|move|p2a: Zarude|Power Whip|p1a: Weezing
|-resisted|p1a: Weezing
|-crit|p1a: Weezing
|-damage|p1a: Weezing|55/100
|
|-heal|p2a: Zarude|68/100|[from] item: Leftovers
|upkeep
|turn|117
|
|t:|1606999691
|move|p2a: Zarude|Power Whip|p1a: Weezing
|-resisted|p1a: Weezing
|-damage|p1a: Weezing|32/100
|move|p1a: Weezing|Strange Steam|p2a: Zarude
|-supereffective|p2a: Zarude
|-damage|p2a: Zarude|36/100
|
|-heal|p2a: Zarude|42/100|[from] item: Leftovers
|upkeep
|turn|118
|
|t:|1606999699
|move|p2a: Zarude|Jungle Healing|p2a: Zarude
|-heal|p2a: Zarude|67/100
|move|p1a: Weezing|Strange Steam|p2a: Zarude
|-supereffective|p2a: Zarude
|-damage|p2a: Zarude|32/100
|
|-heal|p2a: Zarude|38/100|[from] item: Leftovers
|upkeep
|turn|119
|
|t:|1606999707
|move|p2a: Zarude|Power Whip|p1a: Weezing|[miss]
|-miss|p2a: Zarude|p1a: Weezing
|move|p1a: Weezing|Strange Steam|p2a: Zarude
|-supereffective|p2a: Zarude
|-damage|p2a: Zarude|2/100
|
|-heal|p2a: Zarude|8/100|[from] item: Leftovers
|upkeep
|turn|120
|
|t:|1606999717
|switch|p2a: Registeel|Registeel, shiny|100/100 slp
|move|p1a: Weezing|Strange Steam|p2a: Registeel
|-resisted|p2a: Registeel
|-crit|p2a: Registeel
|-damage|p2a: Registeel|87/100 slp
|-start|p2a: Registeel|confusion
|
|-heal|p2a: Registeel|93/100 slp|[from] item: Leftovers
|upkeep
|turn|121
|
|t:|1606999730
|switch|p1a: Piloswine|Piloswine, M|59/100
|-damage|p1a: Piloswine|47/100|[from] Stealth Rock
|switch|p2a: Zarude|Zarude|8/100
|
|-heal|p2a: Zarude|14/100|[from] item: Leftovers
|upkeep
|turn|122
|
|t:|1606999739
|switch|p2a: Registeel|Registeel, shiny|93/100 slp
|move|p1a: Piloswine|Ice Shard|p2a: Registeel
|-resisted|p2a: Registeel
|-damage|p2a: Registeel|89/100 slp
|
|-heal|p2a: Registeel|95/100 slp|[from] item: Leftovers
|upkeep
|turn|123
|
|t:|1606999748
|switch|p2a: Starmie|Starmie|82/100
|move|p1a: Piloswine|Earthquake|p2a: Starmie
|-damage|p2a: Starmie|37/100
|
|upkeep
|turn|124
|
|t:|1606999759
|switch|p1a: Vaporeon|Vaporeon, M|74/100
|-damage|p1a: Vaporeon|62/100|[from] Stealth Rock
|move|p2a: Starmie|Recover|p2a: Starmie
|-heal|p2a: Starmie|87/100
|
|-heal|p1a: Vaporeon|68/100|[from] item: Leftovers
|upkeep
|turn|125
|
|t:|1606999769
|move|p2a: Starmie|Rapid Spin|p1a: Vaporeon
|-crit|p1a: Vaporeon
|-damage|p1a: Vaporeon|58/100
|-boost|p2a: Starmie|spe|1
|move|p1a: Vaporeon|Flip Turn|p2a: Starmie
|-resisted|p2a: Starmie
|-damage|p2a: Starmie|78/100
|
|t:|1606999774
|switch|p1a: Umbreon|Umbreon, F|100/100|[from]move: Flip Turn
|-damage|p1a: Umbreon|88/100|[from] Stealth Rock
|
|-heal|p1a: Umbreon|94/100|[from] item: Leftovers
|upkeep
|turn|126
|
|t:|1606999782
|move|p2a: Starmie|Rapid Spin|p1a: Umbreon
|-damage|p1a: Umbreon|88/100
|-boost|p2a: Starmie|spe|1
|move|p1a: Umbreon|Wish|p1a: Umbreon
|
|-heal|p1a: Umbreon|95/100|[from] item: Leftovers
|upkeep
|turn|127
|
|t:|1606999789
|switch|p1a: Togekiss|Togekiss, F|68/100
|-damage|p1a: Togekiss|43/100|[from] Stealth Rock
|move|p2a: Starmie|Scald|p1a: Togekiss
|-damage|p1a: Togekiss|23/100
|-status|p1a: Togekiss|brn
|
|-heal|p1a: Togekiss|76/100 brn|[from] move: Wish|[wisher] Umbreon
|-heal|p1a: Togekiss|82/100 brn|[from] item: Leftovers
|-damage|p1a: Togekiss|76/100 brn|[from] brn
|upkeep
|turn|128
|
|t:|1606999801
|move|p2a: Starmie|Scald|p1a: Togekiss
|-damage|p1a: Togekiss|57/100 brn
|move|p1a: Togekiss|Substitute|p1a: Togekiss
|-start|p1a: Togekiss|Substitute
|-damage|p1a: Togekiss|32/100 brn
|
|-heal|p1a: Togekiss|38/100 brn|[from] item: Leftovers
|-damage|p1a: Togekiss|32/100 brn|[from] brn
|upkeep
|turn|129
|
|t:|1606999810
|move|p2a: Starmie|Scald|p1a: Togekiss
|-activate|p1a: Togekiss|move: Substitute|[damage]
|move|p1a: Togekiss|Roost|p1a: Togekiss
|-heal|p1a: Togekiss|82/100 brn
|-singleturn|p1a: Togekiss|move: Roost
|
|-heal|p1a: Togekiss|88/100 brn|[from] item: Leftovers
|-damage|p1a: Togekiss|82/100 brn|[from] brn
|upkeep
|turn|130
|
|t:|1606999819
|move|p2a: Starmie|Rapid Spin|p1a: Togekiss
|-end|p1a: Togekiss|Substitute
|-boost|p2a: Starmie|spe|1
|move|p1a: Togekiss|Substitute|p1a: Togekiss
|-start|p1a: Togekiss|Substitute
|-damage|p1a: Togekiss|57/100 brn
|
|-heal|p1a: Togekiss|63/100 brn|[from] item: Leftovers
|-damage|p1a: Togekiss|57/100 brn|[from] brn
|upkeep
|turn|131
|
|t:|1606999829
|move|p2a: Starmie|Scald|p1a: Togekiss
|-activate|p1a: Togekiss|move: Substitute|[damage]
|move|p1a: Togekiss|Roost|p1a: Togekiss
|-heal|p1a: Togekiss|100/100 brn
|-singleturn|p1a: Togekiss|move: Roost
|
|-damage|p1a: Togekiss|94/100 brn|[from] brn
|upkeep
|turn|132
|
|t:|1606999838
|move|p2a: Starmie|Rapid Spin|p1a: Togekiss
|-end|p1a: Togekiss|Substitute
|-boost|p2a: Starmie|spe|1
|move|p1a: Togekiss|Flamethrower|p2a: Starmie
|-resisted|p2a: Starmie
|-damage|p2a: Starmie|64/100
|
|-heal|p1a: Togekiss|100/100 brn|[from] item: Leftovers
|-damage|p1a: Togekiss|94/100 brn|[from] brn
|upkeep
|turn|133
|
|t:|1606999848
|move|p2a: Starmie|Recover|p2a: Starmie
|-heal|p2a: Starmie|100/100
|move|p1a: Togekiss|Air Slash|p2a: Starmie
|-damage|p2a: Starmie|63/100
|
|-heal|p1a: Togekiss|100/100 brn|[from] item: Leftovers
|-damage|p1a: Togekiss|94/100 brn|[from] brn
|upkeep
|turn|134
|
|t:|1606999857
|move|p2a: Starmie|Scald|p1a: Togekiss
|-damage|p1a: Togekiss|74/100 brn
|move|p1a: Togekiss|Air Slash|p2a: Starmie
|-damage|p2a: Starmie|28/100
|
|-heal|p1a: Togekiss|80/100 brn|[from] item: Leftovers
|-damage|p1a: Togekiss|74/100 brn|[from] brn
|upkeep
|turn|135
|
|t:|1606999865
|move|p2a: Starmie|Recover|p2a: Starmie
|-heal|p2a: Starmie|78/100
|move|p1a: Togekiss|Substitute|p1a: Togekiss
|-start|p1a: Togekiss|Substitute
|-damage|p1a: Togekiss|49/100 brn
|
|-heal|p1a: Togekiss|55/100 brn|[from] item: Leftovers
|-damage|p1a: Togekiss|49/100 brn|[from] brn
|upkeep
|turn|136
|
|t:|1606999873
|move|p2a: Starmie|Scald|p1a: Togekiss
|-activate|p1a: Togekiss|move: Substitute|[damage]
|move|p1a: Togekiss|Roost|p1a: Togekiss
|-heal|p1a: Togekiss|99/100 brn
|-singleturn|p1a: Togekiss|move: Roost
|
|-heal|p1a: Togekiss|100/100 brn|[from] item: Leftovers
|-damage|p1a: Togekiss|94/100 brn|[from] brn
|upkeep
|turn|137
|
|t:|1606999882
|move|p2a: Starmie|Rapid Spin|p1a: Togekiss
|-end|p1a: Togekiss|Substitute
|-boost|p2a: Starmie|spe|1
|move|p1a: Togekiss|Air Slash|p2a: Starmie
|-damage|p2a: Starmie|44/100
|
|-heal|p1a: Togekiss|100/100 brn|[from] item: Leftovers
|-damage|p1a: Togekiss|94/100 brn|[from] brn
|upkeep
|turn|138
|
|t:|1606999891
|move|p2a: Starmie|Recover|p2a: Starmie
|-heal|p2a: Starmie|94/100
|move|p1a: Togekiss|Air Slash|p2a: Starmie
|-damage|p2a: Starmie|59/100
|
|-heal|p1a: Togekiss|100/100 brn|[from] item: Leftovers
|-damage|p1a: Togekiss|94/100 brn|[from] brn
|upkeep
|turn|139
|
|t:|1606999899
|move|p2a: Starmie|Flip Turn|p1a: Togekiss
|-damage|p1a: Togekiss|80/100 brn
|
|t:|1606999903
|switch|p2a: Registeel|Registeel, shiny|95/100 slp|[from]move: Flip Turn
|move|p1a: Togekiss|Air Slash|p2a: Registeel
|-resisted|p2a: Registeel
|-damage|p2a: Registeel|85/100 slp
|
|-heal|p1a: Togekiss|86/100 brn|[from] item: Leftovers
|-heal|p2a: Registeel|91/100 slp|[from] item: Leftovers
|-damage|p1a: Togekiss|80/100 brn|[from] brn
|upkeep
|turn|140
|
|t:|1606999916
|move|p1a: Togekiss|Flamethrower|p2a: Registeel
|-supereffective|p2a: Registeel
|-damage|p2a: Registeel|60/100 slp
|cant|p2a: Registeel|slp
|
|-heal|p1a: Togekiss|86/100 brn|[from] item: Leftovers
|-heal|p2a: Registeel|66/100 slp|[from] item: Leftovers
|-damage|p1a: Togekiss|80/100 brn|[from] brn
|upkeep
|turn|141
|j| Jorgeta57
|l| Jorgeta57
|
|t:|1606999933
|switch|p1a: Umbreon|Umbreon, F|95/100
|-damage|p1a: Umbreon|82/100|[from] Stealth Rock
|switch|p2a: Entei|Entei, shiny|58/100
|
|-heal|p1a: Umbreon|88/100|[from] item: Leftovers
|upkeep
|turn|142
|
|t:|1606999940
|move|p2a: Entei|Sacred Fire|p1a: Umbreon
|-damage|p1a: Umbreon|42/100
|-status|p1a: Umbreon|brn
|-activate|p1a: Umbreon|ability: Synchronize
|-immune|p2a: Entei
|move|p1a: Umbreon|Wish|p1a: Umbreon
|
|-heal|p1a: Umbreon|48/100 brn|[from] item: Leftovers
|-damage|p1a: Umbreon|42/100 brn|[from] brn
|upkeep
|turn|143
|
|t:|1606999952
|switch|p2a: Zarude|Zarude|14/100
|move|p1a: Umbreon|Protect||[still]
|-fail|p1a: Umbreon
|
|-heal|p1a: Umbreon|92/100 brn|[from] move: Wish|[wisher] Umbreon
|-heal|p2a: Zarude|20/100|[from] item: Leftovers
|-heal|p1a: Umbreon|98/100 brn|[from] item: Leftovers
|-damage|p1a: Umbreon|92/100 brn|[from] brn
|upkeep
|turn|144
|
|t:|1606999967
|move|p2a: Zarude|Jungle Healing|p2a: Zarude
|-heal|p2a: Zarude|45/100
|move|p1a: Umbreon|Heal Bell|p1a: Umbreon
|-activate|p1a: Umbreon|move: Heal Bell
|-curestatus|p1a: Umbreon|brn|[msg]
|-curestatus|p1: Togekiss|brn|[msg]
|
|-heal|p2a: Zarude|51/100|[from] item: Leftovers
|-heal|p1a: Umbreon|98/100|[from] item: Leftovers
|upkeep
|turn|145
|
|t:|1606999977
|switch|p1a: Togekiss|Togekiss, F|80/100
|-damage|p1a: Togekiss|55/100|[from] Stealth Rock
|move|p2a: Zarude|Jungle Healing|p2a: Zarude
|-heal|p2a: Zarude|76/100
|
|-heal|p2a: Zarude|82/100|[from] item: Leftovers
|-heal|p1a: Togekiss|61/100|[from] item: Leftovers
|upkeep
|turn|146
|
|t:|1606999991
|switch|p2a: Registeel|Registeel, shiny|66/100 slp
|move|p1a: Togekiss|Roost|p1a: Togekiss
|-heal|p1a: Togekiss|100/100
|-singleturn|p1a: Togekiss|move: Roost
|
|-heal|p2a: Registeel|72/100 slp|[from] item: Leftovers
|upkeep
|turn|147
|
|t:|1606999999
|switch|p1a: Umbreon|Umbreon, F|98/100
|-damage|p1a: Umbreon|86/100|[from] Stealth Rock
|cant|p2a: Registeel|slp
|
|-heal|p1a: Umbreon|92/100|[from] item: Leftovers
|-heal|p2a: Registeel|78/100 slp|[from] item: Leftovers
|upkeep
|turn|148
|
|t:|1607000009
|move|p1a: Umbreon|Wish|p1a: Umbreon
|-curestatus|p2a: Registeel|slp|[msg]
|move|p2a: Registeel|Toxic|p1a: Umbreon
|-status|p1a: Umbreon|tox
|-activate|p1a: Umbreon|ability: Synchronize
|-immune|p2a: Registeel
|
|-heal|p1a: Umbreon|98/100 tox|[from] item: Leftovers
|-heal|p2a: Registeel|84/100|[from] item: Leftovers
|-damage|p1a: Umbreon|92/100 tox|[from] psn
|upkeep
|turn|149
|
|t:|1607000019
|switch|p1a: Piloswine|Piloswine, M|47/100
|-damage|p1a: Piloswine|34/100|[from] Stealth Rock
|move|p2a: Registeel|Toxic|p1a: Piloswine
|-status|p1a: Piloswine|tox
|
|-heal|p1a: Piloswine|85/100 tox|[from] move: Wish|[wisher] Umbreon
|-heal|p2a: Registeel|90/100|[from] item: Leftovers
|-damage|p1a: Piloswine|79/100 tox|[from] psn
|upkeep
|turn|150
|
|t:|1607000036
|switch|p1a: Togekiss|Togekiss, F|100/100
|-damage|p1a: Togekiss|76/100|[from] Stealth Rock
|move|p2a: Registeel|Seismic Toss|p1a: Togekiss
|-damage|p1a: Togekiss|49/100
|
|-heal|p1a: Togekiss|55/100|[from] item: Leftovers
|-heal|p2a: Registeel|96/100|[from] item: Leftovers
|upkeep
|turn|151
|
|t:|1607000045
|move|p1a: Togekiss|Substitute|p1a: Togekiss
|-start|p1a: Togekiss|Substitute
|-damage|p1a: Togekiss|30/100
|move|p2a: Registeel|Seismic Toss|p1a: Togekiss
|-end|p1a: Togekiss|Substitute
|
|-heal|p1a: Togekiss|36/100|[from] item: Leftovers
|-heal|p2a: Registeel|100/100|[from] item: Leftovers
|upkeep
|turn|152
|j| greninja9
|
|t:|1607000054
|move|p1a: Togekiss|Roost|p1a: Togekiss
|-heal|p1a: Togekiss|86/100
|-singleturn|p1a: Togekiss|move: Roost
|move|p2a: Registeel|Seismic Toss|p1a: Togekiss
|-damage|p1a: Togekiss|59/100
|
|-heal|p1a: Togekiss|66/100|[from] item: Leftovers
|upkeep
|turn|153
|
|t:|1607000062
|move|p1a: Togekiss|Substitute|p1a: Togekiss
|-start|p1a: Togekiss|Substitute
|-damage|p1a: Togekiss|41/100
|move|p2a: Registeel|Seismic Toss|p1a: Togekiss
|-end|p1a: Togekiss|Substitute
|
|-heal|p1a: Togekiss|47/100|[from] item: Leftovers
|upkeep
|turn|154
|
|t:|1607000070
|move|p1a: Togekiss|Substitute|p1a: Togekiss
|-start|p1a: Togekiss|Substitute
|-damage|p1a: Togekiss|22/100
|move|p2a: Registeel|Toxic||[still]
|-fail|p2a: Registeel
|
|-heal|p1a: Togekiss|28/100|[from] item: Leftovers
|upkeep
|turn|155
|
|t:|1607000076
|move|p1a: Togekiss|Roost|p1a: Togekiss
|-heal|p1a: Togekiss|78/100
|-singleturn|p1a: Togekiss|move: Roost
|move|p2a: Registeel|Seismic Toss|p1a: Togekiss
|-end|p1a: Togekiss|Substitute
|
|-heal|p1a: Togekiss|84/100|[from] item: Leftovers
|upkeep
|turn|156
|l| greninja9
|
|t:|1607000091
|move|p1a: Togekiss|Substitute|p1a: Togekiss
|-start|p1a: Togekiss|Substitute
|-damage|p1a: Togekiss|59/100
|move|p2a: Registeel|Seismic Toss|p1a: Togekiss
|-end|p1a: Togekiss|Substitute
|
|-heal|p1a: Togekiss|66/100|[from] item: Leftovers
|upkeep
|turn|157
|
|t:|1607000099
|move|p1a: Togekiss|Flamethrower|p2a: Registeel
|-supereffective|p2a: Registeel
|-crit|p2a: Registeel
|-damage|p2a: Registeel|52/100
|move|p2a: Registeel|Toxic|p1a: Togekiss
|-status|p1a: Togekiss|tox
|
|-heal|p1a: Togekiss|72/100 tox|[from] item: Leftovers
|-heal|p2a: Registeel|58/100|[from] item: Leftovers
|-damage|p1a: Togekiss|66/100 tox|[from] psn
|upkeep
|turn|158
|
|t:|1607000117
|switch|p1a: Umbreon|Umbreon, F|92/100 tox
|-damage|p1a: Umbreon|80/100 tox|[from] Stealth Rock
|move|p2a: Registeel|Seismic Toss|p1a: Umbreon
|-damage|p1a: Umbreon|54/100 tox
|
|-heal|p1a: Umbreon|60/100 tox|[from] item: Leftovers
|-heal|p2a: Registeel|64/100|[from] item: Leftovers
|-damage|p1a: Umbreon|54/100 tox|[from] psn
|upkeep
|turn|159
|
|t:|1607000130
|move|p1a: Umbreon|Heal Bell|p1a: Umbreon
|-activate|p1a: Umbreon|move: Heal Bell
|-curestatus|p1a: Umbreon|tox|[msg]
|-curestatus|p1: Piloswine|tox|[msg]
|-curestatus|p1: Togekiss|tox|[msg]
|move|p2a: Registeel|Seismic Toss|p1a: Umbreon
|-damage|p1a: Umbreon|29/100
|
|-heal|p1a: Umbreon|35/100|[from] item: Leftovers
|-heal|p2a: Registeel|70/100|[from] item: Leftovers
|upkeep
|turn|160
|
|t:|1607000141
|move|p1a: Umbreon|Protect|p1a: Umbreon
|-singleturn|p1a: Umbreon|Protect
|move|p2a: Registeel|Toxic|p1a: Umbreon
|-activate|p1a: Umbreon|move: Protect
|
|-heal|p1a: Umbreon|41/100|[from] item: Leftovers
|-heal|p2a: Registeel|76/100|[from] item: Leftovers
|upkeep
|turn|161
|
|t:|1607000150
|move|p1a: Umbreon|Wish|p1a: Umbreon
|move|p2a: Registeel|Seismic Toss|p1a: Umbreon
|-damage|p1a: Umbreon|15/100
|
|-heal|p1a: Umbreon|21/100|[from] item: Leftovers
|-heal|p2a: Registeel|82/100|[from] item: Leftovers
|upkeep
|turn|162
|
|t:|1607000161
|switch|p2a: Entei|Entei, shiny|58/100
|move|p1a: Umbreon|Protect||[still]
|-fail|p1a: Umbreon
|
|-heal|p1a: Umbreon|71/100|[from] move: Wish|[wisher] Umbreon
|-heal|p1a: Umbreon|77/100|[from] item: Leftovers
|upkeep
|turn|163
|
|t:|1607000178
|move|p1a: Umbreon|Protect|p1a: Umbreon
|-singleturn|p1a: Umbreon|Protect
|move|p2a: Entei|Sacred Fire|p1a: Umbreon
|-activate|p1a: Umbreon|move: Protect
|
|-heal|p1a: Umbreon|84/100|[from] item: Leftovers
|upkeep
|turn|164
|
|t:|1607000187
|switch|p2a: Registeel|Registeel, shiny|82/100
|move|p1a: Umbreon|Wish|p1a: Umbreon
|
|-heal|p1a: Umbreon|90/100|[from] item: Leftovers
|-heal|p2a: Registeel|88/100|[from] item: Leftovers
|upkeep
|turn|165
|
|t:|1607000196
|switch|p1a: Piloswine|Piloswine, M|79/100
|-damage|p1a: Piloswine|66/100|[from] Stealth Rock
|move|p2a: Registeel|Toxic|p1a: Piloswine
|-status|p1a: Piloswine|tox
|
|-heal|p1a: Piloswine|100/100 tox|[from] move: Wish|[wisher] Umbreon
|-heal|p2a: Registeel|94/100|[from] item: Leftovers
|-damage|p1a: Piloswine|94/100 tox|[from] psn
|upkeep
|turn|166
|
|t:|1607000208
|move|p1a: Piloswine|Stealth Rock|p2a: Registeel
|-sidestart|p2: Aeropyrus|move: Stealth Rock
|move|p2a: Registeel|Stealth Rock||[still]
|-fail|p2a: Registeel
|
|-heal|p2a: Registeel|100/100|[from] item: Leftovers
|-damage|p1a: Piloswine|82/100 tox|[from] psn
|upkeep
|turn|167
|
|t:|1607000216
|switch|p1a: Umbreon|Umbreon, F|90/100
|-damage|p1a: Umbreon|77/100|[from] Stealth Rock
|move|p2a: Registeel|Toxic|p1a: Umbreon
|-status|p1a: Umbreon|tox
|-activate|p1a: Umbreon|ability: Synchronize
|-immune|p2a: Registeel
|
|-heal|p1a: Umbreon|84/100 tox|[from] item: Leftovers
|-damage|p1a: Umbreon|77/100 tox|[from] psn
|upkeep
|turn|168
|
|t:|1607000229
|switch|p2a: Entei|Entei, shiny|58/100
|-damage|p2a: Entei|33/100|[from] Stealth Rock
|move|p1a: Umbreon|Heal Bell|p1a: Umbreon
|-activate|p1a: Umbreon|move: Heal Bell
|-curestatus|p1a: Umbreon|tox|[msg]
|-curestatus|p1: Piloswine|tox|[msg]
|
|-heal|p1a: Umbreon|84/100|[from] item: Leftovers
|upkeep
|turn|169
|
|t:|1607000240
|move|p1a: Umbreon|Protect|p1a: Umbreon
|-singleturn|p1a: Umbreon|Protect
|move|p2a: Entei|Stomping Tantrum|p1a: Umbreon
|-activate|p1a: Umbreon|move: Protect
|
|-heal|p1a: Umbreon|90/100|[from] item: Leftovers
|upkeep
|turn|170
|
|t:|1607000248
|switch|p2a: Registeel|Registeel, shiny|100/100
|-damage|p2a: Registeel|94/100|[from] Stealth Rock
|move|p1a: Umbreon|Wish|p1a: Umbreon
|
|-heal|p1a: Umbreon|96/100|[from] item: Leftovers
|-heal|p2a: Registeel|100/100|[from] item: Leftovers
|upkeep
|turn|171
|
|t:|1607000258
|switch|p1a: Piloswine|Piloswine, M|82/100
|-damage|p1a: Piloswine|69/100|[from] Stealth Rock
|move|p2a: Registeel|Seismic Toss|p1a: Piloswine
|-damage|p1a: Piloswine|44/100
|
|-heal|p1a: Piloswine|94/100|[from] move: Wish|[wisher] Umbreon
|upkeep
|turn|172
|
|t:|1607000269
|switch|p1a: Togekiss|Togekiss, F|66/100
|-damage|p1a: Togekiss|41/100|[from] Stealth Rock
|move|p2a: Registeel|Toxic|p1a: Togekiss
|-status|p1a: Togekiss|tox
|
|-heal|p1a: Togekiss|47/100 tox|[from] item: Leftovers
|-damage|p1a: Togekiss|41/100 tox|[from] psn
|upkeep
|turn|173
|
|t:|1607000279
|move|p1a: Togekiss|Roost|p1a: Togekiss
|-heal|p1a: Togekiss|91/100 tox
|-singleturn|p1a: Togekiss|move: Roost
|move|p2a: Registeel|Seismic Toss|p1a: Togekiss
|-damage|p1a: Togekiss|64/100 tox
|
|-heal|p1a: Togekiss|70/100 tox|[from] item: Leftovers
|-damage|p1a: Togekiss|58/100 tox|[from] psn
|upkeep
|turn|174
|
|t:|1607000289
|switch|p1a: Umbreon|Umbreon, F|96/100
|-damage|p1a: Umbreon|84/100|[from] Stealth Rock
|move|p2a: Registeel|Seismic Toss|p1a: Umbreon
|-damage|p1a: Umbreon|58/100
|
|-heal|p1a: Umbreon|64/100|[from] item: Leftovers
|upkeep
|turn|175
|
|t:|1607000297
|move|p1a: Umbreon|Protect|p1a: Umbreon
|-singleturn|p1a: Umbreon|Protect
|move|p2a: Registeel|Toxic|p1a: Umbreon
|-activate|p1a: Umbreon|move: Protect
|
|-heal|p1a: Umbreon|70/100|[from] item: Leftovers
|upkeep
|turn|176
|
|t:|1607000306
|move|p1a: Umbreon|Heal Bell|p1a: Umbreon
|-activate|p1a: Umbreon|move: Heal Bell
|-curestatus|p1: Togekiss|tox|[msg]
|move|p2a: Registeel|Seismic Toss|p1a: Umbreon
|-damage|p1a: Umbreon|45/100
|
|-heal|p1a: Umbreon|51/100|[from] item: Leftovers
|upkeep
|turn|177
|
|t:|1607000315
|move|p1a: Umbreon|Protect|p1a: Umbreon
|-singleturn|p1a: Umbreon|Protect
|move|p2a: Registeel|Seismic Toss|p1a: Umbreon
|-activate|p1a: Umbreon|move: Protect
|
|-heal|p1a: Umbreon|57/100|[from] item: Leftovers
|upkeep
|turn|178
|
|t:|1607000331
|switch|p1a: Vaporeon|Vaporeon, M|58/100
|-damage|p1a: Vaporeon|46/100|[from] Stealth Rock
|move|p2a: Registeel|Stealth Rock||[still]
|-fail|p2a: Registeel
|
|-heal|p1a: Vaporeon|52/100|[from] item: Leftovers
|upkeep
|turn|179
|
|t:|1607000339
|move|p1a: Vaporeon|Haze|p1a: Vaporeon
|-clearallboost
|move|p2a: Registeel|Stealth Rock||[still]
|-fail|p2a: Registeel
|
|-heal|p1a: Vaporeon|58/100|[from] item: Leftovers
|upkeep
|turn|180
|
|t:|1607000347
|switch|p2a: Zarude|Zarude|82/100
|-damage|p2a: Zarude|69/100|[from] Stealth Rock
|move|p1a: Vaporeon|Haze|p1a: Vaporeon
|-clearallboost
|
|-heal|p2a: Zarude|75/100|[from] item: Leftovers
|-heal|p1a: Vaporeon|65/100|[from] item: Leftovers
|upkeep
|turn|181
|j| Jorgeta57
|
|t:|1607000358
|move|p1a: Vaporeon|Protect|p1a: Vaporeon
|-singleturn|p1a: Vaporeon|Protect
|move|p2a: Zarude|U-turn|p1a: Vaporeon
|-activate|p1a: Vaporeon|move: Protect
|
|-heal|p2a: Zarude|81/100|[from] item: Leftovers
|-heal|p1a: Vaporeon|71/100|[from] item: Leftovers
|upkeep
|turn|182
|
|t:|1607000365
|switch|p1a: Togekiss|Togekiss, F|58/100
|-damage|p1a: Togekiss|33/100|[from] Stealth Rock
|move|p2a: Zarude|Power Whip|p1a: Togekiss
|-resisted|p1a: Togekiss
|-damage|p1a: Togekiss|14/100
|
|-heal|p2a: Zarude|87/100|[from] item: Leftovers
|-heal|p1a: Togekiss|20/100|[from] item: Leftovers
|upkeep
|turn|183
|
|t:|1607000375
|move|p2a: Zarude|Darkest Lariat|p1a: Togekiss
|-resisted|p1a: Togekiss
|-damage|p1a: Togekiss|7/100
|move|p1a: Togekiss|Roost|p1a: Togekiss
|-heal|p1a: Togekiss|57/100
|-singleturn|p1a: Togekiss|move: Roost
|
|-heal|p2a: Zarude|93/100|[from] item: Leftovers
|-heal|p1a: Togekiss|64/100|[from] item: Leftovers
|upkeep
|turn|184
|
|t:|1607000387
|move|p2a: Zarude|U-turn|p1a: Togekiss
|-resisted|p1a: Togekiss
|-damage|p1a: Togekiss|59/100
|
|t:|1607000391
|switch|p2a: Registeel|Registeel, shiny|100/100|[from]move: U-turn
|-damage|p2a: Registeel|94/100|[from] Stealth Rock
|move|p1a: Togekiss|Flamethrower|p2a: Registeel
|-supereffective|p2a: Registeel
|-damage|p2a: Registeel|64/100
|
|-heal|p1a: Togekiss|66/100|[from] item: Leftovers
|-heal|p2a: Registeel|70/100|[from] item: Leftovers
|upkeep
|turn|185
|
|t:|1607000400
|move|p1a: Togekiss|Flamethrower|p2a: Registeel
|-supereffective|p2a: Registeel
|-damage|p2a: Registeel|40/100
|-status|p2a: Registeel|brn
|move|p2a: Registeel|Stealth Rock||[still]
|-fail|p2a: Registeel
|
|-heal|p1a: Togekiss|72/100|[from] item: Leftovers
|-heal|p2a: Registeel|46/100 brn|[from] item: Leftovers
|-damage|p2a: Registeel|40/100 brn|[from] brn
|upkeep
|turn|186
|
|t:|1607000410
|move|p1a: Togekiss|Air Slash|p2a: Registeel
|-resisted|p2a: Registeel
|-damage|p2a: Registeel|30/100 brn
|cant|p2a: Registeel|flinch
|
|-heal|p1a: Togekiss|78/100|[from] item: Leftovers
|-heal|p2a: Registeel|36/100 brn|[from] item: Leftovers
|-damage|p2a: Registeel|30/100 brn|[from] brn
|upkeep
|turn|187
|
|t:|1607000432
|switch|p1a: Umbreon|Umbreon, F|57/100
|-damage|p1a: Umbreon|45/100|[from] Stealth Rock
|move|p2a: Registeel|Rest|p2a: Registeel
|-status|p2a: Registeel|slp|[from] move: Rest
|-heal|p2a: Registeel|100/100 slp|[silent]
|
|-heal|p1a: Umbreon|51/100|[from] item: Leftovers
|upkeep
|turn|188
|
|t:|1607000442
|move|p1a: Umbreon|Wish|p1a: Umbreon
|cant|p2a: Registeel|slp
|
|-heal|p1a: Umbreon|57/100|[from] item: Leftovers
|upkeep
|turn|189
|
|t:|1607000447
|switch|p1a: Weezing|Weezing-Galar, M|32/100
|-damage|p1a: Weezing|20/100|[from] Stealth Rock
|switch|p2a: Starmie|Starmie|59/100
|
|-heal|p1a: Weezing|79/100|[from] move: Wish|[wisher] Umbreon
|upkeep
|turn|190
|
|t:|1607000457
|move|p2a: Starmie|Rapid Spin|p1a: Weezing
|-damage|p1a: Weezing|71/100
|-boost|p2a: Starmie|spe|1
|-sideend|p2: Aeropyrus|Stealth Rock|[from] move: Rapid Spin|[of] p2a: Starmie
|move|p1a: Weezing|Strange Steam|p2a: Starmie
|-damage|p2a: Starmie|27/100
|-start|p2a: Starmie|confusion
|
|upkeep
|turn|191
|l| Jorgeta57
|
|t:|1607000465
|-activate|p2a: Starmie|confusion
|-damage|p2a: Starmie|18/100|[from] confusion
|move|p1a: Weezing|Strange Steam|p2a: Starmie
|-damage|p2a: Starmie|0 fnt
|faint|p2a: Starmie
|
|upkeep
|
|t:|1607000471
|switch|p2a: Registeel|Registeel, shiny|100/100 slp
|turn|192
|c|☆troublebubble|gg
|
|t:|1607000479
|move|p1a: Weezing|Toxic Spikes|p2a: Registeel
|-sidestart|p2: Aeropyrus|move: Toxic Spikes
|cant|p2a: Registeel|slp
|
|upkeep
|turn|193
|c|☆Aeropyrus|shut up mr stall
|
|t:|1607000486
|move|p1a: Weezing|Toxic Spikes|p2a: Registeel
|-sidestart|p2: Aeropyrus|move: Toxic Spikes
|-curestatus|p2a: Registeel|slp|[msg]
|move|p2a: Registeel|Stealth Rock||[still]
|-fail|p2a: Registeel
|
|upkeep
|turn|194
|
|t:|1607000492
|switch|p1a: Piloswine|Piloswine, M|94/100
|-damage|p1a: Piloswine|82/100|[from] Stealth Rock
|move|p2a: Registeel|Stealth Rock||[still]
|-fail|p2a: Registeel
|
|upkeep
|turn|195
|j| greninja9
|
|t:|1607000499
|move|p1a: Piloswine|Stealth Rock|p2a: Registeel
|-sidestart|p2: Aeropyrus|move: Stealth Rock
|move|p2a: Registeel|Stealth Rock||[still]
|-fail|p2a: Registeel
|
|upkeep
|turn|196
|
|t:|1607000504
|move|p1a: Piloswine|Earthquake|p2a: Registeel
|-supereffective|p2a: Registeel
|-damage|p2a: Registeel|61/100
|move|p2a: Registeel|Stealth Rock||[still]
|-fail|p2a: Registeel
|
|-heal|p2a: Registeel|67/100|[from] item: Leftovers
|upkeep
|turn|197
|
|t:|1607000513
|move|p1a: Piloswine|Earthquake|p2a: Registeel
|-supereffective|p2a: Registeel
|-damage|p2a: Registeel|30/100
|move|p2a: Registeel|Stealth Rock||[still]
|-fail|p2a: Registeel
|
|-heal|p2a: Registeel|36/100|[from] item: Leftovers
|upkeep
|turn|198
|
|t:|1607000519
|move|p1a: Piloswine|Earthquake|p2a: Registeel
|-supereffective|p2a: Registeel
|-damage|p2a: Registeel|0 fnt
|faint|p2a: Registeel
|
|upkeep
|
|t:|1607000524
|switch|p2a: Zarude|Zarude|93/100
|-damage|p2a: Zarude|81/100|[from] Stealth Rock
|-status|p2a: Zarude|tox
|turn|199
|
|t:|1607000529
|switch|p1a: Togekiss|Togekiss, F|78/100
|-damage|p1a: Togekiss|53/100|[from] Stealth Rock
|move|p2a: Zarude|Jungle Healing|p2a: Zarude
|-heal|p2a: Zarude|100/100 tox
|-curestatus|p2a: Zarude|tox|[msg]
|
|-heal|p1a: Togekiss|59/100|[from] item: Leftovers
|upkeep
|turn|200
|
|t:|1607000540
|move|p2a: Zarude|Power Whip|p1a: Togekiss
|-resisted|p1a: Togekiss
|-damage|p1a: Togekiss|41/100
|move|p1a: Togekiss|Substitute|p1a: Togekiss
|-start|p1a: Togekiss|Substitute
|-damage|p1a: Togekiss|16/100
|
|-heal|p1a: Togekiss|22/100|[from] item: Leftovers
|upkeep
|turn|201
|c|☆troublebubble|i mean you killed crobat
|c|☆troublebubble|close one i guess
|
|t:|1607000555
|move|p2a: Zarude|Power Whip|p1a: Togekiss
|-resisted|p1a: Togekiss
|-activate|p1a: Togekiss|move: Substitute|[damage]
|move|p1a: Togekiss|Roost|p1a: Togekiss
|-heal|p1a: Togekiss|72/100
|-singleturn|p1a: Togekiss|move: Roost
|
|-heal|p1a: Togekiss|79/100|[from] item: Leftovers
|upkeep
|turn|202
|c|☆Aeropyrus|u do 200 turn game
|
|t:|1607000565
|move|p2a: Zarude|Power Whip|p1a: Togekiss
|-resisted|p1a: Togekiss
|-end|p1a: Togekiss|Substitute
|move|p1a: Togekiss|Air Slash|p2a: Zarude
|-supereffective|p2a: Zarude
|-damage|p2a: Zarude|66/100
|
|-heal|p2a: Zarude|72/100|[from] item: Leftovers
|-heal|p1a: Togekiss|85/100|[from] item: Leftovers
|upkeep
|turn|203
|c|☆Aeropyrus|what a master class
|
|t:|1607000577
|move|p2a: Zarude|Jungle Healing|p2a: Zarude
|-heal|p2a: Zarude|97/100
|move|p1a: Togekiss|Flamethrower|p2a: Zarude
|-supereffective|p2a: Zarude
|-damage|p2a: Zarude|68/100
|
|-heal|p2a: Zarude|74/100|[from] item: Leftovers
|-heal|p1a: Togekiss|91/100|[from] item: Leftovers
|upkeep
|turn|204
|
|t:|1607000586
|move|p2a: Zarude|Power Whip|p1a: Togekiss
|-resisted|p1a: Togekiss
|-damage|p1a: Togekiss|73/100
|move|p1a: Togekiss|Flamethrower|p2a: Zarude
|-supereffective|p2a: Zarude
|-damage|p2a: Zarude|44/100
|
|-heal|p2a: Zarude|50/100|[from] item: Leftovers
|-heal|p1a: Togekiss|79/100|[from] item: Leftovers
|upkeep
|turn|205
|
|t:|1607000595
|move|p2a: Zarude|Jungle Healing|p2a: Zarude
|-heal|p2a: Zarude|75/100
|move|p1a: Togekiss|Flamethrower|p2a: Zarude
|-supereffective|p2a: Zarude
|-damage|p2a: Zarude|47/100
|
|-heal|p2a: Zarude|53/100|[from] item: Leftovers
|-heal|p1a: Togekiss|85/100|[from] item: Leftovers
|upkeep
|turn|206
|c|☆troublebubble|you just pp stalled me
|c|☆troublebubble|i hope you are proud
|c|☆Aeropyrus|u did that
|
|t:|1607000609
|move|p2a: Zarude|Jungle Healing|p2a: Zarude
|-heal|p2a: Zarude|78/100
|move|p1a: Togekiss|Flamethrower|p2a: Zarude
|-supereffective|p2a: Zarude
|-damage|p2a: Zarude|46/100
|
|-heal|p2a: Zarude|52/100|[from] item: Leftovers
|-heal|p1a: Togekiss|91/100|[from] item: Leftovers
|upkeep
|turn|207
|c|☆troublebubble|well
|c|☆Aeropyrus|i just making fun for losing time
|
|t:|1607000621
|move|p2a: Zarude|Jungle Healing|p2a: Zarude
|-heal|p2a: Zarude|77/100
|move|p1a: Togekiss|Flamethrower|p2a: Zarude
|-supereffective|p2a: Zarude
|-damage|p2a: Zarude|46/100
|
|-heal|p2a: Zarude|52/100|[from] item: Leftovers
|-heal|p1a: Togekiss|98/100|[from] item: Leftovers
|upkeep
|turn|208
|c|☆troublebubble|i did it better
|c|☆troublebubble|but you started
|c|☆Aeropyrus|bcz u stall
|
|t:|1607000634
|move|p2a: Zarude|Power Whip|p1a: Togekiss
|-resisted|p1a: Togekiss
|-damage|p1a: Togekiss|79/100
|move|p1a: Togekiss|Flamethrower|p2a: Zarude
|-supereffective|p2a: Zarude
|-damage|p2a: Zarude|20/100
|
|-heal|p2a: Zarude|26/100|[from] item: Leftovers
|-heal|p1a: Togekiss|85/100|[from] item: Leftovers
|upkeep
|turn|209
|
|t:|1607000644
|move|p2a: Zarude|Jungle Healing|p2a: Zarude
|-heal|p2a: Zarude|51/100
|move|p1a: Togekiss|Flamethrower|p2a: Zarude
|-supereffective|p2a: Zarude
|-damage|p2a: Zarude|20/100
|
|-heal|p2a: Zarude|26/100|[from] item: Leftovers
|-heal|p1a: Togekiss|91/100|[from] item: Leftovers
|upkeep
|turn|210
|c|☆troublebubble|i will not have that
|c|☆troublebubble|you killed my offensive mon
|
|t:|1607000662
|move|p2a: Zarude|Jungle Healing|p2a: Zarude
|-heal|p2a: Zarude|51/100
|move|p1a: Togekiss|Flamethrower|p2a: Zarude
|-supereffective|p2a: Zarude
|-damage|p2a: Zarude|20/100
|
|-heal|p2a: Zarude|26/100|[from] item: Leftovers
|-heal|p1a: Togekiss|97/100|[from] item: Leftovers
|upkeep
|turn|211
|c|☆Aeropyrus|this is not grammar correct
|
|t:|1607000673
|move|p2a: Zarude|Jungle Healing|p2a: Zarude
|-heal|p2a: Zarude|51/100
|move|p1a: Togekiss|Flamethrower|p2a: Zarude
|-supereffective|p2a: Zarude
|-damage|p2a: Zarude|19/100
|
|-heal|p2a: Zarude|25/100|[from] item: Leftovers
|-heal|p1a: Togekiss|100/100|[from] item: Leftovers
|upkeep
|turn|212
|c|☆troublebubble|??
|c|☆troublebubble|xD
|c|☆troublebubble|well, that sentence did not go so well
|inactive|Battle timer is ON: inactive players will automatically lose when time's up. (requested by troublebubble)
|l| greninja9
|inactive|Aeropyrus has 120 seconds left.
|c|☆troublebubble|i think thunderus is very good vs my team
|c|☆troublebubble|maybe the key to win
|inactive|Aeropyrus has 90 seconds left.
|inactive|Aeropyrus has 60 seconds left.
|
|t:|1607000830
|move|p2a: Zarude|Jungle Healing|p2a: Zarude
|-heal|p2a: Zarude|50/100
|move|p1a: Togekiss|Flamethrower|p2a: Zarude
|-supereffective|p2a: Zarude
|-damage|p2a: Zarude|20/100
|
|-heal|p2a: Zarude|26/100|[from] item: Leftovers
|upkeep
|turn|213
|inactive|Aeropyrus has 120 seconds left.
|inactive|Aeropyrus has 90 seconds left.
|inactive|Aeropyrus has 60 seconds left.
|
|t:|1607000897
|move|p2a: Zarude|Jungle Healing|p2a: Zarude
|-heal|p2a: Zarude|51/100
|move|p1a: Togekiss|Flamethrower|p2a: Zarude
|-supereffective|p2a: Zarude
|-damage|p2a: Zarude|20/100
|
|-heal|p2a: Zarude|26/100|[from] item: Leftovers
|upkeep
|turn|214
|inactive|Aeropyrus has 30 seconds left.
|inactive|Aeropyrus has 20 seconds left.
|c|☆troublebubble|hey, lets just see how many turns the battle will take
|inactive|Aeropyrus has 15 seconds left.
|inactive|Aeropyrus has 10 seconds left.
|inactive|Aeropyrus has 5 seconds left.
|-message|Aeropyrus lost due to inactivity.
|
|win|troublebubble
|l|☆Aeropyrus
|raw|troublebubble's rating: 1353 &rarr; <strong>1364</strong><br />(+11 for winning)
|raw|Aeropyrus's rating: 1173 &rarr; <strong>1160</strong><br />(-13 for losing)
