|j|☆tonenick
|j|☆Glidinganteater
|t:|1621885578
|gametype|singles
|player|p1|tonenick|169|1530
|player|p2|Glidinganteater|palmer|1461
|teamsize|p1|6
|teamsize|p2|6
|gen|8
|tier|[Gen 8] RU
|rated|
|rule|Sleep Clause Mod: Limit one foe put to sleep
|rule|Species Clause: Limit one of each Pokémon
|rule|OHKO Clause: OHKO moves are banned
|rule|Evasion Moves Clause: Evasion moves are banned
|rule|Endless Battle Clause: Forcing endless battles is banned
|rule|HP Percentage Mod: HP is shown in percentages
|rule|Dynamax Clause: You cannot dynamax
|clearpoke
|poke|p1|Regidrago|
|poke|p1|Weezing-Galar, M|
|poke|p1|Cobalion|
|poke|p1|Snorlax, F|
|poke|p1|Barraskewda, F|
|poke|p1|Gastrodon, F|
|poke|p2|Tornadus, M|
|poke|p2|Heracross, M|
|poke|p2|Porygon2|
|poke|p2|Togekiss, F|
|poke|p2|Rhyperior, M|
|poke|p2|Roserade, F|
|teampreview
|
|t:|1621885601
|start
|switch|p1a: Barraskewda|Barraskewda, F|100/100
|switch|p2a: Porygon2|Porygon2, shiny|100/100
|-ability|p2a: Porygon2|Swift Swim|[from] ability: Trace|[of] p1a: Barraskewda
|turn|1
|c|☆Glidinganteater|Hf
|
|t:|1621885614
|move|p1a: Barraskewda|Flip Turn|p2a: Porygon2
|-damage|p2a: Porygon2|66/100
|inactive|Battle timer is ON: inactive players will automatically lose when time's up. (requested by Glidinganteater)
|
|t:|1621885651
|switch|p1a: Gastrodon|Gastrodon, F|100/100|[from]move: Flip Turn
|move|p2a: Porygon2|Teleport|p2a: Porygon2
|
|t:|1621885656
|switch|p2a: Roserade|Roserade, F, shiny|100/100|[from]move: Teleport
|
|upkeep
|turn|2
|
|t:|1621885670
|switch|p1a: Regidrago|Regidrago|100/100
|move|p2a: Roserade|Sleep Powder|p1a: Regidrago
|-status|p1a: Regidrago|slp|[from] move: Sleep Powder
|
|upkeep
|turn|3
|
|t:|1621885677
|switch|p1a: Cobalion|Cobalion|100/100
|move|p2a: Roserade|Spikes|p1a: Cobalion
|-sidestart|p1: tonenick|Spikes
|
|upkeep
|turn|4
|j| ForestCave
|
|t:|1621885686
|switch|p2a: Rhyperior|Rhyperior, M|100/100
|move|p1a: Cobalion|Substitute|p1a: Cobalion
|-start|p1a: Cobalion|Substitute
|-damage|p1a: Cobalion|76/100
|
|-heal|p1a: Cobalion|82/100|[from] item: Leftovers
|upkeep
|turn|5
|
|t:|1621885693
|move|p1a: Cobalion|Close Combat|p2a: Rhyperior
|-supereffective|p2a: Rhyperior
|-damage|p2a: Rhyperior|55/100
|-unboost|p1a: Cobalion|def|1
|-unboost|p1a: Cobalion|spd|1
|move|p2a: Rhyperior|Earthquake|p1a: Cobalion
|-supereffective|p1a: Cobalion
|-end|p1a: Cobalion|Substitute
|
|-heal|p1a: Cobalion|88/100|[from] item: Leftovers
|-heal|p2a: Rhyperior|61/100|[from] item: Leftovers
|upkeep
|turn|6
|
|t:|1621885702
|switch|p1a: Weezing|Weezing-Galar, M|100/100
|move|p2a: Rhyperior|Earthquake|p1a: Weezing
|-immune|p1a: Weezing|[from] ability: Levitate
|
|-heal|p2a: Rhyperior|67/100|[from] item: Leftovers
|upkeep
|turn|7
|
|t:|1621885714
|switch|p2a: Porygon2|Porygon2, shiny|66/100
|-ability|p2a: Porygon2|Levitate|[from] ability: Trace|[of] p1a: Weezing
|move|p1a: Weezing|Defog|p2a: Porygon2
|-unboost|p2a: Porygon2|evasion|1
|-sideend|p1: tonenick|Spikes|[from] move: Defog|[of] p1a: Weezing
|
|upkeep
|turn|8
|
|t:|1621885730
|switch|p1a: Gastrodon|Gastrodon, F|100/100
|move|p2a: Porygon2|Recover|p2a: Porygon2
|-heal|p2a: Porygon2|100/100
|
|upkeep
|turn|9
|
|t:|1621885740
|move|p2a: Porygon2|Toxic|p1a: Gastrodon
|-status|p1a: Gastrodon|tox
|move|p1a: Gastrodon|Toxic|p2a: Porygon2
|-status|p2a: Porygon2|tox
|
|-damage|p2a: Porygon2|94/100 tox|[from] psn
|-damage|p1a: Gastrodon|94/100 tox|[from] psn
|upkeep
|turn|10
|
|t:|1621885765
|move|p1a: Gastrodon|Earthquake|p2a: Porygon2
|-immune|p2a: Porygon2|[from] ability: Levitate
|move|p2a: Porygon2|Teleport|p2a: Porygon2
|
|t:|1621885782
|switch|p2a: Tornadus|Tornadus, M, shiny|100/100|[from]move: Teleport
|
|-heal|p1a: Gastrodon|100/100 tox|[from] item: Leftovers
|-damage|p1a: Gastrodon|88/100 tox|[from] psn
|upkeep
|turn|11
|
|t:|1621885790
|switch|p1a: Snorlax|Snorlax, F|100/100
|move|p2a: Tornadus|Knock Off|p1a: Snorlax
|-damage|p1a: Snorlax|79/100
|-enditem|p1a: Snorlax|Leftovers|[from] move: Knock Off|[of] p2a: Tornadus
|
|upkeep
|turn|12
|
|t:|1621885799
|move|p2a: Tornadus|U-turn|p1a: Snorlax
|-damage|p1a: Snorlax|65/100
|
|t:|1621885802
|switch|p2a: Heracross|Heracross, M|100/100|[from]move: U-turn
|move|p1a: Snorlax|Body Slam|p2a: Heracross
|-damage|p2a: Heracross|55/100
|-status|p2a: Heracross|par
|
|upkeep
|turn|13
|
|t:|1621885812
|switch|p1a: Weezing|Weezing-Galar, M|100/100
|cant|p2a: Heracross|par
|
|upkeep
|turn|14
|
|t:|1621885820
|switch|p2a: Roserade|Roserade, F, shiny|100/100
|move|p1a: Weezing|Sludge Bomb|p2a: Roserade
|-damage|p2a: Roserade|67/100
|
|-heal|p2a: Roserade|73/100|[from] item: Black Sludge
|upkeep
|turn|15
|
|t:|1621885827
|switch|p1a: Cobalion|Cobalion|88/100
|move|p2a: Roserade|Spikes|p1a: Cobalion
|-sidestart|p1: tonenick|Spikes
|
|-heal|p1a: Cobalion|94/100|[from] item: Leftovers
|-heal|p2a: Roserade|79/100|[from] item: Black Sludge
|upkeep
|turn|16
|
|t:|1621885847
|move|p1a: Cobalion|Substitute|p1a: Cobalion
|-start|p1a: Cobalion|Substitute
|-damage|p1a: Cobalion|70/100
|move|p2a: Roserade|Giga Drain|p1a: Cobalion
|-resisted|p1a: Cobalion
|-end|p1a: Cobalion|Substitute
|-heal|p2a: Roserade|94/100|[from] drain|[of] p1a: Cobalion
|
|-heal|p1a: Cobalion|76/100|[from] item: Leftovers
|-heal|p2a: Roserade|100/100|[from] item: Black Sludge
|upkeep
|turn|17
|
|t:|1621885862
|move|p1a: Cobalion|Swords Dance|p1a: Cobalion
|-boost|p1a: Cobalion|atk|2
|move|p2a: Roserade|Giga Drain|p1a: Cobalion
|-resisted|p1a: Cobalion
|-crit|p1a: Cobalion
|-damage|p1a: Cobalion|39/100
|
|-heal|p1a: Cobalion|45/100|[from] item: Leftovers
|upkeep
|turn|18
|
|t:|1621885871
|switch|p2a: Rhyperior|Rhyperior, M|67/100
|move|p1a: Cobalion|Iron Head|p2a: Rhyperior
|-supereffective|p2a: Rhyperior
|-damage|p2a: Rhyperior|3/100
|
|-heal|p1a: Cobalion|51/100|[from] item: Leftovers
|-heal|p2a: Rhyperior|9/100|[from] item: Leftovers
|upkeep
|turn|19
|
|t:|1621885875
|move|p1a: Cobalion|Iron Head|p2a: Rhyperior
|-supereffective|p2a: Rhyperior
|-damage|p2a: Rhyperior|0 fnt
|faint|p2a: Rhyperior
|
|-heal|p1a: Cobalion|57/100|[from] item: Leftovers
|upkeep
|
|t:|1621885879
|switch|p2a: Tornadus|Tornadus, M, shiny|100/100
|turn|20
|
|t:|1621885886
|switch|p1a: Snorlax|Snorlax, F|65/100
|-damage|p1a: Snorlax|53/100|[from] Spikes
|move|p2a: Tornadus|Hurricane|p1a: Snorlax
|-damage|p1a: Snorlax|26/100
|-start|p1a: Snorlax|confusion
|
|upkeep
|turn|21
|
|t:|1621885898
|move|p2a: Tornadus|Hurricane|p1a: Snorlax
|-damage|p1a: Snorlax|0 fnt
|faint|p1a: Snorlax
|
|upkeep
|
|t:|1621885910
|switch|p1a: Barraskewda|Barraskewda, F|100/100
|-damage|p1a: Barraskewda|88/100|[from] Spikes
|turn|22
|
|t:|1621885927
|switch|p2a: Heracross|Heracross, M|55/100 par
|move|p1a: Barraskewda|Liquidation|p2a: Heracross
|-damage|p2a: Heracross|0 fnt
|faint|p2a: Heracross
|
|upkeep
|
|t:|1621885937
|switch|p2a: Roserade|Roserade, F, shiny|100/100
|turn|23
|
|t:|1621885945
|switch|p1a: Weezing|Weezing-Galar, M|100/100
|move|p2a: Roserade|Sludge Bomb|p1a: Weezing
|-damage|p1a: Weezing|39/100
|
|-heal|p1a: Weezing|45/100|[from] item: Black Sludge
|upkeep
|turn|24
|j| Odieq
|inactive|tonenick has 120 seconds left.
|
|t:|1621885984
|move|p2a: Roserade|Sludge Bomb|p1a: Weezing
|-crit|p1a: Weezing
|-damage|p1a: Weezing|0 fnt
|faint|p1a: Weezing
|
|upkeep
|
|t:|1621885990
|switch|p1a: Barraskewda|Barraskewda, F|88/100
|-damage|p1a: Barraskewda|76/100|[from] Spikes
|turn|25
|
|t:|1621885996
|switch|p2a: Porygon2|Porygon2, shiny|94/100 tox
|-ability|p2a: Porygon2|Swift Swim|[from] ability: Trace|[of] p1a: Barraskewda
|move|p1a: Barraskewda|Psychic Fangs|p2a: Porygon2
|-damage|p2a: Porygon2|64/100 tox
|
|-damage|p2a: Porygon2|58/100 tox|[from] psn
|upkeep
|turn|26
|
|t:|1621886009
|move|p1a: Barraskewda|Psychic Fangs|p2a: Porygon2
|-damage|p2a: Porygon2|28/100 tox
|move|p2a: Porygon2|Teleport|p2a: Porygon2
|
|t:|1621886014
|switch|p2a: Togekiss|Togekiss, F|100/100|[from]move: Teleport
|
|upkeep
|turn|27
|inactive|tonenick has 120 seconds left.
|
|t:|1621886035
|switch|p1a: Gastrodon|Gastrodon, F|88/100 tox
|-damage|p1a: Gastrodon|76/100 tox|[from] Spikes
|move|p2a: Togekiss|Thunder Wave|p1a: Gastrodon
|-immune|p1a: Gastrodon
|
|-heal|p1a: Gastrodon|82/100 tox|[from] item: Leftovers
|-damage|p1a: Gastrodon|76/100 tox|[from] psn
|upkeep
|turn|28
|inactive|tonenick has 120 seconds left.
|inactive|tonenick has 90 seconds left.
|inactive|tonenick has 60 seconds left.
|l| ForestCave
|
|t:|1621886125
|move|p2a: Togekiss|Air Slash|p1a: Gastrodon
|-damage|p1a: Gastrodon|49/100 tox
|move|p1a: Gastrodon|Scald|p2a: Togekiss
|-damage|p2a: Togekiss|83/100
|
|-heal|p1a: Gastrodon|55/100 tox|[from] item: Leftovers
|-damage|p1a: Gastrodon|43/100 tox|[from] psn
|upkeep
|turn|29
|
|t:|1621886132
|move|p2a: Togekiss|Air Slash|p1a: Gastrodon
|-damage|p1a: Gastrodon|13/100 tox
|cant|p1a: Gastrodon|flinch
|
|-heal|p1a: Gastrodon|19/100 tox|[from] item: Leftovers
|-damage|p1a: Gastrodon|1/100 tox|[from] psn
|upkeep
|turn|30
|
|t:|1621886139
|move|p2a: Togekiss|Air Slash|p1a: Gastrodon
|-damage|p1a: Gastrodon|0 fnt
|faint|p1a: Gastrodon
|
|upkeep
|
|t:|1621886141
|switch|p1a: Cobalion|Cobalion|57/100
|-damage|p1a: Cobalion|45/100|[from] Spikes
|turn|31
|
|t:|1621886145
|move|p1a: Cobalion|Swords Dance|p1a: Cobalion
|-boost|p1a: Cobalion|atk|2
|move|p2a: Togekiss|Air Slash|p1a: Cobalion
|-damage|p1a: Cobalion|4/100
|
|-heal|p1a: Cobalion|10/100|[from] item: Leftovers
|upkeep
|turn|32
|
|t:|1621886151
|switch|p2a: Porygon2|Porygon2, shiny|28/100 tox
|-ability|p2a: Porygon2|Justified|[from] ability: Trace|[of] p1a: Cobalion
|move|p1a: Cobalion|Iron Head|p2a: Porygon2
|-damage|p2a: Porygon2|0 fnt
|faint|p2a: Porygon2
|
|-heal|p1a: Cobalion|16/100|[from] item: Leftovers
|upkeep
|
|t:|1621886156
|switch|p2a: Tornadus|Tornadus, M, shiny|100/100
|turn|33
|
|t:|1621886159
|move|p2a: Tornadus|Hurricane|p1a: Cobalion
|-damage|p1a: Cobalion|0 fnt
|faint|p1a: Cobalion
|
|upkeep
|
|t:|1621886163
|switch|p1a: Barraskewda|Barraskewda, F|76/100
|-damage|p1a: Barraskewda|64/100|[from] Spikes
|turn|34
|
|t:|1621886177
|move|p2a: Tornadus|Tailwind|p2a: Tornadus
|-sidestart|p2: Glidinganteater|move: Tailwind
|move|p1a: Barraskewda|Liquidation|p2a: Tornadus
|-damage|p2a: Tornadus|0 fnt
|faint|p2a: Tornadus
|
|upkeep
|
|t:|1621886182
|switch|p2a: Roserade|Roserade, F, shiny|100/100
|turn|35
|
|t:|1621886186
|switch|p1a: Regidrago|Regidrago|100/100 slp
|-damage|p1a: Regidrago|88/100 slp|[from] Spikes
|move|p2a: Roserade|Sludge Bomb|p1a: Regidrago
|-damage|p1a: Regidrago|34/100 slp
|
|upkeep
|turn|36
|
|t:|1621886193
|move|p2a: Roserade|Sludge Bomb|p1a: Regidrago
|-damage|p1a: Regidrago|0 fnt
|faint|p1a: Regidrago
|
|upkeep
|c|☆Glidinganteater|Gg
|
|t:|1621886195
|switch|p1a: Barraskewda|Barraskewda, F|64/100
|-damage|p1a: Barraskewda|52/100|[from] Spikes
|turn|37
|
|t:|1621886198
|move|p2a: Roserade|Giga Drain|p1a: Barraskewda
|-supereffective|p1a: Barraskewda
|-damage|p1a: Barraskewda|0 fnt
|faint|p1a: Barraskewda
|
|win|Glidinganteater
|raw|tonenick's rating: 1530 &rarr; <strong>1506</strong><br />(-24 for losing)
|raw|Glidinganteater's rating: 1461 &rarr; <strong>1485</strong><br />(+24 for winning)
|l|☆tonenick
|l| Odieq
||Ladder isn't responding, score probably updated but might not have (Request timeout).
