|j|☆GreedentFan69
|j|☆JLT3 Gage
|player|p1|GreedentFan69|greta-gen3|1478
|player|p2|JLT3 Gage|192|1202
|teamsize|p1|6
|teamsize|p2|6
|gametype|singles
|gen|8
|tier|[Gen 8] RU
|rated|
|clearpoke
|poke|p1|Sableye, M|
|poke|p1|Mantine, M|
|poke|p1|Snorlax, M|
|poke|p1|Steelix, F|
|poke|p1|Salazzle, F|
|poke|p1|Scrafty, F|
|poke|p2|Sableye, M|
|poke|p2|Snorlax, F|
|poke|p2|Steelix, F|
|poke|p2|Salazzle, F|
|poke|p2|Scrafty, M|
|poke|p2|Cramorant, F|
|rule|Sleep Clause Mod: Limit one foe put to sleep
|rule|Species Clause: Limit one of each Pokémon
|rule|OHKO Clause: OHKO moves are banned
|rule|Evasion Moves Clause: Evasion moves are banned
|rule|Endless Battle Clause: Forcing endless battles is banned
|rule|HP Percentage Mod: HP is shown in percentages
|rule|Dynamax Clause: You cannot dynamax
|teampreview
|c|☆GreedentFan69|oh shit
|c|☆GreedentFan69|hf
|c|☆GreedentFan69|lol
|c|☆JLT3 Gage|lol
|c|☆GreedentFan69|u replaced the wrong member
|c|☆JLT3 Gage|I had to
|c|☆GreedentFan69|no
|c|☆GreedentFan69|it's supposed to be
|inactive|Battle timer is ON: inactive players will automatically lose when time's up. (requested by GreedentFan69)
|c|☆JLT3 Gage|i know
|c|☆GreedentFan69|cram over scrafty
|c|☆JLT3 Gage|cram sucks cock
|c|☆GreedentFan69|W
|c|☆JLT3 Gage|had to do it for a ladder challenge
|
|start
|switch|p1a: Salazzle|Salazzle, F|100/100
|switch|p2a: Salazzle|Salazzle, F|100/100
|turn|1
|
|switch|p1a: Snorlax|Snorlax, M|100/100
|switch|p2a: Cramorant|Cramorant, F|100/100
|
|upkeep
|turn|2
|
|switch|p2a: Sableye|Sableye, M|100/100
|move|p1a: Snorlax|Body Slam|p2a: Sableye
|-immune|p2a: Sableye
|
|upkeep
|turn|3
|
|switch|p1a: Scrafty|Scrafty, F|100/100
|move|p2a: Sableye|Knock Off|p1a: Scrafty
|-resisted|p1a: Scrafty
|-damage|p1a: Scrafty|93/100
|-enditem|p1a: Scrafty|Lum Berry|[from] move: Knock Off|[of] p2a: Sableye
|
|upkeep
|turn|4
|
|switch|p2a: Cramorant|Cramorant, F|100/100
|move|p1a: Scrafty|Dragon Dance|p1a: Scrafty
|-boost|p1a: Scrafty|atk|1
|-boost|p1a: Scrafty|spe|1
|
|upkeep
|turn|5
|
|switch|p2a: Steelix|Steelix, F|100/100
|move|p1a: Scrafty|Thunder Punch|p2a: Steelix
|-immune|p2a: Steelix
|
|upkeep
|turn|6
|
|move|p1a: Scrafty|Knock Off|p2a: Steelix
|-damage|p2a: Steelix|71/100
|-enditem|p2a: Steelix|Leftovers|[from] move: Knock Off|[of] p1a: Scrafty
|move|p2a: Steelix|Toxic|p1a: Scrafty
|-status|p1a: Scrafty|tox
|
|-damage|p1a: Scrafty|87/100 tox|[from] psn
|upkeep
|turn|7
|
|move|p1a: Scrafty|Close Combat|p2a: Steelix
|-supereffective|p2a: Steelix
|-damage|p2a: Steelix|1/100
|-unboost|p1a: Scrafty|def|1
|-unboost|p1a: Scrafty|spd|1
|move|p2a: Steelix|Stealth Rock|p1a: Scrafty
|-sidestart|p1: GreedentFan69|move: Stealth Rock
|
|-damage|p1a: Scrafty|75/100 tox|[from] psn
|upkeep
|turn|8
|
|switch|p1a: Mantine|Mantine, M|100/100
|move|p2a: Steelix|Heavy Slam|p1a: Mantine
|-resisted|p1a: Mantine
|-damage|p1a: Mantine|96/100
|
|upkeep
|turn|9
|
|move|p1a: Mantine|Scald|p2a: Steelix
|-supereffective|p2a: Steelix
|-damage|p2a: Steelix|0 fnt
|faint|p2a: Steelix
|
|upkeep
|
|switch|p2a: Scrafty|Scrafty, M|100/100
|turn|10
|
|move|p2a: Scrafty|Dragon Dance|p2a: Scrafty
|-boost|p2a: Scrafty|atk|1
|-boost|p2a: Scrafty|spe|1
|move|p1a: Mantine|Hurricane|p2a: Scrafty
|-supereffective|p2a: Scrafty
|-damage|p2a: Scrafty|34/100
|
|upkeep
|turn|11
|
|switch|p1a: Scrafty|Scrafty, F|75/100 tox
|-damage|p1a: Scrafty|69/100 tox|[from] Stealth Rock
|move|p2a: Scrafty|Knock Off|p1a: Scrafty
|-resisted|p1a: Scrafty
|-damage|p1a: Scrafty|57/100 tox
|
|-damage|p1a: Scrafty|51/100 tox|[from] psn
|upkeep
|turn|12
|
|move|p2a: Scrafty|Close Combat|p1a: Scrafty
|-supereffective|p1a: Scrafty
|-damage|p1a: Scrafty|0 fnt
|-unboost|p2a: Scrafty|def|1
|-unboost|p2a: Scrafty|spd|1
|faint|p1a: Scrafty
|-ability|p2a: Scrafty|Moxie|boost
|-boost|p2a: Scrafty|atk|1
|
|upkeep
|
|switch|p1a: Salazzle|Salazzle, F|100/100
|-damage|p1a: Salazzle|76/100|[from] Stealth Rock
|turn|13
|
|switch|p2a: Cramorant|Cramorant, F|100/100
|move|p1a: Salazzle|Flamethrower|p2a: Cramorant
|-resisted|p2a: Cramorant
|-damage|p2a: Cramorant|79/100
|
|-heal|p1a: Salazzle|82/100|[from] item: Leftovers
|upkeep
|turn|14
|
|switch|p1a: Mantine|Mantine, M|96/100
|move|p2a: Cramorant|Surf|p1a: Mantine
|-heal|p1a: Mantine|100/100|[from] ability: Water Absorb|[of] p2a: Cramorant
|
|upkeep
|turn|15
|
|switch|p2a: Snorlax|Snorlax, F|100/100
|move|p1a: Mantine|Defog|p2a: Snorlax
|-unboost|p2a: Snorlax|evasion|1
|-sideend|p1: GreedentFan69|Stealth Rock|[from] move: Defog|[of] p1a: Mantine
|
|upkeep
|turn|16
|
|switch|p1a: Sableye|Sableye, M|100/100
|move|p2a: Snorlax|Curse|p2a: Snorlax
|-unboost|p2a: Snorlax|spe|1
|-boost|p2a: Snorlax|atk|1
|-boost|p2a: Snorlax|def|1
|
|upkeep
|turn|17
|
|switch|p2a: Scrafty|Scrafty, M|34/100
|move|p1a: Sableye|Knock Off|p2a: Scrafty
|-resisted|p2a: Scrafty
|-damage|p2a: Scrafty|27/100
|-enditem|p2a: Scrafty|Lum Berry|[from] move: Knock Off|[of] p1a: Sableye
|
|upkeep
|turn|18
|
|switch|p2a: Salazzle|Salazzle, F|100/100
|switch|p1a: Salazzle|Salazzle, F|82/100
|
|-heal|p1a: Salazzle|88/100|[from] item: Leftovers
|upkeep
|turn|19
|
|switch|p1a: Snorlax|Snorlax, M|100/100
|move|p2a: Salazzle|Toxic|p1a: Snorlax
|-status|p1a: Snorlax|tox
|
|-damage|p1a: Snorlax|94/100 tox|[from] psn
|upkeep
|turn|20
|
|switch|p2a: Sableye|Sableye, M|100/100
|move|p1a: Snorlax|Body Slam|p2a: Sableye
|-immune|p2a: Sableye
|
|-heal|p1a: Snorlax|100/100 tox|[from] item: Leftovers
|-damage|p1a: Snorlax|88/100 tox|[from] psn
|upkeep
|turn|21
|
|switch|p1a: Sableye|Sableye, M|100/100
|move|p2a: Sableye|Knock Off|p1a: Sableye
|-damage|p1a: Sableye|75/100
|-enditem|p1a: Sableye|Leftovers|[from] move: Knock Off|[of] p2a: Sableye
|
|upkeep
|turn|22
|
|switch|p2a: Scrafty|Scrafty, M|27/100
|move|p1a: Sableye|Knock Off|p2a: Scrafty
|-resisted|p2a: Scrafty
|-damage|p2a: Scrafty|22/100
|
|upkeep
|turn|23
|
|switch|p1a: Salazzle|Salazzle, F|88/100
|move|p2a: Scrafty|Dragon Dance|p2a: Scrafty
|-boost|p2a: Scrafty|atk|1
|-boost|p2a: Scrafty|spe|1
|
|-heal|p1a: Salazzle|94/100|[from] item: Leftovers
|upkeep
|turn|24
|
|switch|p2a: Snorlax|Snorlax, F|100/100
|move|p1a: Salazzle|Flamethrower|p2a: Snorlax
|-damage|p2a: Snorlax|90/100
|
|-heal|p1a: Salazzle|99/100|[from] item: Leftovers
|-heal|p2a: Snorlax|96/100|[from] item: Leftovers
|upkeep
|turn|25
|
|switch|p1a: Steelix|Steelix, F|100/100
|switch|p2a: Salazzle|Salazzle, F|100/100
|
|upkeep
|turn|26
|
|switch|p2a: Cramorant|Cramorant, F|79/100
|move|p1a: Steelix|Earthquake|p2a: Cramorant
|-immune|p2a: Cramorant
|
|upkeep
|turn|27
|
|switch|p2a: Scrafty|Scrafty, M|22/100
|switch|p1a: Mantine|Mantine, M|100/100
|
|upkeep
|turn|28
|
|switch|p1a: Salazzle|Salazzle, F|99/100
|move|p2a: Scrafty|Thunder Punch|p1a: Salazzle
|-damage|p1a: Salazzle|57/100
|
|-heal|p1a: Salazzle|63/100|[from] item: Leftovers
|upkeep
|turn|29
|
|switch|p2a: Snorlax|Snorlax, F|96/100
|move|p1a: Salazzle|Toxic|p2a: Snorlax
|-status|p2a: Snorlax|tox
|
|-heal|p1a: Salazzle|69/100|[from] item: Leftovers
|-heal|p2a: Snorlax|100/100 tox|[from] item: Leftovers
|-damage|p2a: Snorlax|94/100 tox|[from] psn
|upkeep
|turn|30
|
|switch|p2a: Salazzle|Salazzle, F|100/100
|move|p1a: Salazzle|Substitute|p1a: Salazzle
|-start|p1a: Salazzle|Substitute
|-damage|p1a: Salazzle|44/100
|
|-heal|p1a: Salazzle|50/100|[from] item: Leftovers
|upkeep
|turn|31
|
|move|p2a: Salazzle|Protect|p2a: Salazzle
|-singleturn|p2a: Salazzle|Protect
|move|p1a: Salazzle|Toxic|p2a: Salazzle
|-activate|p2a: Salazzle|move: Protect
|
|-heal|p1a: Salazzle|56/100|[from] item: Leftovers
|upkeep
|turn|32
|
|switch|p2a: Snorlax|Snorlax, F|94/100 tox
|move|p1a: Salazzle|Toxic|p2a: Snorlax
|-fail|p2a: Snorlax|tox
|
|-heal|p1a: Salazzle|63/100|[from] item: Leftovers
|-heal|p2a: Snorlax|100/100 tox|[from] item: Leftovers
|-damage|p2a: Snorlax|94/100 tox|[from] psn
|upkeep
|turn|33
|
|move|p1a: Salazzle|Protect|p1a: Salazzle
|-singleturn|p1a: Salazzle|Protect
|move|p2a: Snorlax|Body Slam|p1a: Salazzle
|-activate|p1a: Salazzle|move: Protect
|
|-heal|p1a: Salazzle|69/100|[from] item: Leftovers
|-heal|p2a: Snorlax|100/100 tox|[from] item: Leftovers
|-damage|p2a: Snorlax|88/100 tox|[from] psn
|upkeep
|turn|34
|
|move|p1a: Salazzle|Flamethrower|p2a: Snorlax
|-damage|p2a: Snorlax|76/100 tox
|move|p2a: Snorlax|Rest|p2a: Snorlax
|-status|p2a: Snorlax|slp|[from] move: Rest
|-heal|p2a: Snorlax|100/100 slp|[silent]
|
|-heal|p1a: Salazzle|75/100|[from] item: Leftovers
|upkeep
|turn|35
|
|switch|p1a: Steelix|Steelix, F|100/100
|cant|p2a: Snorlax|slp
|
|upkeep
|turn|36
|
|switch|p2a: Sableye|Sableye, M|100/100
|move|p1a: Steelix|Stealth Rock|p2a: Sableye
|-sidestart|p2: JLT3 Gage|move: Stealth Rock
|
|upkeep
|turn|37
|
|switch|p2a: Salazzle|Salazzle, F|100/100
|-damage|p2a: Salazzle|76/100|[from] Stealth Rock
|move|p1a: Steelix|Toxic|p2a: Salazzle|[miss]
|-miss|p1a: Steelix|p2a: Salazzle
|
|-heal|p2a: Salazzle|82/100|[from] item: Leftovers
|upkeep
|turn|38
|
|switch|p2a: Cramorant|Cramorant, F|79/100
|move|p1a: Steelix|Earthquake|p2a: Cramorant
|-immune|p2a: Cramorant
|
|upkeep
|turn|39
|
|move|p2a: Cramorant|Defog|p1a: Steelix
|-unboost|p1a: Steelix|evasion|1
|-sideend|p2: JLT3 Gage|Stealth Rock|[from] move: Defog|[of] p2a: Cramorant
|move|p1a: Steelix|Toxic|p2a: Cramorant
|-status|p2a: Cramorant|tox
|
|-damage|p2a: Cramorant|73/100 tox|[from] psn
|upkeep
|turn|40
|
|switch|p1a: Mantine|Mantine, M|100/100
|move|p2a: Cramorant|Surf|p1a: Mantine
|-immune|p1a: Mantine|[from] ability: Water Absorb
|
|-damage|p2a: Cramorant|61/100 tox|[from] psn
|upkeep
|turn|41
|
|switch|p1a: Steelix|Steelix, F|100/100
|move|p2a: Cramorant|Roost|p2a: Cramorant
|-heal|p2a: Cramorant|100/100 tox
|-singleturn|p2a: Cramorant|move: Roost
|
|-damage|p2a: Cramorant|82/100 tox|[from] psn
|upkeep
|turn|42
|
|switch|p2a: Scrafty|Scrafty, M|22/100
|switch|p1a: Mantine|Mantine, M|100/100
|
|upkeep
|turn|43
|
|move|p2a: Scrafty|Thunder Punch|p1a: Mantine
|-supereffective|p1a: Mantine
|-damage|p1a: Mantine|25/100
|move|p1a: Mantine|Scald|p2a: Scrafty
|-damage|p2a: Scrafty|0 fnt
|faint|p2a: Scrafty
|
|upkeep
|
|switch|p2a: Sableye|Sableye, M|100/100
|turn|44
|
|move|p1a: Mantine|Roost|p1a: Mantine
|-heal|p1a: Mantine|75/100
|-singleturn|p1a: Mantine|move: Roost
|move|p2a: Sableye|Knock Off|p1a: Mantine
|-damage|p1a: Mantine|53/100
|-enditem|p1a: Mantine|Heavy-Duty Boots|[from] move: Knock Off|[of] p2a: Sableye
|
|upkeep
|turn|45
|
|move|p1a: Mantine|Roost|p1a: Mantine
|-heal|p1a: Mantine|100/100
|-singleturn|p1a: Mantine|move: Roost
|move|p2a: Sableye|Knock Off|p1a: Mantine
|-damage|p1a: Mantine|85/100
|
|upkeep
|turn|46
|
|move|p2a: Sableye|Encore|p1a: Mantine
|-start|p1a: Mantine|Encore
|move|p1a: Mantine|Roost|p1a: Mantine
|-heal|p1a: Mantine|100/100
|-singleturn|p1a: Mantine|move: Roost
|
|upkeep
|turn|47
|
|switch|p1a: Sableye|Sableye, M|75/100
|switch|p2a: Snorlax|Snorlax, F|100/100 slp
|
|upkeep
|turn|48
|
|switch|p2a: Sableye|Sableye, M|100/100
|move|p1a: Sableye|Knock Off|p2a: Sableye
|-damage|p2a: Sableye|74/100
|-enditem|p2a: Sableye|Leftovers|[from] move: Knock Off|[of] p1a: Sableye
|
|upkeep
|turn|49
|
|move|p1a: Sableye|Knock Off|p2a: Sableye
|-damage|p2a: Sableye|57/100
|move|p2a: Sableye|Knock Off|p1a: Sableye
|-damage|p1a: Sableye|57/100
|
|upkeep
|turn|50
|
|move|p2a: Sableye|Knock Off|p1a: Sableye
|-damage|p1a: Sableye|40/100
|move|p1a: Sableye|Knock Off|p2a: Sableye
|-damage|p2a: Sableye|40/100
|
|upkeep
|turn|51
|
|move|p2a: Sableye|Recover|p2a: Sableye
|-heal|p2a: Sableye|90/100
|move|p1a: Sableye|Knock Off|p2a: Sableye
|-damage|p2a: Sableye|73/100
|
|upkeep
|turn|52
|
|move|p1a: Sableye|Recover|p1a: Sableye
|-heal|p1a: Sableye|90/100
|move|p2a: Sableye|Knock Off|p1a: Sableye
|-damage|p1a: Sableye|72/100
|
|upkeep
|turn|53
|
|move|p2a: Sableye|Knock Off|p1a: Sableye
|-damage|p1a: Sableye|55/100
|move|p1a: Sableye|Knock Off|p2a: Sableye
|-damage|p2a: Sableye|55/100
|
|upkeep
|turn|54
|
|move|p1a: Sableye|Knock Off|p2a: Sableye
|-damage|p2a: Sableye|36/100
|move|p2a: Sableye|Knock Off|p1a: Sableye
|-damage|p1a: Sableye|37/100
|
|upkeep
|turn|55
|
|move|p1a: Sableye|Recover|p1a: Sableye
|-heal|p1a: Sableye|87/100
|move|p2a: Sableye|Knock Off|p1a: Sableye
|-damage|p1a: Sableye|70/100
|
|upkeep
|turn|56
|
|move|p2a: Sableye|Recover|p2a: Sableye
|-heal|p2a: Sableye|86/100
|move|p1a: Sableye|Knock Off|p2a: Sableye
|-crit|p2a: Sableye
|-damage|p2a: Sableye|59/100
|
|upkeep
|turn|57
|c|☆JLT3 Gage|think its gg
|
|move|p1a: Sableye|Knock Off|p2a: Sableye
|-damage|p2a: Sableye|41/100
|move|p2a: Sableye|Knock Off|p1a: Sableye
|-damage|p1a: Sableye|53/100
|
|upkeep
|turn|58
|c|☆GreedentFan69|gg
|c|☆JLT3 Gage|yea gg
|-message|JLT3 Gage forfeited.
|
|win|GreedentFan69
|l|☆JLT3 Gage
