|j|☆H2otogo2
|j|☆whooop
|player|p1|H2otogo2|2|1473
|player|p2|whooop|101|1179
|teamsize|p1|6
|teamsize|p2|6
|gametype|singles
|gen|8
|tier|[Gen 8] RU
|rated|
|clearpoke
|poke|p1|Pangoro, M|
|poke|p1|Dhelmise|
|poke|p1|Salazzle, F|
|poke|p1|Jolteon, M|
|poke|p1|Gastrodon, F|
|poke|p1|Steelix, F|
|poke|p2|Trapinch, F|
|poke|p2|Passimian, F|
|poke|p2|Haunter, F|
|poke|p2|Jolteon, F|
|poke|p2|Goodra, M|
|poke|p2|Mudsdale, F|
|rule|Sleep Clause Mod: Limit one foe put to sleep
|rule|Species Clause: Limit one of each Pokémon
|rule|OHKO Clause: OHKO moves are banned
|rule|Evasion Moves Clause: Evasion moves are banned
|rule|Endless Battle Clause: Forcing endless battles is banned
|rule|HP Percentage Mod: HP is shown in percentages
|rule|Dynamax Clause: You cannot dynamax
|teampreview
|inactive|Battle timer is ON: inactive players will automatically lose when time's up. (requested by H2otogo2)
|
|start
|switch|p1a: Gastrodon|Gastrodon, F|100/100
|switch|p2a: Haunter|Haunter, F|100/100
|turn|1
|
|move|p2a: Haunter|Energy Ball|p1a: Gastrodon
|-supereffective|p1a: Gastrodon
|-damage|p1a: Gastrodon|0 fnt
|faint|p1a: Gastrodon
|
|upkeep
|
|switch|p1a: Salazzle|Salazzle, F|100/100
|turn|2
|
|switch|p2a: Goodra|Goodra, M|100/100
|move|p1a: Salazzle|Substitute|p1a: Salazzle
|-start|p1a: Salazzle|Substitute
|-damage|p1a: Salazzle|76/100
|
|-heal|p1a: Salazzle|82/100|[from] item: Black Sludge
|upkeep
|turn|3
|
|move|p1a: Salazzle|Toxic|p2a: Goodra
|-status|p2a: Goodra|tox
|move|p2a: Goodra|Dragon Pulse|p1a: Salazzle
|-end|p1a: Salazzle|Substitute
|
|-heal|p1a: Salazzle|88/100|[from] item: Black Sludge
|-damage|p2a: Goodra|94/100 tox|[from] psn
|upkeep
|turn|4
|
|switch|p2a: Jolteon|Jolteon, F|100/100
|move|p1a: Salazzle|Substitute|p1a: Salazzle
|-start|p1a: Salazzle|Substitute
|-damage|p1a: Salazzle|63/100
|
|-heal|p1a: Salazzle|70/100|[from] item: Black Sludge
|-status|p2a: Jolteon|brn|[from] item: Flame Orb
|upkeep
|turn|5
|
|move|p1a: Salazzle|Protect|p1a: Salazzle
|-singleturn|p1a: Salazzle|Protect
|move|p2a: Jolteon|Volt Switch|p1a: Salazzle
|-activate|p1a: Salazzle|move: Protect
|
|-heal|p1a: Salazzle|76/100|[from] item: Black Sludge
|-damage|p2a: Jolteon|94/100 brn|[from] brn
|upkeep
|turn|6
|
|move|p2a: Jolteon|Thunderbolt|p1a: Salazzle
|-crit|p1a: Salazzle
|-end|p1a: Salazzle|Substitute
|move|p1a: Salazzle|Toxic||[still]
|-fail|p1a: Salazzle
|
|-heal|p1a: Salazzle|82/100|[from] item: Black Sludge
|-damage|p2a: Jolteon|88/100 brn|[from] brn
|upkeep
|turn|7
|
|move|p1a: Salazzle|Protect|p1a: Salazzle
|-singleturn|p1a: Salazzle|Protect
|move|p2a: Jolteon|Thunderbolt|p1a: Salazzle
|-activate|p1a: Salazzle|move: Protect
|
|-heal|p1a: Salazzle|88/100|[from] item: Black Sludge
|-damage|p2a: Jolteon|82/100 brn|[from] brn
|upkeep
|turn|8
|
|switch|p1a: Steelix|Steelix, F|100/100
|move|p2a: Jolteon|Shadow Ball|p1a: Steelix
|-damage|p1a: Steelix|65/100
|
|-heal|p1a: Steelix|72/100|[from] item: Leftovers
|-damage|p2a: Jolteon|76/100 brn|[from] brn
|upkeep
|turn|9
|
|switch|p2a: Mudsdale|Mudsdale, F|100/100
|move|p1a: Steelix|Stealth Rock|p2a: Mudsdale
|-sidestart|p2: whooop|move: Stealth Rock
|
|-heal|p1a: Steelix|78/100|[from] item: Leftovers
|upkeep
|turn|10
|
|switch|p1a: Dhelmise|Dhelmise|100/100
|move|p2a: Mudsdale|Stealth Rock|p1a: Dhelmise
|-sidestart|p1: H2otogo2|move: Stealth Rock
|
|upkeep
|turn|11
|
|switch|p2a: Haunter|Haunter, F|100/100
|-damage|p2a: Haunter|88/100|[from] Stealth Rock
|move|p1a: Dhelmise|Shadow Claw|p2a: Haunter
|-supereffective|p2a: Haunter
|-damage|p2a: Haunter|0 fnt
|faint|p2a: Haunter
|
|upkeep
|
|switch|p2a: Passimian|Passimian, F|100/100
|-damage|p2a: Passimian|94/100|[from] Stealth Rock
|turn|12
|
|switch|p1a: Steelix|Steelix, F|78/100
|-damage|p1a: Steelix|75/100|[from] Stealth Rock
|move|p2a: Passimian|Knock Off|p1a: Steelix
|-damage|p1a: Steelix|57/100
|-enditem|p1a: Steelix|Leftovers|[from] move: Knock Off|[of] p2a: Passimian
|
|upkeep
|turn|13
|j| 420shevvy
|
|switch|p2a: Mudsdale|Mudsdale, F|100/100
|-damage|p2a: Mudsdale|94/100|[from] Stealth Rock
|switch|p1a: Dhelmise|Dhelmise|100/100
|-damage|p1a: Dhelmise|88/100|[from] Stealth Rock
|
|-heal|p2a: Mudsdale|100/100|[from] item: Leftovers
|upkeep
|turn|14
|
|switch|p2a: Goodra|Goodra, M|94/100 tox
|-damage|p2a: Goodra|82/100 tox|[from] Stealth Rock
|move|p1a: Dhelmise|Rapid Spin|p2a: Goodra
|-crit|p2a: Goodra
|-damage|p2a: Goodra|43/100 tox
|-sideend|p1: H2otogo2|Stealth Rock|[from] move: Rapid Spin|[of] p1a: Dhelmise
|-boost|p1a: Dhelmise|spe|1
|
|-damage|p2a: Goodra|37/100 tox|[from] psn
|upkeep
|turn|15
|
|move|p2a: Goodra|Fire Blast|p1a: Dhelmise
|-supereffective|p1a: Dhelmise
|-damage|p1a: Dhelmise|32/100
|move|p1a: Dhelmise|Shadow Claw|p2a: Goodra
|-damage|p2a: Goodra|0 fnt
|faint|p2a: Goodra
|
|upkeep
|
|switch|p2a: Passimian|Passimian, F|94/100
|-damage|p2a: Passimian|88/100|[from] Stealth Rock
|turn|16
|
|move|p2a: Passimian|U-turn|p1a: Dhelmise
|-damage|p1a: Dhelmise|9/100
|-message|whooop forfeited.
|
|win|H2otogo2
|l|☆whooop
|raw|H2otogo2's rating: 1474 &rarr; <strong>1480</strong><br />(+6 for winning)
|raw|whooop's rating: 1179 &rarr; <strong>1171</strong><br />(-8 for losing)
|l| 420shevvy
|c|☆H2otogo2|U-turned out the game lol
