|j|☆Verty-Kun
|j|☆Masskeauuu
|inactive|Battle timer is ON: inactive players will automatically lose when time's up.
|t:|1660678523
|gametype|singles
|player|p1|Verty-Kun|red|
|player|p2|Masskeauuu|leaf-masters|
|teamsize|p1|6
|teamsize|p2|6
|gen|8
|tier|[Gen 8] RU
|rated|Tournament battle
|rule|Sleep Clause Mod: Limit one foe put to sleep
|rule|Species Clause: Limit one of each Pokémon
|rule|OHKO Clause: OHKO moves are banned
|rule|Evasion Items Clause: Evasion items are banned
|rule|Evasion Moves Clause: Evasion moves are banned
|rule|Endless Battle Clause: Forcing endless battles is banned
|rule|HP Percentage Mod: HP is shown in percentages
|rule|Dynamax Clause: You cannot dynamax
|clearpoke
|poke|p1|Crobat, M|
|poke|p1|Flygon, M|
|poke|p1|Entei|
|poke|p1|Registeel|
|poke|p1|Lucario, M|
|poke|p1|Gardevoir, M|
|poke|p2|Starmie|
|poke|p2|Roserade, M|
|poke|p2|Crobat, M|
|poke|p2|Stakataka|
|poke|p2|Mimikyu, M|
|poke|p2|Flygon, M|
|teampreview
|j| Gelbel3c
|c|☆Verty-Kun|Que la paix soit avec nous mon frere
|inactive|Verty-Kun has 120 seconds left.
|inactive|Masskeauuu has 120 seconds left.
|c|☆Masskeauuu|réel
|
|t:|1660678571
|start
|switch|p1a: Regis t'il ?|Registeel|100/100
|switch|p2a: Crobat|Crobat, M|100/100
|turn|1
|c|☆Verty-Kun|Bonne question ca regis t'il ?
|
|t:|1660678595
|move|p2a: Crobat|Taunt|p1a: Regis t'il ?
|-start|p1a: Regis t'il ?|move: Taunt
|cant|p1a: Regis t'il ?|move: Taunt|Thunder Wave
|
|upkeep
|turn|2
|
|t:|1660678605
|switch|p1a: Je pète ma bière|Flygon, M|100/100
|move|p2a: Crobat|Super Fang|p1a: Je pète ma bière|[miss]
|-miss|p2a: Crobat|p1a: Je pète ma bière
|
|upkeep
|turn|3
|j| Boulicrok
|
|t:|1660678624
|move|p2a: Crobat|Roost||[still]
|-fail|p2a: Crobat|heal
|move|p1a: Je pète ma bière|Dragon Dance|p1a: Je pète ma bière
|-boost|p1a: Je pète ma bière|atk|1
|-boost|p1a: Je pète ma bière|spe|1
|
|upkeep
|turn|4
|
|t:|1660678640
|switch|p2a: Roserade|Roserade, M|100/100
|move|p1a: Je pète ma bière|Stone Edge|p2a: Roserade
|-damage|p2a: Roserade|15/100
|
|-heal|p2a: Roserade|21/100|[from] item: Black Sludge
|upkeep
|turn|5
|
|t:|1660678649
|move|p1a: Je pète ma bière|Earthquake|p2a: Roserade
|-damage|p2a: Roserade|0 fnt
|faint|p2a: Roserade
|
|upkeep
|
|t:|1660678652
|switch|p2a: Mimikyu|Mimikyu, M|100/100
|turn|6
|
|t:|1660678672
|move|p1a: Je pète ma bière|Outrage|p2a: Mimikyu
|-immune|p2a: Mimikyu
|move|p2a: Mimikyu|Shadow Claw|p1a: Je pète ma bière
|-crit|p1a: Je pète ma bière
|-damage|p1a: Je pète ma bière|23/100
|-damage|p2a: Mimikyu|91/100|[from] item: Life Orb
|
|upkeep
|turn|7
|
|t:|1660678684
|move|p2a: Mimikyu|Shadow Sneak|p1a: Je pète ma bière
|-damage|p1a: Je pète ma bière|0 fnt
|faint|p1a: Je pète ma bière
|-damage|p2a: Mimikyu|81/100|[from] item: Life Orb
|
|upkeep
|
|t:|1660678696
|switch|p1a: Louca a Rio|Lucario, M|100/100
|turn|8
|
|t:|1660678718
|move|p2a: Mimikyu|Drain Punch|p1a: Louca a Rio
|-supereffective|p1a: Louca a Rio
|-damage|p1a: Louca a Rio|19/100
|-heal|p2a: Mimikyu|100/100|[from] drain|[of] p1a: Louca a Rio
|-damage|p2a: Mimikyu|91/100|[from] item: Life Orb
|move|p1a: Louca a Rio|Flash Cannon|p2a: Mimikyu
|-activate|p2a: Mimikyu|ability: Disguise
|-damage|p2a: Mimikyu|91/100
|detailschange|p2a: Mimikyu|Mimikyu-Busted, M
|-damage|p2a: Mimikyu|78/100|[from] pokemon: Mimikyu-Busted
|-damage|p1a: Louca a Rio|9/100|[from] item: Life Orb
|
|upkeep
|turn|9
|
|t:|1660678742
|switch|p1a: Gare de Voir|Gardevoir, M|100/100
|move|p2a: Mimikyu|Shadow Claw|p1a: Gare de Voir
|-supereffective|p1a: Gare de Voir
|-damage|p1a: Gare de Voir|0 fnt
|faint|p1a: Gare de Voir
|-damage|p2a: Mimikyu|68/100|[from] item: Life Orb
|
|upkeep
|
|t:|1660678754
|switch|p1a: Entai|Entei|100/100
|turn|10
|
|t:|1660678771
|switch|p2a: Starmie|Starmie|100/100
|move|p1a: Entai|Flare Blitz|p2a: Starmie
|-resisted|p2a: Starmie
|-damage|p2a: Starmie|48/100
|-damage|p1a: Entai|85/100|[from] Recoil
|
|upkeep
|turn|11
|
|t:|1660678780
|move|p2a: Starmie|Recover|p2a: Starmie
|-heal|p2a: Starmie|98/100
|move|p1a: Entai|Flare Blitz|p2a: Starmie
|-resisted|p2a: Starmie
|-damage|p2a: Starmie|45/100
|-damage|p1a: Entai|70/100|[from] Recoil
|
|upkeep
|turn|12
|
|t:|1660678790
|move|p2a: Starmie|Recover|p2a: Starmie
|-heal|p2a: Starmie|95/100
|move|p1a: Entai|Flare Blitz|p2a: Starmie
|-resisted|p2a: Starmie
|-damage|p2a: Starmie|45/100
|-damage|p1a: Entai|56/100|[from] Recoil
|
|upkeep
|turn|13
|
|t:|1660678800
|move|p2a: Starmie|Scald|p1a: Entai
|-supereffective|p1a: Entai
|-crit|p1a: Entai
|-damage|p1a: Entai|0 fnt
|faint|p1a: Entai
|
|upkeep
|
|t:|1660678809
|switch|p1a: BATMAN !!!!!!!!!|Crobat, M|100/100
|turn|14
|
|t:|1660678818
|switch|p2a: Stakataka|Stakataka|100/100
|move|p1a: BATMAN !!!!!!!!!|Brave Bird|p2a: Stakataka
|-resisted|p2a: Stakataka
|-damage|p2a: Stakataka|93/100
|-damage|p1a: BATMAN !!!!!!!!!|98/100|[from] Recoil
|
|-heal|p2a: Stakataka|99/100|[from] item: Leftovers
|upkeep
|turn|15
|j| Astreau
|
|t:|1660678834
|switch|p1a: Regis t'il ?|Registeel|100/100
|switch|p2a: Crobat|Crobat, M|100/100
|
|upkeep
|turn|16
|l| Astreau
|
|t:|1660678844
|move|p2a: Crobat|Taunt|p1a: Regis t'il ?
|-start|p1a: Regis t'il ?|move: Taunt
|cant|p1a: Regis t'il ?|move: Taunt|Thunder Wave
|
|upkeep
|turn|17
|
|t:|1660678852
|move|p2a: Crobat|Super Fang|p1a: Regis t'il ?
|-damage|p1a: Regis t'il ?|50/100
|move|p1a: Regis t'il ?|Heavy Slam|p2a: Crobat
|-damage|p2a: Crobat|85/100
|
|-heal|p1a: Regis t'il ?|57/100|[from] item: Leftovers
|upkeep
|turn|18
|
|t:|1660678868
|switch|p1a: BATMAN !!!!!!!!!|Crobat, M|98/100
|move|p2a: Crobat|Super Fang|p1a: BATMAN !!!!!!!!!
|-damage|p1a: BATMAN !!!!!!!!!|49/100
|
|upkeep
|turn|19
|
|t:|1660678879
|move|p2a: Crobat|Brave Bird|p1a: BATMAN !!!!!!!!!
|-crit|p1a: BATMAN !!!!!!!!!
|-damage|p1a: BATMAN !!!!!!!!!|0 fnt
|faint|p1a: BATMAN !!!!!!!!!
|-damage|p2a: Crobat|72/100|[from] Recoil
|
|upkeep
|
|t:|1660678887
|switch|p1a: Regis t'il ?|Registeel|57/100
|turn|20
|
|t:|1660678897
|move|p2a: Crobat|Taunt|p1a: Regis t'il ?
|-start|p1a: Regis t'il ?|move: Taunt
|move|p1a: Regis t'il ?|Body Press|p2a: Crobat
|-resisted|p2a: Crobat
|-damage|p2a: Crobat|63/100
|
|-heal|p1a: Regis t'il ?|63/100|[from] item: Leftovers
|upkeep
|turn|21
|-message|Verty-Kun forfeited.
|
|win|Masskeauuu
|n|☆Verty-Kun|vertykun
|n|☆Masskeauuu|masskeauuu
|n| Gelbel3c|gelbel3c
|n| Boulicrok|boulicrok
|l|☆Verty-Kun
|l|☆Masskeauuu
|l| Gelbel3c
|j|+Dragonillis
