|j|☆btboy
|j|☆MAc3 ✝
|t:|1663788280
|gametype|singles
|player|p1|btboy|265|
|player|p2|MAc3 ✝|roxie|
|teamsize|p1|6
|teamsize|p2|6
|gen|8
|tier|[Gen 8] RU
|rule|Sleep Clause Mod: Limit one foe put to sleep
|rule|Species Clause: Limit one of each Pokémon
|rule|OHKO Clause: OHKO moves are banned
|rule|Evasion Items Clause: Evasion items are banned
|rule|Evasion Moves Clause: Evasion moves are banned
|rule|Endless Battle Clause: Forcing endless battles is banned
|rule|HP Percentage Mod: HP is shown in percentages
|rule|Dynamax Clause: You cannot dynamax
|clearpoke
|poke|p1|Tornadus, M|
|poke|p1|Starmie|
|poke|p1|Roserade, M|
|poke|p1|Flygon, F|
|poke|p1|Heliolisk, F|
|poke|p1|Metagross|
|poke|p2|Toxtricity, F|
|poke|p2|Milotic, F|
|poke|p2|Tornadus, M|
|poke|p2|Flygon, F|
|poke|p2|Dhelmise|
|poke|p2|Registeel|
|teampreview
|c|☆btboy|a fellow tornadus enjoyer
|c|☆MAc3 ✝|do
|c|☆MAc3 ✝|//publicroom
|c|☆btboy|/log btboy made this room public.
|
|t:|1663788334
|start
|switch|p1a: Tornadus|Tornadus, M|100/100
|switch|p2a: Tornadus|Tornadus, M|100/100
|turn|1
|j| yOuRwElCoMeThAnk
|c|☆btboy|hello brother
|
|t:|1663788354
|switch|p2a: Milotic|Milotic, F|100/100
|move|p1a: Tornadus|Acrobatics|p2a: Milotic
|-damage|p2a: Milotic|61/100
|
|-heal|p2a: Milotic|67/100|[from] item: Leftovers
|upkeep
|turn|2
|
|t:|1663788361
|move|p1a: Tornadus|U-turn|p2a: Milotic
|-damage|p2a: Milotic|49/100
|
|t:|1663788363
|switch|p1a: Roserade|Roserade, M|100/100|[from]move: U-turn
|move|p2a: Milotic|Recover|p2a: Milotic
|-heal|p2a: Milotic|99/100
|
|-heal|p2a: Milotic|100/100|[from] item: Leftovers
|upkeep
|turn|3
|
|t:|1663788368
|switch|p2a: Registeel|Registeel|100/100
|move|p1a: Roserade|Sludge Bomb|p2a: Registeel
|-immune|p2a: Registeel
|
|upkeep
|turn|4
|
|t:|1663788372
|switch|p2a: Tornadus|Tornadus, M|100/100
|move|p1a: Roserade|Spikes|p2a: Tornadus
|-sidestart|p2: MAc3 ✝|Spikes
|
|upkeep
|turn|5
|
|t:|1663788381
|switch|p1a: Metagross|Metagross|100/100
|move|p2a: Tornadus|Acrobatics|p1a: Metagross
|-resisted|p1a: Metagross
|-damage|p1a: Metagross|76/100
|
|upkeep
|turn|6
|
|t:|1663788390
|move|p2a: Tornadus|U-turn|p1a: Metagross
|-damage|p1a: Metagross|55/100
|
|t:|1663788394
|switch|p2a: Milotic|Milotic, F|100/100|[from]move: U-turn
|-damage|p2a: Milotic|88/100|[from] Spikes
|move|p1a: Metagross|Stealth Rock|p2a: Milotic
|-sidestart|p2: MAc3 ✝|move: Stealth Rock
|
|-heal|p2a: Milotic|94/100|[from] item: Leftovers
|upkeep
|turn|7
|
|t:|1663788402
|switch|p2a: Dhelmise|Dhelmise|100/100
|move|p1a: Metagross|Explosion|p2a: Dhelmise
|-immune|p2a: Dhelmise
|faint|p1a: Metagross
|
|upkeep
|c|☆btboy|rip bozo
|
|t:|1663788409
|switch|p1a: Tornadus|Tornadus, M|100/100
|turn|8
|
|t:|1663788427
|switch|p2a: Registeel|Registeel|100/100
|-damage|p2a: Registeel|88/100|[from] Spikes
|-damage|p2a: Registeel|82/100|[from] Stealth Rock
|move|p1a: Tornadus|Acrobatics|p2a: Registeel
|-resisted|p2a: Registeel
|-damage|p2a: Registeel|66/100
|
|-heal|p2a: Registeel|72/100|[from] item: Leftovers
|upkeep
|turn|9
|
|t:|1663788430
|move|p1a: Tornadus|Knock Off|p2a: Registeel
|-damage|p2a: Registeel|55/100
|-enditem|p2a: Registeel|Leftovers|[from] move: Knock Off|[of] p1a: Tornadus
|move|p2a: Registeel|Thunder Wave|p1a: Tornadus
|-status|p1a: Tornadus|par
|
|upkeep
|turn|10
|
|t:|1663788435
|move|p1a: Tornadus|U-turn|p2a: Registeel
|-resisted|p2a: Registeel
|-damage|p2a: Registeel|49/100
|
|t:|1663788440
|switch|p1a: Roserade|Roserade, M|100/100|[from]move: U-turn
|move|p2a: Registeel|Stealth Rock|p1a: Roserade
|-sidestart|p1: btboy|move: Stealth Rock
|
|upkeep
|turn|11
|
|t:|1663788447
|switch|p2a: Dhelmise|Dhelmise|100/100
|move|p1a: Roserade|Sludge Bomb|p2a: Dhelmise
|-damage|p2a: Dhelmise|45/100
|
|upkeep
|turn|12
|
|t:|1663788453
|switch|p2a: Flygon|Flygon, F|100/100
|-damage|p2a: Flygon|95/100|[from] Stealth Rock
|move|p1a: Roserade|Sludge Bomb|p2a: Flygon
|-resisted|p2a: Flygon
|-damage|p2a: Flygon|62/100
|
|upkeep
|turn|13
|
|t:|1663788461
|switch|p1a: Tornadus|Tornadus, M|100/100 par
|-damage|p1a: Tornadus|76/100 par|[from] Stealth Rock
|move|p2a: Flygon|Outrage|p1a: Tornadus
|-damage|p1a: Tornadus|0 fnt
|faint|p1a: Tornadus
|
|upkeep
|
|t:|1663788469
|switch|p1a: Starmie|Starmie|100/100
|turn|14
|
|t:|1663788472
|move|p2a: Flygon|Outrage|p1a: Starmie|[from]lockedmove
|-damage|p1a: Starmie|54/100
|-start|p2a: Flygon|confusion|[fatigue]
|move|p1a: Starmie|Scald|p2a: Flygon
|-damage|p2a: Flygon|27/100
|
|upkeep
|turn|15
|
|t:|1663788478
|switch|p2a: Dhelmise|Dhelmise|45/100
|move|p1a: Starmie|Scald|p2a: Dhelmise
|-resisted|p2a: Dhelmise
|-damage|p2a: Dhelmise|31/100
|
|upkeep
|turn|16
|
|t:|1663788485
|move|p2a: Dhelmise|Rapid Spin|p1a: Starmie
|-damage|p1a: Starmie|37/100
|-boost|p2a: Dhelmise|spe|1
|-sideend|p2: MAc3 ✝|Spikes|[from] move: Rapid Spin|[of] p2a: Dhelmise
|-sideend|p2: MAc3 ✝|Stealth Rock|[from] move: Rapid Spin|[of] p2a: Dhelmise
|move|p1a: Starmie|Teleport|p1a: Starmie
|
|t:|1663788488
|switch|p1a: Roserade|Roserade, M|100/100|[from]move: Teleport
|
|upkeep
|turn|17
|
|t:|1663788493
|switch|p2a: Toxtricity|Toxtricity, F|100/100
|move|p1a: Roserade|Spikes|p2a: Toxtricity
|-sidestart|p2: MAc3 ✝|Spikes
|
|upkeep
|turn|18
|
|t:|1663788500
|switch|p1a: Starmie|Starmie|37/100
|move|p2a: Toxtricity|Boomburst|p1a: Starmie
|-damage|p1a: Starmie|0 fnt
|faint|p1a: Starmie
|
|upkeep
|
|t:|1663788506
|switch|p1a: Flygon|Flygon, F|100/100
|-damage|p1a: Flygon|95/100|[from] Stealth Rock
|turn|19
|
|t:|1663788512
|move|p1a: Flygon|Stone Edge|p2a: Toxtricity
|-damage|p2a: Toxtricity|53/100
|move|p2a: Toxtricity|Boomburst|p1a: Flygon
|-damage|p1a: Flygon|0 fnt
|faint|p1a: Flygon
|
|upkeep
|c|☆btboy|gg
|c|☆MAc3 ✝|gg
|-message|btboy forfeited.
|
|win|MAc3 ✝
