|j|☆breckerr
|j|☆he_who_grills
|t:|1623513701
|gametype|singles
|player|p1|breckerr|102|
|player|p2|he_who_grills|preschooler|
|teamsize|p1|6
|teamsize|p2|6
|gen|8
|tier|[Gen 8] RU
|rule|Sleep Clause Mod: Limit one foe put to sleep
|rule|Species Clause: Limit one of each Pokémon
|rule|OHKO Clause: OHKO moves are banned
|rule|Evasion Moves Clause: Evasion moves are banned
|rule|Endless Battle Clause: Forcing endless battles is banned
|rule|HP Percentage Mod: HP is shown in percentages
|rule|Dynamax Clause: You cannot dynamax
|clearpoke
|poke|p1|Volcanion|
|poke|p1|Milotic, F|
|poke|p1|Mimikyu, M|
|poke|p1|Metagross|
|poke|p1|Klefki, F|
|poke|p1|Gardevoir, M|
|poke|p2|Galvantula, F|
|poke|p2|Qwilfish, M|
|poke|p2|Reuniclus, F|
|poke|p2|Metagross|
|poke|p2|Blastoise, M|
|poke|p2|Heracross, M|
|teampreview
|c|☆he_who_grills|gl hf
|c|☆breckerr|thanks, you too!
|
|t:|1623513733
|start
|switch|p1a: Gardevoir|Gardevoir, M|100/100
|switch|p2a: Cellar Bugworm|Galvantula, F|100/100
|-ability|p1a: Gardevoir|Compound Eyes|[from] ability: Trace|[of] p2a: Cellar Bugworm
|turn|1
|
|t:|1623513740
|move|p1a: Gardevoir|Mystical Fire|p2a: Cellar Bugworm
|-supereffective|p2a: Cellar Bugworm
|-damage|p2a: Cellar Bugworm|3/100
|-unboost|p2a: Cellar Bugworm|spa|1
|move|p2a: Cellar Bugworm|Volt Switch|p1a: Gardevoir
|-damage|p1a: Gardevoir|67/100
|
|t:|1623513758
|switch|p2a: Elder Gragus|Metagross|100/100|[from]move: Volt Switch
|
|upkeep
|turn|2
|
|t:|1623513789
|switch|p1a: Volcanion|Volcanion|100/100
|move|p2a: Elder Gragus|Stealth Rock|p1a: Volcanion
|-sidestart|p1: breckerr|move: Stealth Rock
|
|upkeep
|turn|3
|
|t:|1623513814
|switch|p2a: Plump Sprahda|Blastoise, M|100/100
|move|p1a: Volcanion|Flame Charge|p2a: Plump Sprahda
|-resisted|p2a: Plump Sprahda
|-damage|p2a: Plump Sprahda|92/100
|-boost|p1a: Volcanion|spe|1
|
|upkeep
|turn|4
|
|t:|1623513834
|switch|p1a: Milotic|Milotic, F|100/100
|-damage|p1a: Milotic|88/100|[from] Stealth Rock
|move|p2a: Plump Sprahda|Dragon Tail|p1a: Milotic
|-damage|p1a: Milotic|77/100
|drag|p1a: Mimikyu|Mimikyu, M|100/100
|-damage|p1a: Mimikyu|88/100|[from] Stealth Rock
|
|upkeep
|turn|5
|c|☆he_who_grills|so
|c|☆he_who_grills|why did i bring dragon tail against a team with fairy as its typing
|
|t:|1623513854
|move|p1a: Mimikyu|Wood Hammer|p2a: Plump Sprahda
|-supereffective|p2a: Plump Sprahda
|-damage|p2a: Plump Sprahda|32/100
|-damage|p1a: Mimikyu|59/100|[from] Recoil
|move|p2a: Plump Sprahda|Scald|p1a: Mimikyu
|-activate|p1a: Mimikyu|ability: Disguise
|-damage|p1a: Mimikyu|59/100
|-status|p1a: Mimikyu|brn
|detailschange|p1a: Mimikyu|Mimikyu-Busted, M
|-damage|p1a: Mimikyu|47/100 brn|[from] pokemon: Mimikyu-Busted
|
|-damage|p1a: Mimikyu|41/100 brn|[from] brn
|upkeep
|turn|6
|
|t:|1623513874
|switch|p2a: Drifter Jutard|Qwilfish, M|100/100
|-ability|p2a: Drifter Jutard|Intimidate|boost
|-unboost|p1a: Mimikyu|atk|1
|move|p1a: Mimikyu|Wood Hammer|p2a: Drifter Jutard
|-damage|p2a: Drifter Jutard|87/100
|-damage|p1a: Mimikyu|35/100 brn|[from] Recoil
|
|-heal|p2a: Drifter Jutard|93/100|[from] item: Black Sludge
|-damage|p1a: Mimikyu|29/100 brn|[from] brn
|upkeep
|turn|7
|c|☆breckerr|nothing wrong with dragon tail lol
|c|☆he_who_grills|there is when half the team immune to it lmao
|c|☆he_who_grills|and the pokemon learns roar
|
|t:|1623513893
|switch|p1a: Klefki|Klefki, F|100/100
|-damage|p1a: Klefki|95/100|[from] Stealth Rock
|move|p2a: Drifter Jutard|Toxic Spikes|p1a: Klefki
|-sidestart|p1: breckerr|move: Toxic Spikes
|
|-heal|p2a: Drifter Jutard|99/100|[from] item: Black Sludge
|-heal|p1a: Klefki|100/100|[from] item: Leftovers
|upkeep
|turn|8
|c|☆breckerr|I brought 6 taunters, you made the right call
|
|t:|1623513902
|move|p1a: Klefki|Defog|p2a: Drifter Jutard
|-unboost|p2a: Drifter Jutard|evasion|1
|-sideend|p1: breckerr|Toxic Spikes|[from] move: Defog|[of] p1a: Klefki
|-sideend|p1: breckerr|Stealth Rock|[from] move: Defog|[of] p1a: Klefki
|move|p2a: Drifter Jutard|Thunder Wave|p1a: Klefki
|-status|p1a: Klefki|par
|
|-heal|p2a: Drifter Jutard|100/100|[from] item: Black Sludge
|upkeep
|turn|9
|
|t:|1623513912
|cant|p1a: Klefki|par
|move|p2a: Drifter Jutard|Toxic Spikes|p1a: Klefki
|-sidestart|p1: breckerr|move: Toxic Spikes
|
|upkeep
|turn|10
|
|t:|1623513919
|switch|p2a: Elder Gragus|Metagross|100/100
|move|p1a: Klefki|Defog|p2a: Elder Gragus
|-fail|p2a: Elder Gragus|unboost|[from] ability: Clear Body|[of] p2a: Elder Gragus
|-sideend|p1: breckerr|Toxic Spikes|[from] move: Defog|[of] p1a: Klefki
|
|upkeep
|turn|11
|
|t:|1623513930
|move|p1a: Klefki|Thunder Wave|p2a: Elder Gragus
|-status|p2a: Elder Gragus|par
|-enditem|p2a: Elder Gragus|Lum Berry|[eat]
|-curestatus|p2a: Elder Gragus|par|[msg]
|move|p2a: Elder Gragus|Thunder Punch|p1a: Klefki
|-damage|p1a: Klefki|75/100 par
|
|-heal|p1a: Klefki|81/100 par|[from] item: Leftovers
|upkeep
|turn|12
|
|t:|1623513939
|move|p1a: Klefki|Spikes|p2a: Elder Gragus
|-sidestart|p2: he_who_grills|Spikes
|move|p2a: Elder Gragus|Earthquake|p1a: Klefki
|-supereffective|p1a: Klefki
|-damage|p1a: Klefki|10/100 par
|
|-heal|p1a: Klefki|16/100 par|[from] item: Leftovers
|upkeep
|turn|13
|
|t:|1623513960
|move|p1a: Klefki|Thunder Wave|p2a: Elder Gragus
|-status|p2a: Elder Gragus|par
|move|p2a: Elder Gragus|Earthquake|p1a: Klefki
|-supereffective|p1a: Klefki
|-damage|p1a: Klefki|0 fnt
|faint|p1a: Klefki
|
|upkeep
|
|t:|1623513969
|switch|p1a: Volcanion|Volcanion|100/100
|turn|14
|
|t:|1623513974
|move|p1a: Volcanion|Flamethrower|p2a: Elder Gragus
|-supereffective|p2a: Elder Gragus
|-damage|p2a: Elder Gragus|6/100 par
|move|p2a: Elder Gragus|Earthquake|p1a: Volcanion
|-supereffective|p1a: Volcanion
|-damage|p1a: Volcanion|30/100
|
|upkeep
|turn|15
|
|t:|1623513983
|move|p1a: Volcanion|Earth Power|p2a: Elder Gragus
|-supereffective|p2a: Elder Gragus
|-damage|p2a: Elder Gragus|0 fnt
|faint|p2a: Elder Gragus
|
|upkeep
|
|t:|1623513988
|switch|p2a: Plump Sprahda|Blastoise, M|32/100
|turn|16
|
|t:|1623513995
|move|p1a: Volcanion|Steam Eruption|p2a: Plump Sprahda
|-resisted|p2a: Plump Sprahda
|-damage|p2a: Plump Sprahda|13/100
|move|p2a: Plump Sprahda|Rapid Spin|p1a: Volcanion
|-damage|p1a: Volcanion|21/100
|-boost|p2a: Plump Sprahda|spe|1
|-sideend|p2: he_who_grills|Spikes|[from] move: Rapid Spin|[of] p2a: Plump Sprahda
|
|upkeep
|turn|17
|
|t:|1623514014
|move|p1a: Volcanion|Earth Power|p2a: Plump Sprahda
|-damage|p2a: Plump Sprahda|0 fnt
|faint|p2a: Plump Sprahda
|
|upkeep
|
|t:|1623514030
|switch|p2a: Cellar Bugworm|Galvantula, F|3/100
|turn|18
|
|t:|1623514048
|move|p2a: Cellar Bugworm|Volt Switch|p1a: Volcanion
|-supereffective|p1a: Volcanion
|-damage|p1a: Volcanion|0 fnt
|faint|p1a: Volcanion
|
|t:|1623514052
|switch|p2a: Furious Jozan|Heracross, M|100/100|[from]move: Volt Switch
|
|-status|p2a: Furious Jozan|brn|[from] item: Flame Orb
|upkeep
|
|t:|1623514074
|switch|p1a: Gardevoir|Gardevoir, M|67/100
|-ability|p1a: Gardevoir|Guts|[from] ability: Trace|[of] p2a: Furious Jozan
|turn|19
|
|t:|1623514080
|switch|p2a: Destructive Bors|Reuniclus, F|100/100
|move|p1a: Gardevoir|Moonblast|p2a: Destructive Bors
|-damage|p2a: Destructive Bors|60/100
|
|-heal|p2a: Destructive Bors|66/100|[from] item: Leftovers
|upkeep
|turn|20
|
|t:|1623514089
|switch|p1a: Metagross|Metagross|100/100
|move|p2a: Destructive Bors|Recover|p2a: Destructive Bors
|-heal|p2a: Destructive Bors|100/100
|
|upkeep
|turn|21
|
|t:|1623514096
|switch|p2a: Drifter Jutard|Qwilfish, M|100/100
|-ability|p2a: Drifter Jutard|Intimidate|boost
|-fail|p1a: Metagross|unboost|[from] ability: Clear Body|[of] p1a: Metagross
|move|p1a: Metagross|Stealth Rock|p2a: Drifter Jutard
|-sidestart|p2: he_who_grills|move: Stealth Rock
|
|upkeep
|turn|22
|
|t:|1623514105
|move|p2a: Drifter Jutard|Toxic Spikes|p1a: Metagross
|-sidestart|p1: breckerr|move: Toxic Spikes
|move|p1a: Metagross|Thunder Punch|p2a: Drifter Jutard
|-supereffective|p2a: Drifter Jutard
|-damage|p2a: Drifter Jutard|38/100
|
|-heal|p2a: Drifter Jutard|44/100|[from] item: Black Sludge
|upkeep
|turn|23
|
|t:|1623514117
|move|p2a: Drifter Jutard|Pain Split|p1a: Metagross
|-sethp|p1a: Metagross|70/100|[from] move: Pain Split|[silent]
|-sethp|p2a: Drifter Jutard|77/100|[from] move: Pain Split
|move|p1a: Metagross|Thunder Punch|p2a: Drifter Jutard
|-supereffective|p2a: Drifter Jutard
|-damage|p2a: Drifter Jutard|16/100
|
|-heal|p2a: Drifter Jutard|22/100|[from] item: Black Sludge
|upkeep
|turn|24
|
|t:|1623514132
|move|p2a: Drifter Jutard|Thunder Wave|p1a: Metagross
|-status|p1a: Metagross|par
|move|p1a: Metagross|Thunder Punch|p2a: Drifter Jutard
|-supereffective|p2a: Drifter Jutard
|-damage|p2a: Drifter Jutard|0 fnt
|faint|p2a: Drifter Jutard
|
|upkeep
|
|t:|1623514141
|switch|p2a: Destructive Bors|Reuniclus, F|100/100
|turn|25
|
|t:|1623514153
|switch|p1a: Milotic|Milotic, F|77/100
|-status|p1a: Milotic|psn
|move|p2a: Destructive Bors|Acid Armor|p2a: Destructive Bors
|-boost|p2a: Destructive Bors|def|2
|
|-heal|p1a: Milotic|83/100 psn|[from] item: Leftovers
|-damage|p1a: Milotic|71/100 psn|[from] psn
|upkeep
|turn|26
|
|t:|1623514167
|move|p1a: Milotic|Scald|p2a: Destructive Bors
|-damage|p2a: Destructive Bors|76/100
|move|p2a: Destructive Bors|Calm Mind|p2a: Destructive Bors
|-boost|p2a: Destructive Bors|spa|1
|-boost|p2a: Destructive Bors|spd|1
|
|-heal|p1a: Milotic|77/100 psn|[from] item: Leftovers
|-heal|p2a: Destructive Bors|82/100|[from] item: Leftovers
|-damage|p1a: Milotic|64/100 psn|[from] psn
|upkeep
|turn|27
|
|t:|1623514177
|move|p1a: Milotic|Haze|p1a: Milotic
|-clearallboost
|move|p2a: Destructive Bors|Calm Mind|p2a: Destructive Bors
|-boost|p2a: Destructive Bors|spa|1
|-boost|p2a: Destructive Bors|spd|1
|
|-heal|p1a: Milotic|70/100 psn|[from] item: Leftovers
|-heal|p2a: Destructive Bors|88/100|[from] item: Leftovers
|-damage|p1a: Milotic|58/100 psn|[from] psn
|upkeep
|turn|28
|
|t:|1623514186
|move|p1a: Milotic|Recover|p1a: Milotic
|-heal|p1a: Milotic|100/100 psn
|move|p2a: Destructive Bors|Stored Power|p1a: Milotic
|-damage|p1a: Milotic|78/100 psn
|
|-heal|p1a: Milotic|85/100 psn|[from] item: Leftovers
|-heal|p2a: Destructive Bors|94/100|[from] item: Leftovers
|-damage|p1a: Milotic|72/100 psn|[from] psn
|upkeep
|turn|29
|
|t:|1623514206
|move|p1a: Milotic|Scald|p2a: Destructive Bors
|-damage|p2a: Destructive Bors|77/100
|move|p2a: Destructive Bors|Calm Mind|p2a: Destructive Bors
|-boost|p2a: Destructive Bors|spa|1
|-boost|p2a: Destructive Bors|spd|1
|
|-heal|p1a: Milotic|78/100 psn|[from] item: Leftovers
|-heal|p2a: Destructive Bors|83/100|[from] item: Leftovers
|-damage|p1a: Milotic|66/100 psn|[from] psn
|upkeep
|turn|30
|
|t:|1623514216
|switch|p2a: Furious Jozan|Heracross, M|100/100 brn
|-damage|p2a: Furious Jozan|88/100 brn|[from] Stealth Rock
|move|p1a: Milotic|Haze|p1a: Milotic
|-clearallboost
|
|-heal|p1a: Milotic|72/100 psn|[from] item: Leftovers
|-damage|p1a: Milotic|59/100 psn|[from] psn
|-damage|p2a: Furious Jozan|82/100 brn|[from] brn
|upkeep
|turn|31
|
|t:|1623514236
|switch|p1a: Mimikyu|Mimikyu-Busted, M|29/100 brn
|move|p2a: Furious Jozan|Knock Off|p1a: Mimikyu
|-damage|p1a: Mimikyu|0 fnt
|-enditem|p1a: Mimikyu|Spell Tag|[from] move: Knock Off|[of] p2a: Furious Jozan
|faint|p1a: Mimikyu
|
|-damage|p2a: Furious Jozan|76/100 brn|[from] brn
|upkeep
|
|t:|1623514244
|switch|p1a: Gardevoir|Gardevoir, M|67/100
|-status|p1a: Gardevoir|psn
|-ability|p1a: Gardevoir|Guts|[from] ability: Trace|[of] p2a: Furious Jozan
|turn|32
|c|☆he_who_grills|oh god
|c|☆he_who_grills|guts is turned on
|
|t:|1623514264
|switch|p2a: Cellar Bugworm|Galvantula, F|3/100
|-damage|p2a: Cellar Bugworm|0 fnt|[from] Stealth Rock
|faint|p2a: Cellar Bugworm
|move|p1a: Gardevoir|Moonblast|p2: Cellar Bugworm|[notarget]
|-fail|p1a: Gardevoir
|
|-damage|p1a: Gardevoir|55/100 psn|[from] psn
|upkeep
|
|t:|1623514275
|switch|p2a: Destructive Bors|Reuniclus, F|83/100
|turn|33
|
|t:|1623514288
|switch|p1a: Milotic|Milotic, F|59/100 psn
|move|p2a: Destructive Bors|Calm Mind|p2a: Destructive Bors
|-boost|p2a: Destructive Bors|spa|1
|-boost|p2a: Destructive Bors|spd|1
|
|-heal|p1a: Milotic|65/100 psn|[from] item: Leftovers
|-heal|p2a: Destructive Bors|89/100|[from] item: Leftovers
|-damage|p1a: Milotic|53/100 psn|[from] psn
|upkeep
|turn|34
|
|t:|1623514302
|switch|p2a: Furious Jozan|Heracross, M|76/100 brn
|-damage|p2a: Furious Jozan|64/100 brn|[from] Stealth Rock
|move|p1a: Milotic|Recover|p1a: Milotic
|-heal|p1a: Milotic|100/100 psn
|
|-damage|p1a: Milotic|88/100 psn|[from] psn
|-damage|p2a: Furious Jozan|58/100 brn|[from] brn
|upkeep
|turn|35
|c|☆breckerr|yeah, guts big scary
|
|t:|1623514338
|move|p2a: Furious Jozan|Swords Dance|p2a: Furious Jozan
|-boost|p2a: Furious Jozan|atk|2
|move|p1a: Milotic|Scald|p2a: Furious Jozan
|-damage|p2a: Furious Jozan|26/100 brn
|
|-heal|p1a: Milotic|94/100 psn|[from] item: Leftovers
|-damage|p1a: Milotic|82/100 psn|[from] psn
|-damage|p2a: Furious Jozan|19/100 brn|[from] brn
|upkeep
|turn|36
|
|t:|1623514352
|switch|p1a: Gardevoir|Gardevoir, M|55/100 psn
|-ability|p1a: Gardevoir|Guts|[from] ability: Trace|[of] p2a: Furious Jozan
|move|p2a: Furious Jozan|Close Combat|p1a: Gardevoir
|-resisted|p1a: Gardevoir
|-damage|p1a: Gardevoir|0 fnt
|-unboost|p2a: Furious Jozan|def|1
|-unboost|p2a: Furious Jozan|spd|1
|faint|p1a: Gardevoir
|
|-damage|p2a: Furious Jozan|13/100 brn|[from] brn
|upkeep
|
|t:|1623514354
|switch|p1a: Metagross|Metagross|70/100 par
|turn|37
|
|t:|1623514365
|switch|p2a: Destructive Bors|Reuniclus, F|89/100
|cant|p1a: Metagross|par
|
|-heal|p2a: Destructive Bors|95/100|[from] item: Leftovers
|upkeep
|turn|38
|j| I am in town
|
|t:|1623514405
|switch|p1a: Milotic|Milotic, F|82/100 psn
|move|p2a: Destructive Bors|Calm Mind|p2a: Destructive Bors
|-boost|p2a: Destructive Bors|spa|1
|-boost|p2a: Destructive Bors|spd|1
|
|-heal|p1a: Milotic|88/100 psn|[from] item: Leftovers
|-heal|p2a: Destructive Bors|100/100|[from] item: Leftovers
|-damage|p1a: Milotic|75/100 psn|[from] psn
|upkeep
|turn|39
|
|t:|1623514414
|move|p1a: Milotic|Scald|p2a: Destructive Bors
|-damage|p2a: Destructive Bors|84/100
|move|p2a: Destructive Bors|Stored Power|p1a: Milotic
|-crit|p1a: Milotic
|-damage|p1a: Milotic|43/100 psn
|
|-heal|p1a: Milotic|49/100 psn|[from] item: Leftovers
|-heal|p2a: Destructive Bors|90/100|[from] item: Leftovers
|-damage|p1a: Milotic|36/100 psn|[from] psn
|upkeep
|turn|40
|
|t:|1623514432
|move|p1a: Milotic|Recover|p1a: Milotic
|-heal|p1a: Milotic|86/100 psn
|move|p2a: Destructive Bors|Calm Mind|p2a: Destructive Bors
|-boost|p2a: Destructive Bors|spa|1
|-boost|p2a: Destructive Bors|spd|1
|
|-heal|p1a: Milotic|92/100 psn|[from] item: Leftovers
|-heal|p2a: Destructive Bors|96/100|[from] item: Leftovers
|-damage|p1a: Milotic|80/100 psn|[from] psn
|upkeep
|turn|41
|
|t:|1623514441
|move|p1a: Milotic|Haze|p1a: Milotic
|-clearallboost
|move|p2a: Destructive Bors|Acid Armor|p2a: Destructive Bors
|-boost|p2a: Destructive Bors|def|2
|
|-heal|p1a: Milotic|86/100 psn|[from] item: Leftovers
|-heal|p2a: Destructive Bors|100/100|[from] item: Leftovers
|-damage|p1a: Milotic|74/100 psn|[from] psn
|upkeep
|turn|42
|
|t:|1623514462
|move|p1a: Milotic|Toxic|p2a: Destructive Bors
|-status|p2a: Destructive Bors|tox
|move|p2a: Destructive Bors|Acid Armor|p2a: Destructive Bors
|-boost|p2a: Destructive Bors|def|2
|
|-heal|p1a: Milotic|80/100 psn|[from] item: Leftovers
|-damage|p1a: Milotic|67/100 psn|[from] psn
|upkeep
|turn|43
|
|t:|1623514478
|move|p1a: Milotic|Scald|p2a: Destructive Bors
|-damage|p2a: Destructive Bors|77/100 tox
|move|p2a: Destructive Bors|Calm Mind|p2a: Destructive Bors
|-boost|p2a: Destructive Bors|spa|1
|-boost|p2a: Destructive Bors|spd|1
|
|-heal|p1a: Milotic|73/100 psn|[from] item: Leftovers
|-heal|p2a: Destructive Bors|83/100 tox|[from] item: Leftovers
|-damage|p1a: Milotic|61/100 psn|[from] psn
|upkeep
|turn|44
|
|t:|1623514492
|move|p1a: Milotic|Haze|p1a: Milotic
|-clearallboost
|move|p2a: Destructive Bors|Acid Armor|p2a: Destructive Bors
|-boost|p2a: Destructive Bors|def|2
|
|-heal|p1a: Milotic|67/100 psn|[from] item: Leftovers
|-heal|p2a: Destructive Bors|89/100 tox|[from] item: Leftovers
|-damage|p1a: Milotic|55/100 psn|[from] psn
|upkeep
|turn|45
|
|t:|1623514509
|move|p1a: Milotic|Scald|p2a: Destructive Bors
|-damage|p2a: Destructive Bors|62/100 tox
|move|p2a: Destructive Bors|Calm Mind|p2a: Destructive Bors
|-boost|p2a: Destructive Bors|spa|1
|-boost|p2a: Destructive Bors|spd|1
|
|-heal|p1a: Milotic|61/100 psn|[from] item: Leftovers
|-heal|p2a: Destructive Bors|69/100 tox|[from] item: Leftovers
|-damage|p1a: Milotic|48/100 psn|[from] psn
|upkeep
|turn|46
|
|t:|1623514519
|move|p1a: Milotic|Haze|p1a: Milotic
|-clearallboost
|move|p2a: Destructive Bors|Stored Power|p1a: Milotic
|-damage|p1a: Milotic|43/100 psn
|
|-heal|p1a: Milotic|49/100 psn|[from] item: Leftovers
|-heal|p2a: Destructive Bors|75/100 tox|[from] item: Leftovers
|-damage|p1a: Milotic|37/100 psn|[from] psn
|upkeep
|turn|47
|
|t:|1623514528
|move|p1a: Milotic|Recover|p1a: Milotic
|-heal|p1a: Milotic|87/100 psn
|move|p2a: Destructive Bors|Calm Mind|p2a: Destructive Bors
|-boost|p2a: Destructive Bors|spa|1
|-boost|p2a: Destructive Bors|spd|1
|
|-heal|p1a: Milotic|93/100 psn|[from] item: Leftovers
|-heal|p2a: Destructive Bors|81/100 tox|[from] item: Leftovers
|-damage|p1a: Milotic|81/100 psn|[from] psn
|upkeep
|turn|48
|
|t:|1623514537
|move|p1a: Milotic|Scald|p2a: Destructive Bors
|-damage|p2a: Destructive Bors|63/100 tox
|move|p2a: Destructive Bors|Acid Armor|p2a: Destructive Bors
|-boost|p2a: Destructive Bors|def|2
|
|-heal|p1a: Milotic|87/100 psn|[from] item: Leftovers
|-heal|p2a: Destructive Bors|69/100 tox|[from] item: Leftovers
|-damage|p1a: Milotic|74/100 psn|[from] psn
|upkeep
|turn|49
|
|t:|1623514551
|move|p1a: Milotic|Haze|p1a: Milotic
|-clearallboost
|move|p2a: Destructive Bors|Calm Mind|p2a: Destructive Bors
|-boost|p2a: Destructive Bors|spa|1
|-boost|p2a: Destructive Bors|spd|1
|
|-heal|p1a: Milotic|80/100 psn|[from] item: Leftovers
|-heal|p2a: Destructive Bors|75/100 tox|[from] item: Leftovers
|-damage|p1a: Milotic|68/100 psn|[from] psn
|upkeep
|turn|50
|
|t:|1623514563
|move|p1a: Milotic|Scald|p2a: Destructive Bors
|-damage|p2a: Destructive Bors|59/100 tox
|move|p2a: Destructive Bors|Acid Armor|p2a: Destructive Bors
|-boost|p2a: Destructive Bors|def|2
|
|-heal|p1a: Milotic|74/100 psn|[from] item: Leftovers
|-heal|p2a: Destructive Bors|65/100 tox|[from] item: Leftovers
|-damage|p1a: Milotic|62/100 psn|[from] psn
|upkeep
|turn|51
|
|t:|1623514574
|move|p1a: Milotic|Haze|p1a: Milotic
|-clearallboost
|move|p2a: Destructive Bors|Acid Armor|p2a: Destructive Bors
|-boost|p2a: Destructive Bors|def|2
|
|-heal|p1a: Milotic|68/100 psn|[from] item: Leftovers
|-heal|p2a: Destructive Bors|71/100 tox|[from] item: Leftovers
|-damage|p1a: Milotic|55/100 psn|[from] psn
|upkeep
|turn|52
|
|t:|1623514585
|switch|p2a: Furious Jozan|Heracross, M|13/100 brn
|-damage|p2a: Furious Jozan|1/100 brn|[from] Stealth Rock
|move|p1a: Milotic|Scald|p2a: Furious Jozan
|-damage|p2a: Furious Jozan|0 fnt
|faint|p2a: Furious Jozan
|
|-heal|p1a: Milotic|61/100 psn|[from] item: Leftovers
|-damage|p1a: Milotic|49/100 psn|[from] psn
|upkeep
|c|☆he_who_grills|bah
|c|☆he_who_grills|ggs lmao
|c|☆he_who_grills|shoulda set the second layer of spikes
|c|☆breckerr|tbf rocks + burn killed even without scald
|c|☆he_who_grills|ah right the burn tick
|c|☆he_who_grills|oh well
|c|☆breckerr|do I even win? idk how the pp battle is going
|c|☆he_who_grills|idk but im gonna concede cause i got people waiting on me
|c|☆breckerr|fair, gg then lol
|c|☆he_who_grills|gg
|-message|he_who_grills forfeited.
|
|win|breckerr
|l|☆he_who_grills
