|j|☆sensei axew
|j|☆CasualGabberz
|inactive|Battle timer is ON: inactive players will automatically lose when time's up.
|t:|1629988040
|gametype|singles
|player|p1|sensei axew|sabrina-gen2|
|player|p2|CasualGabberz|lucas|
|teamsize|p1|6
|teamsize|p2|6
|gen|8
|tier|[Gen 8] RU
|rated|Tournament battle
|rule|Sleep Clause Mod: Limit one foe put to sleep
|rule|Species Clause: Limit one of each Pokémon
|rule|OHKO Clause: OHKO moves are banned
|rule|Evasion Moves Clause: Evasion moves are banned
|rule|Endless Battle Clause: Forcing endless battles is banned
|rule|HP Percentage Mod: HP is shown in percentages
|rule|Dynamax Clause: You cannot dynamax
|clearpoke
|poke|p1|Raikou|
|poke|p1|Suicune|
|poke|p1|Crobat, M|
|poke|p1|Steelix, M|
|poke|p1|Ninetales-Alola, F|
|poke|p1|Umbreon, M|
|poke|p2|Cobalion|
|poke|p2|Golisopod, F|
|poke|p2|Passimian, F|
|poke|p2|Decidueye, F|
|poke|p2|Togekiss, F|
|poke|p2|Seismitoad, F|
|teampreview
|inactive|sensei axew also wants the timer to be on.
|c|☆sensei axew|hf
|j| Shirotoshi
|
|t:|1629988053
|start
|switch|p1a: Steelix|Steelix, M|100/100
|switch|p2a: Cobalion|Cobalion|100/100
|turn|1
|c|☆CasualGabberz|u2
|
|t:|1629988060
|switch|p2a: Golisopod|Golisopod, F|100/100
|move|p1a: Steelix|Stealth Rock|p2a: Golisopod
|-sidestart|p2: CasualGabberz|move: Stealth Rock
|
|upkeep
|turn|2
|
|t:|1629988084
|move|p2a: Golisopod|Spikes|p1a: Steelix
|-sidestart|p1: sensei axew|Spikes
|move|p1a: Steelix|Toxic|p2a: Golisopod
|-status|p2a: Golisopod|tox
|
|-damage|p2a: Golisopod|94/100 tox|[from] psn
|upkeep
|turn|3
|c|☆CasualGabberz|your team looks solid !
|inactive|sensei axew has 120 seconds left.
|j| 85percent
|c|☆sensei axew|ty
|c|☆sensei axew|i like urs too
|
|t:|1629988121
|switch|p1a: Umbreon|Umbreon, M|100/100
|-damage|p1a: Umbreon|88/100|[from] Spikes
|move|p2a: Golisopod|Knock Off|p1a: Umbreon
|-resisted|p1a: Umbreon
|-damage|p1a: Umbreon|75/100
|-enditem|p1a: Umbreon|Leftovers|[from] move: Knock Off|[of] p2a: Golisopod
|
|-damage|p2a: Golisopod|82/100 tox|[from] psn
|upkeep
|turn|4
|
|t:|1629988139
|switch|p2a: Cobalion|Cobalion|100/100
|-damage|p2a: Cobalion|97/100|[from] Stealth Rock
|move|p1a: Umbreon|Wish|p1a: Umbreon
|
|-heal|p2a: Cobalion|100/100|[from] item: Leftovers
|upkeep
|turn|5
|
|t:|1629988151
|switch|p1a: Raikou|Raikou|100/100
|-ability|p1a: Raikou|Pressure
|move|p2a: Cobalion|Substitute|p2a: Cobalion
|-start|p2a: Cobalion|Substitute
|-damage|p2a: Cobalion|76/100
|
|-heal|p2a: Cobalion|82/100|[from] item: Leftovers
|upkeep
|turn|6
|inactive|sensei axew has 120 seconds left.
|
|t:|1629988158
|move|p1a: Raikou|Thunderbolt|p2a: Cobalion
|-crit|p2a: Cobalion
|-end|p2a: Cobalion|Substitute
|move|p2a: Cobalion|Focus Blast|p1a: Raikou
|-damage|p1a: Raikou|56/100
|
|-heal|p2a: Cobalion|88/100|[from] item: Leftovers
|upkeep
|turn|7
|inactive|sensei axew has 120 seconds left.
|
|t:|1629988172
|switch|p1a: Ninetales|Ninetales-Alola, F|100/100
|-weather|Hail|[from] ability: Snow Warning|[of] p1a: Ninetales
|switch|p2a: Seismitoad|Seismitoad, F|100/100
|-damage|p2a: Seismitoad|94/100|[from] Stealth Rock
|
|-weather|Hail|[upkeep]
|-damage|p2a: Seismitoad|88/100|[from] Hail
|-heal|p2a: Seismitoad|94/100|[from] item: Leftovers
|upkeep
|turn|8
|
|t:|1629988186
|switch|p2a: Golisopod|Golisopod, F|82/100 tox
|move|p1a: Ninetales|Blizzard|p2a: Golisopod
|-resisted|p2a: Golisopod
|-damage|p2a: Golisopod|59/100 tox
|
|-weather|Hail|[upkeep]
|-damage|p2a: Golisopod|53/100 tox|[from] Hail
|-damage|p2a: Golisopod|47/100 tox|[from] psn
|upkeep
|-activate|p2a: Golisopod|ability: Emergency Exit
|
|t:|1629988189
|switch|p2a: Cobalion|Cobalion|88/100
|-damage|p2a: Cobalion|85/100|[from] Stealth Rock
|turn|9
|
|t:|1629988202
|switch|p1a: Suicune|Suicune|100/100
|-damage|p1a: Suicune|88/100|[from] Spikes
|-ability|p1a: Suicune|Pressure
|move|p2a: Cobalion|Flash Cannon|p1a: Suicune
|-resisted|p1a: Suicune
|-damage|p1a: Suicune|78/100
|
|-weather|Hail|[upkeep]
|-damage|p2a: Cobalion|79/100|[from] Hail
|-damage|p1a: Suicune|72/100|[from] Hail
|-heal|p2a: Cobalion|85/100|[from] item: Leftovers
|-heal|p1a: Suicune|78/100|[from] item: Leftovers
|upkeep
|turn|10
|
|t:|1629988213
|switch|p2a: Decidueye|Decidueye, F|100/100
|move|p1a: Suicune|Scald|p2a: Decidueye
|-resisted|p2a: Decidueye
|-damage|p2a: Decidueye|86/100
|
|-weather|Hail|[upkeep]
|-damage|p1a: Suicune|72/100|[from] Hail
|-damage|p2a: Decidueye|80/100|[from] Hail
|-heal|p1a: Suicune|78/100|[from] item: Leftovers
|upkeep
|turn|11
|
|t:|1629988219
|switch|p2a: Seismitoad|Seismitoad, F|94/100
|-damage|p2a: Seismitoad|88/100|[from] Stealth Rock
|move|p1a: Suicune|Protect||[still]
|-fail|p1a: Suicune
|
|-weather|none
|-heal|p1a: Suicune|84/100|[from] item: Leftovers
|-heal|p2a: Seismitoad|94/100|[from] item: Leftovers
|upkeep
|turn|12
|j|%Natan@!
|
|t:|1629988230
|switch|p1a: Crobat|Crobat, M|100/100
|move|p2a: Seismitoad|Knock Off|p1a: Crobat
|-damage|p1a: Crobat|79/100
|-enditem|p1a: Crobat|Heavy-Duty Boots|[from] move: Knock Off|[of] p2a: Seismitoad
|
|-heal|p2a: Seismitoad|100/100|[from] item: Leftovers
|upkeep
|turn|13
|
|t:|1629988235
|move|p1a: Crobat|Brave Bird|p2a: Seismitoad
|-damage|p2a: Seismitoad|75/100
|-damage|p1a: Crobat|70/100|[from] Recoil
|move|p2a: Seismitoad|Scald|p1a: Crobat
|-damage|p1a: Crobat|42/100
|-status|p1a: Crobat|brn
|
|-heal|p2a: Seismitoad|81/100|[from] item: Leftovers
|-damage|p1a: Crobat|36/100 brn|[from] brn
|upkeep
|turn|14
|j| egetge
|l| egetge
|
|t:|1629988244
|move|p1a: Crobat|U-turn|p2a: Seismitoad
|-damage|p2a: Seismitoad|75/100
|
|t:|1629988247
|switch|p1a: Umbreon|Umbreon, M|75/100|[from]move: U-turn
|-damage|p1a: Umbreon|62/100|[from] Spikes
|move|p2a: Seismitoad|Stealth Rock|p1a: Umbreon
|-sidestart|p1: sensei axew|move: Stealth Rock
|
|-heal|p2a: Seismitoad|81/100|[from] item: Leftovers
|upkeep
|turn|15
|
|t:|1629988260
|switch|p2a: Passimian|Passimian, F|100/100
|-damage|p2a: Passimian|94/100|[from] Stealth Rock
|move|p1a: Umbreon|Wish|p1a: Umbreon
|
|upkeep
|turn|16
|
|t:|1629988268
|move|p2a: Passimian|Close Combat|p1a: Umbreon
|-supereffective|p1a: Umbreon
|-damage|p1a: Umbreon|0 fnt
|-unboost|p2a: Passimian|def|1
|-unboost|p2a: Passimian|spd|1
|faint|p1a: Umbreon
|
|upkeep
|c|☆sensei axew|er
|c|☆sensei axew|i thought i clicked protect LMAO
|
|t:|1629988283
|switch|p1a: Ninetales|Ninetales-Alola, F|100/100
|-weather|Hail|[from] ability: Snow Warning|[of] p1a: Ninetales
|turn|17
|c|☆CasualGabberz|lame
|c|☆CasualGabberz|sorry tho
|inactive|CasualGabberz has 120 seconds left.
|
|t:|1629988323
|switch|p2a: Golisopod|Golisopod, F|47/100 tox
|move|p1a: Ninetales|Nasty Plot|p1a: Ninetales
|-boost|p1a: Ninetales|spa|2
|
|-weather|Hail|[upkeep]
|-damage|p2a: Golisopod|41/100 tox|[from] Hail
|-damage|p2a: Golisopod|34/100 tox|[from] psn
|upkeep
|turn|18
|inactive|CasualGabberz has 120 seconds left.
|inactive|CasualGabberz has 90 seconds left.
|
|t:|1629988368
|move|p2a: Golisopod|First Impression|p1a: Ninetales
|-resisted|p1a: Ninetales
|-damage|p1a: Ninetales|62/100
|move|p1a: Ninetales|Blizzard|p2a: Golisopod
|-resisted|p2a: Golisopod
|-damage|p2a: Golisopod|0 fnt
|faint|p2a: Golisopod
|
|-weather|Hail|[upkeep]
|upkeep
|
|t:|1629988374
|switch|p2a: Passimian|Passimian, F|94/100
|-damage|p2a: Passimian|88/100|[from] Stealth Rock
|turn|19
|
|t:|1629988377
|switch|p1a: Crobat|Crobat, M|36/100 brn
|-damage|p1a: Crobat|11/100 brn|[from] Stealth Rock
|move|p2a: Passimian|Close Combat|p1a: Crobat
|-resisted|p1a: Crobat
|-damage|p1a: Crobat|0 fnt
|-unboost|p2a: Passimian|def|1
|-unboost|p2a: Passimian|spd|1
|faint|p1a: Crobat
|
|-weather|Hail|[upkeep]
|-damage|p2a: Passimian|82/100|[from] Hail
|upkeep
|
|t:|1629988381
|switch|p1a: Suicune|Suicune|84/100
|-damage|p1a: Suicune|72/100|[from] Spikes
|-damage|p1a: Suicune|59/100|[from] Stealth Rock
|-ability|p1a: Suicune|Pressure
|turn|20
|
|t:|1629988385
|switch|p2a: Decidueye|Decidueye, F|80/100
|switch|p1a: Steelix|Steelix, M|100/100
|-damage|p1a: Steelix|97/100|[from] Stealth Rock
|-damage|p1a: Steelix|85/100|[from] Spikes
|
|-weather|Hail|[upkeep]
|-damage|p2a: Decidueye|74/100|[from] Hail
|-damage|p1a: Steelix|79/100|[from] Hail
|-heal|p1a: Steelix|85/100|[from] item: Leftovers
|upkeep
|turn|21
|
|t:|1629988397
|move|p2a: Decidueye|Spirit Shackle|p1a: Steelix
|-damage|p1a: Steelix|64/100
|-activate|p1a: Steelix|trapped
|move|p1a: Steelix|Toxic|p2a: Decidueye
|-status|p2a: Decidueye|tox
|
|-weather|none
|-heal|p1a: Steelix|71/100|[from] item: Leftovers
|-damage|p2a: Decidueye|68/100 tox|[from] psn
|upkeep
|turn|22
|
|t:|1629988407
|switch|p2a: Seismitoad|Seismitoad, F|81/100
|-damage|p2a: Seismitoad|75/100|[from] Stealth Rock
|move|p1a: Steelix|Heavy Slam|p2a: Seismitoad
|-resisted|p2a: Seismitoad
|-damage|p2a: Seismitoad|63/100
|
|-heal|p2a: Seismitoad|69/100|[from] item: Leftovers
|-heal|p1a: Steelix|77/100|[from] item: Leftovers
|upkeep
|turn|23
|
|t:|1629988412
|move|p2a: Seismitoad|Earthquake|p1a: Steelix
|-supereffective|p1a: Steelix
|-damage|p1a: Steelix|45/100
|move|p1a: Steelix|Toxic|p2a: Seismitoad|[miss]
|-miss|p1a: Steelix|p2a: Seismitoad
|
|-heal|p2a: Seismitoad|75/100|[from] item: Leftovers
|-heal|p1a: Steelix|51/100|[from] item: Leftovers
|upkeep
|turn|24
|inactive|CasualGabberz has 120 seconds left.
|
|t:|1629988418
|move|p2a: Seismitoad|Earthquake|p1a: Steelix
|-supereffective|p1a: Steelix
|-damage|p1a: Steelix|15/100
|move|p1a: Steelix|Toxic|p2a: Seismitoad|[miss]
|-miss|p1a: Steelix|p2a: Seismitoad
|
|-heal|p2a: Seismitoad|81/100|[from] item: Leftovers
|-heal|p1a: Steelix|21/100|[from] item: Leftovers
|upkeep
|turn|25
|c|☆sensei axew|gg
|-message|sensei axew forfeited.
|
|win|CasualGabberz
|n|☆sensei axew|senseiaxew
|n|☆CasualGabberz|casualgabberz
|n| Shirotoshi|shirotoshi
|n| 85percent|85percent
|n|+Natan@!|natan
