|j|☆Masskeauuu
|j|☆Kabilapok ❄
|inactive|Battle timer is ON: inactive players will automatically lose when time's up.
|t:|1660681326
|gametype|singles
|player|p1|Masskeauuu|leaf-masters|
|player|p2|Kabilapok ❄|1|
|teamsize|p1|6
|teamsize|p2|6
|gen|8
|tier|[Gen 8] RU
|rated|Tournament battle
|rule|Sleep Clause Mod: Limit one foe put to sleep
|rule|Species Clause: Limit one of each Pokémon
|rule|OHKO Clause: OHKO moves are banned
|rule|Evasion Items Clause: Evasion items are banned
|rule|Evasion Moves Clause: Evasion moves are banned
|rule|Endless Battle Clause: Forcing endless battles is banned
|rule|HP Percentage Mod: HP is shown in percentages
|rule|Dynamax Clause: You cannot dynamax
|clearpoke
|poke|p1|Sylveon, F|
|poke|p1|Jellicent, F|
|poke|p1|Xatu, M|
|poke|p1|Lucario, M|
|poke|p1|Nidoqueen, F|
|poke|p1|Celebi|
|poke|p2|Guzzlord|
|poke|p2|Rhyperior, F|
|poke|p2|Bronzong|
|poke|p2|Roserade, F|
|poke|p2|Raikou|
|poke|p2|Crobat, F|
|teampreview
|j| Astreau
|inactive|Masskeauuu has 120 seconds left.
|inactive|Kabilapok ❄ has 120 seconds left.
|
|t:|1660681368
|start
|switch|p1a: Lucario|Lucario, M|100/100
|switch|p2a: Bronzong|Bronzong|100/100
|turn|1
|j| Slow mode touad
|
|t:|1660681380
|switch|p1a: Xatu|Xatu, M|100/100
|move|p2a: Bronzong|Gyro Ball|p1a: Xatu
|-damage|p1a: Xatu|45/100
|-damage|p2a: Bronzong|84/100|[from] item: Rocky Helmet|[of] p1a: Xatu
|
|upkeep
|turn|2
|
|t:|1660681387
|switch|p2a: Guzzlord|Guzzlord|100/100
|move|p1a: Xatu|Roost|p1a: Xatu
|-heal|p1a: Xatu|95/100
|-singleturn|p1a: Xatu|move: Roost
|
|upkeep
|turn|3
|j| SaucissonSacre
|j| G2 Wait2Seconds
|
|t:|1660681415
|switch|p1a: Jellicent|Jellicent, F|100/100
|move|p2a: Guzzlord|Knock Off|p1a: Jellicent
|-supereffective|p1a: Jellicent
|-enditem|p1a: Jellicent|Colbur Berry|[eat]
|-enditem|p1a: Jellicent|Colbur Berry|[weaken]
|-damage|p1a: Jellicent|61/100
|
|upkeep
|turn|4
|
|t:|1660681427
|move|p1a: Jellicent|Scald|p2a: Guzzlord
|-resisted|p2a: Guzzlord
|-damage|p2a: Guzzlord|93/100
|move|p2a: Guzzlord|Toxic|p1a: Jellicent
|-status|p1a: Jellicent|tox
|
|-heal|p2a: Guzzlord|99/100|[from] item: Leftovers
|-damage|p1a: Jellicent|55/100 tox|[from] psn
|upkeep
|turn|5
|j| LaReineLuxray
|inactive|Masskeauuu has 120 seconds left.
|
|t:|1660681443
|switch|p1a: Celebi|Celebi|100/100
|switch|p2a: Bronzong|Bronzong|84/100
|
|upkeep
|turn|6
|
|t:|1660681459
|move|p1a: Celebi|U-turn|p2a: Bronzong
|-damage|p2a: Bronzong|74/100
|
|t:|1660681466
|switch|p1a: Xatu|Xatu, M|95/100|[from]move: U-turn
|move|p2a: Bronzong|Gyro Ball|p1a: Xatu
|-damage|p1a: Xatu|34/100
|-damage|p2a: Bronzong|58/100|[from] item: Rocky Helmet|[of] p1a: Xatu
|
|upkeep
|turn|7
|
|t:|1660681483
|switch|p1a: Lucario|Lucario, M|100/100
|switch|p2a: Rhyperior|Rhyperior, F|100/100
|
|upkeep
|turn|8
|j|@Dragonillis
|c|@Dragonillis|Go Kabilapok !
|inactive|Masskeauuu has 120 seconds left.
|j| Moontalks
|
|t:|1660681508
|switch|p1a: Celebi|Celebi|100/100
|move|p2a: Rhyperior|Earthquake|p1a: Celebi
|-resisted|p1a: Celebi
|-damage|p1a: Celebi|77/100
|
|upkeep
|turn|9
|inactive|Masskeauuu has 120 seconds left.
|
|t:|1660681517
|switch|p2a: Roserade|Roserade, F|100/100
|move|p1a: Celebi|U-turn|p2a: Roserade
|-damage|p2a: Roserade|84/100
|-damage|p1a: Celebi|60/100|[from] item: Rocky Helmet|[of] p2a: Roserade
|inactive|Masskeauuu has 120 seconds left.
|
|t:|1660681524
|switch|p1a: Nidoqueen|Nidoqueen, F|100/100|[from]move: U-turn
|
|upkeep
|turn|10
|inactive|Masskeauuu has 120 seconds left.
|
|t:|1660681535
|move|p1a: Nidoqueen|Stealth Rock|p2a: Roserade
|-sidestart|p2: Kabilapok ❄|move: Stealth Rock
|move|p2a: Roserade|Stun Spore|p1a: Nidoqueen
|-status|p1a: Nidoqueen|par
|
|upkeep
|turn|11
|j|@Menacce17
|j| PokemonCestDur
|
|t:|1660681553
|switch|p2a: Guzzlord|Guzzlord|99/100
|-damage|p2a: Guzzlord|87/100|[from] Stealth Rock
|cant|p1a: Nidoqueen|par
|
|-heal|p2a: Guzzlord|93/100|[from] item: Leftovers
|upkeep
|turn|12
|l| Moontalks
|inactive|Masskeauuu has 120 seconds left.
|c| Astreau|les problèmes
|j|#ironwater
|c| PokemonCestDur|vas y kabi !
|inactive|Masskeauuu has 90 seconds left.
|
|t:|1660681605
|switch|p2a: Crobat|Crobat, F|100/100
|move|p1a: Nidoqueen|Ice Beam|p2a: Crobat
|-supereffective|p2a: Crobat
|-damage|p2a: Crobat|13/100
|
|upkeep
|turn|13
|inactive|Masskeauuu has 90 seconds left.
|inactive|Kabilapok ❄ has 120 seconds left.
|
|t:|1660681623
|move|p2a: Crobat|Defog|p1a: Nidoqueen
|-unboost|p1a: Nidoqueen|evasion|1
|-sideend|p2: Kabilapok ❄|Stealth Rock|[from] move: Defog|[of] p2a: Crobat
|move|p1a: Nidoqueen|Earth Power|p2a: Crobat
|-immune|p2a: Crobat
|
|upkeep
|turn|14
|inactive|Masskeauuu has 90 seconds left.
|
|t:|1660681634
|switch|p2a: Rhyperior|Rhyperior, F|100/100
|move|p1a: Nidoqueen|Earth Power|p2a: Rhyperior
|-supereffective|p2a: Rhyperior
|-damage|p2a: Rhyperior|0 fnt
|faint|p2a: Rhyperior
|
|upkeep
|
|t:|1660681641
|switch|p2a: Guzzlord|Guzzlord|93/100
|turn|15
|
|t:|1660681647
|move|p1a: Nidoqueen|Ice Beam|p2a: Guzzlord
|-supereffective|p2a: Guzzlord
|-damage|p2a: Guzzlord|37/100
|move|p2a: Guzzlord|Knock Off|p1a: Nidoqueen
|-damage|p1a: Nidoqueen|43/100 par
|-enditem|p1a: Nidoqueen|Life Orb|[from] move: Knock Off|[of] p2a: Guzzlord
|
|-heal|p2a: Guzzlord|43/100|[from] item: Leftovers
|upkeep
|turn|16
|inactive|Masskeauuu has 90 seconds left.
|inactive|Kabilapok ❄ has 120 seconds left.
|inactive|Kabilapok ❄ has 90 seconds left.
|
|t:|1660681727
|switch|p2a: Bronzong|Bronzong|58/100
|move|p1a: Nidoqueen|Stealth Rock|p2a: Bronzong
|-sidestart|p2: Kabilapok ❄|move: Stealth Rock
|
|upkeep
|turn|17
|
|t:|1660681734
|switch|p1a: Jellicent|Jellicent, F|55/100 tox
|move|p2a: Bronzong|Gyro Ball|p1a: Jellicent
|-resisted|p1a: Jellicent
|-damage|p1a: Jellicent|43/100 tox
|
|-damage|p1a: Jellicent|37/100 tox|[from] psn
|upkeep
|turn|18
|inactive|Masskeauuu has 90 seconds left.
|inactive|Kabilapok ❄ has 60 seconds left.
|inactive|Masskeauuu has 60 seconds left.
|inactive|Kabilapok ❄ has 30 seconds left.
|inactive|Kabilapok ❄ has 20 seconds left.
|
|t:|1660681818
|switch|p1a: Lucario|Lucario, M|100/100
|switch|p2a: Raikou|Raikou|100/100
|-damage|p2a: Raikou|88/100|[from] Stealth Rock
|-ability|p2a: Raikou|Pressure
|
|-heal|p2a: Raikou|94/100|[from] item: Leftovers
|upkeep
|turn|19
|inactive|Kabilapok ❄ has 30 seconds left this turn.
|inactive|Kabilapok ❄ has 20 seconds left.
|inactive|Kabilapok ❄ has 15 seconds left.
|inactive|Masskeauuu has 30 seconds left.
|inactive|Kabilapok ❄ has 10 seconds left.
|inactive|Masskeauuu has 20 seconds left.
|
|t:|1660681852
|switch|p1a: Celebi|Celebi|60/100
|switch|p2a: Guzzlord|Guzzlord|43/100
|-damage|p2a: Guzzlord|30/100|[from] Stealth Rock
|
|-heal|p2a: Guzzlord|37/100|[from] item: Leftovers
|upkeep
|turn|20
|inactive|Masskeauuu has 30 seconds left this turn.
|inactive|Kabilapok ❄ has 20 seconds left this turn.
|inactive|Kabilapok ❄ has 15 seconds left.
|
|t:|1660681859
|move|p1a: Celebi|U-turn|p2a: Guzzlord
|-supereffective|p2a: Guzzlord
|-damage|p2a: Guzzlord|7/100
|inactive|Kabilapok ❄ has 20 seconds left this turn.
|inactive|Masskeauuu has 30 seconds left.
|
|t:|1660681873
|switch|p1a: Nidoqueen|Nidoqueen, F|43/100 par|[from]move: U-turn
|move|p2a: Guzzlord|Knock Off|p1a: Nidoqueen
|-damage|p1a: Nidoqueen|7/100 par
|
|-heal|p2a: Guzzlord|13/100|[from] item: Leftovers
|upkeep
|turn|21
|inactive|Kabilapok ❄ has 30 seconds left this turn.
|inactive|Masskeauuu has 30 seconds left.
|
|t:|1660681880
|switch|p2a: Bronzong|Bronzong|58/100
|-damage|p2a: Bronzong|51/100|[from] Stealth Rock
|cant|p1a: Nidoqueen|par
|
|upkeep
|turn|22
|j| Nultiprise
|inactive|Masskeauuu has 30 seconds left.
|
|t:|1660681890
|move|p1a: Nidoqueen|Ice Beam|p2a: Bronzong
|-resisted|p2a: Bronzong
|-damage|p2a: Bronzong|39/100
|move|p2a: Bronzong|Stealth Rock|p1a: Nidoqueen
|-sidestart|p1: Masskeauuu|move: Stealth Rock
|
|upkeep
|turn|23
|
|t:|1660681903
|switch|p2a: Guzzlord|Guzzlord|13/100
|-damage|p2a: Guzzlord|1/100|[from] Stealth Rock
|move|p1a: Nidoqueen|Earth Power|p2a: Guzzlord
|-damage|p2a: Guzzlord|0 fnt
|faint|p2a: Guzzlord
|
|upkeep
|
|t:|1660681906
|switch|p2a: Crobat|Crobat, F|13/100
|turn|24
|
|t:|1660681915
|move|p2a: Crobat|U-turn|p1a: Nidoqueen
|-resisted|p1a: Nidoqueen
|-damage|p1a: Nidoqueen|0 fnt
|faint|p1a: Nidoqueen
|
|t:|1660681917
|switch|p2a: Roserade|Roserade, F|84/100|[from]move: U-turn
|-damage|p2a: Roserade|71/100|[from] Stealth Rock
|
|upkeep
|j|@Givra no bi ☯
|
|t:|1660681925
|switch|p1a: Celebi|Celebi|60/100
|turn|25
|inactive|Kabilapok ❄ has 60 seconds left.
|j| tf
|
|t:|1660681941
|move|p1a: Celebi|Psychic|p2a: Roserade
|-supereffective|p2a: Roserade
|-damage|p2a: Roserade|7/100
|move|p2a: Roserade|Synthesis|p2a: Roserade
|-heal|p2a: Roserade|57/100
|
|upkeep
|turn|26
|j| Keblar
|inactive|Masskeauuu has 60 seconds left.
|
|t:|1660681957
|switch|p2a: Crobat|Crobat, F|13/100
|move|p1a: Celebi|Psychic|p2a: Crobat
|-supereffective|p2a: Crobat
|-damage|p2a: Crobat|0 fnt
|faint|p2a: Crobat
|
|upkeep
|
|t:|1660681961
|switch|p2a: Raikou|Raikou|94/100
|-damage|p2a: Raikou|82/100|[from] Stealth Rock
|-ability|p2a: Raikou|Pressure
|turn|27
|inactive|Masskeauuu has 60 seconds left.
|j| Micciu20250
|inactive|Masskeauuu has 30 seconds left.
|
|t:|1660681999
|move|p2a: Raikou|Calm Mind|p2a: Raikou
|-boost|p2a: Raikou|spa|1
|-boost|p2a: Raikou|spd|1
|move|p1a: Celebi|U-turn|p2a: Raikou
|-damage|p2a: Raikou|61/100
|inactive|Masskeauuu has 30 seconds left.
|
|t:|1660682005
|switch|p1a: Lucario|Lucario, M|100/100|[from]move: U-turn
|-damage|p1a: Lucario|98/100|[from] Stealth Rock
|
|-heal|p2a: Raikou|67/100|[from] item: Leftovers
|upkeep
|turn|28
|
|t:|1660682011
|move|p2a: Raikou|Protect|p2a: Raikou
|-singleturn|p2a: Raikou|Protect
|move|p1a: Lucario|Close Combat|p2a: Raikou
|-activate|p2a: Raikou|move: Protect
|
|-heal|p2a: Raikou|74/100|[from] item: Leftovers
|upkeep
|turn|29
|
|t:|1660682024
|move|p1a: Lucario|Close Combat|p2a: Raikou
|-damage|p2a: Raikou|2/100
|-unboost|p1a: Lucario|def|1
|-unboost|p1a: Lucario|spd|1
|move|p2a: Raikou|Thunderbolt|p1a: Lucario
|-damage|p1a: Lucario|0 fnt
|faint|p1a: Lucario
|
|-heal|p2a: Raikou|8/100|[from] item: Leftovers
|upkeep
|
|t:|1660682031
|switch|p1a: Sylveon|Sylveon, F|100/100
|-damage|p1a: Sylveon|88/100|[from] Stealth Rock
|turn|30
|
|t:|1660682045
|move|p2a: Raikou|Protect|p2a: Raikou
|-singleturn|p2a: Raikou|Protect
|move|p1a: Sylveon|Mystical Fire|p2a: Raikou
|-activate|p2a: Raikou|move: Protect
|
|-heal|p2a: Raikou|14/100|[from] item: Leftovers
|upkeep
|turn|31
|inactive|Kabilapok ❄ has 90 seconds left.
|
|t:|1660682076
|switch|p2a: Roserade|Roserade, F|57/100
|-damage|p2a: Roserade|44/100|[from] Stealth Rock
|move|p1a: Sylveon|Mystical Fire|p2a: Roserade
|-supereffective|p2a: Roserade
|-damage|p2a: Roserade|0 fnt
|faint|p2a: Roserade
|
|upkeep
|
|t:|1660682079
|switch|p2a: Bronzong|Bronzong|39/100
|-damage|p2a: Bronzong|32/100|[from] Stealth Rock
|turn|32
|inactive|Masskeauuu has 60 seconds left.
|j| Scavet
|
|t:|1660682100
|switch|p1a: Xatu|Xatu, M|34/100
|-damage|p1a: Xatu|9/100|[from] Stealth Rock
|move|p2a: Bronzong|Trick|p1a: Xatu
|-activate|p2a: Bronzong|move: Trick|[of] p1a: Xatu
|-item|p1a: Xatu|Choice Band|[from] move: Trick
|-item|p2a: Bronzong|Rocky Helmet|[from] move: Trick
|
|upkeep
|turn|33
|inactive|Kabilapok ❄ has 90 seconds left.
|
|t:|1660682130
|move|p1a: Xatu|Psychic|p2a: Bronzong
|-resisted|p2a: Bronzong
|-damage|p2a: Bronzong|26/100
|move|p2a: Bronzong|Stealth Rock|p1a: Xatu
|move|p1a: Xatu|Stealth Rock||[from]ability: Magic Bounce|[still]
|-fail|p1a: Xatu
|
|upkeep
|turn|34
|l| Scavet
|j| Scavet
|
|t:|1660682148
|move|p1a: Xatu|Psychic|p2a: Bronzong
|-resisted|p2a: Bronzong
|-damage|p2a: Bronzong|19/100
|move|p2a: Bronzong|Psychic|p1a: Xatu
|-resisted|p1a: Xatu
|-damage|p1a: Xatu|0 fnt
|faint|p1a: Xatu
|
|upkeep
|
|t:|1660682159
|switch|p1a: Sylveon|Sylveon, F|88/100
|-damage|p1a: Sylveon|76/100|[from] Stealth Rock
|turn|35
|
|t:|1660682169
|move|p1a: Sylveon|Hyper Voice|p2a: Bronzong
|-resisted|p2a: Bronzong
|-crit|p2a: Bronzong
|-damage|p2a: Bronzong|0 fnt
|faint|p2a: Bronzong
|
|upkeep
|inactive|Kabilapok ❄ has 90 seconds left.
|
|t:|1660682188
|switch|p2a: Raikou|Raikou|14/100
|-damage|p2a: Raikou|2/100|[from] Stealth Rock
|-ability|p2a: Raikou|Pressure
|turn|36
|
|t:|1660682190
|move|p2a: Raikou|Thunderbolt|p1a: Sylveon
|-damage|p1a: Sylveon|38/100
|move|p1a: Sylveon|Hyper Voice|p2a: Raikou
|-damage|p2a: Raikou|0 fnt
|faint|p2a: Raikou
|
|win|Masskeauuu
|n|☆Masskeauuu|masskeauuu
|n|☆Kabilapok ❄|kabilapok
|n| Astreau|astreau
|n| Slow mode touad|slowmodetouad
|n| SaucissonSacre|saucissonsacre
|n| G2 Wait2Seconds|g2wait2seconds
|n| LaReineLuxray|lareineluxray
|n|+Dragonillis|dragonillis
|n| Menacce17|menacce17
|n| PokemonCestDur|pokemoncestdur
|n|@ironwater|ironwater
|n| Nultiprise|nultiprise
|n| Givra no bi ☯|givranobi
|n| tf|tf
|n| Keblar|keblar
|n| Micciu20250|micciu20250
|n| Scavet|scavet
|l|☆Kabilapok ❄
|l|☆Masskeauuu
|l|@ironwater
|l| Keblar
|l| Astreau
|l| Nultiprise
|l| LaReineLuxray
|l| SaucissonSacre
|l| Scavet
|j|☆Kabilapok ❄
|player|p2|Kabilapok ❄|1
|l| Givra no bi ☯
|l|+Dragonillis
|l| tf
|l| Menacce17
|l| PokemonCestDur
|l|☆Kabilapok ❄
|player|p2|
|l| Micciu20250
|j|☆Kabilapok ❄
|player|p2|Kabilapok ❄|1
