|j|☆Retro assassin
|j|☆RULT4pm Aqua
|inactive|Battle timer is ON: inactive players will automatically lose when time's up.
|t:|1598921864
|player|p1|Retro assassin|iris-gen5bw2|
|player|p2|RULT4pm Aqua|265|
|teamsize|p1|6
|teamsize|p2|6
|gametype|singles
|gen|8
|tier|[Gen 8] RU
|rated|Tournament battle
|clearpoke
|poke|p1|Gigalith, F|
|poke|p1|Sandslash, F|
|poke|p1|Lycanroc, F|
|poke|p1|Gastrodon, M|
|poke|p1|Golurk|
|poke|p1|Centiskorch, F|
|poke|p2|Slowbro-Galar, F|
|poke|p2|Quagsire, M|
|poke|p2|Eldegoss, M|
|poke|p2|Mantine, M|
|poke|p2|Umbreon, M|
|poke|p2|Bronzong|
|rule|Sleep Clause Mod: Limit one foe put to sleep
|rule|Species Clause: Limit one of each Pokémon
|rule|OHKO Clause: OHKO moves are banned
|rule|Evasion Moves Clause: Evasion moves are banned
|rule|Endless Battle Clause: Forcing endless battles is banned
|rule|HP Percentage Mod: HP is shown in percentages
|rule|Dynamax Clause: You cannot dynamax
|teampreview
|inactive|Retro assassin also wants the timer to be on.
|c|☆RULT4pm Aqua|gl hf
|c|☆Retro assassin|Time to get le cancerd on
|j|%bebo
|
|t:|1598921881
|start
|switch|p1a: Gastrodon|Gastrodon, M|100/100
|switch|p2a: Slowbro|Slowbro-Galar, F|100/100
|turn|1
|
|t:|1598921899
|switch|p2a: Eldegoss|Eldegoss, M|100/100
|move|p1a: Gastrodon|Earth Power|p2a: Eldegoss
|-resisted|p2a: Eldegoss
|-damage|p2a: Eldegoss|88/100
|
|upkeep
|turn|2
|
|t:|1598921905
|switch|p1a: Centiskorch|Centiskorch, F|100/100
|move|p2a: Eldegoss|Giga Drain|p1a: Centiskorch
|-resisted|p1a: Centiskorch
|-damage|p1a: Centiskorch|96/100
|-heal|p2a: Eldegoss|90/100|[from] drain|[of] p1a: Centiskorch
|
|upkeep
|turn|3
|
|t:|1598921909
|switch|p2a: Slowbro|Slowbro-Galar, F|100/100
|move|p1a: Centiskorch|Knock Off|p2a: Slowbro
|-supereffective|p2a: Slowbro
|-crit|p2a: Slowbro
|-damage|p2a: Slowbro|36/100
|-enditem|p2a: Slowbro|Black Sludge|[from] move: Knock Off|[of] p1a: Centiskorch
|
|upkeep
|turn|4
|c|☆RULT4pm Aqua|u can just win like that
|j|+Oathkeepre
|inactive|RULT4pm Aqua has 120 seconds left.
|j|@CryoGyro
|c|☆Retro assassin|Hm
|
|t:|1598921958
|move|p1a: Centiskorch|Leech Life|p2a: Slowbro
|-damage|p2a: Slowbro|9/100
|-heal|p1a: Centiskorch|100/100|[from] drain|[of] p2a: Slowbro
|move|p2a: Slowbro|Sludge Bomb|p1a: Centiskorch
|-damage|p1a: Centiskorch|71/100
|
|upkeep
|turn|5
|
|t:|1598921967
|switch|p2a: Mantine|Mantine, M|100/100
|move|p1a: Centiskorch|Leech Life|p2a: Mantine
|-resisted|p2a: Mantine
|-damage|p2a: Mantine|84/100
|-heal|p1a: Centiskorch|79/100|[from] drain|[of] p2a: Mantine
|
|upkeep
|turn|6
|
|t:|1598921974
|switch|p1a: Gastrodon|Gastrodon, M|100/100
|move|p2a: Mantine|Scald|p1a: Gastrodon
|-ability|p1a: Gastrodon|Storm Drain|boost
|-boost|p1a: Gastrodon|spa|1
|
|upkeep
|turn|7
|
|t:|1598921981
|switch|p2a: Eldegoss|Eldegoss, M|100/100
|move|p1a: Gastrodon|Toxic|p2a: Eldegoss
|-status|p2a: Eldegoss|tox
|
|-damage|p2a: Eldegoss|94/100 tox|[from] psn
|upkeep
|turn|8
|
|t:|1598921986
|switch|p1a: Centiskorch|Centiskorch, F|79/100
|move|p2a: Eldegoss|Giga Drain|p1a: Centiskorch
|-resisted|p1a: Centiskorch
|-damage|p1a: Centiskorch|75/100
|-heal|p2a: Eldegoss|97/100 tox|[from] drain|[of] p1a: Centiskorch
|
|-damage|p2a: Eldegoss|85/100 tox|[from] psn
|upkeep
|turn|9
|j| sinisbee
|
|t:|1598921993
|switch|p2a: Mantine|Mantine, M|84/100
|move|p1a: Centiskorch|Knock Off|p2a: Mantine
|-damage|p2a: Mantine|54/100
|-enditem|p2a: Mantine|Heavy-Duty Boots|[from] move: Knock Off|[of] p1a: Centiskorch
|
|upkeep
|turn|10
|c|☆RULT4pm Aqua|centi just wins ngl
|
|t:|1598922008
|switch|p1a: Gastrodon|Gastrodon, M|100/100
|move|p2a: Mantine|Roost|p2a: Mantine
|-heal|p2a: Mantine|100/100
|-singleturn|p2a: Mantine|move: Roost
|
|upkeep
|turn|11
|
|t:|1598922014
|switch|p2a: Eldegoss|Eldegoss, M|100/100 tox
|move|p1a: Gastrodon|Toxic|p2a: Eldegoss
|-fail|p2a: Eldegoss|tox
|
|-damage|p2a: Eldegoss|94/100 tox|[from] psn
|upkeep
|turn|12
|
|t:|1598922018
|switch|p2a: Mantine|Mantine, M|100/100
|switch|p1a: Centiskorch|Centiskorch, F|75/100
|
|upkeep
|turn|13
|
|t:|1598922022
|switch|p1a: Gastrodon|Gastrodon, M|100/100
|move|p2a: Mantine|Scald|p1a: Gastrodon
|-ability|p1a: Gastrodon|Storm Drain|boost
|-boost|p1a: Gastrodon|spa|1
|
|upkeep
|turn|14
|
|t:|1598922029
|switch|p2a: Eldegoss|Eldegoss, M|100/100 tox
|move|p1a: Gastrodon|Toxic|p2a: Eldegoss
|-fail|p2a: Eldegoss|tox
|
|-damage|p2a: Eldegoss|94/100 tox|[from] psn
|upkeep
|turn|15
|
|t:|1598922032
|switch|p1a: Centiskorch|Centiskorch, F|75/100
|move|p2a: Eldegoss|Giga Drain|p1a: Centiskorch
|-resisted|p1a: Centiskorch
|-damage|p1a: Centiskorch|70/100
|-heal|p2a: Eldegoss|97/100 tox|[from] drain|[of] p1a: Centiskorch
|
|-damage|p2a: Eldegoss|85/100 tox|[from] psn
|upkeep
|turn|16
|
|t:|1598922037
|switch|p2a: Mantine|Mantine, M|100/100
|move|p1a: Centiskorch|Power Whip|p2a: Mantine
|-damage|p2a: Mantine|69/100
|
|upkeep
|turn|17
|
|t:|1598922048
|switch|p1a: Gigalith|Gigalith, F, shiny|100/100
|-weather|Sandstorm|[from] ability: Sand Stream|[of] p1a: Gigalith
|move|p2a: Mantine|Scald|p1a: Gigalith
|-supereffective|p1a: Gigalith
|-damage|p1a: Gigalith|68/100
|-status|p1a: Gigalith|brn
|
|-weather|Sandstorm|[upkeep]
|-damage|p2a: Mantine|62/100|[from] Sandstorm
|-damage|p1a: Gigalith|62/100 brn|[from] brn
|upkeep
|turn|18
|
|t:|1598922057
|switch|p2a: Eldegoss|Eldegoss, M|100/100 tox
|move|p1a: Gigalith|Stealth Rock|p2a: Eldegoss
|-sidestart|p2: RULT4pm Aqua|move: Stealth Rock
|
|-weather|Sandstorm|[upkeep]
|-damage|p2a: Eldegoss|94/100 tox|[from] Sandstorm
|-damage|p2a: Eldegoss|88/100 tox|[from] psn
|-damage|p1a: Gigalith|56/100 brn|[from] brn
|upkeep
|turn|19
|
|t:|1598922059
|move|p2a: Eldegoss|Rapid Spin|p1a: Gigalith
|-resisted|p1a: Gigalith
|-damage|p1a: Gigalith|54/100 brn
|-boost|p2a: Eldegoss|spe|1
|-sideend|p2: RULT4pm Aqua|Stealth Rock|[from] move: Rapid Spin|[of] p2a: Eldegoss
|move|p1a: Gigalith|Explosion|p2a: Eldegoss
|-damage|p2a: Eldegoss|47/100 tox
|faint|p1a: Gigalith
|
|-weather|Sandstorm|[upkeep]
|-damage|p2a: Eldegoss|41/100 tox|[from] Sandstorm
|-damage|p2a: Eldegoss|29/100 tox|[from] psn
|upkeep
|c|☆RULT4pm Aqua|ok
|c|☆RULT4pm Aqua|im fkd
|
|t:|1598922067
|switch|p1a: Sandslash|Sandslash, F, shiny|100/100
|turn|20
|
|t:|1598922071
|switch|p2a: Quagsire|Quagsire, M|100/100
|move|p1a: Sandslash|Knock Off|p2a: Quagsire
|-damage|p2a: Quagsire|73/100
|-enditem|p2a: Quagsire|Leftovers|[from] move: Knock Off|[of] p1a: Sandslash
|-damage|p1a: Sandslash|91/100|[from] item: Life Orb
|
|-weather|Sandstorm|[upkeep]
|upkeep
|turn|21
|
|t:|1598922083
|switch|p1a: Gastrodon|Gastrodon, M|100/100
|move|p2a: Quagsire|Toxic|p1a: Gastrodon
|-status|p1a: Gastrodon|tox
|
|-weather|Sandstorm|[upkeep]
|-damage|p1a: Gastrodon|94/100 tox|[from] psn
|upkeep
|turn|22
|
|t:|1598922093
|switch|p1a: Centiskorch|Centiskorch, F|70/100
|switch|p2a: Eldegoss|Eldegoss, M|62/100 tox
|
|-weather|Sandstorm|[upkeep]
|-damage|p1a: Centiskorch|64/100|[from] Sandstorm
|-damage|p2a: Eldegoss|56/100 tox|[from] Sandstorm
|-damage|p2a: Eldegoss|50/100 tox|[from] psn
|upkeep
|turn|23
|
|t:|1598922100
|switch|p2a: Slowbro|Slowbro-Galar, F|42/100
|move|p1a: Centiskorch|Power Whip|p2a: Slowbro|[miss]
|-miss|p1a: Centiskorch|p2a: Slowbro
|
|-weather|Sandstorm|[upkeep]
|-damage|p1a: Centiskorch|58/100|[from] Sandstorm
|-damage|p2a: Slowbro|36/100|[from] Sandstorm
|upkeep
|turn|24
|
|t:|1598922105
|move|p1a: Centiskorch|Knock Off|p2a: Slowbro
|-supereffective|p2a: Slowbro
|-damage|p2a: Slowbro|5/100
|move|p2a: Slowbro|Slack Off|p2a: Slowbro
|-heal|p2a: Slowbro|55/100
|
|-weather|none
|upkeep
|turn|25
|
|t:|1598922108
|move|p1a: Centiskorch|Leech Life|p2a: Slowbro
|-damage|p2a: Slowbro|26/100
|-heal|p1a: Centiskorch|72/100|[from] drain|[of] p2a: Slowbro
|move|p2a: Slowbro|Slack Off|p2a: Slowbro
|-heal|p2a: Slowbro|76/100
|
|upkeep
|turn|26
|
|t:|1598922113
|move|p1a: Centiskorch|Leech Life|p2a: Slowbro
|-damage|p2a: Slowbro|49/100
|-heal|p1a: Centiskorch|85/100|[from] drain|[of] p2a: Slowbro
|move|p2a: Slowbro|Sludge Bomb|p1a: Centiskorch
|-damage|p1a: Centiskorch|55/100
|-status|p1a: Centiskorch|psn
|
|-damage|p1a: Centiskorch|42/100 psn|[from] psn
|upkeep
|turn|27
|c|☆RULT4pm Aqua|YOOOP
|
|t:|1598922122
|move|p1a: Centiskorch|Knock Off|p2a: Slowbro
|-supereffective|p2a: Slowbro
|-damage|p2a: Slowbro|20/100
|move|p2a: Slowbro|Slack Off|p2a: Slowbro
|-heal|p2a: Slowbro|70/100
|
|-damage|p1a: Centiskorch|30/100 psn|[from] psn
|upkeep
|turn|28
|
|t:|1598922131
|switch|p1a: Lycanroc|Lycanroc, F, shiny|100/100
|move|p2a: Slowbro|Sludge Bomb|p1a: Lycanroc
|-resisted|p1a: Lycanroc
|-damage|p1a: Lycanroc|77/100
|
|upkeep
|turn|29
|c|☆RULT4pm Aqua|do u not have fire lash?
|
|t:|1598922140
|switch|p2a: Bronzong|Bronzong|100/100
|move|p1a: Lycanroc|Swords Dance|p1a: Lycanroc
|-boost|p1a: Lycanroc|atk|2
|
|upkeep
|turn|30
|
|t:|1598922146
|move|p1a: Lycanroc|Close Combat|p2a: Bronzong
|-damage|p2a: Bronzong|11/100
|-unboost|p1a: Lycanroc|def|1
|-unboost|p1a: Lycanroc|spd|1
|-damage|p1a: Lycanroc|67/100|[from] item: Life Orb
|move|p2a: Bronzong|Stealth Rock|p1a: Lycanroc
|-sidestart|p1: Retro assassin|move: Stealth Rock
|
|-heal|p2a: Bronzong|17/100|[from] item: Leftovers
|upkeep
|turn|31
|
|t:|1598922151
|move|p1a: Lycanroc|Close Combat|p2a: Bronzong
|-damage|p2a: Bronzong|0 fnt
|-unboost|p1a: Lycanroc|def|1
|-unboost|p1a: Lycanroc|spd|1
|-damage|p1a: Lycanroc|57/100|[from] item: Life Orb
|faint|p2a: Bronzong
|
|upkeep
|
|t:|1598922154
|switch|p2a: Quagsire|Quagsire, M|73/100
|turn|32
|
|t:|1598922158
|move|p1a: Lycanroc|Close Combat|p2a: Quagsire
|-damage|p2a: Quagsire|36/100
|-unboost|p1a: Lycanroc|def|1
|-unboost|p1a: Lycanroc|spd|1
|-damage|p1a: Lycanroc|47/100|[from] item: Life Orb
|move|p2a: Quagsire|Recover|p2a: Quagsire
|-heal|p2a: Quagsire|86/100
|
|upkeep
|turn|33
|c|☆Retro assassin|Welp
|
|t:|1598922170
|switch|p1a: Centiskorch|Centiskorch, F|30/100 psn
|move|p2a: Quagsire|Recover|p2a: Quagsire
|-heal|p2a: Quagsire|100/100
|
|-damage|p1a: Centiskorch|18/100 psn|[from] psn
|upkeep
|turn|34
|c|☆RULT4pm Aqua|thats a gg
|c|☆RULT4pm Aqua|guys
|
|t:|1598922186
|switch|p2a: Slowbro|Slowbro-Galar, F|100/100
|move|p1a: Centiskorch|Leech Life|p2a: Slowbro
|-damage|p2a: Slowbro|72/100
|-heal|p1a: Centiskorch|32/100 psn|[from] drain|[of] p2a: Slowbro
|
|-damage|p1a: Centiskorch|19/100 psn|[from] psn
|upkeep
|turn|35
|c|☆Retro assassin|This sucks
|
|t:|1598922196
|move|p1a: Centiskorch|Knock Off|p2a: Slowbro
|-supereffective|p2a: Slowbro
|-damage|p2a: Slowbro|41/100
|move|p2a: Slowbro|Sludge Bomb|p1a: Centiskorch
|-damage|p1a: Centiskorch|0 fnt
|faint|p1a: Centiskorch
|
|upkeep
|c|☆RULT4pm Aqua|yeah'
|
|t:|1598922202
|switch|p1a: Golurk|Golurk, shiny|100/100
|-damage|p1a: Golurk|94/100|[from] Stealth Rock
|turn|36
|c|☆RULT4pm Aqua|:/
|
|t:|1598922209
|switch|p2a: Umbreon|Umbreon, M|100/100
|move|p1a: Golurk|Rock Polish|p1a: Golurk
|-boost|p1a: Golurk|spe|2
|
|-heal|p1a: Golurk|100/100|[from] item: Leftovers
|upkeep
|turn|37
|c|☆RULT4pm Aqua|dont
|
|t:|1598922216
|move|p1a: Golurk|Dynamic Punch|p2a: Umbreon
|-supereffective|p2a: Umbreon
|-damage|p2a: Umbreon|36/100
|-start|p2a: Umbreon|confusion
|-activate|p2a: Umbreon|confusion
|-damage|p2a: Umbreon|32/100|[from] confusion
|
|-heal|p2a: Umbreon|38/100|[from] item: Leftovers
|upkeep
|turn|38
|c|☆RULT4pm Aqua|just dont
|c|☆RULT4pm Aqua|welp
|c|☆RULT4pm Aqua|the 1 thing i wanted happened
|
|t:|1598922229
|move|p1a: Golurk|Dynamic Punch|p2a: Umbreon
|-supereffective|p2a: Umbreon
|-damage|p2a: Umbreon|0 fnt
|faint|p2a: Umbreon
|
|upkeep
|
|t:|1598922231
|switch|p2a: Eldegoss|Eldegoss, M|83/100 tox
|turn|39
|
|t:|1598922234
|move|p1a: Golurk|Poltergeist||[still]
|-fail|p1a: Golurk
|move|p2a: Eldegoss|Giga Drain|p1a: Golurk
|-supereffective|p1a: Golurk
|-damage|p1a: Golurk|50/100
|-heal|p2a: Eldegoss|100/100 tox|[from] drain|[of] p1a: Golurk
|
|-heal|p1a: Golurk|56/100|[from] item: Leftovers
|-damage|p2a: Eldegoss|94/100 tox|[from] psn
|upkeep
|turn|40
|
|t:|1598922241
|move|p1a: Golurk|Dynamic Punch|p2a: Eldegoss
|-damage|p2a: Eldegoss|61/100 tox
|-start|p2a: Eldegoss|confusion
|-activate|p2a: Eldegoss|confusion
|move|p2a: Eldegoss|Giga Drain|p1a: Golurk
|-supereffective|p1a: Golurk
|-damage|p1a: Golurk|9/100
|-heal|p2a: Eldegoss|89/100 tox|[from] drain|[of] p1a: Golurk
|
|-heal|p1a: Golurk|15/100|[from] item: Leftovers
|-damage|p2a: Eldegoss|77/100 tox|[from] psn
|upkeep
|turn|41
|c|☆RULT4pm Aqua|MUAHAHAHAHH
|
|t:|1598922249
|move|p1a: Golurk|Dynamic Punch|p2a: Eldegoss
|-damage|p2a: Eldegoss|43/100 tox
|-end|p2a: Eldegoss|confusion
|move|p2a: Eldegoss|Giga Drain|p1a: Golurk
|-supereffective|p1a: Golurk
|-damage|p1a: Golurk|0 fnt
|-heal|p2a: Eldegoss|52/100 tox|[from] drain|[of] p1a: Golurk
|faint|p1a: Golurk
|
|-damage|p2a: Eldegoss|34/100 tox|[from] psn
|upkeep
|
|t:|1598922258
|switch|p1a: Gastrodon|Gastrodon, M|94/100 tox
|-damage|p1a: Gastrodon|88/100 tox|[from] Stealth Rock
|turn|42
|c|☆Retro assassin|Welp
|c|☆Retro assassin|This
|c|☆Retro assassin|Just
|c|☆Retro assassin|Welp
|l|@CryoGyro
|
|t:|1598922283
|move|p2a: Eldegoss|Giga Drain|p1a: Gastrodon
|-supereffective|p1a: Gastrodon
|-damage|p1a: Gastrodon|6/100 tox
|-heal|p2a: Eldegoss|88/100 tox|[from] drain|[of] p1a: Gastrodon
|move|p1a: Gastrodon|Earth Power|p2a: Eldegoss
|-resisted|p2a: Eldegoss
|-damage|p2a: Eldegoss|77/100 tox
|
|-heal|p1a: Gastrodon|12/100 tox|[from] item: Leftovers
|-damage|p2a: Eldegoss|52/100 tox|[from] psn
|-damage|p1a: Gastrodon|6/100 tox|[from] psn
|upkeep
|turn|43
|c|☆RULT4pm Aqua|pog moment
|
|t:|1598922289
|move|p2a: Eldegoss|Giga Drain|p1a: Gastrodon
|-supereffective|p1a: Gastrodon
|-damage|p1a: Gastrodon|0 fnt
|-heal|p2a: Eldegoss|55/100 tox|[from] drain|[of] p1a: Gastrodon
|faint|p1a: Gastrodon
|
|-damage|p2a: Eldegoss|25/100 tox|[from] psn
|upkeep
|
|t:|1598922294
|switch|p1a: Sandslash|Sandslash, F, shiny|91/100
|-damage|p1a: Sandslash|84/100|[from] Stealth Rock
|turn|44
|
|t:|1598922297
|move|p1a: Sandslash|Knock Off|p2a: Eldegoss
|-damage|p2a: Eldegoss|2/100 tox
|-damage|p1a: Sandslash|74/100|[from] item: Life Orb
|move|p2a: Eldegoss|Giga Drain|p1a: Sandslash
|-supereffective|p1a: Sandslash
|-damage|p1a: Sandslash|0 fnt
|-heal|p2a: Eldegoss|35/100 tox|[from] drain|[of] p1a: Sandslash
|faint|p1a: Sandslash
|
|-damage|p2a: Eldegoss|0 fnt|[from] psn
|faint|p2a: Eldegoss
|upkeep
|j| Crow Music
|c|☆Retro assassin|Hiw
|j|#EviGaro
|
|t:|1598922313
|switch|p1a: Lycanroc|Lycanroc, F, shiny|47/100
|switch|p2a: Mantine|Mantine, M|62/100
|-damage|p1a: Lycanroc|35/100|[from] Stealth Rock
|turn|45
|l| Crow Music
|
|t:|1598922318
|move|p1a: Lycanroc|Stone Edge|p2a: Mantine
|-supereffective|p2a: Mantine
|-damage|p2a: Mantine|0 fnt
|-damage|p1a: Lycanroc|25/100|[from] item: Life Orb
|faint|p2a: Mantine
|
|upkeep
|c|☆RULT4pm Aqua|no item
|
|t:|1598922324
|switch|p2a: Quagsire|Quagsire, M|100/100
|turn|46
|c|☆Retro assassin|Welp i was close
|c|☆RULT4pm Aqua|eh
|
|t:|1598922329
|move|p1a: Lycanroc|Close Combat|p2a: Quagsire
|-damage|p2a: Quagsire|65/100
|-unboost|p1a: Lycanroc|def|1
|-unboost|p1a: Lycanroc|spd|1
|-damage|p1a: Lycanroc|15/100|[from] item: Life Orb
|move|p2a: Quagsire|Earthquake|p1a: Lycanroc
|-supereffective|p1a: Lycanroc
|-damage|p1a: Lycanroc|0 fnt
|faint|p1a: Lycanroc
|
|win|RULT4pm Aqua
|l|%EviGaro
|c|☆RULT4pm Aqua|gg
|l|☆RULT4pm Aqua
|c|☆Retro assassin|Gg
|l|☆Retro assassin
|l| Oathkeepre
|j| hark to the melody
|l| hark to the melody
|l| sinisbee
|j|☆Retro assassin
|player|p1|Retro assassin|iris-gen5bw2
