|j|☆wobbleleez
|j|☆epicowl10
|t:|1631585833
|gametype|singles
|player|p1|wobbleleez|janitor|1180
|player|p2|epicowl10|lucas|1396
|teamsize|p1|6
|teamsize|p2|6
|gen|8
|tier|[Gen 8] RU
|rated|
|rule|Sleep Clause Mod: Limit one foe put to sleep
|rule|Species Clause: Limit one of each Pokémon
|rule|OHKO Clause: OHKO moves are banned
|rule|Evasion Moves Clause: Evasion moves are banned
|rule|Endless Battle Clause: Forcing endless battles is banned
|rule|HP Percentage Mod: HP is shown in percentages
|rule|Dynamax Clause: You cannot dynamax
|clearpoke
|poke|p1|Toxicroak, M|
|poke|p1|Zoroark, F|
|poke|p1|Tsareena, F|
|poke|p1|Starmie|
|poke|p1|Froslass, F|
|poke|p1|Turtonator, M|
|poke|p2|Mimikyu, M|
|poke|p2|Darmanitan, F|
|poke|p2|Araquanid, M|
|poke|p2|Flygon, F|
|poke|p2|Regidrago|
|poke|p2|Toxtricity, M|
|teampreview
|
|t:|1631585862
|start
|switch|p1a: Starmie|Starmie|100/100
|switch|p2a: Araquanid|Araquanid, M|100/100
|turn|1
|
|t:|1631585866
|move|p1a: Starmie|Meteor Beam||[still]
|-prepare|p1a: Starmie|Meteor Beam
|-boost|p1a: Starmie|spa|1
|-enditem|p1a: Starmie|Power Herb
|-anim|p1a: Starmie|Meteor Beam|p2a: Araquanid|[miss]
|-miss|p1a: Starmie|p2a: Araquanid
|move|p2a: Araquanid|Sticky Web|p1a: Starmie
|-sidestart|p1: wobbleleez|move: Sticky Web
|
|upkeep
|turn|2
|c|☆epicowl10|dang
|
|t:|1631585875
|move|p1a: Starmie|Thunder|p2a: Araquanid|[miss]
|-miss|p1a: Starmie|p2a: Araquanid
|move|p2a: Araquanid|Lunge|p1a: Starmie
|-supereffective|p1a: Starmie
|-damage|p1a: Starmie|10/100
|-unboost|p1a: Starmie|atk|1
|
|upkeep
|turn|3
|c|☆epicowl10|dang
|
|t:|1631585907
|switch|p2a: Flygon|Flygon, F|100/100
|move|p1a: Starmie|Thunder|p2a: Flygon
|-immune|p2a: Flygon
|
|upkeep
|turn|4
|
|t:|1631585911
|move|p1a: Starmie|Scald|p2a: Flygon
|-damage|p2a: Flygon|43/100
|move|p2a: Flygon|U-turn|p1a: Starmie
|-supereffective|p1a: Starmie
|-damage|p1a: Starmie|0 fnt
|faint|p1a: Starmie
|inactive|Battle timer is ON: inactive players will automatically lose when time's up. (requested by wobbleleez)
|
|t:|1631585930
|switch|p2a: Darmanitan|Darmanitan, F|100/100|[from]move: U-turn
|
|upkeep
|
|t:|1631585933
|switch|p1a: Turtonator|Turtonator, M|100/100
|turn|5
|inactive|epicowl10 has 120 seconds left.
|
|t:|1631585980
|switch|p2a: Araquanid|Araquanid, M|100/100
|move|p1a: Turtonator|Body Press|p2a: Araquanid
|-resisted|p2a: Araquanid
|-damage|p2a: Araquanid|86/100
|
|upkeep
|turn|6
|
|t:|1631585989
|switch|p1a: Tsareena|Tsareena, F|100/100
|-activate|p1a: Tsareena|move: Sticky Web
|-unboost|p1a: Tsareena|spe|1
|move|p2a: Araquanid|Liquidation|p1a: Tsareena
|-resisted|p1a: Tsareena
|-damage|p1a: Tsareena|69/100
|
|upkeep
|turn|7
|
|t:|1631585994
|move|p1a: Tsareena|Rapid Spin|p2a: Araquanid
|-damage|p2a: Araquanid|67/100
|-boost|p1a: Tsareena|spe|1
|-sideend|p1: wobbleleez|Sticky Web|[from] move: Rapid Spin|[of] p1a: Tsareena
|move|p2a: Araquanid|Lunge|p1a: Tsareena
|-supereffective|p1a: Tsareena
|-damage|p1a: Tsareena|13/100
|-unboost|p1a: Tsareena|atk|1
|
|upkeep
|turn|8
|
|t:|1631586001
|move|p1a: Tsareena|Power Whip|p2a: Araquanid|[miss]
|-miss|p1a: Tsareena|p2a: Araquanid
|move|p2a: Araquanid|Sticky Web|p1a: Tsareena
|-sidestart|p1: wobbleleez|move: Sticky Web
|
|upkeep
|turn|9
|
|t:|1631586006
|switch|p2a: Mimikyu|Mimikyu, M|100/100
|move|p1a: Tsareena|Rapid Spin|p2a: Mimikyu
|-immune|p2a: Mimikyu
|
|upkeep
|turn|10
|-message|wobbleleez forfeited.
|
|win|epicowl10
|raw|wobbleleez's rating: 1180 &rarr; <strong>1169</strong><br />(-11 for losing)
|raw|epicowl10's rating: 1396 &rarr; <strong>1405</strong><br />(+9 for winning)
|l|☆wobbleleez
