|j|☆KD Burner Account
|j|☆JLT3 oSuave
|player|p1|KD Burner Account|214|1489
|player|p2|JLT3 oSuave|ethan-gen2c|1480
|teamsize|p1|6
|teamsize|p2|6
|gametype|singles
|gen|8
|tier|[Gen 8] RU
|rated|
|clearpoke
|poke|p1|Copperajah, F|
|poke|p1|Passimian, F|
|poke|p1|Gastrodon, M|
|poke|p1|Aromatisse, F|
|poke|p1|Salazzle, F|
|poke|p1|Dhelmise|
|poke|p2|Sableye, M|
|poke|p2|Mantine, M|
|poke|p2|Snorlax, F|
|poke|p2|Steelix, F|
|poke|p2|Salazzle, F|
|poke|p2|Cramorant, F|
|rule|Sleep Clause Mod: Limit one foe put to sleep
|rule|Species Clause: Limit one of each Pokémon
|rule|OHKO Clause: OHKO moves are banned
|rule|Evasion Moves Clause: Evasion moves are banned
|rule|Endless Battle Clause: Forcing endless battles is banned
|rule|HP Percentage Mod: HP is shown in percentages
|rule|Dynamax Clause: You cannot dynamax
|teampreview
|inactive|Battle timer is ON: inactive players will automatically lose when time's up. (requested by JLT3 oSuave)
|
|start
|switch|p1a: Agent Raj|Copperajah, F|100/100
|switch|p2a: Sableye|Sableye, M|100/100
|turn|1
|
|switch|p1a: Salazzle|Salazzle, F|100/100
|move|p2a: Sableye|Knock Off|p1a: Salazzle
|-damage|p1a: Salazzle|51/100
|-enditem|p1a: Salazzle|Heavy-Duty Boots|[from] move: Knock Off|[of] p2a: Sableye
|
|upkeep
|turn|2
|
|switch|p2a: Snorlax|Snorlax, F|100/100
|move|p1a: Salazzle|Toxic|p2a: Snorlax
|-status|p2a: Snorlax|tox
|
|-damage|p2a: Snorlax|94/100 tox|[from] psn
|upkeep
|turn|3
|
|switch|p1a: Dhelmise|Dhelmise|100/100
|switch|p2a: Sableye|Sableye, M|100/100
|
|upkeep
|turn|4
|
|switch|p1a: Aromatisse|Aromatisse, F|100/100
|move|p2a: Sableye|Knock Off|p1a: Aromatisse
|-resisted|p1a: Aromatisse
|-damage|p1a: Aromatisse|90/100
|-enditem|p1a: Aromatisse|Leftovers|[from] move: Knock Off|[of] p2a: Sableye
|
|upkeep
|turn|5
|
|switch|p2a: Steelix|Steelix, F|100/100
|move|p1a: Aromatisse|Wish|p1a: Aromatisse
|
|upkeep
|turn|6
|
|switch|p1a: Dhelmise|Dhelmise|100/100
|move|p2a: Steelix|Stealth Rock|p1a: Dhelmise
|-sidestart|p1: KD Burner Account|move: Stealth Rock
|
|upkeep
|turn|7
|
|move|p1a: Dhelmise|Power Whip|p2a: Steelix|[miss]
|-miss|p1a: Dhelmise|p2a: Steelix
|move|p2a: Steelix|Toxic|p1a: Dhelmise
|-status|p1a: Dhelmise|tox
|
|-damage|p1a: Dhelmise|94/100 tox|[from] psn
|upkeep
|turn|8
|
|switch|p2a: Salazzle|Salazzle, F|100/100
|move|p1a: Dhelmise|Power Whip|p2a: Salazzle|[miss]
|-miss|p1a: Dhelmise|p2a: Salazzle
|
|-damage|p1a: Dhelmise|82/100 tox|[from] psn
|upkeep
|turn|9
|
|switch|p1a: Gastrodon|Gastrodon, M|100/100
|-damage|p1a: Gastrodon|94/100|[from] Stealth Rock
|move|p2a: Salazzle|Substitute|p2a: Salazzle
|-start|p2a: Salazzle|Substitute
|-damage|p2a: Salazzle|76/100
|
|-heal|p2a: Salazzle|82/100|[from] item: Leftovers
|-heal|p1a: Gastrodon|100/100|[from] item: Leftovers
|upkeep
|turn|10
|
|move|p2a: Salazzle|Toxic|p1a: Gastrodon
|-status|p1a: Gastrodon|tox
|move|p1a: Gastrodon|Scald|p2a: Salazzle
|-supereffective|p2a: Salazzle
|-crit|p2a: Salazzle
|-end|p2a: Salazzle|Substitute
|
|-heal|p2a: Salazzle|88/100|[from] item: Leftovers
|-damage|p1a: Gastrodon|94/100 tox|[from] psn
|upkeep
|turn|11
|
|move|p2a: Salazzle|Substitute|p2a: Salazzle
|-start|p2a: Salazzle|Substitute
|-damage|p2a: Salazzle|63/100
|move|p1a: Gastrodon|Earth Power|p2a: Salazzle
|-supereffective|p2a: Salazzle
|-end|p2a: Salazzle|Substitute
|
|-heal|p2a: Salazzle|69/100|[from] item: Leftovers
|-heal|p1a: Gastrodon|100/100 tox|[from] item: Leftovers
|-damage|p1a: Gastrodon|88/100 tox|[from] psn
|upkeep
|turn|12
|
|move|p2a: Salazzle|Protect|p2a: Salazzle
|-singleturn|p2a: Salazzle|Protect
|move|p1a: Gastrodon|Earth Power|p2a: Salazzle
|-activate|p2a: Salazzle|move: Protect
|
|-heal|p2a: Salazzle|75/100|[from] item: Leftovers
|-heal|p1a: Gastrodon|94/100 tox|[from] item: Leftovers
|-damage|p1a: Gastrodon|76/100 tox|[from] psn
|upkeep
|turn|13
|
|move|p2a: Salazzle|Substitute|p2a: Salazzle
|-start|p2a: Salazzle|Substitute
|-damage|p2a: Salazzle|50/100
|move|p1a: Gastrodon|Earth Power|p2a: Salazzle
|-supereffective|p2a: Salazzle
|-end|p2a: Salazzle|Substitute
|
|-heal|p2a: Salazzle|56/100|[from] item: Leftovers
|-heal|p1a: Gastrodon|82/100 tox|[from] item: Leftovers
|-damage|p1a: Gastrodon|58/100 tox|[from] psn
|upkeep
|turn|14
|
|switch|p1a: Agent Raj|Copperajah, F|100/100
|-damage|p1a: Agent Raj|94/100|[from] Stealth Rock
|move|p2a: Salazzle|Substitute|p2a: Salazzle
|-start|p2a: Salazzle|Substitute
|-damage|p2a: Salazzle|32/100
|
|-heal|p2a: Salazzle|38/100|[from] item: Leftovers
|upkeep
|turn|15
|
|move|p2a: Salazzle|Protect|p2a: Salazzle
|-singleturn|p2a: Salazzle|Protect
|move|p1a: Agent Raj|Heavy Slam|p2a: Salazzle
|-activate|p2a: Salazzle|move: Protect
|
|-heal|p2a: Salazzle|44/100|[from] item: Leftovers
|upkeep
|turn|16
|
|move|p2a: Salazzle|Flamethrower|p1a: Agent Raj
|-supereffective|p1a: Agent Raj
|-crit|p1a: Agent Raj
|-damage|p1a: Agent Raj|8/100
|move|p1a: Agent Raj|Heavy Slam|p2a: Salazzle
|-resisted|p2a: Salazzle
|-end|p2a: Salazzle|Substitute
|
|-heal|p2a: Salazzle|50/100|[from] item: Leftovers
|upkeep
|turn|17
|
|move|p2a: Salazzle|Flamethrower|p1a: Agent Raj
|-supereffective|p1a: Agent Raj
|-crit|p1a: Agent Raj
|-damage|p1a: Agent Raj|0 fnt
|faint|p1a: Agent Raj
|
|-heal|p2a: Salazzle|56/100|[from] item: Leftovers
|upkeep
|
|switch|p1a: Passimian|Passimian, F|100/100
|-damage|p1a: Passimian|94/100|[from] Stealth Rock
|turn|18
|
|move|p2a: Salazzle|Protect|p2a: Salazzle
|-singleturn|p2a: Salazzle|Protect
|move|p1a: Passimian|Knock Off|p2a: Salazzle
|-activate|p2a: Salazzle|move: Protect
|
|-heal|p2a: Salazzle|62/100|[from] item: Leftovers
|upkeep
|turn|19
|
|switch|p2a: Cramorant|Cramorant, F, shiny|100/100
|move|p1a: Passimian|Knock Off|p2a: Cramorant
|-damage|p2a: Cramorant|70/100
|-enditem|p2a: Cramorant|Heavy-Duty Boots|[from] move: Knock Off|[of] p1a: Passimian
|
|upkeep
|turn|20
|
|switch|p1a: Aromatisse|Aromatisse, F|90/100
|-damage|p1a: Aromatisse|78/100|[from] Stealth Rock
|move|p2a: Cramorant|Hurricane|p1a: Aromatisse
|-damage|p1a: Aromatisse|48/100
|
|upkeep
|turn|21
|
|switch|p2a: Steelix|Steelix, F|100/100
|move|p1a: Aromatisse|Wish|p1a: Aromatisse
|
|upkeep
|turn|22
|
|move|p1a: Aromatisse|Protect|p1a: Aromatisse
|-singleturn|p1a: Aromatisse|Protect
|move|p2a: Steelix|Earthquake|p1a: Aromatisse
|-activate|p1a: Aromatisse|move: Protect
|
|-heal|p1a: Aromatisse|98/100|[from] move: Wish|[wisher] Aromatisse
|upkeep
|turn|23
|
|move|p2a: Steelix|Earthquake|p1a: Aromatisse
|-damage|p1a: Aromatisse|77/100
|move|p1a: Aromatisse|Aromatherapy|p1a: Aromatisse
|-activate|p1a: Aromatisse|move: Aromatherapy
|-curestatus|p1: Dhelmise|tox|[msg]
|-curestatus|p1: Gastrodon|tox|[msg]
|
|upkeep
|turn|24
|
|switch|p1a: Dhelmise|Dhelmise|82/100
|move|p2a: Steelix|Toxic|p1a: Dhelmise
|-status|p1a: Dhelmise|tox
|
|-damage|p1a: Dhelmise|76/100 tox|[from] psn
|upkeep
|turn|25
|inactive|JLT3 oSuave has 120 seconds left.
|
|move|p1a: Dhelmise|Rapid Spin|p2a: Steelix
|-resisted|p2a: Steelix
|-damage|p2a: Steelix|96/100
|-boost|p1a: Dhelmise|spe|1
|-sideend|p1: KD Burner Account|Stealth Rock|[from] move: Rapid Spin|[of] p1a: Dhelmise
|move|p2a: Steelix|Heavy Slam|p1a: Dhelmise
|-damage|p1a: Dhelmise|62/100 tox
|
|-heal|p2a: Steelix|100/100|[from] item: Leftovers
|-damage|p1a: Dhelmise|49/100 tox|[from] psn
|upkeep
|turn|26
|
|switch|p1a: Gastrodon|Gastrodon, M|58/100
|move|p2a: Steelix|Stealth Rock|p1a: Gastrodon
|-sidestart|p1: KD Burner Account|move: Stealth Rock
|
|-heal|p1a: Gastrodon|64/100|[from] item: Leftovers
|upkeep
|turn|27
|j| TWiTT
|
|switch|p2a: Snorlax|Snorlax, F|94/100 tox
|move|p1a: Gastrodon|Scald|p2a: Snorlax
|-damage|p2a: Snorlax|80/100 tox
|
|-heal|p1a: Gastrodon|70/100|[from] item: Leftovers
|-heal|p2a: Snorlax|87/100 tox|[from] item: Leftovers
|-damage|p2a: Snorlax|80/100 tox|[from] psn
|upkeep
|turn|28
|l| TWiTT
|
|switch|p1a: Dhelmise|Dhelmise|49/100 tox
|move|p2a: Snorlax|Darkest Lariat|p1a: Dhelmise
|-supereffective|p1a: Dhelmise
|-damage|p1a: Dhelmise|0 fnt
|faint|p1a: Dhelmise
|
|-heal|p2a: Snorlax|87/100 tox|[from] item: Leftovers
|-damage|p2a: Snorlax|74/100 tox|[from] psn
|upkeep
|
|switch|p1a: Passimian|Passimian, F|94/100
|-damage|p1a: Passimian|88/100|[from] Stealth Rock
|turn|29
|
|switch|p2a: Cramorant|Cramorant, F, shiny|70/100
|move|p1a: Passimian|U-turn|p2a: Cramorant
|-resisted|p2a: Cramorant
|-damage|p2a: Cramorant|59/100
|
|switch|p1a: Salazzle|Salazzle, F|51/100|[from]move: U-turn
|-damage|p1a: Salazzle|26/100|[from] Stealth Rock
|
|upkeep
|turn|30
|
|move|p1a: Salazzle|Sludge Wave|p2a: Cramorant
|-damage|p2a: Cramorant|14/100
|move|p2a: Cramorant|Surf|p1a: Salazzle
|-supereffective|p1a: Salazzle
|-formechange|p2a: Cramorant|Cramorant-Gorging|
|-damage|p1a: Salazzle|0 fnt
|faint|p1a: Salazzle
|
|upkeep
|-message|KD Burner Account forfeited.
|
|win|JLT3 oSuave
|l|☆KD Burner Account
|raw|KD Burner Account's rating: 1490 &rarr; <strong>1469</strong><br />(-21 for losing)
|raw|JLT3 oSuave's rating: 1480 &rarr; <strong>1501</strong><br />(+21 for winning)
