|raw|<div class="broadcast-blue"><strong>This battle is required to be public due to a player having a name starting with 'rult70'.</div>
|j|☆RULT70E Elfu
|j|☆Rult70B evidith
|t:|1626896738
|gametype|singles
|player|p1|RULT70E Elfu|cyclist|1346
|player|p2|Rult70B evidith|lass-gen4dp|1432
|teamsize|p1|6
|teamsize|p2|6
|gen|8
|tier|[Gen 8] RU
|rated|
|rule|Sleep Clause Mod: Limit one foe put to sleep
|rule|Species Clause: Limit one of each Pokémon
|rule|OHKO Clause: OHKO moves are banned
|rule|Evasion Moves Clause: Evasion moves are banned
|rule|Endless Battle Clause: Forcing endless battles is banned
|rule|HP Percentage Mod: HP is shown in percentages
|rule|Dynamax Clause: You cannot dynamax
|clearpoke
|poke|p1|Politoed, M|
|poke|p1|Barraskewda, F|
|poke|p1|Seismitoad, F|
|poke|p1|Heliolisk, M|
|poke|p1|Klefki, F|
|poke|p1|Tornadus, M|
|poke|p2|Indeedee, M|
|poke|p2|Mienshao, F|
|poke|p2|Whimsicott, M|
|poke|p2|Marowak-Alola, F|
|poke|p2|Starmie|
|poke|p2|Escavalier, F|
|teampreview
|j| Jeran 重力
|l| Jeran 重力
|j| pult61a spades
|inactive|Battle timer is ON: inactive players will automatically lose when time's up. (requested by RULT70E Elfu)
|inactive|Rult70B evidith has 120 seconds left.
|
|t:|1626896797
|start
|switch|p1a: Politoed|Politoed, M|100/100
|switch|p2a: Indeedee|Indeedee, M|100/100
|-fieldstart|move: Psychic Terrain|[from] ability: Psychic Surge|[of] p2a: Indeedee
|-weather|RainDance|[from] ability: Drizzle|[of] p1a: Politoed
|turn|1
|
|t:|1626896806
|switch|p1a: Klefki|Klefki, F|100/100
|move|p2a: Indeedee|Expanding Force|p1a: Klefki
|-resisted|p1a: Klefki
|-damage|p1a: Klefki|41/100
|-enditem|p1a: Klefki|Eject Button
|
|t:|1626896812
|switch|p1a: Barraskewda|Barraskewda, F|100/100
|
|-weather|RainDance|[upkeep]
|upkeep
|turn|2
|
|t:|1626896827
|switch|p2a: Starmie|Starmie|100/100
|move|p1a: Barraskewda|Liquidation|p2a: Starmie
|-resisted|p2a: Starmie
|-damage|p2a: Starmie|42/100
|
|-weather|RainDance|[upkeep]
|upkeep
|turn|3
|
|t:|1626896832
|move|p1a: Barraskewda|Liquidation|p2a: Starmie
|-resisted|p2a: Starmie
|-damage|p2a: Starmie|0 fnt
|faint|p2a: Starmie
|
|-weather|RainDance|[upkeep]
|upkeep
|
|t:|1626896834
|switch|p2a: Whimsicott|Whimsicott, M|100/100
|turn|4
|inactive|RULT70E Elfu has 120 seconds left.
|
|t:|1626896877
|switch|p1a: Klefki|Klefki, F|41/100
|move|p2a: Whimsicott|Stun Spore|p1a: Klefki
|-activate|p1a: Klefki|move: Psychic Terrain
|
|-weather|RainDance|[upkeep]
|upkeep
|turn|5
|inactive|RULT70E Elfu has 120 seconds left.
|
|t:|1626896887
|switch|p2a: Marowak|Marowak-Alola, F|100/100
|move|p1a: Klefki|Light Screen|p1a: Klefki
|-sidestart|p1: RULT70E Elfu|move: Light Screen
|
|-weather|RainDance|[upkeep]
|-fieldend|move: Psychic Terrain
|upkeep
|turn|6
|
|t:|1626896892
|move|p1a: Klefki|Reflect|p1a: Klefki
|-sidestart|p1: RULT70E Elfu|Reflect
|move|p2a: Marowak|Stealth Rock|p1a: Klefki
|-sidestart|p1: RULT70E Elfu|move: Stealth Rock
|
|-weather|RainDance|[upkeep]
|upkeep
|turn|7
|
|t:|1626896901
|switch|p1a: Seismitoad|Seismitoad, F|100/100
|-damage|p1a: Seismitoad|95/100|[from] Stealth Rock
|switch|p2a: Escavalier|Escavalier, F|100/100
|
|-weather|RainDance|[upkeep]
|upkeep
|turn|8
|
|t:|1626896918
|move|p1a: Seismitoad|Weather Ball|p2a: Escavalier
|-damage|p2a: Escavalier|17/100
|move|p2a: Escavalier|Knock Off|p1a: Seismitoad
|-damage|p1a: Seismitoad|75/100
|-enditem|p1a: Seismitoad|Choice Specs|[from] move: Knock Off|[of] p2a: Escavalier
|
|-weather|none
|upkeep
|turn|9
|
|t:|1626896929
|switch|p2a: Indeedee|Indeedee, M|100/100
|-fieldstart|move: Psychic Terrain|[from] ability: Psychic Surge|[of] p2a: Indeedee
|move|p1a: Seismitoad|Surf|p2a: Indeedee
|-damage|p2a: Indeedee|45/100
|
|-sideend|p1: RULT70E Elfu|move: Light Screen
|upkeep
|turn|10
|
|t:|1626896945
|move|p2a: Indeedee|Expanding Force|p1a: Seismitoad
|-damage|p1a: Seismitoad|0 fnt
|faint|p1a: Seismitoad
|
|-sideend|p1: RULT70E Elfu|Reflect
|upkeep
|
|t:|1626896949
|switch|p1a: Politoed|Politoed, M|100/100
|-damage|p1a: Politoed|88/100|[from] Stealth Rock
|-weather|RainDance|[from] ability: Drizzle|[of] p1a: Politoed
|turn|11
|l| pult61a spades
|
|t:|1626896979
|switch|p1a: Klefki|Klefki, F|41/100
|-damage|p1a: Klefki|35/100|[from] Stealth Rock
|move|p2a: Indeedee|Expanding Force|p1a: Klefki
|-resisted|p1a: Klefki
|-damage|p1a: Klefki|0 fnt
|faint|p1a: Klefki
|
|-weather|RainDance|[upkeep]
|upkeep
|
|t:|1626897001
|switch|p1a: Barraskewda|Barraskewda, F|100/100
|-damage|p1a: Barraskewda|88/100|[from] Stealth Rock
|turn|12
|
|t:|1626897015
|switch|p2a: Escavalier|Escavalier, F|17/100
|move|p1a: Barraskewda|Liquidation|p2a: Escavalier
|-damage|p2a: Escavalier|0 fnt
|faint|p2a: Escavalier
|
|-weather|RainDance|[upkeep]
|upkeep
|
|t:|1626897019
|switch|p2a: Whimsicott|Whimsicott, M|100/100
|turn|13
|
|t:|1626897032
|switch|p1a: Tornadus|Tornadus, M|100/100
|move|p2a: Whimsicott|Moonblast|p1a: Tornadus
|-damage|p1a: Tornadus|46/100
|
|-weather|RainDance|[upkeep]
|-fieldend|move: Psychic Terrain
|upkeep
|turn|14
|
|t:|1626897057
|move|p2a: Whimsicott|Moonblast|p1a: Tornadus
|-damage|p1a: Tornadus|0 fnt
|faint|p1a: Tornadus
|
|-weather|RainDance|[upkeep]
|upkeep
|
|t:|1626897059
|switch|p1a: Politoed|Politoed, M|88/100
|-damage|p1a: Politoed|75/100|[from] Stealth Rock
|turn|15
|
|t:|1626897065
|switch|p2a: Marowak|Marowak-Alola, F|100/100
|move|p1a: Politoed|Ice Beam|p2a: Marowak
|-resisted|p2a: Marowak
|-damage|p2a: Marowak|88/100
|
|-weather|RainDance|[upkeep]
|upkeep
|turn|16
|
|t:|1626897069
|move|p1a: Politoed|Scald|p2a: Marowak
|-supereffective|p2a: Marowak
|-damage|p2a: Marowak|0 fnt
|faint|p2a: Marowak
|
|-weather|RainDance|[upkeep]
|upkeep
|
|t:|1626897071
|switch|p2a: Indeedee|Indeedee, M|45/100
|-fieldstart|move: Psychic Terrain|[from] ability: Psychic Surge|[of] p2a: Indeedee
|turn|17
|
|t:|1626897075
|move|p2a: Indeedee|Expanding Force|p1a: Politoed
|-damage|p1a: Politoed|0 fnt
|faint|p1a: Politoed
|
|-weather|RainDance|[upkeep]
|upkeep
|
|t:|1626897083
|switch|p1a: Barraskewda|Barraskewda, F|88/100
|-damage|p1a: Barraskewda|76/100|[from] Stealth Rock
|turn|18
|
|t:|1626897088
|move|p1a: Barraskewda|Liquidation|p2a: Indeedee
|-damage|p2a: Indeedee|0 fnt
|faint|p2a: Indeedee
|
|-weather|none
|upkeep
|
|t:|1626897090
|switch|p2a: Mienshao|Mienshao, F|100/100
|turn|19
|
|t:|1626897092
|move|p2a: Mienshao|Close Combat|p1a: Barraskewda
|-damage|p1a: Barraskewda|0 fnt
|-unboost|p2a: Mienshao|def|1
|-unboost|p2a: Mienshao|spd|1
|faint|p1a: Barraskewda
|
|upkeep
|
|t:|1626897094
|switch|p1a: Heliolisk|Heliolisk, M|100/100
|-damage|p1a: Heliolisk|88/100|[from] Stealth Rock
|turn|20
|
|t:|1626897097
|move|p2a: Mienshao|Close Combat|p1a: Heliolisk
|-supereffective|p1a: Heliolisk
|-damage|p1a: Heliolisk|0 fnt
|-unboost|p2a: Mienshao|def|1
|-unboost|p2a: Mienshao|spd|1
|faint|p1a: Heliolisk
|
|win|Rult70B evidith
|raw|RULT70E Elfu's rating: 1346 &rarr; <strong>1332</strong><br />(-14 for losing)
|raw|Rult70B evidith's rating: 1445 &rarr; <strong>1459</strong><br />(+14 for winning)
|l|☆RULT70E Elfu
|l|☆Rult70B evidith
