|raw|<div class="broadcast-red"><strong>This battle is invite-only!</strong><br />Users must be invited with <code>/invite</code> (or be staff) to join</div>
|j|☆GW
|j|☆Silvally-Gold
|t:|1597518753
|player|p1|GW|169|
|player|p2|Silvally-Gold|teacher-gen2|
|teamsize|p1|6
|teamsize|p2|6
|gametype|singles
|gen|8
|tier|[Gen 8] RU
|clearpoke
|poke|p1|Rhyperior, M|
|poke|p1|Bronzong|
|poke|p1|Mantine, M|
|poke|p1|Silvally-*|
|poke|p1|Vileplume, F|
|poke|p1|Passimian, M|
|poke|p2|Exploud, M|
|poke|p2|Slowbro-Galar, M|
|poke|p2|Bronzong|
|poke|p2|Mantine, M|
|poke|p2|Passimian, M|
|poke|p2|Rotom-Mow|
|rule|Sleep Clause Mod: Limit one foe put to sleep
|rule|Species Clause: Limit one of each Pokémon
|rule|OHKO Clause: OHKO moves are banned
|rule|Evasion Moves Clause: Evasion moves are banned
|rule|Endless Battle Clause: Forcing endless battles is banned
|rule|HP Percentage Mod: HP is shown in percentages
|rule|Dynamax Clause: You cannot dynamax
|teampreview
|raw|<div class="broadcast-blue"><strong>This room is no longer invite only!</strong><br />Anyone may now join.</div>
|c|☆Silvally-Gold|/log Silvally-Gold turned off modjoin.
|c|☆Silvally-Gold|hf
|c|☆GW|u2
|j|+Feliburn
|j| Amphareixon
|j| Mac3 ✝
|j| fsaohfas
|j| Expulso
|c| Expulso|gw hf
|j| best interest
|j| juuno ✿
|
|t:|1597518860
|start
|switch|p1a: Passimian|Passimian, M|100/100
|switch|p2a: Rotom|Rotom-Mow|100/100
|turn|1
|j| daunt vs
|
|t:|1597518878
|move|p1a: Passimian|U-turn|p2a: Rotom
|-supereffective|p2a: Rotom
|-damage|p2a: Rotom|47/100
|
|t:|1597518885
|switch|p1a: Bronzong|Bronzong|100/100|[from]move: U-turn
|move|p2a: Rotom|Volt Switch|p1a: Bronzong
|-damage|p1a: Bronzong|84/100
|l| juuno ✿
|c| daunt vs|Gw haxer always
|j| juuno ✿
|
|t:|1597518907
|switch|p2a: Passimian|Passimian, M, shiny|100/100|[from]move: Volt Switch
|
|-heal|p1a: Bronzong|90/100|[from] item: Leftovers
|upkeep
|turn|2
|c| Mac3 ✝|guldkatt!
|l| juuno ✿
|j| juuno ✿
|c| daunt vs|Fuck gw all My homies hate gw
|j|+JustªRandomNick
|l| juuno ✿
|raw|<div class="broadcast-red"><strong>Moderated chat was set to +!</strong><br />Only users of rank + and higher can talk.</div>
|n|+Nat|bestinterest
|c|+JustªRandomNick|Go gw
|
|t:|1597518979
|switch|p1a: Passimian|Passimian, M|100/100
|move|p2a: Passimian|Knock Off|p1a: Passimian
|-resisted|p1a: Passimian
|-damage|p1a: Passimian|83/100
|-enditem|p1a: Passimian|Choice Scarf|[from] move: Knock Off|[of] p2a: Passimian
|
|upkeep
|turn|3
|
|t:|1597518995
|switch|p2a: Slowbro|Slowbro-Galar, M|100/100
|move|p1a: Passimian|Knock Off|p2a: Slowbro
|-supereffective|p2a: Slowbro
|-damage|p2a: Slowbro|39/100
|-enditem|p2a: Slowbro|Assault Vest|[from] move: Knock Off|[of] p1a: Passimian
|
|upkeep
|turn|4
|n|+JustªRandomNick|justrandomnick
|
|t:|1597519033
|switch|p2a: Mantine|Mantine, M|100/100
|move|p1a: Passimian|Knock Off|p2a: Mantine
|-damage|p2a: Mantine|76/100
|-enditem|p2a: Mantine|Heavy-Duty Boots|[from] move: Knock Off|[of] p1a: Passimian
|
|upkeep
|turn|5
|
|t:|1597519042
|move|p1a: Passimian|U-turn|p2a: Mantine
|-resisted|p2a: Mantine
|-damage|p2a: Mantine|67/100
|
|t:|1597519045
|switch|p1a: Bronzong|Bronzong|90/100|[from]move: U-turn
|move|p2a: Mantine|Roost|p2a: Mantine
|-heal|p2a: Mantine|100/100
|-singleturn|p2a: Mantine|move: Roost
|
|-heal|p1a: Bronzong|96/100|[from] item: Leftovers
|upkeep
|turn|6
|
|t:|1597519054
|switch|p2a: Slowbro|Slowbro-Galar, M|73/100
|move|p1a: Bronzong|Stealth Rock|p2a: Slowbro
|-sidestart|p2: Silvally-Gold|move: Stealth Rock
|
|-heal|p1a: Bronzong|100/100|[from] item: Leftovers
|upkeep
|turn|7
|
|t:|1597519070
|switch|p1a: Mantine|Mantine, M|100/100
|move|p2a: Slowbro|Future Sight|p1a: Mantine
|-start|p2a: Slowbro|move: Future Sight
|
|upkeep
|turn|8
|
|t:|1597519083
|move|p1a: Mantine|Scald|p2a: Slowbro
|-damage|p2a: Slowbro|49/100
|move|p2a: Slowbro|Trick|p1a: Mantine
|-activate|p2a: Slowbro|move: Trick|[of] p1a: Mantine
|-enditem|p1a: Mantine|Heavy-Duty Boots|[silent]|[from] move: Trick
|-item|p2a: Slowbro|Heavy-Duty Boots|[from] move: Trick
|
|upkeep
|turn|9
|c|+Nat|wh
|
|t:|1597519122
|switch|p1a: Bronzong|Bronzong|100/100
|switch|p2a: Mantine|Mantine, M|100/100
|-damage|p2a: Mantine|76/100|[from] Stealth Rock
|
|-end|p1a: Bronzong|move: Future Sight
|-resisted|p1a: Bronzong
|-damage|p1a: Bronzong|92/100
|-heal|p1a: Bronzong|98/100|[from] item: Leftovers
|upkeep
|turn|10
|
|t:|1597519137
|switch|p2a: Bronzong|Bronzong|100/100
|-damage|p2a: Bronzong|94/100|[from] Stealth Rock
|move|p1a: Bronzong|Toxic|p2a: Bronzong|[miss]
|-miss|p1a: Bronzong|p2a: Bronzong
|
|-heal|p1a: Bronzong|100/100|[from] item: Leftovers
|-heal|p2a: Bronzong|100/100|[from] item: Leftovers
|upkeep
|turn|11
|
|t:|1597519147
|move|p1a: Bronzong|Body Press|p2a: Bronzong
|-damage|p2a: Bronzong|80/100
|move|p2a: Bronzong|Toxic|p1a: Bronzong
|-immune|p1a: Bronzong
|
|-heal|p2a: Bronzong|86/100|[from] item: Leftovers
|upkeep
|turn|12
|
|t:|1597519157
|switch|p1a: Rhyperior|Rhyperior, M|100/100
|move|p2a: Bronzong|Stealth Rock|p1a: Rhyperior
|-sidestart|p1: GW|move: Stealth Rock
|
|-heal|p2a: Bronzong|93/100|[from] item: Leftovers
|upkeep
|turn|13
|
|t:|1597519163
|move|p1a: Rhyperior|Fire Punch|p2a: Bronzong
|-supereffective|p2a: Bronzong
|-damage|p2a: Bronzong|23/100
|move|p2a: Bronzong|Toxic|p1a: Rhyperior
|-status|p1a: Rhyperior|tox
|
|-heal|p2a: Bronzong|29/100|[from] item: Leftovers
|-damage|p1a: Rhyperior|94/100 tox|[from] psn
|upkeep
|turn|14
|j|+Amaroq
|
|t:|1597519174
|switch|p2a: Mantine|Mantine, M|76/100
|-damage|p2a: Mantine|51/100|[from] Stealth Rock
|move|p1a: Rhyperior|Fire Punch|p2a: Mantine
|-resisted|p2a: Mantine
|-damage|p2a: Mantine|34/100
|
|-damage|p1a: Rhyperior|82/100 tox|[from] psn
|upkeep
|turn|15
|
|t:|1597519200
|switch|p1a: Feli (Felibruh)|Vileplume, F|100/100
|-damage|p1a: Feli (Felibruh)|88/100|[from] Stealth Rock
|move|p2a: Mantine|Roost|p2a: Mantine
|-heal|p2a: Mantine|84/100
|-singleturn|p2a: Mantine|move: Roost
|
|-heal|p1a: Feli (Felibruh)|94/100|[from] item: Black Sludge
|upkeep
|turn|16
|
|t:|1597519217
|switch|p2a: Slowbro|Slowbro-Galar, M|82/100
|move|p1a: Feli (Felibruh)|Corrosive Gas|p2a: Slowbro
|-enditem|p2a: Slowbro|Heavy-Duty Boots|[from] move: Corrosive Gas|[of] p1a: Feli (Felibruh)
|
|-heal|p1a: Feli (Felibruh)|100/100|[from] item: Black Sludge
|upkeep
|turn|17
|
|t:|1597519229
|switch|p1a: Mantine|Mantine, M|100/100
|-damage|p1a: Mantine|76/100|[from] Stealth Rock
|move|p2a: Slowbro|Future Sight|p1a: Mantine
|-start|p2a: Slowbro|move: Future Sight
|
|upkeep
|turn|18
|
|t:|1597519238
|switch|p2a: Rotom|Rotom-Mow|47/100
|-damage|p2a: Rotom|35/100|[from] Stealth Rock
|move|p1a: Mantine|Roost|p1a: Mantine
|-heal|p1a: Mantine|100/100
|-singleturn|p1a: Mantine|move: Roost
|
|-heal|p2a: Rotom|41/100|[from] item: Leftovers
|upkeep
|turn|19
|
|t:|1597519248
|switch|p1a: Bronzong|Bronzong|100/100
|-damage|p1a: Bronzong|94/100|[from] Stealth Rock
|move|p2a: Rotom|Volt Switch|p1a: Bronzong
|-damage|p1a: Bronzong|77/100
|
|t:|1597519255
|switch|p2a: Slowbro|Slowbro-Galar, M|100/100|[from]move: Volt Switch
|-damage|p2a: Slowbro|88/100|[from] Stealth Rock
|
|-end|p1a: Bronzong|move: Future Sight
|-resisted|p1a: Bronzong
|-damage|p1a: Bronzong|68/100
|-heal|p1a: Bronzong|74/100|[from] item: Leftovers
|upkeep
|turn|20
|
|t:|1597519271
|switch|p1a: Passimian|Passimian, M|83/100
|-damage|p1a: Passimian|77/100|[from] Stealth Rock
|move|p2a: Slowbro|Future Sight|p1a: Passimian
|-start|p2a: Slowbro|move: Future Sight
|
|upkeep
|turn|21
|
|t:|1597519278
|move|p1a: Passimian|U-turn|p2a: Slowbro
|-damage|p2a: Slowbro|67/100
|
|t:|1597519282
|switch|p1a: Mantine|Mantine, M|100/100|[from]move: U-turn
|-damage|p1a: Mantine|76/100|[from] Stealth Rock
|move|p2a: Slowbro|Sludge Bomb|p1a: Mantine
|-crit|p1a: Mantine
|-damage|p1a: Mantine|38/100
|-status|p1a: Mantine|psn
|
|-damage|p1a: Mantine|25/100 psn|[from] psn
|upkeep
|turn|22
|
|t:|1597519291
|move|p1a: Mantine|Scald|p2a: Slowbro
|-damage|p2a: Slowbro|44/100
|-status|p2a: Slowbro|brn
|move|p2a: Slowbro|Sludge Bomb|p1a: Mantine
|-damage|p1a: Mantine|0 fnt
|faint|p1a: Mantine
|
|-hint|Future Sight did not hit because the target is the user.
|-damage|p2a: Slowbro|37/100 brn|[from] brn
|upkeep
|
|t:|1597519309
|switch|p1a: Rhyperior|Rhyperior, M|82/100 tox
|-damage|p1a: Rhyperior|76/100 tox|[from] Stealth Rock
|turn|23
|
|t:|1597519318
|switch|p2a: Bronzong|Bronzong|29/100
|-damage|p2a: Bronzong|23/100|[from] Stealth Rock
|move|p1a: Rhyperior|Fire Punch|p2a: Bronzong
|-supereffective|p2a: Bronzong
|-damage|p2a: Bronzong|0 fnt
|faint|p2a: Bronzong
|
|-damage|p1a: Rhyperior|70/100 tox|[from] psn
|upkeep
|
|t:|1597519336
|switch|p2a: Mantine|Mantine, M|84/100
|-damage|p2a: Mantine|59/100|[from] Stealth Rock
|turn|24
|
|t:|1597519345
|switch|p1a: Feli (Felibruh)|Vileplume, F|100/100
|-damage|p1a: Feli (Felibruh)|88/100|[from] Stealth Rock
|move|p2a: Mantine|Roost|p2a: Mantine
|-heal|p2a: Mantine|100/100
|-singleturn|p2a: Mantine|move: Roost
|
|-heal|p1a: Feli (Felibruh)|94/100|[from] item: Black Sludge
|upkeep
|turn|25
|
|t:|1597519349
|move|p2a: Mantine|Scald|p1a: Feli (Felibruh)
|-resisted|p1a: Feli (Felibruh)
|-damage|p1a: Feli (Felibruh)|82/100
|-status|p1a: Feli (Felibruh)|brn
|move|p1a: Feli (Felibruh)|Sludge Bomb|p2a: Mantine
|-damage|p2a: Mantine|76/100
|
|-heal|p1a: Feli (Felibruh)|89/100 brn|[from] item: Black Sludge
|-damage|p1a: Feli (Felibruh)|82/100 brn|[from] brn
|upkeep
|turn|26
|
|t:|1597519359
|switch|p2a: Slowbro|Slowbro-Galar, M|71/100 brn
|-damage|p2a: Slowbro|58/100 brn|[from] Stealth Rock
|move|p1a: Feli (Felibruh)|Sludge Bomb|p2a: Slowbro
|-resisted|p2a: Slowbro
|-damage|p2a: Slowbro|41/100 brn
|
|-heal|p1a: Feli (Felibruh)|89/100 brn|[from] item: Black Sludge
|-damage|p1a: Feli (Felibruh)|82/100 brn|[from] brn
|-damage|p2a: Slowbro|35/100 brn|[from] brn
|upkeep
|turn|27
|
|t:|1597519377
|switch|p1a: Rhyperior|Rhyperior, M|70/100 tox
|-damage|p1a: Rhyperior|63/100 tox|[from] Stealth Rock
|move|p2a: Slowbro|Future Sight|p1a: Rhyperior
|-start|p2a: Slowbro|move: Future Sight
|
|-damage|p1a: Rhyperior|57/100 tox|[from] psn
|-damage|p2a: Slowbro|28/100 brn|[from] brn
|upkeep
|turn|28
|
|t:|1597519390
|switch|p2a: Rotom|Rotom-Mow|41/100
|-damage|p2a: Rotom|29/100|[from] Stealth Rock
|move|p1a: Rhyperior|Stone Edge|p2a: Rotom
|-damage|p2a: Rotom|0 fnt
|faint|p2a: Rotom
|
|-damage|p1a: Rhyperior|45/100 tox|[from] psn
|upkeep
|
|t:|1597519402
|switch|p2a: Passimian|Passimian, M, shiny|100/100
|-damage|p2a: Passimian|94/100|[from] Stealth Rock
|turn|29
|
|t:|1597519453
|move|p2a: Passimian|Close Combat|p1a: Rhyperior
|-supereffective|p1a: Rhyperior
|-damage|p1a: Rhyperior|0 fnt
|-unboost|p2a: Passimian|def|1
|-unboost|p2a: Passimian|spd|1
|faint|p1a: Rhyperior
|
|-hint|Future Sight did not hit because the target is the user.
|upkeep
|
|t:|1597519459
|switch|p1a: Silvally|Silvally-Fairy|100/100
|-damage|p1a: Silvally|88/100|[from] Stealth Rock
|turn|30
|
|t:|1597519476
|switch|p2a: Slowbro|Slowbro-Galar, M|62/100 brn
|-damage|p2a: Slowbro|49/100 brn|[from] Stealth Rock
|move|p1a: Silvally|Flamethrower|p2a: Slowbro
|-damage|p2a: Slowbro|27/100 brn
|
|-damage|p2a: Slowbro|21/100 brn|[from] brn
|upkeep
|turn|31
|
|t:|1597519489
|switch|p2a: Mantine|Mantine, M|76/100
|-damage|p2a: Mantine|51/100|[from] Stealth Rock
|move|p1a: Silvally|Work Up|p1a: Silvally
|-boost|p1a: Silvally|atk|1
|-boost|p1a: Silvally|spa|1
|
|upkeep
|turn|32
|
|t:|1597519495
|move|p1a: Silvally|Multi-Attack|p2a: Mantine
|-damage|p2a: Mantine|2/100
|move|p2a: Mantine|Roost|p2a: Mantine
|-heal|p2a: Mantine|52/100
|-singleturn|p2a: Mantine|move: Roost
|
|upkeep
|turn|33
|
|t:|1597519499
|move|p1a: Silvally|Multi-Attack|p2a: Mantine
|-damage|p2a: Mantine|4/100
|move|p2a: Mantine|Roost|p2a: Mantine
|-heal|p2a: Mantine|54/100
|-singleturn|p2a: Mantine|move: Roost
|
|upkeep
|turn|34
|
|t:|1597519504
|move|p1a: Silvally|Multi-Attack|p2a: Mantine
|-damage|p2a: Mantine|4/100
|move|p2a: Mantine|Roost|p2a: Mantine
|-heal|p2a: Mantine|54/100
|-singleturn|p2a: Mantine|move: Roost
|
|upkeep
|turn|35
|
|t:|1597519508
|move|p1a: Silvally|Multi-Attack|p2a: Mantine
|-damage|p2a: Mantine|4/100
|move|p2a: Mantine|Roost|p2a: Mantine
|-heal|p2a: Mantine|54/100
|-singleturn|p2a: Mantine|move: Roost
|
|upkeep
|turn|36
|
|t:|1597519512
|move|p1a: Silvally|Multi-Attack|p2a: Mantine
|-damage|p2a: Mantine|6/100
|move|p2a: Mantine|Roost|p2a: Mantine
|-heal|p2a: Mantine|57/100
|-singleturn|p2a: Mantine|move: Roost
|
|upkeep
|turn|37
|
|t:|1597519515
|move|p1a: Silvally|Multi-Attack|p2a: Mantine
|-damage|p2a: Mantine|2/100
|move|p2a: Mantine|Roost|p2a: Mantine
|-heal|p2a: Mantine|52/100
|-singleturn|p2a: Mantine|move: Roost
|
|upkeep
|turn|38
|
|t:|1597519519
|move|p1a: Silvally|Multi-Attack|p2a: Mantine
|-damage|p2a: Mantine|0 fnt
|faint|p2a: Mantine
|
|upkeep
|
|t:|1597519523
|switch|p2a: Exploud|Exploud, M|100/100
|-damage|p2a: Exploud|88/100|[from] Stealth Rock
|turn|39
|
|t:|1597519565
|switch|p1a: Bronzong|Bronzong|74/100
|-damage|p1a: Bronzong|68/100|[from] Stealth Rock
|move|p2a: Exploud|Boomburst|p1a: Bronzong
|-resisted|p1a: Bronzong
|-damage|p1a: Bronzong|39/100
|
|-heal|p1a: Bronzong|45/100|[from] item: Leftovers
|upkeep
|turn|40
|
|t:|1597519573
|switch|p2a: Slowbro|Slowbro-Galar, M|55/100 brn
|-damage|p2a: Slowbro|42/100 brn|[from] Stealth Rock
|move|p1a: Bronzong|Psychic|p2a: Slowbro
|-damage|p2a: Slowbro|19/100 brn
|
|-heal|p1a: Bronzong|52/100|[from] item: Leftovers
|-damage|p2a: Slowbro|13/100 brn|[from] brn
|upkeep
|turn|41
|
|t:|1597519582
|switch|p2a: Exploud|Exploud, M|88/100
|-damage|p2a: Exploud|76/100|[from] Stealth Rock
|move|p1a: Bronzong|Psychic|p2a: Exploud
|-damage|p2a: Exploud|49/100
|
|-heal|p1a: Bronzong|58/100|[from] item: Leftovers
|upkeep
|turn|42
|
|t:|1597519597
|move|p2a: Exploud|Fire Blast|p1a: Bronzong
|-supereffective|p1a: Bronzong
|-damage|p1a: Bronzong|0 fnt
|faint|p1a: Bronzong
|
|upkeep
|
|t:|1597519602
|switch|p1a: Passimian|Passimian, M|77/100
|-damage|p1a: Passimian|71/100|[from] Stealth Rock
|turn|43
|
|t:|1597519624
|switch|p2a: Slowbro|Slowbro-Galar, M|46/100 brn
|-damage|p2a: Slowbro|34/100 brn|[from] Stealth Rock
|move|p1a: Passimian|Close Combat|p2a: Slowbro
|-resisted|p2a: Slowbro
|-damage|p2a: Slowbro|21/100 brn
|-unboost|p1a: Passimian|def|1
|-unboost|p1a: Passimian|spd|1
|
|-damage|p2a: Slowbro|14/100 brn|[from] brn
|upkeep
|turn|44
|
|t:|1597519632
|switch|p2a: Exploud|Exploud, M|49/100
|-damage|p2a: Exploud|37/100|[from] Stealth Rock
|move|p1a: Passimian|U-turn|p2a: Exploud
|-damage|p2a: Exploud|2/100
|
|t:|1597519635
|switch|p1a: Silvally|Silvally-Fairy|88/100|[from]move: U-turn
|-damage|p1a: Silvally|76/100|[from] Stealth Rock
|
|upkeep
|turn|45
|
|t:|1597519639
|move|p1a: Silvally|Multi-Attack|p2a: Exploud
|-damage|p2a: Exploud|0 fnt
|faint|p2a: Exploud
|
|upkeep
|
|t:|1597519642
|switch|p2a: Slowbro|Slowbro-Galar, M|48/100 brn
|-damage|p2a: Slowbro|35/100 brn|[from] Stealth Rock
|turn|46
|
|t:|1597519680
|switch|p2a: Passimian|Passimian, M, shiny|94/100
|-damage|p2a: Passimian|88/100|[from] Stealth Rock
|move|p1a: Silvally|Flamethrower|p2a: Passimian
|-damage|p2a: Passimian|55/100
|
|upkeep
|turn|47
|
|t:|1597519690
|move|p2a: Passimian|U-turn|p1a: Silvally
|-resisted|p1a: Silvally
|-damage|p1a: Silvally|64/100
|
|t:|1597519693
|switch|p2a: Slowbro|Slowbro-Galar, M|69/100 brn|[from]move: U-turn
|-damage|p2a: Slowbro|56/100 brn|[from] Stealth Rock
|move|p1a: Silvally|Multi-Attack|p2a: Slowbro
|-resisted|p2a: Slowbro
|-damage|p2a: Slowbro|36/100 brn
|
|-damage|p2a: Slowbro|30/100 brn|[from] brn
|upkeep
|turn|48
|
|t:|1597519700
|move|p1a: Silvally|Flamethrower|p2a: Slowbro
|-damage|p2a: Slowbro|8/100 brn
|move|p2a: Slowbro|Sludge Bomb|p1a: Silvally
|-supereffective|p1a: Silvally
|-damage|p1a: Silvally|0 fnt
|faint|p1a: Silvally
|
|-damage|p2a: Slowbro|2/100 brn|[from] brn
|upkeep
|
|t:|1597519713
|switch|p1a: Passimian|Passimian, M|71/100
|-damage|p1a: Passimian|64/100|[from] Stealth Rock
|turn|49
|
|t:|1597519717
|switch|p2a: Passimian|Passimian, M, shiny|55/100
|-damage|p2a: Passimian|49/100|[from] Stealth Rock
|move|p1a: Passimian|Close Combat|p2a: Passimian
|-damage|p2a: Passimian|0 fnt
|-unboost|p1a: Passimian|def|1
|-unboost|p1a: Passimian|spd|1
|faint|p2a: Passimian
|
|upkeep
|
|t:|1597519724
|switch|p2a: Slowbro|Slowbro-Galar, M|35/100 brn
|-damage|p2a: Slowbro|22/100 brn|[from] Stealth Rock
|turn|50
|
|t:|1597519726
|move|p1a: Passimian|Knock Off|p2a: Slowbro
|-supereffective|p2a: Slowbro
|-damage|p2a: Slowbro|0 fnt
|faint|p2a: Slowbro
|
|win|GW
|c|☆GW|gg
|c|☆Silvally-Gold|gg
|l|+Nat
|l|+JustªRandomNick
|l|+Amaroq
|l|☆GW
|l|+Feliburn
|c|☆Silvally-Gold|/log Silvally-Gold made this room public.
