|j|☆Shiori Honda
|j|☆ASSOLO IL RE
|player|p1|Shiori Honda|289|1534
|player|p2|ASSOLO IL RE|biker-gen2|1606
|teamsize|p1|6
|teamsize|p2|6
|gametype|singles
|gen|8
|tier|[Gen 8] RU
|rated|
|clearpoke
|poke|p1|Mr. Rime, M|
|poke|p1|Passimian, F|
|poke|p1|Vikavolt, M|
|poke|p1|Silvally-*|
|poke|p1|Steelix, M|
|poke|p1|Mantine, F|
|poke|p2|Goodra, M|
|poke|p2|Scrafty, M|
|poke|p2|Vileplume, M|
|poke|p2|Steelix, F|
|poke|p2|Mantine, M|
|poke|p2|Indeedee, M|
|rule|Sleep Clause Mod: Limit one foe put to sleep
|rule|Species Clause: Limit one of each Pokémon
|rule|OHKO Clause: OHKO moves are banned
|rule|Evasion Moves Clause: Evasion moves are banned
|rule|Endless Battle Clause: Forcing endless battles is banned
|rule|HP Percentage Mod: HP is shown in percentages
|rule|Dynamax Clause: You cannot dynamax
|teampreview
|
|start
|switch|p1a: V Gundam|Vikavolt, M|100/100
|switch|p2a: Goodra|Goodra, M|100/100
|turn|1
|
|switch|p1a: Overbite|Steelix, M|100/100
|move|p2a: Goodra|Fire Blast|p1a: Overbite
|-supereffective|p1a: Overbite
|-damage|p1a: Overbite|5/100
|
|-heal|p1a: Overbite|11/100|[from] item: Leftovers
|upkeep
|turn|2
|
|switch|p1a: Toot Toot|Mantine, F|100/100
|move|p2a: Goodra|Fire Blast|p1a: Toot Toot
|-resisted|p1a: Toot Toot
|-damage|p1a: Toot Toot|86/100
|
|upkeep
|turn|3
|
|switch|p2a: Scrafty|Scrafty, M|100/100
|switch|p1a: Bust a Rime|Mr. Rime, M|100/100
|
|upkeep
|turn|4
|
|switch|p1a: V Gundam|Vikavolt, M|100/100
|move|p2a: Scrafty|Knock Off|p1a: V Gundam
|-damage|p1a: V Gundam|79/100
|-enditem|p1a: V Gundam|Heavy-Duty Boots|[from] move: Knock Off|[of] p2a: Scrafty
|
|upkeep
|turn|5
|
|switch|p2a: Goodra|Goodra, M|100/100
|move|p1a: V Gundam|Sticky Web|p2a: Goodra
|-sidestart|p2: ASSOLO IL RE|move: Sticky Web
|
|upkeep
|turn|6
|
|switch|p1a: Overbite|Steelix, M|11/100
|move|p2a: Goodra|Thunderbolt|p1a: Overbite
|-immune|p1a: Overbite
|
|-heal|p1a: Overbite|17/100|[from] item: Leftovers
|upkeep
|turn|7
|
|switch|p2a: Mantine|Mantine, M|100/100
|switch|p1a: Bust a Rime|Mr. Rime, M|100/100
|
|upkeep
|turn|8
|
|switch|p2a: Steelix|Steelix, F|100/100
|-activate|p2a: Steelix|move: Sticky Web
|-unboost|p2a: Steelix|spe|1
|move|p1a: Bust a Rime|Freeze-Dry|p2a: Steelix
|-damage|p2a: Steelix|62/100
|-damage|p1a: Bust a Rime|91/100|[from] item: Life Orb
|
|-heal|p2a: Steelix|68/100|[from] item: Leftovers
|upkeep
|turn|9
|
|switch|p2a: Goodra|Goodra, M|100/100
|-activate|p2a: Goodra|move: Sticky Web
|-unboost|p2a: Goodra|spe|1
|move|p1a: Bust a Rime|Focus Blast|p2a: Goodra
|-damage|p2a: Goodra|64/100
|-damage|p1a: Bust a Rime|81/100|[from] item: Life Orb
|
|upkeep
|turn|10
|j| Ramolost92i
|c| Ramolost92i|voice me
|c|☆ASSOLO IL RE|/log ramolost was promoted to Room Voice by ASSOLO IL RE.
|n|+Ramolost|ramolost92i
|c|+Ramolost|ye mb
|c|+Ramolost|!code
|html|<div class="infobox"><div class="chat"><details class="readmore code" style="white-space: pre-wrap; display: table; tab-size: 3"><summary>Indeedee (M) @ Terrain Extender  <br />Ability: Psychic Surge  <br />EVs: 252 SpA &#x2f; 4 SpD &#x2f; 252 Spe  </summary>Timid Nature  <br />IVs: 0 Atk  <br />- Calm Mind  <br />- Mystical Fire  <br />- Dazzling Gleam  <br />- Psychic  <br /><br />Froslass (F) @ Focus Sash  <br />Ability: Snow Cloak  <br />EVs: 252 SpA &#x2f; 4 SpD &#x2f; 252 Spe  <br />Timid Nature  <br />IVs: 0 Atk  <br />- Spikes  <br />- Taunt  <br />- Icy Wind  <br />- Destiny Bond  <br /><br />Necrozma @ Weakness Policy  <br />Ability: Prism Armor  <br />EVs: 252 Atk &#x2f; 4 SpD &#x2f; 252 Spe  <br />Adamant Nature  <br />- Dragon Dance  <br />- Photon Geyser  <br />- X-Scissor  <br />- Earthquake  <br /><br />Cobalion @ Shuca Berry  <br />Ability: Justified  <br />EVs: 252 Atk &#x2f; 4 SpD &#x2f; 252 Spe  <br />Jolly Nature  <br />- Stealth Rock  <br />- Taunt  <br />- Close Combat  <br />- Iron Head  <br /><br />Barbaracle @ Focus Sash  <br />Ability: Tough Claws  <br />EVs: 252 Atk &#x2f; 4 SpD &#x2f; 252 Spe  <br />Adamant Nature  <br />- Shell Smash  <br />- Liquidation  <br />- Stone Edge  <br />- Superpower  <br /><br />Toxtricity @ Throat Spray  <br />Ability: Punk Rock  <br />EVs: 252 SpA &#x2f; 4 SpD &#x2f; 252 Spe  <br />Modest Nature  <br />IVs: 0 Atk  <br />- Boomburst  <br />- Overdrive  <br />- Shift Gear  <br />- Sludge Wave</details></div></div>
|c|+Ramolost|thoughts ?
|
|move|p1a: Bust a Rime|Freeze-Dry|p2a: Goodra
|-supereffective|p2a: Goodra
|-crit|p2a: Goodra
|-damage|p2a: Goodra|0 fnt
|-damage|p1a: Bust a Rime|71/100|[from] item: Life Orb
|faint|p2a: Goodra
|
|upkeep
|c|☆ASSOLO IL RE|its good
|
|switch|p2a: Indeedee|Indeedee, M|100/100
|-activate|p2a: Indeedee|move: Sticky Web
|-unboost|p2a: Indeedee|spe|1
|-fieldstart|move: Psychic Terrain|[from] ability: Psychic Surge|[of] p2a: Indeedee
|turn|11
|c|+Ramolost|ye it looks good
|
|switch|p1a: Overbite|Steelix, M|17/100
|move|p2a: Indeedee|Psyshock|p1a: Overbite
|-resisted|p1a: Overbite
|-damage|p1a: Overbite|4/100
|
|-heal|p1a: Overbite|10/100|[from] item: Leftovers
|upkeep
|turn|12
|
|move|p2a: Indeedee|Psyshock|p1a: Overbite
|-resisted|p1a: Overbite
|-damage|p1a: Overbite|0 fnt
|faint|p1a: Overbite
|
|upkeep
|
|switch|p1a: Passive Aggressive|Passimian, F|100/100
|turn|13
|c|+Ramolost|necrozma is looking dumb in this meta
|c|☆ASSOLO IL RE|ik
|
|move|p1a: Passive Aggressive|Knock Off|p2a: Indeedee
|-supereffective|p2a: Indeedee
|-damage|p2a: Indeedee|0 fnt
|-enditem|p2a: Indeedee|Choice Scarf|[from] move: Knock Off|[of] p1a: Passive Aggressive
|faint|p2a: Indeedee
|
|upkeep
|c|+Ramolost|i dont even know if i need wp i could even play lum berry
|
|switch|p2a: Steelix|Steelix, F|68/100
|-activate|p2a: Steelix|move: Sticky Web
|-unboost|p2a: Steelix|spe|1
|turn|14
|
|switch|p1a: Toot Toot|Mantine, F|86/100
|move|p2a: Steelix|Stealth Rock|p1a: Toot Toot
|-sidestart|p1: Shiori Honda|move: Stealth Rock
|
|-heal|p2a: Steelix|75/100|[from] item: Leftovers
|upkeep
|turn|15
|c|☆ASSOLO IL RE|this piece of shit is so lucky too
|c|☆ASSOLO IL RE|has to crit goodra
|c|+Ramolost|ik
|c|☆Shiori Honda|252 SpA Life Orb Mr. Rime Freeze-Dry vs. 0 HP / 4 SpD Goodra: 187-221 (58.2 - 68.8%) -- guaranteed 2HKO
|c|☆ASSOLO IL RE|yes
|
|switch|p2a: Scrafty|Scrafty, M|100/100
|-activate|p2a: Scrafty|move: Sticky Web
|-unboost|p2a: Scrafty|spe|1
|move|p1a: Toot Toot|Scald|p2a: Scrafty
|-damage|p2a: Scrafty|83/100
|-status|p2a: Scrafty|brn
|
|-heal|p2a: Scrafty|89/100 brn|[from] item: Leftovers
|-damage|p2a: Scrafty|83/100 brn|[from] brn
|-fieldend|move: Psychic Terrain
|upkeep
|turn|16
|c|☆ASSOLO IL RE|good one
|inactive|Battle timer is ON: inactive players will automatically lose when time's up. (requested by ASSOLO IL RE)
|
|switch|p1a: Propaganda|Silvally-Ghost|100/100
|-damage|p1a: Propaganda|88/100|[from] Stealth Rock
|move|p2a: Scrafty|Bulk Up|p2a: Scrafty
|-boost|p2a: Scrafty|atk|1
|-boost|p2a: Scrafty|def|1
|
|-activate|p2a: Scrafty|ability: Shed Skin
|-curestatus|p2a: Scrafty|brn|[msg]
|-heal|p2a: Scrafty|89/100|[from] item: Leftovers
|upkeep
|turn|17
|
|move|p1a: Propaganda|Swords Dance|p1a: Propaganda
|-boost|p1a: Propaganda|atk|2
|move|p2a: Scrafty|Bulk Up|p2a: Scrafty
|-boost|p2a: Scrafty|atk|1
|-boost|p2a: Scrafty|def|1
|
|-heal|p2a: Scrafty|95/100|[from] item: Leftovers
|upkeep
|turn|18
|
|move|p1a: Propaganda|U-turn|p2a: Scrafty
|-damage|p2a: Scrafty|76/100
|
|switch|p1a: Toot Toot|Mantine, F|86/100|[from]move: U-turn
|move|p2a: Scrafty|Knock Off|p1a: Toot Toot
|-damage|p1a: Toot Toot|10/100
|-enditem|p1a: Toot Toot|Heavy-Duty Boots|[from] move: Knock Off|[of] p2a: Scrafty
|
|-heal|p2a: Scrafty|82/100|[from] item: Leftovers
|upkeep
|turn|19
|c|☆ASSOLO IL RE|hurry the hell up dude youll never peak this ladd anyways
|c|+Ramolost|cool sd tho
|
|move|p1a: Toot Toot|Toxic|p2a: Scrafty
|-status|p2a: Scrafty|tox
|move|p2a: Scrafty|Drain Punch|p1a: Toot Toot
|-resisted|p1a: Toot Toot
|-damage|p1a: Toot Toot|0 fnt
|-heal|p2a: Scrafty|87/100 tox|[from] drain|[of] p1a: Toot Toot
|faint|p1a: Toot Toot
|
|-activate|p2a: Scrafty|ability: Shed Skin
|-curestatus|p2a: Scrafty|tox|[msg]
|-heal|p2a: Scrafty|93/100|[from] item: Leftovers
|upkeep
|c|☆Shiori Honda|you dont have to be rude
|
|switch|p1a: Bust a Rime|Mr. Rime, M|71/100
|-damage|p1a: Bust a Rime|46/100|[from] Stealth Rock
|turn|20
|c|☆ASSOLO IL RE|u were rude last time dawg
|
|move|p1a: Bust a Rime|Focus Blast|p2a: Scrafty|[miss]
|-miss|p1a: Bust a Rime|p2a: Scrafty
|move|p2a: Scrafty|Drain Punch|p1a: Bust a Rime
|-damage|p1a: Bust a Rime|0 fnt
|-heal|p2a: Scrafty|100/100|[from] drain|[of] p1a: Bust a Rime
|faint|p1a: Bust a Rime
|
|upkeep
|c|☆Shiori Honda|tf did i do
|
|switch|p1a: V Gundam|Vikavolt, M|79/100
|-damage|p1a: V Gundam|54/100|[from] Stealth Rock
|turn|21
|
|move|p1a: V Gundam|Bug Buzz|p2a: Scrafty
|-damage|p2a: Scrafty|67/100
|move|p2a: Scrafty|Drain Punch|p1a: V Gundam
|-resisted|p1a: V Gundam
|-damage|p1a: V Gundam|36/100
|-heal|p2a: Scrafty|77/100|[from] drain|[of] p1a: V Gundam
|
|-heal|p2a: Scrafty|83/100|[from] item: Leftovers
|upkeep
|turn|22
|
|move|p1a: V Gundam|Bug Buzz|p2a: Scrafty
|-damage|p2a: Scrafty|52/100
|move|p2a: Scrafty|Drain Punch|p1a: V Gundam
|-resisted|p1a: V Gundam
|-damage|p1a: V Gundam|20/100
|-heal|p2a: Scrafty|61/100|[from] drain|[of] p1a: V Gundam
|
|-heal|p2a: Scrafty|67/100|[from] item: Leftovers
|upkeep
|turn|23
|c|+Ramolost|y
|c|+Ramolost|do u click
|c|+Ramolost|dpunch
|
|move|p1a: V Gundam|Bug Buzz|p2a: Scrafty
|-damage|p2a: Scrafty|36/100
|move|p2a: Scrafty|Rest|p2a: Scrafty
|-status|p2a: Scrafty|slp|[from] move: Rest
|-heal|p2a: Scrafty|100/100 slp|[silent]
|
|-activate|p2a: Scrafty|ability: Shed Skin
|-curestatus|p2a: Scrafty|slp|[msg]
|upkeep
|turn|24
|
|move|p1a: V Gundam|Roost|p1a: V Gundam
|-heal|p1a: V Gundam|70/100
|-singleturn|p1a: V Gundam|move: Roost
|move|p2a: Scrafty|Knock Off|p1a: V Gundam
|-damage|p1a: V Gundam|40/100
|
|upkeep
|turn|25
|
|move|p1a: V Gundam|Roost|p1a: V Gundam
|-heal|p1a: V Gundam|90/100
|-singleturn|p1a: V Gundam|move: Roost
|move|p2a: Scrafty|Bulk Up|p2a: Scrafty
|-boost|p2a: Scrafty|atk|1
|-boost|p2a: Scrafty|def|1
|
|upkeep
|turn|26
|
|move|p1a: V Gundam|Bug Buzz|p2a: Scrafty
|-damage|p2a: Scrafty|71/100
|move|p2a: Scrafty|Knock Off|p1a: V Gundam
|-damage|p1a: V Gundam|53/100
|
|-heal|p2a: Scrafty|77/100|[from] item: Leftovers
|upkeep
|turn|27
|
|move|p1a: V Gundam|Bug Buzz|p2a: Scrafty
|-damage|p2a: Scrafty|48/100
|move|p2a: Scrafty|Bulk Up|p2a: Scrafty
|-boost|p2a: Scrafty|atk|1
|-boost|p2a: Scrafty|def|1
|
|-heal|p2a: Scrafty|54/100|[from] item: Leftovers
|upkeep
|turn|28
|
|move|p1a: V Gundam|Bug Buzz|p2a: Scrafty
|-crit|p2a: Scrafty
|-damage|p2a: Scrafty|5/100
|move|p2a: Scrafty|Rest|p2a: Scrafty
|-status|p2a: Scrafty|slp|[from] move: Rest
|-heal|p2a: Scrafty|100/100 slp|[silent]
|
|upkeep
|turn|29
|
|move|p1a: V Gundam|Bug Buzz|p2a: Scrafty
|-damage|p2a: Scrafty|67/100 slp
|cant|p2a: Scrafty|slp
|
|-heal|p2a: Scrafty|73/100 slp|[from] item: Leftovers
|upkeep
|turn|30
|
|move|p1a: V Gundam|Bug Buzz|p2a: Scrafty
|-damage|p2a: Scrafty|41/100 slp
|cant|p2a: Scrafty|slp
|
|-heal|p2a: Scrafty|47/100 slp|[from] item: Leftovers
|upkeep
|turn|31
|
|move|p1a: V Gundam|Roost|p1a: V Gundam
|-heal|p1a: V Gundam|100/100
|-singleturn|p1a: V Gundam|move: Roost
|-curestatus|p2a: Scrafty|slp|[msg]
|move|p2a: Scrafty|Rest|p2a: Scrafty
|-status|p2a: Scrafty|slp|[from] move: Rest
|-heal|p2a: Scrafty|100/100 slp|[silent]
|
|upkeep
|turn|32
|
|move|p1a: V Gundam|Bug Buzz|p2a: Scrafty
|-damage|p2a: Scrafty|70/100 slp
|cant|p2a: Scrafty|slp
|
|-heal|p2a: Scrafty|76/100 slp|[from] item: Leftovers
|upkeep
|turn|33
|
|move|p1a: V Gundam|Bug Buzz|p2a: Scrafty
|-damage|p2a: Scrafty|46/100 slp
|cant|p2a: Scrafty|slp
|
|-heal|p2a: Scrafty|52/100 slp|[from] item: Leftovers
|upkeep
|turn|34
|
|move|p1a: V Gundam|Bug Buzz|p2a: Scrafty
|-damage|p2a: Scrafty|21/100 slp
|-curestatus|p2a: Scrafty|slp|[msg]
|move|p2a: Scrafty|Rest|p2a: Scrafty
|-status|p2a: Scrafty|slp|[from] move: Rest
|-heal|p2a: Scrafty|100/100 slp|[silent]
|
|upkeep
|turn|35
|
|move|p1a: V Gundam|Bug Buzz|p2a: Scrafty
|-damage|p2a: Scrafty|68/100 slp
|cant|p2a: Scrafty|slp
|
|-activate|p2a: Scrafty|ability: Shed Skin
|-curestatus|p2a: Scrafty|slp|[msg]
|-heal|p2a: Scrafty|74/100|[from] item: Leftovers
|upkeep
|turn|36
|
|move|p1a: V Gundam|Bug Buzz|p2a: Scrafty
|-damage|p2a: Scrafty|40/100
|move|p2a: Scrafty|Bulk Up|p2a: Scrafty
|-boost|p2a: Scrafty|atk|1
|-boost|p2a: Scrafty|def|1
|
|-heal|p2a: Scrafty|46/100|[from] item: Leftovers
|upkeep
|turn|37
|
|move|p1a: V Gundam|Bug Buzz|p2a: Scrafty
|-damage|p2a: Scrafty|15/100
|move|p2a: Scrafty|Rest|p2a: Scrafty
|-status|p2a: Scrafty|slp|[from] move: Rest
|-heal|p2a: Scrafty|100/100 slp|[silent]
|
|upkeep
|turn|38
|
|move|p1a: V Gundam|Bug Buzz|p2a: Scrafty
|-damage|p2a: Scrafty|70/100 slp
|cant|p2a: Scrafty|slp
|
|-heal|p2a: Scrafty|76/100 slp|[from] item: Leftovers
|upkeep
|turn|39
|
|move|p1a: V Gundam|Bug Buzz|p2a: Scrafty
|-damage|p2a: Scrafty|46/100 slp
|-unboost|p2a: Scrafty|spd|1
|cant|p2a: Scrafty|slp
|
|-heal|p2a: Scrafty|52/100 slp|[from] item: Leftovers
|upkeep
|turn|40
|
|move|p1a: V Gundam|Volt Switch|p2a: Scrafty
|-damage|p2a: Scrafty|15/100 slp
|
|switch|p1a: Passive Aggressive|Passimian, F|100/100|[from]move: Volt Switch
|-damage|p1a: Passive Aggressive|94/100|[from] Stealth Rock
|-curestatus|p2a: Scrafty|slp|[msg]
|move|p2a: Scrafty|Rest|p2a: Scrafty
|-status|p2a: Scrafty|slp|[from] move: Rest
|-heal|p2a: Scrafty|100/100 slp|[silent]
|
|-activate|p2a: Scrafty|ability: Shed Skin
|-curestatus|p2a: Scrafty|slp|[msg]
|upkeep
|turn|41
|
|move|p1a: Passive Aggressive|Close Combat|p2a: Scrafty
|-supereffective|p2a: Scrafty
|-damage|p2a: Scrafty|72/100
|-unboost|p1a: Passive Aggressive|def|1
|-unboost|p1a: Passive Aggressive|spd|1
|move|p2a: Scrafty|Drain Punch|p1a: Passive Aggressive
|-damage|p1a: Passive Aggressive|0 fnt
|-heal|p2a: Scrafty|100/100|[from] drain|[of] p1a: Passive Aggressive
|faint|p1a: Passive Aggressive
|
|upkeep
|
|switch|p1a: V Gundam|Vikavolt, M|100/100
|-damage|p1a: V Gundam|76/100|[from] Stealth Rock
|turn|42
|
|move|p1a: V Gundam|Volt Switch|p2a: Scrafty
|-damage|p2a: Scrafty|62/100
|
|switch|p1a: Propaganda|Silvally-Ghost|88/100|[from]move: Volt Switch
|-damage|p1a: Propaganda|76/100|[from] Stealth Rock
|move|p2a: Scrafty|Bulk Up|p2a: Scrafty
|-boost|p2a: Scrafty|atk|1
|-boost|p2a: Scrafty|def|1
|
|-heal|p2a: Scrafty|68/100|[from] item: Leftovers
|upkeep
|turn|43
|-message|Shiori Honda forfeited.
|
|win|ASSOLO IL RE
|l|☆Shiori Honda
|raw|Shiori Honda's rating: 1534 &rarr; <strong>1518</strong><br />(-16 for losing)
|raw|ASSOLO IL RE's rating: 1606 &rarr; <strong>1622</strong><br />(+16 for winning)
|c|☆ASSOLO IL RE|hax and gone
