|j|☆dragon124
|j|☆Juya
|t:|1601078365
|player|p1|dragon124|lucas|1358
|player|p2|Juya|veteranf|1333
|teamsize|p1|6
|teamsize|p2|6
|gametype|singles
|gen|8
|tier|[Gen 8] RU
|rated|
|clearpoke
|poke|p1|Indeedee-F, F|
|poke|p1|Hitmonlee, M|
|poke|p1|Passimian, M|
|poke|p1|Klefki, M|
|poke|p1|Dragalge, F|
|poke|p1|Xatu, M|
|poke|p2|Tauros, M|
|poke|p2|Klefki, M|
|poke|p2|Passimian, F|
|poke|p2|Espeon, M|
|poke|p2|Blastoise, M|
|poke|p2|Decidueye, F|
|rule|Sleep Clause Mod: Limit one foe put to sleep
|rule|Species Clause: Limit one of each Pokémon
|rule|OHKO Clause: OHKO moves are banned
|rule|Evasion Moves Clause: Evasion moves are banned
|rule|Endless Battle Clause: Forcing endless battles is banned
|rule|HP Percentage Mod: HP is shown in percentages
|rule|Dynamax Clause: You cannot dynamax
|teampreview
|c|☆Juya|glhf
|c|☆dragon124|ty
|
|t:|1601078381
|start
|switch|p1a: Passimian|Passimian, M|100/100
|switch|p2a: Passimian|Passimian, F|100/100
|turn|1
|
|t:|1601078405
|move|p2a: Passimian|U-turn|p1a: Passimian
|-resisted|p1a: Passimian
|-damage|p1a: Passimian|87/100
|
|t:|1601078409
|switch|p2a: Klefki|Klefki, M|100/100|[from]move: U-turn
|move|p1a: Passimian|Knock Off|p2a: Klefki
|-resisted|p2a: Klefki
|-damage|p2a: Klefki|87/100
|-enditem|p2a: Klefki|Light Clay|[from] move: Knock Off|[of] p1a: Passimian
|
|upkeep
|turn|2
|
|t:|1601078423
|switch|p1a: Xatu|Xatu, M|100/100
|move|p2a: Klefki|Reflect|p2a: Klefki
|-sidestart|p2: Juya|Reflect
|
|upkeep
|turn|3
|
|t:|1601078431
|move|p2a: Klefki|Light Screen|p2a: Klefki
|-sidestart|p2: Juya|move: Light Screen
|move|p1a: Xatu|Heat Wave|p2a: Klefki
|-supereffective|p2a: Klefki
|-damage|p2a: Klefki|60/100
|-status|p2a: Klefki|brn
|
|-damage|p2a: Klefki|54/100 brn|[from] brn
|upkeep
|turn|4
|
|t:|1601078437
|switch|p2a: Espeon|Espeon, M|100/100
|move|p1a: Xatu|Teleport|p1a: Xatu
|
|t:|1601078446
|switch|p1a: Passimian|Passimian, M|87/100|[from]move: Teleport
|
|upkeep
|turn|5
|
|t:|1601078457
|move|p1a: Passimian|U-turn|p2a: Espeon
|-supereffective|p2a: Espeon
|-damage|p2a: Espeon|53/100
|
|t:|1601078461
|switch|p1a: Xatu|Xatu, M|100/100|[from]move: U-turn
|move|p2a: Espeon|Psychic|p1a: Xatu
|-resisted|p1a: Xatu
|-damage|p1a: Xatu|56/100
|
|upkeep
|turn|6
|j| Taymar Keith
|
|t:|1601078468
|move|p2a: Espeon|Psychic|p1a: Xatu
|-resisted|p1a: Xatu
|-crit|p1a: Xatu
|-damage|p1a: Xatu|0 fnt
|faint|p1a: Xatu
|
|-sideend|p2: Juya|Reflect
|upkeep
|
|t:|1601078475
|switch|p1a: Passimian|Passimian, M|87/100
|turn|7
|
|t:|1601078482
|switch|p2a: Klefki|Klefki, M|54/100 brn
|move|p1a: Passimian|U-turn|p2a: Klefki
|-resisted|p2a: Klefki
|-damage|p2a: Klefki|49/100 brn
|
|t:|1601078499
|switch|p1a: Klefki|Klefki, M|100/100|[from]move: U-turn
|
|-damage|p2a: Klefki|43/100 brn|[from] brn
|-sideend|p2: Juya|move: Light Screen
|upkeep
|turn|8
|
|t:|1601078514
|switch|p1a: Passimian|Passimian, M|87/100
|switch|p2a: Decidueye|Decidueye, F|100/100
|
|upkeep
|turn|9
|
|t:|1601078522
|switch|p2a: Passimian|Passimian, F|100/100
|move|p1a: Passimian|Knock Off|p2a: Passimian
|-resisted|p2a: Passimian
|-damage|p2a: Passimian|83/100
|-enditem|p2a: Passimian|Choice Scarf|[from] move: Knock Off|[of] p1a: Passimian
|
|upkeep
|turn|10
|
|t:|1601078530
|switch|p1a: Klefki|Klefki, M|100/100
|move|p2a: Passimian|U-turn|p1a: Klefki
|-resisted|p1a: Klefki
|-damage|p1a: Klefki|94/100
|
|t:|1601078534
|switch|p2a: Decidueye|Decidueye, F|100/100|[from]move: U-turn
|
|-heal|p1a: Klefki|99/100|[from] item: Leftovers
|upkeep
|turn|11
|
|t:|1601078544
|move|p1a: Klefki|Spikes|p2a: Decidueye
|-sidestart|p2: Juya|Spikes
|move|p2a: Decidueye|Substitute|p2a: Decidueye
|-start|p2a: Decidueye|Substitute
|-damage|p2a: Decidueye|76/100
|
|-heal|p1a: Klefki|100/100|[from] item: Leftovers
|-heal|p2a: Decidueye|82/100|[from] item: Leftovers
|upkeep
|turn|12
|
|t:|1601078555
|move|p1a: Klefki|Dazzling Gleam|p2a: Decidueye
|-activate|p2a: Decidueye|move: Substitute|[damage]
|move|p2a: Decidueye|Spirit Shackle|p1a: Klefki
|-damage|p1a: Klefki|56/100
|-activate|p1a: Klefki|trapped
|
|-heal|p1a: Klefki|62/100|[from] item: Leftovers
|-heal|p2a: Decidueye|88/100|[from] item: Leftovers
|upkeep
|turn|13
|
|t:|1601078560
|move|p1a: Klefki|Spikes|p2a: Decidueye
|-sidestart|p2: Juya|Spikes
|move|p2a: Decidueye|Swords Dance|p2a: Decidueye
|-boost|p2a: Decidueye|atk|2
|
|-heal|p1a: Klefki|68/100|[from] item: Leftovers
|-heal|p2a: Decidueye|94/100|[from] item: Leftovers
|upkeep
|turn|14
|
|t:|1601078563
|move|p1a: Klefki|Dazzling Gleam|p2a: Decidueye
|-end|p2a: Decidueye|Substitute
|move|p2a: Decidueye|Swords Dance|p2a: Decidueye
|-boost|p2a: Decidueye|atk|2
|
|-heal|p1a: Klefki|74/100|[from] item: Leftovers
|-heal|p2a: Decidueye|99/100|[from] item: Leftovers
|upkeep
|turn|15
|
|t:|1601078566
|move|p1a: Klefki|Spikes|p2a: Decidueye
|-sidestart|p2: Juya|Spikes
|move|p2a: Decidueye|Substitute|p2a: Decidueye
|-start|p2a: Decidueye|Substitute
|-damage|p2a: Decidueye|75/100
|
|-heal|p1a: Klefki|80/100|[from] item: Leftovers
|-heal|p2a: Decidueye|82/100|[from] item: Leftovers
|upkeep
|turn|16
|
|t:|1601078569
|move|p1a: Klefki|Dazzling Gleam|p2a: Decidueye
|-activate|p2a: Decidueye|move: Substitute|[damage]
|move|p2a: Decidueye|Spirit Shackle|p1a: Klefki
|-damage|p1a: Klefki|0 fnt
|faint|p1a: Klefki
|
|-heal|p2a: Decidueye|88/100|[from] item: Leftovers
|upkeep
|
|t:|1601078579
|switch|p1a: Passimian|Passimian, M|87/100
|turn|17
|
|t:|1601078584
|move|p1a: Passimian|U-turn|p2a: Decidueye
|-end|p2a: Decidueye|Substitute
|
|t:|1601078587
|switch|p1a: Indeedee|Indeedee-F, F|100/100|[from]move: U-turn
|-fieldstart|move: Psychic Terrain|[from] ability: Psychic Surge|[of] p1a: Indeedee
|move|p2a: Decidueye|Leaf Blade|p1a: Indeedee
|-damage|p1a: Indeedee|0 fnt
|faint|p1a: Indeedee
|
|-heal|p2a: Decidueye|94/100|[from] item: Leftovers
|upkeep
|
|t:|1601078591
|switch|p1a: Hitmonlee|Hitmonlee, M|100/100
|-enditem|p1a: Hitmonlee|Psychic Seed
|-boost|p1a: Hitmonlee|spd|1|[from] item: Psychic Seed
|turn|18
|
|t:|1601078612
|move|p1a: Hitmonlee|Knock Off|p2a: Decidueye
|-supereffective|p2a: Decidueye
|-damage|p2a: Decidueye|5/100
|-enditem|p2a: Decidueye|Leftovers|[from] move: Knock Off|[of] p1a: Hitmonlee
|move|p2a: Decidueye|Spirit Shackle|p1a: Hitmonlee
|-crit|p1a: Hitmonlee
|-damage|p1a: Hitmonlee|0 fnt
|faint|p1a: Hitmonlee
|
|upkeep
|
|t:|1601078618
|switch|p1a: Passimian|Passimian, M|87/100
|turn|19
|
|t:|1601078626
|move|p1a: Passimian|U-turn|p2a: Decidueye
|-damage|p2a: Decidueye|0 fnt
|faint|p2a: Decidueye
|
|t:|1601078629
|switch|p1a: Dragalge|Dragalge, F|100/100|[from]move: U-turn
|
|upkeep
|
|t:|1601078633
|switch|p2a: Espeon|Espeon, M|53/100
|-damage|p2a: Espeon|28/100|[from] Spikes
|turn|20
|
|t:|1601078641
|move|p2a: Espeon|Psychic|p1a: Dragalge
|-supereffective|p1a: Dragalge
|-damage|p1a: Dragalge|0 fnt
|faint|p1a: Dragalge
|
|upkeep
|
|t:|1601078643
|switch|p1a: Passimian|Passimian, M|87/100
|turn|21
|
|t:|1601078648
|move|p1a: Passimian|Close Combat|p2a: Espeon
|-resisted|p2a: Espeon
|-damage|p2a: Espeon|0 fnt
|-unboost|p1a: Passimian|def|1
|-unboost|p1a: Passimian|spd|1
|faint|p2a: Espeon
|
|-fieldend|move: Psychic Terrain
|upkeep
|
|t:|1601078662
|switch|p2a: Klefki|Klefki, M|43/100 brn
|-damage|p2a: Klefki|18/100 brn|[from] Spikes
|turn|22
|
|t:|1601078665
|move|p2a: Klefki|Reflect|p2a: Klefki
|-sidestart|p2: Juya|Reflect
|move|p1a: Passimian|Close Combat|p2a: Klefki
|-damage|p2a: Klefki|0 fnt
|-unboost|p1a: Passimian|def|1
|-unboost|p1a: Passimian|spd|1
|faint|p2a: Klefki
|
|upkeep
|
|t:|1601078669
|switch|p2a: Blastoise|Blastoise, M|100/100
|-damage|p2a: Blastoise|76/100|[from] Spikes
|turn|23
|
|t:|1601078673
|move|p1a: Passimian|Close Combat|p2a: Blastoise
|-damage|p2a: Blastoise|44/100
|-unboost|p1a: Passimian|def|1
|-unboost|p1a: Passimian|spd|1
|move|p2a: Blastoise|Surf|p1a: Passimian
|-damage|p1a: Passimian|0 fnt
|faint|p1a: Passimian
|
|win|Juya
|c|☆dragon124|gg
|c|☆Juya|gg
|l|☆dragon124
|raw|dragon124's rating: 1358 &rarr; <strong>1336</strong><br />(-22 for losing)
|raw|Juya's rating: 1333 &rarr; <strong>1354</strong><br />(+21 for winning)
