|raw|<div class="broadcast-blue"><strong>This battle is required to be public due to a player having a name starting with 'rult50'.</div>
|j|☆RULT50A hjkhj
|j|☆Luxnuv08
|t:|1625772944
|gametype|singles
|player|p1|RULT50A hjkhj|infielder|1578
|player|p2|Luxnuv08|marley|1463
|teamsize|p1|6
|teamsize|p2|6
|gen|8
|tier|[Gen 8] RU
|rated|
|rule|Sleep Clause Mod: Limit one foe put to sleep
|rule|Species Clause: Limit one of each Pokémon
|rule|OHKO Clause: OHKO moves are banned
|rule|Evasion Moves Clause: Evasion moves are banned
|rule|Endless Battle Clause: Forcing endless battles is banned
|rule|HP Percentage Mod: HP is shown in percentages
|rule|Dynamax Clause: You cannot dynamax
|clearpoke
|poke|p1|Quagsire, F|
|poke|p1|Articuno|
|poke|p1|Registeel|
|poke|p1|Umbreon, M|
|poke|p1|Weezing, M|
|poke|p1|Necrozma|
|poke|p2|Ninetales-Alola, M|
|poke|p2|Necrozma|
|poke|p2|Cloyster, M|
|poke|p2|Polteageist|
|poke|p2|Togekiss, M|
|poke|p2|Flygon, M|
|teampreview
|inactive|Battle timer is ON: inactive players will automatically lose when time's up. (requested by RULT50A hjkhj)
|
|t:|1625772968
|start
|switch|p1a: Weezing|Weezing, M|100/100
|switch|p2a: Flygon|Flygon, M|100/100
|-ability|p1a: Weezing|Neutralizing Gas
|turn|1
|j| RULT50Y DR Stone
|
|t:|1625772980
|switch|p2a: Togekiss|Togekiss, M|100/100
|move|p1a: Weezing|Toxic Spikes|p2a: Togekiss
|-sidestart|p2: Luxnuv08|move: Toxic Spikes
|
|upkeep
|turn|2
|
|t:|1625772992
|-end|p1a: Weezing|ability: Neutralizing Gas
|switch|p1a: Umbreon|Umbreon, M|100/100
|move|p2a: Togekiss|Nasty Plot|p2a: Togekiss
|-boost|p2a: Togekiss|spa|2
|
|upkeep
|turn|3
|
|t:|1625772996
|move|p2a: Togekiss|Air Slash|p1a: Umbreon
|-crit|p1a: Umbreon
|-damage|p1a: Umbreon|51/100
|move|p1a: Umbreon|Toxic|p2a: Togekiss
|-status|p2a: Togekiss|tox
|
|-heal|p1a: Umbreon|57/100|[from] item: Leftovers
|-damage|p2a: Togekiss|94/100 tox|[from] psn
|upkeep
|turn|4
|
|t:|1625773002
|move|p2a: Togekiss|Air Slash|p1a: Umbreon|[miss]
|-miss|p2a: Togekiss|p1a: Umbreon
|move|p1a: Umbreon|Moonlight|p1a: Umbreon
|-heal|p1a: Umbreon|100/100
|
|-damage|p2a: Togekiss|82/100 tox|[from] psn
|upkeep
|turn|5
|c|☆Luxnuv08|Fantastic
|j| Gt0x
|
|t:|1625773015
|switch|p2a: Ninetales|Ninetales-Alola, M|100/100
|-weather|Hail|[from] ability: Snow Warning|[of] p2a: Ninetales
|move|p1a: Umbreon|Foul Play|p2a: Ninetales
|-resisted|p2a: Ninetales
|-damage|p2a: Ninetales|83/100
|
|-weather|Hail|[upkeep]
|-damage|p1a: Umbreon|94/100|[from] Hail
|-heal|p1a: Umbreon|100/100|[from] item: Leftovers
|upkeep
|turn|6
|
|t:|1625773021
|switch|p1a: Registeel|Registeel|100/100
|move|p2a: Ninetales|Aurora Veil|p2a: Ninetales
|-sidestart|p2: Luxnuv08|move: Aurora Veil
|
|-weather|Hail|[upkeep]
|-damage|p1a: Registeel|94/100|[from] Hail
|-heal|p1a: Registeel|100/100|[from] item: Leftovers
|upkeep
|turn|7
|
|t:|1625773025
|move|p2a: Ninetales|Hypnosis|p1a: Registeel
|-status|p1a: Registeel|slp|[from] move: Hypnosis
|cant|p1a: Registeel|slp
|
|-weather|Hail|[upkeep]
|-damage|p1a: Registeel|94/100 slp|[from] Hail
|-heal|p1a: Registeel|100/100 slp|[from] item: Leftovers
|upkeep
|turn|8
|
|t:|1625773028
|switch|p2a: Flygon|Flygon, M|100/100
|cant|p1a: Registeel|slp
|
|-weather|Hail|[upkeep]
|-damage|p2a: Flygon|95/100|[from] Hail
|-damage|p1a: Registeel|94/100 slp|[from] Hail
|-heal|p1a: Registeel|100/100 slp|[from] item: Leftovers
|upkeep
|turn|9
|
|t:|1625773032
|move|p2a: Flygon|Dragon Dance|p2a: Flygon
|-boost|p2a: Flygon|atk|1
|-boost|p2a: Flygon|spe|1
|cant|p1a: Registeel|slp
|
|-weather|none
|upkeep
|turn|10
|
|t:|1625773035
|switch|p1a: Quagsire|Quagsire, F|100/100
|move|p2a: Flygon|Earthquake|p1a: Quagsire
|-damage|p1a: Quagsire|55/100
|-damage|p2a: Flygon|85/100|[from] item: Life Orb
|
|-sideend|p2: Luxnuv08|move: Aurora Veil
|upkeep
|turn|11
|
|t:|1625773043
|move|p2a: Flygon|Outrage|p1a: Quagsire
|-damage|p1a: Quagsire|0 fnt
|faint|p1a: Quagsire
|-damage|p2a: Flygon|75/100|[from] item: Life Orb
|
|upkeep
|
|t:|1625773066
|switch|p1a: Necrozma|Necrozma|100/100
|turn|12
|
|t:|1625773068
|move|p2a: Flygon|Outrage|p1a: Necrozma|[from]lockedmove
|-damage|p1a: Necrozma|16/100
|-damage|p2a: Flygon|65/100|[from] item: Life Orb
|-start|p2a: Flygon|confusion|[fatigue]
|move|p1a: Necrozma|Photon Geyser|p2a: Flygon
|-damage|p2a: Flygon|9/100
|
|-heal|p1a: Necrozma|22/100|[from] item: Leftovers
|upkeep
|turn|13
|
|t:|1625773074
|-activate|p2a: Flygon|confusion
|move|p2a: Flygon|Earthquake|p1a: Necrozma
|-damage|p1a: Necrozma|0 fnt
|faint|p1a: Necrozma
|-damage|p2a: Flygon|0 fnt|[from] item: Life Orb
|faint|p2a: Flygon
|
|upkeep
|
|t:|1625773087
|switch|p2a: Ninetales|Ninetales-Alola, M|83/100
|switch|p1a: Registeel|Registeel|100/100 slp
|-weather|Hail|[from] ability: Snow Warning|[of] p2a: Ninetales
|turn|14
|
|t:|1625773097
|switch|p2a: Necrozma|Necrozma|100/100
|-status|p2a: Necrozma|psn
|-curestatus|p1a: Registeel|slp|[msg]
|move|p1a: Registeel|Toxic||[still]
|-fail|p1a: Registeel
|
|-weather|Hail|[upkeep]
|-damage|p2a: Necrozma|95/100 psn|[from] Hail
|-damage|p1a: Registeel|94/100|[from] Hail
|-heal|p1a: Registeel|100/100|[from] item: Leftovers
|-damage|p2a: Necrozma|82/100 psn|[from] psn
|upkeep
|turn|15
|
|t:|1625773102
|switch|p1a: Articuno|Articuno|100/100
|-ability|p1a: Articuno|Pressure
|move|p2a: Necrozma|Stealth Rock|p1a: Articuno
|-sidestart|p1: RULT50A hjkhj|move: Stealth Rock
|
|-weather|Hail|[upkeep]
|-damage|p2a: Necrozma|76/100 psn|[from] Hail
|-damage|p2a: Necrozma|64/100 psn|[from] psn
|upkeep
|turn|16
|j| RULT50A rak ✞
|
|t:|1625773112
|move|p1a: Articuno|Freeze-Dry|p2a: Necrozma
|-damage|p2a: Necrozma|38/100 psn
|move|p2a: Necrozma|Meteor Beam||[still]
|-prepare|p2a: Necrozma|Meteor Beam
|-boost|p2a: Necrozma|spa|1
|-enditem|p2a: Necrozma|Power Herb
|-anim|p2a: Necrozma|Meteor Beam|p1a: Articuno|[miss]
|-miss|p2a: Necrozma|p1a: Articuno
|
|-weather|Hail|[upkeep]
|-damage|p2a: Necrozma|32/100 psn|[from] Hail
|-damage|p2a: Necrozma|20/100 psn|[from] psn
|upkeep
|turn|17
|inactive|Luxnuv08 has 120 seconds left.
|
|t:|1625773155
|move|p1a: Articuno|Freeze-Dry|p2a: Necrozma
|-damage|p2a: Necrozma|0 fnt
|faint|p2a: Necrozma
|
|-weather|Hail|[upkeep]
|upkeep
|
|t:|1625773158
|switch|p2a: Cloyster|Cloyster, M|100/100
|-status|p2a: Cloyster|psn
|turn|18
|
|t:|1625773162
|switch|p1a: Weezing|Weezing, M|100/100
|-ability|p1a: Weezing|Neutralizing Gas
|-damage|p1a: Weezing|88/100|[from] Stealth Rock
|switch|p2a: Togekiss|Togekiss, M|82/100 tox
|
|-weather|none
|-heal|p1a: Weezing|94/100|[from] item: Black Sludge
|-damage|p2a: Togekiss|76/100 tox|[from] psn
|upkeep
|turn|19
|
|t:|1625773166
|-end|p1a: Weezing|ability: Neutralizing Gas
|switch|p1a: Articuno|Articuno|100/100
|-ability|p1a: Articuno|Pressure
|move|p2a: Togekiss|Nasty Plot|p2a: Togekiss
|-boost|p2a: Togekiss|spa|2
|
|-damage|p2a: Togekiss|64/100 tox|[from] psn
|upkeep
|turn|20
|
|t:|1625773171
|move|p1a: Articuno|Haze|p1a: Articuno
|-clearallboost
|move|p2a: Togekiss|Flamethrower|p1a: Articuno
|-supereffective|p1a: Articuno
|-damage|p1a: Articuno|67/100
|
|-damage|p2a: Togekiss|45/100 tox|[from] psn
|upkeep
|turn|21
|
|t:|1625773176
|switch|p2a: Ninetales|Ninetales-Alola, M|83/100
|-weather|Hail|[from] ability: Snow Warning|[of] p2a: Ninetales
|move|p1a: Articuno|Freeze-Dry|p2a: Ninetales
|-resisted|p2a: Ninetales
|-damage|p2a: Ninetales|70/100
|
|-weather|Hail|[upkeep]
|upkeep
|turn|22
|
|t:|1625773180
|move|p2a: Ninetales|Hypnosis|p1a: Articuno|[miss]
|-miss|p2a: Ninetales|p1a: Articuno
|move|p1a: Articuno|Roost|p1a: Articuno
|-heal|p1a: Articuno|100/100
|-singleturn|p1a: Articuno|move: Roost
|
|-weather|Hail|[upkeep]
|upkeep
|turn|23
|
|t:|1625773184
|move|p2a: Ninetales|Hypnosis|p1a: Articuno
|-status|p1a: Articuno|slp|[from] move: Hypnosis
|cant|p1a: Articuno|slp
|
|-weather|Hail|[upkeep]
|upkeep
|turn|24
|
|t:|1625773187
|switch|p2a: Cloyster|Cloyster, M|100/100 psn
|switch|p1a: Registeel|Registeel|100/100
|-damage|p1a: Registeel|94/100|[from] Stealth Rock
|
|-weather|Hail|[upkeep]
|-damage|p1a: Registeel|88/100|[from] Hail
|-heal|p1a: Registeel|94/100|[from] item: Leftovers
|-damage|p2a: Cloyster|88/100 psn|[from] psn
|upkeep
|turn|25
|
|t:|1625773192
|switch|p1a: Weezing|Weezing, M|94/100
|-ability|p1a: Weezing|Neutralizing Gas
|-damage|p1a: Weezing|82/100|[from] Stealth Rock
|move|p2a: Cloyster|Shell Smash|p2a: Cloyster
|-unboost|p2a: Cloyster|def|1
|-unboost|p2a: Cloyster|spd|1
|-boost|p2a: Cloyster|atk|2
|-boost|p2a: Cloyster|spa|2
|-boost|p2a: Cloyster|spe|2
|
|-weather|none
|-heal|p1a: Weezing|88/100|[from] item: Black Sludge
|-damage|p2a: Cloyster|76/100 psn|[from] psn
|upkeep
|turn|26
|
|t:|1625773195
|move|p2a: Cloyster|Icicle Spear|p1a: Weezing
|-damage|p1a: Weezing|74/100
|-damage|p1a: Weezing|61/100
|-damage|p1a: Weezing|46/100
|-hitcount|p1a: Weezing|3
|move|p1a: Weezing|Sludge Bomb|p2a: Cloyster
|-damage|p2a: Cloyster|0 fnt
|faint|p2a: Cloyster
|
|-heal|p1a: Weezing|52/100|[from] item: Black Sludge
|upkeep
|l| RULT50Y DR Stone
|inactive|Luxnuv08 has 120 seconds left.
|inactive|Luxnuv08 has 90 seconds left.
|
|t:|1625773270
|switch|p2a: Ninetales|Ninetales-Alola, M|70/100
|turn|27
|
|t:|1625773275
|-end|p1a: Weezing|ability: Neutralizing Gas
|-weather|Hail|[from] ability: Snow Warning|[of] p2a: Ninetales
|switch|p1a: Registeel|Registeel|94/100
|-damage|p1a: Registeel|88/100|[from] Stealth Rock
|move|p2a: Ninetales|Freeze-Dry|p1a: Registeel
|-resisted|p1a: Registeel
|-damage|p1a: Registeel|82/100
|
|-weather|Hail|[upkeep]
|-damage|p1a: Registeel|76/100|[from] Hail
|-heal|p1a: Registeel|82/100|[from] item: Leftovers
|upkeep
|turn|28
|
|t:|1625773279
|move|p2a: Ninetales|Aurora Veil|p2a: Ninetales
|-sidestart|p2: Luxnuv08|move: Aurora Veil
|move|p1a: Registeel|Seismic Toss|p2a: Ninetales
|-damage|p2a: Ninetales|35/100
|
|-weather|Hail|[upkeep]
|-damage|p1a: Registeel|76/100|[from] Hail
|-heal|p1a: Registeel|82/100|[from] item: Leftovers
|upkeep
|turn|29
|
|t:|1625773284
|switch|p2a: Togekiss|Togekiss, M|45/100 tox
|move|p1a: Registeel|Stealth Rock|p2a: Togekiss
|-sidestart|p2: Luxnuv08|move: Stealth Rock
|
|-weather|Hail|[upkeep]
|-damage|p2a: Togekiss|39/100 tox|[from] Hail
|-damage|p1a: Registeel|76/100|[from] Hail
|-heal|p1a: Registeel|82/100|[from] item: Leftovers
|-damage|p2a: Togekiss|33/100 tox|[from] psn
|upkeep
|turn|30
|
|t:|1625773287
|move|p2a: Togekiss|Flamethrower|p1a: Registeel
|-supereffective|p1a: Registeel
|-crit|p1a: Registeel
|-damage|p1a: Registeel|44/100
|move|p1a: Registeel|Seismic Toss|p2a: Togekiss
|-damage|p2a: Togekiss|6/100 tox
|
|-weather|Hail|[upkeep]
|-damage|p2a: Togekiss|0 fnt|[from] Hail
|-damage|p1a: Registeel|38/100|[from] Hail
|faint|p2a: Togekiss
|-heal|p1a: Registeel|44/100|[from] item: Leftovers
|upkeep
|
|t:|1625773290
|switch|p2a: Polteageist|Polteageist|100/100
|-damage|p2a: Polteageist|88/100|[from] Stealth Rock
|-status|p2a: Polteageist|psn
|turn|31
|
|t:|1625773293
|switch|p1a: Umbreon|Umbreon, M|100/100
|-damage|p1a: Umbreon|88/100|[from] Stealth Rock
|move|p2a: Polteageist|Strength Sap|p1a: Umbreon
|-unboost|p1a: Umbreon|atk|1
|-heal|p2a: Polteageist|100/100 psn
|
|-weather|none
|-heal|p1a: Umbreon|94/100|[from] item: Leftovers
|-damage|p2a: Polteageist|88/100 psn|[from] psn
|upkeep
|turn|32
|
|t:|1625773298
|move|p2a: Polteageist|Shell Smash|p2a: Polteageist
|-unboost|p2a: Polteageist|def|1
|-unboost|p2a: Polteageist|spd|1
|-boost|p2a: Polteageist|atk|2
|-boost|p2a: Polteageist|spa|2
|-boost|p2a: Polteageist|spe|2
|-enditem|p2a: Polteageist|White Herb
|-clearnegativeboost|p2a: Polteageist|[silent]
|move|p1a: Umbreon|Foul Play|p2a: Polteageist
|-supereffective|p2a: Polteageist
|-damage|p2a: Polteageist|19/100 psn
|-start|p1a: Umbreon|Disable|Foul Play|[from] ability: Cursed Body|[of] p2a: Polteageist
|
|-heal|p1a: Umbreon|99/100|[from] item: Leftovers
|-damage|p2a: Polteageist|7/100 psn|[from] psn
|-sideend|p2: Luxnuv08|move: Aurora Veil
|upkeep
|turn|33
|
|t:|1625773303
|move|p2a: Polteageist|Strength Sap|p1a: Umbreon
|-unboost|p1a: Umbreon|atk|1
|-heal|p2a: Polteageist|41/100 psn
|move|p1a: Umbreon|Moonlight|p1a: Umbreon
|-heal|p1a: Umbreon|100/100
|
|-damage|p2a: Polteageist|29/100 psn|[from] psn
|upkeep
|turn|34
|
|t:|1625773310
|move|p2a: Polteageist|Shadow Ball|p1a: Umbreon
|-resisted|p1a: Umbreon
|-damage|p1a: Umbreon|75/100
|move|p1a: Umbreon|Moonlight|p1a: Umbreon
|-heal|p1a: Umbreon|100/100
|
|-damage|p2a: Polteageist|17/100 psn|[from] psn
|upkeep
|turn|35
|
|t:|1625773313
|move|p2a: Polteageist|Giga Drain|p1a: Umbreon
|-crit|p1a: Umbreon
|-damage|p1a: Umbreon|58/100
|-heal|p2a: Polteageist|49/100 psn|[from] drain|[of] p1a: Umbreon
|move|p1a: Umbreon|Moonlight|p1a: Umbreon
|-heal|p1a: Umbreon|100/100
|
|-damage|p2a: Polteageist|37/100 psn|[from] psn
|-end|p1a: Umbreon|Disable
|upkeep
|turn|36
|c|☆Luxnuv08|Bg
|-message|Luxnuv08 forfeited.
|
|win|RULT50A hjkhj
|raw|RULT50A hjkhj's rating: 1578 &rarr; <strong>1592</strong><br />(+14 for winning)
|raw|Luxnuv08's rating: 1463 &rarr; <strong>1449</strong><br />(-14 for losing)
|l|☆Luxnuv08
|l|☆RULT50A hjkhj
||Ladder isn't responding, score probably updated but might not have (Request timeout).
