|j|☆Trashjuice99
|j|☆Glidinganteater
|t:|1622686896
|gametype|singles
|player|p1|Trashjuice99|cynthia-gen4|1296
|player|p2|Glidinganteater|palmer|1283
|teamsize|p1|6
|teamsize|p2|6
|gen|8
|tier|[Gen 8] RU
|rated|
|rule|Sleep Clause Mod: Limit one foe put to sleep
|rule|Species Clause: Limit one of each Pokémon
|rule|OHKO Clause: OHKO moves are banned
|rule|Evasion Moves Clause: Evasion moves are banned
|rule|Endless Battle Clause: Forcing endless battles is banned
|rule|HP Percentage Mod: HP is shown in percentages
|rule|Dynamax Clause: You cannot dynamax
|clearpoke
|poke|p1|Togekiss, M|
|poke|p1|Reuniclus, M|
|poke|p1|Bewear, F|
|poke|p1|Suicune|
|poke|p1|Xurkitree|
|poke|p1|Chandelure, F|
|poke|p2|Cresselia, F|
|poke|p2|Diancie|
|poke|p2|Cobalion|
|poke|p2|Gastrodon, M|
|poke|p2|Golisopod, M|
|poke|p2|Tsareena, F|
|teampreview
|
|t:|1622686911
|start
|switch|p1a: Xurkitree|Xurkitree, shiny|100/100
|switch|p2a: Tsareena|Tsareena, F|100/100
|turn|1
|
|t:|1622686916
|move|p1a: Xurkitree|Volt Switch|p2a: Tsareena
|-resisted|p2a: Tsareena
|-damage|p2a: Tsareena|74/100
|
|t:|1622686919
|switch|p1a: Bewear|Bewear, F|100/100|[from]move: Volt Switch
|move|p2a: Tsareena|Knock Off|p1a: Bewear
|-resisted|p1a: Bewear
|-crit|p1a: Bewear
|-damage|p1a: Bewear|92/100
|-damage|p2a: Tsareena|58/100|[from] item: Rocky Helmet|[of] p1a: Bewear
|-enditem|p1a: Bewear|Rocky Helmet|[from] move: Knock Off|[of] p2a: Tsareena
|
|upkeep
|turn|2
|
|t:|1622686932
|move|p2a: Tsareena|U-turn|p1a: Bewear
|-resisted|p1a: Bewear
|-damage|p1a: Bewear|88/100
|
|t:|1622686940
|switch|p2a: Diancie|Diancie|100/100|[from]move: U-turn
|move|p1a: Bewear|Swords Dance|p1a: Bewear
|-boost|p1a: Bewear|atk|2
|
|upkeep
|turn|3
|
|t:|1622686955
|switch|p1a: Reuniclus|Reuniclus, M|100/100
|move|p2a: Diancie|Toxic|p1a: Reuniclus
|-status|p1a: Reuniclus|tox
|
|-damage|p1a: Reuniclus|94/100 tox|[from] psn
|upkeep
|turn|4
|
|t:|1622686963
|move|p2a: Diancie|Diamond Storm|p1a: Reuniclus
|-crit|p1a: Reuniclus
|-damage|p1a: Reuniclus|41/100 tox
|-boost|p2a: Diancie|def|2
|move|p1a: Reuniclus|Future Sight|p2a: Diancie
|-start|p1a: Reuniclus|move: Future Sight
|
|-damage|p1a: Reuniclus|29/100 tox|[from] psn
|upkeep
|turn|5
|
|t:|1622686972
|switch|p1a: Bewear|Bewear, F|88/100
|move|p2a: Diancie|Diamond Storm|p1a: Bewear
|-resisted|p1a: Bewear
|-damage|p1a: Bewear|78/100
|
|upkeep
|turn|6
|
|t:|1622686978
|move|p1a: Bewear|Drain Punch|p2a: Diancie
|-damage|p2a: Diancie|88/100
|-heal|p1a: Bewear|82/100|[from] drain|[of] p2a: Diancie
|move|p2a: Diancie|Body Press|p1a: Bewear
|-supereffective|p1a: Bewear
|-damage|p1a: Bewear|45/100
|
|-end|p2a: Diancie|move: Future Sight
|-damage|p2a: Diancie|51/100
|-heal|p2a: Diancie|57/100|[from] item: Leftovers
|upkeep
|turn|7
|
|t:|1622686999
|move|p1a: Bewear|Drain Punch|p2a: Diancie
|-damage|p2a: Diancie|44/100
|-heal|p1a: Bewear|50/100|[from] drain|[of] p2a: Diancie
|move|p2a: Diancie|Body Press|p1a: Bewear
|-supereffective|p1a: Bewear
|-damage|p1a: Bewear|15/100
|
|-heal|p2a: Diancie|50/100|[from] item: Leftovers
|upkeep
|turn|8
|
|t:|1622687008
|move|p1a: Bewear|Drain Punch|p2a: Diancie
|-crit|p2a: Diancie
|-damage|p2a: Diancie|14/100
|-heal|p1a: Bewear|28/100|[from] drain|[of] p2a: Diancie
|move|p2a: Diancie|Body Press|p1a: Bewear
|-supereffective|p1a: Bewear
|-crit|p1a: Bewear
|-damage|p1a: Bewear|0 fnt
|faint|p1a: Bewear
|
|-heal|p2a: Diancie|20/100|[from] item: Leftovers
|upkeep
|
|t:|1622687018
|switch|p1a: Suicune|Suicune, shiny|100/100
|-ability|p1a: Suicune|Pressure
|turn|9
|
|t:|1622687039
|switch|p2a: Tsareena|Tsareena, F|58/100
|move|p1a: Suicune|Scald|p2a: Tsareena
|-resisted|p2a: Tsareena
|-damage|p2a: Tsareena|43/100
|
|upkeep
|turn|10
|
|t:|1622687048
|switch|p1a: Togekiss|Togekiss, M|100/100
|move|p2a: Tsareena|Rapid Spin|p1a: Togekiss
|-damage|p1a: Togekiss|84/100
|-boost|p2a: Tsareena|spe|1
|
|upkeep
|turn|11
|
|t:|1622687055
|move|p2a: Tsareena|U-turn|p1a: Togekiss
|-resisted|p1a: Togekiss
|-damage|p1a: Togekiss|78/100
|
|t:|1622687060
|switch|p2a: Diancie|Diancie|20/100|[from]move: U-turn
|move|p1a: Togekiss|Thunder Wave|p2a: Diancie
|-status|p2a: Diancie|par
|
|-heal|p2a: Diancie|26/100 par|[from] item: Leftovers
|upkeep
|turn|12
|
|t:|1622687065
|move|p1a: Togekiss|Air Slash|p2a: Diancie
|-resisted|p2a: Diancie
|-damage|p2a: Diancie|13/100 par
|move|p2a: Diancie|Toxic|p1a: Togekiss
|-status|p1a: Togekiss|tox
|
|-heal|p2a: Diancie|19/100 par|[from] item: Leftovers
|-damage|p1a: Togekiss|72/100 tox|[from] psn
|upkeep
|turn|13
|
|t:|1622687073
|move|p1a: Togekiss|Air Slash|p2a: Diancie
|-resisted|p2a: Diancie
|-damage|p2a: Diancie|7/100 par
|move|p2a: Diancie|Heal Bell|p2a: Diancie
|-activate|p2a: Diancie|move: Heal Bell
|-curestatus|p2a: Diancie|par|[msg]
|
|-heal|p2a: Diancie|13/100|[from] item: Leftovers
|-damage|p1a: Togekiss|60/100 tox|[from] psn
|upkeep
|turn|14
|
|t:|1622687080
|move|p1a: Togekiss|Aura Sphere|p2a: Diancie
|-damage|p2a: Diancie|0 fnt
|faint|p2a: Diancie
|
|-damage|p1a: Togekiss|41/100 tox|[from] psn
|upkeep
|
|t:|1622687087
|switch|p2a: Cobalion|Cobalion|100/100
|turn|15
|
|t:|1622687099
|switch|p1a: Chandelure|Chandelure, F, shiny|100/100
|move|p2a: Cobalion|Stealth Rock|p1a: Chandelure
|-sidestart|p1: Trashjuice99|move: Stealth Rock
|
|upkeep
|turn|16
|
|t:|1622687111
|move|p2a: Cobalion|Volt Switch|p1a: Chandelure
|-damage|p1a: Chandelure|83/100
|
|t:|1622687124
|switch|p2a: Tsareena|Tsareena, F|43/100|[from]move: Volt Switch
|move|p1a: Chandelure|Flamethrower|p2a: Tsareena
|-supereffective|p2a: Tsareena
|-damage|p2a: Tsareena|0 fnt
|faint|p2a: Tsareena
|
|upkeep
|
|t:|1622687129
|switch|p2a: Golisopod|Golisopod, M|100/100
|turn|17
|
|t:|1622687134
|switch|p1a: Togekiss|Togekiss, M|41/100 tox
|move|p2a: Golisopod|Liquidation|p1a: Togekiss
|-damage|p1a: Togekiss|0 fnt
|faint|p1a: Togekiss
|
|upkeep
|
|t:|1622687139
|switch|p1a: Xurkitree|Xurkitree, shiny|100/100
|-damage|p1a: Xurkitree|88/100|[from] Stealth Rock
|turn|18
|
|t:|1622687144
|switch|p2a: Cresselia|Cresselia, F, shiny|100/100
|move|p1a: Xurkitree|Energy Ball|p2a: Cresselia
|-damage|p2a: Cresselia|76/100
|
|-heal|p2a: Cresselia|83/100|[from] item: Leftovers
|upkeep
|turn|19
|
|t:|1622687152
|switch|p1a: Suicune|Suicune, shiny|100/100
|-damage|p1a: Suicune|88/100|[from] Stealth Rock
|-ability|p1a: Suicune|Pressure
|move|p2a: Cresselia|Substitute|p2a: Cresselia
|-start|p2a: Cresselia|Substitute
|-damage|p2a: Cresselia|58/100
|
|-heal|p2a: Cresselia|64/100|[from] item: Leftovers
|-heal|p1a: Suicune|94/100|[from] item: Leftovers
|upkeep
|turn|20
|
|t:|1622687154
|move|p2a: Cresselia|Calm Mind|p2a: Cresselia
|-boost|p2a: Cresselia|spa|1
|-boost|p2a: Cresselia|spd|1
|move|p1a: Suicune|Calm Mind|p1a: Suicune
|-boost|p1a: Suicune|spa|1
|-boost|p1a: Suicune|spd|1
|
|-heal|p2a: Cresselia|70/100|[from] item: Leftovers
|-heal|p1a: Suicune|100/100|[from] item: Leftovers
|upkeep
|turn|21
|
|t:|1622687158
|move|p2a: Cresselia|Calm Mind|p2a: Cresselia
|-boost|p2a: Cresselia|spa|1
|-boost|p2a: Cresselia|spd|1
|move|p1a: Suicune|Calm Mind|p1a: Suicune
|-boost|p1a: Suicune|spa|1
|-boost|p1a: Suicune|spd|1
|
|-heal|p2a: Cresselia|76/100|[from] item: Leftovers
|upkeep
|turn|22
|
|t:|1622687169
|move|p2a: Cresselia|Calm Mind|p2a: Cresselia
|-boost|p2a: Cresselia|spa|1
|-boost|p2a: Cresselia|spd|1
|move|p1a: Suicune|Scald|p2a: Cresselia
|-activate|p2a: Cresselia|move: Substitute|[damage]
|
|-heal|p2a: Cresselia|82/100|[from] item: Leftovers
|upkeep
|turn|23
|
|t:|1622687179
|move|p2a: Cresselia|Calm Mind|p2a: Cresselia
|-boost|p2a: Cresselia|spa|1
|-boost|p2a: Cresselia|spd|1
|move|p1a: Suicune|Scald|p2a: Cresselia
|-end|p2a: Cresselia|Substitute
|
|-heal|p2a: Cresselia|89/100|[from] item: Leftovers
|upkeep
|turn|24
|
|t:|1622687188
|move|p2a: Cresselia|Substitute|p2a: Cresselia
|-start|p2a: Cresselia|Substitute
|-damage|p2a: Cresselia|64/100
|move|p1a: Suicune|Scald|p2a: Cresselia
|-activate|p2a: Cresselia|move: Substitute|[damage]
|
|-heal|p2a: Cresselia|70/100|[from] item: Leftovers
|upkeep
|turn|25
|
|t:|1622687196
|move|p2a: Cresselia|Calm Mind|p2a: Cresselia
|-boost|p2a: Cresselia|spa|1
|-boost|p2a: Cresselia|spd|1
|move|p1a: Suicune|Scald|p2a: Cresselia
|-activate|p2a: Cresselia|move: Substitute|[damage]
|
|-heal|p2a: Cresselia|76/100|[from] item: Leftovers
|upkeep
|turn|26
|c|☆Trashjuice99|I really don't wanna do this
|c|☆Trashjuice99|Can we like flip a coin for who leaves?
|
|t:|1622687218
|move|p2a: Cresselia|Calm Mind|p2a: Cresselia
|-boost|p2a: Cresselia|spa|1
|-boost|p2a: Cresselia|spd|1
|move|p1a: Suicune|Scald|p2a: Cresselia
|-end|p2a: Cresselia|Substitute
|
|-heal|p2a: Cresselia|82/100|[from] item: Leftovers
|upkeep
|turn|27
|c|☆Glidinganteater|Lol
|c|☆Trashjuice99|Rock paper scissors?
|c|☆Glidinganteater|Sorry, calm mind wars suck
|
|t:|1622687244
|move|p2a: Cresselia|Stored Power|p1a: Suicune
|-damage|p1a: Suicune|0 fnt
|faint|p1a: Suicune
|
|-heal|p2a: Cresselia|88/100|[from] item: Leftovers
|upkeep
|c|☆Trashjuice99|I only have a a few games before bed you can just have this one
|-message|Trashjuice99 forfeited.
|
|win|Glidinganteater
|raw|Trashjuice99's rating: 1296 &rarr; <strong>1270</strong><br />(-26 for losing)
|raw|Glidinganteater's rating: 1283 &rarr; <strong>1309</strong><br />(+26 for winning)
|l|☆Trashjuice99
