|raw|<div class="broadcast-blue"><strong>This battle is required to be public due to a player having a name starting with 'rult50'.</div>
|j|☆rult50m dani
|j|☆RULT50C rlo.ldl
|t:|1625815792
|gametype|singles
|player|p1|rult50m dani|pokemonrangerf-gen4|1538
|player|p2|RULT50C rlo.ldl|valerie|1576
|teamsize|p1|6
|teamsize|p2|6
|gen|8
|tier|[Gen 8] RU
|rated|
|rule|Sleep Clause Mod: Limit one foe put to sleep
|rule|Species Clause: Limit one of each Pokémon
|rule|OHKO Clause: OHKO moves are banned
|rule|Evasion Moves Clause: Evasion moves are banned
|rule|Endless Battle Clause: Forcing endless battles is banned
|rule|HP Percentage Mod: HP is shown in percentages
|rule|Dynamax Clause: You cannot dynamax
|clearpoke
|poke|p1|Xatu, M|
|poke|p1|Quagsire, F|
|poke|p1|Registeel|
|poke|p1|Togekiss, M|
|poke|p1|Umbreon, M|
|poke|p1|Roserade, F|
|poke|p2|Barraskewda, M|
|poke|p2|Chandelure, M|
|poke|p2|Vileplume, M|
|poke|p2|Noivern, M|
|poke|p2|Steelix, F|
|poke|p2|Porygon2|
|teampreview
|inactive|Battle timer is ON: inactive players will automatically lose when time's up. (requested by rult50m dani)
|j| draazc
|l| draazc
|j| draazc
|inactive|RULT50C rlo.ldl has 120 seconds left.
|
|t:|1625815826
|start
|switch|p1a: Quagsire|Quagsire, F|100/100
|switch|p2a: Chandelure|Chandelure, M|100/100
|turn|1
|c|☆rult50m dani|Hf
|c|☆RULT50C rlo.ldl|u2
|
|t:|1625815853
|switch|p2a: Vileplume|Vileplume, M|100/100
|switch|p1a: Xatu|Xatu, M|100/100
|
|upkeep
|turn|2
|
|t:|1625815862
|switch|p2a: Porygon2|Porygon2|100/100
|-ability|p2a: Porygon2|Magic Bounce|[from] ability: Trace|[of] p1a: Xatu
|move|p1a: Xatu|Heat Wave|p2a: Porygon2
|-damage|p2a: Porygon2|90/100
|
|upkeep
|turn|3
|
|t:|1625815873
|move|p1a: Xatu|Teleport|p1a: Xatu
|
|t:|1625815875
|switch|p1a: Umbreon|Umbreon, M|100/100|[from]move: Teleport
|move|p2a: Porygon2|Teleport|p2a: Porygon2
|
|t:|1625815878
|switch|p2a: Vileplume|Vileplume, M|100/100|[from]move: Teleport
|
|upkeep
|turn|4
|
|t:|1625815888
|switch|p1a: Xatu|Xatu, M|100/100
|move|p2a: Vileplume|Sludge Bomb|p1a: Xatu
|-damage|p1a: Xatu|51/100
|-status|p1a: Xatu|psn
|
|-damage|p1a: Xatu|38/100 psn|[from] psn
|upkeep
|turn|5
|
|t:|1625815896
|switch|p1a: Umbreon|Umbreon, M|100/100
|move|p2a: Vileplume|Sludge Bomb|p1a: Umbreon
|-damage|p1a: Umbreon|83/100
|-status|p1a: Umbreon|psn
|-activate|p1a: Umbreon|ability: Synchronize
|-immune|p2a: Vileplume
|
|-heal|p1a: Umbreon|89/100 psn|[from] item: Leftovers
|-damage|p1a: Umbreon|76/100 psn|[from] psn
|upkeep
|turn|6
|
|t:|1625815899
|move|p1a: Umbreon|Heal Bell|p1a: Umbreon
|-activate|p1a: Umbreon|move: Heal Bell
|-curestatus|p1a: Umbreon|psn|[msg]
|-curestatus|p1: Xatu|psn|[msg]
|move|p2a: Vileplume|Corrosive Gas|p1a: Umbreon
|-enditem|p1a: Umbreon|Leftovers|[from] move: Corrosive Gas|[of] p2a: Vileplume
|
|upkeep
|turn|7
|
|t:|1625815909
|switch|p1a: Roserade|Roserade, F|100/100
|move|p2a: Vileplume|Corrosive Gas|p1a: Roserade
|-enditem|p1a: Roserade|Black Sludge|[from] move: Corrosive Gas|[of] p2a: Vileplume
|
|upkeep
|turn|8
|
|t:|1625815916
|switch|p2a: Steelix|Steelix, F|100/100
|move|p1a: Roserade|Sludge Bomb|p2a: Steelix
|-immune|p2a: Steelix
|
|upkeep
|turn|9
|inactive|rult50m dani has 120 seconds left.
|
|t:|1625815968
|switch|p1a: Xatu|Xatu, M|38/100
|move|p2a: Steelix|Heavy Slam|p1a: Xatu
|-damage|p1a: Xatu|7/100
|-damage|p2a: Steelix|84/100|[from] item: Rocky Helmet|[of] p1a: Xatu
|
|-heal|p2a: Steelix|90/100|[from] item: Leftovers
|upkeep
|turn|10
|
|t:|1625815977
|switch|p2a: Chandelure|Chandelure, M|100/100
|move|p1a: Xatu|Roost|p1a: Xatu
|-heal|p1a: Xatu|57/100
|-singleturn|p1a: Xatu|move: Roost
|
|upkeep
|turn|11
|inactive|rult50m dani has 90 seconds left.
|
|t:|1625816008
|switch|p1a: Quagsire|Quagsire, F|100/100
|move|p2a: Chandelure|Fire Blast|p1a: Quagsire
|-resisted|p1a: Quagsire
|-damage|p1a: Quagsire|65/100
|
|-heal|p1a: Quagsire|71/100|[from] item: Leftovers
|upkeep
|turn|12
|
|t:|1625816018
|switch|p1a: Umbreon|Umbreon, M|76/100
|move|p2a: Chandelure|Fire Blast|p1a: Umbreon|[miss]
|-miss|p2a: Chandelure|p1a: Umbreon
|
|upkeep
|turn|13
|
|t:|1625816034
|move|p2a: Chandelure|Fire Blast|p1a: Umbreon|[miss]
|-miss|p2a: Chandelure|p1a: Umbreon
|move|p1a: Umbreon|Wish|p1a: Umbreon
|
|upkeep
|turn|14
|
|t:|1625816044
|switch|p2a: Steelix|Steelix, F|90/100
|move|p1a: Umbreon|Foul Play|p2a: Steelix
|-damage|p2a: Steelix|76/100
|
|-heal|p1a: Umbreon|100/100|[from] move: Wish|[wisher] Umbreon
|-heal|p2a: Steelix|82/100|[from] item: Leftovers
|upkeep
|turn|15
|
|t:|1625816054
|switch|p2a: Vileplume|Vileplume, M|100/100
|move|p1a: Umbreon|Foul Play|p2a: Vileplume
|-damage|p2a: Vileplume|84/100
|
|upkeep
|turn|16
|
|t:|1625816061
|move|p1a: Umbreon|Protect|p1a: Umbreon
|-singleturn|p1a: Umbreon|Protect
|move|p2a: Vileplume|Sludge Bomb|p1a: Umbreon
|-activate|p1a: Umbreon|move: Protect
|
|upkeep
|turn|17
|
|t:|1625816067
|switch|p1a: Roserade|Roserade, F|100/100
|move|p2a: Vileplume|Strength Sap|p1a: Roserade
|-unboost|p1a: Roserade|atk|1
|-heal|p2a: Vileplume|100/100
|
|upkeep
|turn|18
|
|t:|1625816082
|switch|p2a: Steelix|Steelix, F|82/100
|move|p1a: Roserade|Spikes|p2a: Steelix
|-sidestart|p2: RULT50C rlo.ldl|Spikes
|
|-heal|p2a: Steelix|88/100|[from] item: Leftovers
|upkeep
|turn|19
|
|t:|1625816090
|switch|p1a: Xatu|Xatu, M|57/100
|switch|p2a: Chandelure|Chandelure, M|100/100
|
|upkeep
|turn|20
|
|t:|1625816096
|switch|p1a: Umbreon|Umbreon, M|100/100
|move|p2a: Chandelure|Shadow Ball|p1a: Umbreon
|-resisted|p1a: Umbreon
|-damage|p1a: Umbreon|89/100
|
|upkeep
|turn|21
|
|t:|1625816118
|switch|p2a: Porygon2|Porygon2|90/100
|-damage|p2a: Porygon2|78/100|[from] Spikes
|-ability|p2a: Porygon2|Synchronize|[from] ability: Trace|[of] p1a: Umbreon
|move|p1a: Umbreon|Wish|p1a: Umbreon
|
|upkeep
|turn|22
|
|t:|1625816126
|move|p2a: Porygon2|Recover|p2a: Porygon2
|-heal|p2a: Porygon2|100/100
|move|p1a: Umbreon|Foul Play|p2a: Porygon2
|-damage|p2a: Porygon2|85/100
|
|-heal|p1a: Umbreon|100/100|[from] move: Wish|[wisher] Umbreon
|upkeep
|turn|23
|
|t:|1625816131
|move|p1a: Umbreon|Wish|p1a: Umbreon
|move|p2a: Porygon2|Teleport|p2a: Porygon2
|
|t:|1625816135
|switch|p2a: Noivern|Noivern, M|100/100|[from]move: Teleport
|
|upkeep
|turn|24
|
|t:|1625816143
|switch|p2a: Chandelure|Chandelure, M|100/100
|switch|p1a: Registeel|Registeel|100/100
|
|upkeep
|turn|25
|j| MythicFlame
|
|t:|1625816148
|switch|p1a: Umbreon|Umbreon, M|100/100
|move|p2a: Chandelure|Fire Blast|p1a: Umbreon
|-damage|p1a: Umbreon|69/100
|
|upkeep
|turn|26
|
|t:|1625816154
|switch|p2a: Vileplume|Vileplume, M|100/100
|move|p1a: Umbreon|Wish|p1a: Umbreon
|
|upkeep
|turn|27
|
|t:|1625816159
|move|p1a: Umbreon|Protect|p1a: Umbreon
|-singleturn|p1a: Umbreon|Protect
|move|p2a: Vileplume|Sludge Bomb|p1a: Umbreon
|-activate|p1a: Umbreon|move: Protect
|
|-heal|p1a: Umbreon|100/100|[from] move: Wish|[wisher] Umbreon
|upkeep
|turn|28
|
|t:|1625816167
|switch|p1a: Roserade|Roserade, F|100/100
|move|p2a: Vileplume|Sludge Bomb|p1a: Roserade
|-crit|p1a: Roserade
|-damage|p1a: Roserade|40/100
|
|upkeep
|turn|29
|
|t:|1625816174
|move|p1a: Roserade|Synthesis|p1a: Roserade
|-heal|p1a: Roserade|89/100
|move|p2a: Vileplume|Sludge Bomb|p1a: Roserade
|-damage|p1a: Roserade|46/100
|
|upkeep
|turn|30
|
|t:|1625816187
|switch|p2a: Steelix|Steelix, F|88/100
|-damage|p2a: Steelix|76/100|[from] Spikes
|move|p1a: Roserade|Synthesis|p1a: Roserade
|-heal|p1a: Roserade|96/100
|
|-heal|p2a: Steelix|82/100|[from] item: Leftovers
|upkeep
|turn|31
|
|t:|1625816190
|switch|p1a: Xatu|Xatu, M|57/100
|move|p2a: Steelix|Heavy Slam|p1a: Xatu
|-damage|p1a: Xatu|22/100
|-damage|p2a: Steelix|66/100|[from] item: Rocky Helmet|[of] p1a: Xatu
|
|-heal|p2a: Steelix|72/100|[from] item: Leftovers
|upkeep
|turn|32
|
|t:|1625816199
|switch|p2a: Barraskewda|Barraskewda, M|100/100
|move|p1a: Xatu|Roost|p1a: Xatu
|-heal|p1a: Xatu|73/100
|-singleturn|p1a: Xatu|move: Roost
|
|upkeep
|turn|33
|
|t:|1625816206
|move|p2a: Barraskewda|Liquidation|p1a: Xatu
|-damage|p1a: Xatu|29/100
|-damage|p2a: Barraskewda|84/100|[from] item: Rocky Helmet|[of] p1a: Xatu
|move|p1a: Xatu|Foul Play|p2a: Barraskewda
|-damage|p2a: Barraskewda|27/100
|
|upkeep
|turn|34
|
|t:|1625816220
|switch|p1a: Registeel|Registeel|100/100
|move|p2a: Barraskewda|Liquidation|p1a: Registeel
|-damage|p1a: Registeel|71/100
|
|-heal|p1a: Registeel|77/100|[from] item: Leftovers
|upkeep
|turn|35
|
|t:|1625816227
|move|p2a: Barraskewda|Flip Turn|p1a: Registeel
|-damage|p1a: Registeel|56/100
|
|t:|1625816231
|switch|p2a: Chandelure|Chandelure, M|100/100|[from]move: Flip Turn
|move|p1a: Registeel|Seismic Toss|p2a: Chandelure
|-immune|p2a: Chandelure
|
|-heal|p1a: Registeel|62/100|[from] item: Leftovers
|upkeep
|turn|36
|
|t:|1625816241
|switch|p2a: Vileplume|Vileplume, M|100/100
|switch|p1a: Umbreon|Umbreon, M|100/100
|
|upkeep
|turn|37
|
|t:|1625816245
|switch|p1a: Roserade|Roserade, F|96/100
|move|p2a: Vileplume|Giga Drain|p1a: Roserade
|-resisted|p1a: Roserade
|-damage|p1a: Roserade|87/100
|
|upkeep
|turn|38
|
|t:|1625816257
|move|p1a: Roserade|Giga Drain|p2a: Vileplume
|-resisted|p2a: Vileplume
|-damage|p2a: Vileplume|90/100
|-heal|p1a: Roserade|94/100|[from] drain|[of] p2a: Vileplume
|move|p2a: Vileplume|Sludge Bomb|p1a: Roserade
|-damage|p1a: Roserade|51/100
|
|upkeep
|turn|39
|
|t:|1625816270
|switch|p2a: Porygon2|Porygon2|85/100
|-damage|p2a: Porygon2|73/100|[from] Spikes
|-ability|p2a: Porygon2|Natural Cure|[from] ability: Trace|[of] p1a: Roserade
|move|p1a: Roserade|Giga Drain|p2a: Porygon2
|-damage|p2a: Porygon2|53/100
|-heal|p1a: Roserade|65/100|[from] drain|[of] p2a: Porygon2
|
|upkeep
|turn|40
|
|t:|1625816276
|move|p1a: Roserade|Spikes|p2a: Porygon2
|-sidestart|p2: RULT50C rlo.ldl|Spikes
|move|p2a: Porygon2|Recover|p2a: Porygon2
|-heal|p2a: Porygon2|100/100
|
|upkeep
|turn|41
|
|t:|1625816279
|move|p1a: Roserade|Synthesis|p1a: Roserade
|-heal|p1a: Roserade|100/100
|move|p2a: Porygon2|Foul Play|p1a: Roserade
|-damage|p1a: Roserade|79/100
|
|upkeep
|turn|42
|
|t:|1625816284
|move|p1a: Roserade|Sludge Bomb|p2a: Porygon2
|-damage|p2a: Porygon2|77/100
|move|p2a: Porygon2|Foul Play|p1a: Roserade
|-damage|p1a: Roserade|58/100
|
|upkeep
|turn|43
|
|t:|1625816288
|move|p1a: Roserade|Sludge Bomb|p2a: Porygon2
|-damage|p2a: Porygon2|55/100
|-status|p2a: Porygon2|psn
|move|p2a: Porygon2|Thunder Wave|p1a: Roserade
|-status|p1a: Roserade|par
|
|-damage|p2a: Porygon2|43/100 psn|[from] psn
|upkeep
|turn|44
|
|t:|1625816295
|switch|p1a: Xatu|Xatu, M|29/100
|move|p2a: Porygon2|Recover|p2a: Porygon2
|-heal|p2a: Porygon2|93/100 psn
|
|-damage|p2a: Porygon2|80/100 psn|[from] psn
|upkeep
|turn|45
|
|t:|1625816299
|move|p1a: Xatu|Roost|p1a: Xatu
|-heal|p1a: Xatu|79/100
|-singleturn|p1a: Xatu|move: Roost
|move|p2a: Porygon2|Foul Play|p1a: Xatu
|-supereffective|p1a: Xatu
|-damage|p1a: Xatu|55/100
|-damage|p2a: Porygon2|64/100 psn|[from] item: Rocky Helmet|[of] p1a: Xatu
|
|-damage|p2a: Porygon2|52/100 psn|[from] psn
|upkeep
|turn|46
|
|t:|1625816307
|move|p1a: Xatu|Roost|p1a: Xatu
|-heal|p1a: Xatu|100/100
|-singleturn|p1a: Xatu|move: Roost
|move|p2a: Porygon2|Recover|p2a: Porygon2
|-heal|p2a: Porygon2|100/100 psn
|
|-damage|p2a: Porygon2|88/100 psn|[from] psn
|upkeep
|turn|47
|
|t:|1625816310
|switch|p2a: Noivern|Noivern, M|100/100
|move|p1a: Xatu|Teleport|p1a: Xatu
|
|t:|1625816312
|switch|p1a: Registeel|Registeel|62/100|[from]move: Teleport
|
|-heal|p1a: Registeel|68/100|[from] item: Leftovers
|upkeep
|turn|48
|
|t:|1625816317
|move|p2a: Noivern|Taunt|p1a: Registeel
|-start|p1a: Registeel|move: Taunt
|cant|p1a: Registeel|move: Taunt|Toxic
|
|-heal|p1a: Registeel|74/100|[from] item: Leftovers
|upkeep
|turn|49
|
|t:|1625816326
|move|p2a: Noivern|Hurricane|p1a: Registeel
|-resisted|p1a: Registeel
|-damage|p1a: Registeel|65/100
|move|p1a: Registeel|Seismic Toss|p2a: Noivern
|-damage|p2a: Noivern|73/100
|
|-heal|p1a: Registeel|71/100|[from] item: Leftovers
|upkeep
|turn|50
|
|t:|1625816332
|move|p2a: Noivern|Roost|p2a: Noivern
|-heal|p2a: Noivern|100/100
|-singleturn|p2a: Noivern|move: Roost
|move|p1a: Registeel|Seismic Toss|p2a: Noivern
|-damage|p2a: Noivern|73/100
|
|-heal|p1a: Registeel|77/100|[from] item: Leftovers
|-end|p1a: Registeel|move: Taunt
|upkeep
|turn|51
|
|t:|1625816338
|move|p2a: Noivern|Taunt|p1a: Registeel
|-start|p1a: Registeel|move: Taunt
|move|p1a: Registeel|Seismic Toss|p2a: Noivern
|-damage|p2a: Noivern|46/100
|
|-heal|p1a: Registeel|83/100|[from] item: Leftovers
|upkeep
|turn|52
|
|t:|1625816340
|move|p2a: Noivern|Roost|p2a: Noivern
|-heal|p2a: Noivern|96/100
|-singleturn|p2a: Noivern|move: Roost
|move|p1a: Registeel|Seismic Toss|p2a: Noivern
|-damage|p2a: Noivern|69/100
|
|-heal|p1a: Registeel|90/100|[from] item: Leftovers
|upkeep
|turn|53
|
|t:|1625816351
|move|p2a: Noivern|Roost|p2a: Noivern
|-heal|p2a: Noivern|100/100
|-singleturn|p2a: Noivern|move: Roost
|move|p1a: Registeel|Heavy Slam|p2a: Noivern
|-damage|p2a: Noivern|85/100
|
|-heal|p1a: Registeel|96/100|[from] item: Leftovers
|-end|p1a: Registeel|move: Taunt
|upkeep
|turn|54
|
|t:|1625816358
|move|p2a: Noivern|Taunt|p1a: Registeel
|-start|p1a: Registeel|move: Taunt
|move|p1a: Registeel|Seismic Toss|p2a: Noivern
|-damage|p2a: Noivern|58/100
|
|-heal|p1a: Registeel|100/100|[from] item: Leftovers
|upkeep
|turn|55
|
|t:|1625816361
|move|p2a: Noivern|Roost|p2a: Noivern
|-heal|p2a: Noivern|100/100
|-singleturn|p2a: Noivern|move: Roost
|move|p1a: Registeel|Seismic Toss|p2a: Noivern
|-damage|p2a: Noivern|73/100
|
|upkeep
|turn|56
|
|t:|1625816367
|switch|p2a: Vileplume|Vileplume, M|90/100
|move|p1a: Registeel|Seismic Toss|p2a: Vileplume
|-damage|p2a: Vileplume|62/100
|
|-end|p1a: Registeel|move: Taunt
|upkeep
|turn|57
|
|t:|1625816371
|switch|p1a: Roserade|Roserade, F|58/100
|move|p2a: Vileplume|Strength Sap|p1a: Roserade
|-unboost|p1a: Roserade|atk|1
|-heal|p2a: Vileplume|99/100
|
|upkeep
|turn|58
|
|t:|1625816376
|move|p1a: Roserade|Sludge Bomb|p2a: Vileplume
|-damage|p2a: Vileplume|54/100
|move|p2a: Vileplume|Sludge Bomb|p1a: Roserade
|-damage|p1a: Roserade|12/100
|
|upkeep
|turn|59
|
|t:|1625816384
|switch|p2a: Barraskewda|Barraskewda, M|27/100
|move|p1a: Roserade|Synthesis|p1a: Roserade
|-heal|p1a: Roserade|62/100
|
|upkeep
|turn|60
|
|t:|1625816390
|switch|p1a: Xatu|Xatu, M|100/100
|move|p2a: Barraskewda|Ice Fang|p1a: Xatu
|-supereffective|p1a: Xatu
|-damage|p1a: Xatu|57/100
|-damage|p2a: Barraskewda|11/100|[from] item: Rocky Helmet|[of] p1a: Xatu
|
|upkeep
|turn|61
|
|t:|1625816401
|switch|p2a: Chandelure|Chandelure, M|100/100
|switch|p1a: Registeel|Registeel|100/100
|
|upkeep
|turn|62
|
|t:|1625816404
|switch|p1a: Umbreon|Umbreon, M|100/100
|move|p2a: Chandelure|Fire Blast|p1a: Umbreon
|-damage|p1a: Umbreon|69/100
|
|upkeep
|turn|63
|
|t:|1625816409
|switch|p2a: Vileplume|Vileplume, M|54/100
|move|p1a: Umbreon|Wish|p1a: Umbreon
|
|upkeep
|turn|64
|l| draazc
|
|t:|1625816415
|move|p1a: Umbreon|Protect|p1a: Umbreon
|-singleturn|p1a: Umbreon|Protect
|move|p2a: Vileplume|Strength Sap|p1a: Umbreon
|-activate|p1a: Umbreon|move: Protect
|
|-heal|p1a: Umbreon|100/100|[from] move: Wish|[wisher] Umbreon
|upkeep
|turn|65
|
|t:|1625816421
|switch|p1a: Roserade|Roserade, F|62/100
|move|p2a: Vileplume|Strength Sap|p1a: Roserade
|-unboost|p1a: Roserade|atk|1
|-heal|p2a: Vileplume|90/100
|
|upkeep
|turn|66
|
|t:|1625816427
|switch|p2a: Porygon2|Porygon2|88/100
|-damage|p2a: Porygon2|72/100|[from] Spikes
|-ability|p2a: Porygon2|Natural Cure|[from] ability: Trace|[of] p1a: Roserade
|move|p1a: Roserade|Sludge Bomb|p2a: Porygon2
|-damage|p2a: Porygon2|50/100
|-status|p2a: Porygon2|psn
|
|-damage|p2a: Porygon2|37/100 psn|[from] psn
|upkeep
|turn|67
|
|t:|1625816431
|move|p1a: Roserade|Spikes|p2a: Porygon2
|-sidestart|p2: RULT50C rlo.ldl|Spikes
|move|p2a: Porygon2|Recover|p2a: Porygon2
|-heal|p2a: Porygon2|87/100 psn
|
|-damage|p2a: Porygon2|75/100 psn|[from] psn
|upkeep
|turn|68
|l| MythicFlame
|
|t:|1625816439
|move|p1a: Roserade|Giga Drain|p2a: Porygon2
|-damage|p2a: Porygon2|57/100 psn
|-heal|p1a: Roserade|76/100|[from] drain|[of] p2a: Porygon2
|move|p2a: Porygon2|Foul Play|p1a: Roserade
|-damage|p1a: Roserade|60/100
|
|-damage|p2a: Porygon2|44/100 psn|[from] psn
|upkeep
|turn|69
|
|t:|1625816450
|switch|p1a: Registeel|Registeel|100/100
|move|p2a: Porygon2|Recover|p2a: Porygon2
|-heal|p2a: Porygon2|94/100 psn
|
|-damage|p2a: Porygon2|82/100 psn|[from] psn
|upkeep
|turn|70
|-message|RULT50C rlo.ldl forfeited.
|
|win|rult50m dani
|raw|rult50m dani's rating: 1538 &rarr; <strong>1560</strong><br />(+22 for winning)
|raw|RULT50C rlo.ldl's rating: 1576 &rarr; <strong>1554</strong><br />(-22 for losing)
|l|☆RULT50C rlo.ldl
|c|☆rult50m dani|Gg
