|j|☆jakestemmet
|j|☆literallyfreemoney
|t:|1626112455
|gametype|singles
|player|p1|jakestemmet|li|1336
|player|p2|literallyfreemoney|17|1538
|teamsize|p1|6
|teamsize|p2|6
|gen|8
|tier|[Gen 8] RU
|rated|
|rule|Sleep Clause Mod: Limit one foe put to sleep
|rule|Species Clause: Limit one of each Pokémon
|rule|OHKO Clause: OHKO moves are banned
|rule|Evasion Moves Clause: Evasion moves are banned
|rule|Endless Battle Clause: Forcing endless battles is banned
|rule|HP Percentage Mod: HP is shown in percentages
|rule|Dynamax Clause: You cannot dynamax
|clearpoke
|poke|p1|Regidrago|
|poke|p1|Toxtricity, M|
|poke|p1|Mienshao, F|
|poke|p1|Steelix, M|
|poke|p1|Milotic, M|
|poke|p1|Talonflame, F|
|poke|p2|Lucario, F|
|poke|p2|Aerodactyl, M|
|poke|p2|Golisopod, M|
|poke|p2|Sylveon, F|
|poke|p2|Chandelure, F|
|poke|p2|Goodra, M|
|teampreview
|
|t:|1626112481
|start
|switch|p1a: dat boi|Toxtricity, M|100/100
|switch|p2a: Puhteradactyl|Aerodactyl, M|100/100
|-ability|p2a: Puhteradactyl|Unnerve
|turn|1
|
|t:|1626112490
|switch|p1a: Bigg Chonque|Steelix, M|100/100
|move|p2a: Puhteradactyl|Earthquake|p1a: Bigg Chonque
|-supereffective|p1a: Bigg Chonque
|-damage|p1a: Bigg Chonque|73/100
|
|-heal|p1a: Bigg Chonque|80/100|[from] item: Leftovers
|upkeep
|turn|2
|
|t:|1626112504
|move|p2a: Puhteradactyl|Stealth Rock|p1a: Bigg Chonque
|-sidestart|p1: jakestemmet|move: Stealth Rock
|move|p1a: Bigg Chonque|Stealth Rock|p2a: Puhteradactyl
|-sidestart|p2: literallyfreemoney|move: Stealth Rock
|
|-heal|p1a: Bigg Chonque|86/100|[from] item: Leftovers
|upkeep
|turn|3
|
|t:|1626112513
|switch|p2a: *w*G O A L I E*w*|Golisopod, M|100/100
|move|p1a: Bigg Chonque|Toxic|p2a: *w*G O A L I E*w*
|-status|p2a: *w*G O A L I E*w*|tox
|
|-heal|p1a: Bigg Chonque|92/100|[from] item: Leftovers
|-damage|p2a: *w*G O A L I E*w*|94/100 tox|[from] psn
|upkeep
|turn|4
|
|t:|1626112524
|switch|p1a: moby bich|Milotic, M|100/100
|-damage|p1a: moby bich|88/100|[from] Stealth Rock
|move|p2a: *w*G O A L I E*w*|Knock Off|p1a: moby bich
|-damage|p1a: moby bich|50/100
|-enditem|p1a: moby bich|Leftovers|[from] move: Knock Off|[of] p2a: *w*G O A L I E*w*
|
|-damage|p2a: *w*G O A L I E*w*|82/100 tox|[from] psn
|upkeep
|turn|5
|
|t:|1626112529
|move|p1a: moby bich|Recover|p1a: moby bich
|-heal|p1a: moby bich|99/100
|move|p2a: *w*G O A L I E*w*|Spikes|p1a: moby bich
|-sidestart|p1: jakestemmet|Spikes
|
|-damage|p2a: *w*G O A L I E*w*|63/100 tox|[from] psn
|upkeep
|turn|6
|
|t:|1626112536
|move|p1a: moby bich|Scald|p2a: *w*G O A L I E*w*
|-resisted|p2a: *w*G O A L I E*w*
|-damage|p2a: *w*G O A L I E*w*|45/100 tox
|-activate|p2a: *w*G O A L I E*w*|ability: Emergency Exit
|
|t:|1626112545
|switch|p2a: Goodra|Goodra, M|100/100
|-damage|p2a: Goodra|88/100|[from] Stealth Rock
|
|upkeep
|turn|7
|
|t:|1626112550
|switch|p1a: Frederick|Talonflame, F|100/100
|move|p2a: Goodra|Thunderbolt|p1a: Frederick
|-supereffective|p1a: Frederick
|-damage|p1a: Frederick|25/100
|
|upkeep
|turn|8
|
|t:|1626112575
|move|p1a: Frederick|U-turn|p2a: Goodra
|-damage|p2a: Goodra|71/100
|
|t:|1626112577
|switch|p1a: moby bich|Milotic, M|99/100|[from]move: U-turn
|-damage|p1a: moby bich|87/100|[from] Stealth Rock
|-damage|p1a: moby bich|75/100|[from] Spikes
|move|p2a: Goodra|Ice Beam|p1a: moby bich
|-resisted|p1a: moby bich
|-damage|p1a: moby bich|66/100
|
|upkeep
|turn|9
|
|t:|1626112583
|move|p2a: Goodra|Thunderbolt|p1a: moby bich
|-supereffective|p1a: moby bich
|-damage|p1a: moby bich|34/100
|move|p1a: moby bich|Recover|p1a: moby bich
|-heal|p1a: moby bich|84/100
|
|upkeep
|turn|10
|
|t:|1626112592
|move|p2a: Goodra|Thunderbolt|p1a: moby bich
|-supereffective|p1a: moby bich
|-damage|p1a: moby bich|53/100
|move|p1a: moby bich|Flip Turn|p2a: Goodra
|-resisted|p2a: Goodra
|-damage|p2a: Goodra|62/100
|
|t:|1626112599
|switch|p1a: Mienshao|Mienshao, F|100/100|[from]move: Flip Turn
|-damage|p1a: Mienshao|88/100|[from] Spikes
|-damage|p1a: Mienshao|82/100|[from] Stealth Rock
|
|upkeep
|turn|11
|
|t:|1626112612
|switch|p2a: Sylveon|Sylveon, F|100/100
|-damage|p2a: Sylveon|88/100|[from] Stealth Rock
|move|p1a: Mienshao|U-turn|p2a: Sylveon
|-resisted|p2a: Sylveon
|-damage|p2a: Sylveon|78/100
|
|t:|1626112616
|switch|p1a: Frederick|Talonflame, F|25/100|[from]move: U-turn
|
|-heal|p2a: Sylveon|84/100|[from] item: Leftovers
|upkeep
|turn|12
|
|t:|1626112621
|move|p1a: Frederick|Defog|p2a: Sylveon
|-unboost|p2a: Sylveon|evasion|1
|-sideend|p2: literallyfreemoney|Stealth Rock|[from] move: Defog|[of] p1a: Frederick
|-sideend|p1: jakestemmet|Spikes|[from] move: Defog|[of] p1a: Frederick
|-sideend|p1: jakestemmet|Stealth Rock|[from] move: Defog|[of] p1a: Frederick
|move|p2a: Sylveon|Hyper Voice|p1a: Frederick
|-resisted|p1a: Frederick
|-damage|p1a: Frederick|0 fnt
|faint|p1a: Frederick
|
|-heal|p2a: Sylveon|90/100|[from] item: Leftovers
|upkeep
|
|t:|1626112636
|switch|p1a: dat boi|Toxtricity, M|100/100
|turn|13
|
|t:|1626112644
|move|p2a: Sylveon|Protect|p2a: Sylveon
|-singleturn|p2a: Sylveon|Protect
|move|p1a: dat boi|Overdrive|p2a: Sylveon
|-activate|p2a: Sylveon|move: Protect
|
|-heal|p2a: Sylveon|96/100|[from] item: Leftovers
|upkeep
|turn|14
|
|t:|1626112651
|move|p1a: dat boi|Overdrive|p2a: Sylveon
|-damage|p2a: Sylveon|36/100
|move|p2a: Sylveon|Wish|p2a: Sylveon
|
|-heal|p2a: Sylveon|42/100|[from] item: Leftovers
|upkeep
|turn|15
|
|t:|1626112658
|switch|p2a: Goodra|Goodra, M|62/100
|move|p1a: dat boi|Overdrive|p2a: Goodra
|-resisted|p2a: Goodra
|-damage|p2a: Goodra|43/100
|
|-heal|p2a: Goodra|100/100|[from] move: Wish|[wisher] Sylveon
|upkeep
|turn|16
|
|t:|1626112666
|switch|p1a: me hungy|Regidrago|100/100
|move|p2a: Goodra|Thunderbolt|p1a: me hungy
|-resisted|p1a: me hungy
|-damage|p1a: me hungy|93/100
|
|upkeep
|turn|17
|
|t:|1626112677
|switch|p2a: Sylveon|Sylveon, F|42/100
|move|p1a: me hungy|Scale Shot|p2a: Sylveon
|-immune|p2a: Sylveon
|
|-heal|p2a: Sylveon|48/100|[from] item: Leftovers
|upkeep
|turn|18
|
|t:|1626112687
|switch|p1a: Bigg Chonque|Steelix, M|92/100
|move|p2a: Sylveon|Wish|p2a: Sylveon
|
|-heal|p2a: Sylveon|54/100|[from] item: Leftovers
|-heal|p1a: Bigg Chonque|98/100|[from] item: Leftovers
|upkeep
|turn|19
|
|t:|1626112693
|switch|p2a: *w*G O A L I E*w*|Golisopod, M|45/100 tox
|move|p1a: Bigg Chonque|Stealth Rock|p2a: *w*G O A L I E*w*
|-sidestart|p2: literallyfreemoney|move: Stealth Rock
|
|-heal|p2a: *w*G O A L I E*w*|100/100 tox|[from] move: Wish|[wisher] Sylveon
|-heal|p1a: Bigg Chonque|100/100|[from] item: Leftovers
|-damage|p2a: *w*G O A L I E*w*|94/100 tox|[from] psn
|upkeep
|turn|20
|
|t:|1626112702
|switch|p1a: moby bich|Milotic, M|53/100
|move|p2a: *w*G O A L I E*w*|Spikes|p1a: moby bich
|-sidestart|p1: jakestemmet|Spikes
|
|-damage|p2a: *w*G O A L I E*w*|82/100 tox|[from] psn
|upkeep
|turn|21
|
|t:|1626112705
|move|p1a: moby bich|Recover|p1a: moby bich
|-heal|p1a: moby bich|100/100
|move|p2a: *w*G O A L I E*w*|Spikes|p1a: moby bich
|-sidestart|p1: jakestemmet|Spikes
|
|-damage|p2a: *w*G O A L I E*w*|63/100 tox|[from] psn
|upkeep
|turn|22
|
|t:|1626112714
|switch|p2a: Goodra|Goodra, M|100/100
|-damage|p2a: Goodra|88/100|[from] Stealth Rock
|move|p1a: moby bich|Scald|p2a: Goodra
|-resisted|p2a: Goodra
|-damage|p2a: Goodra|82/100
|
|upkeep
|turn|23
|
|t:|1626112720
|move|p2a: Goodra|Thunderbolt|p1a: moby bich
|-supereffective|p1a: moby bich
|-damage|p1a: moby bich|69/100
|move|p1a: moby bich|Toxic|p2a: Goodra
|-status|p2a: Goodra|tox
|
|-damage|p2a: Goodra|75/100 tox|[from] psn
|upkeep
|turn|24
|
|t:|1626112728
|switch|p2a: Sylveon|Sylveon, F|54/100
|-damage|p2a: Sylveon|42/100|[from] Stealth Rock
|move|p1a: moby bich|Recover|p1a: moby bich
|-heal|p1a: moby bich|100/100
|
|-heal|p2a: Sylveon|48/100|[from] item: Leftovers
|upkeep
|turn|25
|
|t:|1626112732
|move|p1a: moby bich|Toxic|p2a: Sylveon
|-status|p2a: Sylveon|tox
|move|p2a: Sylveon|Heal Bell|p2a: Sylveon
|-activate|p2a: Sylveon|move: Heal Bell
|-curestatus|p2a: Sylveon|tox|[msg]
|-curestatus|p2: *w*G O A L I E*w*|tox|[msg]
|-curestatus|p2: Goodra|tox|[msg]
|
|-heal|p2a: Sylveon|54/100|[from] item: Leftovers
|upkeep
|turn|26
|
|t:|1626112736
|move|p1a: moby bich|Flip Turn|p2a: Sylveon
|-damage|p2a: Sylveon|42/100
|
|t:|1626112741
|switch|p1a: dat boi|Toxtricity, M|100/100|[from]move: Flip Turn
|-damage|p1a: dat boi|84/100|[from] Spikes
|move|p2a: Sylveon|Wish|p2a: Sylveon
|
|-heal|p2a: Sylveon|48/100|[from] item: Leftovers
|upkeep
|turn|27
|
|t:|1626112752
|switch|p2a: Goodra|Goodra, M|75/100
|-damage|p2a: Goodra|63/100|[from] Stealth Rock
|move|p1a: dat boi|Overdrive|p2a: Goodra
|-resisted|p2a: Goodra
|-damage|p2a: Goodra|44/100
|
|-heal|p2a: Goodra|100/100|[from] move: Wish|[wisher] Sylveon
|upkeep
|turn|28
|
|t:|1626112766
|switch|p1a: moby bich|Milotic, M|100/100
|-damage|p1a: moby bich|84/100|[from] Spikes
|move|p2a: Goodra|Ice Beam|p1a: moby bich
|-resisted|p1a: moby bich
|-damage|p1a: moby bich|75/100
|
|upkeep
|turn|29
|
|t:|1626112772
|switch|p2a: Sylveon|Sylveon, F|48/100
|-damage|p2a: Sylveon|35/100|[from] Stealth Rock
|move|p1a: moby bich|Toxic|p2a: Sylveon
|-status|p2a: Sylveon|tox
|
|-heal|p2a: Sylveon|41/100 tox|[from] item: Leftovers
|-damage|p2a: Sylveon|35/100 tox|[from] psn
|upkeep
|turn|30
|
|t:|1626112776
|move|p1a: moby bich|Scald|p2a: Sylveon
|-damage|p2a: Sylveon|15/100 tox
|move|p2a: Sylveon|Wish|p2a: Sylveon
|
|-heal|p2a: Sylveon|21/100 tox|[from] item: Leftovers
|-damage|p2a: Sylveon|9/100 tox|[from] psn
|upkeep
|turn|31
|
|t:|1626112782
|move|p2a: Sylveon|Protect|p2a: Sylveon
|-singleturn|p2a: Sylveon|Protect
|move|p1a: moby bich|Scald|p2a: Sylveon
|-activate|p2a: Sylveon|move: Protect
|
|-heal|p2a: Sylveon|59/100 tox|[from] move: Wish|[wisher] Sylveon
|-heal|p2a: Sylveon|65/100 tox|[from] item: Leftovers
|-damage|p2a: Sylveon|47/100 tox|[from] psn
|upkeep
|turn|32
|
|t:|1626112786
|move|p1a: moby bich|Scald|p2a: Sylveon
|-damage|p2a: Sylveon|28/100 tox
|move|p2a: Sylveon|Heal Bell|p2a: Sylveon
|-activate|p2a: Sylveon|move: Heal Bell
|-curestatus|p2a: Sylveon|tox|[msg]
|
|-heal|p2a: Sylveon|34/100|[from] item: Leftovers
|upkeep
|turn|33
|
|t:|1626112793
|move|p1a: moby bich|Toxic|p2a: Sylveon
|-status|p2a: Sylveon|tox
|move|p2a: Sylveon|Wish|p2a: Sylveon
|
|-heal|p2a: Sylveon|40/100 tox|[from] item: Leftovers
|-damage|p2a: Sylveon|34/100 tox|[from] psn
|upkeep
|turn|34
|
|t:|1626112796
|move|p1a: moby bich|Scald|p2a: Sylveon
|-damage|p2a: Sylveon|16/100 tox
|move|p2a: Sylveon|Heal Bell|p2a: Sylveon
|-activate|p2a: Sylveon|move: Heal Bell
|-curestatus|p2a: Sylveon|tox|[msg]
|
|-heal|p2a: Sylveon|66/100|[from] move: Wish|[wisher] Sylveon
|-heal|p2a: Sylveon|72/100|[from] item: Leftovers
|upkeep
|turn|35
|
|t:|1626112802
|move|p1a: moby bich|Toxic|p2a: Sylveon
|-status|p2a: Sylveon|tox
|move|p2a: Sylveon|Wish|p2a: Sylveon
|
|-heal|p2a: Sylveon|78/100 tox|[from] item: Leftovers
|-damage|p2a: Sylveon|72/100 tox|[from] psn
|upkeep
|turn|36
|
|t:|1626112809
|switch|p2a: *w*G O A L I E*w*|Golisopod, M|63/100
|move|p1a: moby bich|Flip Turn|p2a: *w*G O A L I E*w*
|-resisted|p2a: *w*G O A L I E*w*
|-damage|p2a: *w*G O A L I E*w*|57/100
|
|t:|1626112815
|switch|p1a: dat boi|Toxtricity, M|84/100|[from]move: Flip Turn
|-damage|p1a: dat boi|68/100|[from] Spikes
|
|-heal|p2a: *w*G O A L I E*w*|100/100|[from] move: Wish|[wisher] Sylveon
|upkeep
|turn|37
|
|t:|1626112821
|switch|p2a: Goodra|Goodra, M|100/100
|-damage|p2a: Goodra|88/100|[from] Stealth Rock
|move|p1a: dat boi|Volt Switch|p2a: Goodra
|-resisted|p2a: Goodra
|-damage|p2a: Goodra|75/100
|
|t:|1626112833
|switch|p1a: Mienshao|Mienshao, F|100/100|[from]move: Volt Switch
|-damage|p1a: Mienshao|84/100|[from] Spikes
|
|upkeep
|turn|38
|
|t:|1626112839
|switch|p2a: *w*G O A L I E*w*|Golisopod, M|100/100
|move|p1a: Mienshao|Knock Off|p2a: *w*G O A L I E*w*
|-damage|p2a: *w*G O A L I E*w*|72/100
|-enditem|p2a: *w*G O A L I E*w*|Heavy-Duty Boots|[from] move: Knock Off|[of] p1a: Mienshao
|
|upkeep
|turn|39
|
|t:|1626112848
|switch|p1a: moby bich|Milotic, M|75/100
|-damage|p1a: moby bich|58/100|[from] Spikes
|move|p2a: *w*G O A L I E*w*|First Impression|p1a: moby bich
|-damage|p1a: moby bich|10/100
|
|upkeep
|turn|40
|
|t:|1626112856
|switch|p2a: Puhteradactyl|Aerodactyl, M|100/100
|-ability|p2a: Puhteradactyl|Unnerve
|-damage|p2a: Puhteradactyl|76/100|[from] Stealth Rock
|move|p1a: moby bich|Recover|p1a: moby bich
|-heal|p1a: moby bich|60/100
|
|upkeep
|turn|41
|
|t:|1626112866
|move|p2a: Puhteradactyl|Stealth Rock|p1a: moby bich
|-sidestart|p1: jakestemmet|move: Stealth Rock
|move|p1a: moby bich|Recover|p1a: moby bich
|-heal|p1a: moby bich|100/100
|
|upkeep
|turn|42
|
|t:|1626112871
|switch|p2a: Sylveon|Sylveon, F|72/100 tox
|-damage|p2a: Sylveon|60/100 tox|[from] Stealth Rock
|move|p1a: moby bich|Scald|p2a: Sylveon
|-damage|p2a: Sylveon|41/100 tox
|
|-heal|p2a: Sylveon|47/100 tox|[from] item: Leftovers
|-damage|p2a: Sylveon|41/100 tox|[from] psn
|upkeep
|turn|43
|
|t:|1626112892
|move|p1a: moby bich|Scald|p2a: Sylveon
|-damage|p2a: Sylveon|22/100 tox
|move|p2a: Sylveon|Heal Bell|p2a: Sylveon
|-activate|p2a: Sylveon|move: Heal Bell
|-curestatus|p2a: Sylveon|tox|[msg]
|
|-heal|p2a: Sylveon|28/100|[from] item: Leftovers
|upkeep
|turn|44
|
|t:|1626112899
|move|p2a: Sylveon|Protect|p2a: Sylveon
|-singleturn|p2a: Sylveon|Protect
|move|p1a: moby bich|Scald|p2a: Sylveon
|-activate|p2a: Sylveon|move: Protect
|
|-heal|p2a: Sylveon|35/100|[from] item: Leftovers
|upkeep
|turn|45
|
|t:|1626112907
|move|p1a: moby bich|Scald|p2a: Sylveon
|-damage|p2a: Sylveon|15/100
|move|p2a: Sylveon|Wish|p2a: Sylveon
|
|-heal|p2a: Sylveon|22/100|[from] item: Leftovers
|upkeep
|turn|46
|
|t:|1626112915
|switch|p1a: dat boi|Toxtricity, M|68/100
|-damage|p1a: dat boi|51/100|[from] Spikes
|-damage|p1a: dat boi|39/100|[from] Stealth Rock
|move|p2a: Sylveon|Hyper Voice|p1a: dat boi
|-resisted|p1a: dat boi
|-damage|p1a: dat boi|24/100
|
|-heal|p2a: Sylveon|72/100|[from] move: Wish|[wisher] Sylveon
|-heal|p2a: Sylveon|78/100|[from] item: Leftovers
|upkeep
|turn|47
|
|t:|1626112933
|move|p2a: Sylveon|Protect|p2a: Sylveon
|-singleturn|p2a: Sylveon|Protect
|move|p1a: dat boi|Sludge Wave|p2a: Sylveon
|-activate|p2a: Sylveon|move: Protect
|
|-heal|p2a: Sylveon|84/100|[from] item: Leftovers
|upkeep
|turn|48
|
|t:|1626112938
|switch|p1a: Mienshao|Mienshao, F|100/100
|-damage|p1a: Mienshao|95/100|[from] Stealth Rock
|-damage|p1a: Mienshao|78/100|[from] Spikes
|switch|p2a: Lucy|Lucario, F|100/100
|-damage|p2a: Lucy|98/100|[from] Stealth Rock
|
|upkeep
|turn|49
|
|t:|1626112954
|switch|p2a: Sylveon|Sylveon, F|84/100
|-damage|p2a: Sylveon|71/100|[from] Stealth Rock
|move|p1a: Mienshao|Poison Jab|p2a: Sylveon
|-supereffective|p2a: Sylveon
|-damage|p2a: Sylveon|23/100
|-status|p2a: Sylveon|psn
|
|-heal|p2a: Sylveon|29/100 psn|[from] item: Leftovers
|-damage|p2a: Sylveon|17/100 psn|[from] psn
|upkeep
|turn|50
|
|t:|1626112970
|move|p1a: Mienshao|Poison Jab|p2a: Sylveon
|-supereffective|p2a: Sylveon
|-damage|p2a: Sylveon|0 fnt
|faint|p2a: Sylveon
|
|upkeep
|
|t:|1626112972
|switch|p2a: Lucy|Lucario, F|98/100
|-damage|p2a: Lucy|95/100|[from] Stealth Rock
|turn|51
|
|t:|1626112977
|switch|p1a: dat boi|Toxtricity, M|24/100
|-damage|p1a: dat boi|12/100|[from] Stealth Rock
|-damage|p1a: dat boi|0 fnt|[from] Spikes
|faint|p1a: dat boi
|move|p2a: Lucy|Swords Dance|p2a: Lucy
|-boost|p2a: Lucy|atk|2
|
|upkeep
|
|t:|1626112984
|switch|p1a: Mienshao|Mienshao, F|100/100
|-damage|p1a: Mienshao|84/100|[from] Spikes
|-damage|p1a: Mienshao|78/100|[from] Stealth Rock
|turn|52
|
|t:|1626112986
|move|p2a: Lucy|Extreme Speed|p1a: Mienshao
|-damage|p1a: Mienshao|0 fnt
|faint|p1a: Mienshao
|-damage|p2a: Lucy|85/100|[from] item: Life Orb
|
|upkeep
|
|t:|1626112990
|switch|p1a: Bigg Chonque|Steelix, M|100/100
|-damage|p1a: Bigg Chonque|97/100|[from] Stealth Rock
|-damage|p1a: Bigg Chonque|81/100|[from] Spikes
|turn|53
|
|t:|1626112995
|move|p2a: Lucy|Close Combat|p1a: Bigg Chonque
|-supereffective|p1a: Bigg Chonque
|-damage|p1a: Bigg Chonque|0 fnt
|-unboost|p2a: Lucy|def|1
|-unboost|p2a: Lucy|spd|1
|faint|p1a: Bigg Chonque
|-damage|p2a: Lucy|75/100|[from] item: Life Orb
|
|upkeep
|
|t:|1626112999
|switch|p1a: moby bich|Milotic, M|100/100
|-damage|p1a: moby bich|88/100|[from] Stealth Rock
|-damage|p1a: moby bich|71/100|[from] Spikes
|turn|54
|
|t:|1626113002
|move|p2a: Lucy|Close Combat|p1a: moby bich
|-damage|p1a: moby bich|0 fnt
|-unboost|p2a: Lucy|def|1
|-unboost|p2a: Lucy|spd|1
|faint|p1a: moby bich
|-damage|p2a: Lucy|65/100|[from] item: Life Orb
|
|upkeep
|
|t:|1626113005
|switch|p1a: me hungy|Regidrago|93/100
|-damage|p1a: me hungy|81/100|[from] Stealth Rock
|-damage|p1a: me hungy|64/100|[from] Spikes
|turn|55
|
|t:|1626113007
|move|p2a: Lucy|Extreme Speed|p1a: me hungy
|-crit|p1a: me hungy
|-damage|p1a: me hungy|0 fnt
|faint|p1a: me hungy
|-damage|p2a: Lucy|55/100|[from] item: Life Orb
|
|win|literallyfreemoney
|c|☆jakestemmet|gg
|c|☆literallyfreemoney|gg
|raw|jakestemmet's rating: 1336 &rarr; <strong>1327</strong><br />(-9 for losing)
|raw|literallyfreemoney's rating: 1539 &rarr; <strong>1548</strong><br />(+9 for winning)
