|raw|<div class="broadcast-blue"><strong>This battle is required to be public due to a player having a name starting with 'rult70'.</div>
|j|☆rult70e ifo
|j|☆Rult70B evidith
|t:|1626899133
|gametype|singles
|player|p1|rult70e ifo|hiker-gen4|1602
|player|p2|Rult70B evidith|lass-gen4dp|1497
|teamsize|p1|6
|teamsize|p2|6
|gen|8
|tier|[Gen 8] RU
|rated|
|rule|Sleep Clause Mod: Limit one foe put to sleep
|rule|Species Clause: Limit one of each Pokémon
|rule|OHKO Clause: OHKO moves are banned
|rule|Evasion Moves Clause: Evasion moves are banned
|rule|Endless Battle Clause: Forcing endless battles is banned
|rule|HP Percentage Mod: HP is shown in percentages
|rule|Dynamax Clause: You cannot dynamax
|clearpoke
|poke|p1|Togekiss, M|
|poke|p1|Steelix, F|
|poke|p1|Heracross, M|
|poke|p1|Reuniclus, F|
|poke|p1|Xurkitree|
|poke|p1|Milotic, F|
|poke|p2|Indeedee, M|
|poke|p2|Mienshao, M|
|poke|p2|Whimsicott, F|
|poke|p2|Marowak-Alola, M|
|poke|p2|Starmie|
|poke|p2|Escavalier, M|
|teampreview
|j| rult70rabbit
|j| rult70z punny
|j| jang._.gyurious
|j| tlenit
|j| rurkitree
|j| JmePenseBon
|j| pult61a p
|j| toinha ♫♪
|j| hjkhj
|j| rult70m mac3 ✝
|c|☆rult70e ifo|hf
|c|☆Rult70B evidith|rult70e ifo are you here
|c|☆rult70e ifo|ye
|c|☆rult70e ifo|test
|c|☆rult70e ifo|good
|
|t:|1626899298
|start
|switch|p1a: Togekiss|Togekiss, M|100/100
|switch|p2a: Indeedee|Indeedee, M|100/100
|-fieldstart|move: Psychic Terrain|[from] ability: Psychic Surge|[of] p2a: Indeedee
|turn|1
|
|t:|1626899321
|switch|p1a: Reuniclus|Reuniclus, F|100/100
|move|p2a: Indeedee|Expanding Force|p1a: Reuniclus
|-resisted|p1a: Reuniclus
|-damage|p1a: Reuniclus|55/100
|
|upkeep
|turn|2
|
|t:|1626899368
|switch|p2a: Marowak|Marowak-Alola, M|100/100
|move|p1a: Reuniclus|Recover|p1a: Reuniclus
|-heal|p1a: Reuniclus|100/100
|
|upkeep
|turn|3
|
|t:|1626899411
|switch|p1a: Steelix|Steelix, F|100/100
|move|p2a: Marowak|Stealth Rock|p1a: Steelix
|-sidestart|p1: rult70e ifo|move: Stealth Rock
|
|upkeep
|turn|4
|j| laevin
|
|t:|1626899466
|move|p2a: Marowak|Low Kick|p1a: Steelix
|-supereffective|p1a: Steelix
|-damage|p1a: Steelix|44/100
|move|p1a: Steelix|Earthquake|p2a: Marowak
|-supereffective|p2a: Marowak
|-damage|p2a: Marowak|43/100
|
|-heal|p1a: Steelix|50/100|[from] item: Leftovers
|upkeep
|turn|5
|j|+Tuthur
|j| 85percent
|
|t:|1626899528
|switch|p1a: Milotic|Milotic, F|100/100
|-damage|p1a: Milotic|88/100|[from] Stealth Rock
|move|p2a: Marowak|Poltergeist|p1a: Milotic
|-activate|p1a: Milotic|move: Poltergeist|Leftovers
|-damage|p1a: Milotic|29/100
|
|-heal|p1a: Milotic|36/100|[from] item: Leftovers
|-fieldend|move: Psychic Terrain
|upkeep
|turn|6
|
|t:|1626899556
|switch|p2a: Indeedee|Indeedee, M|100/100
|-fieldstart|move: Psychic Terrain|[from] ability: Psychic Surge|[of] p2a: Indeedee
|move|p1a: Milotic|Recover|p1a: Milotic
|-heal|p1a: Milotic|86/100
|
|-heal|p1a: Milotic|92/100|[from] item: Leftovers
|upkeep
|turn|7
|
|t:|1626899567
|move|p2a: Indeedee|Expanding Force|p1a: Milotic
|-damage|p1a: Milotic|19/100
|move|p1a: Milotic|Recover|p1a: Milotic
|-heal|p1a: Milotic|69/100
|
|-heal|p1a: Milotic|75/100|[from] item: Leftovers
|upkeep
|turn|8
|
|t:|1626899591
|switch|p1a: Reuniclus|Reuniclus, F|100/100
|move|p2a: Indeedee|Expanding Force|p1a: Reuniclus
|-resisted|p1a: Reuniclus
|-damage|p1a: Reuniclus|50/100
|
|upkeep
|turn|9
|
|t:|1626899594
|move|p2a: Indeedee|Expanding Force|p1a: Reuniclus
|-resisted|p1a: Reuniclus
|-damage|p1a: Reuniclus|2/100
|move|p1a: Reuniclus|Recover|p1a: Reuniclus
|-heal|p1a: Reuniclus|52/100
|
|upkeep
|turn|10
|
|t:|1626899602
|switch|p2a: Marowak|Marowak-Alola, M|43/100
|move|p1a: Reuniclus|Recover|p1a: Reuniclus
|-heal|p1a: Reuniclus|100/100
|
|-fieldend|move: Psychic Terrain
|upkeep
|turn|11
|
|t:|1626899615
|switch|p1a: Togekiss|Togekiss, M|100/100
|move|p2a: Marowak|Poltergeist|p1a: Togekiss
|-activate|p1a: Togekiss|move: Poltergeist|Heavy-Duty Boots
|-damage|p1a: Togekiss|19/100
|
|upkeep
|turn|12
|
|t:|1626899660
|switch|p2a: Indeedee|Indeedee, M|100/100
|-fieldstart|move: Psychic Terrain|[from] ability: Psychic Surge|[of] p2a: Indeedee
|move|p1a: Togekiss|Air Slash|p2a: Indeedee|[miss]
|-miss|p1a: Togekiss|p2a: Indeedee
|
|upkeep
|turn|13
|
|t:|1626899677
|switch|p1a: Reuniclus|Reuniclus, F|100/100
|move|p2a: Indeedee|Expanding Force|p1a: Reuniclus
|-resisted|p1a: Reuniclus
|-damage|p1a: Reuniclus|51/100
|
|upkeep
|turn|14
|
|t:|1626899693
|switch|p2a: Escavalier|Escavalier, M|100/100
|move|p1a: Reuniclus|Recover|p1a: Reuniclus
|-heal|p1a: Reuniclus|100/100
|
|upkeep
|turn|15
|
|t:|1626899706
|switch|p1a: Heracross|Heracross, M|100/100
|-damage|p1a: Heracross|88/100|[from] Stealth Rock
|move|p2a: Escavalier|Swords Dance|p2a: Escavalier
|-boost|p2a: Escavalier|atk|2
|
|-status|p1a: Heracross|brn|[from] item: Flame Orb
|upkeep
|turn|16
|inactive|Battle timer is ON: inactive players will automatically lose when time's up. (requested by rult70e ifo)
|
|t:|1626899774
|switch|p2a: Whimsicott|Whimsicott, F|100/100
|move|p1a: Heracross|Close Combat|p2a: Whimsicott
|-resisted|p2a: Whimsicott
|-damage|p2a: Whimsicott|32/100
|-unboost|p1a: Heracross|def|1
|-unboost|p1a: Heracross|spd|1
|
|-damage|p1a: Heracross|82/100 brn|[from] brn
|-fieldend|move: Psychic Terrain
|upkeep
|turn|17
|
|t:|1626899805
|switch|p1a: Steelix|Steelix, F|50/100
|-damage|p1a: Steelix|47/100|[from] Stealth Rock
|move|p2a: Whimsicott|Moonblast|p1a: Steelix
|-resisted|p1a: Steelix
|-damage|p1a: Steelix|30/100
|-unboost|p1a: Steelix|spa|1
|
|-heal|p1a: Steelix|36/100|[from] item: Leftovers
|upkeep
|turn|18
|
|t:|1626899817
|switch|p2a: Starmie|Starmie|100/100
|move|p1a: Steelix|Stealth Rock|p2a: Starmie
|-sidestart|p2: Rult70B evidith|move: Stealth Rock
|
|-heal|p1a: Steelix|43/100|[from] item: Leftovers
|upkeep
|turn|19
|
|t:|1626899823
|switch|p1a: Milotic|Milotic, F|75/100
|-damage|p1a: Milotic|63/100|[from] Stealth Rock
|move|p2a: Starmie|Rapid Spin|p1a: Milotic
|-damage|p1a: Milotic|57/100
|-boost|p2a: Starmie|spe|1
|-sideend|p2: Rult70B evidith|Stealth Rock|[from] move: Rapid Spin|[of] p2a: Starmie
|
|-heal|p1a: Milotic|63/100|[from] item: Leftovers
|upkeep
|turn|20
|inactive|rult70e ifo has 120 seconds left.
|
|t:|1626899851
|move|p2a: Starmie|Toxic|p1a: Milotic|[miss]
|-miss|p2a: Starmie|p1a: Milotic
|move|p1a: Milotic|Flip Turn|p2a: Starmie
|-resisted|p2a: Starmie
|-damage|p2a: Starmie|93/100
|l| rurkitree
|l| JmePenseBon
|
|t:|1626899867
|switch|p1a: Heracross|Heracross, M|82/100 brn|[from]move: Flip Turn
|-damage|p1a: Heracross|70/100 brn|[from] Stealth Rock
|
|-damage|p1a: Heracross|64/100 brn|[from] brn
|upkeep
|turn|21
|inactive|Rult70B evidith has 120 seconds left.
|inactive|rult70e ifo has 90 seconds left.
|
|t:|1626899913
|switch|p2a: Whimsicott|Whimsicott, F|32/100
|move|p1a: Heracross|Facade|p2a: Whimsicott
|-damage|p2a: Whimsicott|0 fnt
|faint|p2a: Whimsicott
|
|-damage|p1a: Heracross|58/100 brn|[from] brn
|upkeep
|
|t:|1626899938
|switch|p2a: Indeedee|Indeedee, M|100/100
|-fieldstart|move: Psychic Terrain|[from] ability: Psychic Surge|[of] p2a: Indeedee
|turn|22
|j|+Lunala
|inactive|rult70e ifo has 90 seconds left.
|j| ansiedade
|
|t:|1626899966
|switch|p1a: Reuniclus|Reuniclus, F|100/100
|move|p2a: Indeedee|Expanding Force|p1a: Reuniclus
|-resisted|p1a: Reuniclus
|-damage|p1a: Reuniclus|55/100
|
|upkeep
|turn|23
|
|t:|1626899974
|move|p2a: Indeedee|Expanding Force|p1a: Reuniclus
|-resisted|p1a: Reuniclus
|-damage|p1a: Reuniclus|6/100
|move|p1a: Reuniclus|Recover|p1a: Reuniclus
|-heal|p1a: Reuniclus|56/100
|
|upkeep
|turn|24
|
|t:|1626899977
|switch|p2a: Escavalier|Escavalier, M|100/100
|move|p1a: Reuniclus|Recover|p1a: Reuniclus
|-heal|p1a: Reuniclus|100/100
|
|upkeep
|turn|25
|inactive|rult70e ifo has 90 seconds left.
|j| Arct!c
|inactive|rult70e ifo has 60 seconds left.
|inactive|rult70e ifo has 30 seconds left.
|inactive|rult70e ifo has 20 seconds left.
|
|t:|1626900065
|switch|p1a: Steelix|Steelix, F|43/100
|-damage|p1a: Steelix|39/100|[from] Stealth Rock
|move|p2a: Escavalier|Megahorn|p1a: Steelix
|-resisted|p1a: Steelix
|-damage|p1a: Steelix|24/100
|
|-heal|p1a: Steelix|30/100|[from] item: Leftovers
|upkeep
|turn|26
|inactive|rult70e ifo has 30 seconds left this turn.
|inactive|rult70e ifo has 20 seconds left.
|inactive|rult70e ifo has 15 seconds left.
|
|t:|1626900083
|switch|p2a: Starmie|Starmie|93/100
|move|p1a: Steelix|Earthquake|p2a: Starmie
|-damage|p2a: Starmie|59/100
|
|-heal|p1a: Steelix|36/100|[from] item: Leftovers
|-fieldend|move: Psychic Terrain
|upkeep
|turn|27
|inactive|rult70e ifo has 25 seconds left this turn.
|inactive|rult70e ifo has 20 seconds left.
|inactive|rult70e ifo has 15 seconds left.
|inactive|rult70e ifo has 10 seconds left.
|
|t:|1626900103
|switch|p1a: Reuniclus|Reuniclus, F|100/100
|move|p2a: Starmie|Scald|p1a: Reuniclus
|-damage|p1a: Reuniclus|74/100
|
|upkeep
|turn|28
|inactive|rult70e ifo has 20 seconds left this turn.
|inactive|rult70e ifo has 15 seconds left.
|
|t:|1626900113
|move|p2a: Starmie|Recover|p2a: Starmie
|-heal|p2a: Starmie|100/100
|move|p1a: Reuniclus|Calm Mind|p1a: Reuniclus
|-boost|p1a: Reuniclus|spa|1
|-boost|p1a: Reuniclus|spd|1
|
|upkeep
|turn|29
|inactive|rult70e ifo has 25 seconds left this turn.
|inactive|rult70e ifo has 20 seconds left.
|
|t:|1626900121
|switch|p2a: Escavalier|Escavalier, M|100/100
|move|p1a: Reuniclus|Focus Blast|p2a: Escavalier
|-damage|p2a: Escavalier|55/100
|
|upkeep
|turn|30
|inactive|rult70e ifo has 30 seconds left this turn.
|inactive|rult70e ifo has 20 seconds left.
|
|t:|1626900134
|switch|p1a: Steelix|Steelix, F|36/100
|-damage|p1a: Steelix|33/100|[from] Stealth Rock
|move|p2a: Escavalier|Megahorn|p1a: Steelix
|-resisted|p1a: Steelix
|-damage|p1a: Steelix|18/100
|
|-heal|p1a: Steelix|24/100|[from] item: Leftovers
|upkeep
|turn|31
|inactive|rult70e ifo has 30 seconds left this turn.
|
|t:|1626900140
|switch|p2a: Starmie|Starmie|100/100
|move|p1a: Steelix|Stealth Rock|p2a: Starmie
|-sidestart|p2: Rult70B evidith|move: Stealth Rock
|
|-heal|p1a: Steelix|30/100|[from] item: Leftovers
|upkeep
|turn|32
|inactive|rult70e ifo has 30 seconds left.
|
|t:|1626900148
|switch|p1a: Milotic|Milotic, F|63/100
|-damage|p1a: Milotic|50/100|[from] Stealth Rock
|move|p2a: Starmie|Rapid Spin|p1a: Milotic
|-damage|p1a: Milotic|44/100
|-boost|p2a: Starmie|spe|1
|-sideend|p2: Rult70B evidith|Stealth Rock|[from] move: Rapid Spin|[of] p2a: Starmie
|
|-heal|p1a: Milotic|50/100|[from] item: Leftovers
|upkeep
|turn|33
|j| pult61a spades
|inactive|Rult70B evidith has 120 seconds left.
|
|t:|1626900178
|move|p2a: Starmie|Toxic|p1a: Milotic
|-status|p1a: Milotic|tox
|move|p1a: Milotic|Recover|p1a: Milotic
|-heal|p1a: Milotic|99/100 tox
|
|-heal|p1a: Milotic|100/100 tox|[from] item: Leftovers
|-damage|p1a: Milotic|94/100 tox|[from] psn
|upkeep
|turn|34
|inactive|Rult70B evidith has 120 seconds left.
|j| xXcrossbowXx
|
|t:|1626900210
|move|p2a: Starmie|Scald|p1a: Milotic
|-resisted|p1a: Milotic
|-damage|p1a: Milotic|85/100 tox
|move|p1a: Milotic|Flip Turn|p2a: Starmie
|-resisted|p2a: Starmie
|-damage|p2a: Starmie|94/100
|
|t:|1626900229
|switch|p1a: Heracross|Heracross, M|58/100 brn|[from]move: Flip Turn
|-damage|p1a: Heracross|46/100 brn|[from] Stealth Rock
|
|-damage|p1a: Heracross|40/100 brn|[from] brn
|upkeep
|turn|35
|
|t:|1626900241
|move|p2a: Starmie|Scald|p1a: Heracross
|-damage|p1a: Heracross|9/100 brn
|move|p1a: Heracross|Megahorn|p2a: Starmie
|-supereffective|p2a: Starmie
|-damage|p2a: Starmie|0 fnt
|faint|p2a: Starmie
|
|-damage|p1a: Heracross|3/100 brn|[from] brn
|upkeep
|
|t:|1626900246
|switch|p2a: Mienshao|Mienshao, M|100/100
|turn|36
|
|t:|1626900256
|move|p2a: Mienshao|U-turn|p1a: Heracross
|-resisted|p1a: Heracross
|-damage|p1a: Heracross|0 fnt
|faint|p1a: Heracross
|
|t:|1626900272
|switch|p2a: Indeedee|Indeedee, M|100/100|[from]move: U-turn
|-fieldstart|move: Psychic Terrain|[from] ability: Psychic Surge|[of] p2a: Indeedee
|
|upkeep
|
|t:|1626900295
|switch|p1a: Reuniclus|Reuniclus, F|74/100
|turn|37
|j| RULT70A GK
|inactive|rult70e ifo has 30 seconds left.
|inactive|rult70e ifo has 20 seconds left.
|
|t:|1626900329
|switch|p1a: Togekiss|Togekiss, M|19/100
|move|p2a: Indeedee|Tri Attack|p1a: Togekiss
|-damage|p1a: Togekiss|0 fnt
|faint|p1a: Togekiss
|
|upkeep
|inactive|rult70e ifo has 25 seconds left this turn.
|inactive|rult70e ifo has 20 seconds left.
|inactive|rult70e ifo has 15 seconds left.
|
|t:|1626900343
|switch|p1a: Xurkitree|Xurkitree|100/100
|-damage|p1a: Xurkitree|88/100|[from] Stealth Rock
|turn|38
|inactive|rult70e ifo has 25 seconds left this turn.
|
|t:|1626900349
|switch|p2a: Marowak|Marowak-Alola, M|43/100
|move|p1a: Xurkitree|Volt Switch|p2a: Marowak
|-ability|p2a: Marowak|Lightning Rod|boost
|-boost|p2a: Marowak|spa|1
|
|upkeep
|turn|39
|inactive|rult70e ifo has 30 seconds left.
|j| Caionamax
|
|t:|1626900364
|move|p1a: Xurkitree|Volt Switch|p2a: Marowak
|-ability|p2a: Marowak|Lightning Rod|boost
|-boost|p2a: Marowak|spa|1
|move|p2a: Marowak|Poltergeist|p1a: Xurkitree
|-activate|p1a: Xurkitree|move: Poltergeist|Choice Scarf
|-damage|p1a: Xurkitree|0 fnt
|faint|p1a: Xurkitree
|
|upkeep
|inactive|rult70e ifo has 30 seconds left this turn.
|
|t:|1626900367
|switch|p1a: Milotic|Milotic, F|85/100 tox
|-damage|p1a: Milotic|73/100 tox|[from] Stealth Rock
|turn|40
|
|t:|1626900387
|switch|p2a: Mienshao|Mienshao, M|100/100
|move|p1a: Milotic|Scald|p2a: Mienshao
|-damage|p2a: Mienshao|53/100
|-status|p2a: Mienshao|brn
|
|-heal|p1a: Milotic|79/100 tox|[from] item: Leftovers
|-damage|p1a: Milotic|73/100 tox|[from] psn
|-damage|p2a: Mienshao|47/100 brn|[from] brn
|-fieldend|move: Psychic Terrain
|upkeep
|turn|41
|inactive|rult70e ifo has 30 seconds left.
|j|+Feliburn
|
|t:|1626900410
|switch|p1a: Steelix|Steelix, F|30/100
|-damage|p1a: Steelix|27/100|[from] Stealth Rock
|move|p2a: Mienshao|U-turn|p1a: Steelix
|-resisted|p1a: Steelix
|-damage|p1a: Steelix|24/100
|inactive|rult70e ifo has 30 seconds left this turn.
|
|t:|1626900420
|switch|p2a: Indeedee|Indeedee, M|100/100|[from]move: U-turn
|-fieldstart|move: Psychic Terrain|[from] ability: Psychic Surge|[of] p2a: Indeedee
|
|-heal|p1a: Steelix|30/100|[from] item: Leftovers
|upkeep
|turn|42
|
|t:|1626900424
|move|p2a: Indeedee|Expanding Force|p1a: Steelix
|-resisted|p1a: Steelix
|-damage|p1a: Steelix|0 fnt
|faint|p1a: Steelix
|
|upkeep
|
|t:|1626900426
|switch|p1a: Reuniclus|Reuniclus, F|74/100
|turn|43
|
|t:|1626900435
|switch|p2a: Escavalier|Escavalier, M|55/100
|move|p1a: Reuniclus|Recover|p1a: Reuniclus
|-heal|p1a: Reuniclus|100/100
|
|upkeep
|turn|44
|inactive|rult70e ifo has 60 seconds left.
|
|t:|1626900444
|switch|p1a: Milotic|Milotic, F|73/100 tox
|-damage|p1a: Milotic|60/100 tox|[from] Stealth Rock
|move|p2a: Escavalier|Megahorn|p1a: Milotic
|-damage|p1a: Milotic|32/100 tox
|
|-heal|p1a: Milotic|38/100 tox|[from] item: Leftovers
|-damage|p1a: Milotic|32/100 tox|[from] psn
|upkeep
|turn|45
|
|t:|1626900450
|switch|p2a: Indeedee|Indeedee, M|100/100
|move|p1a: Milotic|Recover|p1a: Milotic
|-heal|p1a: Milotic|82/100 tox
|
|-heal|p1a: Milotic|88/100 tox|[from] item: Leftovers
|-damage|p1a: Milotic|76/100 tox|[from] psn
|-fieldend|move: Psychic Terrain
|upkeep
|turn|46
|
|t:|1626900457
|move|p2a: Indeedee|Tri Attack|p1a: Milotic
|-damage|p1a: Milotic|40/100 tox
|move|p1a: Milotic|Recover|p1a: Milotic
|-heal|p1a: Milotic|90/100 tox
|
|-heal|p1a: Milotic|96/100 tox|[from] item: Leftovers
|-damage|p1a: Milotic|78/100 tox|[from] psn
|upkeep
|turn|47
|c|☆rult70e ifo|gg
|-message|rult70e ifo forfeited.
|
|win|Rult70B evidith
|raw|rult70e ifo's rating: 1602 &rarr; <strong>1576</strong><br />(-26 for losing)
|raw|Rult70B evidith's rating: 1488 &rarr; <strong>1514</strong><br />(+26 for winning)
|l|☆rult70e ifo
|l| xXcrossbowXx
|l| 85percent
|l| Arct!c
|l| rult70rabbit
|l| rult70z punny
|l|+Lunala
|l|☆Rult70B evidith
|l| ansiedade
|l|+Tuthur
|l| toinha ♫♪
|l| laevin
||Ladder isn't responding, score probably updated but might not have (Request timeout).
|l| hjkhj
|l| pult61a spades
|l|+Feliburn
