|j|☆sexybucks
|j|☆kluby
|player|p1|sexybucks|brycen|1522
|player|p2|kluby|266|1543
|teamsize|p1|6
|teamsize|p2|6
|gametype|singles
|gen|8
|tier|[Gen 8] RU
|rated|
|clearpoke
|poke|p1|Vanilluxe, M|
|poke|p1|Whimsicott, M|
|poke|p1|Coalossal, M|
|poke|p1|Steelix, M|
|poke|p1|Raichu-Alola, M|
|poke|p1|Toxicroak, M|
|poke|p2|Drifblim, M|
|poke|p2|Coalossal, F|
|poke|p2|Gothitelle, M|
|poke|p2|Persian-Alola, F|
|poke|p2|Eldegoss, M|
|poke|p2|Weezing, F|
|rule|Sleep Clause Mod: Limit one foe put to sleep
|rule|Species Clause: Limit one of each Pokémon
|rule|OHKO Clause: OHKO moves are banned
|rule|Evasion Moves Clause: Evasion moves are banned
|rule|Endless Battle Clause: Forcing endless battles is banned
|rule|HP Percentage Mod: HP is shown in percentages
|rule|Dynamax Clause: You cannot dynamax
|teampreview
|inactive|Battle timer is ON: inactive players will automatically lose when time's up. (requested by sexybucks)
|
|start
|switch|p1a: Raichu|Raichu-Alola, M|100/100
|switch|p2a: Coalossal|Coalossal, F|100/100
|turn|1
|
|move|p1a: Raichu|Surf|p2a: Coalossal
|-supereffective|p2a: Coalossal
|-damage|p2a: Coalossal|0 fnt
|faint|p2a: Coalossal
|
|upkeep
|
|switch|p2a: Gothitelle|Gothitelle, M|100/100
|turn|2
|
|switch|p1a: Whimsicott|Whimsicott, M|100/100
|move|p2a: Gothitelle|Future Sight|p1a: Whimsicott
|-start|p2a: Gothitelle|move: Future Sight
|
|upkeep
|turn|3
|
|move|p2a: Gothitelle|Protect|p2a: Gothitelle
|-singleturn|p2a: Gothitelle|Protect
|move|p1a: Whimsicott|U-turn|p2a: Gothitelle
|-activate|p2a: Gothitelle|move: Protect
|
|upkeep
|turn|4
|
|move|p1a: Whimsicott|Encore|p2a: Gothitelle
|-start|p2a: Gothitelle|Encore
|move|p2a: Gothitelle|Protect||[still]
|-fail|p2a: Gothitelle
|
|-end|p1a: Whimsicott|move: Future Sight
|-crit|p1a: Whimsicott
|-damage|p1a: Whimsicott|23/100
|-enditem|p1a: Whimsicott|Sitrus Berry|[eat]
|-heal|p1a: Whimsicott|48/100|[from] item: Sitrus Berry
|upkeep
|turn|5
|
|switch|p2a: Weezing|Weezing, F|100/100
|-ability|p2a: Weezing|Neutralizing Gas
|move|p1a: Whimsicott|U-turn|p2a: Weezing
|-resisted|p2a: Weezing
|-damage|p2a: Weezing|97/100
|
|switch|p1a: Raichu|Raichu-Alola, M|100/100|[from]move: U-turn
|
|-heal|p2a: Weezing|100/100|[from] item: Leftovers
|upkeep
|turn|6
|
|switch|p2a: Eldegoss|Eldegoss, M|100/100
|move|p1a: Raichu|Volt Switch|p2a: Eldegoss
|-resisted|p2a: Eldegoss
|-damage|p2a: Eldegoss|89/100
|
|switch|p1a: Vanilluxe|Vanilluxe, M|100/100|[from]move: Volt Switch
|-weather|Hail|[from] ability: Snow Warning|[of] p1a: Vanilluxe
|
|-weather|Hail|[upkeep]
|-damage|p2a: Eldegoss|83/100|[from] Hail
|upkeep
|turn|7
|
|switch|p2a: Gothitelle|Gothitelle, M|100/100
|move|p1a: Vanilluxe|Blizzard|p2a: Gothitelle
|-damage|p2a: Gothitelle|50/100
|
|-weather|Hail|[upkeep]
|-damage|p2a: Gothitelle|44/100|[from] Hail
|-heal|p2a: Gothitelle|50/100|[from] item: Leftovers
|upkeep
|turn|8
|
|move|p1a: Vanilluxe|Blizzard|p2a: Gothitelle
|-crit|p2a: Gothitelle
|-damage|p2a: Gothitelle|0 fnt
|faint|p2a: Gothitelle
|
|-weather|Hail|[upkeep]
|upkeep
|
|switch|p2a: Persian|Persian-Alola, F|100/100
|turn|9
|
|switch|p1a: Toxicroak|Toxicroak, M|100/100
|move|p2a: Persian|Knock Off|p1a: Toxicroak
|-resisted|p1a: Toxicroak
|-damage|p1a: Toxicroak|78/100
|-enditem|p1a: Toxicroak|Life Orb|[from] move: Knock Off|[of] p2a: Persian
|
|-weather|Hail|[upkeep]
|-damage|p1a: Toxicroak|72/100|[from] Hail
|-damage|p2a: Persian|95/100|[from] Hail
|-heal|p2a: Persian|100/100|[from] item: Leftovers
|upkeep
|turn|10
|
|move|p1a: Toxicroak|Drain Punch|p2a: Persian
|-supereffective|p2a: Persian
|-damage|p2a: Persian|55/100
|-heal|p1a: Toxicroak|92/100|[from] drain|[of] p2a: Persian
|move|p2a: Persian|U-turn|p1a: Toxicroak
|-resisted|p1a: Toxicroak
|-damage|p1a: Toxicroak|86/100
|
|switch|p2a: Weezing|Weezing, F|100/100|[from]move: U-turn
|-ability|p2a: Weezing|Neutralizing Gas
|
|-weather|none
|upkeep
|turn|11
|
|switch|p1a: Raichu|Raichu-Alola, M|100/100
|move|p2a: Weezing|Sludge Bomb|p1a: Raichu
|-damage|p1a: Raichu|61/100
|
|upkeep
|turn|12
|
|switch|p2a: Persian|Persian-Alola, F|55/100
|move|p1a: Raichu|Psychic|p2a: Persian
|-immune|p2a: Persian
|
|-heal|p2a: Persian|61/100|[from] item: Leftovers
|upkeep
|turn|13
|l|☆sexybucks
|inactive|sexybucks disconnected and has a minute to reconnect!
|player|p1|
|j|☆sexybucks
|inactive|sexybucks reconnected and has 115 seconds left.
|player|p1|sexybucks|brycen
|
|switch|p1a: Toxicroak|Toxicroak, M|86/100
|move|p2a: Persian|U-turn|p1a: Toxicroak
|-resisted|p1a: Toxicroak
|-damage|p1a: Toxicroak|80/100
|
|switch|p2a: Weezing|Weezing, F|100/100|[from]move: U-turn
|-ability|p2a: Weezing|Neutralizing Gas
|
|upkeep
|turn|14
|
|switch|p1a: Coalossal|Coalossal, M|100/100
|move|p2a: Weezing|Sludge Bomb|p1a: Coalossal
|-resisted|p1a: Coalossal
|-damage|p1a: Coalossal|89/100
|
|upkeep
|turn|15
|inactive|sexybucks has 120 seconds left.
|
|switch|p2a: Drifblim|Drifblim, M|100/100
|move|p1a: Coalossal|Stone Edge|p2a: Drifblim
|-supereffective|p2a: Drifblim
|-damage|p2a: Drifblim|0 fnt
|faint|p2a: Drifblim
|
|upkeep
|
|switch|p2a: Weezing|Weezing, F|100/100
|-ability|p2a: Weezing|Neutralizing Gas
|turn|16
|
|move|p2a: Weezing|Sludge Bomb|p1a: Coalossal
|-resisted|p1a: Coalossal
|-damage|p1a: Coalossal|78/100
|move|p1a: Coalossal|Spikes|p2a: Weezing
|-sidestart|p2: kluby|Spikes
|
|upkeep
|turn|17
|
|switch|p1a: Steelix|Steelix, M|100/100
|move|p2a: Weezing|Sludge Bomb|p1a: Steelix
|-immune|p1a: Steelix
|
|upkeep
|turn|18
|
|switch|p2a: Eldegoss|Eldegoss, M|100/100
|switch|p1a: Coalossal|Coalossal, M|78/100
|
|upkeep
|turn|19
|
|switch|p2a: Weezing|Weezing, F|100/100
|-ability|p2a: Weezing|Neutralizing Gas
|-damage|p2a: Weezing|88/100|[from] Spikes
|move|p1a: Coalossal|Overheat|p2a: Weezing
|-damage|p2a: Weezing|41/100
|-unboost|p1a: Coalossal|spa|2
|
|-heal|p2a: Weezing|47/100|[from] item: Leftovers
|upkeep
|turn|20
|
|move|p2a: Weezing|Pain Split|p1a: Coalossal
|-sethp|p1a: Coalossal|58/100|[from] move: Pain Split|[silent]
|-sethp|p2a: Weezing|70/100|[from] move: Pain Split
|move|p1a: Coalossal|Stone Edge|p2a: Weezing
|-damage|p2a: Weezing|43/100
|
|-heal|p2a: Weezing|49/100|[from] item: Leftovers
|upkeep
|turn|21
|
|move|p2a: Weezing|Toxic Spikes|p1a: Coalossal
|-sidestart|p1: sexybucks|move: Toxic Spikes
|move|p1a: Coalossal|Spikes|p2a: Weezing
|-sidestart|p2: kluby|Spikes
|
|-heal|p2a: Weezing|55/100|[from] item: Leftovers
|upkeep
|turn|22
|
|move|p2a: Weezing|Sludge Bomb|p1a: Coalossal
|-resisted|p1a: Coalossal
|-damage|p1a: Coalossal|47/100
|move|p1a: Coalossal|Spikes|p2a: Weezing
|-sidestart|p2: kluby|Spikes
|
|-heal|p2a: Weezing|61/100|[from] item: Leftovers
|upkeep
|turn|23
|
|move|p2a: Weezing|Sludge Bomb|p1a: Coalossal
|-resisted|p1a: Coalossal
|-damage|p1a: Coalossal|36/100
|move|p1a: Coalossal|Rapid Spin|p2a: Weezing
|-damage|p2a: Weezing|51/100
|-boost|p1a: Coalossal|spe|1
|-sideend|p1: sexybucks|Toxic Spikes|[from] move: Rapid Spin|[of] p1a: Coalossal
|
|-heal|p2a: Weezing|57/100|[from] item: Leftovers
|upkeep
|turn|24
|
|switch|p1a: Steelix|Steelix, M|100/100
|move|p2a: Weezing|Sludge Bomb|p1a: Steelix
|-immune|p1a: Steelix
|
|-heal|p2a: Weezing|63/100|[from] item: Leftovers
|upkeep
|turn|25
|
|move|p2a: Weezing|Toxic Spikes|p1a: Steelix
|-sidestart|p1: sexybucks|move: Toxic Spikes
|move|p1a: Steelix|Stealth Rock|p2a: Weezing
|-sidestart|p2: kluby|move: Stealth Rock
|
|-heal|p2a: Weezing|69/100|[from] item: Leftovers
|upkeep
|turn|26
|
|move|p2a: Weezing|Pain Split|p1a: Steelix
|-sethp|p1a: Steelix|83/100|[from] move: Pain Split|[silent]
|-sethp|p2a: Weezing|88/100|[from] move: Pain Split
|move|p1a: Steelix|Iron Defense|p1a: Steelix
|-boost|p1a: Steelix|def|2
|
|-heal|p2a: Weezing|94/100|[from] item: Leftovers
|-heal|p1a: Steelix|89/100|[from] item: Leftovers
|upkeep
|turn|27
|
|switch|p1a: Coalossal|Coalossal, M|36/100
|move|p2a: Weezing|Toxic Spikes|p1a: Coalossal
|-sidestart|p1: sexybucks|move: Toxic Spikes
|
|-heal|p2a: Weezing|99/100|[from] item: Leftovers
|upkeep
|turn|28
|
|move|p2a: Weezing|Sludge Bomb|p1a: Coalossal
|-resisted|p1a: Coalossal
|-damage|p1a: Coalossal|24/100
|-status|p1a: Coalossal|psn
|move|p1a: Coalossal|Rapid Spin|p2a: Weezing
|-damage|p2a: Weezing|92/100
|-boost|p1a: Coalossal|spe|1
|-sideend|p1: sexybucks|Toxic Spikes|[from] move: Rapid Spin|[of] p1a: Coalossal
|
|-heal|p2a: Weezing|98/100|[from] item: Leftovers
|-damage|p1a: Coalossal|11/100 psn|[from] psn
|upkeep
|turn|29
|
|move|p1a: Coalossal|Stone Edge|p2a: Weezing
|-damage|p2a: Weezing|74/100
|move|p2a: Weezing|Toxic Spikes|p1a: Coalossal
|-sidestart|p1: sexybucks|move: Toxic Spikes
|
|-heal|p2a: Weezing|80/100|[from] item: Leftovers
|-damage|p1a: Coalossal|0 fnt|[from] psn
|faint|p1a: Coalossal
|upkeep
|
|switch|p1a: Vanilluxe|Vanilluxe, M|100/100
|-status|p1a: Vanilluxe|psn
|turn|30
|l|☆sexybucks
|inactive|sexybucks disconnected and has a minute to reconnect!
|player|p1|
|
|move|p1a: Vanilluxe|Freeze-Dry|p2a: Weezing
|-damage|p2a: Weezing|15/100
|move|p2a: Weezing|Sludge Bomb|p1a: Vanilluxe
|-damage|p1a: Vanilluxe|65/100 psn
|
|-heal|p2a: Weezing|21/100|[from] item: Leftovers
|-damage|p1a: Vanilluxe|53/100 psn|[from] psn
|upkeep
|turn|31
|j|☆sexybucks
|inactive|sexybucks reconnected and has 145 seconds left.
|player|p1|sexybucks|brycen
|
|move|p1a: Vanilluxe|Freeze-Dry|p2a: Weezing
|-crit|p2a: Weezing
|-damage|p2a: Weezing|0 fnt
|faint|p2a: Weezing
|-weather|Hail|[from] ability: Snow Warning|[of] p1a: Vanilluxe
|
|-weather|Hail|[upkeep]
|-damage|p1a: Vanilluxe|40/100 psn|[from] psn
|upkeep
|
|switch|p2a: Eldegoss|Eldegoss, M|100/100
|turn|32
|
|move|p1a: Vanilluxe|Freeze-Dry|p2a: Eldegoss
|-supereffective|p2a: Eldegoss
|-damage|p2a: Eldegoss|32/100
|move|p2a: Eldegoss|Rapid Spin|p1a: Vanilluxe
|-damage|p1a: Vanilluxe|34/100 psn
|-boost|p2a: Eldegoss|spe|1
|-sideend|p2: kluby|Spikes|[from] move: Rapid Spin|[of] p2a: Eldegoss
|-sideend|p2: kluby|Stealth Rock|[from] move: Rapid Spin|[of] p2a: Eldegoss
|
|-weather|Hail|[upkeep]
|-damage|p2a: Eldegoss|26/100|[from] Hail
|-damage|p1a: Vanilluxe|21/100 psn|[from] psn
|upkeep
|turn|33
|
|switch|p1a: Whimsicott|Whimsicott, M|48/100
|-status|p1a: Whimsicott|psn
|move|p2a: Eldegoss|Giga Drain|p1a: Whimsicott
|-resisted|p1a: Whimsicott
|-damage|p1a: Whimsicott|34/100 psn
|-heal|p2a: Eldegoss|33/100|[from] drain|[of] p1a: Whimsicott
|
|-weather|Hail|[upkeep]
|-damage|p1a: Whimsicott|28/100 psn|[from] Hail
|-damage|p2a: Eldegoss|27/100|[from] Hail
|-damage|p1a: Whimsicott|15/100 psn|[from] psn
|upkeep
|turn|34
|
|switch|p2a: Persian|Persian-Alola, F|61/100
|move|p1a: Whimsicott|Tailwind|p1a: Whimsicott
|-sidestart|p1: sexybucks|move: Tailwind
|
|-weather|Hail|[upkeep]
|-damage|p1a: Whimsicott|9/100 psn|[from] Hail
|-damage|p2a: Persian|55/100|[from] Hail
|-heal|p2a: Persian|61/100|[from] item: Leftovers
|-damage|p1a: Whimsicott|0 fnt|[from] psn
|faint|p1a: Whimsicott
|upkeep
|j| tonchi
|
|switch|p1a: Toxicroak|Toxicroak, M|80/100
|-sideend|p1: sexybucks|move: Toxic Spikes|[of] p1a: Toxicroak
|turn|35
|
|move|p1a: Toxicroak|Swords Dance|p1a: Toxicroak
|-boost|p1a: Toxicroak|atk|2
|move|p2a: Persian|Play Rough|p1a: Toxicroak
|-damage|p1a: Toxicroak|51/100
|
|-weather|none
|-heal|p2a: Persian|67/100|[from] item: Leftovers
|upkeep
|turn|36
|
|move|p1a: Toxicroak|Drain Punch|p2a: Persian
|-supereffective|p2a: Persian
|-damage|p2a: Persian|0 fnt
|-heal|p1a: Toxicroak|80/100|[from] drain|[of] p2a: Persian
|faint|p2a: Persian
|
|upkeep
|-message|kluby forfeited.
|
|win|sexybucks
|l|☆kluby
|raw|sexybucks's rating: 1498 &rarr; <strong>1521</strong><br />(+23 for winning)
|raw|kluby's rating: 1544 &rarr; <strong>1521</strong><br />(-23 for losing)
