|j|☆Umbra Soul
|j|☆Delphox News
|player|p1|Umbra Soul|69|1379
|player|p2|Delphox News|lucy-gen3|1489
|teamsize|p1|6
|teamsize|p2|6
|gametype|singles
|gen|8
|tier|[Gen 8] RU
|rated|
|clearpoke
|poke|p1|Braviary, M|
|poke|p1|Orbeetle, F|
|poke|p1|Jellicent, F|
|poke|p1|Dugtrio-Alola, F|
|poke|p1|Sawk, M|
|poke|p1|Drampa, M|
|poke|p2|Silvally-*|
|poke|p2|Froslass, F|
|poke|p2|Indeedee, M|
|poke|p2|Bewear, F|
|poke|p2|Duraludon, F|
|poke|p2|Ninetales, F|
|rule|Sleep Clause Mod: Limit one foe put to sleep
|rule|Species Clause: Limit one of each Pokémon
|rule|OHKO Clause: OHKO moves are banned
|rule|Evasion Moves Clause: Evasion moves are banned
|rule|Endless Battle Clause: Forcing endless battles is banned
|rule|HP Percentage Mod: HP is shown in percentages
|rule|Dynamax Clause: You cannot dynamax
|teampreview
|inactive|Battle timer is ON: inactive players will automatically lose when time's up. (requested by Delphox News)
|
|start
|switch|p1a: Orbeetle|Orbeetle, F|100/100
|switch|p2a: Froslass|Froslass, F|100/100
|-item|p2a: Froslass|Focus Sash|[from] ability: Frisk|[of] p1a: Orbeetle|[identify]
|turn|1
|
|move|p1a: Orbeetle|Magic Coat|p1a: Orbeetle
|-singleturn|p1a: Orbeetle|move: Magic Coat
|move|p2a: Froslass|Spikes|p1a: Orbeetle
|move|p1a: Orbeetle|Spikes|p2a: Froslass|[from]Magic Coat
|-sidestart|p2: Delphox News|Spikes
|
|upkeep
|turn|2
|
|move|p2a: Froslass|Spikes|p1a: Orbeetle
|-sidestart|p1: Umbra Soul|Spikes
|move|p1a: Orbeetle|Sticky Web|p2a: Froslass
|-sidestart|p2: Delphox News|move: Sticky Web
|
|upkeep
|turn|3
|
|move|p1a: Orbeetle|Magic Coat|p1a: Orbeetle
|-singleturn|p1a: Orbeetle|move: Magic Coat
|move|p2a: Froslass|Ice Beam|p1a: Orbeetle
|-damage|p1a: Orbeetle|75/100
|
|-heal|p1a: Orbeetle|82/100|[from] item: Leftovers
|upkeep
|turn|4
|
|move|p1a: Orbeetle|Magic Coat|p1a: Orbeetle
|-singleturn|p1a: Orbeetle|move: Magic Coat
|move|p2a: Froslass|Ice Beam|p1a: Orbeetle
|-damage|p1a: Orbeetle|55/100
|
|-heal|p1a: Orbeetle|62/100|[from] item: Leftovers
|upkeep
|turn|5
|
|move|p2a: Froslass|Spikes|p1a: Orbeetle
|-sidestart|p1: Umbra Soul|Spikes
|move|p1a: Orbeetle|Recover|p1a: Orbeetle
|-heal|p1a: Orbeetle|100/100
|
|upkeep
|turn|6
|
|move|p1a: Orbeetle|Magic Coat|p1a: Orbeetle
|-singleturn|p1a: Orbeetle|move: Magic Coat
|move|p2a: Froslass|Ice Beam|p1a: Orbeetle
|-damage|p1a: Orbeetle|75/100
|
|-heal|p1a: Orbeetle|81/100|[from] item: Leftovers
|upkeep
|turn|7
|
|move|p1a: Orbeetle|Magic Coat|p1a: Orbeetle
|-singleturn|p1a: Orbeetle|move: Magic Coat
|move|p2a: Froslass|Ice Beam|p1a: Orbeetle
|-damage|p1a: Orbeetle|56/100
|
|-heal|p1a: Orbeetle|62/100|[from] item: Leftovers
|upkeep
|turn|8
|
|move|p2a: Froslass|Taunt|p1a: Orbeetle
|-start|p1a: Orbeetle|move: Taunt
|cant|p1a: Orbeetle|move: Taunt|Recover
|
|-heal|p1a: Orbeetle|68/100|[from] item: Leftovers
|upkeep
|turn|9
|
|move|p2a: Froslass|Ice Beam|p1a: Orbeetle
|-damage|p1a: Orbeetle|42/100
|move|p1a: Orbeetle|U-turn|p2a: Froslass
|-resisted|p2a: Froslass
|-damage|p2a: Froslass|89/100
|-start|p1a: Orbeetle|Disable|U-turn|[from] ability: Cursed Body|[of] p2a: Froslass
|
|switch|p1a: Braviary|Braviary, M|100/100|[from]move: U-turn
|
|upkeep
|turn|10
|
|move|p1a: Braviary|Brave Bird|p2a: Froslass
|-damage|p2a: Froslass|0 fnt
|-damage|p1a: Braviary|76/100|[from] Recoil
|faint|p2a: Froslass
|
|upkeep
|
|switch|p2a: Bewear|Bewear, F|100/100
|-damage|p2a: Bewear|88/100|[from] Spikes
|-activate|p2a: Bewear|move: Sticky Web
|-unboost|p2a: Bewear|spe|1
|turn|11
|
|switch|p1a: Orbeetle|Orbeetle, F|42/100
|-damage|p1a: Orbeetle|25/100|[from] Spikes
|-item|p2a: Bewear|Chople Berry|[from] ability: Frisk|[of] p1a: Orbeetle|[identify]
|move|p2a: Bewear|Darkest Lariat|p1a: Orbeetle
|-supereffective|p1a: Orbeetle
|-damage|p1a: Orbeetle|0 fnt
|faint|p1a: Orbeetle
|
|upkeep
|
|switch|p1a: Drampa|Drampa, M|100/100
|-damage|p1a: Drampa|84/100|[from] Spikes
|-ability|p1a: Drampa|Cloud Nine
|turn|12
|
|move|p1a: Drampa|Hyper Voice|p2a: Bewear
|-damage|p2a: Bewear|0 fnt
|faint|p2a: Bewear
|
|upkeep
|
|switch|p2a: Indeedee|Indeedee, M|100/100
|-fieldstart|move: Psychic Terrain|[from] ability: Psychic Surge|[of] p2a: Indeedee
|turn|13
|
|move|p2a: Indeedee|Mystical Fire|p1a: Drampa
|-resisted|p1a: Drampa
|-damage|p1a: Drampa|69/100
|-unboost|p1a: Drampa|spa|1
|move|p1a: Drampa|Hyper Voice|p2a: Indeedee
|-damage|p2a: Indeedee|29/100
|
|upkeep
|turn|14
|
|move|p2a: Indeedee|Psychic|p1a: Drampa
|-damage|p1a: Drampa|9/100
|-unboost|p1a: Drampa|spd|1
|move|p1a: Drampa|Hyper Voice|p2a: Indeedee
|-damage|p2a: Indeedee|0 fnt
|faint|p2a: Indeedee
|
|upkeep
|
|switch|p2a: Silvally|Silvally-Dragon|100/100
|-activate|p2a: Silvally|move: Sticky Web
|-unboost|p2a: Silvally|spe|1
|-damage|p2a: Silvally|88/100|[from] Spikes
|turn|15
|
|move|p2a: Silvally|Flame Charge|p1a: Drampa
|-resisted|p1a: Drampa
|-damage|p1a: Drampa|0 fnt
|-boost|p2a: Silvally|spe|1
|faint|p1a: Drampa
|
|upkeep
|
|switch|p1a: Braviary|Braviary, M|76/100
|turn|16
|
|move|p1a: Braviary|Brave Bird|p2a: Silvally
|-damage|p2a: Silvally|28/100
|-damage|p1a: Braviary|57/100|[from] Recoil
|move|p2a: Silvally|Multi-Attack|p1a: Braviary
|-damage|p1a: Braviary|0 fnt
|faint|p1a: Braviary
|
|upkeep
|
|switch|p1a: Dugtrio|Dugtrio-Alola, F|100/100
|-damage|p1a: Dugtrio|84/100|[from] Spikes
|turn|17
|
|move|p1a: Dugtrio|Earthquake|p2a: Silvally
|-damage|p2a: Silvally|0 fnt
|-damage|p1a: Dugtrio|74/100|[from] item: Life Orb
|faint|p2a: Silvally
|
|-fieldend|move: Psychic Terrain
|upkeep
|c|☆Delphox News|sometimes I really feel like all you want in life is cteaming me with nonsesne
|c|☆Delphox News|nonsense too
|-message|Delphox News forfeited.
|
|win|Umbra Soul
|l|☆Delphox News
||Ladder (probably) updated, but score could not be retrieved (Response not received).
