|raw|<div class="broadcast-blue"><strong>This battle is required to be public due to a player having a name starting with 'rult50'.</div>
|j|‽toxrus1
|j|☆RULT50B Ampha uwu
|t:|1626056430
|gametype|singles
|player|p1|toxrus1|beauty-gen4dp|1393
|player|p2|RULT50B Ampha uwu|gladion|1453
|teamsize|p1|6
|teamsize|p2|6
|gen|8
|tier|[Gen 8] RU
|rated|
|rule|Sleep Clause Mod: Limit one foe put to sleep
|rule|Species Clause: Limit one of each Pokémon
|rule|OHKO Clause: OHKO moves are banned
|rule|Evasion Moves Clause: Evasion moves are banned
|rule|Endless Battle Clause: Forcing endless battles is banned
|rule|HP Percentage Mod: HP is shown in percentages
|rule|Dynamax Clause: You cannot dynamax
|clearpoke
|poke|p1|Reuniclus, F|
|poke|p1|Mienshao, M|
|poke|p1|Raikou|
|poke|p1|Incineroar, F|
|poke|p1|Seismitoad, F|
|poke|p1|Togekiss, F|
|poke|p2|Xurkitree|
|poke|p2|Necrozma|
|poke|p2|Cobalion|
|poke|p2|Ribombee, F|
|poke|p2|Lucario, M|
|poke|p2|Mimikyu, M|
|teampreview
|inactive|Battle timer is ON: inactive players will automatically lose when time's up. (requested by toxrus1)
|
|t:|1626056442
|start
|switch|p1a: Raikou|Raikou|100/100
|switch|p2a: Ribombee|Ribombee, F|100/100
|-ability|p1a: Raikou|Pressure
|turn|1
|
|t:|1626056449
|move|p2a: Ribombee|Sticky Web|p1a: Raikou
|-sidestart|p1: toxrus1|move: Sticky Web
|move|p1a: Raikou|Thunderbolt|p2a: Ribombee
|-damage|p2a: Ribombee|24/100
|
|upkeep
|turn|2
|
|t:|1626056453
|move|p2a: Ribombee|Moonblast|p1a: Raikou
|-damage|p1a: Raikou|54/100
|move|p1a: Raikou|Volt Switch|p2a: Ribombee
|-damage|p2a: Ribombee|0 fnt
|faint|p2a: Ribombee
|
|t:|1626056474
|switch|p1a: Seismitoad|Seismitoad, F|100/100|[from]move: Volt Switch
|-activate|p1a: Seismitoad|move: Sticky Web
|-unboost|p1a: Seismitoad|spe|1
|
|upkeep
|
|t:|1626056485
|switch|p2a: Xurkitree|Xurkitree|100/100
|turn|3
|
|t:|1626056491
|switch|p1a: Incineroar|Incineroar, F|100/100
|-ability|p1a: Incineroar|Intimidate|boost
|-unboost|p2a: Xurkitree|atk|1
|move|p2a: Xurkitree|Energy Ball|p1a: Incineroar
|-resisted|p1a: Incineroar
|-damage|p1a: Incineroar|88/100
|
|upkeep
|turn|4
|
|t:|1626056498
|move|p2a: Xurkitree|Volt Switch|p1a: Incineroar
|-damage|p1a: Incineroar|57/100
|
|t:|1626056501
|switch|p2a: Necrozma|Necrozma|100/100|[from]move: Volt Switch
|move|p1a: Incineroar|U-turn|p2a: Necrozma
|-supereffective|p2a: Necrozma
|-damage|p2a: Necrozma|71/100
|
|t:|1626056522
|switch|p1a: Reuniclus|Reuniclus, F, shiny|100/100|[from]move: U-turn
|-activate|p1a: Reuniclus|move: Sticky Web
|-unboost|p1a: Reuniclus|spe|1
|
|upkeep
|turn|5
|
|t:|1626056525
|move|p2a: Necrozma|Stealth Rock|p1a: Reuniclus
|-sidestart|p1: toxrus1|move: Stealth Rock
|move|p1a: Reuniclus|Calm Mind|p1a: Reuniclus
|-boost|p1a: Reuniclus|spa|1
|-boost|p1a: Reuniclus|spd|1
|
|upkeep
|turn|6
|
|t:|1626056530
|switch|p2a: Mimikyu|Mimikyu, M|100/100
|move|p1a: Reuniclus|Acid Armor|p1a: Reuniclus
|-boost|p1a: Reuniclus|def|2
|
|upkeep
|turn|7
|
|t:|1626056534
|move|p2a: Mimikyu|Swords Dance|p2a: Mimikyu
|-boost|p2a: Mimikyu|atk|2
|move|p1a: Reuniclus|Stored Power|p2a: Mimikyu
|-activate|p2a: Mimikyu|ability: Disguise
|-damage|p2a: Mimikyu|100/100
|detailschange|p2a: Mimikyu|Mimikyu-Busted, M
|-damage|p2a: Mimikyu|88/100|[from] pokemon: Mimikyu-Busted
|
|upkeep
|turn|8
|
|t:|1626056539
|move|p2a: Mimikyu|Shadow Claw|p1a: Reuniclus
|-supereffective|p1a: Reuniclus
|-damage|p1a: Reuniclus|42/100
|-damage|p2a: Mimikyu|78/100|[from] item: Life Orb
|move|p1a: Reuniclus|Stored Power|p2a: Mimikyu
|-damage|p2a: Mimikyu|0 fnt
|faint|p2a: Mimikyu
|
|-heal|p1a: Reuniclus|48/100|[from] item: Leftovers
|upkeep
|
|t:|1626056547
|switch|p2a: Xurkitree|Xurkitree|100/100
|turn|9
|
|t:|1626056549
|move|p2a: Xurkitree|Thunderbolt|p1a: Reuniclus
|-damage|p1a: Reuniclus|10/100
|move|p1a: Reuniclus|Recover|p1a: Reuniclus
|-heal|p1a: Reuniclus|60/100
|
|-heal|p1a: Reuniclus|66/100|[from] item: Leftovers
|upkeep
|turn|10
|
|t:|1626056554
|move|p2a: Xurkitree|Thunderbolt|p1a: Reuniclus
|-damage|p1a: Reuniclus|27/100
|move|p1a: Reuniclus|Recover|p1a: Reuniclus
|-heal|p1a: Reuniclus|77/100
|
|-heal|p1a: Reuniclus|84/100|[from] item: Leftovers
|upkeep
|turn|11
|
|t:|1626056558
|move|p2a: Xurkitree|Thunderbolt|p1a: Reuniclus
|-damage|p1a: Reuniclus|47/100
|move|p1a: Reuniclus|Calm Mind|p1a: Reuniclus
|-boost|p1a: Reuniclus|spa|1
|-boost|p1a: Reuniclus|spd|1
|
|-heal|p1a: Reuniclus|53/100|[from] item: Leftovers
|upkeep
|turn|12
|
|t:|1626056561
|move|p2a: Xurkitree|Thunderbolt|p1a: Reuniclus
|-damage|p1a: Reuniclus|26/100
|move|p1a: Reuniclus|Recover|p1a: Reuniclus
|-heal|p1a: Reuniclus|76/100
|
|-heal|p1a: Reuniclus|82/100|[from] item: Leftovers
|upkeep
|turn|13
|
|t:|1626056564
|move|p2a: Xurkitree|Thunderbolt|p1a: Reuniclus
|-damage|p1a: Reuniclus|55/100
|move|p1a: Reuniclus|Stored Power|p2a: Xurkitree
|-damage|p2a: Xurkitree|0 fnt
|faint|p2a: Xurkitree
|
|-heal|p1a: Reuniclus|61/100|[from] item: Leftovers
|upkeep
|
|t:|1626056570
|switch|p2a: Cobalion|Cobalion|100/100
|turn|14
|
|t:|1626056575
|move|p2a: Cobalion|Iron Head|p1a: Reuniclus
|-damage|p1a: Reuniclus|48/100
|move|p1a: Reuniclus|Recover|p1a: Reuniclus
|-heal|p1a: Reuniclus|98/100
|
|-heal|p1a: Reuniclus|100/100|[from] item: Leftovers
|upkeep
|turn|15
|-message|RULT50B Ampha uwu forfeited.
|
|win|toxrus1
|raw|toxrus1's rating: 1393 &rarr; <strong>1416</strong><br />(+23 for winning)
|raw|RULT50B Ampha uwu's rating: 1453 &rarr; <strong>1430</strong><br />(-23 for losing)
|l|☆RULT50B Ampha uwu
