|j|☆LotsofA
|j|☆literallyfreemoney
|t:|1629088593
|gametype|singles
|player|p1|LotsofA|266|1188
|player|p2|literallyfreemoney|17|1362
|teamsize|p1|6
|teamsize|p2|6
|gen|8
|tier|[Gen 8] RU
|rated|
|rule|Sleep Clause Mod: Limit one foe put to sleep
|rule|Species Clause: Limit one of each Pokémon
|rule|OHKO Clause: OHKO moves are banned
|rule|Evasion Moves Clause: Evasion moves are banned
|rule|Endless Battle Clause: Forcing endless battles is banned
|rule|HP Percentage Mod: HP is shown in percentages
|rule|Dynamax Clause: You cannot dynamax
|clearpoke
|poke|p1|Cresselia, F|
|poke|p1|Glastrier|
|poke|p1|Porygon2|
|poke|p1|Gardevoir, M|
|poke|p1|Stakataka|
|poke|p1|Marowak-Alola, F|
|poke|p2|Lucario, F|
|poke|p2|Aerodactyl, F|
|poke|p2|Golisopod, F|
|poke|p2|Vaporeon, M|
|poke|p2|Chandelure, F|
|poke|p2|Goodra, M|
|teampreview
|
|t:|1629088599
|start
|switch|p1a: Gardevoir|Gardevoir, M|100/100
|switch|p2a: CHANDIE ( *++*)|Chandelure, F|100/100
|-ability|p1a: Gardevoir|Infiltrator|[from] ability: Trace|[of] p2a: CHANDIE ( *++*)
|turn|1
|
|t:|1629088604
|move|p2a: CHANDIE ( *++*)|Shadow Ball|p1a: Gardevoir
|-supereffective|p1a: Gardevoir
|-damage|p1a: Gardevoir|19/100
|-unboost|p1a: Gardevoir|spd|1
|move|p1a: Gardevoir|Trick Room|p1a: Gardevoir
|-fieldstart|move: Trick Room|[of] p1a: Gardevoir
|
|upkeep
|turn|2
|
|t:|1629088610
|move|p1a: Gardevoir|Healing Wish|p1a: Gardevoir
|faint|p1a: Gardevoir
|move|p2a: CHANDIE ( *++*)|Shadow Ball|p1: Gardevoir|[notarget]
|-fail|p2a: CHANDIE ( *++*)
|
|upkeep
|
|t:|1629088623
|switch|p1a: Marowak|Marowak-Alola, F|100/100
|turn|3
|
|t:|1629088642
|switch|p2a: *w*G O A L I E*w*|Golisopod, F|100/100
|move|p1a: Marowak|Poltergeist|p2a: *w*G O A L I E*w*
|-activate|p2a: *w*G O A L I E*w*|move: Poltergeist|Heavy-Duty Boots
|-damage|p2a: *w*G O A L I E*w*|18/100
|-activate|p2a: *w*G O A L I E*w*|ability: Emergency Exit
|
|t:|1629088650
|switch|p2a: Vaporeon|Vaporeon, M|100/100
|
|upkeep
|turn|4
|
|t:|1629088659
|move|p1a: Marowak|Poltergeist|p2a: Vaporeon|[miss]
|-miss|p1a: Marowak|p2a: Vaporeon
|move|p2a: Vaporeon|Scald|p1a: Marowak
|-supereffective|p1a: Marowak
|-damage|p1a: Marowak|24/100
|
|upkeep
|turn|5
|
|t:|1629088665
|move|p1a: Marowak|Poltergeist|p2a: Vaporeon
|-activate|p2a: Vaporeon|move: Poltergeist|Leftovers
|-damage|p2a: Vaporeon|31/100
|move|p2a: Vaporeon|Wish|p2a: Vaporeon
|
|-heal|p2a: Vaporeon|37/100|[from] item: Leftovers
|-fieldend|move: Trick Room
|upkeep
|turn|6
|
|t:|1629088673
|switch|p1a: Cresselia|Cresselia, F|100/100
|move|p2a: Vaporeon|Scald|p1a: Cresselia
|-damage|p1a: Cresselia|83/100
|
|-heal|p2a: Vaporeon|87/100|[from] move: Wish|[wisher] Vaporeon
|-heal|p2a: Vaporeon|94/100|[from] item: Leftovers
|upkeep
|turn|7
|
|t:|1629088681
|switch|p2a: Puhteradactyl|Aerodactyl, F|100/100
|-ability|p2a: Puhteradactyl|Unnerve
|move|p1a: Cresselia|Trick Room|p1a: Cresselia
|-fieldstart|move: Trick Room|[of] p1a: Cresselia
|
|upkeep
|turn|8
|
|t:|1629088692
|move|p1a: Cresselia|Ice Beam|p2a: Puhteradactyl
|-supereffective|p2a: Puhteradactyl
|-damage|p2a: Puhteradactyl|57/100
|move|p2a: Puhteradactyl|Stealth Rock|p1a: Cresselia
|-sidestart|p1: LotsofA|move: Stealth Rock
|
|upkeep
|turn|9
|
|t:|1629088703
|switch|p1a: Stakataka|Stakataka|100/100
|-damage|p1a: Stakataka|94/100|[from] Stealth Rock
|switch|p2a: Vaporeon|Vaporeon, M|94/100
|
|-heal|p2a: Vaporeon|99/100|[from] item: Leftovers
|upkeep
|turn|10
|
|t:|1629088709
|move|p1a: Stakataka|Stone Edge|p2a: Vaporeon
|-damage|p2a: Vaporeon|55/100
|move|p2a: Vaporeon|Scald|p1a: Stakataka
|-supereffective|p1a: Stakataka
|-damage|p1a: Stakataka|26/100
|-status|p1a: Stakataka|brn
|
|-heal|p2a: Vaporeon|61/100|[from] item: Leftovers
|-damage|p1a: Stakataka|20/100 brn|[from] brn
|upkeep
|turn|11
|
|t:|1629088717
|switch|p1a: Porygon2|Porygon2|100/100
|-damage|p1a: Porygon2|88/100|[from] Stealth Rock
|-ability|p1a: Porygon2|Water Absorb|[from] ability: Trace|[of] p2a: Vaporeon
|move|p2a: Vaporeon|Wish|p2a: Vaporeon
|
|-heal|p2a: Vaporeon|68/100|[from] item: Leftovers
|-fieldend|move: Trick Room
|upkeep
|turn|12
|
|t:|1629088733
|switch|p2a: Puhteradactyl|Aerodactyl, F|57/100
|-ability|p2a: Puhteradactyl|Unnerve
|move|p1a: Porygon2|Trick Room|p1a: Porygon2
|-fieldstart|move: Trick Room|[of] p1a: Porygon2
|
|-heal|p2a: Puhteradactyl|100/100|[from] move: Wish|[wisher] Vaporeon
|upkeep
|turn|13
|
|t:|1629088752
|switch|p2a: CHANDIE ( *++*)|Chandelure, F|100/100
|move|p1a: Porygon2|Teleport|p1a: Porygon2
|
|t:|1629088757
|switch|p1a: Stakataka|Stakataka|20/100 brn|[from]move: Teleport
|-heal|p1a: Stakataka|100/100|[from] move: Healing Wish
|-damage|p1a: Stakataka|94/100|[from] Stealth Rock
|
|upkeep
|turn|14
|
|t:|1629088763
|move|p1a: Stakataka|Stone Edge|p2a: CHANDIE ( *++*)
|-supereffective|p2a: CHANDIE ( *++*)
|-damage|p2a: CHANDIE ( *++*)|0 fnt
|faint|p2a: CHANDIE ( *++*)
|-ability|p1a: Stakataka|Beast Boost|boost
|-boost|p1a: Stakataka|atk|1
|
|upkeep
|
|t:|1629088767
|switch|p2a: Puhteradactyl|Aerodactyl, F|100/100
|-ability|p2a: Puhteradactyl|Unnerve
|turn|15
|
|t:|1629088769
|move|p1a: Stakataka|Gyro Ball|p2a: Puhteradactyl
|-supereffective|p2a: Puhteradactyl
|-enditem|p2a: Puhteradactyl|Focus Sash
|-damage|p2a: Puhteradactyl|1/100
|move|p2a: Puhteradactyl|Earthquake|p1a: Stakataka
|-supereffective|p1a: Stakataka
|-damage|p1a: Stakataka|15/100
|
|upkeep
|turn|16
|
|t:|1629088777
|move|p1a: Stakataka|Gyro Ball|p2a: Puhteradactyl
|-supereffective|p2a: Puhteradactyl
|-damage|p2a: Puhteradactyl|0 fnt
|faint|p2a: Puhteradactyl
|-ability|p1a: Stakataka|Beast Boost|boost
|-boost|p1a: Stakataka|atk|1
|
|-fieldend|move: Trick Room
|upkeep
|
|t:|1629088791
|switch|p2a: *w*G O A L I E*w*|Golisopod, F|18/100
|turn|17
|
|t:|1629088804
|switch|p1a: Cresselia|Cresselia, F|83/100
|-damage|p1a: Cresselia|71/100|[from] Stealth Rock
|move|p2a: *w*G O A L I E*w*|Knock Off|p1a: Cresselia
|-supereffective|p1a: Cresselia
|-damage|p1a: Cresselia|37/100
|-damage|p2a: *w*G O A L I E*w*|1/100|[from] item: Rocky Helmet|[of] p1a: Cresselia
|-enditem|p1a: Cresselia|Rocky Helmet|[from] move: Knock Off|[of] p2a: *w*G O A L I E*w*
|
|upkeep
|turn|18
|
|t:|1629088815
|move|p2a: *w*G O A L I E*w*|Spikes|p1a: Cresselia
|-sidestart|p1: LotsofA|Spikes
|move|p1a: Cresselia|Trick Room|p1a: Cresselia
|-fieldstart|move: Trick Room|[of] p1a: Cresselia
|
|upkeep
|turn|19
|
|t:|1629088820
|move|p1a: Cresselia|Lunar Dance|p1a: Cresselia
|faint|p1a: Cresselia
|move|p2a: *w*G O A L I E*w*|Liquidation|p1: Cresselia|[notarget]
|-fail|p2a: *w*G O A L I E*w*
|
|upkeep
|
|t:|1629088838
|switch|p1a: Glastrier|Glastrier|100/100
|-damage|p1a: Glastrier|76/100|[from] Stealth Rock
|-damage|p1a: Glastrier|63/100|[from] Spikes
|turn|20
|
|t:|1629088845
|move|p1a: Glastrier|High Horsepower|p2a: *w*G O A L I E*w*
|-resisted|p2a: *w*G O A L I E*w*
|-damage|p2a: *w*G O A L I E*w*|0 fnt
|faint|p2a: *w*G O A L I E*w*
|-ability|p1a: Glastrier|Chilling Neigh|boost
|-boost|p1a: Glastrier|atk|1
|-damage|p1a: Glastrier|53/100|[from] item: Life Orb
|
|upkeep
|
|t:|1629088848
|switch|p2a: Vaporeon|Vaporeon, M|68/100
|turn|21
|
|t:|1629088850
|move|p2a: Vaporeon|Protect|p2a: Vaporeon
|-singleturn|p2a: Vaporeon|Protect
|move|p1a: Glastrier|Close Combat|p2a: Vaporeon
|-activate|p2a: Vaporeon|move: Protect
|
|-heal|p2a: Vaporeon|74/100|[from] item: Leftovers
|upkeep
|turn|22
|
|t:|1629088853
|move|p1a: Glastrier|Close Combat|p2a: Vaporeon
|-damage|p2a: Vaporeon|0 fnt
|-unboost|p1a: Glastrier|def|1
|-unboost|p1a: Glastrier|spd|1
|faint|p2a: Vaporeon
|-ability|p1a: Glastrier|Chilling Neigh|boost
|-boost|p1a: Glastrier|atk|1
|-damage|p1a: Glastrier|43/100|[from] item: Life Orb
|
|-fieldend|move: Trick Room
|upkeep
|
|t:|1629088856
|switch|p2a: Lucy|Lucario, F|100/100
|turn|23
|
|t:|1629088866
|move|p2a: Lucy|Close Combat|p1a: Glastrier
|-supereffective|p1a: Glastrier
|-damage|p1a: Glastrier|0 fnt
|-unboost|p2a: Lucy|def|1
|-unboost|p2a: Lucy|spd|1
|faint|p1a: Glastrier
|-damage|p2a: Lucy|91/100|[from] item: Life Orb
|
|upkeep
|
|t:|1629088869
|switch|p1a: Marowak|Marowak-Alola, F|24/100
|-heal|p1a: Marowak|100/100|[from] move: Lunar Dance
|-damage|p1a: Marowak|88/100|[from] Spikes
|-damage|p1a: Marowak|63/100|[from] Stealth Rock
|turn|24
|
|t:|1629088875
|move|p2a: Lucy|Crunch|p1a: Marowak
|-supereffective|p1a: Marowak
|-damage|p1a: Marowak|4/100
|-damage|p2a: Lucy|81/100|[from] item: Life Orb
|move|p1a: Marowak|Flare Blitz|p2a: Lucy
|-supereffective|p2a: Lucy
|-damage|p2a: Lucy|0 fnt
|faint|p2a: Lucy
|
|upkeep
|
|t:|1629088879
|switch|p2a: Goodra|Goodra, M|100/100
|turn|25
|
|t:|1629088890
|move|p2a: Goodra|Ice Beam|p1a: Marowak
|-resisted|p1a: Marowak
|-damage|p1a: Marowak|0 fnt
|faint|p1a: Marowak
|
|upkeep
|
|t:|1629088898
|switch|p1a: Stakataka|Stakataka|15/100
|-damage|p1a: Stakataka|2/100|[from] Spikes
|-damage|p1a: Stakataka|0 fnt|[from] Stealth Rock
|faint|p1a: Stakataka
|
|t:|1629088900
|switch|p1a: Porygon2|Porygon2|88/100
|-damage|p1a: Porygon2|76/100|[from] Stealth Rock
|-damage|p1a: Porygon2|64/100|[from] Spikes
|-ability|p1a: Porygon2|Sap Sipper|[from] ability: Trace|[of] p2a: Goodra
|turn|26
|
|t:|1629088904
|move|p2a: Goodra|Ice Beam|p1a: Porygon2
|-damage|p1a: Porygon2|49/100
|-status|p1a: Porygon2|frz
|-curestatus|p1a: Porygon2|frz|[msg]
|move|p1a: Porygon2|Tri Attack|p2a: Goodra
|-damage|p2a: Goodra|86/100
|
|upkeep
|turn|27
|
|t:|1629088914
|move|p2a: Goodra|Ice Beam|p1a: Porygon2
|-damage|p1a: Porygon2|36/100
|-status|p1a: Porygon2|frz
|cant|p1a: Porygon2|frz
|
|upkeep
|turn|28
|
|t:|1629088916
|move|p2a: Goodra|Draco Meteor|p1a: Porygon2|[miss]
|-miss|p2a: Goodra|p1a: Porygon2
|-curestatus|p1a: Porygon2|frz|[msg]
|move|p1a: Porygon2|Tri Attack|p2a: Goodra
|-damage|p2a: Goodra|70/100
|
|upkeep
|turn|29
|
|t:|1629088926
|move|p2a: Goodra|Ice Beam|p1a: Porygon2
|-damage|p1a: Porygon2|22/100
|move|p1a: Porygon2|Tri Attack|p2a: Goodra
|-damage|p2a: Goodra|56/100
|-status|p2a: Goodra|frz
|
|upkeep
|turn|30
|
|t:|1629088930
|-curestatus|p2a: Goodra|frz|[msg]
|move|p2a: Goodra|Draco Meteor|p1a: Porygon2|[miss]
|-miss|p2a: Goodra|p1a: Porygon2
|move|p1a: Porygon2|Tri Attack|p2a: Goodra
|-damage|p2a: Goodra|42/100
|
|upkeep
|turn|31
|
|t:|1629088934
|move|p2a: Goodra|Draco Meteor|p1a: Porygon2
|-damage|p1a: Porygon2|0 fnt
|-unboost|p2a: Goodra|spa|2
|faint|p1a: Porygon2
|
|win|literallyfreemoney
|raw|LotsofA's rating: 1188 &rarr; <strong>1175</strong><br />(-13 for losing)
|raw|literallyfreemoney's rating: 1362 &rarr; <strong>1373</strong><br />(+11 for winning)
|l|☆literallyfreemoney
