|j|☆Davicin
|j|☆pakothedon
|t:|1647115256
|gametype|singles
|player|p1|Davicin|102|1446
|player|p2|pakothedon|marshal|1452
|teamsize|p1|6
|teamsize|p2|6
|gen|8
|tier|[Gen 8] RU
|rated|
|rule|Sleep Clause Mod: Limit one foe put to sleep
|rule|Species Clause: Limit one of each Pokémon
|rule|OHKO Clause: OHKO moves are banned
|rule|Evasion Moves Clause: Evasion moves are banned
|rule|Endless Battle Clause: Forcing endless battles is banned
|rule|HP Percentage Mod: HP is shown in percentages
|rule|Dynamax Clause: You cannot dynamax
|clearpoke
|poke|p1|Sandslash-Alola, M|
|poke|p1|Chandelure, F|
|poke|p1|Abomasnow, F|
|poke|p1|Vanilluxe, F|
|poke|p1|Arctovish|
|poke|p1|Flygon, F|
|poke|p2|Toxicroak, M|
|poke|p2|Incineroar, M|
|poke|p2|Mantine, F|
|poke|p2|Golurk|
|poke|p2|Raikou|
|poke|p2|Bronzong|
|teampreview
|
|t:|1647115269
|start
|switch|p1a: Arctovish|Arctovish, shiny|100/100
|switch|p2a: Bronzong|Bronzong|100/100
|turn|1
|
|t:|1647115277
|move|p1a: Arctovish|Crunch|p2a: Bronzong
|-supereffective|p2a: Bronzong
|-damage|p2a: Bronzong|49/100
|move|p2a: Bronzong|Body Press|p1a: Arctovish
|-supereffective|p1a: Arctovish
|-damage|p1a: Arctovish|45/100
|
|-heal|p2a: Bronzong|55/100|[from] item: Leftovers
|upkeep
|turn|2
|
|t:|1647115293
|switch|p2a: Toxicroak|Toxicroak, M|100/100
|move|p1a: Arctovish|Crunch|p2a: Toxicroak
|-resisted|p2a: Toxicroak
|-crit|p2a: Toxicroak
|-damage|p2a: Toxicroak|60/100
|
|upkeep
|turn|3
|
|t:|1647115312
|switch|p1a: Chandelure|Chandelure, F, shiny|100/100
|move|p2a: Toxicroak|Drain Punch|p1a: Chandelure
|-immune|p1a: Chandelure
|
|upkeep
|turn|4
|
|t:|1647115332
|switch|p1a: Vanilluxe|Vanilluxe, F|100/100
|-weather|Hail|[from] ability: Snow Warning|[of] p1a: Vanilluxe
|switch|p2a: Incineroar|Incineroar, M|100/100
|-ability|p2a: Incineroar|Intimidate|boost
|-unboost|p1a: Vanilluxe|atk|1
|
|-weather|Hail|[upkeep]
|-damage|p2a: Incineroar|94/100|[from] Hail
|upkeep
|turn|5
|
|t:|1647115352
|move|p1a: Vanilluxe|Aurora Veil|p1a: Vanilluxe
|-sidestart|p1: Davicin|move: Aurora Veil
|move|p2a: Incineroar|Knock Off|p1a: Vanilluxe
|-damage|p1a: Vanilluxe|75/100
|-enditem|p1a: Vanilluxe|Icy Rock|[from] move: Knock Off|[of] p2a: Incineroar
|
|-weather|Hail|[upkeep]
|-damage|p2a: Incineroar|88/100|[from] Hail
|upkeep
|turn|6
|
|t:|1647115361
|switch|p1a: Arctovish|Arctovish, shiny|45/100
|move|p2a: Incineroar|U-turn|p1a: Arctovish
|-damage|p1a: Arctovish|36/100
|
|t:|1647115376
|switch|p2a: Bronzong|Bronzong|55/100|[from]move: U-turn
|
|-weather|Hail|[upkeep]
|-damage|p2a: Bronzong|49/100|[from] Hail
|-heal|p2a: Bronzong|55/100|[from] item: Leftovers
|upkeep
|turn|7
|
|t:|1647115384
|move|p1a: Arctovish|Fishious Rend|p2a: Bronzong
|-damage|p2a: Bronzong|0 fnt
|faint|p2a: Bronzong
|
|-weather|Hail|[upkeep]
|upkeep
|inactive|Battle timer is ON: inactive players will automatically lose when time's up. (requested by Davicin)
|
|t:|1647115395
|switch|p2a: Toxicroak|Toxicroak, M|60/100
|turn|8
|
|t:|1647115414
|move|p1a: Arctovish|Fishious Rend|p2a: Toxicroak
|-heal|p2a: Toxicroak|85/100|[from] ability: Dry Skin|[of] p1a: Arctovish
|move|p2a: Toxicroak|Swords Dance|p2a: Toxicroak
|-boost|p2a: Toxicroak|atk|2
|
|-weather|Hail|[upkeep]
|-damage|p2a: Toxicroak|78/100|[from] Hail
|upkeep
|turn|9
|
|t:|1647115432
|switch|p1a: Flygon|Flygon, F, shiny|100/100
|move|p2a: Toxicroak|Drain Punch|p1a: Flygon
|-damage|p1a: Flygon|54/100
|-heal|p2a: Toxicroak|100/100|[from] drain|[of] p1a: Flygon
|-damage|p2a: Toxicroak|91/100|[from] item: Life Orb
|
|-weather|Hail|[upkeep]
|-damage|p1a: Flygon|48/100|[from] Hail
|-damage|p2a: Toxicroak|85/100|[from] Hail
|-heal|p1a: Flygon|54/100|[from] item: Leftovers
|-sideend|p1: Davicin|move: Aurora Veil
|upkeep
|turn|10
|
|t:|1647115448
|move|p2a: Toxicroak|Sucker Punch|p1a: Flygon
|-damage|p1a: Flygon|0 fnt
|faint|p1a: Flygon
|-damage|p2a: Toxicroak|75/100|[from] item: Life Orb
|
|-weather|Hail|[upkeep]
|-damage|p2a: Toxicroak|69/100|[from] Hail
|upkeep
|
|t:|1647115462
|switch|p1a: Vanilluxe|Vanilluxe, F|75/100
|turn|11
|
|t:|1647115472
|move|p2a: Toxicroak|Drain Punch|p1a: Vanilluxe
|-supereffective|p1a: Vanilluxe
|-damage|p1a: Vanilluxe|0 fnt
|-heal|p2a: Toxicroak|100/100|[from] drain|[of] p1a: Vanilluxe
|faint|p1a: Vanilluxe
|-damage|p2a: Toxicroak|91/100|[from] item: Life Orb
|
|-weather|none
|upkeep
|inactive|Davicin has 120 seconds left.
|
|t:|1647115495
|switch|p1a: Abomasnow|Abomasnow, F, shiny|100/100
|-weather|Hail|[from] ability: Snow Warning|[of] p1a: Abomasnow
|turn|12
|inactive|Davicin has 120 seconds left.
|
|t:|1647115502
|switch|p1a: Chandelure|Chandelure, F, shiny|100/100
|move|p2a: Toxicroak|Drain Punch|p1a: Chandelure
|-immune|p1a: Chandelure
|
|-weather|Hail|[upkeep]
|-damage|p1a: Chandelure|94/100|[from] Hail
|-damage|p2a: Toxicroak|85/100|[from] Hail
|upkeep
|turn|13
|inactive|Davicin has 120 seconds left.
|
|t:|1647115514
|switch|p1a: Sandslash|Sandslash-Alola, M, shiny|100/100
|move|p2a: Toxicroak|Sucker Punch||[still]
|-fail|p2a: Toxicroak
|
|-weather|Hail|[upkeep]
|-damage|p2a: Toxicroak|78/100|[from] Hail
|upkeep
|turn|14
|
|t:|1647115526
|switch|p2a: Incineroar|Incineroar, M|88/100
|-ability|p2a: Incineroar|Intimidate|boost
|-unboost|p1a: Sandslash|atk|1
|move|p1a: Sandslash|Earthquake|p2a: Incineroar
|-supereffective|p2a: Incineroar
|-damage|p2a: Incineroar|57/100
|-damage|p1a: Sandslash|91/100|[from] item: Life Orb
|
|-weather|Hail|[upkeep]
|-damage|p2a: Incineroar|50/100|[from] Hail
|upkeep
|turn|15
|
|t:|1647115539
|move|p1a: Sandslash|Swords Dance|p1a: Sandslash
|-boost|p1a: Sandslash|atk|2
|move|p2a: Incineroar|Knock Off|p1a: Sandslash
|-damage|p1a: Sandslash|51/100
|-enditem|p1a: Sandslash|Life Orb|[from] move: Knock Off|[of] p2a: Incineroar
|
|-weather|Hail|[upkeep]
|-damage|p2a: Incineroar|44/100|[from] Hail
|upkeep
|turn|16
|j| Pokrunk
|inactive|pakothedon has 120 seconds left.
|
|t:|1647115571
|switch|p2a: Golurk|Golurk|100/100
|move|p1a: Sandslash|Knock Off|p2a: Golurk
|-supereffective|p2a: Golurk
|-damage|p2a: Golurk|8/100
|-enditem|p2a: Golurk|Assault Vest|[from] move: Knock Off|[of] p1a: Sandslash
|
|-weather|Hail|[upkeep]
|-damage|p2a: Golurk|2/100|[from] Hail
|upkeep
|turn|17
|
|t:|1647115586
|move|p1a: Sandslash|Earthquake|p2a: Golurk
|-damage|p2a: Golurk|0 fnt
|faint|p2a: Golurk
|
|-weather|Hail|[upkeep]
|upkeep
|
|t:|1647115595
|switch|p2a: Incineroar|Incineroar, M|44/100
|-ability|p2a: Incineroar|Intimidate|boost
|-unboost|p1a: Sandslash|atk|1
|turn|18
|
|t:|1647115607
|move|p1a: Sandslash|Earthquake|p2a: Incineroar
|-supereffective|p2a: Incineroar
|-damage|p2a: Incineroar|5/100
|move|p2a: Incineroar|Flare Blitz|p1a: Sandslash
|-supereffective|p1a: Sandslash
|-damage|p1a: Sandslash|0 fnt
|faint|p1a: Sandslash
|-damage|p2a: Incineroar|0 fnt|[from] Recoil
|faint|p2a: Incineroar
|
|-weather|Hail|[upkeep]
|upkeep
|j| F4ST&SL0W
|
|t:|1647115628
|switch|p1a: Arctovish|Arctovish, shiny|36/100
|switch|p2a: Toxicroak|Toxicroak, M|78/100
|turn|19
|
|t:|1647115636
|move|p1a: Arctovish|Icicle Crash|p2a: Toxicroak
|-damage|p2a: Toxicroak|0 fnt
|faint|p2a: Toxicroak
|
|-weather|none
|upkeep
|
|t:|1647115640
|switch|p2a: Raikou|Raikou|100/100
|-ability|p2a: Raikou|Pressure
|turn|20
|l| F4ST&SL0W
|
|t:|1647115647
|switch|p1a: Abomasnow|Abomasnow, F, shiny|100/100
|-weather|Hail|[from] ability: Snow Warning|[of] p1a: Abomasnow
|move|p2a: Raikou|Volt Switch|p1a: Abomasnow
|-resisted|p1a: Abomasnow
|-damage|p1a: Abomasnow|83/100
|
|t:|1647115656
|switch|p2a: Mantine|Mantine, F|100/100|[from]move: Volt Switch
|
|-weather|Hail|[upkeep]
|-damage|p2a: Mantine|94/100|[from] Hail
|upkeep
|turn|21
|-message|pakothedon forfeited.
|
|win|Davicin
|raw|Davicin's rating: 1446 &rarr; <strong>1466</strong><br />(+20 for winning)
|raw|pakothedon's rating: 1452 &rarr; <strong>1432</strong><br />(-20 for losing)
|l|☆pakothedon
