|j|☆Vertraeumt
|j|☆literallyfreemoney
|t:|1626198806
|gametype|singles
|player|p1|Vertraeumt|2|1254
|player|p2|literallyfreemoney|17|1458
|teamsize|p1|6
|teamsize|p2|6
|gen|8
|tier|[Gen 8] RU
|rated|
|rule|Sleep Clause Mod: Limit one foe put to sleep
|rule|Species Clause: Limit one of each Pokémon
|rule|OHKO Clause: OHKO moves are banned
|rule|Evasion Moves Clause: Evasion moves are banned
|rule|Endless Battle Clause: Forcing endless battles is banned
|rule|HP Percentage Mod: HP is shown in percentages
|rule|Dynamax Clause: You cannot dynamax
|clearpoke
|poke|p1|Barraskewda, F|
|poke|p1|Crobat, F|
|poke|p1|Incineroar, F|
|poke|p1|Roserade, F|
|poke|p1|Claydol|
|poke|p1|Cobalion|
|poke|p2|Lucario, F|
|poke|p2|Aerodactyl, F|
|poke|p2|Golisopod, F|
|poke|p2|Sylveon, F|
|poke|p2|Doublade, M|
|poke|p2|Goodra, M|
|teampreview
|
|t:|1626198821
|start
|switch|p1a: Incineroar|Incineroar, F|100/100
|switch|p2a: *w*G O A L I E*w*|Golisopod, F|100/100
|-ability|p1a: Incineroar|Intimidate|boost
|-unboost|p2a: *w*G O A L I E*w*|atk|1
|turn|1
|
|t:|1626198826
|switch|p1a: Cobalion|Cobalion|100/100
|move|p2a: *w*G O A L I E*w*|First Impression|p1a: Cobalion
|-resisted|p1a: Cobalion
|-damage|p1a: Cobalion|96/100
|-damage|p2a: *w*G O A L I E*w*|84/100|[from] item: Rocky Helmet|[of] p1a: Cobalion
|
|upkeep
|turn|2
|
|t:|1626198830
|move|p1a: Cobalion|Stealth Rock|p2a: *w*G O A L I E*w*
|-sidestart|p2: literallyfreemoney|move: Stealth Rock
|move|p2a: *w*G O A L I E*w*|Spikes|p1a: Cobalion
|-sidestart|p1: Vertraeumt|Spikes
|
|upkeep
|turn|3
|
|t:|1626198836
|switch|p2a: Doublade|Doublade, M|100/100
|-damage|p2a: Doublade|95/100|[from] Stealth Rock
|move|p1a: Cobalion|Volt Switch|p2a: Doublade
|-damage|p2a: Doublade|75/100
|
|t:|1626198844
|switch|p1a: Incineroar|Incineroar, F|100/100|[from]move: Volt Switch
|-damage|p1a: Incineroar|88/100|[from] Spikes
|-ability|p1a: Incineroar|Intimidate|boost
|-unboost|p2a: Doublade|atk|1
|
|upkeep
|turn|4
|
|t:|1626198852
|switch|p2a: Puhteradactyl|Aerodactyl, F|100/100
|-ability|p2a: Puhteradactyl|Unnerve
|-damage|p2a: Puhteradactyl|76/100|[from] Stealth Rock
|move|p1a: Incineroar|Knock Off|p2a: Puhteradactyl
|-damage|p2a: Puhteradactyl|0 fnt
|-enditem|p2a: Puhteradactyl|Focus Sash|[from] move: Knock Off|[of] p1a: Incineroar
|faint|p2a: Puhteradactyl
|
|upkeep
|
|t:|1626198863
|switch|p2a: Lucy|Lucario, F|100/100
|-damage|p2a: Lucy|98/100|[from] Stealth Rock
|turn|5
|
|t:|1626198873
|switch|p1a: Crobat|Crobat, F|100/100
|move|p2a: Lucy|Dark Pulse|p1a: Crobat
|-damage|p1a: Crobat|71/100
|
|upkeep
|turn|6
|
|t:|1626198881
|switch|p2a: Doublade|Doublade, M|75/100
|-damage|p2a: Doublade|69/100|[from] Stealth Rock
|move|p1a: Crobat|Roost|p1a: Crobat
|-heal|p1a: Crobat|100/100
|-singleturn|p1a: Crobat|move: Roost
|
|upkeep
|turn|7
|
|t:|1626198889
|switch|p1a: Cobalion|Cobalion|96/100
|-damage|p1a: Cobalion|83/100|[from] Spikes
|move|p2a: Doublade|Swords Dance|p2a: Doublade
|-boost|p2a: Doublade|atk|2
|
|upkeep
|turn|8
|
|t:|1626198896
|move|p1a: Cobalion|Iron Head|p2a: Doublade
|-resisted|p2a: Doublade
|-crit|p2a: Doublade
|-damage|p2a: Doublade|57/100
|move|p2a: Doublade|Shadow Claw|p1a: Cobalion
|-damage|p1a: Cobalion|50/100
|-damage|p2a: Doublade|41/100|[from] item: Rocky Helmet|[of] p1a: Cobalion
|
|upkeep
|turn|9
|
|t:|1626198905
|move|p1a: Cobalion|Volt Switch|p2a: Doublade
|-crit|p2a: Doublade
|-damage|p2a: Doublade|12/100
|
|t:|1626198913
|switch|p1a: Incineroar|Incineroar, F|88/100|[from]move: Volt Switch
|-damage|p1a: Incineroar|76/100|[from] Spikes
|-ability|p1a: Incineroar|Intimidate|boost
|-unboost|p2a: Doublade|atk|1
|move|p2a: Doublade|Shadow Claw|p1a: Incineroar
|-resisted|p1a: Incineroar
|-damage|p1a: Incineroar|51/100
|
|upkeep
|turn|10
|
|t:|1626198921
|switch|p2a: Sylveon|Sylveon, F|100/100
|-damage|p2a: Sylveon|88/100|[from] Stealth Rock
|move|p1a: Incineroar|Knock Off|p2a: Sylveon
|-resisted|p2a: Sylveon
|-damage|p2a: Sylveon|67/100
|-enditem|p2a: Sylveon|Leftovers|[from] move: Knock Off|[of] p1a: Incineroar
|
|upkeep
|turn|11
|
|t:|1626198929
|switch|p1a: Claydol|Claydol|100/100
|move|p2a: Sylveon|Wish|p2a: Sylveon
|
|upkeep
|turn|12
|
|t:|1626198934
|switch|p2a: Doublade|Doublade, M|12/100
|-damage|p2a: Doublade|6/100|[from] Stealth Rock
|move|p1a: Claydol|Rapid Spin|p2a: Doublade
|-immune|p2a: Doublade
|
|-heal|p2a: Doublade|80/100|[from] move: Wish|[wisher] Sylveon
|upkeep
|turn|13
|
|t:|1626198942
|move|p1a: Claydol|Earth Power|p2a: Doublade
|-supereffective|p2a: Doublade
|-damage|p2a: Doublade|10/100
|move|p2a: Doublade|Shadow Claw|p1a: Claydol
|-supereffective|p1a: Claydol
|-crit|p1a: Claydol
|-damage|p1a: Claydol|9/100
|
|-heal|p1a: Claydol|15/100|[from] item: Leftovers
|upkeep
|turn|14
|
|t:|1626198952
|switch|p1a: Cobalion|Cobalion|50/100
|-damage|p1a: Cobalion|38/100|[from] Spikes
|move|p2a: Doublade|Shadow Sneak|p1a: Cobalion
|-damage|p1a: Cobalion|28/100
|-damage|p2a: Doublade|0 fnt|[from] item: Rocky Helmet|[of] p1a: Cobalion
|faint|p2a: Doublade
|
|upkeep
|
|t:|1626198955
|switch|p2a: Lucy|Lucario, F|98/100
|-damage|p2a: Lucy|95/100|[from] Stealth Rock
|turn|15
|
|t:|1626198961
|move|p2a: Lucy|Aura Sphere|p1a: Cobalion
|-supereffective|p1a: Cobalion
|-damage|p1a: Cobalion|0 fnt
|faint|p1a: Cobalion
|
|upkeep
|
|t:|1626198970
|switch|p1a: Crobat|Crobat, F|100/100
|turn|16
|
|t:|1626198977
|switch|p2a: Sylveon|Sylveon, F|67/100
|-damage|p2a: Sylveon|55/100|[from] Stealth Rock
|move|p1a: Crobat|U-turn|p2a: Sylveon
|-resisted|p2a: Sylveon
|-damage|p2a: Sylveon|49/100
|
|t:|1626198983
|switch|p1a: Claydol|Claydol|15/100|[from]move: U-turn
|
|-heal|p1a: Claydol|21/100|[from] item: Leftovers
|upkeep
|turn|17
|
|t:|1626198986
|move|p1a: Claydol|Rapid Spin|p2a: Sylveon
|-damage|p2a: Sylveon|42/100
|-boost|p1a: Claydol|spe|1
|-sideend|p1: Vertraeumt|Spikes|[from] move: Rapid Spin|[of] p1a: Claydol
|move|p2a: Sylveon|Hyper Voice|p1a: Claydol
|-damage|p1a: Claydol|0 fnt
|faint|p1a: Claydol
|
|upkeep
|
|t:|1626198992
|switch|p1a: Barraskewda|Barraskewda, F|100/100
|turn|18
|
|t:|1626198995
|switch|p2a: *w*G O A L I E*w*|Golisopod, F|84/100
|move|p1a: Barraskewda|Liquidation|p2a: *w*G O A L I E*w*
|-resisted|p2a: *w*G O A L I E*w*
|-damage|p2a: *w*G O A L I E*w*|55/100
|
|upkeep
|turn|19
|
|t:|1626199000
|move|p1a: Barraskewda|Liquidation|p2a: *w*G O A L I E*w*
|-resisted|p2a: *w*G O A L I E*w*
|-damage|p2a: *w*G O A L I E*w*|27/100
|-activate|p2a: *w*G O A L I E*w*|ability: Emergency Exit
|
|t:|1626199005
|switch|p2a: Goodra|Goodra, M|100/100
|-damage|p2a: Goodra|88/100|[from] Stealth Rock
|
|upkeep
|turn|20
|
|t:|1626199012
|switch|p1a: Incineroar|Incineroar, F|51/100
|-ability|p1a: Incineroar|Intimidate|boost
|-unboost|p2a: Goodra|atk|1
|move|p2a: Goodra|Surf|p1a: Incineroar
|-supereffective|p1a: Incineroar
|-damage|p1a: Incineroar|9/100
|
|upkeep
|turn|21
|
|t:|1626199018
|switch|p2a: Lucy|Lucario, F|95/100
|-damage|p2a: Lucy|92/100|[from] Stealth Rock
|move|p1a: Incineroar|Knock Off|p2a: Lucy
|-resisted|p2a: Lucy
|-damage|p2a: Lucy|47/100
|-ability|p2a: Lucy|Justified|boost
|-boost|p2a: Lucy|atk|1
|-enditem|p2a: Lucy|Choice Scarf|[from] move: Knock Off|[of] p1a: Incineroar
|
|upkeep
|turn|22
|
|t:|1626199027
|move|p2a: Lucy|Flash Cannon|p1a: Incineroar
|-resisted|p1a: Incineroar
|-damage|p1a: Incineroar|0 fnt
|faint|p1a: Incineroar
|
|upkeep
|
|t:|1626199031
|switch|p1a: Barraskewda|Barraskewda, F|100/100
|turn|23
|
|t:|1626199033
|move|p2a: Lucy|Vacuum Wave|p1a: Barraskewda
|-damage|p1a: Barraskewda|57/100
|move|p1a: Barraskewda|Liquidation|p2a: Lucy
|-damage|p2a: Lucy|0 fnt
|faint|p2a: Lucy
|
|upkeep
|
|t:|1626199039
|switch|p2a: Goodra|Goodra, M|88/100
|-damage|p2a: Goodra|76/100|[from] Stealth Rock
|turn|24
|
|t:|1626199052
|switch|p1a: Roserade|Roserade, F|100/100
|move|p2a: Goodra|Thunderbolt|p1a: Roserade
|-resisted|p1a: Roserade
|-damage|p1a: Roserade|90/100
|
|-heal|p1a: Roserade|96/100|[from] item: Black Sludge
|upkeep
|turn|25
|
|t:|1626199057
|move|p2a: Goodra|Ice Beam|p1a: Roserade
|-supereffective|p1a: Roserade
|-damage|p1a: Roserade|47/100
|move|p1a: Roserade|Spikes|p2a: Goodra
|-sidestart|p2: literallyfreemoney|Spikes
|
|-heal|p1a: Roserade|54/100|[from] item: Black Sludge
|upkeep
|turn|26
|
|t:|1626199060
|move|p2a: Goodra|Ice Beam|p1a: Roserade
|-supereffective|p1a: Roserade
|-damage|p1a: Roserade|8/100
|move|p1a: Roserade|Sludge Bomb|p2a: Goodra
|-damage|p2a: Goodra|58/100
|
|-heal|p1a: Roserade|14/100|[from] item: Black Sludge
|upkeep
|turn|27
|
|t:|1626199064
|move|p2a: Goodra|Ice Beam|p1a: Roserade
|-supereffective|p1a: Roserade
|-damage|p1a: Roserade|0 fnt
|faint|p1a: Roserade
|
|upkeep
|
|t:|1626199067
|switch|p1a: Crobat|Crobat, F|100/100
|turn|28
|
|t:|1626199085
|move|p1a: Crobat|Brave Bird|p2a: Goodra
|-damage|p2a: Goodra|4/100
|-damage|p1a: Crobat|85/100|[from] Recoil
|move|p2a: Goodra|Thunderbolt|p1a: Crobat
|-supereffective|p1a: Crobat
|-damage|p1a: Crobat|15/100
|
|upkeep
|turn|29
|
|t:|1626199094
|move|p1a: Crobat|Roost|p1a: Crobat
|-heal|p1a: Crobat|65/100
|-singleturn|p1a: Crobat|move: Roost
|move|p2a: Goodra|Draco Meteor|p1a: Crobat
|-crit|p1a: Crobat
|-damage|p1a: Crobat|0 fnt
|-unboost|p2a: Goodra|spa|2
|faint|p1a: Crobat
|
|upkeep
|
|t:|1626199100
|switch|p1a: Barraskewda|Barraskewda, F|57/100
|turn|30
|
|t:|1626199103
|move|p1a: Barraskewda|Liquidation|p2a: Goodra
|-resisted|p2a: Goodra
|-damage|p2a: Goodra|0 fnt
|faint|p2a: Goodra
|
|upkeep
|
|t:|1626199105
|switch|p2a: *w*G O A L I E*w*|Golisopod, F|27/100
|turn|31
|
|t:|1626199109
|move|p2a: *w*G O A L I E*w*|First Impression|p1a: Barraskewda
|-damage|p1a: Barraskewda|0 fnt
|faint|p1a: Barraskewda
|
|win|literallyfreemoney
|raw|Vertraeumt's rating: 1254 &rarr; <strong>1242</strong><br />(-12 for losing)
|raw|literallyfreemoney's rating: 1458 &rarr; <strong>1467</strong><br />(+9 for winning)
