|raw|<div class="broadcast-blue"><strong>This battle is required to be public due to a player having a name starting with 'rult50'.</div>
|j|‽toxrus1
|j|☆RULT50C rlo.ldl
|t:|1625909925
|gametype|singles
|player|p1|toxrus1|beauty-gen4dp|1336
|player|p2|RULT50C rlo.ldl|valerie|1598
|teamsize|p1|6
|teamsize|p2|6
|gen|8
|tier|[Gen 8] RU
|rated|
|rule|Sleep Clause Mod: Limit one foe put to sleep
|rule|Species Clause: Limit one of each Pokémon
|rule|OHKO Clause: OHKO moves are banned
|rule|Evasion Moves Clause: Evasion moves are banned
|rule|Endless Battle Clause: Forcing endless battles is banned
|rule|HP Percentage Mod: HP is shown in percentages
|rule|Dynamax Clause: You cannot dynamax
|clearpoke
|poke|p1|Weezing-Galar, F|
|poke|p1|Registeel|
|poke|p1|Gastrodon-East, M|
|poke|p1|Celebi|
|poke|p1|Xurkitree|
|poke|p1|Flygon, M|
|poke|p2|Froslass, F|
|poke|p2|Reuniclus, F|
|poke|p2|Xurkitree|
|poke|p2|Mimikyu, M|
|poke|p2|Cobalion|
|poke|p2|Mienshao, F|
|teampreview
|inactive|Battle timer is ON: inactive players will automatically lose when time's up. (requested by toxrus1)
|j| rult50 mac3
|
|t:|1625909955
|start
|switch|p1a: Xurkitree|Xurkitree|100/100
|switch|p2a: Froslass|Froslass, F|100/100
|turn|1
|
|t:|1625909959
|move|p1a: Xurkitree|Thunderbolt|p2a: Froslass
|-damage|p2a: Froslass|10/100
|-start|p1a: Xurkitree|Disable|Thunderbolt|[from] ability: Cursed Body|[of] p2a: Froslass
|move|p2a: Froslass|Poltergeist|p1a: Xurkitree
|-activate|p1a: Xurkitree|move: Poltergeist|Choice Scarf
|-damage|p1a: Xurkitree|20/100
|-damage|p2a: Froslass|0 fnt|[from] item: Life Orb
|faint|p2a: Froslass
|
|upkeep
|
|t:|1625909971
|switch|p2a: Cobalion|Cobalion|100/100
|turn|2
|
|t:|1625909977
|switch|p1a: Flygon|Flygon, M|100/100
|move|p2a: Cobalion|Swords Dance|p2a: Cobalion
|-boost|p2a: Cobalion|atk|2
|
|upkeep
|turn|3
|
|t:|1625909982
|move|p2a: Cobalion|Close Combat|p1a: Flygon
|-damage|p1a: Flygon|0 fnt
|-unboost|p2a: Cobalion|def|1
|-unboost|p2a: Cobalion|spd|1
|faint|p1a: Flygon
|
|upkeep
|
|t:|1625909988
|switch|p1a: Gastrodon|Gastrodon-East, M|100/100
|turn|4
|
|t:|1625909999
|move|p2a: Cobalion|Close Combat|p1a: Gastrodon
|-damage|p1a: Gastrodon|23/100
|-unboost|p2a: Cobalion|def|1
|-unboost|p2a: Cobalion|spd|1
|move|p1a: Gastrodon|Earthquake|p2a: Cobalion
|-supereffective|p2a: Cobalion
|-damage|p2a: Cobalion|0 fnt
|faint|p2a: Cobalion
|
|-heal|p1a: Gastrodon|29/100|[from] item: Leftovers
|upkeep
|
|t:|1625910005
|switch|p2a: Mienshao|Mienshao, F|100/100
|turn|5
|
|t:|1625910012
|switch|p1a: Weezing|Weezing-Galar, F|100/100
|-ability|p1a: Weezing|Neutralizing Gas
|move|p2a: Mienshao|U-turn|p1a: Weezing
|-resisted|p1a: Weezing
|-damage|p1a: Weezing|96/100
|-damage|p2a: Mienshao|84/100|[from] item: Rocky Helmet|[of] p1a: Weezing
|
|t:|1625910017
|switch|p2a: Reuniclus|Reuniclus, F|100/100|[from]move: U-turn
|
|upkeep
|turn|6
|
|t:|1625910024
|-end|p1a: Weezing|ability: Neutralizing Gas
|switch|p1a: Gastrodon|Gastrodon-East, M|29/100
|move|p2a: Reuniclus|Trick Room|p2a: Reuniclus
|-fieldstart|move: Trick Room|[of] p2a: Reuniclus
|
|-heal|p1a: Gastrodon|35/100|[from] item: Leftovers
|upkeep
|turn|7
|
|t:|1625910030
|switch|p1a: Registeel|Registeel|100/100
|move|p2a: Reuniclus|Psychic|p1a: Registeel
|-resisted|p1a: Registeel
|-damage|p1a: Registeel|84/100
|
|-heal|p1a: Registeel|90/100|[from] item: Leftovers
|upkeep
|turn|8
|
|t:|1625910035
|move|p1a: Registeel|Protect|p1a: Registeel
|-singleturn|p1a: Registeel|Protect
|move|p2a: Reuniclus|Focus Blast|p1a: Registeel
|-activate|p1a: Registeel|move: Protect
|
|-heal|p1a: Registeel|96/100|[from] item: Leftovers
|upkeep
|turn|9
|
|t:|1625910040
|move|p2a: Reuniclus|Focus Blast|p1a: Registeel
|-supereffective|p1a: Registeel
|-damage|p1a: Registeel|40/100
|move|p1a: Registeel|Stealth Rock|p2a: Reuniclus
|-sidestart|p2: RULT50C rlo.ldl|move: Stealth Rock
|
|-heal|p1a: Registeel|46/100|[from] item: Leftovers
|upkeep
|turn|10
|
|t:|1625910052
|move|p1a: Registeel|Protect|p1a: Registeel
|-singleturn|p1a: Registeel|Protect
|move|p2a: Reuniclus|Shadow Ball|p1a: Registeel
|-activate|p1a: Registeel|move: Protect
|
|-heal|p1a: Registeel|52/100|[from] item: Leftovers
|-fieldend|move: Trick Room
|upkeep
|turn|11
|
|t:|1625910056
|move|p1a: Registeel|Toxic|p2a: Reuniclus
|-status|p2a: Reuniclus|tox
|move|p2a: Reuniclus|Focus Blast|p1a: Registeel
|-supereffective|p1a: Registeel
|-damage|p1a: Registeel|0 fnt
|faint|p1a: Registeel
|
|upkeep
|
|t:|1625910062
|switch|p1a: Gastrodon|Gastrodon-East, M|35/100
|turn|12
|
|t:|1625910067
|move|p1a: Gastrodon|Recover|p1a: Gastrodon
|-heal|p1a: Gastrodon|85/100
|move|p2a: Reuniclus|Psychic|p1a: Gastrodon
|-damage|p1a: Gastrodon|28/100
|
|-heal|p1a: Gastrodon|34/100|[from] item: Leftovers
|upkeep
|turn|13
|
|t:|1625910072
|move|p1a: Gastrodon|Recover|p1a: Gastrodon
|-heal|p1a: Gastrodon|84/100
|move|p2a: Reuniclus|Psychic|p1a: Gastrodon
|-damage|p1a: Gastrodon|17/100
|
|-heal|p1a: Gastrodon|24/100|[from] item: Leftovers
|upkeep
|turn|14
|
|t:|1625910075
|switch|p1a: Celebi|Celebi|100/100
|move|p2a: Reuniclus|Psychic|p1a: Celebi
|-resisted|p1a: Celebi
|-damage|p1a: Celebi|70/100
|
|upkeep
|turn|15
|
|t:|1625910080
|move|p1a: Celebi|Earth Power|p2a: Reuniclus
|-damage|p2a: Reuniclus|75/100 tox
|move|p2a: Reuniclus|Trick Room|p2a: Reuniclus
|-fieldstart|move: Trick Room|[of] p2a: Reuniclus
|
|upkeep
|turn|16
|
|t:|1625910086
|switch|p1a: Gastrodon|Gastrodon-East, M|24/100
|move|p2a: Reuniclus|Shadow Ball|p1a: Gastrodon
|-damage|p1a: Gastrodon|0 fnt
|faint|p1a: Gastrodon
|
|upkeep
|
|t:|1625910087
|switch|p1a: Celebi|Celebi|70/100
|turn|17
|
|t:|1625910092
|move|p2a: Reuniclus|Shadow Ball|p1a: Celebi
|-supereffective|p1a: Celebi
|-damage|p1a: Celebi|0 fnt
|faint|p1a: Celebi
|
|upkeep
|
|t:|1625910096
|switch|p1a: Xurkitree|Xurkitree|20/100
|turn|18
|
|t:|1625910098
|move|p2a: Reuniclus|Psychic|p1a: Xurkitree
|-damage|p1a: Xurkitree|0 fnt
|faint|p1a: Xurkitree
|
|upkeep
|
|t:|1625910100
|switch|p1a: Weezing|Weezing-Galar, F|96/100
|-ability|p1a: Weezing|Neutralizing Gas
|turn|19
|
|t:|1625910105
|move|p2a: Reuniclus|Psychic|p1a: Weezing
|-supereffective|p1a: Weezing
|-damage|p1a: Weezing|0 fnt
|faint|p1a: Weezing
|-end|p1a: Weezing|ability: Neutralizing Gas
|
|win|RULT50C rlo.ldl
|raw|toxrus1's rating: 1336 &rarr; <strong>1329</strong><br />(-7 for losing)
|raw|RULT50C rlo.ldl's rating: 1598 &rarr; <strong>1605</strong><br />(+7 for winning)
|l|☆RULT50C rlo.ldl
|l|‽toxrus1
|j|‽toxrus1
|player|p1|toxrus1|beauty-gen4dp
|n|‽toxrus1|toxrus1
