|j|☆ouatia
|j|☆rutestah2
|inactive|Battle timer is ON: inactive players will automatically lose when time's up.
|t:|1658436837
|gametype|singles
|player|p1|ouatia|101|
|player|p2|rutestah2|veteran-gen4|
|teamsize|p1|6
|teamsize|p2|6
|gen|8
|tier|[Gen 8] RU
|rated|Tournament battle
|rule|Sleep Clause Mod: Limit one foe put to sleep
|rule|Species Clause: Limit one of each Pokémon
|rule|OHKO Clause: OHKO moves are banned
|rule|Evasion Moves Clause: Evasion moves are banned
|rule|Endless Battle Clause: Forcing endless battles is banned
|rule|HP Percentage Mod: HP is shown in percentages
|rule|Dynamax Clause: You cannot dynamax
|clearpoke
|poke|p1|Umbreon, F|
|poke|p1|Weezing-Galar, M|
|poke|p1|Metagross|
|poke|p1|Chandelure, M|
|poke|p1|Seismitoad, F|
|poke|p1|Grimmsnarl, M|
|poke|p2|Gardevoir, F|
|poke|p2|Incineroar, M|
|poke|p2|Jellicent, F|
|poke|p2|Noivern, F|
|poke|p2|Steelix, M|
|poke|p2|Roserade, F|
|teampreview
|
|t:|1658436851
|start
|switch|p1a: Seismitoad|Seismitoad, F|100/100
|switch|p2a: Noivern|Noivern, F|100/100
|-item|p1a: Seismitoad|Expert Belt|[from] ability: Frisk|[of] p2a: Noivern|[identify]
|turn|1
|
|t:|1658436858
|switch|p1a: Metagross|Metagross|100/100
|move|p2a: Noivern|Taunt|p1a: Metagross
|-start|p1a: Metagross|move: Taunt
|
|upkeep
|turn|2
|
|t:|1658436871
|move|p2a: Noivern|U-turn|p1a: Metagross
|-damage|p1a: Metagross|92/100
|
|t:|1658436874
|switch|p2a: Jellicent|Jellicent, F|100/100|[from]move: U-turn
|move|p1a: Metagross|Earthquake|p2a: Jellicent
|-damage|p2a: Jellicent|67/100
|
|upkeep
|turn|3
|
|t:|1658436881
|switch|p1a: Umbreon|Umbreon, F|100/100
|move|p2a: Jellicent|Will-O-Wisp|p1a: Umbreon|[miss]
|-miss|p2a: Jellicent|p1a: Umbreon
|
|upkeep
|turn|4
|
|t:|1658436890
|switch|p1a: Seismitoad|Seismitoad, F|100/100
|move|p2a: Jellicent|Will-O-Wisp|p1a: Seismitoad
|-status|p1a: Seismitoad|brn
|
|-damage|p1a: Seismitoad|95/100 brn|[from] brn
|upkeep
|turn|5
|
|t:|1658436916
|switch|p2a: Roserade|Roserade, F|100/100
|move|p1a: Seismitoad|Stealth Rock|p2a: Roserade
|-sidestart|p2: rutestah2|move: Stealth Rock
|
|-damage|p1a: Seismitoad|89/100 brn|[from] brn
|upkeep
|turn|6
|
|t:|1658436923
|switch|p1a: Metagross|Metagross|92/100
|move|p2a: Roserade|Spikes|p1a: Metagross
|-sidestart|p1: ouatia|Spikes
|
|upkeep
|turn|7
|
|t:|1658436932
|switch|p2a: Steelix|Steelix, M|100/100
|-damage|p2a: Steelix|97/100|[from] Stealth Rock
|move|p1a: Metagross|Zen Headbutt|p2a: Steelix
|-resisted|p2a: Steelix
|-damage|p2a: Steelix|85/100
|
|-heal|p2a: Steelix|91/100|[from] item: Leftovers
|upkeep
|turn|8
|
|t:|1658436940
|switch|p1a: Weezing|Weezing-Galar, M|100/100
|move|p2a: Steelix|Stealth Rock|p1a: Weezing
|-sidestart|p1: ouatia|move: Stealth Rock
|
|-heal|p2a: Steelix|97/100|[from] item: Leftovers
|upkeep
|turn|9
|
|t:|1658436960
|switch|p2a: Incineroar|Incineroar, M|100/100
|-ability|p2a: Incineroar|Intimidate|boost
|-unboost|p1a: Weezing|atk|1
|move|p1a: Weezing|Defog|p2a: Incineroar
|-unboost|p2a: Incineroar|evasion|1
|-sideend|p2: rutestah2|Stealth Rock|[from] move: Defog|[of] p1a: Weezing
|-sideend|p1: ouatia|Spikes|[from] move: Defog|[of] p1a: Weezing
|-sideend|p1: ouatia|Stealth Rock|[from] move: Defog|[of] p1a: Weezing
|
|upkeep
|turn|10
|
|t:|1658436970
|switch|p1a: Umbreon|Umbreon, F|100/100
|move|p2a: Incineroar|Knock Off|p1a: Umbreon
|-resisted|p1a: Umbreon
|-damage|p1a: Umbreon|79/100
|-enditem|p1a: Umbreon|Leftovers|[from] move: Knock Off|[of] p2a: Incineroar
|
|upkeep
|turn|11
|
|t:|1658436977
|move|p2a: Incineroar|U-turn|p1a: Umbreon
|-supereffective|p1a: Umbreon
|-crit|p1a: Umbreon
|-damage|p1a: Umbreon|17/100
|
|t:|1658436986
|switch|p2a: Steelix|Steelix, M|97/100|[from]move: U-turn
|move|p1a: Umbreon|Heal Bell|p1a: Umbreon
|-activate|p1a: Umbreon|move: Heal Bell
|-curestatus|p1: Seismitoad|brn|[msg]
|
|-heal|p2a: Steelix|100/100|[from] item: Leftovers
|upkeep
|turn|12
|
|t:|1658436994
|move|p1a: Umbreon|Wish|p1a: Umbreon
|move|p2a: Steelix|Heavy Slam|p1a: Umbreon
|-damage|p1a: Umbreon|0 fnt
|faint|p1a: Umbreon
|
|upkeep
|
|t:|1658437001
|switch|p1a: Seismitoad|Seismitoad, F|89/100
|turn|13
|inactive|rutestah2 has 120 seconds left.
|
|t:|1658437045
|switch|p2a: Roserade|Roserade, F|100/100
|move|p1a: Seismitoad|Earthquake|p2a: Roserade
|-damage|p2a: Roserade|19/100
|
|-heal|p1a: Seismitoad|100/100|[from] move: Wish|[wisher] Umbreon
|-heal|p2a: Roserade|25/100|[from] item: Black Sludge
|upkeep
|turn|14
|
|t:|1658437057
|move|p2a: Roserade|Giga Drain|p1a: Seismitoad
|-supereffective|p1a: Seismitoad
|-damage|p1a: Seismitoad|0 fnt
|-heal|p2a: Roserade|92/100|[from] drain|[of] p1a: Seismitoad
|faint|p1a: Seismitoad
|
|-heal|p2a: Roserade|99/100|[from] item: Black Sludge
|upkeep
|
|t:|1658437064
|switch|p1a: Grimmsnarl|Grimmsnarl, M|100/100
|-item|p2a: Roserade|Black Sludge|[from] ability: Frisk|[of] p1a: Grimmsnarl|[identify]
|turn|15
|inactive|rutestah2 has 120 seconds left.
|
|t:|1658437092
|move|p2a: Roserade|Spikes|p1a: Grimmsnarl
|-sidestart|p1: ouatia|Spikes
|move|p1a: Grimmsnarl|Superpower|p2a: Roserade
|-resisted|p2a: Roserade
|-damage|p2a: Roserade|38/100
|-unboost|p1a: Grimmsnarl|atk|1
|-unboost|p1a: Grimmsnarl|def|1
|
|-heal|p2a: Roserade|44/100|[from] item: Black Sludge
|upkeep
|turn|16
|
|t:|1658437103
|switch|p1a: Metagross|Metagross|92/100
|-damage|p1a: Metagross|80/100|[from] Spikes
|move|p2a: Roserade|Sludge Bomb|p1a: Metagross
|-immune|p1a: Metagross
|
|-heal|p2a: Roserade|50/100|[from] item: Black Sludge
|upkeep
|turn|17
|
|t:|1658437116
|switch|p2a: Noivern|Noivern, F|100/100
|-item|p1a: Metagross|Assault Vest|[from] ability: Frisk|[of] p2a: Noivern|[identify]
|move|p1a: Metagross|Earthquake|p2a: Noivern
|-immune|p2a: Noivern
|
|upkeep
|turn|18
|
|t:|1658437123
|move|p2a: Noivern|U-turn|p1a: Metagross
|-damage|p1a: Metagross|71/100
|
|t:|1658437127
|switch|p2a: Jellicent|Jellicent, F|67/100|[from]move: U-turn
|move|p1a: Metagross|Meteor Mash|p2a: Jellicent|[miss]
|-miss|p1a: Metagross|p2a: Jellicent
|
|upkeep
|turn|19
|
|t:|1658437134
|switch|p1a: Chandelure|Chandelure, M|100/100
|-damage|p1a: Chandelure|88/100|[from] Spikes
|move|p2a: Jellicent|Hex|p1a: Chandelure
|-supereffective|p1a: Chandelure
|-damage|p1a: Chandelure|35/100
|
|upkeep
|turn|20
|inactive|rutestah2 has 120 seconds left.
|-message|ouatia forfeited.
|
|win|rutestah2
|n|☆ouatia|ouatia
|n|☆rutestah2|rutestah2
|l|☆ouatia
