|j|☆tagvanted
|j|☆Concrete Emily
|player|p1|tagvanted|bugsy|1292
|player|p2|Concrete Emily|elesa-gen5bw2|1127
|teamsize|p1|6
|teamsize|p2|6
|gametype|singles
|gen|8
|tier|[Gen 8] RU
|rated|
|clearpoke
|poke|p1|Barraskewda, F|
|poke|p1|Indeedee-F, F|
|poke|p1|Charizard, M|
|poke|p1|Steelix, M|
|poke|p1|Lanturn, F|
|poke|p1|Passimian, F|
|poke|p2|Rillaboom, M|
|poke|p2|Garbodor, F|
|poke|p2|Silvally-*|
|poke|p2|Indeedee, M|
|poke|p2|Rhydon, F|
|poke|p2|Mantine, F|
|rule|Sleep Clause Mod: Limit one foe put to sleep
|rule|Species Clause: Limit one of each Pokémon
|rule|OHKO Clause: OHKO moves are banned
|rule|Evasion Moves Clause: Evasion moves are banned
|rule|Endless Battle Clause: Forcing endless battles is banned
|rule|HP Percentage Mod: HP is shown in percentages
|rule|Dynamax Clause: You cannot dynamax
|teampreview
|c|☆Concrete Emily|Hey. Good luck!
|inactive|Battle timer is ON: inactive players will automatically lose when time's up. (requested by Concrete Emily)
|
|start
|switch|p1a: Pesto|Passimian, F|100/100
|switch|p2a: Rhydon|Rhydon, F|100/100
|turn|1
|c|☆tagvanted|hey thanks
|
|move|p1a: Pesto|U-turn|p2a: Rhydon
|-damage|p2a: Rhydon|91/100
|
|switch|p1a: Arabiata|Indeedee-F, F|100/100|[from]move: U-turn
|-fieldstart|move: Psychic Terrain|[from] ability: Psychic Surge|[of] p1a: Arabiata
|move|p2a: Rhydon|Stealth Rock|p1a: Arabiata
|-sidestart|p1: tagvanted|move: Stealth Rock
|
|upkeep
|turn|2
|
|move|p1a: Arabiata|Calm Mind|p1a: Arabiata
|-boost|p1a: Arabiata|spa|1
|-boost|p1a: Arabiata|spd|1
|move|p2a: Rhydon|Earthquake|p1a: Arabiata
|-damage|p1a: Arabiata|55/100
|
|upkeep
|turn|3
|
|switch|p2a: Silvally|Silvally-Steel|100/100
|move|p1a: Arabiata|Psychic|p2a: Silvally
|-resisted|p2a: Silvally
|-damage|p2a: Silvally|71/100
|
|upkeep
|turn|4
|
|move|p2a: Silvally|Multi-Attack|p1a: Arabiata
|-damage|p1a: Arabiata|3/100
|move|p1a: Arabiata|Mystical Fire|p2a: Silvally
|-supereffective|p2a: Silvally
|-damage|p2a: Silvally|15/100
|-unboost|p2a: Silvally|spa|1
|
|upkeep
|turn|5
|
|move|p2a: Silvally|Multi-Attack|p1a: Arabiata
|-damage|p1a: Arabiata|0 fnt
|faint|p1a: Arabiata
|
|upkeep
|
|switch|p1a: Carbonara|Charizard, M|100/100
|turn|6
|
|move|p1a: Carbonara|Blaze Kick|p2a: Silvally
|-supereffective|p2a: Silvally
|-damage|p2a: Silvally|0 fnt
|faint|p2a: Silvally
|
|upkeep
|
|switch|p2a: Rhydon|Rhydon, F|91/100
|turn|7
|
|switch|p1a: Bolognese|Steelix, M|100/100
|-damage|p1a: Bolognese|97/100|[from] Stealth Rock
|move|p2a: Rhydon|Rock Blast|p1a: Bolognese
|-resisted|p1a: Bolognese
|-damage|p1a: Bolognese|96/100
|-resisted|p1a: Bolognese
|-damage|p1a: Bolognese|95/100
|-resisted|p1a: Bolognese
|-damage|p1a: Bolognese|93/100
|-resisted|p1a: Bolognese
|-crit|p1a: Bolognese
|-damage|p1a: Bolognese|91/100
|-resisted|p1a: Bolognese
|-damage|p1a: Bolognese|90/100
|-hitcount|p1a: Bolognese|5
|
|-heal|p1a: Bolognese|96/100|[from] item: Leftovers
|upkeep
|turn|8
|
|move|p2a: Rhydon|Swords Dance|p2a: Rhydon
|-boost|p2a: Rhydon|atk|2
|move|p1a: Bolognese|Stealth Rock|p2a: Rhydon
|-sidestart|p2: Concrete Emily|move: Stealth Rock
|
|-heal|p1a: Bolognese|100/100|[from] item: Leftovers
|-fieldend|move: Psychic Terrain
|upkeep
|turn|9
|
|move|p2a: Rhydon|Earthquake|p1a: Bolognese
|-supereffective|p1a: Bolognese
|-damage|p1a: Bolognese|5/100
|move|p1a: Bolognese|Heavy Slam|p2a: Rhydon
|-supereffective|p2a: Rhydon
|-damage|p2a: Rhydon|63/100
|
|-heal|p1a: Bolognese|11/100|[from] item: Leftovers
|upkeep
|turn|10
|inactive|tagvanted has 120 seconds left.
|
|move|p2a: Rhydon|Earthquake|p1a: Bolognese
|-supereffective|p1a: Bolognese
|-damage|p1a: Bolognese|0 fnt
|faint|p1a: Bolognese
|
|upkeep
|
|switch|p1a: Pesto|Passimian, F|100/100
|-damage|p1a: Pesto|94/100|[from] Stealth Rock
|turn|11
|inactive|tagvanted has 120 seconds left.
|
|switch|p2a: Garbodor|Garbodor, F|100/100
|-damage|p2a: Garbodor|88/100|[from] Stealth Rock
|move|p1a: Pesto|Close Combat|p2a: Garbodor
|-resisted|p2a: Garbodor
|-damage|p2a: Garbodor|65/100
|-unboost|p1a: Pesto|def|1
|-unboost|p1a: Pesto|spd|1
|-damage|p1a: Pesto|78/100|[from] item: Rocky Helmet|[of] p2a: Garbodor
|
|upkeep
|turn|12
|
|switch|p1a: Ricotta|Lanturn, F|100/100
|-damage|p1a: Ricotta|88/100|[from] Stealth Rock
|move|p2a: Garbodor|Spikes|p1a: Ricotta
|-sidestart|p1: tagvanted|Spikes
|
|upkeep
|turn|13
|
|move|p1a: Ricotta|Scald|p2a: Garbodor
|-damage|p2a: Garbodor|40/100
|-status|p2a: Garbodor|brn
|move|p2a: Garbodor|Gunk Shot|p1a: Ricotta
|-damage|p1a: Ricotta|61/100
|
|-damage|p2a: Garbodor|33/100 brn|[from] brn
|upkeep
|turn|14
|
|move|p1a: Ricotta|Scald|p2a: Garbodor
|-damage|p2a: Garbodor|8/100 brn
|move|p2a: Garbodor|Pain Split|p1a: Ricotta
|-sethp|p1a: Ricotta|34/100|[from] move: Pain Split|[silent]
|-sethp|p2a: Garbodor|36/100 brn|[from] move: Pain Split
|
|-damage|p2a: Garbodor|30/100 brn|[from] brn
|upkeep
|turn|15
|inactive|tagvanted has 120 seconds left.
|
|move|p1a: Ricotta|Scald|p2a: Garbodor
|-damage|p2a: Garbodor|3/100 brn
|move|p2a: Garbodor|Gunk Shot|p1a: Ricotta
|-damage|p1a: Ricotta|7/100
|
|-damage|p2a: Garbodor|0 fnt|[from] brn
|faint|p2a: Garbodor
|upkeep
|
|switch|p2a: Indeedee|Indeedee, M|100/100
|-damage|p2a: Indeedee|88/100|[from] Stealth Rock
|-fieldstart|move: Psychic Terrain|[from] ability: Psychic Surge|[of] p2a: Indeedee
|turn|16
|
|move|p2a: Indeedee|Psychic|p1a: Ricotta
|-damage|p1a: Ricotta|0 fnt
|faint|p1a: Ricotta
|
|upkeep
|inactive|tagvanted has 120 seconds left.
|
|switch|p1a: Pesto|Passimian, F|78/100
|-damage|p1a: Pesto|72/100|[from] Stealth Rock
|-damage|p1a: Pesto|59/100|[from] Spikes
|turn|17
|
|move|p1a: Pesto|Knock Off|p2a: Indeedee
|-supereffective|p2a: Indeedee
|-damage|p2a: Indeedee|0 fnt
|-enditem|p2a: Indeedee|Terrain Extender|[from] move: Knock Off|[of] p1a: Pesto
|faint|p2a: Indeedee
|
|upkeep
|
|switch|p2a: Rillaboom|Rillaboom, M|100/100
|-damage|p2a: Rillaboom|88/100|[from] Stealth Rock
|turn|18
|
|move|p2a: Rillaboom|Wood Hammer|p1a: Pesto
|-damage|p1a: Pesto|0 fnt
|-damage|p2a: Rillaboom|69/100|[from] Recoil
|faint|p1a: Pesto
|
|upkeep
|
|switch|p1a: Carbonara|Charizard, M|100/100
|turn|19
|
|switch|p2a: Rhydon|Rhydon, F|63/100
|-damage|p2a: Rhydon|57/100|[from] Stealth Rock
|move|p1a: Carbonara|Belly Drum|p1a: Carbonara
|-damage|p1a: Carbonara|51/100
|-setboost|p1a: Carbonara|atk|6|[from] move: Belly Drum
|
|upkeep
|turn|20
|
|move|p1a: Carbonara|Earthquake|p2a: Rhydon
|-supereffective|p2a: Rhydon
|-crit|p2a: Rhydon
|-damage|p2a: Rhydon|0 fnt
|faint|p2a: Rhydon
|
|upkeep
|
|switch|p2a: Rillaboom|Rillaboom, M|69/100
|-damage|p2a: Rillaboom|57/100|[from] Stealth Rock
|turn|21
|
|move|p2a: Rillaboom|Knock Off|p1a: Carbonara
|-damage|p1a: Carbonara|4/100
|-enditem|p1a: Carbonara|Heavy-Duty Boots|[from] move: Knock Off|[of] p2a: Rillaboom
|move|p1a: Carbonara|Blaze Kick|p2a: Rillaboom
|-supereffective|p2a: Rillaboom
|-crit|p2a: Rillaboom
|-damage|p2a: Rillaboom|0 fnt
|faint|p2a: Rillaboom
|
|upkeep
|
|switch|p2a: Mantine|Mantine, F|100/100
|turn|22
|
|move|p1a: Carbonara|Thunder Punch|p2a: Mantine
|-supereffective|p2a: Mantine
|-damage|p2a: Mantine|0 fnt
|faint|p2a: Mantine
|
|win|tagvanted
|l|☆Concrete Emily
|raw|tagvanted's rating: 1292 &rarr; <strong>1307</strong><br />(+15 for winning)
|raw|Concrete Emily's rating: 1146 &rarr; <strong>1131</strong><br />(-15 for losing)
