|raw|<div class="broadcast-blue"><strong>This battle is required to be public due to a player having a name starting with 'rult70'.</div>
|j|‽Shashigaygay
|j|☆rult70m MAc3 ✝
|t:|1626798654
|gametype|singles
|player|p1|Shashigaygay|dawn|1297
|player|p2|rult70m MAc3 ✝|roxie|1578
|teamsize|p1|6
|teamsize|p2|6
|gen|8
|tier|[Gen 8] RU
|rated|
|rule|Sleep Clause Mod: Limit one foe put to sleep
|rule|Species Clause: Limit one of each Pokémon
|rule|OHKO Clause: OHKO moves are banned
|rule|Evasion Moves Clause: Evasion moves are banned
|rule|Endless Battle Clause: Forcing endless battles is banned
|rule|HP Percentage Mod: HP is shown in percentages
|rule|Dynamax Clause: You cannot dynamax
|clearpoke
|poke|p1|Ninetales-Alola, F|
|poke|p1|Suicune|
|poke|p1|Arctozolt|
|poke|p1|Flygon, F|
|poke|p1|Marowak-Alola, F|
|poke|p1|Klefki, F|
|poke|p2|Reuniclus, M|
|poke|p2|Xurkitree|
|poke|p2|Talonflame, M|
|poke|p2|Steelix, F|
|poke|p2|Vileplume, F|
|poke|p2|Golisopod, M|
|teampreview
|inactive|Battle timer is ON: inactive players will automatically lose when time's up. (requested by Shashigaygay)
|
|t:|1626798672
|start
|switch|p1a: Suicune|Suicune|100/100
|switch|p2a: Talonflame|Talonflame, M|100/100
|-ability|p1a: Suicune|Pressure
|turn|1
|
|t:|1626798686
|switch|p1a: Marowak|Marowak-Alola, F, shiny|100/100
|move|p2a: Talonflame|Toxic|p1a: Marowak
|-status|p1a: Marowak|tox
|
|-damage|p1a: Marowak|94/100 tox|[from] psn
|upkeep
|turn|2
|
|t:|1626798693
|move|p2a: Talonflame|U-turn|p1a: Marowak
|-resisted|p1a: Marowak
|-damage|p1a: Marowak|90/100 tox
|
|t:|1626798696
|switch|p2a: Golisopod|Golisopod, M|100/100|[from]move: U-turn
|move|p1a: Marowak|Poltergeist|p2a: Golisopod
|-activate|p2a: Golisopod|move: Poltergeist|Heavy-Duty Boots
|-damage|p2a: Golisopod|28/100
|-activate|p2a: Golisopod|ability: Emergency Exit
|
|t:|1626798712
|switch|p2a: Xurkitree|Xurkitree|100/100
|
|-damage|p1a: Marowak|78/100 tox|[from] psn
|upkeep
|turn|3
|j| alison hargreeves
|
|t:|1626798724
|switch|p1a: Klefki|Klefki, F|100/100
|move|p2a: Xurkitree|Dazzling Gleam|p1a: Klefki
|-resisted|p1a: Klefki
|-damage|p1a: Klefki|82/100
|
|upkeep
|turn|4
|
|t:|1626798741
|switch|p1a: Suicune|Suicune|100/100
|-ability|p1a: Suicune|Pressure
|move|p2a: Xurkitree|Thunderbolt|p1a: Suicune
|-supereffective|p1a: Suicune
|-damage|p1a: Suicune|14/100
|
|-heal|p1a: Suicune|21/100|[from] item: Leftovers
|upkeep
|turn|5
|
|t:|1626798752
|switch|p1a: Klefki|Klefki, F|82/100
|move|p2a: Xurkitree|Dazzling Gleam|p1a: Klefki
|-resisted|p1a: Klefki
|-crit|p1a: Klefki
|-damage|p1a: Klefki|57/100
|
|upkeep
|turn|6
|
|t:|1626798758
|move|p1a: Klefki|Switcheroo|p2a: Xurkitree
|-activate|p1a: Klefki|move: Trick|[of] p2a: Xurkitree
|-item|p2a: Xurkitree|Lagging Tail|[from] move: Switcheroo
|-item|p1a: Klefki|Heavy-Duty Boots|[from] move: Switcheroo
|move|p2a: Xurkitree|Thunderbolt|p1a: Klefki
|-damage|p1a: Klefki|0 fnt
|faint|p1a: Klefki
|-ability|p2a: Xurkitree|Beast Boost|boost
|-boost|p2a: Xurkitree|spa|1
|
|upkeep
|
|t:|1626798763
|switch|p1a: Marowak|Marowak-Alola, F, shiny|78/100 tox
|turn|7
|
|t:|1626798769
|move|p1a: Marowak|Poltergeist|p2a: Xurkitree
|-activate|p2a: Xurkitree|move: Poltergeist|Lagging Tail
|-damage|p2a: Xurkitree|0 fnt
|faint|p2a: Xurkitree
|
|-damage|p1a: Marowak|72/100 tox|[from] psn
|upkeep
|
|t:|1626798777
|switch|p2a: Golisopod|Golisopod, M|28/100
|turn|8
|
|t:|1626798781
|switch|p1a: Ninetales|Ninetales-Alola, F, shiny|100/100
|-weather|Hail|[from] ability: Snow Warning|[of] p1a: Ninetales
|move|p2a: Golisopod|Sucker Punch||[still]
|-fail|p2a: Golisopod
|
|-weather|Hail|[upkeep]
|-damage|p2a: Golisopod|22/100|[from] Hail
|upkeep
|turn|9
|
|t:|1626798791
|switch|p2a: Talonflame|Talonflame, M|100/100
|move|p1a: Ninetales|Moonblast|p2a: Talonflame
|-resisted|p2a: Talonflame
|-damage|p2a: Talonflame|81/100
|
|-weather|Hail|[upkeep]
|-damage|p2a: Talonflame|75/100|[from] Hail
|upkeep
|turn|10
|
|t:|1626798800
|move|p2a: Talonflame|Flare Blitz|p1a: Ninetales
|-supereffective|p1a: Ninetales
|-damage|p1a: Ninetales|9/100
|-damage|p2a: Talonflame|45/100|[from] Recoil
|move|p1a: Ninetales|Aurora Veil|p1a: Ninetales
|-sidestart|p1: Shashigaygay|move: Aurora Veil
|
|-weather|Hail|[upkeep]
|-damage|p2a: Talonflame|39/100|[from] Hail
|upkeep
|turn|11
|
|t:|1626798813
|switch|p1a: Suicune|Suicune|21/100
|-ability|p1a: Suicune|Pressure
|move|p2a: Talonflame|U-turn|p1a: Suicune
|-damage|p1a: Suicune|15/100
|
|t:|1626798820
|switch|p2a: Golisopod|Golisopod, M|22/100|[from]move: U-turn
|
|-weather|Hail|[upkeep]
|-damage|p1a: Suicune|9/100|[from] Hail
|-damage|p2a: Golisopod|16/100|[from] Hail
|-heal|p1a: Suicune|15/100|[from] item: Leftovers
|upkeep
|turn|12
|
|t:|1626798823
|move|p2a: Golisopod|First Impression|p1a: Suicune
|-damage|p1a: Suicune|0 fnt
|faint|p1a: Suicune
|
|-weather|Hail|[upkeep]
|-damage|p2a: Golisopod|10/100|[from] Hail
|upkeep
|
|t:|1626798828
|switch|p1a: Arctozolt|Arctozolt, shiny|100/100
|turn|13
|
|t:|1626798831
|switch|p2a: Steelix|Steelix, F|100/100
|move|p1a: Arctozolt|Freeze-Dry|p2a: Steelix
|-crit|p2a: Steelix
|-damage|p2a: Steelix|58/100
|-damage|p1a: Arctozolt|91/100|[from] item: Life Orb
|
|-weather|Hail|[upkeep]
|-damage|p2a: Steelix|51/100|[from] Hail
|-heal|p2a: Steelix|58/100|[from] item: Leftovers
|upkeep
|turn|14
|
|t:|1626798842
|move|p1a: Arctozolt|Hydro Pump|p2a: Steelix
|-supereffective|p2a: Steelix
|-damage|p2a: Steelix|0 fnt
|faint|p2a: Steelix
|-damage|p1a: Arctozolt|81/100|[from] item: Life Orb
|
|-weather|Hail|[upkeep]
|-sideend|p1: Shashigaygay|move: Aurora Veil
|upkeep
|
|t:|1626798850
|switch|p2a: Golisopod|Golisopod, M|10/100
|turn|15
|j| RUT8 duck
|c| RUT8 duck|mac3
|c|☆rult70m MAc3 ✝|oui
|c| RUT8 duck|gl
|
|t:|1626798874
|switch|p1a: Marowak|Marowak-Alola, F, shiny|72/100 tox
|move|p2a: Golisopod|First Impression|p1a: Marowak
|-resisted|p1a: Marowak
|-damage|p1a: Marowak|56/100 tox
|
|-weather|none
|-damage|p1a: Marowak|50/100 tox|[from] psn
|upkeep
|turn|16
|c|☆rult70m MAc3 ✝|ty
|
|t:|1626798886
|switch|p1a: Ninetales|Ninetales-Alola, F, shiny|9/100
|-weather|Hail|[from] ability: Snow Warning|[of] p1a: Ninetales
|move|p2a: Golisopod|Spikes|p1a: Ninetales
|-sidestart|p1: Shashigaygay|Spikes
|
|-weather|Hail|[upkeep]
|-damage|p2a: Golisopod|4/100|[from] Hail
|upkeep
|turn|17
|
|t:|1626798896
|switch|p2a: Reuniclus|Reuniclus, M|100/100
|move|p1a: Ninetales|Aurora Veil|p1a: Ninetales
|-sidestart|p1: Shashigaygay|move: Aurora Veil
|
|-weather|Hail|[upkeep]
|upkeep
|turn|18
|
|t:|1626798903
|move|p1a: Ninetales|Moonblast|p2a: Reuniclus
|-damage|p2a: Reuniclus|74/100
|move|p2a: Reuniclus|Shadow Ball|p1a: Ninetales
|-damage|p1a: Ninetales|0 fnt
|faint|p1a: Ninetales
|
|-weather|Hail|[upkeep]
|-heal|p2a: Reuniclus|80/100|[from] item: Leftovers
|upkeep
|
|t:|1626798908
|switch|p1a: Arctozolt|Arctozolt, shiny|81/100
|-damage|p1a: Arctozolt|68/100|[from] Spikes
|turn|19
|
|t:|1626798913
|move|p1a: Arctozolt|Bolt Beak|p2a: Reuniclus
|-damage|p2a: Reuniclus|8/100
|-damage|p1a: Arctozolt|58/100|[from] item: Life Orb
|move|p2a: Reuniclus|Shadow Ball|p1a: Arctozolt
|-damage|p1a: Arctozolt|43/100
|
|-weather|Hail|[upkeep]
|-heal|p2a: Reuniclus|14/100|[from] item: Leftovers
|upkeep
|turn|20
|
|t:|1626798918
|move|p1a: Arctozolt|Bolt Beak|p2a: Reuniclus
|-crit|p2a: Reuniclus
|-damage|p2a: Reuniclus|0 fnt
|faint|p2a: Reuniclus
|-damage|p1a: Arctozolt|33/100|[from] item: Life Orb
|
|-weather|Hail|[upkeep]
|upkeep
|
|t:|1626798921
|switch|p2a: Talonflame|Talonflame, M|39/100
|turn|21
|
|t:|1626798926
|move|p1a: Arctozolt|Bolt Beak|p2a: Talonflame
|-supereffective|p2a: Talonflame
|-damage|p2a: Talonflame|0 fnt
|faint|p2a: Talonflame
|-damage|p1a: Arctozolt|23/100|[from] item: Life Orb
|
|-weather|Hail|[upkeep]
|-sideend|p1: Shashigaygay|move: Aurora Veil
|upkeep
|
|t:|1626798934
|switch|p2a: Golisopod|Golisopod, M|4/100
|turn|22
|
|t:|1626798941
|move|p2a: Golisopod|First Impression|p1a: Arctozolt
|-damage|p1a: Arctozolt|0 fnt
|faint|p1a: Arctozolt
|
|-weather|Hail|[upkeep]
|-damage|p2a: Golisopod|0 fnt|[from] Hail
|faint|p2a: Golisopod
|upkeep
|
|t:|1626798944
|switch|p1a: Marowak|Marowak-Alola, F, shiny|50/100 tox
|switch|p2a: Vileplume|Vileplume, F|100/100
|-damage|p1a: Marowak|37/100 tox|[from] Spikes
|turn|23
|
|t:|1626798948
|move|p1a: Marowak|Flare Blitz|p2a: Vileplume
|-supereffective|p2a: Vileplume
|-damage|p2a: Vileplume|0 fnt
|faint|p2a: Vileplume
|
|win|Shashigaygay
|raw|Shashigaygay's rating: 1297 &rarr; <strong>1339</strong><br />(+42 for winning)
|raw|rult70m MAc3 ✝'s rating: 1578 &rarr; <strong>1545</strong><br />(-33 for losing)
|l|☆rult70m MAc3 ✝
|l| alison hargreeves
|l| RUT8 duck
|j| RUT8 duck
|l| RUT8 duck
||Ladder isn't responding, score probably updated but might not have (Request timeout).
