|j|‽DerpyBoi
|j|☆Panorama Fiesta
|inactive|Battle timer is ON: inactive players will automatically lose when time's up.
|t:|1610081723
|player|p1|DerpyBoi|burglar-gen2|
|player|p2|Panorama Fiesta|aromalady|
|teamsize|p1|6
|teamsize|p2|6
|gametype|singles
|gen|8
|tier|[Gen 8] RU
|rated|Tournament battle
|clearpoke
|poke|p1|Metagross|
|poke|p1|Golisopod, F|
|poke|p1|Entei|
|poke|p1|Zarude|
|poke|p1|Thundurus, M|
|poke|p1|Rhyperior, M|
|poke|p2|Incineroar, F|
|poke|p2|Magnezone|
|poke|p2|Decidueye, F|
|poke|p2|Noivern, F|
|poke|p2|Mudsdale, M|
|poke|p2|Milotic, F|
|rule|Sleep Clause Mod: Limit one foe put to sleep
|rule|Species Clause: Limit one of each Pokémon
|rule|OHKO Clause: OHKO moves are banned
|rule|Evasion Moves Clause: Evasion moves are banned
|rule|Endless Battle Clause: Forcing endless battles is banned
|rule|HP Percentage Mod: HP is shown in percentages
|rule|Dynamax Clause: You cannot dynamax
|teampreview
|inactive|DerpyBoi also wants the timer to be on.
|j|+Oathkeepre
|j| The True Falcon
|j| Smurfs are real
|inactive|DerpyBoi has 120 seconds left.
|
|t:|1610081776
|start
|switch|p1a: Thundurus|Thundurus, M|100/100
|switch|p2a: Magnezone|Magnezone|100/100
|turn|1
|
|t:|1610081783
|move|p2a: Magnezone|Volt Switch|p1a: Thundurus
|-damage|p1a: Thundurus|53/100
|
|t:|1610081789
|switch|p2a: Noivern|Noivern, F|100/100|[from]move: Volt Switch
|move|p1a: Thundurus|Superpower|p2a: Noivern
|-resisted|p2a: Noivern
|-damage|p2a: Noivern|70/100
|-unboost|p1a: Thundurus|atk|1
|-unboost|p1a: Thundurus|def|1
|
|upkeep
|turn|2
|
|t:|1610081805
|switch|p2a: Mudsdale|Mudsdale, M|100/100
|switch|p1a: Metagross|Metagross|100/100
|
|upkeep
|turn|3
|
|t:|1610081822
|switch|p1a: Zarude|Zarude|100/100
|move|p2a: Mudsdale|Stealth Rock|p1a: Zarude
|-sidestart|p1: DerpyBoi|move: Stealth Rock
|
|upkeep
|turn|4
|
|t:|1610081828
|move|p1a: Zarude|U-turn|p2a: Mudsdale
|-damage|p2a: Mudsdale|73/100
|-ability|p2a: Mudsdale|Stamina|boost
|-boost|p2a: Mudsdale|def|1
|
|t:|1610081846
|switch|p1a: Golisopod|Golisopod, F|100/100|[from]move: U-turn
|-damage|p1a: Golisopod|76/100|[from] Stealth Rock
|move|p2a: Mudsdale|Body Press|p1a: Golisopod
|-resisted|p1a: Golisopod
|-damage|p1a: Golisopod|64/100
|
|-heal|p2a: Mudsdale|80/100|[from] item: Leftovers
|upkeep
|turn|5
|
|t:|1610081855
|switch|p2a: Noivern|Noivern, F|70/100
|move|p1a: Golisopod|Liquidation|p2a: Noivern
|-resisted|p2a: Noivern
|-damage|p2a: Noivern|29/100
|
|upkeep
|turn|6
|
|t:|1610081861
|switch|p1a: Metagross|Metagross|100/100
|-damage|p1a: Metagross|95/100|[from] Stealth Rock
|move|p2a: Noivern|Roost|p2a: Noivern
|-heal|p2a: Noivern|80/100
|-singleturn|p2a: Noivern|move: Roost
|
|upkeep
|turn|7
|
|t:|1610081867
|move|p2a: Noivern|Flamethrower|p1a: Metagross
|-supereffective|p1a: Metagross
|-damage|p1a: Metagross|43/100
|move|p1a: Metagross|Meteor Mash|p2a: Noivern
|-crit|p2a: Noivern
|-damage|p2a: Noivern|0 fnt
|faint|p2a: Noivern
|
|upkeep
|
|t:|1610081877
|switch|p2a: Magnezone|Magnezone|100/100
|turn|8
|
|t:|1610081884
|move|p2a: Magnezone|Volt Switch|p1a: Metagross
|-damage|p1a: Metagross|0 fnt
|faint|p1a: Metagross
|
|t:|1610081892
|switch|p2a: Milotic|Milotic, F|100/100|[from]move: Volt Switch
|
|upkeep
|
|t:|1610081903
|switch|p1a: Zarude|Zarude|100/100
|-damage|p1a: Zarude|88/100|[from] Stealth Rock
|turn|9
|j|#MrAldo
|
|t:|1610081907
|move|p1a: Zarude|U-turn|p2a: Milotic
|-damage|p2a: Milotic|75/100
|
|t:|1610081910
|switch|p1a: Thundurus|Thundurus, M|53/100|[from]move: U-turn
|-damage|p1a: Thundurus|28/100|[from] Stealth Rock
|move|p2a: Milotic|Flip Turn|p1a: Thundurus
|-damage|p1a: Thundurus|9/100
|
|t:|1610081917
|switch|p2a: Magnezone|Magnezone|100/100|[from]move: Flip Turn
|
|upkeep
|turn|10
|
|t:|1610081924
|switch|p1a: Rhyperior|Rhyperior, M|100/100
|-damage|p1a: Rhyperior|94/100|[from] Stealth Rock
|move|p2a: Magnezone|Volt Switch|p1a: Rhyperior
|-immune|p1a: Rhyperior
|
|upkeep
|turn|11
|
|t:|1610081933
|switch|p2a: Mudsdale|Mudsdale, M|80/100
|move|p1a: Rhyperior|Earthquake|p2a: Mudsdale
|-damage|p2a: Mudsdale|1/100
|-ability|p2a: Mudsdale|Stamina|boost
|-boost|p2a: Mudsdale|def|1
|
|-heal|p2a: Mudsdale|8/100|[from] item: Leftovers
|upkeep
|turn|12
|
|t:|1610081939
|move|p1a: Rhyperior|Earthquake|p2a: Mudsdale
|-damage|p2a: Mudsdale|0 fnt
|faint|p2a: Mudsdale
|
|upkeep
|
|t:|1610081943
|switch|p2a: Decidueye|Decidueye, F|100/100
|turn|13
|
|t:|1610081948
|switch|p1a: Thundurus|Thundurus, M|9/100
|-damage|p1a: Thundurus|0 fnt|[from] Stealth Rock
|faint|p1a: Thundurus
|move|p2a: Decidueye|Swords Dance|p2a: Decidueye
|-boost|p2a: Decidueye|atk|2
|
|upkeep
|
|t:|1610081949
|switch|p1a: Zarude|Zarude|88/100
|-damage|p1a: Zarude|76/100|[from] Stealth Rock
|turn|14
|
|t:|1610081953
|move|p1a: Zarude|Darkest Lariat|p2a: Decidueye
|-supereffective|p2a: Decidueye
|-enditem|p2a: Decidueye|Colbur Berry|[eat]
|-enditem|p2a: Decidueye|Colbur Berry|[weaken]
|-damage|p2a: Decidueye|2/100
|move|p2a: Decidueye|Brave Bird|p1a: Zarude
|-supereffective|p1a: Zarude
|-damage|p1a: Zarude|0 fnt
|-damage|p2a: Decidueye|0 fnt|[from] Recoil
|faint|p1a: Zarude
|faint|p2a: Decidueye
|
|upkeep
|
|t:|1610081967
|switch|p1a: Golisopod|Golisopod, F|64/100
|switch|p2a: Milotic|Milotic, F|75/100
|-damage|p1a: Golisopod|39/100|[from] Stealth Rock
|-activate|p1a: Golisopod|ability: Emergency Exit
|
|t:|1610081971
|switch|p1a: Entei|Entei|100/100
|-damage|p1a: Entei|76/100|[from] Stealth Rock
|-ability|p1a: Entei|Pressure
|turn|15
|
|t:|1610081981
|move|p1a: Entei|Stone Edge|p2a: Milotic
|-damage|p2a: Milotic|40/100
|move|p2a: Milotic|Scald|p1a: Entei
|-supereffective|p1a: Entei
|-crit|p1a: Entei
|-damage|p1a: Entei|0 fnt
|faint|p1a: Entei
|
|-heal|p2a: Milotic|46/100|[from] item: Leftovers
|upkeep
|
|t:|1610081983
|switch|p1a: Golisopod|Golisopod, F|39/100
|-damage|p1a: Golisopod|14/100|[from] Stealth Rock
|turn|16
|
|t:|1610081988
|move|p2a: Milotic|Recover|p2a: Milotic
|-heal|p2a: Milotic|96/100
|move|p1a: Golisopod|Leech Life|p2a: Milotic
|-damage|p2a: Milotic|47/100
|-heal|p1a: Golisopod|45/100|[from] drain|[of] p2a: Milotic
|
|-heal|p2a: Milotic|53/100|[from] item: Leftovers
|upkeep
|turn|17
|
|t:|1610081998
|switch|p2a: Magnezone|Magnezone|100/100
|move|p1a: Golisopod|Leech Life|p2a: Magnezone
|-resisted|p2a: Magnezone
|-damage|p2a: Magnezone|67/100
|-heal|p1a: Golisopod|60/100|[from] drain|[of] p2a: Magnezone
|
|upkeep
|turn|18
|
|t:|1610082007
|move|p2a: Magnezone|Flash Cannon|p1a: Golisopod
|-resisted|p1a: Golisopod
|-damage|p1a: Golisopod|36/100
|-activate|p1a: Golisopod|ability: Emergency Exit
|
|t:|1610082010
|switch|p1a: Rhyperior|Rhyperior, M|94/100
|-damage|p1a: Rhyperior|88/100|[from] Stealth Rock
|
|upkeep
|turn|19
|
|t:|1610082012
|move|p2a: Magnezone|Flash Cannon|p1a: Rhyperior
|-supereffective|p1a: Rhyperior
|-damage|p1a: Rhyperior|10/100
|move|p1a: Rhyperior|Earthquake|p2a: Magnezone
|-supereffective|p2a: Magnezone
|-damage|p2a: Magnezone|0 fnt
|faint|p2a: Magnezone
|
|upkeep
|
|t:|1610082017
|switch|p2a: Milotic|Milotic, F|53/100
|turn|20
|
|t:|1610082020
|move|p2a: Milotic|Scald|p1a: Rhyperior
|-supereffective|p1a: Rhyperior
|-damage|p1a: Rhyperior|0 fnt
|faint|p1a: Rhyperior
|
|-heal|p2a: Milotic|59/100|[from] item: Leftovers
|upkeep
|
|t:|1610082022
|switch|p1a: Golisopod|Golisopod, F|36/100
|-damage|p1a: Golisopod|11/100|[from] Stealth Rock
|turn|21
|
|t:|1610082024
|move|p2a: Milotic|Scald|p1a: Golisopod
|-resisted|p1a: Golisopod
|-damage|p1a: Golisopod|0 fnt
|faint|p1a: Golisopod
|
|win|Panorama Fiesta
|n|‽DerpyBoi|derpyboi
|n|☆Panorama Fiesta|panoramafiesta
|n| Oathkeepre|oathkeepre
|n| The True Falcon|thetruefalcon
|n| Smurfs are real|smurfsarereal
|n|+MrAldo|mraldo
