|j|☆Oathkeepre
|j|☆Ed.Capetinha
|inactive|Battle timer is ON: inactive players will automatically lose when time's up.
|t:|1631746910
|gametype|singles
|player|p1|Oathkeepre|acetrainer-gen2|
|player|p2|Ed.Capetinha|dragontamer|
|teamsize|p1|6
|teamsize|p2|6
|gen|8
|tier|[Gen 8] RU
|rated|Tournament battle
|rule|Sleep Clause Mod: Limit one foe put to sleep
|rule|Species Clause: Limit one of each Pokémon
|rule|OHKO Clause: OHKO moves are banned
|rule|Evasion Moves Clause: Evasion moves are banned
|rule|Endless Battle Clause: Forcing endless battles is banned
|rule|HP Percentage Mod: HP is shown in percentages
|rule|Dynamax Clause: You cannot dynamax
|clearpoke
|poke|p1|Necrozma|
|poke|p1|Heracross, M|
|poke|p1|Noivern, M|
|poke|p1|Steelix, F|
|poke|p1|Roserade, F|
|poke|p1|Flygon, F|
|poke|p2|Ribombee, F|
|poke|p2|Necrozma|
|poke|p2|Mimikyu, M|
|poke|p2|Cobalion|
|poke|p2|Xurkitree|
|poke|p2|Lucario, M|
|teampreview
|j| UnzipsCrogre
|inactive|Oathkeepre has 120 seconds left.
|inactive|Ed.Capetinha has 120 seconds left.
|j| TheKingKarp
|
|t:|1631746955
|start
|switch|p1a: Flygon|Flygon, F|100/100
|switch|p2a: Ribombee|Ribombee, F|100/100
|turn|1
|
|t:|1631746969
|move|p1a: Flygon|U-turn|p2a: Ribombee
|-resisted|p2a: Ribombee
|-damage|p2a: Ribombee|82/100
|n| laughtail|thekingkarp
|
|t:|1631746980
|switch|p1a: Steelix|Steelix, F|100/100|[from]move: U-turn
|move|p2a: Ribombee|Sticky Web|p1a: Steelix
|-sidestart|p1: Oathkeepre|move: Sticky Web
|
|upkeep
|turn|2
|n| thekingkarp|laughtail
|
|t:|1631747006
|switch|p2a: Cobalion|Cobalion|100/100
|move|p1a: Steelix|Heavy Slam|p2a: Cobalion
|-resisted|p2a: Cobalion
|-damage|p2a: Cobalion|95/100
|
|upkeep
|turn|3
|inactive|Ed.Capetinha has 120 seconds left.
|
|t:|1631747024
|move|p2a: Cobalion|Close Combat|p1a: Steelix
|-supereffective|p1a: Steelix
|-damage|p1a: Steelix|51/100
|-unboost|p2a: Cobalion|def|1
|-unboost|p2a: Cobalion|spd|1
|move|p1a: Steelix|Earthquake|p2a: Cobalion
|-supereffective|p2a: Cobalion
|-enditem|p2a: Cobalion|Shuca Berry|[eat]
|-enditem|p2a: Cobalion|Shuca Berry|[weaken]
|-damage|p2a: Cobalion|55/100
|
|-heal|p1a: Steelix|58/100|[from] item: Leftovers
|upkeep
|turn|4
|inactive|Ed.Capetinha has 120 seconds left.
|
|t:|1631747041
|switch|p1a: Noivern|Noivern, M, shiny|100/100
|move|p2a: Cobalion|Close Combat|p1a: Noivern
|-resisted|p1a: Noivern
|-damage|p1a: Noivern|68/100
|-unboost|p2a: Cobalion|def|1
|-unboost|p2a: Cobalion|spd|1
|
|upkeep
|turn|5
|inactive|Ed.Capetinha has 120 seconds left.
|
|t:|1631747053
|move|p1a: Noivern|Flamethrower|p2a: Cobalion
|-supereffective|p2a: Cobalion
|-damage|p2a: Cobalion|0 fnt
|faint|p2a: Cobalion
|
|upkeep
|
|t:|1631747078
|switch|p2a: Necrozma|Necrozma|100/100
|turn|6
|
|t:|1631747098
|move|p1a: Noivern|Defog|p2a: Necrozma
|-unboost|p2a: Necrozma|evasion|1
|-sideend|p1: Oathkeepre|Sticky Web|[from] move: Defog|[of] p1a: Noivern
|move|p2a: Necrozma|Photon Geyser|p1a: Noivern
|-damage|p1a: Noivern|0 fnt
|faint|p1a: Noivern
|
|upkeep
|
|t:|1631747110
|switch|p1a: Heracross|Heracross, M|100/100
|turn|7
|inactive|Ed.Capetinha has 90 seconds left.
|
|t:|1631747147
|switch|p1a: Flygon|Flygon, F|100/100
|switch|p2a: Xurkitree|Xurkitree|100/100
|
|upkeep
|turn|8
|j|@Kableye
|inactive|Ed.Capetinha has 60 seconds left.
|
|t:|1631747182
|move|p1a: Flygon|Earthquake|p2a: Xurkitree
|-supereffective|p2a: Xurkitree
|-damage|p2a: Xurkitree|0 fnt
|faint|p2a: Xurkitree
|
|upkeep
|
|t:|1631747188
|switch|p2a: Ribombee|Ribombee, F|82/100
|turn|9
|inactive|Ed.Capetinha has 60 seconds left.
|
|t:|1631747206
|switch|p1a: Necrozma|Necrozma|100/100
|switch|p2a: Lucario|Lucario, M|100/100
|
|upkeep
|turn|10
|
|t:|1631747224
|switch|p2a: Necrozma|Necrozma|100/100
|move|p1a: Necrozma|Heat Wave|p2a: Necrozma
|-damage|p2a: Necrozma|63/100
|
|upkeep
|turn|11
|
|t:|1631747231
|move|p2a: Necrozma|Meteor Beam||[still]
|-prepare|p2a: Necrozma|Meteor Beam
|-boost|p2a: Necrozma|spa|1
|-enditem|p2a: Necrozma|Power Herb
|-anim|p2a: Necrozma|Meteor Beam|p1a: Necrozma
|-damage|p1a: Necrozma|29/100
|move|p1a: Necrozma|Meteor Beam||[still]
|-prepare|p1a: Necrozma|Meteor Beam
|-boost|p1a: Necrozma|spa|1
|-enditem|p1a: Necrozma|Power Herb
|-anim|p1a: Necrozma|Meteor Beam|p2a: Necrozma
|-damage|p2a: Necrozma|0 fnt
|faint|p2a: Necrozma
|
|upkeep
|inactive|Ed.Capetinha has 30 seconds left.
|inactive|Ed.Capetinha has 20 seconds left.
|
|t:|1631747268
|switch|p2a: Mimikyu|Mimikyu, M|100/100
|turn|12
|inactive|Ed.Capetinha has 30 seconds left this turn.
|inactive|Ed.Capetinha has 20 seconds left.
|
|t:|1631747281
|move|p2a: Mimikyu|Shadow Claw|p1a: Necrozma
|-supereffective|p1a: Necrozma
|-damage|p1a: Necrozma|0 fnt
|faint|p1a: Necrozma
|-damage|p2a: Mimikyu|91/100|[from] item: Life Orb
|
|upkeep
|inactive|Ed.Capetinha has 25 seconds left this turn.
|
|t:|1631747287
|switch|p1a: Flygon|Flygon, F|100/100
|turn|13
|inactive|Ed.Capetinha has 30 seconds left.
|
|t:|1631747296
|move|p1a: Flygon|U-turn|p2a: Mimikyu
|-activate|p2a: Mimikyu|ability: Disguise
|-damage|p2a: Mimikyu|91/100
|detailschange|p2a: Mimikyu|Mimikyu-Busted, M
|-damage|p2a: Mimikyu|78/100|[from] pokemon: Mimikyu-Busted
|inactive|Oathkeepre has 120 seconds left.
|
|t:|1631747330
|switch|p1a: Steelix|Steelix, F|58/100|[from]move: U-turn
|move|p2a: Mimikyu|Swords Dance|p2a: Mimikyu
|-boost|p2a: Mimikyu|atk|2
|
|-heal|p1a: Steelix|64/100|[from] item: Leftovers
|upkeep
|turn|14
|inactive|Ed.Capetinha has 30 seconds left.
|
|t:|1631747351
|move|p2a: Mimikyu|Shadow Claw|p1a: Steelix
|-damage|p1a: Steelix|27/100
|-damage|p2a: Mimikyu|68/100|[from] item: Life Orb
|move|p1a: Steelix|Heavy Slam|p2a: Mimikyu
|-supereffective|p2a: Mimikyu
|-damage|p2a: Mimikyu|0 fnt
|faint|p2a: Mimikyu
|
|-heal|p1a: Steelix|33/100|[from] item: Leftovers
|upkeep
|inactive|Ed.Capetinha has 30 seconds left this turn.
|inactive|Ed.Capetinha has 20 seconds left.
|
|t:|1631747363
|switch|p2a: Lucario|Lucario, M|100/100
|turn|15
|inactive|Ed.Capetinha has 30 seconds left this turn.
|inactive|Ed.Capetinha has 20 seconds left.
|
|t:|1631747374
|move|p2a: Lucario|Close Combat|p1a: Steelix
|-supereffective|p1a: Steelix
|-damage|p1a: Steelix|0 fnt
|-unboost|p2a: Lucario|def|1
|-unboost|p2a: Lucario|spd|1
|faint|p1a: Steelix
|-damage|p2a: Lucario|91/100|[from] item: Life Orb
|
|upkeep
|inactive|Ed.Capetinha has 25 seconds left this turn.
|
|t:|1631747381
|switch|p1a: Flygon|Flygon, F|100/100
|turn|16
|
|t:|1631747385
|switch|p2a: Ribombee|Ribombee, F|82/100
|move|p1a: Flygon|Earthquake|p2a: Ribombee
|-resisted|p2a: Ribombee
|-damage|p2a: Ribombee|41/100
|
|upkeep
|turn|17
|
|t:|1631747393
|switch|p1a: Roserade|Roserade, F|100/100
|move|p2a: Ribombee|Moonblast|p1a: Roserade
|-resisted|p1a: Roserade
|-damage|p1a: Roserade|77/100
|
|-heal|p1a: Roserade|83/100|[from] item: Black Sludge
|upkeep
|turn|18
|
|t:|1631747402
|switch|p2a: Lucario|Lucario, M|91/100
|move|p1a: Roserade|Sleep Powder|p2a: Lucario
|-status|p2a: Lucario|slp|[from] move: Sleep Powder
|
|-heal|p1a: Roserade|89/100|[from] item: Black Sludge
|upkeep
|turn|19
|
|t:|1631747412
|switch|p1a: Flygon|Flygon, F|100/100
|cant|p2a: Lucario|slp
|
|upkeep
|turn|20
|
|t:|1631747423
|move|p1a: Flygon|Earthquake|p2a: Lucario
|-supereffective|p2a: Lucario
|-damage|p2a: Lucario|0 fnt
|faint|p2a: Lucario
|
|upkeep
|
|t:|1631747438
|switch|p2a: Ribombee|Ribombee, F|41/100
|turn|21
|
|t:|1631747442
|move|p1a: Flygon|Earthquake|p2a: Ribombee
|-resisted|p2a: Ribombee
|-damage|p2a: Ribombee|1/100
|move|p2a: Ribombee|Moonblast|p1a: Flygon
|-supereffective|p1a: Flygon
|-damage|p1a: Flygon|3/100
|-unboost|p1a: Flygon|spa|1
|
|upkeep
|turn|22
|c|☆Oathkeepre|lol
|-message|Ed.Capetinha forfeited.
|
|win|Oathkeepre
|n|☆Oathkeepre|oathkeepre
|n|☆Ed.Capetinha|edcapetinha
|n| UnzipsCrogre|unzipscrogre
|n| thekingkarp|thekingkarp
|n| Kableye|kableye
