|j|☆quimbs
|j|☆bagkid
|player|p1|quimbs|harlequin|1381
|player|p2|bagkid|hiker-gen4|1265
|teamsize|p1|6
|teamsize|p2|6
|gametype|singles
|gen|8
|tier|[Gen 8] RU
|rated|
|clearpoke
|poke|p1|Accelgor, F|
|poke|p1|Frosmoth, M|
|poke|p1|Flapple, F|
|poke|p1|Raichu-Alola, F|
|poke|p1|Slurpuff, F|
|poke|p1|Crustle, F|
|poke|p2|Snorlax, M|
|poke|p2|Decidueye, F|
|poke|p2|Aromatisse, M|
|poke|p2|Mudsdale, F|
|poke|p2|Passimian, F|
|poke|p2|Salazzle, F|
|rule|Sleep Clause Mod: Limit one foe put to sleep
|rule|Species Clause: Limit one of each Pokémon
|rule|OHKO Clause: OHKO moves are banned
|rule|Evasion Moves Clause: Evasion moves are banned
|rule|Endless Battle Clause: Forcing endless battles is banned
|rule|HP Percentage Mod: HP is shown in percentages
|rule|Dynamax Clause: You cannot dynamax
|teampreview
|inactive|Battle timer is ON: inactive players will automatically lose when time's up. (requested by quimbs)
|
|start
|switch|p1a: Accelgor|Accelgor, F|100/100
|switch|p2a: donkey|Mudsdale, F|100/100
|turn|1
|
|move|p1a: Accelgor|Spikes|p2a: donkey
|-sidestart|p2: bagkid|Spikes
|move|p2a: donkey|Rock Slide|p1a: Accelgor
|-supereffective|p1a: Accelgor
|-damage|p1a: Accelgor|15/100
|
|upkeep
|turn|2
|
|move|p1a: Accelgor|Encore|p2a: donkey
|-start|p2a: donkey|Encore
|move|p2a: donkey|Rock Slide|p1a: Accelgor
|-supereffective|p1a: Accelgor
|-damage|p1a: Accelgor|0 fnt
|faint|p1a: Accelgor
|
|upkeep
|
|switch|p1a: Slurpuff|Slurpuff, F|100/100
|turn|3
|
|move|p1a: Slurpuff|Belly Drum|p1a: Slurpuff
|-damage|p1a: Slurpuff|50/100
|-setboost|p1a: Slurpuff|atk|6|[from] move: Belly Drum
|-enditem|p1a: Slurpuff|Sitrus Berry|[eat]
|-heal|p1a: Slurpuff|75/100|[from] item: Sitrus Berry
|move|p2a: donkey|Rock Slide|p1a: Slurpuff
|-damage|p1a: Slurpuff|48/100
|
|upkeep
|turn|4
|
|move|p1a: Slurpuff|Drain Punch|p2a: donkey
|-damage|p2a: donkey|57/100
|-heal|p1a: Slurpuff|77/100|[from] drain|[of] p2a: donkey
|-ability|p2a: donkey|Stamina|boost
|-boost|p2a: donkey|def|1
|move|p2a: donkey|Rock Slide|p1a: Slurpuff
|-crit|p1a: Slurpuff
|-damage|p1a: Slurpuff|34/100
|
|-heal|p2a: donkey|63/100|[from] item: Leftovers
|-end|p2a: donkey|Encore
|upkeep
|turn|5
|
|move|p1a: Slurpuff|Play Rough|p2a: donkey
|-damage|p2a: donkey|11/100
|-ability|p2a: donkey|Stamina|boost
|-boost|p2a: donkey|def|1
|move|p2a: donkey|Earthquake|p1a: Slurpuff
|-damage|p1a: Slurpuff|0 fnt
|faint|p1a: Slurpuff
|
|-heal|p2a: donkey|17/100|[from] item: Leftovers
|upkeep
|
|switch|p1a: Flapple|Flapple, F|100/100
|turn|6
|
|move|p1a: Flapple|Dragon Dance|p1a: Flapple
|-boost|p1a: Flapple|atk|1
|-boost|p1a: Flapple|spe|1
|move|p2a: donkey|Roar|p1a: Flapple
|drag|p1a: Raichu|Raichu-Alola, F|100/100
|
|-heal|p2a: donkey|23/100|[from] item: Leftovers
|upkeep
|turn|7
|
|switch|p2a: me irl|Snorlax, M|100/100
|-damage|p2a: me irl|88/100|[from] Spikes
|move|p1a: Raichu|Psychic|p2a: me irl
|-damage|p2a: me irl|70/100
|
|upkeep
|turn|8
|
|move|p1a: Raichu|Nasty Plot|p1a: Raichu
|-boost|p1a: Raichu|spa|2
|move|p2a: me irl|Body Slam|p1a: Raichu
|-damage|p1a: Raichu|9/100
|
|upkeep
|turn|9
|
|move|p1a: Raichu|Thunderbolt|p2a: me irl
|-damage|p2a: me irl|37/100
|move|p2a: me irl|Body Slam|p1a: Raichu
|-damage|p1a: Raichu|0 fnt
|faint|p1a: Raichu
|
|upkeep
|
|switch|p1a: Crustle|Crustle, F|100/100
|turn|10
|
|move|p1a: Crustle|Shell Smash|p1a: Crustle
|-unboost|p1a: Crustle|def|1
|-unboost|p1a: Crustle|spd|1
|-boost|p1a: Crustle|atk|2
|-boost|p1a: Crustle|spa|2
|-boost|p1a: Crustle|spe|2
|move|p2a: me irl|Heavy Slam|p1a: Crustle
|-supereffective|p1a: Crustle
|-damage|p1a: Crustle|35/100
|
|upkeep
|turn|11
|
|move|p1a: Crustle|X-Scissor|p2a: me irl
|-damage|p2a: me irl|0 fnt
|faint|p2a: me irl
|
|upkeep
|
|switch|p2a: Dr. Zaius|Passimian, F|100/100
|-damage|p2a: Dr. Zaius|88/100|[from] Spikes
|turn|12
|
|move|p2a: Dr. Zaius|Close Combat|p1a: Crustle
|-damage|p1a: Crustle|0 fnt
|-unboost|p2a: Dr. Zaius|def|1
|-unboost|p2a: Dr. Zaius|spd|1
|faint|p1a: Crustle
|
|upkeep
|
|switch|p1a: Flapple|Flapple, F|100/100
|turn|13
|
|switch|p2a: if you use sub sta|Salazzle, F|100/100
|move|p1a: Flapple|Grav Apple|p2a: if you use sub sta
|-resisted|p2a: if you use sub sta
|-damage|p2a: if you use sub sta|74/100
|-unboost|p2a: if you use sub sta|def|1
|
|upkeep
|turn|14
|
|move|p2a: if you use sub sta|Sludge Bomb|p1a: Flapple
|-supereffective|p1a: Flapple
|-enditem|p1a: Flapple|Focus Sash
|-damage|p1a: Flapple|1/100
|-status|p1a: Flapple|psn
|move|p1a: Flapple|Dragon Dance|p1a: Flapple
|-boost|p1a: Flapple|atk|1
|-boost|p1a: Flapple|spe|1
|
|-damage|p1a: Flapple|0 fnt|[from] psn
|faint|p1a: Flapple
|upkeep
|c|☆quimbs|you just get everything huh
|
|switch|p1a: Frosmoth|Frosmoth, M|100/100
|turn|15
|c|☆bagkid|your the dumbass who is setting upp on a salaqzzle
|c|☆bagkid|*you're
|
|move|p2a: if you use sub sta|Overheat|p1a: Frosmoth
|-supereffective|p1a: Frosmoth
|-damage|p1a: Frosmoth|0 fnt
|-unboost|p2a: if you use sub sta|spa|2
|faint|p1a: Frosmoth
|
|win|bagkid
|c|☆quimbs|lol cuz whatre my other options?
|c|☆quimbs|crit into poison
|l|☆quimbs
|c|☆bagkid|bring a wall?
||Ladder (probably) updated, but score could not be retrieved (Response not received).
