|j|☆au revoir soshanna
|j|☆its not ok man
|t:|1598137496
|player|p1|au revoir soshanna|teammagmagruntf-gen3|1434
|player|p2|its not ok man|burglar|1367
|teamsize|p1|6
|teamsize|p2|6
|gametype|singles
|gen|8
|tier|[Gen 8] RU
|rated|
|clearpoke
|poke|p1|Golurk|
|poke|p1|Rotom-Mow|
|poke|p1|Gardevoir, F|
|poke|p1|Copperajah, F|
|poke|p1|Golisopod, M|
|poke|p1|Drapion, F|
|poke|p2|Virizion|
|poke|p2|Golurk|
|poke|p2|Charizard, F|
|poke|p2|Vaporeon, M|
|poke|p2|Gardevoir, M|
|poke|p2|Silvally-*|
|rule|Sleep Clause Mod: Limit one foe put to sleep
|rule|Species Clause: Limit one of each Pokémon
|rule|OHKO Clause: OHKO moves are banned
|rule|Evasion Moves Clause: Evasion moves are banned
|rule|Endless Battle Clause: Forcing endless battles is banned
|rule|HP Percentage Mod: HP is shown in percentages
|rule|Dynamax Clause: You cannot dynamax
|teampreview
|
|t:|1598137522
|start
|switch|p1a: Rotom|Rotom-Mow|100/100
|switch|p2a: Big Fella|Golurk, shiny|100/100
|turn|1
|
|t:|1598137535
|switch|p2a: Virizion|Virizion|100/100
|move|p1a: Rotom|Leaf Storm|p2a: Virizion|[miss]
|-miss|p1a: Rotom|p2a: Virizion
|
|upkeep
|turn|2
|
|t:|1598137541
|switch|p1a: Golisopod|Golisopod, M|100/100
|move|p2a: Virizion|Calm Mind|p2a: Virizion
|-boost|p2a: Virizion|spa|1
|-boost|p2a: Virizion|spd|1
|
|upkeep
|turn|3
|
|t:|1598137551
|move|p1a: Golisopod|First Impression|p2a: Virizion
|-damage|p2a: Virizion|34/100
|move|p2a: Virizion|Air Slash|p1a: Golisopod|[miss]
|-miss|p2a: Virizion|p1a: Golisopod
|
|upkeep
|turn|4
|
|t:|1598137558
|switch|p1a: Gardevoir|Gardevoir, F|100/100
|-ability|p1a: Gardevoir|Justified|[from] ability: Trace|[of] p2a: Virizion
|move|p2a: Virizion|Air Slash|p1a: Gardevoir
|-damage|p1a: Gardevoir|54/100
|-damage|p2a: Virizion|24/100|[from] item: Life Orb
|
|upkeep
|turn|5
|
|t:|1598137573
|switch|p1a: Rotom|Rotom-Mow|100/100
|switch|p2a: Silvally|Silvally-Steel|100/100
|
|upkeep
|turn|6
|
|t:|1598137582
|move|p2a: Silvally|Swords Dance|p2a: Silvally
|-boost|p2a: Silvally|atk|2
|move|p1a: Rotom|Volt Switch|p2a: Silvally
|-damage|p2a: Silvally|65/100
|
|t:|1598137594
|switch|p1a: Drapion|Drapion, F|100/100|[from]move: Volt Switch
|
|upkeep
|turn|7
|
|t:|1598137602
|move|p1a: Drapion|Earthquake|p2a: Silvally
|-supereffective|p2a: Silvally
|-damage|p2a: Silvally|7/100
|move|p2a: Silvally|U-turn|p1a: Drapion
|-damage|p1a: Drapion|55/100
|
|t:|1598137612
|switch|p2a: Vaporeon|Vaporeon, M|100/100|[from]move: U-turn
|
|upkeep
|turn|8
|
|t:|1598137620
|move|p1a: Drapion|Knock Off|p2a: Vaporeon
|-damage|p2a: Vaporeon|66/100
|-enditem|p2a: Vaporeon|Leftovers|[from] move: Knock Off|[of] p1a: Drapion
|move|p2a: Vaporeon|Wish|p2a: Vaporeon
|
|upkeep
|turn|9
|
|t:|1598137624
|move|p1a: Drapion|Toxic Spikes|p2a: Vaporeon
|-sidestart|p2: its not ok man|move: Toxic Spikes
|move|p2a: Vaporeon|Scald|p1a: Drapion
|-damage|p1a: Drapion|8/100
|-status|p1a: Drapion|brn
|
|-heal|p2a: Vaporeon|100/100|[from] move: Wish|[wisher] Vaporeon
|-damage|p1a: Drapion|2/100 brn|[from] brn
|upkeep
|turn|10
|
|t:|1598137632
|switch|p1a: Rotom|Rotom-Mow|100/100
|move|p2a: Vaporeon|Scald|p1a: Rotom
|-resisted|p1a: Rotom
|-damage|p1a: Rotom|80/100
|
|-heal|p1a: Rotom|86/100|[from] item: Leftovers
|upkeep
|turn|11
|
|t:|1598137639
|move|p2a: Vaporeon|Protect|p2a: Vaporeon
|-singleturn|p2a: Vaporeon|Protect
|move|p1a: Rotom|Nasty Plot|p1a: Rotom
|-boost|p1a: Rotom|spa|2
|
|-heal|p1a: Rotom|92/100|[from] item: Leftovers
|upkeep
|turn|12
|
|t:|1598137645
|move|p1a: Rotom|Volt Switch|p2a: Vaporeon
|-supereffective|p2a: Vaporeon
|-crit|p2a: Vaporeon
|-damage|p2a: Vaporeon|0 fnt
|faint|p2a: Vaporeon
|
|t:|1598137653
|switch|p1a: Golisopod|Golisopod, M|100/100|[from]move: Volt Switch
|
|upkeep
|-message|its not ok man forfeited.
|
|win|au revoir soshanna
|l|☆its not ok man
|raw|au revoir soshanna's rating: 1434 &rarr; <strong>1451</strong><br />(+17 for winning)
|raw|its not ok man's rating: 1368 &rarr; <strong>1351</strong><br />(-17 for losing)
