|j|☆a rabbit
|j|☆A-Loquesea
|t:|1612988079
|player|p1|a rabbit|169|1478
|player|p2|A-Loquesea|acetrainerf|1536
|teamsize|p1|6
|teamsize|p2|6
|gametype|singles
|gen|8
|tier|[Gen 8] RU
|rated|
|clearpoke
|poke|p1|Mienshao, F|
|poke|p1|Raikou|
|poke|p1|Reuniclus, M|
|poke|p1|Steelix, M|
|poke|p1|Milotic, F|
|poke|p1|Togekiss, F|
|poke|p2|Toxtricity, M|
|poke|p2|Reuniclus, M|
|poke|p2|Noivern, M|
|poke|p2|Milotic, F|
|poke|p2|Zarude|
|poke|p2|Steelix, M|
|rule|Sleep Clause Mod: Limit one foe put to sleep
|rule|Species Clause: Limit one of each Pokémon
|rule|OHKO Clause: OHKO moves are banned
|rule|Evasion Moves Clause: Evasion moves are banned
|rule|Endless Battle Clause: Forcing endless battles is banned
|rule|HP Percentage Mod: HP is shown in percentages
|rule|Dynamax Clause: You cannot dynamax
|teampreview
|
|t:|1612988095
|start
|switch|p1a: Mienshao|Mienshao, F|100/100
|switch|p2a: Noivern|Noivern, M|100/100
|turn|1
|
|t:|1612988101
|switch|p1a: Reuniclus|Reuniclus, M|100/100
|move|p2a: Noivern|U-turn|p1a: Reuniclus
|-supereffective|p1a: Reuniclus
|-damage|p1a: Reuniclus|79/100
|
|t:|1612988107
|switch|p2a: Zarude|Zarude|100/100|[from]move: U-turn
|
|upkeep
|turn|2
|
|t:|1612988114
|switch|p1a: Togekiss|Togekiss, F|100/100
|move|p2a: Zarude|U-turn|p1a: Togekiss
|-resisted|p1a: Togekiss
|-damage|p1a: Togekiss|95/100
|
|t:|1612988119
|switch|p2a: Steelix|Steelix, M|100/100|[from]move: U-turn
|
|upkeep
|turn|3
|
|t:|1612988127
|switch|p1a: Milotic|Milotic, F|100/100
|move|p2a: Steelix|Heavy Slam|p1a: Milotic
|-resisted|p1a: Milotic
|-damage|p1a: Milotic|94/100
|
|upkeep
|turn|4
|
|t:|1612988133
|move|p1a: Milotic|Scald|p2a: Steelix
|-supereffective|p2a: Steelix
|-damage|p2a: Steelix|47/100
|move|p2a: Steelix|Stealth Rock|p1a: Milotic
|-sidestart|p1: a rabbit|move: Stealth Rock
|
|-heal|p2a: Steelix|54/100|[from] item: Leftovers
|upkeep
|turn|5
|
|t:|1612988137
|switch|p2a: Milotic|Milotic, F|100/100
|move|p1a: Milotic|Flip Turn|p2a: Milotic
|-resisted|p2a: Milotic
|-damage|p2a: Milotic|96/100
|
|t:|1612988144
|switch|p1a: Raikou|Raikou|100/100|[from]move: Flip Turn
|-ability|p1a: Raikou|Pressure
|
|upkeep
|turn|6
|
|t:|1612988151
|switch|p2a: Reuniclus|Reuniclus, M|100/100
|move|p1a: Raikou|Volt Switch|p2a: Reuniclus
|-damage|p2a: Reuniclus|83/100
|
|t:|1612988159
|switch|p1a: Mienshao|Mienshao, F|100/100|[from]move: Volt Switch
|-damage|p1a: Mienshao|95/100|[from] Stealth Rock
|
|upkeep
|turn|7
|
|t:|1612988170
|move|p1a: Mienshao|U-turn|p2a: Reuniclus
|-supereffective|p2a: Reuniclus
|-damage|p2a: Reuniclus|33/100
|
|t:|1612988180
|switch|p1a: Steelix|Steelix, M|100/100|[from]move: U-turn
|-damage|p1a: Steelix|97/100|[from] Stealth Rock
|move|p2a: Reuniclus|Psychic|p1a: Steelix
|-resisted|p1a: Steelix
|-damage|p1a: Steelix|76/100
|
|-heal|p1a: Steelix|82/100|[from] item: Leftovers
|upkeep
|turn|8
|
|t:|1612988189
|switch|p2a: Noivern|Noivern, M|100/100
|switch|p1a: Reuniclus|Reuniclus, M|100/100
|-damage|p1a: Reuniclus|88/100|[from] Stealth Rock
|
|upkeep
|turn|9
|
|t:|1612988196
|move|p2a: Noivern|U-turn|p1a: Reuniclus
|-supereffective|p1a: Reuniclus
|-damage|p1a: Reuniclus|66/100
|
|t:|1612988200
|switch|p2a: Milotic|Milotic, F|96/100|[from]move: U-turn
|move|p1a: Reuniclus|Future Sight|p2a: Milotic
|-start|p1a: Reuniclus|move: Future Sight
|
|upkeep
|turn|10
|
|t:|1612988204
|move|p2a: Milotic|Flip Turn|p1a: Reuniclus
|-damage|p1a: Reuniclus|53/100
|
|t:|1612988206
|switch|p2a: Reuniclus|Reuniclus, M|67/100|[from]move: Flip Turn
|move|p1a: Reuniclus|Knock Off|p2a: Reuniclus
|-supereffective|p2a: Reuniclus
|-damage|p2a: Reuniclus|40/100
|-enditem|p2a: Reuniclus|Assault Vest|[from] move: Knock Off|[of] p1a: Reuniclus
|
|upkeep
|turn|11
|
|t:|1612988213
|switch|p2a: Milotic|Milotic, F|96/100
|move|p1a: Reuniclus|Psychic|p2a: Milotic
|-damage|p2a: Milotic|67/100
|
|-end|p2a: Milotic|move: Future Sight
|-damage|p2a: Milotic|28/100
|upkeep
|turn|12
|
|t:|1612988220
|move|p2a: Milotic|Recover|p2a: Milotic
|-heal|p2a: Milotic|78/100
|move|p1a: Reuniclus|Knock Off|p2a: Milotic
|-damage|p2a: Milotic|67/100
|-enditem|p2a: Milotic|Heavy-Duty Boots|[from] move: Knock Off|[of] p1a: Reuniclus
|
|upkeep
|turn|13
|
|t:|1612988225
|move|p2a: Milotic|Scald|p1a: Reuniclus
|-damage|p1a: Reuniclus|40/100
|move|p1a: Reuniclus|Future Sight|p2a: Milotic
|-start|p1a: Reuniclus|move: Future Sight
|
|upkeep
|turn|14
|
|t:|1612988238
|move|p2a: Milotic|Flip Turn|p1a: Reuniclus
|-damage|p1a: Reuniclus|27/100
|
|t:|1612988241
|switch|p2a: Reuniclus|Reuniclus, M|73/100|[from]move: Flip Turn
|move|p1a: Reuniclus|Focus Blast|p2a: Reuniclus
|-resisted|p2a: Reuniclus
|-damage|p2a: Reuniclus|61/100
|
|upkeep
|turn|15
|
|t:|1612988248
|switch|p1a: Steelix|Steelix, M|82/100
|-damage|p1a: Steelix|79/100|[from] Stealth Rock
|move|p2a: Reuniclus|Knock Off|p1a: Steelix
|-damage|p1a: Steelix|71/100
|-enditem|p1a: Steelix|Leftovers|[from] move: Knock Off|[of] p2a: Reuniclus
|
|-end|p2a: Reuniclus|move: Future Sight
|-resisted|p2a: Reuniclus
|-damage|p2a: Reuniclus|41/100
|upkeep
|turn|16
|
|t:|1612988261
|move|p2a: Reuniclus|Focus Blast|p1a: Steelix
|-supereffective|p1a: Steelix
|-damage|p1a: Steelix|0 fnt
|faint|p1a: Steelix
|
|upkeep
|
|t:|1612988266
|switch|p1a: Mienshao|Mienshao, F|100/100
|-damage|p1a: Mienshao|95/100|[from] Stealth Rock
|turn|17
|
|t:|1612988275
|switch|p2a: Noivern|Noivern, M|100/100
|move|p1a: Mienshao|U-turn|p2a: Noivern
|-resisted|p2a: Noivern
|-damage|p2a: Noivern|84/100
|
|t:|1612988283
|switch|p1a: Togekiss|Togekiss, F|95/100|[from]move: U-turn
|
|upkeep
|turn|18
|
|t:|1612988298
|move|p2a: Noivern|U-turn|p1a: Togekiss
|-resisted|p1a: Togekiss
|-damage|p1a: Togekiss|92/100
|
|t:|1612988300
|switch|p2a: Steelix|Steelix, M|54/100|[from]move: U-turn
|move|p1a: Togekiss|Nasty Plot|p1a: Togekiss
|-boost|p1a: Togekiss|spa|2
|
|-heal|p2a: Steelix|60/100|[from] item: Leftovers
|upkeep
|turn|19
|
|t:|1612988308
|move|p1a: Togekiss|Air Slash|p2a: Steelix
|-resisted|p2a: Steelix
|-damage|p2a: Steelix|32/100
|move|p2a: Steelix|Heavy Slam|p1a: Togekiss
|-supereffective|p1a: Togekiss
|-damage|p1a: Togekiss|20/100
|
|-heal|p2a: Steelix|38/100|[from] item: Leftovers
|upkeep
|turn|20
|
|t:|1612988314
|move|p1a: Togekiss|Air Slash|p2a: Steelix
|-resisted|p2a: Steelix
|-damage|p2a: Steelix|10/100
|cant|p2a: Steelix|flinch
|
|-heal|p2a: Steelix|16/100|[from] item: Leftovers
|upkeep
|turn|21
|
|t:|1612988318
|move|p1a: Togekiss|Air Slash|p2a: Steelix
|-resisted|p2a: Steelix
|-damage|p2a: Steelix|0 fnt
|faint|p2a: Steelix
|
|upkeep
|
|t:|1612988321
|switch|p2a: Noivern|Noivern, M|84/100
|turn|22
|
|t:|1612988323
|move|p2a: Noivern|Flamethrower|p1a: Togekiss
|-crit|p1a: Togekiss
|-damage|p1a: Togekiss|0 fnt
|faint|p1a: Togekiss
|
|upkeep
|
|t:|1612988343
|switch|p1a: Raikou|Raikou|100/100
|-ability|p1a: Raikou|Pressure
|turn|23
|
|t:|1612988348
|move|p2a: Noivern|U-turn|p1a: Raikou
|-damage|p1a: Raikou|86/100
|
|t:|1612988351
|switch|p2a: Reuniclus|Reuniclus, M|74/100|[from]move: U-turn
|move|p1a: Raikou|Thunderbolt|p2a: Reuniclus
|-damage|p2a: Reuniclus|42/100
|
|upkeep
|turn|24
|
|t:|1612988357
|move|p1a: Raikou|Thunderbolt|p2a: Reuniclus
|-damage|p2a: Reuniclus|11/100
|-status|p2a: Reuniclus|par
|cant|p2a: Reuniclus|par
|
|upkeep
|turn|25
|
|t:|1612988367
|move|p1a: Raikou|Volt Switch|p2a: Reuniclus
|-damage|p2a: Reuniclus|0 fnt
|faint|p2a: Reuniclus
|
|t:|1612988373
|switch|p1a: Mienshao|Mienshao, F|100/100|[from]move: Volt Switch
|-damage|p1a: Mienshao|95/100|[from] Stealth Rock
|
|upkeep
|
|t:|1612988376
|switch|p2a: Noivern|Noivern, M|84/100
|turn|26
|
|t:|1612988382
|move|p1a: Mienshao|Stone Edge|p2a: Noivern
|-supereffective|p2a: Noivern
|-damage|p2a: Noivern|0 fnt
|faint|p2a: Noivern
|
|upkeep
|
|t:|1612988387
|switch|p2a: Milotic|Milotic, F|67/100
|turn|27
|
|t:|1612988391
|switch|p1a: Milotic|Milotic, F|94/100
|move|p2a: Milotic|Flip Turn|p1a: Milotic
|-resisted|p1a: Milotic
|-damage|p1a: Milotic|90/100
|
|t:|1612988394
|switch|p2a: Toxtricity|Toxtricity, M|100/100|[from]move: Flip Turn
|
|upkeep
|turn|28
|
|t:|1612988399
|move|p2a: Toxtricity|Overdrive|p1a: Milotic
|-supereffective|p1a: Milotic
|-damage|p1a: Milotic|0 fnt
|faint|p1a: Milotic
|
|upkeep
|
|t:|1612988403
|switch|p1a: Raikou|Raikou|86/100
|-ability|p1a: Raikou|Pressure
|turn|29
|
|t:|1612988413
|switch|p2a: Milotic|Milotic, F|67/100
|move|p1a: Raikou|Scald|p2a: Milotic
|-resisted|p2a: Milotic
|-damage|p2a: Milotic|57/100
|
|upkeep
|turn|30
|
|t:|1612988420
|switch|p2a: Zarude|Zarude|100/100
|move|p1a: Raikou|Thunderbolt|p2a: Zarude
|-resisted|p2a: Zarude
|-damage|p2a: Zarude|77/100
|
|upkeep
|turn|31
|
|t:|1612988427
|move|p2a: Zarude|U-turn|p1a: Raikou
|-damage|p1a: Raikou|55/100
|
|t:|1612988430
|switch|p2a: Toxtricity|Toxtricity, M|100/100|[from]move: U-turn
|move|p1a: Raikou|Volt Switch|p2a: Toxtricity
|-resisted|p2a: Toxtricity
|-damage|p2a: Toxtricity|76/100
|
|t:|1612988434
|switch|p1a: Reuniclus|Reuniclus, M|60/100|[from]move: Volt Switch
|-damage|p1a: Reuniclus|47/100|[from] Stealth Rock
|
|upkeep
|turn|32
|
|t:|1612988444
|move|p2a: Toxtricity|Volt Switch|p1a: Reuniclus
|-damage|p1a: Reuniclus|25/100
|
|t:|1612988447
|switch|p2a: Milotic|Milotic, F|57/100|[from]move: Volt Switch
|move|p1a: Reuniclus|Psychic|p2a: Milotic
|-damage|p2a: Milotic|27/100
|
|upkeep
|turn|33
|
|t:|1612988451
|move|p2a: Milotic|Recover|p2a: Milotic
|-heal|p2a: Milotic|77/100
|move|p1a: Reuniclus|Future Sight|p2a: Milotic
|-start|p1a: Reuniclus|move: Future Sight
|
|upkeep
|turn|34
|
|t:|1612988456
|move|p2a: Milotic|Scald|p1a: Reuniclus
|-damage|p1a: Reuniclus|10/100
|move|p1a: Reuniclus|Focus Blast|p2a: Milotic
|-crit|p2a: Milotic
|-damage|p2a: Milotic|43/100
|-unboost|p2a: Milotic|spd|1
|
|upkeep
|turn|35
|
|t:|1612988472
|switch|p1a: Mienshao|Mienshao, F|100/100
|-damage|p1a: Mienshao|95/100|[from] Stealth Rock
|move|p2a: Milotic|Scald|p1a: Mienshao
|-damage|p1a: Mienshao|44/100
|-status|p1a: Mienshao|brn
|
|-end|p2a: Milotic|move: Future Sight
|-crit|p2a: Milotic
|-damage|p2a: Milotic|0 fnt
|-damage|p1a: Mienshao|38/100 brn|[from] brn
|faint|p2a: Milotic
|upkeep
|
|t:|1612988485
|switch|p2a: Toxtricity|Toxtricity, M|76/100
|turn|36
|
|t:|1612988494
|move|p1a: Mienshao|U-turn|p2a: Toxtricity
|-resisted|p2a: Toxtricity
|-damage|p2a: Toxtricity|66/100
|
|t:|1612988498
|switch|p1a: Reuniclus|Reuniclus, M|44/100|[from]move: U-turn
|-damage|p1a: Reuniclus|31/100|[from] Stealth Rock
|move|p2a: Toxtricity|Volt Switch|p1a: Reuniclus
|-damage|p1a: Reuniclus|6/100
|
|t:|1612988502
|switch|p2a: Zarude|Zarude|77/100|[from]move: Volt Switch
|
|upkeep
|turn|37
|
|t:|1612988505
|move|p2a: Zarude|U-turn|p1a: Reuniclus
|-supereffective|p1a: Reuniclus
|-damage|p1a: Reuniclus|0 fnt
|faint|p1a: Reuniclus
|
|t:|1612988508
|switch|p2a: Toxtricity|Toxtricity, M|66/100|[from]move: U-turn
|
|upkeep
|
|t:|1612988510
|switch|p1a: Raikou|Raikou|55/100
|-ability|p1a: Raikou|Pressure
|turn|38
|
|t:|1612988514
|switch|p2a: Zarude|Zarude|77/100
|move|p1a: Raikou|Scald|p2a: Zarude
|-resisted|p2a: Zarude
|-damage|p2a: Zarude|64/100
|-status|p2a: Zarude|brn
|
|-damage|p2a: Zarude|58/100 brn|[from] brn
|upkeep
|turn|39
|
|t:|1612988520
|move|p2a: Zarude|Power Whip|p1a: Raikou
|-damage|p1a: Raikou|18/100
|move|p1a: Raikou|Volt Switch|p2a: Zarude
|-resisted|p2a: Zarude
|-damage|p2a: Zarude|42/100 brn
|
|t:|1612988523
|switch|p1a: Mienshao|Mienshao, F|71/100 brn|[from]move: Volt Switch
|-damage|p1a: Mienshao|65/100 brn|[from] Stealth Rock
|
|-damage|p2a: Zarude|36/100 brn|[from] brn
|-damage|p1a: Mienshao|59/100 brn|[from] brn
|upkeep
|turn|40
|
|t:|1612988530
|move|p2a: Zarude|Power Whip|p1a: Mienshao
|-damage|p1a: Mienshao|0 fnt
|faint|p1a: Mienshao
|
|-damage|p2a: Zarude|30/100 brn|[from] brn
|upkeep
|
|t:|1612988534
|switch|p1a: Raikou|Raikou|18/100
|-ability|p1a: Raikou|Pressure
|turn|41
|
|t:|1612988537
|move|p2a: Zarude|Power Whip|p1a: Raikou|[miss]
|-miss|p2a: Zarude|p1a: Raikou
|move|p1a: Raikou|Thunderbolt|p2a: Zarude
|-resisted|p2a: Zarude
|-damage|p2a: Zarude|10/100 brn
|
|-damage|p2a: Zarude|4/100 brn|[from] brn
|upkeep
|turn|42
|
|t:|1612988542
|move|p2a: Zarude|Power Whip|p1a: Raikou
|-damage|p1a: Raikou|0 fnt
|faint|p1a: Raikou
|
|win|A-Loquesea
|l|☆a rabbit
||Ladder (probably) updated, but score could not be retrieved (Request timeout).
