|j|☆RedstoneX
|j|☆KesslerMacGrath
|t:|1665958859
|gametype|singles
|player|p1|RedstoneX|101|1364
|player|p2|KesslerMacGrath|unknown|1426
|teamsize|p1|6
|teamsize|p2|6
|gen|8
|tier|[Gen 8] RU
|rated|
|rule|Sleep Clause Mod: Limit one foe put to sleep
|rule|Species Clause: Limit one of each Pokémon
|rule|OHKO Clause: OHKO moves are banned
|rule|Evasion Items Clause: Evasion items are banned
|rule|Evasion Moves Clause: Evasion moves are banned
|rule|Endless Battle Clause: Forcing endless battles is banned
|rule|HP Percentage Mod: HP is shown in percentages
|rule|Dynamax Clause: You cannot dynamax
|clearpoke
|poke|p1|Crobat, F|
|poke|p1|Reuniclus, F|
|poke|p1|Golisopod, M|
|poke|p1|Diancie|
|poke|p1|Flygon, F|
|poke|p1|Metagross|
|poke|p2|Flygon, F|
|poke|p2|Sneasel, F|
|poke|p2|Sigilyph, M|
|poke|p2|Registeel|
|poke|p2|Xurkitree|
|poke|p2|Milotic, F|
|teampreview
|inactive|Battle timer is ON: inactive players will automatically lose when time's up. (requested by KesslerMacGrath)
|
|t:|1665958869
|start
|switch|p1a: Crobat|Crobat, F|100/100
|switch|p2a: Paldean Gyrados|Milotic, F, shiny|100/100
|turn|1
|
|t:|1665958877
|move|p1a: Crobat|U-turn|p2a: Paldean Gyrados
|-damage|p2a: Paldean Gyrados|89/100
|
|t:|1665958881
|switch|p1a: Reuniclus|Reuniclus, F|100/100|[from]move: U-turn
|move|p2a: Paldean Gyrados|Scald|p1a: Reuniclus
|-damage|p1a: Reuniclus|77/100
|-status|p1a: Reuniclus|brn
|
|-status|p2a: Paldean Gyrados|brn|[from] item: Flame Orb
|upkeep
|turn|2
|c|☆RedstoneX|Thx habibi 🙏
|c|☆KesslerMacGrath|i gotchu b
|
|t:|1665958908
|switch|p2a: LC Uber|Sneasel, F, shiny|100/100
|move|p1a: Reuniclus|Focus Blast|p2a: LC Uber
|-supereffective|p2a: LC Uber
|-damage|p2a: LC Uber|0 fnt
|faint|p2a: LC Uber
|
|upkeep
|c|☆KesslerMacGrath|i didnt think youd go for it lmao
|
|t:|1665958919
|switch|p2a: Lando|Flygon, F, shiny|100/100
|turn|3
|inactive|RedstoneX has 120 seconds left.
|
|t:|1665958946
|switch|p1a: Golisopod|Golisopod, M|100/100
|move|p2a: Lando|Dragon Dance|p2a: Lando
|-boost|p2a: Lando|atk|1
|-boost|p2a: Lando|spe|1
|
|upkeep
|turn|4
|inactive|RedstoneX has 120 seconds left.
|
|t:|1665958955
|move|p1a: Golisopod|First Impression|p2a: Lando
|-damage|p2a: Lando|31/100
|move|p2a: Lando|Earthquake|p1a: Golisopod
|-resisted|p1a: Golisopod
|-damage|p1a: Golisopod|77/100
|
|upkeep
|turn|5
|inactive|RedstoneX has 120 seconds left.
|
|t:|1665958968
|move|p2a: Lando|U-turn|p1a: Golisopod
|-damage|p1a: Golisopod|55/100
|
|t:|1665958970
|switch|p2a: Paldean Gyrados|Milotic, F, shiny|89/100 brn|[from]move: U-turn
|move|p1a: Golisopod|Liquidation|p2a: Paldean Gyrados
|-resisted|p2a: Paldean Gyrados
|-damage|p2a: Paldean Gyrados|78/100 brn
|
|-damage|p2a: Paldean Gyrados|72/100 brn|[from] brn
|upkeep
|turn|6
|inactive|RedstoneX has 120 seconds left.
|
|t:|1665958986
|switch|p1a: Reuniclus|Reuniclus, F|77/100 brn
|move|p2a: Paldean Gyrados|Scald|p1a: Reuniclus
|-damage|p1a: Reuniclus|52/100 brn
|
|-damage|p2a: Paldean Gyrados|65/100 brn|[from] brn
|upkeep
|turn|7
|
|t:|1665958991
|switch|p2a: Lando|Flygon, F, shiny|31/100
|move|p1a: Reuniclus|Recover|p1a: Reuniclus
|-heal|p1a: Reuniclus|100/100 brn
|
|upkeep
|turn|8
|
|t:|1665958997
|move|p2a: Lando|U-turn|p1a: Reuniclus
|-supereffective|p1a: Reuniclus
|-damage|p1a: Reuniclus|74/100 brn
|
|t:|1665959000
|switch|p2a: Minecraft Golem|Registeel, shiny|100/100|[from]move: U-turn
|move|p1a: Reuniclus|Psyshock|p2a: Minecraft Golem
|-resisted|p2a: Minecraft Golem
|-damage|p2a: Minecraft Golem|90/100
|
|-heal|p2a: Minecraft Golem|96/100|[from] item: Leftovers
|upkeep
|turn|9
|inactive|RedstoneX has 120 seconds left.
|inactive|RedstoneX has 90 seconds left.
|
|t:|1665959068
|switch|p1a: Flygon|Flygon, F|100/100
|move|p2a: Minecraft Golem|Curse|p2a: Minecraft Golem
|-unboost|p2a: Minecraft Golem|spe|1
|-boost|p2a: Minecraft Golem|atk|1
|-boost|p2a: Minecraft Golem|def|1
|
|-heal|p2a: Minecraft Golem|100/100|[from] item: Leftovers
|upkeep
|turn|10
|
|t:|1665959078
|move|p1a: Flygon|Earthquake|p2a: Minecraft Golem
|-supereffective|p2a: Minecraft Golem
|-damage|p2a: Minecraft Golem|64/100
|move|p2a: Minecraft Golem|Curse|p2a: Minecraft Golem
|-unboost|p2a: Minecraft Golem|spe|1
|-boost|p2a: Minecraft Golem|atk|1
|-boost|p2a: Minecraft Golem|def|1
|
|-heal|p2a: Minecraft Golem|70/100|[from] item: Leftovers
|upkeep
|turn|11
|inactive|RedstoneX has 60 seconds left.
|
|t:|1665959130
|switch|p1a: Crobat|Crobat, F|100/100
|move|p2a: Minecraft Golem|Curse|p2a: Minecraft Golem
|-unboost|p2a: Minecraft Golem|spe|1
|-boost|p2a: Minecraft Golem|atk|1
|-boost|p2a: Minecraft Golem|def|1
|
|-heal|p2a: Minecraft Golem|76/100|[from] item: Leftovers
|upkeep
|turn|12
|
|t:|1665959135
|move|p1a: Crobat|Brave Bird|p2a: Minecraft Golem
|-resisted|p2a: Minecraft Golem
|-damage|p2a: Minecraft Golem|71/100
|-damage|p1a: Crobat|99/100|[from] Recoil
|move|p2a: Minecraft Golem|Curse|p2a: Minecraft Golem
|-unboost|p2a: Minecraft Golem|spe|1
|-boost|p2a: Minecraft Golem|atk|1
|-boost|p2a: Minecraft Golem|def|1
|
|-heal|p2a: Minecraft Golem|77/100|[from] item: Leftovers
|upkeep
|turn|13
|
|t:|1665959144
|move|p1a: Crobat|U-turn|p2a: Minecraft Golem
|-resisted|p2a: Minecraft Golem
|-damage|p2a: Minecraft Golem|75/100
|c|☆KesslerMacGrath|how you gonna let a registeel do you like this bruh
|
|t:|1665959155
|switch|p1a: Flygon|Flygon, F|100/100|[from]move: U-turn
|move|p2a: Minecraft Golem|Curse|p2a: Minecraft Golem
|-unboost|p2a: Minecraft Golem|spe|1
|-boost|p2a: Minecraft Golem|atk|1
|-boost|p2a: Minecraft Golem|def|1
|
|-heal|p2a: Minecraft Golem|81/100|[from] item: Leftovers
|upkeep
|turn|14
|
|t:|1665959170
|move|p1a: Flygon|Earthquake|p2a: Minecraft Golem
|-supereffective|p2a: Minecraft Golem
|-damage|p2a: Minecraft Golem|63/100
|move|p2a: Minecraft Golem|Curse|p2a: Minecraft Golem
|-unboost|p2a: Minecraft Golem|spe|1
|-boost|p2a: Minecraft Golem|atk|1
|-boost|p2a: Minecraft Golem|def|1
|
|-heal|p2a: Minecraft Golem|69/100|[from] item: Leftovers
|upkeep
|turn|15
|c|☆RedstoneX|I thought you would body press :/
|inactive|RedstoneX has 60 seconds left.
|
|t:|1665959189
|move|p1a: Flygon|Earthquake|p2a: Minecraft Golem
|-supereffective|p2a: Minecraft Golem
|-damage|p2a: Minecraft Golem|54/100
|move|p2a: Minecraft Golem|Body Press|p1a: Flygon
|-damage|p1a: Flygon|0 fnt
|faint|p1a: Flygon
|
|-heal|p2a: Minecraft Golem|60/100|[from] item: Leftovers
|upkeep
|c|☆KesslerMacGrath|never
|c|☆KesslerMacGrath|no hard counters so i have no reason not to set up
|
|t:|1665959208
|switch|p1a: Metagross|Metagross|100/100
|turn|16
|
|t:|1665959226
|move|p1a: Metagross|Trick|p2a: Minecraft Golem
|-activate|p1a: Metagross|move: Trick|[of] p2a: Minecraft Golem
|-item|p2a: Minecraft Golem|Choice Scarf|[from] move: Trick
|-item|p1a: Metagross|Leftovers|[from] move: Trick
|move|p2a: Minecraft Golem|Body Press|p1a: Metagross
|-damage|p1a: Metagross|10/100
|
|-heal|p1a: Metagross|16/100|[from] item: Leftovers
|upkeep
|turn|17
|c|☆RedstoneX|But I wanna save trick for milotic 😩😩
|
|t:|1665959233
|move|p1a: Metagross|Earthquake|p2a: Minecraft Golem
|-supereffective|p2a: Minecraft Golem
|-damage|p2a: Minecraft Golem|49/100
|move|p2a: Minecraft Golem|Body Press|p1a: Metagross
|-damage|p1a: Metagross|0 fnt
|faint|p1a: Metagross
|
|upkeep
|
|t:|1665959238
|switch|p1a: Crobat|Crobat, F|99/100
|turn|18
|c|☆KesslerMacGrath|ima do my best with body press sweep i guess lol
|inactive|RedstoneX has 60 seconds left.
|
|t:|1665959250
|move|p1a: Crobat|Brave Bird|p2a: Minecraft Golem
|-resisted|p2a: Minecraft Golem
|-damage|p2a: Minecraft Golem|45/100
|-damage|p1a: Crobat|97/100|[from] Recoil
|move|p2a: Minecraft Golem|Body Press|p1a: Crobat
|-resisted|p1a: Crobat
|-damage|p1a: Crobat|66/100
|
|upkeep
|turn|19
|inactive|RedstoneX has 60 seconds left.
|
|t:|1665959269
|move|p1a: Crobat|Brave Bird|p2a: Minecraft Golem
|-resisted|p2a: Minecraft Golem
|-damage|p2a: Minecraft Golem|42/100
|-damage|p1a: Crobat|65/100|[from] Recoil
|move|p2a: Minecraft Golem|Body Press|p1a: Crobat
|-resisted|p1a: Crobat
|-damage|p1a: Crobat|35/100
|
|upkeep
|turn|20
|inactive|RedstoneX has 60 seconds left.
|
|t:|1665959277
|move|p1a: Crobat|Roost|p1a: Crobat
|-heal|p1a: Crobat|85/100
|-singleturn|p1a: Crobat|move: Roost
|move|p2a: Minecraft Golem|Body Press|p1a: Crobat
|-resisted|p1a: Crobat
|-damage|p1a: Crobat|25/100
|
|upkeep
|turn|21
|
|t:|1665959286
|switch|p1a: Golisopod|Golisopod, M|55/100
|move|p2a: Minecraft Golem|Body Press|p1a: Golisopod
|-resisted|p1a: Golisopod
|-damage|p1a: Golisopod|14/100
|-activate|p1a: Golisopod|ability: Emergency Exit
|
|t:|1665959295
|switch|p1a: Crobat|Crobat, F|25/100
|
|upkeep
|turn|22
|inactive|KesslerMacGrath has 120 seconds left.
|inactive|KesslerMacGrath has 90 seconds left.
|inactive|KesslerMacGrath has 60 seconds left.
|c|☆RedstoneX|Maybe I can pp stall?
|j| spiderking3261
|l| spiderking3261
|
|t:|1665959402
|move|p1a: Crobat|U-turn|p2a: Minecraft Golem
|-resisted|p2a: Minecraft Golem
|-damage|p2a: Minecraft Golem|41/100
|
|t:|1665959406
|switch|p1a: Golisopod|Golisopod, M|14/100|[from]move: U-turn
|move|p2a: Minecraft Golem|Body Press|p1a: Golisopod
|-resisted|p1a: Golisopod
|-damage|p1a: Golisopod|0 fnt
|faint|p1a: Golisopod
|
|upkeep
|
|t:|1665959416
|switch|p1a: Diancie|Diancie|100/100
|turn|23
|inactive|KesslerMacGrath has 60 seconds left.
|
|t:|1665959435
|move|p1a: Diancie|Body Press|p2a: Minecraft Golem
|-supereffective|p2a: Minecraft Golem
|-damage|p2a: Minecraft Golem|32/100
|move|p2a: Minecraft Golem|Body Press|p1a: Diancie
|-damage|p1a: Diancie|11/100
|
|-heal|p1a: Diancie|18/100|[from] item: Leftovers
|upkeep
|turn|24
|c|☆KesslerMacGrath|i dont think so
|
|t:|1665959453
|move|p1a: Diancie|Body Press|p2a: Minecraft Golem
|-supereffective|p2a: Minecraft Golem
|-damage|p2a: Minecraft Golem|23/100
|move|p2a: Minecraft Golem|Body Press|p1a: Diancie
|-damage|p1a: Diancie|0 fnt
|faint|p1a: Diancie
|
|upkeep
|
|t:|1665959465
|switch|p1a: Crobat|Crobat, F|25/100
|turn|25
|
|t:|1665959471
|move|p1a: Crobat|Roost|p1a: Crobat
|-heal|p1a: Crobat|75/100
|-singleturn|p1a: Crobat|move: Roost
|move|p2a: Minecraft Golem|Body Press|p1a: Crobat
|-resisted|p1a: Crobat
|-damage|p1a: Crobat|8/100
|
|upkeep
|turn|26
|c|☆KesslerMacGrath|ggs
|
|t:|1665959479
|move|p1a: Crobat|Brave Bird|p2a: Minecraft Golem
|-resisted|p2a: Minecraft Golem
|-damage|p2a: Minecraft Golem|20/100
|-damage|p1a: Crobat|7/100|[from] Recoil
|move|p2a: Minecraft Golem|Body Press|p1a: Crobat
|-resisted|p1a: Crobat
|-damage|p1a: Crobat|0 fnt
|faint|p1a: Crobat
|
|upkeep
|
|t:|1665959483
|switch|p1a: Reuniclus|Reuniclus, F|74/100 brn
|turn|27
|inactive|KesslerMacGrath has 60 seconds left.
|
|t:|1665959504
|move|p1a: Reuniclus|Focus Blast|p2a: Minecraft Golem
|-supereffective|p2a: Minecraft Golem
|-damage|p2a: Minecraft Golem|0 fnt
|faint|p2a: Minecraft Golem
|
|upkeep
|
|t:|1665959508
|switch|p2a: Lando|Flygon, F, shiny|31/100
|turn|28
|
|t:|1665959512
|move|p2a: Lando|U-turn|p1a: Reuniclus
|-supereffective|p1a: Reuniclus
|-damage|p1a: Reuniclus|45/100 brn
|
|t:|1665959522
|switch|p2a: Paldean Gyrados|Milotic, F, shiny|65/100 brn|[from]move: U-turn
|move|p1a: Reuniclus|Psyshock|p2a: Paldean Gyrados
|-damage|p2a: Paldean Gyrados|49/100 brn
|
|-damage|p2a: Paldean Gyrados|43/100 brn|[from] brn
|upkeep
|turn|29
|c|☆RedstoneX|Gg
|
|t:|1665959530
|move|p2a: Paldean Gyrados|Recover|p2a: Paldean Gyrados
|-heal|p2a: Paldean Gyrados|93/100 brn
|move|p1a: Reuniclus|Recover|p1a: Reuniclus
|-heal|p1a: Reuniclus|95/100 brn
|
|-damage|p2a: Paldean Gyrados|87/100 brn|[from] brn
|upkeep
|turn|30
|inactive|KesslerMacGrath has 90 seconds left.
|c|☆KesslerMacGrath|if you forfeit we can avoid wasting time lol
|
|t:|1665959540
|switch|p2a: Haywire|Xurkitree, shiny|100/100
|move|p1a: Reuniclus|Calm Mind|p1a: Reuniclus
|-boost|p1a: Reuniclus|spa|1
|-boost|p1a: Reuniclus|spd|1
|
|upkeep
|turn|31
|inactive|RedstoneX has 120 seconds left.
|
|t:|1665959570
|move|p2a: Haywire|Thunderbolt|p1a: Reuniclus
|-damage|p1a: Reuniclus|58/100 brn
|move|p1a: Reuniclus|Calm Mind|p1a: Reuniclus
|-boost|p1a: Reuniclus|spa|1
|-boost|p1a: Reuniclus|spd|1
|
|upkeep
|turn|32
|
|t:|1665959575
|move|p2a: Haywire|Thunderbolt|p1a: Reuniclus
|-damage|p1a: Reuniclus|30/100 brn
|move|p1a: Reuniclus|Recover|p1a: Reuniclus
|-heal|p1a: Reuniclus|80/100 brn
|
|upkeep
|turn|33
|
|t:|1665959580
|move|p2a: Haywire|Thunderbolt|p1a: Reuniclus
|-damage|p1a: Reuniclus|52/100 brn
|move|p1a: Reuniclus|Psyshock|p2a: Haywire
|-damage|p2a: Haywire|0 fnt
|faint|p2a: Haywire
|
|upkeep
|
|t:|1665959584
|switch|p2a: Lando|Flygon, F, shiny|31/100
|turn|34
|
|t:|1665959588
|move|p2a: Lando|Outrage|p1a: Reuniclus
|-damage|p1a: Reuniclus|15/100 brn
|move|p1a: Reuniclus|Psyshock|p2a: Lando
|-damage|p2a: Lando|0 fnt
|faint|p2a: Lando
|
|upkeep
|
|t:|1665959593
|switch|p2a: Paldean Gyrados|Milotic, F, shiny|87/100 brn
|turn|35
|c|☆RedstoneX|Or is it?
|
|t:|1665959602
|move|p2a: Paldean Gyrados|Scald|p1a: Reuniclus
|-damage|p1a: Reuniclus|0 fnt
|faint|p1a: Reuniclus
|
|win|KesslerMacGrath
|raw|RedstoneX's rating: 1364 &rarr; <strong>1347</strong><br />(-17 for losing)
|raw|KesslerMacGrath's rating: 1425 &rarr; <strong>1442</strong><br />(+17 for winning)
|c|☆KesslerMacGrath|lol
|c|☆RedstoneX|Lol
|l|☆KesslerMacGrath
