|j|☆Galileo Glalie 2
|j|☆amphareixon
|inactive|Battle timer is ON: inactive players will automatically lose when time's up.
|t:|1645059953
|gametype|singles
|player|p1|Galileo Glalie 2|nurse|
|player|p2|amphareixon|gladion|
|teamsize|p1|6
|teamsize|p2|6
|gen|8
|tier|[Gen 8] RU
|rated|Tournament battle
|rule|Sleep Clause Mod: Limit one foe put to sleep
|rule|Species Clause: Limit one of each Pokémon
|rule|OHKO Clause: OHKO moves are banned
|rule|Evasion Moves Clause: Evasion moves are banned
|rule|Endless Battle Clause: Forcing endless battles is banned
|rule|HP Percentage Mod: HP is shown in percentages
|rule|Dynamax Clause: You cannot dynamax
|clearpoke
|poke|p1|Stakataka|
|poke|p1|Marowak-Alola, M|
|poke|p1|Reuniclus, M|
|poke|p1|Porygon2|
|poke|p1|Lycanroc, F|
|poke|p1|Sharpedo, M|
|poke|p2|Klefki, F|
|poke|p2|Metagross|
|poke|p2|Flygon, F|
|poke|p2|Sharpedo, F|
|poke|p2|Mimikyu, M|
|poke|p2|Lucario, M|
|teampreview
|
|t:|1645059973
|start
|switch|p1a: Lycanroc|Lycanroc, F|100/100
|switch|p2a: Metagross|Metagross|100/100
|turn|1
|j|@zizalith
|
|t:|1645059981
|move|p1a: Lycanroc|Stealth Rock|p2a: Metagross
|-sidestart|p2: amphareixon|move: Stealth Rock
|move|p2a: Metagross|Bulldoze|p1a: Lycanroc
|-supereffective|p1a: Lycanroc
|-damage|p1a: Lycanroc|15/100
|-unboost|p1a: Lycanroc|spe|1
|
|upkeep
|turn|2
|
|t:|1645059989
|move|p1a: Lycanroc|Endeavor|p2a: Metagross
|-damage|p2a: Metagross|12/100
|move|p2a: Metagross|Bulldoze|p1a: Lycanroc
|-supereffective|p1a: Lycanroc
|-damage|p1a: Lycanroc|0 fnt
|faint|p1a: Lycanroc
|
|upkeep
|
|t:|1645059999
|switch|p1a: Porygon2|Porygon2|100/100
|-ability|p1a: Porygon2|Clear Body|[from] ability: Trace|[of] p2a: Metagross
|turn|3
|
|t:|1645060003
|move|p2a: Metagross|Stealth Rock|p1a: Porygon2
|-sidestart|p1: Galileo Glalie 2|move: Stealth Rock
|move|p1a: Porygon2|Trick Room|p1a: Porygon2
|-fieldstart|move: Trick Room|[of] p1a: Porygon2
|
|upkeep
|turn|4
|
|t:|1645060011
|move|p2a: Metagross|Explosion|p1a: Porygon2
|-damage|p1a: Porygon2|35/100
|faint|p2a: Metagross
|move|p1a: Porygon2|Teleport|p1a: Porygon2
|
|t:|1645060023
|switch|p1a: Marowak|Marowak-Alola, M|100/100|[from]move: Teleport
|-damage|p1a: Marowak|76/100|[from] Stealth Rock
|
|upkeep
|
|t:|1645060027
|switch|p2a: Mimikyu|Mimikyu, M|100/100
|-damage|p2a: Mimikyu|88/100|[from] Stealth Rock
|turn|5
|
|t:|1645060035
|move|p1a: Marowak|Knock Off|p2a: Mimikyu
|-activate|p2a: Mimikyu|ability: Disguise
|-damage|p2a: Mimikyu|88/100
|-enditem|p2a: Mimikyu|Life Orb|[from] move: Knock Off|[of] p1a: Marowak
|detailschange|p2a: Mimikyu|Mimikyu-Busted, M
|-damage|p2a: Mimikyu|76/100|[from] pokemon: Mimikyu-Busted
|move|p2a: Mimikyu|Shadow Claw|p1a: Marowak
|-supereffective|p1a: Marowak
|-crit|p1a: Marowak
|-damage|p1a: Marowak|0 fnt
|faint|p1a: Marowak
|
|upkeep
|
|t:|1645060039
|switch|p1a: Reuniclus|Reuniclus, M|100/100
|turn|6
|
|t:|1645060047
|move|p1a: Reuniclus|Shadow Ball|p2a: Mimikyu
|-supereffective|p2a: Mimikyu
|-damage|p2a: Mimikyu|0 fnt
|faint|p2a: Mimikyu
|
|upkeep
|
|t:|1645060051
|switch|p2a: Sharpedo|Sharpedo, F|100/100
|-damage|p2a: Sharpedo|88/100|[from] Stealth Rock
|turn|7
|j|+yOuRwElCoMeThAnK
|c|☆Galileo Glalie 2|huh
|c|☆Galileo Glalie 2|i just lose
|
|t:|1645060073
|move|p2a: Sharpedo|Protect|p2a: Sharpedo
|-singleturn|p2a: Sharpedo|Protect
|move|p1a: Reuniclus|Trick Room|p1a: Reuniclus
|-fieldend|move: Trick Room
|
|-ability|p2a: Sharpedo|Speed Boost|boost
|-boost|p2a: Sharpedo|spe|1
|upkeep
|turn|8
|c|+yOuRwElCoMeThAnK|dodge hydro
|c|+yOuRwElCoMeThAnK|dodge close combat too
|
|t:|1645060088
|move|p2a: Sharpedo|Dark Pulse|p1a: Reuniclus
|-supereffective|p1a: Reuniclus
|-damage|p1a: Reuniclus|10/100
|-damage|p2a: Sharpedo|78/100|[from] item: Life Orb
|move|p1a: Reuniclus|Trick Room|p1a: Reuniclus
|-fieldstart|move: Trick Room|[of] p1a: Reuniclus
|
|-ability|p2a: Sharpedo|Speed Boost|boost
|-boost|p2a: Sharpedo|spe|1
|upkeep
|turn|9
|c|@zizalith|are you saying youre not bright powder?
|c|@zizalith|please reconsider
|
|t:|1645060107
|move|p1a: Reuniclus|Focus Blast|p2a: Sharpedo|[miss]
|-miss|p1a: Reuniclus|p2a: Sharpedo
|move|p2a: Sharpedo|Dark Pulse|p1a: Reuniclus
|-supereffective|p1a: Reuniclus
|-damage|p1a: Reuniclus|0 fnt
|faint|p1a: Reuniclus
|-damage|p2a: Sharpedo|68/100|[from] item: Life Orb
|
|-ability|p2a: Sharpedo|Speed Boost|boost
|-boost|p2a: Sharpedo|spe|1
|upkeep
|c|☆Galileo Glalie 2|uhhh
|c|@zizalith|yep deserved for running trick room
|
|t:|1645060117
|switch|p1a: Stakataka|Stakataka|100/100
|-damage|p1a: Stakataka|94/100|[from] Stealth Rock
|turn|10
|
|t:|1645060121
|move|p2a: Sharpedo|Protect|p2a: Sharpedo
|-singleturn|p2a: Sharpedo|Protect
|move|p1a: Stakataka|Earthquake|p2a: Sharpedo
|-activate|p2a: Sharpedo|move: Protect
|
|-ability|p2a: Sharpedo|Speed Boost|boost
|-boost|p2a: Sharpedo|spe|1
|upkeep
|turn|11
|
|t:|1645060127
|switch|p2a: Flygon|Flygon, F|100/100
|-damage|p2a: Flygon|95/100|[from] Stealth Rock
|move|p1a: Stakataka|Earthquake|p2a: Flygon
|-immune|p2a: Flygon|[from] ability: Levitate
|
|upkeep
|turn|12
|c|☆Galileo Glalie 2|cmon
|c|☆Galileo Glalie 2|trick room is objectively bad
|
|t:|1645060134
|move|p1a: Stakataka|Gyro Ball|p2a: Flygon
|-damage|p2a: Flygon|0 fnt
|faint|p2a: Flygon
|-ability|p1a: Stakataka|Beast Boost|boost
|-boost|p1a: Stakataka|atk|1
|-damage|p1a: Stakataka|85/100|[from] item: Life Orb
|
|-fieldend|move: Trick Room
|upkeep
|
|t:|1645060138
|switch|p2a: Lucario|Lucario, M|100/100
|-damage|p2a: Lucario|98/100|[from] Stealth Rock
|turn|13
|
|t:|1645060144
|move|p2a: Lucario|Vacuum Wave|p1a: Stakataka
|-supereffective|p1a: Stakataka
|-damage|p1a: Stakataka|0 fnt
|faint|p1a: Stakataka
|-damage|p2a: Lucario|88/100|[from] item: Life Orb
|
|upkeep
|
|t:|1645060146
|switch|p1a: Sharpedo|Sharpedo, M|100/100
|-damage|p1a: Sharpedo|88/100|[from] Stealth Rock
|turn|14
|c|@zizalith|it is and thats why i hate it not because it murders me every time
|
|t:|1645060158
|move|p1a: Sharpedo|Protect|p1a: Sharpedo
|-singleturn|p1a: Sharpedo|Protect
|move|p2a: Lucario|Vacuum Wave|p1a: Sharpedo
|-activate|p1a: Sharpedo|move: Protect
|
|-ability|p1a: Sharpedo|Speed Boost|boost
|-boost|p1a: Sharpedo|spe|1
|upkeep
|turn|15
|c|+yOuRwElCoMeThAnK|Load a full TR team if I play against Ziza?
|c|+yOuRwElCoMeThAnK|y/y?
|c|@zizalith|im running stall
|
|t:|1645060173
|move|p2a: Lucario|Vacuum Wave|p1a: Sharpedo
|-supereffective|p1a: Sharpedo
|-damage|p1a: Sharpedo|0 fnt
|faint|p1a: Sharpedo
|-damage|p2a: Lucario|78/100|[from] item: Life Orb
|
|upkeep
|
|t:|1645060175
|switch|p1a: Porygon2|Porygon2|35/100
|-damage|p1a: Porygon2|23/100|[from] Stealth Rock
|-ability|p1a: Porygon2|Inner Focus|[from] ability: Trace|[of] p2a: Lucario
|turn|16
|c|+yOuRwElCoMeThAnK|you better
|c|@zizalith|keep up with the meta please.
|c|☆Galileo Glalie 2|gg
|c|☆amphareixon|vacuum killed reun?
|c|☆amphareixon|gg
|c|☆Galileo Glalie 2|dark pulse
|c|+yOuRwElCoMeThAnK|why would it need to vaccum
|inactive|amphareixon has 120 seconds left.
|c|☆Galileo Glalie 2|need a vaccuum to sweep
|c|☆amphareixon|in case tr was up
|inactive|amphareixon has 90 seconds left.
|c|☆amphareixon|252 SpA Life Orb Lucario Vacuum Wave vs. 252 HP / 4 SpD Reuniclus: 44-53 (10.3 - 12.5%) -- possibly the worst move ever
|c|☆amphareixon|ye it did
|
|t:|1645060257
|move|p2a: Lucario|Flash Cannon|p1a: Porygon2
|-damage|p1a: Porygon2|2/100
|-damage|p2a: Lucario|68/100|[from] item: Life Orb
|move|p1a: Porygon2|Ice Beam|p2a: Lucario
|-resisted|p2a: Lucario
|-crit|p2a: Lucario
|-damage|p2a: Lucario|42/100
|
|upkeep
|turn|17
|
|t:|1645060262
|move|p2a: Lucario|Vacuum Wave|p1a: Porygon2
|-supereffective|p1a: Porygon2
|-damage|p1a: Porygon2|0 fnt
|faint|p1a: Porygon2
|-damage|p2a: Lucario|33/100|[from] item: Life Orb
|
|win|amphareixon
|n|☆Galileo Glalie 2|galileoglalie2
|n|☆amphareixon|amphareixon
|n|+zizalith|zizalith
|n| yOuRwElCoMeThAnK|yourwelcomethank
