|j|☆07l中国大妈
|j|‽talkintime
|player|p1|07l中国大妈|pokefanf-gen4|1231
|player|p2|talkintime|73|1271
|teamsize|p1|6
|teamsize|p2|6
|gametype|singles
|gen|8
|tier|[Gen 8] RU
|rated|
|rule|Sleep Clause Mod: Limit one foe put to sleep
|rule|Species Clause: Limit one of each Pokémon
|rule|OHKO Clause: OHKO moves are banned
|rule|Evasion Moves Clause: Evasion moves are banned
|rule|Endless Battle Clause: Forcing endless battles is banned
|rule|HP Percentage Mod: HP is shown in percentages
|clearpoke
|poke|p1|Hitmontop, M|
|poke|p1|Jellicent, F|
|poke|p1|Togedemaru, F|
|poke|p1|Roserade, M|
|poke|p1|Whimsicott, F|
|poke|p1|Quagsire, F|
|poke|p2|Perrserker, F|
|poke|p2|Rillaboom, F|
|poke|p2|Palpitoad, M|
|poke|p2|Rotom-Fan|
|poke|p2|Mr. Mime-Galar, F|
|poke|p2|Flareon, M|
|rule|Dynamax Clause: You cannot dynamax
|teampreview
|l|‽talkintime
|player|p2|
|inactive|Battle timer is ON: inactive players will automatically lose when time's up. (requested by 07l中国大妈)
|j|‽talkintime
|inactive|talkintime reconnected and has 145 seconds left.
|player|p2|talkintime|73
|n|‽talkintime|talkintime
|
|start
|switch|p1a: Roserade|Roserade, M|100/100
|switch|p2a: Perrserker|Perrserker, F|100/100
|turn|1
|
|move|p1a: Roserade|Toxic Spikes|p2a: Perrserker
|-sidestart|p2: talkintime|move: Toxic Spikes
|move|p2a: Perrserker|U-turn|p1a: Roserade
|-damage|p1a: Roserade|60/100
|
|switch|p2a: Mr. Mime|Mr. Mime-Galar, F|100/100|[from]move: U-turn
|-status|p2a: Mr. Mime|psn
|
|-heal|p1a: Roserade|67/100|[from] item: Black Sludge
|-damage|p2a: Mr. Mime|88/100 psn|[from] psn
|upkeep
|turn|2
|
|switch|p1a: Jellicent|Jellicent, F|100/100
|move|p2a: Mr. Mime|Rapid Spin|p1a: Jellicent
|-immune|p1a: Jellicent
|
|-damage|p2a: Mr. Mime|76/100 psn|[from] psn
|upkeep
|turn|3
|
|switch|p2a: Rotom|Rotom-Fan|100/100
|move|p1a: Jellicent|Hex|p2a: Rotom
|-damage|p2a: Rotom|72/100
|
|upkeep
|turn|4
|
|switch|p1a: Togedemaru|Togedemaru, F|100/100
|move|p2a: Rotom|Trick|p1a: Togedemaru
|-activate|p2a: Rotom|move: Trick|[of] p1a: Togedemaru
|-item|p1a: Togedemaru|Choice Scarf|[from] move: Trick
|-item|p2a: Rotom|Leftovers|[from] move: Trick
|
|-heal|p2a: Rotom|78/100|[from] item: Leftovers
|upkeep
|turn|5
|
|move|p1a: Togedemaru|U-turn|p2a: Rotom
|-resisted|p2a: Rotom
|-damage|p2a: Rotom|68/100
|
|switch|p1a: Hitmontop|Hitmontop, M|100/100|[from]move: U-turn
|move|p2a: Rotom|Air Slash|p1a: Hitmontop
|-supereffective|p1a: Hitmontop
|-damage|p1a: Hitmontop|52/100
|
|-heal|p2a: Rotom|74/100|[from] item: Leftovers
|upkeep
|turn|6
|
|move|p1a: Hitmontop|Fake Out|p2a: Rotom
|-damage|p2a: Rotom|48/100
|cant|p2a: Rotom|flinch
|
|-heal|p2a: Rotom|54/100|[from] item: Leftovers
|upkeep
|turn|7
|
|switch|p1a: Togedemaru|Togedemaru, F|100/100
|move|p2a: Rotom|Air Slash|p1a: Togedemaru
|-resisted|p1a: Togedemaru
|-damage|p1a: Togedemaru|89/100
|
|-heal|p2a: Rotom|61/100|[from] item: Leftovers
|upkeep
|turn|8
|inactive|07l中国大妈 has 120 seconds left.
|l|☆07l中国大妈
|inactive|07l中国大妈 disconnected and has a minute to reconnect!
|player|p1|
|j|☆07l中国大妈
|inactive|07l中国大妈 reconnected and has 100 seconds left.
|player|p1|07l中国大妈|pokefanf-gen4
|
|switch|p2a: Palpitoad|Palpitoad, M|100/100
|-status|p2a: Palpitoad|psn
|move|p1a: Togedemaru|Zing Zap|p2a: Palpitoad
|-immune|p2a: Palpitoad
|
|-damage|p2a: Palpitoad|88/100 psn|[from] psn
|upkeep
|turn|9
|
|switch|p1a: Roserade|Roserade, M|67/100
|move|p2a: Palpitoad|Stealth Rock|p1a: Roserade
|-sidestart|p1: 07l中国大妈|move: Stealth Rock
|
|-heal|p1a: Roserade|73/100|[from] item: Black Sludge
|-damage|p2a: Palpitoad|76/100 psn|[from] psn
|upkeep
|turn|10
|
|switch|p2a: Perrserker|Perrserker, F|100/100
|move|p1a: Roserade|Spikes|p2a: Perrserker
|-sidestart|p2: talkintime|Spikes
|
|-heal|p1a: Roserade|79/100|[from] item: Black Sludge
|upkeep
|turn|11
|
|move|p1a: Roserade|Toxic Spikes|p2a: Perrserker
|-sidestart|p2: talkintime|move: Toxic Spikes
|move|p2a: Perrserker|U-turn|p1a: Roserade
|-damage|p1a: Roserade|38/100
|
|switch|p2a: Flareon|Flareon, M|100/100|[from]move: U-turn
|
|-heal|p1a: Roserade|44/100|[from] item: Black Sludge
|upkeep
|turn|12
|
|switch|p1a: Quagsire|Quagsire, F|100/100
|-damage|p1a: Quagsire|94/100|[from] Stealth Rock
|move|p2a: Flareon|Flare Blitz|p1a: Quagsire
|-resisted|p1a: Quagsire
|-damage|p1a: Quagsire|77/100
|-damage|p2a: Flareon|94/100|[from] Recoil
|
|-heal|p1a: Quagsire|83/100|[from] item: Leftovers
|upkeep
|turn|13
|
|move|p2a: Flareon|Will-O-Wisp|p1a: Quagsire
|-status|p1a: Quagsire|brn
|move|p1a: Quagsire|Toxic|p2a: Flareon
|-status|p2a: Flareon|tox
|
|-heal|p1a: Quagsire|90/100 brn|[from] item: Leftovers
|-damage|p2a: Flareon|88/100 tox|[from] psn
|-damage|p1a: Quagsire|83/100 brn|[from] brn
|upkeep
|turn|14
|
|switch|p2a: Mr. Mime|Mr. Mime-Galar, F|76/100 psn
|-damage|p2a: Mr. Mime|63/100 psn|[from] Spikes
|move|p1a: Quagsire|Toxic||[still]
|-fail|p1a: Quagsire
|
|-heal|p1a: Quagsire|90/100 brn|[from] item: Leftovers
|-damage|p2a: Mr. Mime|51/100 psn|[from] psn
|-damage|p1a: Quagsire|83/100 brn|[from] brn
|upkeep
|turn|15
|
|switch|p1a: Jellicent|Jellicent, F|100/100
|-damage|p1a: Jellicent|88/100|[from] Stealth Rock
|move|p2a: Mr. Mime|Nasty Plot|p2a: Mr. Mime
|-boost|p2a: Mr. Mime|spa|2
|
|-heal|p1a: Jellicent|94/100|[from] item: Leftovers
|-damage|p2a: Mr. Mime|38/100 psn|[from] psn
|upkeep
|turn|16
|
|move|p2a: Mr. Mime|Freeze-Dry|p1a: Jellicent
|-supereffective|p1a: Jellicent
|-crit|p1a: Jellicent
|-damage|p1a: Jellicent|0 fnt
|-start|p2a: Mr. Mime|Disable|Freeze-Dry|[from] ability: Cursed Body|[of] p1a: Jellicent
|faint|p1a: Jellicent
|
|-damage|p2a: Mr. Mime|26/100 psn|[from] psn
|upkeep
|
|switch|p1a: Hitmontop|Hitmontop, M|52/100
|-damage|p1a: Hitmontop|46/100|[from] Stealth Rock
|turn|17
|
|switch|p2a: Rotom|Rotom-Fan|61/100
|move|p1a: Hitmontop|Fake Out|p2a: Rotom
|-damage|p2a: Rotom|34/100
|
|-heal|p2a: Rotom|40/100|[from] item: Leftovers
|upkeep
|turn|18
|inactive|07l中国大妈 has 120 seconds left.
|
|switch|p1a: Togedemaru|Togedemaru, F|89/100
|-damage|p1a: Togedemaru|83/100|[from] Stealth Rock
|move|p2a: Rotom|Air Slash|p1a: Togedemaru
|-resisted|p1a: Togedemaru
|-damage|p1a: Togedemaru|72/100
|
|-heal|p2a: Rotom|46/100|[from] item: Leftovers
|upkeep
|turn|19
|inactive|07l中国大妈 has 120 seconds left.
|
|move|p1a: Togedemaru|Wish|p1a: Togedemaru
|move|p2a: Rotom|Air Slash|p1a: Togedemaru
|-resisted|p1a: Togedemaru
|-damage|p1a: Togedemaru|61/100
|
|-heal|p2a: Rotom|52/100|[from] item: Leftovers
|upkeep
|turn|20
|inactive|07l中国大妈 has 120 seconds left.
|
|switch|p1a: Quagsire|Quagsire, F|83/100 brn
|-damage|p1a: Quagsire|77/100 brn|[from] Stealth Rock
|move|p2a: Rotom|Air Slash|p1a: Quagsire
|-damage|p1a: Quagsire|36/100 brn
|
|-heal|p1a: Quagsire|78/100 brn|[from] move: Wish|[wisher] Togedemaru
|-heal|p2a: Rotom|59/100|[from] item: Leftovers
|-heal|p1a: Quagsire|84/100 brn|[from] item: Leftovers
|-damage|p1a: Quagsire|78/100 brn|[from] brn
|upkeep
|turn|21
|inactive|07l中国大妈 has 120 seconds left.
|
|move|p2a: Rotom|Air Slash|p1a: Quagsire
|-damage|p1a: Quagsire|39/100 brn
|cant|p1a: Quagsire|flinch
|
|-heal|p2a: Rotom|65/100|[from] item: Leftovers
|-heal|p1a: Quagsire|45/100 brn|[from] item: Leftovers
|-damage|p1a: Quagsire|39/100 brn|[from] brn
|upkeep
|turn|22
|
|move|p2a: Rotom|Air Slash|p1a: Quagsire
|-damage|p1a: Quagsire|0 fnt
|faint|p1a: Quagsire
|
|-heal|p2a: Rotom|71/100|[from] item: Leftovers
|upkeep
|
|switch|p1a: Togedemaru|Togedemaru, F|61/100
|-damage|p1a: Togedemaru|55/100|[from] Stealth Rock
|turn|23
|
|switch|p2a: Perrserker|Perrserker, F|100/100
|-damage|p2a: Perrserker|88/100|[from] Spikes
|move|p1a: Togedemaru|Zing Zap|p2a: Perrserker
|-damage|p2a: Perrserker|62/100
|
|upkeep
|turn|24
|
|switch|p1a: Whimsicott|Whimsicott, F|100/100
|-damage|p1a: Whimsicott|88/100|[from] Stealth Rock
|move|p2a: Perrserker|Close Combat|p1a: Whimsicott
|-resisted|p1a: Whimsicott
|-damage|p1a: Whimsicott|67/100
|-unboost|p2a: Perrserker|def|1
|-unboost|p2a: Perrserker|spd|1
|
|upkeep
|turn|25
|
|switch|p2a: Flareon|Flareon, M|88/100 tox
|move|p1a: Whimsicott|Encore||[still]
|-fail|p1a: Whimsicott
|
|-damage|p2a: Flareon|82/100 tox|[from] psn
|upkeep
|turn|26
|
|switch|p1a: Roserade|Roserade, M|44/100
|-damage|p1a: Roserade|31/100|[from] Stealth Rock
|move|p2a: Flareon|Wish|p2a: Flareon
|
|-heal|p1a: Roserade|38/100|[from] item: Black Sludge
|-damage|p2a: Flareon|70/100 tox|[from] psn
|upkeep
|turn|27
|
|move|p1a: Roserade|Sludge Bomb|p2a: Flareon
|-damage|p2a: Flareon|40/100 tox
|move|p2a: Flareon|Flare Blitz|p1a: Roserade
|-supereffective|p1a: Roserade
|-damage|p1a: Roserade|0 fnt
|-damage|p2a: Flareon|28/100 tox|[from] Recoil
|faint|p1a: Roserade
|
|-heal|p2a: Flareon|78/100 tox|[from] move: Wish|[wisher] Flareon
|-damage|p2a: Flareon|60/100 tox|[from] psn
|upkeep
|
|switch|p1a: Hitmontop|Hitmontop, M|46/100
|-damage|p1a: Hitmontop|40/100|[from] Stealth Rock
|turn|28
|
|switch|p2a: Rotom|Rotom-Fan|71/100
|move|p1a: Hitmontop|Fake Out|p2a: Rotom
|-damage|p2a: Rotom|47/100
|
|-heal|p2a: Rotom|53/100|[from] item: Leftovers
|upkeep
|turn|29
|
|switch|p1a: Whimsicott|Whimsicott, F|67/100
|-damage|p1a: Whimsicott|55/100|[from] Stealth Rock
|move|p2a: Rotom|Air Slash|p1a: Whimsicott
|-supereffective|p1a: Whimsicott
|-damage|p1a: Whimsicott|0 fnt
|faint|p1a: Whimsicott
|
|-heal|p2a: Rotom|59/100|[from] item: Leftovers
|upkeep
|
|switch|p1a: Togedemaru|Togedemaru, F|55/100
|-damage|p1a: Togedemaru|49/100|[from] Stealth Rock
|turn|30
|
|move|p1a: Togedemaru|Zing Zap|p2a: Rotom
|-damage|p2a: Rotom|25/100
|move|p2a: Rotom|Air Slash|p1a: Togedemaru
|-resisted|p1a: Togedemaru
|-damage|p1a: Togedemaru|37/100
|
|-heal|p2a: Rotom|32/100|[from] item: Leftovers
|upkeep
|turn|31
|
|switch|p2a: Palpitoad|Palpitoad, M|76/100 psn
|-damage|p2a: Palpitoad|63/100 psn|[from] Spikes
|move|p1a: Togedemaru|Zing Zap|p2a: Palpitoad
|-immune|p2a: Palpitoad
|
|-damage|p2a: Palpitoad|51/100 psn|[from] psn
|upkeep
|turn|32
|
|switch|p1a: Hitmontop|Hitmontop, M|40/100
|-damage|p1a: Hitmontop|34/100|[from] Stealth Rock
|move|p2a: Palpitoad|Scald|p1a: Hitmontop
|-damage|p1a: Hitmontop|19/100
|
|-damage|p2a: Palpitoad|38/100 psn|[from] psn
|upkeep
|turn|33
|
|switch|p2a: Rotom|Rotom-Fan|32/100
|move|p1a: Hitmontop|Rapid Spin|p2a: Rotom
|-damage|p2a: Rotom|1/100
|-sideend|p1: 07l中国大妈|Stealth Rock|[from] move: Rapid Spin|[of] p1a: Hitmontop
|-boost|p1a: Hitmontop|spe|1
|
|-heal|p2a: Rotom|8/100|[from] item: Leftovers
|upkeep
|turn|34
|
|move|p1a: Hitmontop|Mach Punch|p2a: Rotom
|-resisted|p2a: Rotom
|-damage|p2a: Rotom|0 fnt
|faint|p2a: Rotom
|
|upkeep
|
|switch|p2a: Perrserker|Perrserker, F|62/100
|-damage|p2a: Perrserker|50/100|[from] Spikes
|turn|35
|
|move|p2a: Perrserker|Fake Out|p1a: Hitmontop
|-damage|p1a: Hitmontop|0 fnt
|faint|p1a: Hitmontop
|
|upkeep
|-message|07l中国大妈 forfeited.
|
|win|talkintime
|l|☆07l中国大妈
