|j|☆staresqulla
|j|☆Haazel Thorn
|inactive|Battle timer is ON: inactive players will automatically lose when time's up.
|t:|1648929766
|gametype|singles
|player|p1|staresqulla|shadowtriad|
|player|p2|Haazel Thorn|bede|
|teamsize|p1|6
|teamsize|p2|6
|gen|8
|tier|[Gen 8] RU
|rated|Tournament battle
|rule|Sleep Clause Mod: Limit one foe put to sleep
|rule|Species Clause: Limit one of each Pokémon
|rule|OHKO Clause: OHKO moves are banned
|rule|Evasion Moves Clause: Evasion moves are banned
|rule|Endless Battle Clause: Forcing endless battles is banned
|rule|HP Percentage Mod: HP is shown in percentages
|rule|Dynamax Clause: You cannot dynamax
|clearpoke
|poke|p1|Porygon-Z|
|poke|p1|Registeel|
|poke|p1|Sharpedo, F|
|poke|p1|Heracross, M|
|poke|p1|Crobat, F|
|poke|p1|Exploud, F|
|poke|p2|Suicune|
|poke|p2|Weezing-Galar, F|
|poke|p2|Metagross|
|poke|p2|Umbreon, F|
|poke|p2|Nidoqueen, F|
|poke|p2|Togekiss, F|
|teampreview
|j|*Lady Monita ✿
|j| Enri1988
|inactive|staresqulla has 120 seconds left.
|l| Enri1988
|
|t:|1648929807
|start
|switch|p1a: Exploud|Exploud, F|100/100
|switch|p2a: Nidoqueen|Nidoqueen, F|100/100
|turn|1
|j| NoTollsNoRolls
|inactive|Haazel Thorn has 120 seconds left.
|
|t:|1648929841
|move|p1a: Exploud|Surf|p2a: Nidoqueen
|-supereffective|p2a: Nidoqueen
|-damage|p2a: Nidoqueen|46/100
|move|p2a: Nidoqueen|Stealth Rock|p1a: Exploud
|-sidestart|p1: staresqulla|move: Stealth Rock
|
|-heal|p2a: Nidoqueen|52/100|[from] item: Black Sludge
|upkeep
|turn|2
|j| MonsMustGoOn
|
|t:|1648929846
|switch|p2a: Umbreon|Umbreon, F|100/100
|move|p1a: Exploud|Surf|p2a: Umbreon
|-damage|p2a: Umbreon|80/100
|
|-heal|p2a: Umbreon|86/100|[from] item: Leftovers
|upkeep
|turn|3
|
|t:|1648929852
|switch|p1a: Registeel|Registeel|100/100
|-damage|p1a: Registeel|94/100|[from] Stealth Rock
|move|p2a: Umbreon|Wish|p2a: Umbreon
|
|-heal|p2a: Umbreon|92/100|[from] item: Leftovers
|-heal|p1a: Registeel|100/100|[from] item: Leftovers
|upkeep
|turn|4
|
|t:|1648929854
|switch|p2a: Nidoqueen|Nidoqueen, F|52/100
|move|p1a: Registeel|Toxic|p2a: Nidoqueen
|-immune|p2a: Nidoqueen
|
|-heal|p2a: Nidoqueen|100/100|[from] move: Wish|[wisher] Umbreon
|upkeep
|turn|5
|
|t:|1648929862
|switch|p1a: Crobat|Crobat, F|100/100
|move|p2a: Nidoqueen|Earth Power|p1a: Crobat
|-immune|p1a: Crobat
|
|upkeep
|turn|6
|
|t:|1648929867
|move|p1a: Crobat|U-turn|p2a: Nidoqueen
|-resisted|p2a: Nidoqueen
|-damage|p2a: Nidoqueen|90/100
|j| pattek
|
|t:|1648929872
|switch|p1a: Sharpedo|Sharpedo, F|100/100|[from]move: U-turn
|-damage|p1a: Sharpedo|88/100|[from] Stealth Rock
|move|p2a: Nidoqueen|Ice Beam|p1a: Sharpedo
|-resisted|p1a: Sharpedo
|-damage|p1a: Sharpedo|61/100
|
|-heal|p2a: Nidoqueen|97/100|[from] item: Black Sludge
|upkeep
|turn|7
|l| pattek
|
|t:|1648929893
|switch|p2a: Togekiss|Togekiss, F|100/100
|move|p1a: Sharpedo|Waterfall|p2a: Togekiss
|-damage|p2a: Togekiss|39/100
|-damage|p1a: Sharpedo|51/100|[from] item: Life Orb
|
|-ability|p1a: Sharpedo|Speed Boost|boost
|-boost|p1a: Sharpedo|spe|1
|upkeep
|turn|8
|
|t:|1648929900
|switch|p2a: Weezing|Weezing-Galar, F|100/100
|move|p1a: Sharpedo|Waterfall|p2a: Weezing
|-damage|p2a: Weezing|65/100
|-damage|p1a: Sharpedo|35/100|[from] item: Rocky Helmet|[of] p2a: Weezing
|-damage|p1a: Sharpedo|25/100|[from] item: Life Orb
|
|-ability|p1a: Sharpedo|Speed Boost|boost
|-boost|p1a: Sharpedo|spe|1
|upkeep
|turn|9
|
|t:|1648929909
|switch|p1a: Registeel|Registeel|100/100
|-damage|p1a: Registeel|94/100|[from] Stealth Rock
|move|p2a: Weezing|Will-O-Wisp|p1a: Registeel
|-status|p1a: Registeel|brn
|
|-heal|p1a: Registeel|100/100 brn|[from] item: Leftovers
|-damage|p1a: Registeel|94/100 brn|[from] brn
|upkeep
|turn|10
|
|t:|1648929914
|switch|p2a: Nidoqueen|Nidoqueen, F|97/100
|move|p1a: Registeel|Heavy Slam|p2a: Nidoqueen
|-damage|p2a: Nidoqueen|86/100
|
|-heal|p2a: Nidoqueen|92/100|[from] item: Black Sludge
|-heal|p1a: Registeel|100/100 brn|[from] item: Leftovers
|-damage|p1a: Registeel|94/100 brn|[from] brn
|upkeep
|turn|11
|
|t:|1648929922
|move|p2a: Nidoqueen|Ice Beam|p1a: Registeel
|-resisted|p1a: Registeel
|-damage|p1a: Registeel|88/100 brn
|move|p1a: Registeel|Stealth Rock|p2a: Nidoqueen
|-sidestart|p2: Haazel Thorn|move: Stealth Rock
|
|-heal|p2a: Nidoqueen|99/100|[from] item: Black Sludge
|-heal|p1a: Registeel|94/100 brn|[from] item: Leftovers
|-damage|p1a: Registeel|88/100 brn|[from] brn
|upkeep
|turn|12
|
|t:|1648929934
|move|p2a: Nidoqueen|Ice Beam|p1a: Registeel
|-resisted|p1a: Registeel
|-damage|p1a: Registeel|82/100 brn
|move|p1a: Registeel|Heavy Slam|p2a: Nidoqueen
|-damage|p2a: Nidoqueen|89/100
|
|-heal|p2a: Nidoqueen|95/100|[from] item: Black Sludge
|-heal|p1a: Registeel|88/100 brn|[from] item: Leftovers
|-damage|p1a: Registeel|82/100 brn|[from] brn
|upkeep
|turn|13
|
|t:|1648929942
|switch|p1a: Heracross|Heracross, M|100/100
|-damage|p1a: Heracross|88/100|[from] Stealth Rock
|move|p2a: Nidoqueen|Earth Power|p1a: Heracross
|-resisted|p1a: Heracross
|-damage|p1a: Heracross|67/100
|
|-heal|p2a: Nidoqueen|100/100|[from] item: Black Sludge
|-status|p1a: Heracross|brn|[from] item: Flame Orb
|upkeep
|turn|14
|inactive|staresqulla has 120 seconds left.
|inactive|staresqulla has 90 seconds left.
|
|t:|1648930008
|switch|p2a: Weezing|Weezing-Galar, F|65/100
|-damage|p2a: Weezing|53/100|[from] Stealth Rock
|move|p1a: Heracross|Facade|p2a: Weezing
|-damage|p2a: Weezing|10/100
|-damage|p1a: Heracross|50/100 brn|[from] item: Rocky Helmet|[of] p2a: Weezing
|
|-damage|p1a: Heracross|44/100 brn|[from] brn
|upkeep
|turn|15
|inactive|staresqulla has 90 seconds left.
|
|t:|1648930017
|move|p1a: Heracross|Knock Off|p2a: Weezing
|-resisted|p2a: Weezing
|-damage|p2a: Weezing|0 fnt
|-damage|p1a: Heracross|28/100 brn|[from] item: Rocky Helmet|[of] p2a: Weezing
|-enditem|p2a: Weezing|Rocky Helmet|[from] move: Knock Off|[of] p1a: Heracross
|faint|p2a: Weezing
|
|-damage|p1a: Heracross|22/100 brn|[from] brn
|upkeep
|
|t:|1648930024
|switch|p2a: Togekiss|Togekiss, F|39/100
|-damage|p2a: Togekiss|14/100|[from] Stealth Rock
|turn|16
|
|t:|1648930029
|move|p2a: Togekiss|Air Slash|p1a: Heracross|[miss]
|-miss|p2a: Togekiss|p1a: Heracross
|move|p1a: Heracross|Knock Off|p2a: Togekiss
|-resisted|p2a: Togekiss
|-damage|p2a: Togekiss|0 fnt
|-enditem|p2a: Togekiss|Choice Scarf|[from] move: Knock Off|[of] p1a: Heracross
|faint|p2a: Togekiss
|
|-damage|p1a: Heracross|16/100 brn|[from] brn
|upkeep
|
|t:|1648930040
|switch|p2a: Umbreon|Umbreon, F|92/100
|-damage|p2a: Umbreon|80/100|[from] Stealth Rock
|turn|17
|
|t:|1648930043
|move|p2a: Umbreon|Protect|p2a: Umbreon
|-singleturn|p2a: Umbreon|Protect
|move|p1a: Heracross|Close Combat|p2a: Umbreon
|-activate|p2a: Umbreon|move: Protect
|
|-heal|p2a: Umbreon|86/100|[from] item: Leftovers
|-damage|p1a: Heracross|10/100 brn|[from] brn
|upkeep
|turn|18
|
|t:|1648930048
|switch|p2a: Nidoqueen|Nidoqueen, F|100/100
|-damage|p2a: Nidoqueen|94/100|[from] Stealth Rock
|move|p1a: Heracross|Close Combat|p2a: Nidoqueen
|-resisted|p2a: Nidoqueen
|-damage|p2a: Nidoqueen|52/100
|-unboost|p1a: Heracross|def|1
|-unboost|p1a: Heracross|spd|1
|
|-heal|p2a: Nidoqueen|59/100|[from] item: Black Sludge
|-damage|p1a: Heracross|4/100 brn|[from] brn
|upkeep
|turn|19
|
|t:|1648930059
|move|p1a: Heracross|Knock Off|p2a: Nidoqueen
|-damage|p2a: Nidoqueen|11/100
|-enditem|p2a: Nidoqueen|Black Sludge|[from] move: Knock Off|[of] p1a: Heracross
|move|p2a: Nidoqueen|Earth Power|p1a: Heracross
|-resisted|p1a: Heracross
|-damage|p1a: Heracross|0 fnt
|faint|p1a: Heracross
|
|upkeep
|
|t:|1648930066
|switch|p1a: Crobat|Crobat, F|100/100
|turn|20
|j| DaniusDaniu
|
|t:|1648930069
|move|p1a: Crobat|U-turn|p2a: Nidoqueen
|-resisted|p2a: Nidoqueen
|-damage|p2a: Nidoqueen|2/100
|
|t:|1648930072
|switch|p1a: Registeel|Registeel|82/100 brn|[from]move: U-turn
|-damage|p1a: Registeel|76/100 brn|[from] Stealth Rock
|move|p2a: Nidoqueen|Ice Beam|p1a: Registeel
|-resisted|p1a: Registeel
|-damage|p1a: Registeel|71/100 brn
|
|-heal|p1a: Registeel|77/100 brn|[from] item: Leftovers
|-damage|p1a: Registeel|71/100 brn|[from] brn
|upkeep
|turn|21
|
|t:|1648930079
|move|p2a: Nidoqueen|Ice Beam|p1a: Registeel
|-resisted|p1a: Registeel
|-damage|p1a: Registeel|65/100 brn
|move|p1a: Registeel|Heavy Slam|p2a: Nidoqueen
|-crit|p2a: Nidoqueen
|-damage|p2a: Nidoqueen|0 fnt
|faint|p2a: Nidoqueen
|
|-heal|p1a: Registeel|71/100 brn|[from] item: Leftovers
|-damage|p1a: Registeel|65/100 brn|[from] brn
|upkeep
|
|t:|1648930081
|switch|p2a: Metagross|Metagross, shiny|100/100
|-damage|p2a: Metagross|94/100|[from] Stealth Rock
|turn|22
|
|t:|1648930094
|switch|p1a: Exploud|Exploud, F|100/100
|-damage|p1a: Exploud|88/100|[from] Stealth Rock
|move|p2a: Metagross|Cosmic Power|p2a: Metagross
|-boost|p2a: Metagross|def|1
|-boost|p2a: Metagross|spd|1
|
|-heal|p2a: Metagross|100/100|[from] item: Leftovers
|upkeep
|turn|23
|
|t:|1648930099
|move|p1a: Exploud|Overheat|p2a: Metagross
|-supereffective|p2a: Metagross
|-crit|p2a: Metagross
|-damage|p2a: Metagross|0 fnt
|-unboost|p1a: Exploud|spa|2
|faint|p2a: Metagross
|
|upkeep
|c|☆Haazel Thorn|lmao
|
|t:|1648930106
|switch|p2a: Suicune|Suicune|100/100
|-damage|p2a: Suicune|88/100|[from] Stealth Rock
|-ability|p2a: Suicune|Pressure
|turn|24
|c|☆staresqulla|omg
|
|t:|1648930122
|switch|p1a: Porygon-Z|Porygon-Z|100/100
|-damage|p1a: Porygon-Z|88/100|[from] Stealth Rock
|move|p2a: Suicune|Calm Mind|p2a: Suicune
|-boost|p2a: Suicune|spa|1
|-boost|p2a: Suicune|spd|1
|
|-heal|p2a: Suicune|94/100|[from] item: Leftovers
|upkeep
|turn|25
|
|t:|1648930126
|move|p1a: Porygon-Z|Trick|p2a: Suicune
|-activate|p1a: Porygon-Z|move: Trick|[of] p2a: Suicune
|-item|p2a: Suicune|Choice Scarf|[from] move: Trick
|-item|p1a: Porygon-Z|Leftovers|[from] move: Trick
|move|p2a: Suicune|Scald|p1a: Porygon-Z
|-damage|p1a: Porygon-Z|39/100
|
|-heal|p1a: Porygon-Z|45/100|[from] item: Leftovers
|upkeep
|turn|26
|
|t:|1648930137
|move|p2a: Suicune|Scald|p1a: Porygon-Z
|-damage|p1a: Porygon-Z|0 fnt
|faint|p1a: Porygon-Z
|
|upkeep
|l| DaniusDaniu
|
|t:|1648930147
|switch|p1a: Crobat|Crobat, F|100/100
|turn|27
|
|t:|1648930150
|move|p1a: Crobat|Brave Bird|p2a: Suicune
|-damage|p2a: Suicune|69/100
|-damage|p1a: Crobat|90/100|[from] Recoil
|move|p2a: Suicune|Scald|p1a: Crobat
|-damage|p1a: Crobat|38/100
|
|upkeep
|turn|28
|
|t:|1648930170
|move|p1a: Crobat|Roost|p1a: Crobat
|-heal|p1a: Crobat|88/100
|-singleturn|p1a: Crobat|move: Roost
|move|p2a: Suicune|Scald|p1a: Crobat
|-damage|p1a: Crobat|35/100
|
|upkeep
|turn|29
|
|t:|1648930178
|move|p1a: Crobat|U-turn|p2a: Suicune
|-damage|p2a: Suicune|58/100
|
|t:|1648930181
|switch|p1a: Registeel|Registeel|65/100 brn|[from]move: U-turn
|-damage|p1a: Registeel|58/100 brn|[from] Stealth Rock
|move|p2a: Suicune|Scald|p1a: Registeel
|-damage|p1a: Registeel|36/100 brn
|
|-heal|p1a: Registeel|42/100 brn|[from] item: Leftovers
|-damage|p1a: Registeel|36/100 brn|[from] brn
|upkeep
|turn|30
|
|t:|1648930185
|move|p2a: Suicune|Scald|p1a: Registeel
|-damage|p1a: Registeel|14/100 brn
|move|p1a: Registeel|Toxic|p2a: Suicune
|-status|p2a: Suicune|tox
|
|-heal|p1a: Registeel|20/100 brn|[from] item: Leftovers
|-damage|p2a: Suicune|52/100 tox|[from] psn
|-damage|p1a: Registeel|14/100 brn|[from] brn
|upkeep
|turn|31
|
|t:|1648930195
|move|p2a: Suicune|Scald|p1a: Registeel
|-damage|p1a: Registeel|0 fnt
|faint|p1a: Registeel
|
|-damage|p2a: Suicune|40/100 tox|[from] psn
|upkeep
|
|t:|1648930199
|switch|p1a: Sharpedo|Sharpedo, F|25/100
|-damage|p1a: Sharpedo|12/100|[from] Stealth Rock
|turn|32
|
|t:|1648930202
|move|p1a: Sharpedo|Protect|p1a: Sharpedo
|-singleturn|p1a: Sharpedo|Protect
|move|p2a: Suicune|Scald|p1a: Sharpedo
|-activate|p1a: Sharpedo|move: Protect
|
|-damage|p2a: Suicune|21/100 tox|[from] psn
|-ability|p1a: Sharpedo|Speed Boost|boost
|-boost|p1a: Sharpedo|spe|1
|upkeep
|turn|33
|
|t:|1648930212
|move|p1a: Sharpedo|Crunch|p2a: Suicune
|-damage|p2a: Suicune|0 fnt
|faint|p2a: Suicune
|-damage|p1a: Sharpedo|2/100|[from] item: Life Orb
|
|-ability|p1a: Sharpedo|Speed Boost|boost
|-boost|p1a: Sharpedo|spe|1
|upkeep
|
|t:|1648930215
|switch|p2a: Umbreon|Umbreon, F|86/100
|-damage|p2a: Umbreon|74/100|[from] Stealth Rock
|turn|34
|
|t:|1648930218
|move|p2a: Umbreon|Protect|p2a: Umbreon
|-singleturn|p2a: Umbreon|Protect
|move|p1a: Sharpedo|Close Combat|p2a: Umbreon
|-activate|p2a: Umbreon|move: Protect
|
|-heal|p2a: Umbreon|80/100|[from] item: Leftovers
|-ability|p1a: Sharpedo|Speed Boost|boost
|-boost|p1a: Sharpedo|spe|1
|upkeep
|turn|35
|
|t:|1648930221
|move|p1a: Sharpedo|Close Combat|p2a: Umbreon
|-supereffective|p2a: Umbreon
|-damage|p2a: Umbreon|0 fnt
|-unboost|p1a: Sharpedo|def|1
|-unboost|p1a: Sharpedo|spd|1
|faint|p2a: Umbreon
|-damage|p1a: Sharpedo|0 fnt|[from] item: Life Orb
|faint|p1a: Sharpedo
|
|win|staresqulla
|n|☆staresqulla|staresqulla
|n|☆Haazel Thorn|haazelthorn
|n|*Lady Monita ✿|ladymonita
|n| NoTollsNoRolls|notollsnorolls
|n| MonsMustGoOn|monsmustgoon
|l|*Lady Monita ✿
|l|☆Haazel Thorn
