|j|☆pattekjr
|j|☆Gladio
|player|p1|pattekjr|boarder-gen2|1352
|player|p2|Gladio|emmet|1410
|teamsize|p1|6
|teamsize|p2|6
|gametype|singles
|gen|8
|tier|[Gen 8] RU
|rated|
|clearpoke
|poke|p1|Goodra, F|
|poke|p1|Scrafty, M|
|poke|p1|Vileplume, F|
|poke|p1|Steelix, F|
|poke|p1|Mantine, M|
|poke|p1|Indeedee, M|
|poke|p2|Gallade, M|
|poke|p2|Silvally-*|
|poke|p2|Indeedee, M|
|poke|p2|Mantine, F|
|poke|p2|Steelix, M|
|poke|p2|Vileplume, F|
|rule|Sleep Clause Mod: Limit one foe put to sleep
|rule|Species Clause: Limit one of each Pokémon
|rule|OHKO Clause: OHKO moves are banned
|rule|Evasion Moves Clause: Evasion moves are banned
|rule|Endless Battle Clause: Forcing endless battles is banned
|rule|HP Percentage Mod: HP is shown in percentages
|rule|Dynamax Clause: You cannot dynamax
|teampreview
|inactive|Battle timer is ON: inactive players will automatically lose when time's up. (requested by pattekjr)
|
|start
|switch|p1a: Mantine|Mantine, M|100/100
|switch|p2a: Silvally|Silvally-Fairy|100/100
|turn|1
|
|move|p2a: Silvally|U-turn|p1a: Mantine
|-resisted|p1a: Mantine
|-damage|p1a: Mantine|92/100
|
|switch|p2a: Vileplume|Vileplume, F|100/100|[from]move: U-turn
|move|p1a: Mantine|Toxic|p2a: Vileplume|[miss]
|-miss|p1a: Mantine|p2a: Vileplume
|
|upkeep
|turn|2
|
|switch|p1a: Steelix|Steelix, F|100/100
|switch|p2a: Silvally|Silvally-Fairy|100/100
|
|upkeep
|turn|3
|
|switch|p2a: Mantine|Mantine, F|100/100
|move|p1a: Steelix|Stealth Rock|p2a: Mantine
|-sidestart|p2: Gladio|move: Stealth Rock
|
|upkeep
|turn|4
|
|move|p2a: Mantine|Defog|p1a: Steelix
|-unboost|p1a: Steelix|evasion|1
|-sideend|p2: Gladio|Stealth Rock|[from] move: Defog|[of] p2a: Mantine
|move|p1a: Steelix|Toxic|p2a: Mantine
|-status|p2a: Mantine|tox
|
|-damage|p2a: Mantine|94/100 tox|[from] psn
|upkeep
|turn|5
|
|switch|p2a: Gallade|Gallade, M|100/100
|switch|p1a: Scrafty|Scrafty, M|100/100
|
|upkeep
|turn|6
|
|switch|p1a: Vileplume|Vileplume, F|100/100
|move|p2a: Gallade|Swords Dance|p2a: Gallade
|-boost|p2a: Gallade|atk|2
|
|upkeep
|turn|7
|
|switch|p1a: Scrafty|Scrafty, M|100/100
|move|p2a: Gallade|Zen Headbutt|p1a: Scrafty
|-immune|p1a: Scrafty
|
|upkeep
|turn|8
|
|switch|p1a: Vileplume|Vileplume, F|100/100
|move|p2a: Gallade|Close Combat|p1a: Vileplume
|-resisted|p1a: Vileplume
|-damage|p1a: Vileplume|26/100
|-unboost|p2a: Gallade|def|1
|-unboost|p2a: Gallade|spd|1
|-damage|p2a: Gallade|91/100|[from] item: Life Orb
|
|-heal|p1a: Vileplume|32/100|[from] item: Black Sludge
|upkeep
|turn|9
|
|move|p2a: Gallade|Knock Off|p1a: Vileplume
|-damage|p1a: Vileplume|0 fnt
|-enditem|p1a: Vileplume|Black Sludge|[from] move: Knock Off|[of] p2a: Gallade
|-damage|p2a: Gallade|81/100|[from] item: Life Orb
|faint|p1a: Vileplume
|
|upkeep
|
|switch|p1a: Indeedee|Indeedee, M|100/100
|-fieldstart|move: Psychic Terrain|[from] ability: Psychic Surge|[of] p1a: Indeedee
|turn|10
|
|switch|p2a: Mantine|Mantine, F|94/100 tox
|move|p1a: Indeedee|Mystical Fire|p2a: Mantine
|-resisted|p2a: Mantine
|-damage|p2a: Mantine|86/100 tox
|-unboost|p2a: Mantine|spa|1
|
|-damage|p2a: Mantine|80/100 tox|[from] psn
|upkeep
|turn|11
|
|switch|p1a: Steelix|Steelix, F|100/100
|switch|p2a: Silvally|Silvally-Fairy|100/100
|
|upkeep
|turn|12
|
|move|p2a: Silvally|U-turn|p1a: Steelix
|-resisted|p1a: Steelix
|-damage|p1a: Steelix|95/100
|
|switch|p2a: Gallade|Gallade, M|81/100|[from]move: U-turn
|move|p1a: Steelix|Stealth Rock|p2a: Gallade
|-sidestart|p2: Gladio|move: Stealth Rock
|
|-heal|p1a: Steelix|100/100|[from] item: Leftovers
|upkeep
|turn|13
|
|move|p2a: Gallade|Knock Off|p1a: Steelix
|-damage|p1a: Steelix|78/100
|-enditem|p1a: Steelix|Leftovers|[from] move: Knock Off|[of] p2a: Gallade
|-damage|p2a: Gallade|71/100|[from] item: Life Orb
|move|p1a: Steelix|Heavy Slam|p2a: Gallade
|-damage|p2a: Gallade|13/100
|
|upkeep
|turn|14
|
|switch|p2a: Mantine|Mantine, F|80/100 tox
|switch|p1a: Mantine|Mantine, M|92/100
|
|-damage|p2a: Mantine|74/100 tox|[from] psn
|-fieldend|move: Psychic Terrain
|upkeep
|turn|15
|
|switch|p1a: Steelix|Steelix, F|78/100
|move|p2a: Mantine|Defog|p1a: Steelix
|-unboost|p1a: Steelix|evasion|1
|-sideend|p2: Gladio|Stealth Rock|[from] move: Defog|[of] p2a: Mantine
|
|-damage|p2a: Mantine|62/100 tox|[from] psn
|upkeep
|turn|16
|
|switch|p1a: Mantine|Mantine, M|92/100
|move|p2a: Mantine|Scald|p1a: Mantine
|-heal|p1a: Mantine|100/100|[from] ability: Water Absorb|[of] p2a: Mantine
|
|-damage|p2a: Mantine|43/100 tox|[from] psn
|upkeep
|turn|17
|
|switch|p1a: Steelix|Steelix, F|78/100
|move|p2a: Mantine|Roost|p2a: Mantine
|-heal|p2a: Mantine|93/100 tox
|-singleturn|p2a: Mantine|move: Roost
|
|-damage|p2a: Mantine|69/100 tox|[from] psn
|upkeep
|turn|18
|
|switch|p2a: Gallade|Gallade, M|13/100
|move|p1a: Steelix|Stealth Rock|p2a: Gallade
|-sidestart|p2: Gladio|move: Stealth Rock
|
|upkeep
|turn|19
|
|switch|p1a: Mantine|Mantine, M|100/100
|move|p2a: Gallade|Close Combat|p1a: Mantine
|-resisted|p1a: Mantine
|-damage|p1a: Mantine|67/100
|-unboost|p2a: Gallade|def|1
|-unboost|p2a: Gallade|spd|1
|-damage|p2a: Gallade|4/100|[from] item: Life Orb
|
|upkeep
|turn|20
|
|move|p2a: Gallade|Close Combat|p1a: Mantine
|-resisted|p1a: Mantine
|-damage|p1a: Mantine|35/100
|-unboost|p2a: Gallade|def|1
|-unboost|p2a: Gallade|spd|1
|-damage|p2a: Gallade|0 fnt|[from] item: Life Orb
|faint|p2a: Gallade
|move|p1a: Mantine|Scald|p2: Gallade|[notarget]
|-fail|p1a: Mantine
|
|upkeep
|
|switch|p2a: Silvally|Silvally-Fairy|100/100
|-damage|p2a: Silvally|88/100|[from] Stealth Rock
|turn|21
|
|switch|p1a: Steelix|Steelix, F|78/100
|move|p2a: Silvally|Swords Dance|p2a: Silvally
|-boost|p2a: Silvally|atk|2
|
|upkeep
|turn|22
|
|move|p2a: Silvally|U-turn|p1a: Steelix
|-resisted|p1a: Steelix
|-damage|p1a: Steelix|67/100
|
|switch|p2a: Mantine|Mantine, F|69/100 tox|[from]move: U-turn
|move|p1a: Steelix|Heavy Slam|p2a: Mantine
|-resisted|p2a: Mantine
|-damage|p2a: Mantine|64/100 tox
|
|-damage|p2a: Mantine|58/100 tox|[from] psn
|upkeep
|turn|23
|
|switch|p1a: Mantine|Mantine, M|35/100
|move|p2a: Mantine|Roost|p2a: Mantine
|-heal|p2a: Mantine|100/100 tox
|-singleturn|p2a: Mantine|move: Roost
|
|-damage|p2a: Mantine|88/100 tox|[from] psn
|upkeep
|turn|24
|
|move|p1a: Mantine|Roost|p1a: Mantine
|-heal|p1a: Mantine|85/100
|-singleturn|p1a: Mantine|move: Roost
|move|p2a: Mantine|Toxic|p1a: Mantine
|-status|p1a: Mantine|tox
|
|-damage|p1a: Mantine|79/100 tox|[from] psn
|-damage|p2a: Mantine|70/100 tox|[from] psn
|upkeep
|turn|25
|
|switch|p1a: Steelix|Steelix, F|67/100
|switch|p2a: Vileplume|Vileplume, F|100/100
|-damage|p2a: Vileplume|88/100|[from] Stealth Rock
|
|-heal|p2a: Vileplume|94/100|[from] item: Black Sludge
|upkeep
|turn|26
|
|switch|p2a: Silvally|Silvally-Fairy|88/100
|-damage|p2a: Silvally|76/100|[from] Stealth Rock
|switch|p1a: Goodra|Goodra, F|100/100
|
|upkeep
|turn|27
|
|switch|p1a: Steelix|Steelix, F|67/100
|move|p2a: Silvally|U-turn|p1a: Steelix
|-resisted|p1a: Steelix
|-damage|p1a: Steelix|63/100
|
|switch|p2a: Indeedee|Indeedee, M|100/100|[from]move: U-turn
|-damage|p2a: Indeedee|88/100|[from] Stealth Rock
|-fieldstart|move: Psychic Terrain|[from] ability: Psychic Surge|[of] p2a: Indeedee
|
|upkeep
|turn|28
|
|switch|p1a: Scrafty|Scrafty, M|100/100
|move|p2a: Indeedee|Psychic|p1a: Scrafty
|-immune|p1a: Scrafty
|
|upkeep
|turn|29
|
|switch|p2a: Vileplume|Vileplume, F|94/100
|-damage|p2a: Vileplume|82/100|[from] Stealth Rock
|move|p1a: Scrafty|Knock Off|p2a: Vileplume
|-damage|p2a: Vileplume|58/100
|-status|p1a: Scrafty|slp|[from] ability: Effect Spore|[of] p2a: Vileplume
|-enditem|p2a: Vileplume|Black Sludge|[from] move: Knock Off|[of] p1a: Scrafty
|
|upkeep
|turn|30
|
|switch|p1a: Goodra|Goodra, F|100/100
|move|p2a: Vileplume|Strength Sap|p1a: Goodra
|-ability|p1a: Goodra|Sap Sipper|boost
|-boost|p1a: Goodra|atk|1
|
|upkeep
|turn|31
|
|switch|p2a: Mantine|Mantine, F|70/100 tox
|move|p1a: Goodra|Sludge Wave|p2a: Mantine
|-damage|p2a: Mantine|39/100 tox
|
|-damage|p2a: Mantine|33/100 tox|[from] psn
|-fieldend|move: Psychic Terrain
|upkeep
|turn|32
|
|switch|p1a: Indeedee|Indeedee, M|100/100
|-fieldstart|move: Psychic Terrain|[from] ability: Psychic Surge|[of] p1a: Indeedee
|move|p2a: Mantine|Roost|p2a: Mantine
|-heal|p2a: Mantine|83/100 tox
|-singleturn|p2a: Mantine|move: Roost
|
|-damage|p2a: Mantine|70/100 tox|[from] psn
|upkeep
|turn|33
|
|switch|p2a: Steelix|Steelix, M|100/100
|-damage|p2a: Steelix|97/100|[from] Stealth Rock
|move|p1a: Indeedee|Psychic|p2a: Steelix
|-resisted|p2a: Steelix
|-damage|p2a: Steelix|61/100
|
|-heal|p2a: Steelix|67/100|[from] item: Leftovers
|upkeep
|turn|34
|
|move|p1a: Indeedee|Psychic|p2a: Steelix
|-resisted|p2a: Steelix
|-damage|p2a: Steelix|29/100
|move|p2a: Steelix|Stealth Rock|p1a: Indeedee
|-sidestart|p1: pattekjr|move: Stealth Rock
|
|-heal|p2a: Steelix|36/100|[from] item: Leftovers
|upkeep
|turn|35
|
|switch|p2a: Indeedee|Indeedee, M|88/100
|-damage|p2a: Indeedee|76/100|[from] Stealth Rock
|move|p1a: Indeedee|Psychic|p2a: Indeedee
|-resisted|p2a: Indeedee
|-damage|p2a: Indeedee|39/100
|-unboost|p2a: Indeedee|spd|1
|
|upkeep
|turn|36
|
|move|p2a: Indeedee|Mystical Fire|p1a: Indeedee
|-crit|p1a: Indeedee
|-damage|p1a: Indeedee|54/100
|-unboost|p1a: Indeedee|spa|1
|move|p1a: Indeedee|Psychic|p2a: Indeedee
|-resisted|p2a: Indeedee
|-damage|p2a: Indeedee|5/100
|
|-fieldend|move: Psychic Terrain
|upkeep
|turn|37
|
|switch|p1a: Scrafty|Scrafty, M|100/100 slp
|-damage|p1a: Scrafty|95/100 slp|[from] Stealth Rock
|move|p2a: Indeedee|Mystical Fire|p1a: Scrafty
|-crit|p1a: Scrafty
|-damage|p1a: Scrafty|69/100 slp
|-unboost|p1a: Scrafty|spa|1
|
|-activate|p1a: Scrafty|ability: Shed Skin
|-curestatus|p1a: Scrafty|slp|[msg]
|-heal|p1a: Scrafty|75/100|[from] item: Leftovers
|upkeep
|turn|38
|inactive|Gladio has 120 seconds left.
|
|switch|p2a: Silvally|Silvally-Fairy|76/100
|-damage|p2a: Silvally|63/100|[from] Stealth Rock
|move|p1a: Scrafty|Drain Punch|p2a: Silvally
|-resisted|p2a: Silvally
|-damage|p2a: Silvally|50/100
|-heal|p1a: Scrafty|82/100|[from] drain|[of] p2a: Silvally
|
|-heal|p1a: Scrafty|88/100|[from] item: Leftovers
|upkeep
|turn|39
|inactive|Gladio has 120 seconds left.
|
|switch|p1a: Steelix|Steelix, F|63/100
|-damage|p1a: Steelix|60/100|[from] Stealth Rock
|move|p2a: Silvally|Multi-Attack|p1a: Steelix
|-resisted|p1a: Steelix
|-damage|p1a: Steelix|45/100
|
|upkeep
|turn|40
|inactive|Gladio has 120 seconds left.
|
|move|p2a: Silvally|U-turn|p1a: Steelix
|-resisted|p1a: Steelix
|-damage|p1a: Steelix|41/100
|
|switch|p2a: Mantine|Mantine, F|70/100 tox|[from]move: U-turn
|move|p1a: Steelix|Earthquake|p2a: Mantine
|-immune|p2a: Mantine
|
|-damage|p2a: Mantine|64/100 tox|[from] psn
|upkeep
|turn|41
|inactive|Gladio has 120 seconds left.
|
|switch|p1a: Scrafty|Scrafty, M|88/100
|-damage|p1a: Scrafty|82/100|[from] Stealth Rock
|move|p2a: Mantine|Roost|p2a: Mantine
|-heal|p2a: Mantine|100/100 tox
|-singleturn|p2a: Mantine|move: Roost
|
|-heal|p1a: Scrafty|88/100|[from] item: Leftovers
|-damage|p2a: Mantine|88/100 tox|[from] psn
|upkeep
|turn|42
|inactive|Gladio has 120 seconds left.
|
|switch|p1a: Indeedee|Indeedee, M|54/100
|-damage|p1a: Indeedee|41/100|[from] Stealth Rock
|-fieldstart|move: Psychic Terrain|[from] ability: Psychic Surge|[of] p1a: Indeedee
|switch|p2a: Vileplume|Vileplume, F|58/100
|-damage|p2a: Vileplume|45/100|[from] Stealth Rock
|
|upkeep
|turn|43
|
|switch|p2a: Indeedee|Indeedee, M|5/100
|-damage|p2a: Indeedee|0 fnt|[from] Stealth Rock
|faint|p2a: Indeedee
|move|p1a: Indeedee|Psychic|p2: Indeedee|[notarget]
|-fail|p1a: Indeedee
|
|upkeep
|
|switch|p2a: Mantine|Mantine, F|88/100 tox
|turn|44
|
|switch|p1a: Mantine|Mantine, M|79/100 tox
|move|p2a: Mantine|Toxic|p1a: Mantine
|-fail|p1a: Mantine|tox
|
|-damage|p1a: Mantine|72/100 tox|[from] psn
|-damage|p2a: Mantine|82/100 tox|[from] psn
|upkeep
|turn|45
|
|switch|p2a: Vileplume|Vileplume, F|45/100
|-damage|p2a: Vileplume|33/100|[from] Stealth Rock
|move|p1a: Mantine|Roost|p1a: Mantine
|-heal|p1a: Mantine|100/100 tox
|-singleturn|p1a: Mantine|move: Roost
|
|-damage|p1a: Mantine|88/100 tox|[from] psn
|upkeep
|turn|46
|
|move|p1a: Mantine|Defog|p2a: Vileplume
|-unboost|p2a: Vileplume|evasion|1
|-sideend|p2: Gladio|Stealth Rock|[from] move: Defog|[of] p1a: Mantine
|-sideend|p1: pattekjr|Stealth Rock|[from] move: Defog|[of] p1a: Mantine
|-fieldend|move: Psychic Terrain
|move|p2a: Vileplume|Sludge Bomb|p1a: Mantine
|-damage|p1a: Mantine|66/100 tox
|
|-damage|p1a: Mantine|47/100 tox|[from] psn
|upkeep
|turn|47
|inactive|Gladio has 120 seconds left.
|
|move|p1a: Mantine|Roost|p1a: Mantine
|-heal|p1a: Mantine|97/100 tox
|-singleturn|p1a: Mantine|move: Roost
|move|p2a: Vileplume|Strength Sap|p1a: Mantine
|-unboost|p1a: Mantine|atk|1
|-heal|p2a: Vileplume|54/100
|
|-damage|p1a: Mantine|73/100 tox|[from] psn
|upkeep
|turn|48
|inactive|Gladio has 120 seconds left.
|
|switch|p1a: Steelix|Steelix, F|41/100
|move|p2a: Vileplume|Sludge Bomb|p1a: Steelix
|-immune|p1a: Steelix
|
|upkeep
|turn|49
|inactive|Gladio has 120 seconds left.
|
|move|p2a: Vileplume|Sludge Bomb|p1a: Steelix
|-immune|p1a: Steelix
|move|p1a: Steelix|Stealth Rock|p2a: Vileplume
|-sidestart|p2: Gladio|move: Stealth Rock
|
|upkeep
|turn|50
|
|move|p2a: Vileplume|Giga Drain|p1a: Steelix
|-damage|p1a: Steelix|14/100
|-heal|p2a: Vileplume|68/100|[from] drain|[of] p1a: Steelix
|move|p1a: Steelix|Heavy Slam|p2a: Vileplume
|-damage|p2a: Vileplume|39/100
|
|upkeep
|turn|51
|
|switch|p1a: Goodra|Goodra, F|100/100
|move|p2a: Vileplume|Strength Sap|p1a: Goodra
|-ability|p1a: Goodra|Sap Sipper|boost
|-boost|p1a: Goodra|atk|1
|
|upkeep
|turn|52
|inactive|Gladio has 120 seconds left.
|
|move|p1a: Goodra|Draco Meteor|p2a: Vileplume
|-damage|p2a: Vileplume|0 fnt
|-unboost|p1a: Goodra|spa|2
|faint|p2a: Vileplume
|
|upkeep
|
|switch|p2a: Silvally|Silvally-Fairy|50/100
|-damage|p2a: Silvally|37/100|[from] Stealth Rock
|turn|53
|
|switch|p1a: Indeedee|Indeedee, M|41/100
|-fieldstart|move: Psychic Terrain|[from] ability: Psychic Surge|[of] p1a: Indeedee
|move|p2a: Silvally|Swords Dance|p2a: Silvally
|-boost|p2a: Silvally|atk|2
|
|upkeep
|turn|54
|
|move|p1a: Indeedee|Psychic|p2a: Silvally
|-damage|p2a: Silvally|0 fnt
|faint|p2a: Silvally
|
|upkeep
|c|☆Gladio|well, gg
|-message|Gladio forfeited.
|
|win|pattekjr
|c|☆pattekjr|gg
