|j|☆4452231p
|j|☆Macandchees3☩
|player|p1|4452231p|doubleteam|1495
|player|p2|Macandchees3☩|279|1599
|teamsize|p1|6
|teamsize|p2|6
|gametype|singles
|gen|8
|tier|[Gen 8] RU
|rated|
|clearpoke
|poke|p1|Xatu, M|
|poke|p1|Ninetales, M|
|poke|p1|Charizard, F|
|poke|p1|Vileplume, F|
|poke|p1|Steelix, F|
|poke|p1|Indeedee-F, F|
|poke|p2|Aromatisse, M|
|poke|p2|Quagsire, M|
|poke|p2|Silvally-*|
|poke|p2|Snorlax, F|
|poke|p2|Ferroseed, F|
|poke|p2|Xatu, F|
|rule|Sleep Clause Mod: Limit one foe put to sleep
|rule|Species Clause: Limit one of each Pokémon
|rule|OHKO Clause: OHKO moves are banned
|rule|Evasion Moves Clause: Evasion moves are banned
|rule|Endless Battle Clause: Forcing endless battles is banned
|rule|HP Percentage Mod: HP is shown in percentages
|rule|Dynamax Clause: You cannot dynamax
|teampreview
|
|start
|switch|p1a: Ninetales|Ninetales, M|100/100
|switch|p2a: Pride|Ferroseed, F|100/100
|-weather|SunnyDay|[from] ability: Drought|[of] p1a: Ninetales
|turn|1
|inactive|Battle timer is ON: inactive players will automatically lose when time's up. (requested by 4452231p)
|inactive|4452231p has 120 seconds left.
|
|switch|p1a: Xatu|Xatu, M|100/100
|switch|p2a: Gluttony|Snorlax, F|100/100
|
|-weather|SunnyDay|[upkeep]
|upkeep
|turn|2
|
|switch|p2a: Lust|Aromatisse, M|100/100
|move|p1a: Xatu|Toxic|p2a: Lust
|-status|p2a: Lust|tox
|
|-weather|SunnyDay|[upkeep]
|-damage|p2a: Lust|94/100 tox|[from] psn
|upkeep
|turn|3
|
|move|p1a: Xatu|U-turn|p2a: Lust
|-resisted|p2a: Lust
|-damage|p2a: Lust|90/100 tox
|
|switch|p1a: Indeedee|Indeedee-F, F|100/100|[from]move: U-turn
|-fieldstart|move: Psychic Terrain|[from] ability: Psychic Surge|[of] p1a: Indeedee
|move|p2a: Lust|Aromatherapy|p2a: Lust
|-activate|p2a: Lust|move: Aromatherapy
|-curestatus|p2a: Lust|tox|[msg]
|
|-weather|SunnyDay|[upkeep]
|-heal|p2a: Lust|97/100|[from] item: Leftovers
|upkeep
|turn|4
|
|move|p2a: Lust|Protect|p2a: Lust
|-singleturn|p2a: Lust|Protect
|move|p1a: Indeedee|Trick|p2a: Lust
|-activate|p2a: Lust|move: Protect
|
|-weather|SunnyDay|[upkeep]
|-heal|p2a: Lust|100/100|[from] item: Leftovers
|upkeep
|turn|5
|
|switch|p1a: Charizard|Charizard, F|100/100
|switch|p2a: Wrath|Silvally-Poison|100/100
|
|-weather|SunnyDay|[upkeep]
|-damage|p1a: Charizard|88/100|[from] ability: Solar Power|[of] p1a: Charizard
|upkeep
|turn|6
|
|switch|p2a: Gluttony|Snorlax, F|100/100
|move|p1a: Charizard|Focus Blast|p2a: Gluttony
|-supereffective|p2a: Gluttony
|-damage|p2a: Gluttony|0 fnt
|faint|p2a: Gluttony
|
|-weather|SunnyDay|[upkeep]
|-damage|p1a: Charizard|76/100|[from] ability: Solar Power|[of] p1a: Charizard
|upkeep
|
|switch|p2a: Greed|Xatu, F|100/100
|turn|7
|
|switch|p1a: Xatu|Xatu, M|100/100
|move|p2a: Greed|Psychic|p1a: Xatu
|-resisted|p1a: Xatu
|-damage|p1a: Xatu|80/100
|
|-weather|SunnyDay|[upkeep]
|-fieldend|move: Psychic Terrain
|upkeep
|turn|8
|
|move|p2a: Greed|Heat Wave|p1a: Xatu|[miss]
|-miss|p2a: Greed|p1a: Xatu
|move|p1a: Xatu|U-turn|p2a: Greed
|-damage|p2a: Greed|86/100
|
|switch|p1a: Charizard|Charizard, F|76/100|[from]move: U-turn
|
|-weather|none
|upkeep
|turn|9
|
|move|p1a: Charizard|Flamethrower|p2a: Greed
|-damage|p2a: Greed|6/100
|move|p2a: Greed|Roost|p2a: Greed
|-heal|p2a: Greed|56/100
|-singleturn|p2a: Greed|move: Roost
|
|upkeep
|turn|10
|
|switch|p2a: Sloth|Quagsire, M|100/100
|move|p1a: Charizard|Flamethrower|p2a: Sloth
|-resisted|p2a: Sloth
|-damage|p2a: Sloth|64/100
|
|-heal|p2a: Sloth|71/100|[from] item: Leftovers
|upkeep
|turn|11
|
|switch|p1a: Xatu|Xatu, M|80/100
|move|p2a: Sloth|Earthquake|p1a: Xatu
|-immune|p1a: Xatu
|
|-heal|p2a: Sloth|77/100|[from] item: Leftovers
|upkeep
|turn|12
|
|move|p1a: Xatu|U-turn|p2a: Sloth
|-damage|p2a: Sloth|68/100
|
|switch|p1a: Vileplume|Vileplume, F|100/100|[from]move: U-turn
|move|p2a: Sloth|Earthquake|p1a: Vileplume
|-crit|p1a: Vileplume
|-damage|p1a: Vileplume|38/100
|
|-heal|p2a: Sloth|74/100|[from] item: Leftovers
|upkeep
|turn|13
|
|switch|p1a: Ninetales|Ninetales, M|100/100
|-weather|SunnyDay|[from] ability: Drought|[of] p1a: Ninetales
|switch|p2a: Wrath|Silvally-Poison|100/100
|
|-weather|SunnyDay|[upkeep]
|upkeep
|turn|14
|
|move|p1a: Ninetales|Fire Blast|p2a: Wrath
|-damage|p2a: Wrath|46/100
|move|p2a: Wrath|Parting Shot|p1a: Ninetales
|-unboost|p1a: Ninetales|atk|1
|-unboost|p1a: Ninetales|spa|1
|
|switch|p2a: Lust|Aromatisse, M|100/100|[from]move: Parting Shot
|
|-weather|SunnyDay|[upkeep]
|upkeep
|turn|15
|
|switch|p1a: Charizard|Charizard, F|76/100
|move|p2a: Lust|Wish|p2a: Lust
|
|-weather|SunnyDay|[upkeep]
|-damage|p1a: Charizard|63/100|[from] ability: Solar Power|[of] p1a: Charizard
|upkeep
|turn|16
|
|move|p2a: Lust|Protect|p2a: Lust
|-singleturn|p2a: Lust|Protect
|move|p1a: Charizard|Flamethrower|p2a: Lust
|-activate|p2a: Lust|move: Protect
|
|-weather|SunnyDay|[upkeep]
|-damage|p1a: Charizard|51/100|[from] ability: Solar Power|[of] p1a: Charizard
|upkeep
|turn|17
|
|move|p2a: Lust|Protect||[still]
|-fail|p2a: Lust
|move|p1a: Charizard|Flamethrower|p2a: Lust
|-damage|p2a: Lust|0 fnt
|faint|p2a: Lust
|
|-weather|SunnyDay|[upkeep]
|-damage|p1a: Charizard|38/100|[from] ability: Solar Power|[of] p1a: Charizard
|upkeep
|-message|Macandchees3☩ forfeited.
|
|win|4452231p
|l|☆Macandchees3☩
|raw|4452231p's rating: 1462 &rarr; <strong>1490</strong><br />(+28 for winning)
|raw|Macandchees3☩'s rating: 1599 &rarr; <strong>1572</strong><br />(-27 for losing)
