|j|☆Hiba Tawaji
|j|☆Testinganteater
|t:|1624082601
|gametype|singles
|player|p1|Hiba Tawaji|ilima|1345
|player|p2|Testinganteater|palmer|1326
|teamsize|p1|6
|teamsize|p2|6
|gen|8
|tier|[Gen 8] RU
|rated|
|rule|Sleep Clause Mod: Limit one foe put to sleep
|rule|Species Clause: Limit one of each Pokémon
|rule|OHKO Clause: OHKO moves are banned
|rule|Evasion Moves Clause: Evasion moves are banned
|rule|Endless Battle Clause: Forcing endless battles is banned
|rule|HP Percentage Mod: HP is shown in percentages
|rule|Dynamax Clause: You cannot dynamax
|clearpoke
|poke|p1|Indeedee, M|
|poke|p1|Volcanion|
|poke|p1|Togekiss, F|
|poke|p1|Dhelmise|
|poke|p1|Flygon, M|
|poke|p1|Cobalion|
|poke|p2|Tyrantrum, M|
|poke|p2|Zarude|
|poke|p2|Togekiss, F|
|poke|p2|Milotic, F|
|poke|p2|Steelix, F|
|poke|p2|Toxicroak, M|
|teampreview
|j| A121314626jj
|l| A121314626jj
|
|t:|1624082625
|start
|switch|p1a: Flygon|Flygon, M|100/100
|switch|p2a: Milotic|Milotic, F|100/100
|turn|1
|
|t:|1624082633
|move|p1a: Flygon|U-turn|p2a: Milotic
|-damage|p2a: Milotic|86/100
|
|t:|1624082643
|switch|p1a: Dhelmise|Dhelmise|100/100|[from]move: U-turn
|move|p2a: Milotic|Flip Turn|p1a: Dhelmise
|-resisted|p1a: Dhelmise
|-damage|p1a: Dhelmise|94/100
|
|t:|1624082652
|switch|p2a: Togekiss|Togekiss, F|100/100|[from]move: Flip Turn
|
|upkeep
|turn|2
|
|t:|1624082660
|move|p2a: Togekiss|Air Slash|p1a: Dhelmise
|-supereffective|p1a: Dhelmise
|-damage|p1a: Dhelmise|26/100
|move|p1a: Dhelmise|Poltergeist|p2a: Togekiss
|-activate|p2a: Togekiss|move: Poltergeist|Heavy-Duty Boots
|-damage|p2a: Togekiss|57/100
|
|upkeep
|turn|3
|
|t:|1624082669
|switch|p1a: Volcanion|Volcanion|100/100
|move|p2a: Togekiss|Air Slash|p1a: Volcanion
|-damage|p1a: Volcanion|61/100
|
|upkeep
|turn|4
|
|t:|1624082681
|move|p1a: Volcanion|Toxic|p2a: Togekiss
|-status|p2a: Togekiss|tox
|move|p2a: Togekiss|Air Slash|p1a: Volcanion
|-damage|p1a: Volcanion|23/100
|
|-damage|p2a: Togekiss|51/100 tox|[from] psn
|upkeep
|turn|5
|
|t:|1624082686
|switch|p2a: Toxicroak|Toxicroak, M, shiny|100/100
|move|p1a: Volcanion|Steam Eruption|p2a: Toxicroak
|-immune|p2a: Toxicroak|[from] ability: Dry Skin
|
|upkeep
|turn|6
|
|t:|1624082696
|move|p2a: Toxicroak|Drain Punch|p1a: Volcanion
|-damage|p1a: Volcanion|0 fnt
|faint|p1a: Volcanion
|-damage|p2a: Toxicroak|91/100|[from] item: Life Orb
|
|upkeep
|
|t:|1624082700
|switch|p1a: Indeedee|Indeedee, M|100/100
|-fieldstart|move: Psychic Terrain|[from] ability: Psychic Surge|[of] p1a: Indeedee
|turn|7
|
|t:|1624082710
|switch|p2a: Steelix|Steelix, F|100/100
|move|p1a: Indeedee|Expanding Force|p2a: Steelix
|-resisted|p2a: Steelix
|-damage|p2a: Steelix|52/100
|
|-heal|p2a: Steelix|58/100|[from] item: Leftovers
|upkeep
|turn|8
|
|t:|1624082716
|switch|p1a: Dhelmise|Dhelmise|26/100
|switch|p2a: Zarude|Zarude|100/100
|
|upkeep
|turn|9
|
|t:|1624082721
|switch|p1a: Togekiss|Togekiss, F|100/100
|move|p2a: Zarude|U-turn|p1a: Togekiss
|-resisted|p1a: Togekiss
|-damage|p1a: Togekiss|96/100
|
|t:|1624082725
|switch|p2a: Tyrantrum|Tyrantrum, M|100/100|[from]move: U-turn
|
|upkeep
|turn|10
|
|t:|1624082736
|switch|p1a: Cobalion|Cobalion|100/100
|move|p2a: Tyrantrum|Earthquake|p1a: Cobalion
|-supereffective|p1a: Cobalion
|-damage|p1a: Cobalion|48/100
|
|upkeep
|turn|11
|
|t:|1624082745
|move|p2a: Tyrantrum|Earthquake|p1a: Cobalion
|-supereffective|p1a: Cobalion
|-damage|p1a: Cobalion|0 fnt
|faint|p1a: Cobalion
|
|-fieldend|move: Psychic Terrain
|upkeep
|
|t:|1624082749
|switch|p1a: Flygon|Flygon, M|100/100
|turn|12
|
|t:|1624082754
|switch|p2a: Milotic|Milotic, F|86/100
|move|p1a: Flygon|U-turn|p2a: Milotic
|-damage|p2a: Milotic|71/100
|
|t:|1624082763
|switch|p1a: Dhelmise|Dhelmise|26/100|[from]move: U-turn
|
|-heal|p2a: Milotic|77/100|[from] item: Leftovers
|upkeep
|turn|13
|
|t:|1624082766
|move|p2a: Milotic|Flip Turn|p1a: Dhelmise
|-resisted|p1a: Dhelmise
|-damage|p1a: Dhelmise|20/100
|
|t:|1624082770
|switch|p2a: Zarude|Zarude|100/100|[from]move: Flip Turn
|move|p1a: Dhelmise|Synthesis|p1a: Dhelmise
|-heal|p1a: Dhelmise|70/100
|
|upkeep
|turn|14
|
|t:|1624082776
|switch|p1a: Togekiss|Togekiss, F|96/100
|move|p2a: Zarude|Darkest Lariat|p1a: Togekiss
|-resisted|p1a: Togekiss
|-damage|p1a: Togekiss|77/100
|
|upkeep
|turn|15
|
|t:|1624082782
|switch|p1a: Dhelmise|Dhelmise|70/100
|move|p2a: Zarude|U-turn|p1a: Dhelmise
|-damage|p1a: Dhelmise|46/100
|
|t:|1624082789
|switch|p2a: Togekiss|Togekiss, F|51/100 tox|[from]move: U-turn
|
|-damage|p2a: Togekiss|44/100 tox|[from] psn
|upkeep
|turn|16
|
|t:|1624082794
|switch|p1a: Togekiss|Togekiss, F|77/100
|move|p2a: Togekiss|Roost|p2a: Togekiss
|-heal|p2a: Togekiss|95/100 tox
|-singleturn|p2a: Togekiss|move: Roost
|
|-damage|p2a: Togekiss|82/100 tox|[from] psn
|upkeep
|turn|17
|
|t:|1624082802
|switch|p2a: Tyrantrum|Tyrantrum, M|100/100
|move|p1a: Togekiss|Air Slash|p2a: Tyrantrum
|-resisted|p2a: Tyrantrum
|-damage|p2a: Tyrantrum|76/100
|
|upkeep
|turn|18
|
|t:|1624082808
|switch|p1a: Flygon|Flygon, M|100/100
|move|p2a: Tyrantrum|Head Smash|p1a: Flygon
|-resisted|p1a: Flygon
|-damage|p1a: Flygon|51/100
|
|upkeep
|turn|19
|
|t:|1624082817
|switch|p2a: Togekiss|Togekiss, F|82/100 tox
|move|p1a: Flygon|Earthquake|p2a: Togekiss
|-immune|p2a: Togekiss
|
|-damage|p2a: Togekiss|76/100 tox|[from] psn
|upkeep
|turn|20
|
|t:|1624082823
|switch|p1a: Togekiss|Togekiss, F|77/100
|move|p2a: Togekiss|Wish|p2a: Togekiss
|
|-damage|p2a: Togekiss|64/100 tox|[from] psn
|upkeep
|turn|21
|
|t:|1624082829
|switch|p2a: Steelix|Steelix, F|58/100
|move|p1a: Togekiss|Thunder Wave|p2a: Steelix
|-immune|p2a: Steelix
|
|-heal|p2a: Steelix|100/100|[from] move: Wish|[wisher] Togekiss
|upkeep
|turn|22
|
|t:|1624082835
|switch|p1a: Dhelmise|Dhelmise|46/100
|move|p2a: Steelix|Toxic|p1a: Dhelmise
|-status|p1a: Dhelmise|tox
|
|-damage|p1a: Dhelmise|40/100 tox|[from] psn
|upkeep
|turn|23
|
|t:|1624082843
|switch|p2a: Zarude|Zarude|100/100
|move|p1a: Dhelmise|Switcheroo|p2a: Zarude
|-activate|p1a: Dhelmise|move: Trick|[of] p2a: Zarude
|-item|p2a: Zarude|Ring Target|[from] move: Switcheroo
|-item|p1a: Dhelmise|Heavy-Duty Boots|[from] move: Switcheroo
|
|-damage|p1a: Dhelmise|28/100 tox|[from] psn
|upkeep
|turn|24
|c|☆Testinganteater|O that’s actually a neat strategy
|c|☆Testinganteater|Bait Zarude and incin and then go crazy
|
|t:|1624082888
|switch|p1a: Togekiss|Togekiss, F|77/100
|move|p2a: Zarude|U-turn|p1a: Togekiss
|-resisted|p1a: Togekiss
|-damage|p1a: Togekiss|72/100
|
|t:|1624082890
|switch|p2a: Tyrantrum|Tyrantrum, M|76/100|[from]move: U-turn
|
|upkeep
|turn|25
|
|t:|1624082902
|switch|p1a: Dhelmise|Dhelmise|28/100 tox
|move|p2a: Tyrantrum|Head Smash|p1a: Dhelmise
|-damage|p1a: Dhelmise|0 fnt
|faint|p1a: Dhelmise
|
|upkeep
|
|t:|1624082907
|switch|p1a: Flygon|Flygon, M|51/100
|turn|26
|
|t:|1624082915
|switch|p2a: Milotic|Milotic, F|77/100
|move|p1a: Flygon|U-turn|p2a: Milotic
|-damage|p2a: Milotic|61/100
|
|t:|1624082918
|switch|p1a: Indeedee|Indeedee, M|100/100|[from]move: U-turn
|-fieldstart|move: Psychic Terrain|[from] ability: Psychic Surge|[of] p1a: Indeedee
|
|-heal|p2a: Milotic|67/100|[from] item: Leftovers
|upkeep
|turn|27
|
|t:|1624082921
|move|p1a: Indeedee|Expanding Force|p2a: Milotic
|-damage|p2a: Milotic|0 fnt
|faint|p2a: Milotic
|
|upkeep
|
|t:|1624082927
|switch|p2a: Steelix|Steelix, F|100/100
|turn|28
|
|t:|1624082932
|move|p1a: Indeedee|Expanding Force|p2a: Steelix
|-resisted|p2a: Steelix
|-damage|p2a: Steelix|57/100
|move|p2a: Steelix|Heavy Slam|p1a: Indeedee
|-crit|p1a: Indeedee
|-damage|p1a: Indeedee|0 fnt
|faint|p1a: Indeedee
|
|-heal|p2a: Steelix|63/100|[from] item: Leftovers
|upkeep
|
|t:|1624082937
|switch|p1a: Flygon|Flygon, M|51/100
|turn|29
|
|t:|1624082942
|move|p1a: Flygon|Earthquake|p2a: Steelix
|-supereffective|p2a: Steelix
|-damage|p2a: Steelix|22/100
|move|p2a: Steelix|Heavy Slam|p1a: Flygon
|-damage|p1a: Flygon|10/100
|
|-heal|p2a: Steelix|28/100|[from] item: Leftovers
|upkeep
|turn|30
|
|t:|1624082946
|switch|p2a: Zarude|Zarude|100/100
|move|p1a: Flygon|Earthquake|p2a: Zarude
|-resisted|p2a: Zarude
|-damage|p2a: Zarude|81/100
|
|-fieldend|move: Psychic Terrain
|upkeep
|turn|31
|
|t:|1624082950
|switch|p1a: Togekiss|Togekiss, F|72/100
|move|p2a: Zarude|U-turn|p1a: Togekiss
|-resisted|p1a: Togekiss
|-damage|p1a: Togekiss|68/100
|
|t:|1624082953
|switch|p2a: Tyrantrum|Tyrantrum, M|76/100|[from]move: U-turn
|
|upkeep
|turn|32
|c|☆Hiba Tawaji|gg
|-message|Hiba Tawaji forfeited.
|
|win|Testinganteater
|raw|Hiba Tawaji's rating: 1345 &rarr; <strong>1324</strong><br />(-21 for losing)
|raw|Testinganteater's rating: 1326 &rarr; <strong>1347</strong><br />(+21 for winning)
|l|☆Hiba Tawaji
