|html|<div class="broadcast-blue"><strong>[Gen 8] RU is currently suspecting Zygarde-10%! For information on how to participate check out the <a href="https://www.smogon.com/forums/threads/np-ru-stage-6-i-wanna-be-your-dog-zygarde-10-suspect-test.3679181/#post-8768959">suspect thread</a>.</strong></div>
|j|☆RUZ9 Rated R
|j|☆Xyanid
|t:|1615054809
|player|p1|RUZ9 Rated R|darach|1345
|player|p2|Xyanid|clair|1295
|teamsize|p1|6
|teamsize|p2|6
|gametype|singles
|gen|8
|tier|[Gen 8] RU
|rated|
|clearpoke
|poke|p1|Chandelure, F|
|poke|p1|Rhyperior, F|
|poke|p1|Zarude|
|poke|p1|Togekiss, F|
|poke|p1|Metagross|
|poke|p1|Mienshao, F|
|poke|p2|Umbreon, F|
|poke|p2|Entei|
|poke|p2|Weezing-Galar, M|
|poke|p2|Flygon, F|
|poke|p2|Toxtricity, M|
|poke|p2|Suicune|
|rule|Sleep Clause Mod: Limit one foe put to sleep
|rule|Species Clause: Limit one of each Pokémon
|rule|OHKO Clause: OHKO moves are banned
|rule|Evasion Moves Clause: Evasion moves are banned
|rule|Endless Battle Clause: Forcing endless battles is banned
|rule|HP Percentage Mod: HP is shown in percentages
|rule|Dynamax Clause: You cannot dynamax
|teampreview
|inactive|Battle timer is ON: inactive players will automatically lose when time's up. (requested by Xyanid)
|
|t:|1615054838
|start
|switch|p1a: Chandelure|Chandelure, F|100/100
|switch|p2a: Flygon|Flygon, F|100/100
|turn|1
|
|t:|1615054849
|move|p1a: Chandelure|Protect|p1a: Chandelure
|-singleturn|p1a: Chandelure|Protect
|move|p2a: Flygon|Earthquake|p1a: Chandelure
|-activate|p1a: Chandelure|move: Protect
|
|upkeep
|turn|2
|
|t:|1615054875
|switch|p2a: Toxtricity|Toxtricity, M, shiny|100/100
|switch|p1a: Togekiss|Togekiss, F|100/100
|
|upkeep
|turn|3
|
|t:|1615054885
|switch|p1a: Rhyperior|Rhyperior, F|100/100
|move|p2a: Toxtricity|Overdrive|p1a: Rhyperior
|-immune|p1a: Rhyperior
|
|upkeep
|turn|4
|inactive|RUZ9 Rated R has 120 seconds left.
|
|t:|1615054911
|switch|p2a: Weezing|Weezing-Galar, M, shiny|100/100
|move|p1a: Rhyperior|Stealth Rock|p2a: Weezing
|-sidestart|p2: Xyanid|move: Stealth Rock
|
|upkeep
|turn|5
|
|t:|1615054921
|switch|p1a: Metagross|Metagross|100/100
|move|p2a: Weezing|Defog|p1a: Metagross
|-fail|p1a: Metagross|unboost|[from] ability: Clear Body|[of] p1a: Metagross
|-sideend|p2: Xyanid|Stealth Rock|[from] move: Defog|[of] p2a: Weezing
|
|upkeep
|turn|6
|inactive|RUZ9 Rated R has 120 seconds left.
|
|t:|1615054947
|switch|p2a: Suicune|Suicune|100/100
|move|p1a: Metagross|Zen Headbutt|p2a: Suicune
|-damage|p2a: Suicune|53/100
|
|-heal|p2a: Suicune|60/100|[from] item: Leftovers
|upkeep
|turn|7
|inactive|RUZ9 Rated R has 120 seconds left.
|
|t:|1615054965
|switch|p1a: Zarude|Zarude|100/100
|move|p2a: Suicune|Surf|p1a: Zarude
|-resisted|p1a: Zarude
|-damage|p1a: Zarude|83/100
|
|-heal|p2a: Suicune|66/100|[from] item: Leftovers
|upkeep
|turn|8
|
|t:|1615054976
|switch|p2a: Weezing|Weezing-Galar, M, shiny|100/100
|move|p1a: Zarude|U-turn|p2a: Weezing
|-resisted|p2a: Weezing
|-damage|p2a: Weezing|96/100
|-damage|p1a: Zarude|67/100|[from] item: Rocky Helmet|[of] p2a: Weezing
|
|t:|1615054978
|switch|p1a: Metagross|Metagross|100/100|[from]move: U-turn
|
|upkeep
|turn|9
|
|t:|1615054990
|switch|p2a: Umbreon|Umbreon, F|100/100
|move|p1a: Metagross|Meteor Mash|p2a: Umbreon
|-damage|p2a: Umbreon|45/100
|
|-heal|p2a: Umbreon|51/100|[from] item: Leftovers
|upkeep
|turn|10
|
|t:|1615055001
|switch|p1a: Mienshao|Mienshao, F|100/100
|move|p2a: Umbreon|Protect||[still]
|-fail|p2a: Umbreon
|
|-heal|p2a: Umbreon|57/100|[from] item: Leftovers
|upkeep
|turn|11
|
|t:|1615055011
|switch|p2a: Weezing|Weezing-Galar, M, shiny|96/100
|move|p1a: Mienshao|Close Combat|p2a: Weezing
|-resisted|p2a: Weezing
|-damage|p2a: Weezing|85/100
|-unboost|p1a: Mienshao|def|1
|-unboost|p1a: Mienshao|spd|1
|-damage|p1a: Mienshao|84/100|[from] item: Rocky Helmet|[of] p2a: Weezing
|
|upkeep
|turn|12
|
|t:|1615055021
|switch|p1a: Metagross|Metagross|100/100
|move|p2a: Weezing|Toxic Spikes|p1a: Metagross
|-sidestart|p1: RUZ9 Rated R|move: Toxic Spikes
|
|upkeep
|turn|13
|
|t:|1615055032
|switch|p2a: Entei|Entei|100/100
|move|p1a: Metagross|Zen Headbutt|p2a: Entei
|-damage|p2a: Entei|23/100
|
|upkeep
|turn|14
|
|t:|1615055041
|switch|p1a: Rhyperior|Rhyperior, F|100/100
|-status|p1a: Rhyperior|psn
|move|p2a: Entei|Stone Edge|p1a: Rhyperior|[miss]
|-miss|p2a: Entei|p1a: Rhyperior
|
|-damage|p1a: Rhyperior|88/100 psn|[from] psn
|upkeep
|turn|15
|
|t:|1615055054
|switch|p2a: Weezing|Weezing-Galar, M, shiny|85/100
|switch|p1a: Metagross|Metagross|100/100
|
|upkeep
|turn|16
|
|t:|1615055065
|switch|p2a: Suicune|Suicune|66/100
|move|p1a: Metagross|Meteor Mash|p2a: Suicune
|-resisted|p2a: Suicune
|-damage|p2a: Suicune|38/100
|
|-heal|p2a: Suicune|45/100|[from] item: Leftovers
|upkeep
|turn|17
|
|t:|1615055075
|switch|p1a: Zarude|Zarude|67/100
|move|p2a: Suicune|Roar|p1a: Zarude
|drag|p1a: Togekiss|Togekiss, F|100/100
|
|-heal|p2a: Suicune|51/100|[from] item: Leftovers
|upkeep
|turn|18
|
|t:|1615055089
|move|p1a: Togekiss|Defog|p2a: Suicune
|-unboost|p2a: Suicune|evasion|1
|-sideend|p1: RUZ9 Rated R|Toxic Spikes|[from] move: Defog|[of] p1a: Togekiss
|move|p2a: Suicune|Surf|p1a: Togekiss
|-crit|p1a: Togekiss
|-damage|p1a: Togekiss|56/100
|
|-heal|p2a: Suicune|57/100|[from] item: Leftovers
|upkeep
|turn|19
|
|t:|1615055106
|move|p1a: Togekiss|Thunder Wave|p2a: Suicune
|-status|p2a: Suicune|par
|move|p2a: Suicune|Surf|p1a: Togekiss
|-damage|p1a: Togekiss|29/100
|
|-heal|p2a: Suicune|63/100 par|[from] item: Leftovers
|upkeep
|turn|20
|
|t:|1615055116
|switch|p2a: Toxtricity|Toxtricity, M, shiny|100/100
|move|p1a: Togekiss|Roost|p1a: Togekiss
|-heal|p1a: Togekiss|79/100
|-singleturn|p1a: Togekiss|move: Roost
|
|upkeep
|turn|21
|
|t:|1615055125
|switch|p1a: Rhyperior|Rhyperior, F|88/100 psn
|move|p2a: Toxtricity|Boomburst|p1a: Rhyperior
|-resisted|p1a: Rhyperior
|-damage|p1a: Rhyperior|57/100 psn
|-damage|p2a: Toxtricity|91/100|[from] item: Life Orb
|
|-heal|p1a: Rhyperior|63/100 psn|[from] item: Leftovers
|-damage|p1a: Rhyperior|51/100 psn|[from] psn
|upkeep
|turn|22
|
|t:|1615055137
|switch|p2a: Flygon|Flygon, F|100/100
|switch|p1a: Chandelure|Chandelure, F|100/100
|
|upkeep
|turn|23
|
|t:|1615055153
|move|p1a: Chandelure|Protect|p1a: Chandelure
|-singleturn|p1a: Chandelure|Protect
|move|p2a: Flygon|Fire Punch|p1a: Chandelure
|-activate|p1a: Chandelure|move: Protect
|
|upkeep
|turn|24
|
|t:|1615055163
|switch|p2a: Umbreon|Umbreon, F|57/100
|switch|p1a: Mienshao|Mienshao, F|100/100
|
|-heal|p2a: Umbreon|63/100|[from] item: Leftovers
|upkeep
|turn|25
|
|t:|1615055172
|switch|p2a: Weezing|Weezing-Galar, M, shiny|85/100
|move|p1a: Mienshao|Knock Off|p2a: Weezing
|-resisted|p2a: Weezing
|-damage|p2a: Weezing|73/100
|-damage|p1a: Mienshao|84/100|[from] item: Rocky Helmet|[of] p2a: Weezing
|-enditem|p2a: Weezing|Rocky Helmet|[from] move: Knock Off|[of] p1a: Mienshao
|
|upkeep
|turn|26
|
|t:|1615055181
|switch|p1a: Metagross|Metagross|100/100
|move|p2a: Weezing|Toxic Spikes|p1a: Metagross
|-sidestart|p1: RUZ9 Rated R|move: Toxic Spikes
|
|upkeep
|turn|27
|
|t:|1615055190
|switch|p2a: Umbreon|Umbreon, F|63/100
|move|p1a: Metagross|Zen Headbutt|p2a: Umbreon
|-immune|p2a: Umbreon
|
|-heal|p2a: Umbreon|69/100|[from] item: Leftovers
|upkeep
|turn|28
|
|t:|1615055199
|switch|p1a: Mienshao|Mienshao, F|100/100
|-status|p1a: Mienshao|psn
|move|p2a: Umbreon|Foul Play|p1a: Mienshao
|-resisted|p1a: Mienshao
|-damage|p1a: Mienshao|54/100 psn
|
|-heal|p2a: Umbreon|75/100|[from] item: Leftovers
|-damage|p1a: Mienshao|42/100 psn|[from] psn
|upkeep
|turn|29
|
|t:|1615055210
|move|p2a: Umbreon|Protect|p2a: Umbreon
|-singleturn|p2a: Umbreon|Protect
|move|p1a: Mienshao|U-turn|p2a: Umbreon
|-activate|p2a: Umbreon|move: Protect
|
|-heal|p2a: Umbreon|81/100|[from] item: Leftovers
|-damage|p1a: Mienshao|30/100 psn|[from] psn
|upkeep
|turn|30
|
|t:|1615055220
|switch|p2a: Weezing|Weezing-Galar, M, shiny|73/100
|move|p1a: Mienshao|U-turn|p2a: Weezing
|-resisted|p2a: Weezing
|-damage|p2a: Weezing|69/100
|
|t:|1615055223
|switch|p1a: Metagross|Metagross|100/100|[from]move: U-turn
|
|upkeep
|turn|31
|
|t:|1615055235
|switch|p2a: Umbreon|Umbreon, F|81/100
|move|p1a: Metagross|Meteor Mash|p2a: Umbreon
|-damage|p2a: Umbreon|18/100
|
|-heal|p2a: Umbreon|24/100|[from] item: Leftovers
|upkeep
|turn|32
|
|t:|1615055249
|move|p1a: Metagross|Meteor Mash|p2a: Umbreon
|-damage|p2a: Umbreon|0 fnt
|faint|p2a: Umbreon
|
|upkeep
|
|t:|1615055255
|switch|p2a: Entei|Entei|23/100
|turn|33
|
|t:|1615055261
|switch|p1a: Rhyperior|Rhyperior, F|51/100 psn
|move|p2a: Entei|Sacred Fire|p1a: Rhyperior
|-resisted|p1a: Rhyperior
|-damage|p1a: Rhyperior|36/100 psn
|
|-heal|p1a: Rhyperior|42/100 psn|[from] item: Leftovers
|-damage|p1a: Rhyperior|30/100 psn|[from] psn
|upkeep
|turn|34
|
|t:|1615055271
|switch|p1a: Chandelure|Chandelure, F|100/100
|move|p2a: Entei|Iron Head|p1a: Chandelure
|-resisted|p1a: Chandelure
|-damage|p1a: Chandelure|82/100
|
|upkeep
|turn|35
|
|t:|1615055286
|move|p1a: Chandelure|Protect|p1a: Chandelure
|-singleturn|p1a: Chandelure|Protect
|move|p2a: Entei|Stone Edge|p1a: Chandelure
|-activate|p1a: Chandelure|move: Protect
|
|upkeep
|turn|36
|inactive|RUZ9 Rated R has 120 seconds left.
|
|t:|1615055334
|switch|p1a: Zarude|Zarude|67/100
|move|p2a: Entei|Stone Edge|p1a: Zarude
|-damage|p1a: Zarude|37/100
|
|upkeep
|turn|37
|
|t:|1615055346
|switch|p2a: Weezing|Weezing-Galar, M, shiny|69/100
|move|p1a: Zarude|Darkest Lariat|p2a: Weezing
|-resisted|p2a: Weezing
|-damage|p2a: Weezing|55/100
|
|upkeep
|turn|38
|
|t:|1615055353
|move|p1a: Zarude|U-turn|p2a: Weezing
|-resisted|p2a: Weezing
|-damage|p2a: Weezing|51/100
|
|t:|1615055356
|switch|p1a: Metagross|Metagross|100/100|[from]move: U-turn
|move|p2a: Weezing|Toxic Spikes|p1a: Metagross
|-sidestart|p1: RUZ9 Rated R|move: Toxic Spikes
|
|upkeep
|turn|39
|
|t:|1615055371
|switch|p2a: Suicune|Suicune|63/100 par
|move|p1a: Metagross|Zen Headbutt|p2a: Suicune
|-damage|p2a: Suicune|15/100 par
|
|-heal|p2a: Suicune|21/100 par|[from] item: Leftovers
|upkeep
|turn|40
|
|t:|1615055380
|move|p1a: Metagross|Zen Headbutt|p2a: Suicune
|-damage|p2a: Suicune|0 fnt
|faint|p2a: Suicune
|
|upkeep
|
|t:|1615055389
|switch|p2a: Toxtricity|Toxtricity, M, shiny|91/100
|turn|41
|
|t:|1615055405
|switch|p1a: Rhyperior|Rhyperior, F|30/100 psn
|move|p2a: Toxtricity|Overdrive|p1a: Rhyperior
|-immune|p1a: Rhyperior
|
|-heal|p1a: Rhyperior|36/100 psn|[from] item: Leftovers
|-damage|p1a: Rhyperior|24/100 psn|[from] psn
|upkeep
|turn|42
|
|t:|1615055428
|switch|p1a: Chandelure|Chandelure, F|82/100
|move|p2a: Toxtricity|Boomburst|p1a: Chandelure
|-immune|p1a: Chandelure
|
|upkeep
|turn|43
|
|t:|1615055436
|move|p1a: Chandelure|Fire Blast|p2a: Toxtricity
|-damage|p2a: Toxtricity|0 fnt
|faint|p2a: Toxtricity
|
|upkeep
|
|t:|1615055444
|switch|p2a: Flygon|Flygon, F|100/100
|turn|44
|
|t:|1615055458
|move|p1a: Chandelure|Protect|p1a: Chandelure
|-singleturn|p1a: Chandelure|Protect
|move|p2a: Flygon|Earthquake|p1a: Chandelure
|-activate|p1a: Chandelure|move: Protect
|
|upkeep
|turn|45
|
|t:|1615055470
|switch|p1a: Togekiss|Togekiss, F|79/100
|move|p2a: Flygon|Earthquake|p1a: Togekiss
|-immune|p1a: Togekiss
|
|upkeep
|turn|46
|
|t:|1615055480
|switch|p2a: Weezing|Weezing-Galar, M, shiny|51/100
|move|p1a: Togekiss|Thunder Wave|p2a: Weezing
|-status|p2a: Weezing|par
|
|upkeep
|turn|47
|
|t:|1615055491
|switch|p1a: Metagross|Metagross|100/100
|cant|p2a: Weezing|par
|
|upkeep
|turn|48
|
|t:|1615055504
|move|p1a: Metagross|Zen Headbutt|p2a: Weezing
|-supereffective|p2a: Weezing
|-crit|p2a: Weezing
|-damage|p2a: Weezing|0 fnt
|faint|p2a: Weezing
|
|upkeep
|
|t:|1615055510
|switch|p2a: Entei|Entei|23/100
|turn|49
|
|t:|1615055514
|switch|p1a: Rhyperior|Rhyperior, F|24/100 psn
|move|p2a: Entei|Sacred Fire|p1a: Rhyperior
|-resisted|p1a: Rhyperior
|-damage|p1a: Rhyperior|8/100 psn
|
|-heal|p1a: Rhyperior|14/100 psn|[from] item: Leftovers
|-damage|p1a: Rhyperior|2/100 psn|[from] psn
|upkeep
|turn|50
|
|t:|1615055525
|move|p2a: Entei|Iron Head|p1a: Rhyperior
|-supereffective|p1a: Rhyperior
|-damage|p1a: Rhyperior|0 fnt
|faint|p1a: Rhyperior
|
|upkeep
|
|t:|1615055528
|switch|p1a: Mienshao|Mienshao, F|63/100 psn
|turn|51
|
|t:|1615055536
|move|p2a: Entei|Extreme Speed|p1a: Mienshao
|-damage|p1a: Mienshao|14/100 psn
|move|p1a: Mienshao|Close Combat|p2a: Entei
|-damage|p2a: Entei|0 fnt
|-unboost|p1a: Mienshao|def|1
|-unboost|p1a: Mienshao|spd|1
|faint|p2a: Entei
|
|-damage|p1a: Mienshao|2/100 psn|[from] psn
|upkeep
|
|t:|1615055548
|switch|p2a: Flygon|Flygon, F|100/100
|turn|52
|
|t:|1615055554
|move|p1a: Mienshao|Close Combat|p2a: Flygon
|-damage|p2a: Flygon|13/100
|-unboost|p1a: Mienshao|def|1
|-unboost|p1a: Mienshao|spd|1
|move|p2a: Flygon|Fire Punch|p1a: Mienshao
|-damage|p1a: Mienshao|0 fnt
|faint|p1a: Mienshao
|
|upkeep
|
|t:|1615055559
|switch|p1a: Metagross|Metagross|100/100
|turn|53
|c|☆RUZ9 Rated R|gg
|
|t:|1615055566
|move|p1a: Metagross|Bullet Punch|p2a: Flygon
|-damage|p2a: Flygon|0 fnt
|faint|p2a: Flygon
|
|win|RUZ9 Rated R
