|j|☆DDD Reveal
|j|☆skylermaser
|t:|1615797318
|player|p1|DDD Reveal|reporter|
|player|p2|skylermaser|170|
|teamsize|p1|6
|teamsize|p2|6
|gametype|singles
|gen|8
|tier|[Gen 8] RU
|rated|Tournament battle
|clearpoke
|poke|p1|Glastrier|
|poke|p1|Starmie|
|poke|p1|Toxicroak, M|
|poke|p1|Snorlax, F|
|poke|p1|Noivern, F|
|poke|p1|Steelix, M|
|poke|p2|Charizard, F|
|poke|p2|Blastoise, M|
|poke|p2|Gardevoir, F|
|poke|p2|Copperajah, M|
|poke|p2|Regidrago|
|poke|p2|Incineroar, M|
|rule|Sleep Clause Mod: Limit one foe put to sleep
|rule|Species Clause: Limit one of each Pokémon
|rule|OHKO Clause: OHKO moves are banned
|rule|Evasion Moves Clause: Evasion moves are banned
|rule|Endless Battle Clause: Forcing endless battles is banned
|rule|HP Percentage Mod: HP is shown in percentages
|rule|Dynamax Clause: You cannot dynamax
|teampreview
|j|*Lady Monita
|j| Tranquil Soul
|j|@MalMoonsault
|l|@MalMoonsault
|j| MyNameIsBacon9
|j| Gryphono
|
|t:|1615797340
|start
|switch|p1a: Steelix|Steelix, M|100/100
|switch|p2a: Incineroar|Incineroar, M|100/100
|-ability|p2a: Incineroar|Intimidate|boost
|-unboost|p1a: Steelix|atk|1
|turn|1
|j|^Sunshine Sayori
|
|t:|1615797349
|move|p2a: Incineroar|Flare Blitz|p1a: Steelix
|-supereffective|p1a: Steelix
|-damage|p1a: Steelix|9/100
|-damage|p2a: Incineroar|68/100|[from] Recoil
|move|p1a: Steelix|Stealth Rock|p2a: Incineroar
|-sidestart|p2: skylermaser|move: Stealth Rock
|
|-heal|p1a: Steelix|15/100|[from] item: Leftovers
|upkeep
|turn|2
|
|t:|1615797357
|switch|p1a: Noivern|Noivern, F|100/100
|move|p2a: Incineroar|Flare Blitz|p1a: Noivern
|-resisted|p1a: Noivern
|-damage|p1a: Noivern|53/100
|-damage|p2a: Incineroar|50/100|[from] Recoil
|
|upkeep
|turn|3
|c| MyNameIsBacon9|DDD Reveal wat r u gonna reveal
|
|t:|1615797365
|move|p1a: Noivern|Roost|p1a: Noivern
|-heal|p1a: Noivern|100/100
|-singleturn|p1a: Noivern|move: Roost
|move|p2a: Incineroar|Flare Blitz|p1a: Noivern
|-resisted|p1a: Noivern
|-damage|p1a: Noivern|50/100
|-damage|p2a: Incineroar|31/100|[from] Recoil
|
|upkeep
|turn|4
|j| cicepece
|inactive|Battle timer is ON: inactive players will automatically lose when time's up. (requested by skylermaser)
|
|t:|1615797373
|switch|p2a: Gardevoir|Gardevoir, F, shiny|100/100
|-damage|p2a: Gardevoir|88/100|[from] Stealth Rock
|move|p1a: Noivern|Roost|p1a: Noivern
|-heal|p1a: Noivern|99/100
|-singleturn|p1a: Noivern|move: Roost
|
|upkeep
|turn|5
|
|t:|1615797378
|switch|p1a: Steelix|Steelix, M|15/100
|move|p2a: Gardevoir|Moonblast|p1a: Steelix
|-resisted|p1a: Steelix
|-damage|p1a: Steelix|0 fnt
|faint|p1a: Steelix
|
|upkeep
|j|@Saba1111
|
|t:|1615797386
|switch|p1a: Snorlax|Snorlax, F|100/100
|turn|6
|
|t:|1615797400
|switch|p2a: Copperajah|Copperajah, M, shiny|100/100
|-damage|p2a: Copperajah|94/100|[from] Stealth Rock
|move|p1a: Snorlax|Heat Crash|p2a: Copperajah
|-supereffective|p2a: Copperajah
|-damage|p2a: Copperajah|56/100
|
|-heal|p2a: Copperajah|63/100|[from] item: Leftovers
|upkeep
|turn|7
|
|t:|1615797408
|move|p1a: Snorlax|Heat Crash|p2a: Copperajah
|-supereffective|p2a: Copperajah
|-damage|p2a: Copperajah|22/100
|move|p2a: Copperajah|Power Whip|p1a: Snorlax
|-damage|p1a: Snorlax|60/100
|
|-heal|p2a: Copperajah|28/100|[from] item: Leftovers
|upkeep
|turn|8
|
|t:|1615797413
|move|p1a: Snorlax|Heat Crash|p2a: Copperajah
|-supereffective|p2a: Copperajah
|-damage|p2a: Copperajah|0 fnt
|faint|p2a: Copperajah
|
|upkeep
|
|t:|1615797417
|switch|p2a: Incineroar|Incineroar, M|31/100
|-damage|p2a: Incineroar|7/100|[from] Stealth Rock
|-ability|p2a: Incineroar|Intimidate|boost
|-unboost|p1a: Snorlax|atk|1
|turn|9
|
|t:|1615797423
|switch|p1a: Noivern|Noivern, F|99/100
|move|p2a: Incineroar|Close Combat|p1a: Noivern
|-resisted|p1a: Noivern
|-damage|p1a: Noivern|62/100
|-unboost|p2a: Incineroar|def|1
|-unboost|p2a: Incineroar|spd|1
|
|upkeep
|turn|10
|
|t:|1615797429
|move|p1a: Noivern|Flamethrower|p2a: Incineroar
|-resisted|p2a: Incineroar
|-damage|p2a: Incineroar|0 fnt
|faint|p2a: Incineroar
|
|upkeep
|
|t:|1615797434
|switch|p2a: Gardevoir|Gardevoir, F, shiny|88/100
|-damage|p2a: Gardevoir|76/100|[from] Stealth Rock
|turn|11
|
|t:|1615797447
|move|p2a: Gardevoir|Moonblast|p1a: Noivern
|-supereffective|p1a: Noivern
|-damage|p1a: Noivern|0 fnt
|faint|p1a: Noivern
|
|upkeep
|j| Ashgreninjaanime
|
|t:|1615797462
|switch|p1a: Toxicroak|Toxicroak, M|100/100
|turn|12
|
|t:|1615797466
|move|p1a: Toxicroak|Gunk Shot|p2a: Gardevoir|[miss]
|-miss|p1a: Toxicroak|p2a: Gardevoir
|move|p2a: Gardevoir|Moonblast|p1a: Toxicroak
|-damage|p1a: Toxicroak|27/100
|
|upkeep
|turn|13
|
|t:|1615797477
|switch|p2a: Blastoise|Blastoise, M|100/100
|-damage|p2a: Blastoise|88/100|[from] Stealth Rock
|move|p1a: Toxicroak|Gunk Shot|p2a: Blastoise
|-damage|p2a: Blastoise|21/100
|
|upkeep
|turn|14
|
|t:|1615797483
|move|p2a: Blastoise|Fake Out|p1a: Toxicroak
|-damage|p1a: Toxicroak|11/100
|cant|p1a: Toxicroak|flinch
|
|upkeep
|turn|15
|
|t:|1615797487
|move|p1a: Toxicroak|Gunk Shot|p2a: Blastoise
|-damage|p2a: Blastoise|0 fnt
|faint|p2a: Blastoise
|
|upkeep
|j| uwotmte
|
|t:|1615797494
|switch|p2a: Charizard|Charizard, F, shiny|100/100
|-damage|p2a: Charizard|50/100|[from] Stealth Rock
|turn|16
|
|t:|1615797498
|switch|p1a: Snorlax|Snorlax, F|60/100
|move|p2a: Charizard|Ancient Power|p1a: Snorlax
|-damage|p1a: Snorlax|46/100
|-damage|p2a: Charizard|41/100|[from] item: Life Orb
|
|upkeep
|turn|17
|
|t:|1615797504
|move|p2a: Charizard|Fire Blast|p1a: Snorlax
|-damage|p1a: Snorlax|25/100
|-damage|p2a: Charizard|31/100|[from] item: Life Orb
|move|p1a: Snorlax|Body Slam|p2a: Charizard
|-damage|p2a: Charizard|0 fnt
|faint|p2a: Charizard
|
|upkeep
|
|t:|1615797509
|switch|p2a: Regidrago|Regidrago|100/100
|-damage|p2a: Regidrago|88/100|[from] Stealth Rock
|turn|18
|
|t:|1615797512
|move|p2a: Regidrago|Dragon Energy|p1a: Snorlax
|-damage|p1a: Snorlax|0 fnt
|faint|p1a: Snorlax
|
|upkeep
|
|t:|1615797516
|switch|p1a: Starmie|Starmie|100/100
|turn|19
|
|t:|1615797519
|move|p1a: Starmie|Ice Beam|p2a: Regidrago
|-supereffective|p2a: Regidrago
|-damage|p2a: Regidrago|8/100
|-damage|p1a: Starmie|91/100|[from] item: Life Orb
|move|p2a: Regidrago|Dragon Energy|p1a: Starmie
|-damage|p1a: Starmie|74/100
|
|upkeep
|turn|20
|
|t:|1615797526
|move|p1a: Starmie|Rapid Spin|p2a: Regidrago
|-damage|p2a: Regidrago|0 fnt
|-boost|p1a: Starmie|spe|1
|-damage|p1a: Starmie|64/100|[from] item: Life Orb
|faint|p2a: Regidrago
|
|upkeep
|
|t:|1615797528
|switch|p2a: Gardevoir|Gardevoir, F, shiny|76/100
|-damage|p2a: Gardevoir|64/100|[from] Stealth Rock
|turn|21
|
|t:|1615797535
|move|p1a: Starmie|Hydro Pump|p2a: Gardevoir
|-damage|p2a: Gardevoir|0 fnt
|-damage|p1a: Starmie|55/100|[from] item: Life Orb
|faint|p2a: Gardevoir
|
|win|DDD Reveal
|n|☆DDD Reveal|dddreveal
|n|☆skylermaser|skylermaser
|n|*Lady Monita|ladymonita
|n| Tranquil Soul|tranquilsoul
|n| MyNameIsBacon9|mynameisbacon9
|n| Gryphono|gryphono
|n| Sunshine Sayori|sunshinesayori
|n| cicepece|cicepece
|n| Saba1111|saba1111
|n| Ashgreninjaanime|ashgreninjaanime
|n| uwotmte|uwotmte
