|j|☆MrLowRes
|j|☆Nemris
|t:|1607978412
|player|p1|MrLowRes|clay|1177
|player|p2|Nemris|102|1421
|teamsize|p1|6
|teamsize|p2|6
|gametype|singles
|gen|8
|tier|[Gen 8] RU
|rated|
|clearpoke
|poke|p1|Arcanine, F|
|poke|p1|Comfey, M|
|poke|p1|Scrafty, F|
|poke|p1|Dhelmise|
|poke|p1|Duraludon, F|
|poke|p1|Sharpedo, F|
|poke|p2|Obstagoon, F|
|poke|p2|Araquanid, F|
|poke|p2|Metagross|
|poke|p2|Chandelure, F|
|poke|p2|Mimikyu, F|
|poke|p2|Crobat, F|
|rule|Sleep Clause Mod: Limit one foe put to sleep
|rule|Species Clause: Limit one of each Pokémon
|rule|OHKO Clause: OHKO moves are banned
|rule|Evasion Moves Clause: Evasion moves are banned
|rule|Endless Battle Clause: Forcing endless battles is banned
|rule|HP Percentage Mod: HP is shown in percentages
|rule|Dynamax Clause: You cannot dynamax
|teampreview
|
|t:|1607978432
|start
|switch|p1a: Duraludon|Duraludon, F|100/100
|switch|p2a: Metagross|Metagross|100/100
|turn|1
|
|t:|1607978438
|move|p1a: Duraludon|Dark Pulse|p2a: Metagross
|-supereffective|p2a: Metagross
|-damage|p2a: Metagross|42/100
|-enditem|p2a: Metagross|Weakness Policy
|-boost|p2a: Metagross|atk|2|[from] item: Weakness Policy
|-boost|p2a: Metagross|spa|2|[from] item: Weakness Policy
|move|p2a: Metagross|Stealth Rock|p1a: Duraludon
|-sidestart|p1: MrLowRes|move: Stealth Rock
|
|upkeep
|turn|2
|
|t:|1607978451
|switch|p2a: Obstagoon|Obstagoon, F|100/100
|move|p1a: Duraludon|Dark Pulse|p2a: Obstagoon
|-resisted|p2a: Obstagoon
|-damage|p2a: Obstagoon|82/100
|
|-status|p2a: Obstagoon|brn|[from] item: Flame Orb
|upkeep
|turn|3
|
|t:|1607978467
|switch|p1a: Arcanine|Arcanine, F|100/100
|-ability|p1a: Arcanine|Intimidate|boost
|-unboost|p2a: Obstagoon|atk|1
|move|p2a: Obstagoon|Close Combat|p1a: Arcanine
|-damage|p1a: Arcanine|61/100
|-unboost|p2a: Obstagoon|def|1
|-unboost|p2a: Obstagoon|spd|1
|
|-damage|p2a: Obstagoon|76/100 brn|[from] brn
|upkeep
|turn|4
|
|t:|1607978478
|switch|p2a: Araquanid|Araquanid, F|100/100
|move|p1a: Arcanine|Morning Sun|p1a: Arcanine
|-heal|p1a: Arcanine|100/100
|
|upkeep
|turn|5
|
|t:|1607978488
|switch|p1a: Duraludon|Duraludon, F|100/100
|-damage|p1a: Duraludon|94/100|[from] Stealth Rock
|move|p2a: Araquanid|Sticky Web|p1a: Duraludon
|-sidestart|p1: MrLowRes|move: Sticky Web
|
|upkeep
|turn|6
|
|t:|1607978505
|switch|p2a: Metagross|Metagross|42/100
|move|p1a: Duraludon|Thunder|p2a: Metagross
|-damage|p2a: Metagross|1/100
|
|upkeep
|turn|7
|
|t:|1607978511
|move|p1a: Duraludon|Thunder|p2a: Metagross|[miss]
|-miss|p1a: Duraludon|p2a: Metagross
|move|p2a: Metagross|Earthquake|p1a: Duraludon
|-supereffective|p1a: Duraludon
|-damage|p1a: Duraludon|5/100
|
|upkeep
|turn|8
|
|t:|1607978518
|move|p2a: Metagross|Bullet Punch|p1a: Duraludon
|-resisted|p1a: Duraludon
|-damage|p1a: Duraludon|0 fnt
|faint|p1a: Duraludon
|
|upkeep
|
|t:|1607978527
|switch|p1a: Comfey|Comfey, M|100/100
|-activate|p1a: Comfey|move: Sticky Web
|-unboost|p1a: Comfey|spe|1
|-damage|p1a: Comfey|88/100|[from] Stealth Rock
|turn|9
|
|t:|1607978533
|move|p1a: Comfey|Draining Kiss|p2a: Metagross
|-resisted|p2a: Metagross
|-damage|p2a: Metagross|0 fnt
|-heal|p1a: Comfey|89/100|[from] drain|[of] p2a: Metagross
|-damage|p1a: Comfey|79/100|[from] item: Life Orb
|faint|p2a: Metagross
|
|upkeep
|
|t:|1607978539
|switch|p2a: Crobat|Crobat, F|100/100
|turn|10
|
|t:|1607978544
|switch|p1a: Arcanine|Arcanine, F|100/100
|-ability|p1a: Arcanine|Intimidate|boost
|-unboost|p2a: Crobat|atk|1
|move|p2a: Crobat|Taunt|p1a: Arcanine
|-start|p1a: Arcanine|move: Taunt
|
|upkeep
|turn|11
|
|t:|1607978553
|move|p2a: Crobat|Super Fang|p1a: Arcanine
|-damage|p1a: Arcanine|51/100
|move|p1a: Arcanine|Wild Charge|p2a: Crobat
|-supereffective|p2a: Crobat
|-damage|p2a: Crobat|23/100
|-damage|p1a: Arcanine|32/100|[from] Recoil
|
|upkeep
|turn|12
|
|t:|1607978562
|move|p1a: Arcanine|Extreme Speed|p2a: Crobat
|-damage|p2a: Crobat|0 fnt
|faint|p2a: Crobat
|
|-end|p1a: Arcanine|move: Taunt
|upkeep
|
|t:|1607978574
|switch|p2a: Chandelure|Chandelure, F|100/100
|turn|13
|
|t:|1607978584
|switch|p1a: Scrafty|Scrafty, F|100/100
|-damage|p1a: Scrafty|94/100|[from] Stealth Rock
|-activate|p1a: Scrafty|move: Sticky Web
|-unboost|p1a: Scrafty|spe|1
|move|p2a: Chandelure|Shadow Ball|p1a: Scrafty
|-resisted|p1a: Scrafty
|-damage|p1a: Scrafty|75/100
|
|-heal|p1a: Scrafty|81/100|[from] item: Leftovers
|upkeep
|turn|14
|
|t:|1607978596
|switch|p2a: Araquanid|Araquanid, F|100/100
|move|p1a: Scrafty|Substitute|p1a: Scrafty
|-start|p1a: Scrafty|Substitute
|-damage|p1a: Scrafty|56/100
|
|-heal|p1a: Scrafty|62/100|[from] item: Leftovers
|upkeep
|turn|15
|
|t:|1607978602
|move|p2a: Araquanid|Surf|p1a: Scrafty
|-end|p1a: Scrafty|Substitute
|move|p1a: Scrafty|Bulk Up|p1a: Scrafty
|-boost|p1a: Scrafty|atk|1
|-boost|p1a: Scrafty|def|1
|
|-heal|p1a: Scrafty|68/100|[from] item: Leftovers
|upkeep
|turn|16
|
|t:|1607978610
|move|p2a: Araquanid|Surf|p1a: Scrafty
|-damage|p1a: Scrafty|15/100
|move|p1a: Scrafty|Knock Off|p2a: Araquanid
|-damage|p2a: Araquanid|23/100
|-enditem|p2a: Araquanid|Heavy-Duty Boots|[from] move: Knock Off|[of] p1a: Scrafty
|
|-heal|p1a: Scrafty|21/100|[from] item: Leftovers
|upkeep
|turn|17
|
|t:|1607978620
|switch|p1a: Dhelmise|Dhelmise|100/100
|-activate|p1a: Dhelmise|move: Sticky Web
|-unboost|p1a: Dhelmise|spe|1
|-damage|p1a: Dhelmise|88/100|[from] Stealth Rock
|move|p2a: Araquanid|Surf|p1a: Dhelmise
|-resisted|p1a: Dhelmise
|-damage|p1a: Dhelmise|69/100
|
|upkeep
|turn|18
|
|t:|1607978633
|switch|p2a: Mimikyu|Mimikyu, F, shiny|100/100
|move|p1a: Dhelmise|Power Whip|p2a: Mimikyu
|-activate|p2a: Mimikyu|ability: Disguise
|-damage|p2a: Mimikyu|100/100
|detailschange|p2a: Mimikyu|Mimikyu-Busted, F, shiny
|-damage|p2a: Mimikyu|88/100|[from] pokemon: Mimikyu-Busted
|
|upkeep
|turn|19
|
|t:|1607978652
|move|p2a: Mimikyu|Shadow Claw|p1a: Dhelmise
|-supereffective|p1a: Dhelmise
|-damage|p1a: Dhelmise|0 fnt
|-damage|p2a: Mimikyu|78/100|[from] item: Life Orb
|faint|p1a: Dhelmise
|
|upkeep
|
|t:|1607978665
|switch|p1a: Comfey|Comfey, M|79/100
|-activate|p1a: Comfey|move: Sticky Web
|-unboost|p1a: Comfey|spe|1
|-damage|p1a: Comfey|66/100|[from] Stealth Rock
|turn|20
|
|t:|1607978671
|move|p1a: Comfey|Draining Kiss|p2a: Mimikyu
|-damage|p2a: Mimikyu|44/100
|-heal|p1a: Comfey|93/100|[from] drain|[of] p2a: Mimikyu
|-damage|p1a: Comfey|83/100|[from] item: Life Orb
|move|p2a: Mimikyu|Shadow Claw|p1a: Comfey
|-damage|p1a: Comfey|22/100
|-damage|p2a: Mimikyu|34/100|[from] item: Life Orb
|
|upkeep
|turn|21
|
|t:|1607978682
|switch|p2a: Araquanid|Araquanid, F|23/100
|move|p1a: Comfey|Draining Kiss|p2a: Araquanid
|-damage|p2a: Araquanid|0 fnt
|-heal|p1a: Comfey|42/100|[from] drain|[of] p2a: Araquanid
|-damage|p1a: Comfey|32/100|[from] item: Life Orb
|faint|p2a: Araquanid
|
|upkeep
|
|t:|1607978690
|switch|p2a: Chandelure|Chandelure, F|100/100
|turn|22
|inactive|Battle timer is ON: inactive players will automatically lose when time's up. (requested by Nemris)
|inactive|MrLowRes has 120 seconds left.
|
|t:|1607978780
|move|p2a: Chandelure|Shadow Ball|p1a: Comfey
|-damage|p1a: Comfey|0 fnt
|faint|p1a: Comfey
|
|upkeep
|
|t:|1607978787
|switch|p1a: Sharpedo|Sharpedo, F|100/100
|-activate|p1a: Sharpedo|move: Sticky Web
|-unboost|p1a: Sharpedo|spe|1
|-damage|p1a: Sharpedo|88/100|[from] Stealth Rock
|turn|23
|
|t:|1607978794
|switch|p2a: Obstagoon|Obstagoon, F|76/100 brn
|move|p1a: Sharpedo|Protect||[still]
|-fail|p1a: Sharpedo
|
|-damage|p2a: Obstagoon|70/100 brn|[from] brn
|-ability|p1a: Sharpedo|Speed Boost|boost
|-boost|p1a: Sharpedo|spe|1
|upkeep
|turn|24
|
|t:|1607978801
|move|p1a: Sharpedo|Protect|p1a: Sharpedo
|-singleturn|p1a: Sharpedo|Protect
|move|p2a: Obstagoon|Close Combat|p1a: Sharpedo
|-activate|p1a: Sharpedo|move: Protect
|
|-damage|p2a: Obstagoon|63/100 brn|[from] brn
|-ability|p1a: Sharpedo|Speed Boost|boost
|-boost|p1a: Sharpedo|spe|1
|upkeep
|turn|25
|c|☆MrLowRes|!weak Obstagoon
|c| MrLowRes|/raw <div class="infobox">Obstagoon (ignoring abilities):<br /><span class="message-effect-weak">Weaknesses</span>: Bug, Fairy, <b>Fighting</b><br /><span class="message-effect-resist">Resistances</span>: Dark<br /><span class="message-effect-immune">Immunities</span>: Ghost, Psychic, Prankster</div>
|
|t:|1607978820
|move|p1a: Sharpedo|Poison Jab|p2a: Obstagoon
|-damage|p2a: Obstagoon|26/100 brn
|-damage|p1a: Sharpedo|78/100|[from] item: Life Orb
|move|p2a: Obstagoon|Facade|p1a: Sharpedo
|-damage|p1a: Sharpedo|0 fnt
|faint|p1a: Sharpedo
|
|-damage|p2a: Obstagoon|20/100 brn|[from] brn
|upkeep
|
|t:|1607978830
|switch|p1a: Arcanine|Arcanine, F|32/100
|-ability|p1a: Arcanine|Intimidate|boost
|-unboost|p2a: Obstagoon|atk|1
|turn|26
|
|t:|1607978834
|move|p1a: Arcanine|Extreme Speed|p2a: Obstagoon
|-damage|p2a: Obstagoon|0 fnt
|faint|p2a: Obstagoon
|
|upkeep
|
|t:|1607978843
|switch|p2a: Mimikyu|Mimikyu-Busted, F, shiny|34/100
|turn|27
|
|t:|1607978847
|move|p2a: Mimikyu|Shadow Claw|p1a: Arcanine
|-damage|p1a: Arcanine|0 fnt
|-damage|p2a: Mimikyu|24/100|[from] item: Life Orb
|faint|p1a: Arcanine
|
|upkeep
|-message|MrLowRes forfeited.
|
|win|Nemris
|l|☆MrLowRes
||Ladder (probably) updated, but score could not be retrieved (Request timeout).
