|j|☆oddmushroom
|j|☆purple mountains
|t:|1665870810
|gametype|singles
|player|p1|oddmushroom|265|1310
|player|p2|purple mountains|giovanni|1525
|teamsize|p1|6
|teamsize|p2|6
|gen|8
|tier|[Gen 8] RU
|rated|
|rule|Sleep Clause Mod: Limit one foe put to sleep
|rule|Species Clause: Limit one of each Pokémon
|rule|OHKO Clause: OHKO moves are banned
|rule|Evasion Items Clause: Evasion items are banned
|rule|Evasion Moves Clause: Evasion moves are banned
|rule|Endless Battle Clause: Forcing endless battles is banned
|rule|HP Percentage Mod: HP is shown in percentages
|rule|Dynamax Clause: You cannot dynamax
|clearpoke
|poke|p1|Togekiss, F|
|poke|p1|Araquanid, M|
|poke|p1|Roserade, M|
|poke|p1|Tauros, M|
|poke|p1|Flygon, F|
|poke|p1|Reuniclus, F|
|poke|p2|Suicune|
|poke|p2|Registeel|
|poke|p2|Flygon, F|
|poke|p2|Dhelmise|
|poke|p2|Weezing-Galar, M|
|poke|p2|Xurkitree|
|teampreview
|
|t:|1665870829
|start
|switch|p1a: Araquanid|Araquanid, M|100/100
|switch|p2a: Dhelmise|Dhelmise|100/100
|turn|1
|
|t:|1665870836
|move|p2a: Dhelmise|Power Whip|p1a: Araquanid
|-damage|p1a: Araquanid|28/100
|move|p1a: Araquanid|Infestation|p2a: Dhelmise
|-damage|p2a: Dhelmise|96/100
|-activate|p2a: Dhelmise|move: Infestation|[of] p1a: Araquanid
|
|-damage|p2a: Dhelmise|83/100|[from] move: Infestation|[partiallytrapped]
|upkeep
|turn|2
|
|t:|1665870844
|move|p2a: Dhelmise|Poltergeist|p1a: Araquanid
|-activate|p1a: Araquanid|move: Poltergeist|Big Root
|-damage|p1a: Araquanid|0 fnt
|faint|p1a: Araquanid
|
|-end|p2a: Dhelmise|Infestation|[partiallytrapped]|[silent]
|upkeep
|
|t:|1665870851
|switch|p1a: Tauros|Tauros, M|100/100
|turn|3
|
|t:|1665870857
|switch|p2a: Weezing|Weezing-Galar, M|100/100
|move|p1a: Tauros|Throat Chop|p2a: Weezing
|-resisted|p2a: Weezing
|-damage|p2a: Weezing|92/100
|
|-heal|p2a: Weezing|98/100|[from] item: Black Sludge
|upkeep
|turn|4
|
|t:|1665870870
|switch|p1a: Reuniclus|Reuniclus, F|100/100
|move|p2a: Weezing|Sludge Bomb|p1a: Reuniclus
|-damage|p1a: Reuniclus|75/100
|
|-heal|p2a: Weezing|100/100|[from] item: Black Sludge
|upkeep
|turn|5
|
|t:|1665870880
|switch|p2a: Dhelmise|Dhelmise|83/100
|move|p1a: Reuniclus|Acid Armor|p1a: Reuniclus
|-boost|p1a: Reuniclus|def|2
|
|upkeep
|turn|6
|
|t:|1665870887
|switch|p1a: Tauros|Tauros, M|100/100
|move|p2a: Dhelmise|Poltergeist|p1a: Tauros
|-immune|p1a: Tauros
|
|upkeep
|turn|7
|
|t:|1665870894
|switch|p2a: Weezing|Weezing-Galar, M|100/100
|move|p1a: Tauros|Focus Energy|p1a: Tauros
|-start|p1a: Tauros|move: Focus Energy
|
|upkeep
|turn|8
|
|t:|1665870899
|move|p1a: Tauros|Body Slam|p2a: Weezing
|-crit|p2a: Weezing
|-damage|p2a: Weezing|53/100
|move|p2a: Weezing|Will-O-Wisp|p1a: Tauros
|-status|p1a: Tauros|brn
|
|-heal|p2a: Weezing|59/100|[from] item: Black Sludge
|-damage|p1a: Tauros|94/100 brn|[from] brn
|upkeep
|turn|9
|
|t:|1665870910
|move|p1a: Tauros|Body Slam|p2a: Weezing
|-crit|p2a: Weezing
|-damage|p2a: Weezing|34/100
|move|p2a: Weezing|Sludge Bomb|p1a: Tauros
|-damage|p1a: Tauros|53/100 brn
|
|-heal|p2a: Weezing|40/100|[from] item: Black Sludge
|-damage|p1a: Tauros|47/100 brn|[from] brn
|upkeep
|turn|10
|
|t:|1665870924
|move|p1a: Tauros|Body Slam|p2a: Weezing
|-crit|p2a: Weezing
|-damage|p2a: Weezing|17/100
|move|p2a: Weezing|Sludge Bomb|p1a: Tauros
|-damage|p1a: Tauros|2/100 brn
|
|-heal|p2a: Weezing|23/100|[from] item: Black Sludge
|-damage|p1a: Tauros|0 fnt|[from] brn
|faint|p1a: Tauros
|upkeep
|
|t:|1665870936
|switch|p1a: Flygon|Flygon, F|100/100
|turn|11
|
|t:|1665870943
|move|p1a: Flygon|Iron Tail|p2a: Weezing
|-supereffective|p2a: Weezing
|-damage|p2a: Weezing|0 fnt
|faint|p2a: Weezing
|
|upkeep
|
|t:|1665870950
|switch|p2a: Suicune|Suicune|100/100
|-ability|p2a: Suicune|Pressure
|turn|12
|
|t:|1665870955
|switch|p1a: Roserade|Roserade, M|100/100
|move|p2a: Suicune|Calm Mind|p2a: Suicune
|-boost|p2a: Suicune|spa|1
|-boost|p2a: Suicune|spd|1
|
|upkeep
|turn|13
|
|t:|1665870961
|switch|p2a: Registeel|Registeel|100/100
|move|p1a: Roserade|Leech Seed|p2a: Registeel
|-start|p2a: Registeel|move: Leech Seed
|
|-damage|p2a: Registeel|88/100|[from] Leech Seed|[of] p1a: Roserade
|upkeep
|turn|14
|
|t:|1665870966
|move|p1a: Roserade|Substitute|p1a: Roserade
|-start|p1a: Roserade|Substitute
|-damage|p1a: Roserade|75/100
|move|p2a: Registeel|Stealth Rock|p1a: Roserade
|-sidestart|p1: oddmushroom|move: Stealth Rock
|
|-heal|p1a: Roserade|82/100|[from] item: Black Sludge
|-heal|p2a: Registeel|94/100|[from] item: Leftovers
|-damage|p2a: Registeel|82/100|[from] Leech Seed|[of] p1a: Roserade
|-heal|p1a: Roserade|96/100|[silent]
|upkeep
|turn|15
|
|t:|1665870976
|move|p1a: Roserade|Giga Drain|p2a: Registeel
|-resisted|p2a: Registeel
|-damage|p2a: Registeel|72/100
|-heal|p1a: Roserade|100/100|[from] drain|[of] p2a: Registeel
|move|p2a: Registeel|Seismic Toss|p1a: Roserade
|-end|p1a: Roserade|Substitute
|
|-heal|p2a: Registeel|78/100|[from] item: Leftovers
|-damage|p2a: Registeel|66/100|[from] Leech Seed|[of] p1a: Roserade
|upkeep
|turn|16
|
|t:|1665870982
|switch|p2a: Dhelmise|Dhelmise|83/100
|move|p1a: Roserade|Substitute|p1a: Roserade
|-start|p1a: Roserade|Substitute
|-damage|p1a: Roserade|75/100
|
|-heal|p1a: Roserade|82/100|[from] item: Black Sludge
|upkeep
|turn|17
|
|t:|1665870992
|move|p1a: Roserade|Sludge Bomb|p2a: Dhelmise
|-damage|p2a: Dhelmise|27/100
|move|p2a: Dhelmise|Poltergeist|p1a: Roserade
|-activate|p1a: Roserade|move: Poltergeist|Black Sludge
|-end|p1a: Roserade|Substitute
|
|-heal|p1a: Roserade|88/100|[from] item: Black Sludge
|upkeep
|turn|18
|
|t:|1665870998
|switch|p2a: Registeel|Registeel|66/100
|move|p1a: Roserade|Substitute|p1a: Roserade
|-start|p1a: Roserade|Substitute
|-damage|p1a: Roserade|63/100
|
|-heal|p1a: Roserade|69/100|[from] item: Black Sludge
|-heal|p2a: Registeel|72/100|[from] item: Leftovers
|upkeep
|turn|19
|
|t:|1665871003
|move|p1a: Roserade|Leech Seed|p2a: Registeel
|-start|p2a: Registeel|move: Leech Seed
|move|p2a: Registeel|Seismic Toss|p1a: Roserade
|-end|p1a: Roserade|Substitute
|
|-heal|p1a: Roserade|75/100|[from] item: Black Sludge
|-heal|p2a: Registeel|78/100|[from] item: Leftovers
|-damage|p2a: Registeel|65/100|[from] Leech Seed|[of] p1a: Roserade
|-heal|p1a: Roserade|90/100|[silent]
|upkeep
|turn|20
|
|t:|1665871008
|switch|p2a: Flygon|Flygon, F|100/100
|move|p1a: Roserade|Substitute|p1a: Roserade
|-start|p1a: Roserade|Substitute
|-damage|p1a: Roserade|65/100
|
|-heal|p1a: Roserade|71/100|[from] item: Black Sludge
|upkeep
|turn|21
|
|t:|1665871011
|move|p2a: Flygon|U-turn|p1a: Roserade
|-crit|p1a: Roserade
|-end|p1a: Roserade|Substitute
|
|t:|1665871013
|switch|p2a: Registeel|Registeel|65/100|[from]move: U-turn
|move|p1a: Roserade|Giga Drain|p2a: Registeel
|-resisted|p2a: Registeel
|-damage|p2a: Registeel|55/100
|-heal|p1a: Roserade|76/100|[from] drain|[of] p2a: Registeel
|
|-heal|p1a: Roserade|83/100|[from] item: Black Sludge
|-heal|p2a: Registeel|61/100|[from] item: Leftovers
|upkeep
|turn|22
|
|t:|1665871017
|move|p1a: Roserade|Leech Seed|p2a: Registeel
|-start|p2a: Registeel|move: Leech Seed
|move|p2a: Registeel|Seismic Toss|p1a: Roserade
|-damage|p1a: Roserade|51/100
|
|-heal|p1a: Roserade|58/100|[from] item: Black Sludge
|-heal|p2a: Registeel|68/100|[from] item: Leftovers
|-damage|p2a: Registeel|55/100|[from] Leech Seed|[of] p1a: Roserade
|-heal|p1a: Roserade|72/100|[silent]
|upkeep
|turn|23
|
|t:|1665871022
|switch|p2a: Flygon|Flygon, F|100/100
|move|p1a: Roserade|Substitute|p1a: Roserade
|-start|p1a: Roserade|Substitute
|-damage|p1a: Roserade|47/100
|
|-heal|p1a: Roserade|53/100|[from] item: Black Sludge
|upkeep
|turn|24
|
|t:|1665871025
|move|p2a: Flygon|U-turn|p1a: Roserade
|-end|p1a: Roserade|Substitute
|
|t:|1665871027
|switch|p2a: Registeel|Registeel|55/100|[from]move: U-turn
|move|p1a: Roserade|Giga Drain|p2a: Registeel
|-resisted|p2a: Registeel
|-damage|p2a: Registeel|46/100
|-heal|p1a: Roserade|58/100|[from] drain|[of] p2a: Registeel
|
|-heal|p1a: Roserade|65/100|[from] item: Black Sludge
|-heal|p2a: Registeel|52/100|[from] item: Leftovers
|upkeep
|turn|25
|
|t:|1665871033
|switch|p2a: Flygon|Flygon, F|100/100
|move|p1a: Roserade|Leech Seed|p2a: Flygon
|-start|p2a: Flygon|move: Leech Seed
|
|-heal|p1a: Roserade|71/100|[from] item: Black Sludge
|-damage|p2a: Flygon|88/100|[from] Leech Seed|[of] p1a: Roserade
|-heal|p1a: Roserade|82/100|[silent]
|upkeep
|turn|26
|
|t:|1665871039
|switch|p1a: Togekiss|Togekiss, F|100/100
|-damage|p1a: Togekiss|76/100|[from] Stealth Rock
|move|p2a: Flygon|U-turn|p1a: Togekiss
|-resisted|p1a: Togekiss
|-damage|p1a: Togekiss|72/100
|
|t:|1665871068
|switch|p2a: Xurkitree|Xurkitree|100/100|[from]move: U-turn
|
|upkeep
|turn|27
|
|t:|1665871076
|switch|p1a: Flygon|Flygon, F|100/100
|-damage|p1a: Flygon|94/100|[from] Stealth Rock
|move|p2a: Xurkitree|Dazzling Gleam|p1a: Flygon
|-supereffective|p1a: Flygon
|-damage|p1a: Flygon|15/100
|
|upkeep
|turn|28
|
|t:|1665871086
|switch|p2a: Suicune|Suicune|100/100
|-ability|p2a: Suicune|Pressure
|move|p1a: Flygon|Dragon Dance|p1a: Flygon
|-boost|p1a: Flygon|atk|1
|-boost|p1a: Flygon|spe|1
|
|upkeep
|turn|29
|
|t:|1665871093
|move|p1a: Flygon|Earthquake|p2a: Suicune
|-damage|p2a: Suicune|50/100
|move|p2a: Suicune|Scald|p1a: Flygon
|-damage|p1a: Flygon|0 fnt
|faint|p1a: Flygon
|
|-heal|p2a: Suicune|56/100|[from] item: Leftovers
|upkeep
|
|t:|1665871099
|switch|p1a: Roserade|Roserade, M|82/100
|-damage|p1a: Roserade|70/100|[from] Stealth Rock
|turn|30
|
|t:|1665871106
|move|p2a: Suicune|Substitute|p2a: Suicune
|-start|p2a: Suicune|Substitute
|-damage|p2a: Suicune|31/100
|move|p1a: Roserade|Giga Drain|p2a: Suicune
|-supereffective|p2a: Suicune
|-end|p2a: Suicune|Substitute
|-heal|p1a: Roserade|86/100|[from] drain|[of] p2a: Suicune
|
|-heal|p2a: Suicune|37/100|[from] item: Leftovers
|-heal|p1a: Roserade|92/100|[from] item: Black Sludge
|upkeep
|turn|31
|
|t:|1665871111
|move|p2a: Suicune|Protect|p2a: Suicune
|-singleturn|p2a: Suicune|Protect
|move|p1a: Roserade|Leech Seed|p2a: Suicune
|-activate|p2a: Suicune|move: Protect
|
|-heal|p2a: Suicune|44/100|[from] item: Leftovers
|-heal|p1a: Roserade|98/100|[from] item: Black Sludge
|upkeep
|turn|32
|
|t:|1665871116
|move|p2a: Suicune|Substitute|p2a: Suicune
|-start|p2a: Suicune|Substitute
|-damage|p2a: Suicune|19/100
|move|p1a: Roserade|Substitute|p1a: Roserade
|-start|p1a: Roserade|Substitute
|-damage|p1a: Roserade|73/100
|
|-heal|p2a: Suicune|25/100|[from] item: Leftovers
|-heal|p1a: Roserade|80/100|[from] item: Black Sludge
|upkeep
|turn|33
|
|t:|1665871122
|move|p2a: Suicune|Protect|p2a: Suicune
|-singleturn|p2a: Suicune|Protect
|move|p1a: Roserade|Giga Drain|p2a: Suicune
|-activate|p2a: Suicune|move: Protect
|
|-heal|p2a: Suicune|31/100|[from] item: Leftovers
|-heal|p1a: Roserade|86/100|[from] item: Black Sludge
|upkeep
|turn|34
|
|t:|1665871127
|move|p2a: Suicune|Calm Mind|p2a: Suicune
|-boost|p2a: Suicune|spa|1
|-boost|p2a: Suicune|spd|1
|move|p1a: Roserade|Giga Drain|p2a: Suicune
|-supereffective|p2a: Suicune
|-end|p2a: Suicune|Substitute
|-heal|p1a: Roserade|100/100|[from] drain|[of] p2a: Suicune
|
|-heal|p2a: Suicune|37/100|[from] item: Leftovers
|upkeep
|turn|35
|
|t:|1665871133
|move|p2a: Suicune|Protect|p2a: Suicune
|-singleturn|p2a: Suicune|Protect
|move|p1a: Roserade|Sludge Bomb|p2a: Suicune
|-activate|p2a: Suicune|move: Protect
|
|-heal|p2a: Suicune|43/100|[from] item: Leftovers
|upkeep
|turn|36
|
|t:|1665871138
|move|p2a: Suicune|Substitute|p2a: Suicune
|-start|p2a: Suicune|Substitute
|-damage|p2a: Suicune|18/100
|move|p1a: Roserade|Giga Drain|p2a: Suicune
|-supereffective|p2a: Suicune
|-end|p2a: Suicune|Substitute
|
|-heal|p2a: Suicune|25/100|[from] item: Leftovers
|upkeep
|turn|37
|
|t:|1665871144
|move|p2a: Suicune|Protect|p2a: Suicune
|-singleturn|p2a: Suicune|Protect
|move|p1a: Roserade|Sludge Bomb|p2a: Suicune
|-activate|p2a: Suicune|move: Protect
|
|-heal|p2a: Suicune|31/100|[from] item: Leftovers
|upkeep
|turn|38
|
|t:|1665871171
|switch|p2a: Registeel|Registeel|52/100
|move|p1a: Roserade|Giga Drain|p2a: Registeel
|-resisted|p2a: Registeel
|-damage|p2a: Registeel|41/100
|
|-heal|p2a: Registeel|47/100|[from] item: Leftovers
|upkeep
|turn|39
|
|t:|1665871176
|move|p2a: Registeel|Protect|p2a: Registeel
|-singleturn|p2a: Registeel|Protect
|move|p1a: Roserade|Leech Seed|p2a: Registeel
|-activate|p2a: Registeel|move: Protect
|
|-heal|p2a: Registeel|53/100|[from] item: Leftovers
|upkeep
|turn|40
|
|t:|1665871181
|move|p1a: Roserade|Giga Drain|p2a: Registeel
|-resisted|p2a: Registeel
|-damage|p2a: Registeel|43/100
|move|p2a: Registeel|Seismic Toss|p1a: Roserade
|-end|p1a: Roserade|Substitute
|
|-heal|p2a: Registeel|49/100|[from] item: Leftovers
|upkeep
|turn|41
|
|t:|1665871187
|switch|p2a: Flygon|Flygon, F|88/100
|move|p1a: Roserade|Leech Seed|p2a: Flygon
|-start|p2a: Flygon|move: Leech Seed
|
|-damage|p2a: Flygon|76/100|[from] Leech Seed|[of] p1a: Roserade
|upkeep
|turn|42
|
|t:|1665871192
|move|p2a: Flygon|U-turn|p1a: Roserade
|-damage|p1a: Roserade|70/100
|
|t:|1665871195
|switch|p2a: Registeel|Registeel|49/100|[from]move: U-turn
|move|p1a: Roserade|Giga Drain|p2a: Registeel
|-resisted|p2a: Registeel
|-damage|p2a: Registeel|38/100
|-heal|p1a: Roserade|76/100|[from] drain|[of] p2a: Registeel
|
|-heal|p1a: Roserade|82/100|[from] item: Black Sludge
|-heal|p2a: Registeel|44/100|[from] item: Leftovers
|upkeep
|turn|43
|
|t:|1665871201
|move|p2a: Registeel|Protect|p2a: Registeel
|-singleturn|p2a: Registeel|Protect
|move|p1a: Roserade|Substitute|p1a: Roserade
|-start|p1a: Roserade|Substitute
|-damage|p1a: Roserade|57/100
|
|-heal|p1a: Roserade|63/100|[from] item: Black Sludge
|-heal|p2a: Registeel|50/100|[from] item: Leftovers
|upkeep
|turn|44
|
|t:|1665871206
|move|p1a: Roserade|Leech Seed|p2a: Registeel
|-start|p2a: Registeel|move: Leech Seed
|move|p2a: Registeel|Seismic Toss|p1a: Roserade
|-end|p1a: Roserade|Substitute
|
|-heal|p1a: Roserade|70/100|[from] item: Black Sludge
|-heal|p2a: Registeel|56/100|[from] item: Leftovers
|-damage|p2a: Registeel|44/100|[from] Leech Seed|[of] p1a: Roserade
|-heal|p1a: Roserade|84/100|[silent]
|upkeep
|turn|45
|
|t:|1665871214
|switch|p2a: Flygon|Flygon, F|76/100
|move|p1a: Roserade|Substitute|p1a: Roserade
|-start|p1a: Roserade|Substitute
|-damage|p1a: Roserade|59/100
|
|-heal|p1a: Roserade|65/100|[from] item: Black Sludge
|upkeep
|turn|46
|
|t:|1665871220
|move|p2a: Flygon|U-turn|p1a: Roserade
|-end|p1a: Roserade|Substitute
|
|t:|1665871223
|switch|p2a: Registeel|Registeel|44/100|[from]move: U-turn
|move|p1a: Roserade|Leech Seed|p2a: Registeel
|-start|p2a: Registeel|move: Leech Seed
|
|-heal|p1a: Roserade|71/100|[from] item: Black Sludge
|-heal|p2a: Registeel|50/100|[from] item: Leftovers
|-damage|p2a: Registeel|38/100|[from] Leech Seed|[of] p1a: Roserade
|-heal|p1a: Roserade|85/100|[silent]
|upkeep
|turn|47
|
|t:|1665871230
|switch|p2a: Flygon|Flygon, F|76/100
|move|p1a: Roserade|Substitute|p1a: Roserade
|-start|p1a: Roserade|Substitute
|-damage|p1a: Roserade|60/100
|
|-heal|p1a: Roserade|66/100|[from] item: Black Sludge
|upkeep
|turn|48
|
|t:|1665871236
|move|p2a: Flygon|U-turn|p1a: Roserade
|-end|p1a: Roserade|Substitute
|
|t:|1665871238
|switch|p2a: Registeel|Registeel|38/100|[from]move: U-turn
|move|p1a: Roserade|Sludge Bomb|p2a: Registeel
|-immune|p2a: Registeel
|
|-heal|p1a: Roserade|73/100|[from] item: Black Sludge
|-heal|p2a: Registeel|44/100|[from] item: Leftovers
|upkeep
|turn|49
|
|t:|1665871244
|move|p1a: Roserade|Leech Seed|p2a: Registeel
|-start|p2a: Registeel|move: Leech Seed
|move|p2a: Registeel|Seismic Toss|p1a: Roserade
|-damage|p1a: Roserade|41/100
|
|-heal|p1a: Roserade|48/100|[from] item: Black Sludge
|-heal|p2a: Registeel|50/100|[from] item: Leftovers
|-damage|p2a: Registeel|37/100|[from] Leech Seed|[of] p1a: Roserade
|-heal|p1a: Roserade|62/100|[silent]
|upkeep
|turn|50
|
|t:|1665871250
|switch|p2a: Flygon|Flygon, F|76/100
|move|p1a: Roserade|Giga Drain|p2a: Flygon
|-damage|p2a: Flygon|20/100
|-heal|p1a: Roserade|88/100|[from] drain|[of] p2a: Flygon
|
|-heal|p1a: Roserade|94/100|[from] item: Black Sludge
|upkeep
|turn|51
|
|t:|1665871259
|move|p2a: Flygon|Roost|p2a: Flygon
|-heal|p2a: Flygon|70/100
|-singleturn|p2a: Flygon|move: Roost
|move|p1a: Roserade|Leech Seed|p2a: Flygon|[miss]
|-miss|p1a: Roserade|p2a: Flygon
|
|-heal|p1a: Roserade|100/100|[from] item: Black Sludge
|upkeep
|turn|52
|
|t:|1665871267
|move|p2a: Flygon|Roost|p2a: Flygon
|-heal|p2a: Flygon|100/100
|-singleturn|p2a: Flygon|move: Roost
|move|p1a: Roserade|Leech Seed|p2a: Flygon|[miss]
|-miss|p1a: Roserade|p2a: Flygon
|
|upkeep
|turn|53
|
|t:|1665871274
|switch|p2a: Registeel|Registeel|37/100
|move|p1a: Roserade|Substitute|p1a: Roserade
|-start|p1a: Roserade|Substitute
|-damage|p1a: Roserade|75/100
|
|-heal|p1a: Roserade|82/100|[from] item: Black Sludge
|-heal|p2a: Registeel|43/100|[from] item: Leftovers
|upkeep
|turn|54
|
|t:|1665871279
|move|p2a: Registeel|Protect|p2a: Registeel
|-singleturn|p2a: Registeel|Protect
|move|p1a: Roserade|Leech Seed|p2a: Registeel
|-activate|p2a: Registeel|move: Protect
|
|-heal|p1a: Roserade|88/100|[from] item: Black Sludge
|-heal|p2a: Registeel|49/100|[from] item: Leftovers
|upkeep
|turn|55
|
|t:|1665871286
|move|p1a: Roserade|Leech Seed|p2a: Registeel
|-start|p2a: Registeel|move: Leech Seed
|move|p2a: Registeel|Seismic Toss|p1a: Roserade
|-end|p1a: Roserade|Substitute
|
|-heal|p1a: Roserade|94/100|[from] item: Black Sludge
|-heal|p2a: Registeel|55/100|[from] item: Leftovers
|-damage|p2a: Registeel|43/100|[from] Leech Seed|[of] p1a: Roserade
|-heal|p1a: Roserade|100/100|[silent]
|upkeep
|turn|56
|
|t:|1665871292
|switch|p2a: Flygon|Flygon, F|100/100
|move|p1a: Roserade|Substitute|p1a: Roserade
|-start|p1a: Roserade|Substitute
|-damage|p1a: Roserade|75/100
|
|-heal|p1a: Roserade|82/100|[from] item: Black Sludge
|upkeep
|turn|57
|
|t:|1665871300
|move|p2a: Flygon|U-turn|p1a: Roserade
|-end|p1a: Roserade|Substitute
|
|t:|1665871303
|switch|p2a: Registeel|Registeel|43/100|[from]move: U-turn
|move|p1a: Roserade|Leech Seed|p2a: Registeel
|-start|p2a: Registeel|move: Leech Seed
|
|-heal|p1a: Roserade|88/100|[from] item: Black Sludge
|-heal|p2a: Registeel|49/100|[from] item: Leftovers
|-damage|p2a: Registeel|37/100|[from] Leech Seed|[of] p1a: Roserade
|-heal|p1a: Roserade|100/100|[silent]
|upkeep
|turn|58
|
|t:|1665871313
|switch|p2a: Flygon|Flygon, F|100/100
|move|p1a: Roserade|Substitute|p1a: Roserade
|-start|p1a: Roserade|Substitute
|-damage|p1a: Roserade|75/100
|
|-heal|p1a: Roserade|82/100|[from] item: Black Sludge
|upkeep
|turn|59
|
|t:|1665871319
|move|p2a: Flygon|U-turn|p1a: Roserade
|-end|p1a: Roserade|Substitute
|
|t:|1665871322
|switch|p2a: Registeel|Registeel|37/100|[from]move: U-turn
|move|p1a: Roserade|Sludge Bomb|p2a: Registeel
|-immune|p2a: Registeel
|
|-heal|p1a: Roserade|88/100|[from] item: Black Sludge
|-heal|p2a: Registeel|43/100|[from] item: Leftovers
|upkeep
|turn|60
|
|t:|1665871330
|switch|p1a: Reuniclus|Reuniclus, F|75/100
|move|p2a: Registeel|Seismic Toss|p1a: Reuniclus
|-damage|p1a: Reuniclus|51/100
|
|-heal|p2a: Registeel|49/100|[from] item: Leftovers
|upkeep
|turn|61
|
|t:|1665871341
|switch|p2a: Xurkitree|Xurkitree|100/100
|move|p1a: Reuniclus|Acid Armor|p1a: Reuniclus
|-boost|p1a: Reuniclus|def|2
|
|upkeep
|turn|62
|
|t:|1665871345
|move|p2a: Xurkitree|Thunderbolt|p1a: Reuniclus
|-damage|p1a: Reuniclus|1/100
|move|p1a: Reuniclus|Recover|p1a: Reuniclus
|-heal|p1a: Reuniclus|51/100
|
|upkeep
|turn|63
|
|t:|1665871351
|move|p2a: Xurkitree|Thunderbolt|p1a: Reuniclus
|-damage|p1a: Reuniclus|0 fnt
|faint|p1a: Reuniclus
|-ability|p2a: Xurkitree|Beast Boost|boost
|-boost|p2a: Xurkitree|spa|1
|
|upkeep
|-message|oddmushroom forfeited.
|
|win|purple mountains
|raw|oddmushroom's rating: 1310 &rarr; <strong>1301</strong><br />(-9 for losing)
|raw|purple mountains's rating: 1525 &rarr; <strong>1534</strong><br />(+9 for winning)
|l|☆oddmushroom
||Ladder isn't responding, score probably updated but might not have (Request timeout).
