|j|☆chupetinha chilena
|j|☆KingWop
|player|p1|chupetinha chilena|acetrainerf|1583
|player|p2|KingWop|galacticgrunt|1500
|teamsize|p1|6
|teamsize|p2|6
|gametype|singles
|gen|8
|tier|[Gen 8] RU
|rated|
|clearpoke
|poke|p1|Lunatone|
|poke|p1|Gigalith, F|
|poke|p1|Vileplume, M|
|poke|p1|Dhelmise|
|poke|p1|Arctovish|
|poke|p1|Mr. Mime, M|
|poke|p2|Goodra, F|
|poke|p2|Passimian, M|
|poke|p2|Gigalith, F|
|poke|p2|Dhelmise|
|poke|p2|Sableye, F|
|poke|p2|Escavalier, M|
|rule|Sleep Clause Mod: Limit one foe put to sleep
|rule|Species Clause: Limit one of each Pokémon
|rule|OHKO Clause: OHKO moves are banned
|rule|Evasion Moves Clause: Evasion moves are banned
|rule|Endless Battle Clause: Forcing endless battles is banned
|rule|HP Percentage Mod: HP is shown in percentages
|rule|Dynamax Clause: You cannot dynamax
|teampreview
|
|start
|switch|p1a: Tainá|Arctovish|100/100
|switch|p2a: Passimian|Passimian, M|100/100
|turn|1
|inactive|Battle timer is ON: inactive players will automatically lose when time's up. (requested by KingWop)
|
|switch|p1a: Pólen|Vileplume, M|100/100
|move|p2a: Passimian|U-turn|p1a: Pólen
|-damage|p1a: Pólen|83/100
|
|switch|p2a: Escavalier|Escavalier, M|100/100|[from]move: U-turn
|
|-heal|p1a: Pólen|90/100|[from] item: Black Sludge
|upkeep
|turn|2
|
|move|p1a: Pólen|Strength Sap|p2a: Escavalier
|-unboost|p2a: Escavalier|atk|1
|-heal|p1a: Pólen|100/100
|move|p2a: Escavalier|Iron Head|p1a: Pólen
|-damage|p1a: Pólen|60/100
|
|-heal|p1a: Pólen|66/100|[from] item: Black Sludge
|upkeep
|turn|3
|
|switch|p2a: Goodra|Goodra, F, shiny|100/100
|move|p1a: Pólen|Strength Sap|p2a: Goodra
|-ability|p2a: Goodra|Sap Sipper|boost
|-boost|p2a: Goodra|atk|1
|
|-heal|p1a: Pólen|72/100|[from] item: Black Sludge
|upkeep
|turn|4
|
|switch|p1a: Carol|Gigalith, F|100/100
|-weather|Sandstorm|[from] ability: Sand Stream|[of] p1a: Carol
|move|p2a: Goodra|Fire Blast|p1a: Carol
|-resisted|p1a: Carol
|-damage|p1a: Carol|86/100
|
|-weather|Sandstorm|[upkeep]
|-damage|p2a: Goodra|94/100|[from] Sandstorm
|-heal|p1a: Carol|92/100|[from] item: Leftovers
|upkeep
|turn|5
|
|switch|p2a: Dhelmise|Dhelmise|100/100
|move|p1a: Carol|Stealth Rock|p2a: Dhelmise
|-sidestart|p2: KingWop|move: Stealth Rock
|
|-weather|Sandstorm|[upkeep]
|-damage|p2a: Dhelmise|94/100|[from] Sandstorm
|-heal|p1a: Carol|99/100|[from] item: Leftovers
|upkeep
|turn|6
|
|move|p1a: Carol|Protect|p1a: Carol
|-singleturn|p1a: Carol|Protect
|move|p2a: Dhelmise|Shadow Claw|p1a: Carol
|-activate|p1a: Carol|move: Protect
|
|-weather|Sandstorm|[upkeep]
|-damage|p2a: Dhelmise|88/100|[from] Sandstorm
|-heal|p1a: Carol|100/100|[from] item: Leftovers
|upkeep
|turn|7
|
|switch|p1a: Sorriso|Dhelmise|100/100
|move|p2a: Dhelmise|Power Whip|p1a: Sorriso
|-resisted|p1a: Sorriso
|-damage|p1a: Sorriso|67/100
|
|-weather|Sandstorm|[upkeep]
|-damage|p1a: Sorriso|61/100|[from] Sandstorm
|-damage|p2a: Dhelmise|82/100|[from] Sandstorm
|upkeep
|turn|8
|
|move|p1a: Sorriso|Shadow Claw|p2a: Dhelmise
|-supereffective|p2a: Dhelmise
|-damage|p2a: Dhelmise|5/100
|move|p2a: Dhelmise|Shadow Claw|p1a: Sorriso
|-supereffective|p1a: Sorriso
|-damage|p1a: Sorriso|0 fnt
|faint|p1a: Sorriso
|
|-weather|none
|upkeep
|
|switch|p1a: Carol|Gigalith, F|100/100
|-weather|Sandstorm|[from] ability: Sand Stream|[of] p1a: Carol
|turn|9
|
|move|p1a: Carol|Protect|p1a: Carol
|-singleturn|p1a: Carol|Protect
|move|p2a: Dhelmise|Power Whip|p1a: Carol
|-activate|p1a: Carol|move: Protect
|
|-weather|Sandstorm|[upkeep]
|-damage|p2a: Dhelmise|0 fnt|[from] Sandstorm
|faint|p2a: Dhelmise
|upkeep
|
|switch|p2a: Escavalier|Escavalier, M|100/100
|-damage|p2a: Escavalier|88/100|[from] Stealth Rock
|turn|10
|
|switch|p1a: Pólen|Vileplume, M|72/100
|move|p2a: Escavalier|Iron Head|p1a: Pólen
|-damage|p1a: Pólen|15/100
|
|-weather|Sandstorm|[upkeep]
|-damage|p1a: Pólen|8/100|[from] Sandstorm
|-heal|p1a: Pólen|15/100|[from] item: Black Sludge
|upkeep
|turn|11
|
|switch|p2a: Gigalith|Gigalith, F, shiny|100/100
|-damage|p2a: Gigalith|88/100|[from] Stealth Rock
|move|p1a: Pólen|Giga Drain|p2a: Gigalith
|-supereffective|p2a: Gigalith
|-damage|p2a: Gigalith|58/100
|-heal|p1a: Pólen|31/100|[from] drain|[of] p2a: Gigalith
|
|-weather|Sandstorm|[upkeep]
|-damage|p1a: Pólen|25/100|[from] Sandstorm
|-heal|p1a: Pólen|31/100|[from] item: Black Sludge
|-heal|p2a: Gigalith|64/100|[from] item: Leftovers
|upkeep
|turn|12
|
|switch|p2a: Goodra|Goodra, F, shiny|94/100
|-damage|p2a: Goodra|82/100|[from] Stealth Rock
|move|p1a: Pólen|Strength Sap|p2a: Goodra
|-ability|p2a: Goodra|Sap Sipper|boost
|-boost|p2a: Goodra|atk|1
|
|-weather|Sandstorm|[upkeep]
|-damage|p2a: Goodra|76/100|[from] Sandstorm
|-damage|p1a: Pólen|25/100|[from] Sandstorm
|-heal|p1a: Pólen|31/100|[from] item: Black Sludge
|upkeep
|turn|13
|
|switch|p1a: Luna|Lunatone|100/100
|move|p2a: Goodra|Draco Meteor|p1a: Luna
|-damage|p1a: Luna|17/100
|-unboost|p2a: Goodra|spa|2
|
|-weather|none
|upkeep
|turn|14
|
|move|p2a: Goodra|Draco Meteor|p1a: Luna
|-damage|p1a: Luna|0 fnt
|-unboost|p2a: Goodra|spa|2
|faint|p1a: Luna
|
|upkeep
|
|switch|p1a: Carol|Gigalith, F|100/100
|-weather|Sandstorm|[from] ability: Sand Stream|[of] p1a: Carol
|turn|15
|
|switch|p2a: Sableye|Sableye, F|100/100
|-damage|p2a: Sableye|88/100|[from] Stealth Rock
|move|p1a: Carol|Rock Blast|p2a: Sableye
|-damage|p2a: Sableye|76/100
|-damage|p2a: Sableye|65/100
|-damage|p2a: Sableye|53/100
|-hitcount|p2a: Sableye|3
|
|-weather|Sandstorm|[upkeep]
|-damage|p2a: Sableye|47/100|[from] Sandstorm
|-heal|p2a: Sableye|53/100|[from] item: Leftovers
|upkeep
|turn|16
|
|move|p2a: Sableye|Will-O-Wisp|p1a: Carol|[miss]
|-miss|p2a: Sableye|p1a: Carol
|move|p1a: Carol|Toxic|p2a: Sableye
|-status|p2a: Sableye|tox
|
|-weather|Sandstorm|[upkeep]
|-damage|p2a: Sableye|47/100 tox|[from] Sandstorm
|-heal|p2a: Sableye|53/100 tox|[from] item: Leftovers
|-damage|p2a: Sableye|47/100 tox|[from] psn
|upkeep
|turn|17
|
|move|p2a: Sableye|Will-O-Wisp|p1a: Carol
|-status|p1a: Carol|brn
|move|p1a: Carol|Rock Blast|p2a: Sableye
|-damage|p2a: Sableye|41/100 tox
|-damage|p2a: Sableye|35/100 tox
|-hitcount|p2a: Sableye|2
|
|-weather|Sandstorm|[upkeep]
|-damage|p2a: Sableye|29/100 tox|[from] Sandstorm
|-heal|p2a: Sableye|35/100 tox|[from] item: Leftovers
|-damage|p2a: Sableye|23/100 tox|[from] psn
|-damage|p1a: Carol|94/100 brn|[from] brn
|upkeep
|turn|18
|
|switch|p2a: Escavalier|Escavalier, M|88/100
|-damage|p2a: Escavalier|76/100|[from] Stealth Rock
|move|p1a: Carol|Rock Blast|p2a: Escavalier
|-damage|p2a: Escavalier|71/100
|-damage|p2a: Escavalier|65/100
|-damage|p2a: Escavalier|59/100
|-hitcount|p2a: Escavalier|3
|
|-weather|Sandstorm|[upkeep]
|-heal|p1a: Carol|100/100 brn|[from] item: Leftovers
|-damage|p1a: Carol|94/100 brn|[from] brn
|upkeep
|turn|19
|
|switch|p1a: Pólen|Vileplume, M|31/100
|move|p2a: Escavalier|Iron Head|p1a: Pólen
|-damage|p1a: Pólen|0 fnt
|faint|p1a: Pólen
|
|-weather|none
|upkeep
|
|switch|p1a: Tainá|Arctovish|100/100
|turn|20
|
|switch|p2a: Sableye|Sableye, F|23/100 tox
|-damage|p2a: Sableye|10/100 tox|[from] Stealth Rock
|move|p1a: Tainá|Fishious Rend|p2a: Sableye
|-damage|p2a: Sableye|0 fnt
|faint|p2a: Sableye
|
|upkeep
|
|switch|p2a: Passimian|Passimian, M|100/100
|-damage|p2a: Passimian|94/100|[from] Stealth Rock
|turn|21
|
|switch|p1a: Carol|Gigalith, F|94/100 brn
|-weather|Sandstorm|[from] ability: Sand Stream|[of] p1a: Carol
|move|p2a: Passimian|Close Combat|p1a: Carol
|-supereffective|p1a: Carol
|-damage|p1a: Carol|12/100 brn
|-unboost|p2a: Passimian|def|1
|-unboost|p2a: Passimian|spd|1
|
|-weather|Sandstorm|[upkeep]
|-damage|p2a: Passimian|88/100|[from] Sandstorm
|-heal|p1a: Carol|19/100 brn|[from] item: Leftovers
|-damage|p1a: Carol|12/100 brn|[from] brn
|upkeep
|turn|22
|
|switch|p1a: Sr. Dedinhos|Mr. Mime, M|100/100
|move|p2a: Passimian|Close Combat|p1a: Sr. Dedinhos
|-resisted|p1a: Sr. Dedinhos
|-damage|p1a: Sr. Dedinhos|67/100
|-unboost|p2a: Passimian|def|1
|-unboost|p2a: Passimian|spd|1
|
|-weather|Sandstorm|[upkeep]
|-damage|p1a: Sr. Dedinhos|61/100|[from] Sandstorm
|-damage|p2a: Passimian|82/100|[from] Sandstorm
|upkeep
|turn|23
|
|switch|p2a: Gigalith|Gigalith, F, shiny|64/100
|-damage|p2a: Gigalith|52/100|[from] Stealth Rock
|move|p1a: Sr. Dedinhos|Psychic|p2a: Gigalith
|-damage|p2a: Gigalith|31/100
|
|-weather|Sandstorm|[upkeep]
|-damage|p1a: Sr. Dedinhos|55/100|[from] Sandstorm
|-heal|p2a: Gigalith|37/100|[from] item: Leftovers
|upkeep
|turn|24
|
|switch|p1a: Tainá|Arctovish|100/100
|move|p2a: Gigalith|Stealth Rock|p1a: Tainá
|-sidestart|p1: chupetinha chilena|move: Stealth Rock
|
|-weather|Sandstorm|[upkeep]
|-damage|p1a: Tainá|94/100|[from] Sandstorm
|-heal|p2a: Gigalith|43/100|[from] item: Leftovers
|upkeep
|turn|25
|j| allidoisHuynh
|
|move|p1a: Tainá|Fishious Rend|p2a: Gigalith
|-supereffective|p2a: Gigalith
|-damage|p2a: Gigalith|0 fnt
|faint|p2a: Gigalith
|
|-weather|none
|upkeep
|
|switch|p2a: Passimian|Passimian, M|82/100
|-damage|p2a: Passimian|76/100|[from] Stealth Rock
|turn|26
|
|switch|p1a: Carol|Gigalith, F|12/100 brn
|-damage|p1a: Carol|0 fnt|[from] Stealth Rock
|faint|p1a: Carol
|move|p2a: Passimian|Close Combat|p1: Carol|[notarget]
|-fail|p2a: Passimian
|
|upkeep
|
|switch|p1a: Sr. Dedinhos|Mr. Mime, M|55/100
|-damage|p1a: Sr. Dedinhos|43/100|[from] Stealth Rock
|turn|27
|
|switch|p2a: Escavalier|Escavalier, M|59/100
|-damage|p2a: Escavalier|47/100|[from] Stealth Rock
|move|p1a: Sr. Dedinhos|Psychic|p2a: Escavalier
|-resisted|p2a: Escavalier
|-damage|p2a: Escavalier|29/100
|
|upkeep
|turn|28
|
|switch|p1a: Tainá|Arctovish|94/100
|-damage|p1a: Tainá|69/100|[from] Stealth Rock
|move|p2a: Escavalier|Iron Head|p1a: Tainá
|-damage|p1a: Tainá|0 fnt
|faint|p1a: Tainá
|
|upkeep
|-message|chupetinha chilena forfeited.
|
|win|KingWop
|l|☆chupetinha chilena
|raw|chupetinha chilena's rating: 1583 &rarr; <strong>1558</strong><br />(-25 for losing)
|raw|KingWop's rating: 1500 &rarr; <strong>1524</strong><br />(+24 for winning)
