|j|☆Its oyster time
|j|☆linlinzhu
|t:|1625483967
|gametype|singles
|player|p1|Its oyster time|ninjaboy|1374
|player|p2|linlinzhu|bianca|1363
|teamsize|p1|6
|teamsize|p2|6
|gen|8
|tier|[Gen 8] RU
|rated|
|rule|Sleep Clause Mod: Limit one foe put to sleep
|rule|Species Clause: Limit one of each Pokémon
|rule|OHKO Clause: OHKO moves are banned
|rule|Evasion Moves Clause: Evasion moves are banned
|rule|Endless Battle Clause: Forcing endless battles is banned
|rule|HP Percentage Mod: HP is shown in percentages
|rule|Dynamax Clause: You cannot dynamax
|clearpoke
|poke|p1|Xurkitree|
|poke|p1|Celebi|
|poke|p1|Togekiss, F|
|poke|p1|Seismitoad, M|
|poke|p1|Crobat, M|
|poke|p1|Snorlax, F|
|poke|p2|Cramorant, F|
|poke|p2|Entei|
|poke|p2|Weezing-Galar, M|
|poke|p2|Stunfisk, M|
|poke|p2|Gardevoir, F|
|poke|p2|Rotom-Mow|
|teampreview
|inactive|Battle timer is ON: inactive players will automatically lose when time's up. (requested by Its oyster time)
|inactive|linlinzhu has 120 seconds left.
|
|t:|1625484009
|start
|switch|p1a: Celebi|Celebi|100/100
|switch|p2a: Gardevoir|Gardevoir, F, shiny|100/100
|-ability|p2a: Gardevoir|Natural Cure|[from] ability: Trace|[of] p1a: Celebi
|turn|1
|
|t:|1625484021
|switch|p2a: Entei|Entei|100/100
|move|p1a: Celebi|U-turn|p2a: Entei
|-resisted|p2a: Entei
|-damage|p2a: Entei|93/100
|
|t:|1625484026
|switch|p1a: Seismitoad|Seismitoad, M|100/100|[from]move: U-turn
|
|upkeep
|turn|2
|
|t:|1625484031
|move|p2a: Entei|Toxic|p1a: Seismitoad
|-status|p1a: Seismitoad|tox
|move|p1a: Seismitoad|Stealth Rock|p2a: Entei
|-sidestart|p2: linlinzhu|move: Stealth Rock
|
|-damage|p1a: Seismitoad|94/100 tox|[from] psn
|upkeep
|turn|3
|
|t:|1625484037
|switch|p2a: Rotom|Rotom-Mow|100/100
|-damage|p2a: Rotom|88/100|[from] Stealth Rock
|move|p1a: Seismitoad|Knock Off|p2a: Rotom
|-damage|p2a: Rotom|66/100
|-enditem|p2a: Rotom|Leftovers|[from] move: Knock Off|[of] p1a: Seismitoad
|
|-heal|p1a: Seismitoad|100/100 tox|[from] item: Leftovers
|-damage|p1a: Seismitoad|88/100 tox|[from] psn
|upkeep
|turn|4
|
|t:|1625484049
|switch|p1a: Celebi|Celebi|100/100
|move|p2a: Rotom|Pain Split|p1a: Celebi
|-sethp|p1a: Celebi|75/100|[from] move: Pain Split|[silent]
|-sethp|p2a: Rotom|99/100|[from] move: Pain Split
|
|upkeep
|turn|5
|
|t:|1625484058
|move|p1a: Celebi|U-turn|p2a: Rotom
|-supereffective|p2a: Rotom
|-damage|p2a: Rotom|67/100
|
|t:|1625484061
|switch|p1a: Snorlax|Snorlax, F|100/100|[from]move: U-turn
|move|p2a: Rotom|Volt Switch|p1a: Snorlax
|-damage|p1a: Snorlax|88/100
|
|t:|1625484068
|switch|p2a: Weezing|Weezing-Galar, M|100/100|[from]move: Volt Switch
|-damage|p2a: Weezing|88/100|[from] Stealth Rock
|
|-heal|p2a: Weezing|94/100|[from] item: Black Sludge
|-heal|p1a: Snorlax|94/100|[from] item: Leftovers
|upkeep
|turn|6
|
|t:|1625484084
|switch|p1a: Celebi|Celebi|75/100
|move|p2a: Weezing|Defog|p1a: Celebi
|-unboost|p1a: Celebi|evasion|1
|-sideend|p2: linlinzhu|Stealth Rock|[from] move: Defog|[of] p2a: Weezing
|
|-heal|p2a: Weezing|99/100|[from] item: Black Sludge
|upkeep
|turn|7
|
|t:|1625484092
|switch|p2a: Gardevoir|Gardevoir, F, shiny|100/100
|-ability|p2a: Gardevoir|Natural Cure|[from] ability: Trace|[of] p1a: Celebi
|move|p1a: Celebi|Psychic|p2a: Gardevoir
|-resisted|p2a: Gardevoir
|-damage|p2a: Gardevoir|82/100
|
|upkeep
|turn|8
|
|t:|1625484100
|move|p2a: Gardevoir|Trick|p1a: Celebi
|-activate|p2a: Gardevoir|move: Trick|[of] p1a: Celebi
|-item|p1a: Celebi|Choice Scarf|[from] move: Trick
|-item|p2a: Gardevoir|Heavy-Duty Boots|[from] move: Trick
|move|p1a: Celebi|U-turn|p2a: Gardevoir
|-damage|p2a: Gardevoir|56/100
|
|t:|1625484107
|switch|p1a: Xurkitree|Xurkitree|100/100|[from]move: U-turn
|
|upkeep
|turn|9
|
|t:|1625484113
|switch|p2a: Stunfisk|Stunfisk, M|100/100
|move|p1a: Xurkitree|Energy Ball|p2a: Stunfisk
|-supereffective|p2a: Stunfisk
|-damage|p2a: Stunfisk|43/100
|
|-heal|p2a: Stunfisk|49/100|[from] item: Leftovers
|upkeep
|turn|10
|
|t:|1625484122
|switch|p2a: Entei|Entei|93/100
|move|p1a: Xurkitree|Energy Ball|p2a: Entei
|-resisted|p2a: Entei
|-damage|p2a: Entei|70/100
|
|upkeep
|turn|11
|
|t:|1625484130
|switch|p1a: Seismitoad|Seismitoad, M|88/100 tox
|move|p2a: Entei|Sacred Fire|p1a: Seismitoad
|-resisted|p1a: Seismitoad
|-damage|p1a: Seismitoad|70/100 tox
|
|-heal|p1a: Seismitoad|76/100 tox|[from] item: Leftovers
|-damage|p1a: Seismitoad|70/100 tox|[from] psn
|upkeep
|turn|12
|
|t:|1625484142
|switch|p2a: Rotom|Rotom-Mow|67/100
|move|p1a: Seismitoad|Stealth Rock|p2a: Rotom
|-sidestart|p2: linlinzhu|move: Stealth Rock
|
|-heal|p1a: Seismitoad|76/100 tox|[from] item: Leftovers
|-damage|p1a: Seismitoad|64/100 tox|[from] psn
|upkeep
|turn|13
|
|t:|1625484154
|switch|p1a: Snorlax|Snorlax, F|94/100
|move|p2a: Rotom|Volt Switch|p1a: Snorlax
|-damage|p1a: Snorlax|81/100
|
|t:|1625484167
|switch|p2a: Weezing|Weezing-Galar, M|99/100|[from]move: Volt Switch
|-damage|p2a: Weezing|88/100|[from] Stealth Rock
|
|-heal|p2a: Weezing|94/100|[from] item: Black Sludge
|-heal|p1a: Snorlax|87/100|[from] item: Leftovers
|upkeep
|turn|14
|
|t:|1625484176
|switch|p1a: Celebi|Celebi|75/100
|move|p2a: Weezing|Sludge Bomb|p1a: Celebi
|-supereffective|p1a: Celebi
|-damage|p1a: Celebi|30/100
|-status|p1a: Celebi|psn
|
|-heal|p2a: Weezing|99/100|[from] item: Black Sludge
|-damage|p1a: Celebi|18/100 psn|[from] psn
|upkeep
|turn|15
|
|t:|1625484187
|move|p1a: Celebi|Psychic|p2a: Weezing
|-supereffective|p2a: Weezing
|-damage|p2a: Weezing|21/100
|move|p2a: Weezing|Defog|p1a: Celebi
|-unboost|p1a: Celebi|evasion|1
|-sideend|p2: linlinzhu|Stealth Rock|[from] move: Defog|[of] p2a: Weezing
|
|-heal|p2a: Weezing|27/100|[from] item: Black Sludge
|-damage|p1a: Celebi|6/100 psn|[from] psn
|upkeep
|turn|16
|
|t:|1625484197
|switch|p1a: Snorlax|Snorlax, F|87/100
|switch|p2a: Gardevoir|Gardevoir, F, shiny|56/100
|-ability|p2a: Gardevoir|Thick Fat|[from] ability: Trace|[of] p1a: Snorlax
|
|-heal|p1a: Snorlax|93/100|[from] item: Leftovers
|upkeep
|turn|17
|
|t:|1625484209
|switch|p2a: Rotom|Rotom-Mow|67/100
|move|p1a: Snorlax|Curse|p1a: Snorlax
|-unboost|p1a: Snorlax|spe|1
|-boost|p1a: Snorlax|atk|1
|-boost|p1a: Snorlax|def|1
|
|-heal|p1a: Snorlax|99/100|[from] item: Leftovers
|upkeep
|turn|18
|
|t:|1625484217
|move|p2a: Rotom|Toxic|p1a: Snorlax
|-status|p1a: Snorlax|tox
|move|p1a: Snorlax|Body Slam|p2a: Rotom
|-damage|p2a: Rotom|20/100
|
|-heal|p1a: Snorlax|100/100 tox|[from] item: Leftovers
|-damage|p1a: Snorlax|94/100 tox|[from] psn
|upkeep
|turn|19
|
|t:|1625484225
|move|p2a: Rotom|Volt Switch|p1a: Snorlax
|-damage|p1a: Snorlax|81/100 tox
|
|t:|1625484229
|switch|p2a: Stunfisk|Stunfisk, M|49/100|[from]move: Volt Switch
|move|p1a: Snorlax|Body Slam|p2a: Stunfisk
|-damage|p2a: Stunfisk|14/100
|
|-heal|p2a: Stunfisk|20/100|[from] item: Leftovers
|-heal|p1a: Snorlax|87/100 tox|[from] item: Leftovers
|-damage|p1a: Snorlax|75/100 tox|[from] psn
|upkeep
|turn|20
|
|t:|1625484239
|move|p2a: Stunfisk|Stealth Rock|p1a: Snorlax
|-sidestart|p1: Its oyster time|move: Stealth Rock
|move|p1a: Snorlax|Rest|p1a: Snorlax
|-status|p1a: Snorlax|slp|[from] move: Rest
|-heal|p1a: Snorlax|100/100 slp|[silent]
|
|-heal|p2a: Stunfisk|26/100|[from] item: Leftovers
|upkeep
|turn|21
|
|t:|1625484249
|switch|p2a: Rotom|Rotom-Mow|20/100
|cant|p1a: Snorlax|slp
|
|upkeep
|turn|22
|
|t:|1625484256
|switch|p1a: Celebi|Celebi|6/100
|-damage|p1a: Celebi|0 fnt|[from] Stealth Rock
|faint|p1a: Celebi
|move|p2a: Rotom|Pain Split|p1: Celebi|[notarget]
|-fail|p2a: Rotom
|
|upkeep
|
|t:|1625484261
|switch|p1a: Crobat|Crobat, M|100/100
|turn|23
|
|t:|1625484267
|switch|p2a: Stunfisk|Stunfisk, M|26/100
|move|p1a: Crobat|U-turn|p2a: Stunfisk
|-damage|p2a: Stunfisk|15/100
|
|t:|1625484283
|switch|p1a: Xurkitree|Xurkitree|100/100|[from]move: U-turn
|
|-heal|p2a: Stunfisk|21/100|[from] item: Leftovers
|upkeep
|turn|24
|
|t:|1625484290
|switch|p2a: Entei|Entei|70/100
|move|p1a: Xurkitree|Thunderbolt|p2a: Entei
|-damage|p2a: Entei|6/100
|
|upkeep
|turn|25
|
|t:|1625484298
|move|p2a: Entei|Sacred Fire|p1a: Xurkitree
|-crit|p1a: Xurkitree
|-damage|p1a: Xurkitree|0 fnt
|faint|p1a: Xurkitree
|
|upkeep
|
|t:|1625484305
|switch|p1a: Crobat|Crobat, M|100/100
|turn|26
|
|t:|1625484314
|switch|p2a: Stunfisk|Stunfisk, M|21/100
|move|p1a: Crobat|Defog|p2a: Stunfisk
|-unboost|p2a: Stunfisk|evasion|1
|-sideend|p1: Its oyster time|Stealth Rock|[from] move: Defog|[of] p1a: Crobat
|
|-heal|p2a: Stunfisk|27/100|[from] item: Leftovers
|upkeep
|turn|27
|
|t:|1625484321
|move|p1a: Crobat|U-turn|p2a: Stunfisk
|-damage|p2a: Stunfisk|15/100
|
|t:|1625484326
|switch|p1a: Togekiss|Togekiss, F|100/100|[from]move: U-turn
|move|p2a: Stunfisk|Stealth Rock|p1a: Togekiss
|-sidestart|p1: Its oyster time|move: Stealth Rock
|
|-heal|p2a: Stunfisk|21/100|[from] item: Leftovers
|upkeep
|turn|28
|inactive|linlinzhu has 120 seconds left.
|
|t:|1625484358
|switch|p2a: Cramorant|Cramorant, F|100/100
|move|p1a: Togekiss|Wish|p1a: Togekiss
|
|upkeep
|turn|29
|inactive|linlinzhu has 120 seconds left.
|
|t:|1625484368
|switch|p1a: Seismitoad|Seismitoad, M|64/100 tox
|-damage|p1a: Seismitoad|58/100 tox|[from] Stealth Rock
|move|p2a: Cramorant|Air Slash|p1a: Seismitoad
|-damage|p1a: Seismitoad|25/100 tox
|
|-heal|p1a: Seismitoad|70/100 tox|[from] move: Wish|[wisher] Togekiss
|-heal|p1a: Seismitoad|76/100 tox|[from] item: Leftovers
|-damage|p1a: Seismitoad|70/100 tox|[from] psn
|upkeep
|turn|30
|
|t:|1625484378
|move|p2a: Cramorant|Air Slash|p1a: Seismitoad
|-damage|p1a: Seismitoad|39/100 tox
|cant|p1a: Seismitoad|flinch
|
|-heal|p1a: Seismitoad|45/100 tox|[from] item: Leftovers
|-damage|p1a: Seismitoad|33/100 tox|[from] psn
|upkeep
|turn|31
|
|t:|1625484385
|move|p2a: Cramorant|Air Slash|p1a: Seismitoad
|-damage|p1a: Seismitoad|3/100 tox
|move|p1a: Seismitoad|Stealth Rock|p2a: Cramorant
|-sidestart|p2: linlinzhu|move: Stealth Rock
|
|-heal|p1a: Seismitoad|9/100 tox|[from] item: Leftovers
|-damage|p1a: Seismitoad|0 fnt|[from] psn
|faint|p1a: Seismitoad
|upkeep
|
|t:|1625484391
|switch|p1a: Snorlax|Snorlax, F|100/100 slp
|-damage|p1a: Snorlax|88/100 slp|[from] Stealth Rock
|turn|32
|
|t:|1625484395
|move|p2a: Cramorant|Surf|p1a: Snorlax
|-formechange|p2a: Cramorant|Cramorant-Gulping|
|-damage|p1a: Snorlax|68/100 slp
|cant|p1a: Snorlax|slp
|
|-heal|p1a: Snorlax|75/100 slp|[from] item: Leftovers
|upkeep
|turn|33
|
|t:|1625484402
|move|p2a: Cramorant|Surf|p1a: Snorlax
|-damage|p1a: Snorlax|55/100 slp
|-curestatus|p1a: Snorlax|slp|[msg]
|move|p1a: Snorlax|Curse|p1a: Snorlax
|-unboost|p1a: Snorlax|spe|1
|-boost|p1a: Snorlax|atk|1
|-boost|p1a: Snorlax|def|1
|
|-heal|p1a: Snorlax|61/100|[from] item: Leftovers
|upkeep
|turn|34
|
|t:|1625484413
|move|p2a: Cramorant|Air Slash|p1a: Snorlax
|-damage|p1a: Snorlax|46/100
|move|p1a: Snorlax|Rest|p1a: Snorlax
|-status|p1a: Snorlax|slp|[from] move: Rest
|-heal|p1a: Snorlax|100/100 slp|[silent]
|
|upkeep
|turn|35
|
|t:|1625484433
|switch|p2a: Weezing|Weezing-Galar, M|27/100
|-damage|p2a: Weezing|15/100|[from] Stealth Rock
|cant|p1a: Snorlax|slp
|
|-heal|p2a: Weezing|21/100|[from] item: Black Sludge
|upkeep
|turn|36
|
|t:|1625484441
|move|p2a: Weezing|Pain Split|p1a: Snorlax
|-sethp|p1a: Snorlax|58/100 slp|[from] move: Pain Split|[silent]
|-sethp|p2a: Weezing|80/100|[from] move: Pain Split
|cant|p1a: Snorlax|slp
|
|-heal|p2a: Weezing|86/100|[from] item: Black Sludge
|-heal|p1a: Snorlax|64/100 slp|[from] item: Leftovers
|upkeep
|turn|37
|
|t:|1625484451
|move|p2a: Weezing|Defog|p1a: Snorlax
|-unboost|p1a: Snorlax|evasion|1
|-sideend|p1: Its oyster time|Stealth Rock|[from] move: Defog|[of] p2a: Weezing
|-sideend|p2: linlinzhu|Stealth Rock|[from] move: Defog|[of] p2a: Weezing
|-curestatus|p1a: Snorlax|slp|[msg]
|move|p1a: Snorlax|Curse|p1a: Snorlax
|-unboost|p1a: Snorlax|spe|1
|-boost|p1a: Snorlax|atk|1
|-boost|p1a: Snorlax|def|1
|
|-heal|p2a: Weezing|92/100|[from] item: Black Sludge
|-heal|p1a: Snorlax|70/100|[from] item: Leftovers
|upkeep
|turn|38
|
|t:|1625484463
|move|p2a: Weezing|Sludge Bomb|p1a: Snorlax
|-damage|p1a: Snorlax|57/100
|-status|p1a: Snorlax|psn
|move|p1a: Snorlax|Curse|p1a: Snorlax
|-unboost|p1a: Snorlax|spe|1
|-boost|p1a: Snorlax|atk|1
|-boost|p1a: Snorlax|def|1
|
|-heal|p2a: Weezing|98/100|[from] item: Black Sludge
|-heal|p1a: Snorlax|63/100 psn|[from] item: Leftovers
|-damage|p1a: Snorlax|51/100 psn|[from] psn
|upkeep
|turn|39
|
|t:|1625484474
|move|p2a: Weezing|Sludge Bomb|p1a: Snorlax
|-damage|p1a: Snorlax|36/100 psn
|move|p1a: Snorlax|Curse|p1a: Snorlax
|-unboost|p1a: Snorlax|spe|1
|-boost|p1a: Snorlax|atk|1
|-boost|p1a: Snorlax|def|1
|
|-heal|p2a: Weezing|100/100|[from] item: Black Sludge
|-heal|p1a: Snorlax|43/100 psn|[from] item: Leftovers
|-damage|p1a: Snorlax|30/100 psn|[from] psn
|upkeep
|turn|40
|
|t:|1625484484
|move|p2a: Weezing|Sludge Bomb|p1a: Snorlax
|-damage|p1a: Snorlax|15/100 psn
|move|p1a: Snorlax|Rest|p1a: Snorlax
|-status|p1a: Snorlax|slp|[from] move: Rest
|-heal|p1a: Snorlax|100/100 slp|[silent]
|
|upkeep
|turn|41
|
|t:|1625484491
|switch|p2a: Gardevoir|Gardevoir, F, shiny|56/100
|-ability|p2a: Gardevoir|Thick Fat|[from] ability: Trace|[of] p1a: Snorlax
|cant|p1a: Snorlax|slp
|
|upkeep
|turn|42
|
|t:|1625484498
|move|p2a: Gardevoir|Trick|p1a: Snorlax
|-activate|p2a: Gardevoir|move: Trick|[of] p1a: Snorlax
|-item|p1a: Snorlax|Heavy-Duty Boots|[from] move: Trick
|-item|p2a: Gardevoir|Leftovers|[from] move: Trick
|cant|p1a: Snorlax|slp
|
|-heal|p2a: Gardevoir|63/100|[from] item: Leftovers
|upkeep
|turn|43
|
|t:|1625484506
|move|p2a: Gardevoir|Moonblast|p1a: Snorlax
|-damage|p1a: Snorlax|77/100 slp
|-curestatus|p1a: Snorlax|slp|[msg]
|move|p1a: Snorlax|Body Slam|p2a: Gardevoir
|-damage|p2a: Gardevoir|0 fnt
|faint|p2a: Gardevoir
|
|upkeep
|
|t:|1625484514
|switch|p2a: Rotom|Rotom-Mow|20/100
|turn|44
|
|t:|1625484518
|move|p2a: Rotom|Pain Split|p1a: Snorlax
|-sethp|p1a: Snorlax|45/100|[from] move: Pain Split|[silent]
|-sethp|p2a: Rotom|69/100|[from] move: Pain Split
|move|p1a: Snorlax|Body Slam|p2a: Rotom
|-damage|p2a: Rotom|0 fnt
|faint|p2a: Rotom
|
|upkeep
|
|t:|1625484526
|switch|p2a: Weezing|Weezing-Galar, M|100/100
|turn|45
|
|t:|1625484530
|move|p2a: Weezing|Sludge Bomb|p1a: Snorlax
|-damage|p1a: Snorlax|33/100
|-status|p1a: Snorlax|psn
|move|p1a: Snorlax|Rest|p1a: Snorlax
|-status|p1a: Snorlax|slp|[from] move: Rest
|-heal|p1a: Snorlax|100/100 slp|[silent]
|
|upkeep
|turn|46
|
|t:|1625484543
|switch|p2a: Cramorant|Cramorant, F|100/100
|cant|p1a: Snorlax|slp
|
|upkeep
|turn|47
|
|t:|1625484549
|move|p2a: Cramorant|Surf|p1a: Snorlax
|-formechange|p2a: Cramorant|Cramorant-Gulping|
|-damage|p1a: Snorlax|83/100 slp
|cant|p1a: Snorlax|slp
|
|upkeep
|turn|48
|
|t:|1625484555
|move|p2a: Cramorant|Endure|p2a: Cramorant
|-singleturn|p2a: Cramorant|move: Endure
|-curestatus|p1a: Snorlax|slp|[msg]
|move|p1a: Snorlax|Body Slam|p2a: Cramorant
|-activate|p2a: Cramorant|move: Endure
|-damage|p2a: Cramorant|1/100
|-damage|p1a: Snorlax|58/100|[from] ability: Gulp Missile|[of] p2a: Cramorant
|-unboost|p1a: Snorlax|def|1
|-formechange|p2a: Cramorant|Cramorant|
|
|upkeep
|turn|49
|
|t:|1625484568
|move|p2a: Cramorant|Surf|p1a: Snorlax
|-formechange|p2a: Cramorant|Cramorant-Gorging|
|-damage|p1a: Snorlax|38/100
|move|p1a: Snorlax|Body Slam|p2a: Cramorant
|-damage|p2a: Cramorant|0 fnt
|-damage|p1a: Snorlax|13/100|[from] ability: Gulp Missile|[of] p2a: Cramorant
|-status|p1a: Snorlax|par
|-formechange|p2a: Cramorant|Cramorant|
|faint|p2a: Cramorant
|
|upkeep
|
|t:|1625484578
|switch|p2a: Weezing|Weezing-Galar, M|100/100
|turn|50
|
|t:|1625484582
|move|p2a: Weezing|Sludge Bomb|p1a: Snorlax
|-damage|p1a: Snorlax|0 fnt
|faint|p1a: Snorlax
|
|upkeep
|
|t:|1625484587
|switch|p1a: Togekiss|Togekiss, F|100/100
|turn|51
|
|t:|1625484594
|move|p1a: Togekiss|Thunder Wave|p2a: Weezing
|-status|p2a: Weezing|par
|move|p2a: Weezing|Sludge Bomb|p1a: Togekiss
|-supereffective|p1a: Togekiss
|-damage|p1a: Togekiss|59/100
|
|upkeep
|turn|52
|
|t:|1625484601
|move|p1a: Togekiss|Air Slash|p2a: Weezing
|-damage|p2a: Weezing|57/100 par
|cant|p2a: Weezing|flinch
|
|-heal|p2a: Weezing|63/100 par|[from] item: Black Sludge
|upkeep
|turn|53
|
|t:|1625484608
|move|p1a: Togekiss|Air Slash|p2a: Weezing
|-damage|p2a: Weezing|22/100 par
|move|p2a: Weezing|Sludge Bomb|p1a: Togekiss
|-supereffective|p1a: Togekiss
|-damage|p1a: Togekiss|18/100
|
|-heal|p2a: Weezing|28/100 par|[from] item: Black Sludge
|upkeep
|turn|54
|
|t:|1625484615
|move|p1a: Togekiss|Air Slash|p2a: Weezing
|-damage|p2a: Weezing|0 fnt
|faint|p2a: Weezing
|
|upkeep
|
|t:|1625484620
|switch|p2a: Entei|Entei|6/100
|turn|55
|
|t:|1625484624
|move|p2a: Entei|Sacred Fire|p1a: Togekiss
|-damage|p1a: Togekiss|0 fnt
|faint|p1a: Togekiss
|
|upkeep
|
|t:|1625484625
|switch|p1a: Crobat|Crobat, M|100/100
|turn|56
|
|t:|1625484634
|move|p1a: Crobat|Brave Bird|p2a: Entei
|-damage|p2a: Entei|0 fnt
|faint|p2a: Entei
|-damage|p1a: Crobat|99/100|[from] Recoil
|
|upkeep
|
|t:|1625484639
|switch|p2a: Stunfisk|Stunfisk, M|21/100
|turn|57
|
|t:|1625484643
|move|p1a: Crobat|Brave Bird|p2a: Stunfisk
|-resisted|p2a: Stunfisk
|-damage|p2a: Stunfisk|7/100
|-status|p1a: Crobat|par|[from] ability: Static|[of] p2a: Stunfisk
|-damage|p1a: Crobat|93/100 par|[from] Recoil
|move|p2a: Stunfisk|Discharge|p1a: Crobat
|-supereffective|p1a: Crobat
|-damage|p1a: Crobat|44/100 par
|
|-heal|p2a: Stunfisk|13/100|[from] item: Leftovers
|upkeep
|turn|58
|
|t:|1625484653
|move|p1a: Crobat|Brave Bird|p2a: Stunfisk
|-resisted|p2a: Stunfisk
|-crit|p2a: Stunfisk
|-damage|p2a: Stunfisk|0 fnt
|faint|p2a: Stunfisk
|-damage|p1a: Crobat|39/100 par|[from] Recoil
|
|win|Its oyster time
|raw|Its oyster time's rating: 1374 &rarr; <strong>1393</strong><br />(+19 for winning)
|raw|linlinzhu's rating: 1363 &rarr; <strong>1344</strong><br />(-19 for losing)
|c|☆Its oyster time|gg
|l|☆Its oyster time
