|j|☆p‽apapole
|j|☆xHys
|t:|1608523108
|player|p1|p‽apapole|kimonogirl|
|player|p2|xHys|yellow|
|teamsize|p1|6
|teamsize|p2|6
|gametype|singles
|gen|8
|tier|[Gen 8] RU
|clearpoke
|poke|p1|Araquanid, M|
|poke|p1|Obstagoon, M|
|poke|p1|Zoroark, M|
|poke|p1|Heracross, M|
|poke|p1|Toxtricity, F|
|poke|p1|Regidrago|
|poke|p2|Regidrago|
|poke|p2|Zygarde-10%|
|poke|p2|Dragalge, M|
|poke|p2|Tyrantrum, F|
|poke|p2|Duraludon, F|
|poke|p2|Goodra, F|
|rule|Sleep Clause Mod: Limit one foe put to sleep
|rule|Species Clause: Limit one of each Pokémon
|rule|OHKO Clause: OHKO moves are banned
|rule|Evasion Moves Clause: Evasion moves are banned
|rule|Endless Battle Clause: Forcing endless battles is banned
|rule|HP Percentage Mod: HP is shown in percentages
|rule|Dynamax Clause: You cannot dynamax
|teampreview
|inactive|Battle timer is ON: inactive players will automatically lose when time's up. (requested by xHys)
|j| Seozo
|c|☆p‽apapole|hf
|j| Fylkir Pudin
|j| FatFighter2
|j|+Micoy21
|j| PokeArt2004❤
|j|+zizalith✿
|c|☆xHys|u2
|j| Tace㋛
|j|+Energy
|j| jon corleone
|j| TeamCharm69
|j| Lkapkd
|l|+Energy
|inactive|p‽apapole has 270 seconds left.
|j| illama
|j| Saint Surfy
|c| Seozo|GO HYS
|c|☆xHys|shut up seo
|j| Baloor
|j|+Havens n-n
|c| Seozo|:(
|c|☆p‽apapole|,
|c|☆p‽apapole|aight seo
|c|☆p‽apapole|u can die
|inactive|p‽apapole has 240 seconds left.
|
|t:|1608523168
|start
|switch|p1a: Heracross|Heracross, M|100/100
|switch|p2a: Duraludon|Duraludon, F|100/100
|turn|1
|c| Seozo|D:
|c| Fylkir Pudin|seo is so aids
|c| Fylkir Pudin|wtf
|c|☆p‽apapole|imagine not respecting ur father
|
|t:|1608523179
|move|p1a: Heracross|Knock Off|p2a: Duraludon
|-damage|p2a: Duraludon|73/100
|-enditem|p2a: Duraludon|Focus Sash|[from] move: Knock Off|[of] p1a: Heracross
|move|p2a: Duraludon|Thunder Wave|p1a: Heracross
|-status|p1a: Heracross|par
|
|upkeep
|turn|2
|c| Seozo|all this hate
|
|t:|1608523183
|switch|p1a: Araquanid|Araquanid, M|100/100
|move|p2a: Duraludon|Stealth Rock|p1a: Araquanid
|-sidestart|p1: p‽apapole|move: Stealth Rock
|
|upkeep
|turn|3
|
|t:|1608523187
|move|p1a: Araquanid|Magic Coat|p1a: Araquanid
|-singleturn|p1a: Araquanid|move: Magic Coat
|move|p2a: Duraludon|Thunder Wave|p1a: Araquanid
|move|p1a: Araquanid|Thunder Wave|p2a: Duraludon|[from]Magic Coat
|-status|p2a: Duraludon|par
|
|upkeep
|turn|4
|c| jon corleone|rekt
|
|t:|1608523191
|move|p1a: Araquanid|Sticky Web|p2a: Duraludon
|-sidestart|p2: xHys|move: Sticky Web
|move|p2a: Duraludon|Thunder Wave|p1a: Araquanid
|-status|p1a: Araquanid|par
|
|upkeep
|turn|5
|c|☆xHys|gg
|
|t:|1608523198
|switch|p1a: Heracross|Heracross, M|100/100 par
|-damage|p1a: Heracross|88/100 par|[from] Stealth Rock
|move|p2a: Duraludon|Body Press|p1a: Heracross
|-resisted|p1a: Heracross
|-damage|p1a: Heracross|74/100 par
|
|upkeep
|turn|6
|c|☆xHys|got up webs
|
|t:|1608523201
|move|p1a: Heracross|Close Combat|p2a: Duraludon
|-supereffective|p2a: Duraludon
|-damage|p2a: Duraludon|0 fnt
|-unboost|p1a: Heracross|def|1
|-unboost|p1a: Heracross|spd|1
|faint|p2a: Duraludon
|
|upkeep
|c|☆p‽apapole|stfu LOL
|
|t:|1608523206
|switch|p2a: Dragalge|Dragalge, M|100/100
|-activate|p2a: Dragalge|move: Sticky Web
|-unboost|p2a: Dragalge|spe|1
|turn|7
|j|+suapah
|
|t:|1608523209
|move|p1a: Heracross|Facade|p2a: Dragalge
|-damage|p2a: Dragalge|23/100
|move|p2a: Dragalge|Flip Turn|p1a: Heracross
|-damage|p1a: Heracross|52/100 par
|j| Bushtush
|
|t:|1608523215
|switch|p2a: Regidrago|Regidrago|100/100|[from]move: Flip Turn
|-activate|p2a: Regidrago|move: Sticky Web
|-unboost|p2a: Regidrago|spe|1
|
|upkeep
|turn|8
|
|t:|1608523217
|move|p2a: Regidrago|Dragon Energy|p1a: Heracross
|-crit|p1a: Heracross
|-damage|p1a: Heracross|0 fnt
|faint|p1a: Heracross
|
|upkeep
|
|t:|1608523221
|switch|p1a: Toxtricity|Toxtricity, F|100/100
|-damage|p1a: Toxtricity|88/100|[from] Stealth Rock
|turn|9
|
|t:|1608523222
|move|p2a: Regidrago|Dragon Energy|p1a: Toxtricity
|-damage|p1a: Toxtricity|0 fnt
|faint|p1a: Toxtricity
|
|upkeep
|c|+suapah|papa pole :)
|c|☆p‽apapole|,
|c|☆p‽apapole|LMAO
|c|☆p‽apapole|hey eric :)
|
|t:|1608523233
|switch|p1a: Regidrago|Regidrago|100/100
|-damage|p1a: Regidrago|88/100|[from] Stealth Rock
|turn|10
|
|t:|1608523235
|move|p1a: Regidrago|Dragon Energy|p2a: Regidrago
|-supereffective|p2a: Regidrago
|-damage|p2a: Regidrago|0 fnt
|faint|p2a: Regidrago
|
|upkeep
|c|☆xHys|curses..
|
|t:|1608523239
|switch|p2a: Zygarde|Zygarde-10%|100/100
|-activate|p2a: Zygarde|move: Sticky Web
|-unboost|p2a: Zygarde|spe|1
|-ability|p2a: Zygarde|Aura Break
|turn|11
|
|t:|1608523242
|move|p2a: Zygarde|Extreme Speed|p1a: Regidrago
|-damage|p1a: Regidrago|45/100
|move|p1a: Regidrago|Dragon Energy|p2a: Zygarde
|-supereffective|p2a: Zygarde
|-damage|p2a: Zygarde|0 fnt
|faint|p2a: Zygarde
|
|upkeep
|
|t:|1608523245
|switch|p2a: Goodra|Goodra, F|100/100
|-activate|p2a: Goodra|move: Sticky Web
|-unboost|p2a: Goodra|spe|1
|turn|12
|
|t:|1608523247
|move|p1a: Regidrago|Dragon Energy|p2a: Goodra
|-supereffective|p2a: Goodra
|-damage|p2a: Goodra|3/100
|move|p2a: Goodra|Draco Meteor|p1a: Regidrago
|-supereffective|p1a: Regidrago
|-damage|p1a: Regidrago|0 fnt
|-unboost|p2a: Goodra|spa|2
|faint|p1a: Regidrago
|
|upkeep
|
|t:|1608523249
|switch|p1a: Obstagoon|Obstagoon, M|100/100
|-damage|p1a: Obstagoon|88/100|[from] Stealth Rock
|turn|13
|
|t:|1608523251
|move|p1a: Obstagoon|Facade|p2a: Goodra
|-damage|p2a: Goodra|0 fnt
|faint|p2a: Goodra
|
|-status|p1a: Obstagoon|brn|[from] item: Flame Orb
|upkeep
|
|t:|1608523253
|switch|p2a: Tyrantrum|Tyrantrum, F|100/100
|-activate|p2a: Tyrantrum|move: Sticky Web
|-unboost|p2a: Tyrantrum|spe|1
|turn|14
|
|t:|1608523256
|move|p1a: Obstagoon|Switcheroo|p2a: Tyrantrum
|-activate|p1a: Obstagoon|move: Trick|[of] p2a: Tyrantrum
|-item|p2a: Tyrantrum|Flame Orb|[from] move: Switcheroo
|-item|p1a: Obstagoon|Life Orb|[from] move: Switcheroo
|move|p2a: Tyrantrum|Dragon Dance|p2a: Tyrantrum
|-boost|p2a: Tyrantrum|atk|1
|-boost|p2a: Tyrantrum|spe|1
|
|-damage|p1a: Obstagoon|82/100 brn|[from] brn
|-status|p2a: Tyrantrum|brn|[from] item: Flame Orb
|upkeep
|turn|15
|c| FatFighter2|wow
|
|t:|1608523262
|move|p1a: Obstagoon|Close Combat|p2a: Tyrantrum
|-supereffective|p2a: Tyrantrum
|-damage|p2a: Tyrantrum|0 fnt
|-unboost|p1a: Obstagoon|def|1
|-unboost|p1a: Obstagoon|spd|1
|-damage|p1a: Obstagoon|72/100 brn|[from] item: Life Orb
|faint|p2a: Tyrantrum
|
|-damage|p1a: Obstagoon|66/100 brn|[from] brn
|upkeep
|
|t:|1608523264
|switch|p2a: Dragalge|Dragalge, M|23/100
|-activate|p2a: Dragalge|move: Sticky Web
|-unboost|p2a: Dragalge|spe|1
|turn|16
|c|☆p‽apapole|,
|c|☆p‽apapole|it died?
|c|☆p‽apapole|LOL
|
|t:|1608523269
|move|p1a: Obstagoon|Switcheroo|p2a: Dragalge
|-activate|p1a: Obstagoon|move: Trick|[of] p2a: Dragalge
|-item|p2a: Dragalge|Life Orb|[from] move: Switcheroo
|-item|p1a: Obstagoon|Black Sludge|[from] move: Switcheroo
|move|p2a: Dragalge|Sludge Wave|p1a: Obstagoon
|-damage|p1a: Obstagoon|0 fnt
|-damage|p2a: Dragalge|13/100|[from] item: Life Orb
|faint|p1a: Obstagoon
|
|upkeep
|
|t:|1608523272
|switch|p1a: Araquanid|Araquanid, M|100/100
|-damage|p1a: Araquanid|88/100|[from] Stealth Rock
|turn|17
|c| Bushtush|whats goin on bitches
|
|t:|1608523274
|move|p2a: Dragalge|Protect|p2a: Dragalge
|-singleturn|p2a: Dragalge|Protect
|move|p1a: Araquanid|Night Daze|p2a: Dragalge
|-activate|p2a: Dragalge|move: Protect
|
|upkeep
|turn|18
|
|t:|1608523276
|move|p1a: Araquanid|Night Daze|p2a: Dragalge
|-damage|p2a: Dragalge|0 fnt
|-damage|p1a: Araquanid|78/100|[from] item: Life Orb
|faint|p2a: Dragalge
|
|win|p‽apapole
|c|☆p‽apapole|wtf???
|c| FatFighter2|oof
|l| Lkapkd
|c|☆p‽apapole|araquanid used night daze?
|c|☆xHys|wtf
|c|☆xHys|it learns that?
|c|☆xHys|crazy
|c| illama|close one
|l| PokeArt2004❤
|c| FatFighter2|wtf
|c|☆p‽apapole|damn
