|j|☆LowLadderMadness
|j|☆Tintincpajouer
|t:|1616797709
|player|p1|LowLadderMadness|1|1295
|player|p2|Tintincpajouer|102|1305
|teamsize|p1|6
|teamsize|p2|6
|gametype|singles
|gen|8
|tier|[Gen 8] RU
|rated|
|clearpoke
|poke|p1|Heracross, F|
|poke|p1|Chandelure, M|
|poke|p1|Rhyperior, F|
|poke|p1|Dragalge, M|
|poke|p1|Escavalier, M|
|poke|p1|Dhelmise|
|poke|p2|Shuckle, M|
|poke|p2|Metagross|
|poke|p2|Obstagoon, M|
|poke|p2|Polteageist|
|poke|p2|Cloyster, F|
|poke|p2|Lucario, M|
|rule|Sleep Clause Mod: Limit one foe put to sleep
|rule|Species Clause: Limit one of each Pokémon
|rule|OHKO Clause: OHKO moves are banned
|rule|Evasion Moves Clause: Evasion moves are banned
|rule|Endless Battle Clause: Forcing endless battles is banned
|rule|HP Percentage Mod: HP is shown in percentages
|rule|Dynamax Clause: You cannot dynamax
|teampreview
|
|t:|1616797718
|start
|switch|p1a: Chandelure|Chandelure, M|100/100
|switch|p2a: Shuckle|Shuckle, M|100/100
|turn|1
|
|t:|1616797733
|move|p1a: Chandelure|Trick|p2a: Shuckle
|-activate|p1a: Chandelure|move: Trick|[of] p2a: Shuckle
|-item|p2a: Shuckle|Choice Specs|[from] move: Trick
|-item|p1a: Chandelure|Mental Herb|[from] move: Trick
|move|p2a: Shuckle|Stealth Rock|p1a: Chandelure
|-sidestart|p1: LowLadderMadness|move: Stealth Rock
|
|upkeep
|turn|2
|
|t:|1616797755
|switch|p2a: Obstagoon|Obstagoon, M|100/100
|move|p1a: Chandelure|Trick|p2a: Obstagoon
|-activate|p1a: Chandelure|move: Trick|[of] p2a: Obstagoon
|-item|p2a: Obstagoon|Mental Herb|[from] move: Trick
|-item|p1a: Chandelure|Flame Orb|[from] move: Trick
|
|upkeep
|turn|3
|
|t:|1616797814
|switch|p1a: Rhyperior|Rhyperior, F|100/100
|-damage|p1a: Rhyperior|94/100|[from] Stealth Rock
|move|p2a: Obstagoon|Knock Off|p1a: Rhyperior
|-damage|p1a: Rhyperior|77/100
|-enditem|p1a: Rhyperior|Leftovers|[from] move: Knock Off|[of] p2a: Obstagoon
|
|upkeep
|turn|4
|
|t:|1616797849
|switch|p2a: Shuckle|Shuckle, M|100/100
|move|p1a: Rhyperior|Stealth Rock|p2a: Shuckle
|-sidestart|p2: Tintincpajouer|move: Stealth Rock
|
|upkeep
|turn|5
|
|t:|1616797866
|move|p1a: Rhyperior|Stone Edge|p2a: Shuckle
|-supereffective|p2a: Shuckle
|-damage|p2a: Shuckle|49/100
|move|p2a: Shuckle|Sticky Web|p1a: Rhyperior
|-sidestart|p1: LowLadderMadness|move: Sticky Web
|
|upkeep
|turn|6
|
|t:|1616797880
|move|p1a: Rhyperior|Earthquake|p2a: Shuckle
|-damage|p2a: Shuckle|23/100
|move|p2a: Shuckle|Sticky Web||[still]
|-fail|p2a: Shuckle
|
|upkeep
|turn|7
|
|t:|1616797891
|switch|p1a: Dhelmise|Dhelmise|100/100
|-activate|p1a: Dhelmise|move: Sticky Web
|-unboost|p1a: Dhelmise|spe|1
|-damage|p1a: Dhelmise|88/100|[from] Stealth Rock
|move|p2a: Shuckle|Sticky Web||[still]
|-fail|p2a: Shuckle
|
|upkeep
|turn|8
|
|t:|1616797900
|switch|p2a: Polteageist|Polteageist|100/100
|-damage|p2a: Polteageist|88/100|[from] Stealth Rock
|move|p1a: Dhelmise|Rapid Spin|p2a: Polteageist
|-immune|p2a: Polteageist
|
|upkeep
|turn|9
|
|t:|1616797914
|move|p2a: Polteageist|Shell Smash|p2a: Polteageist
|-unboost|p2a: Polteageist|def|1
|-unboost|p2a: Polteageist|spd|1
|-boost|p2a: Polteageist|atk|2
|-boost|p2a: Polteageist|spa|2
|-boost|p2a: Polteageist|spe|2
|move|p1a: Dhelmise|Poltergeist|p2a: Polteageist
|-activate|p2a: Polteageist|move: Poltergeist|Focus Sash
|-supereffective|p2a: Polteageist
|-damage|p2a: Polteageist|0 fnt
|-start|p1a: Dhelmise|Disable|Poltergeist|[from] ability: Cursed Body|[of] p2a: Polteageist
|faint|p2a: Polteageist
|
|upkeep
|
|t:|1616797930
|switch|p2a: Cloyster|Cloyster, F|100/100
|-damage|p2a: Cloyster|76/100|[from] Stealth Rock
|turn|10
|
|t:|1616797938
|move|p2a: Cloyster|Icicle Spear|p1a: Dhelmise
|-supereffective|p1a: Dhelmise
|-damage|p1a: Dhelmise|67/100
|-supereffective|p1a: Dhelmise
|-damage|p1a: Dhelmise|45/100
|-supereffective|p1a: Dhelmise
|-damage|p1a: Dhelmise|24/100
|-supereffective|p1a: Dhelmise
|-damage|p1a: Dhelmise|4/100
|-supereffective|p1a: Dhelmise
|-damage|p1a: Dhelmise|0 fnt
|-hitcount|p1a: Dhelmise|5
|faint|p1a: Dhelmise
|
|upkeep
|
|t:|1616797947
|switch|p1a: Heracross|Heracross, F|100/100
|-damage|p1a: Heracross|88/100|[from] Stealth Rock
|-activate|p1a: Heracross|move: Sticky Web
|-unboost|p1a: Heracross|spe|1
|turn|11
|
|t:|1616797961
|switch|p2a: Shuckle|Shuckle, M|23/100
|-damage|p2a: Shuckle|0 fnt|[from] Stealth Rock
|faint|p2a: Shuckle
|move|p1a: Heracross|Close Combat|p2: Shuckle|[notarget]
|-fail|p1a: Heracross
|
|upkeep
|
|t:|1616797976
|switch|p2a: Metagross|Metagross|100/100
|-damage|p2a: Metagross|95/100|[from] Stealth Rock
|turn|12
|
|t:|1616797985
|switch|p1a: Rhyperior|Rhyperior, F|77/100
|-activate|p1a: Rhyperior|move: Sticky Web
|-unboost|p1a: Rhyperior|spe|1
|-damage|p1a: Rhyperior|71/100|[from] Stealth Rock
|move|p2a: Metagross|Meteor Mash|p1a: Rhyperior
|-supereffective|p1a: Rhyperior
|-damage|p1a: Rhyperior|25/100
|-damage|p2a: Metagross|85/100|[from] item: Life Orb
|
|upkeep
|turn|13
|
|t:|1616797995
|move|p2a: Metagross|Meteor Mash|p1a: Rhyperior
|-supereffective|p1a: Rhyperior
|-damage|p1a: Rhyperior|0 fnt
|-damage|p2a: Metagross|75/100|[from] item: Life Orb
|faint|p1a: Rhyperior
|
|upkeep
|
|t:|1616798005
|switch|p1a: Escavalier|Escavalier, M|100/100
|-activate|p1a: Escavalier|move: Sticky Web
|-unboost|p1a: Escavalier|spe|1
|-damage|p1a: Escavalier|88/100|[from] Stealth Rock
|turn|14
|
|t:|1616798011
|move|p2a: Metagross|Meteor Mash|p1a: Escavalier
|-resisted|p1a: Escavalier
|-damage|p1a: Escavalier|56/100
|-boost|p2a: Metagross|atk|1
|-damage|p2a: Metagross|65/100|[from] item: Life Orb
|move|p1a: Escavalier|Megahorn|p2a: Metagross
|-damage|p2a: Metagross|0 fnt
|faint|p2a: Metagross
|
|upkeep
|
|t:|1616798026
|switch|p2a: Lucario|Lucario, M|100/100
|-damage|p2a: Lucario|98/100|[from] Stealth Rock
|turn|15
|
|t:|1616798032
|move|p2a: Lucario|Nasty Plot|p2a: Lucario
|-boost|p2a: Lucario|spa|2
|move|p1a: Escavalier|Close Combat|p2a: Lucario
|-supereffective|p2a: Lucario
|-crit|p2a: Lucario
|-damage|p2a: Lucario|0 fnt
|-unboost|p1a: Escavalier|def|1
|-unboost|p1a: Escavalier|spd|1
|faint|p2a: Lucario
|
|upkeep
|
|t:|1616798045
|switch|p2a: Cloyster|Cloyster, F|76/100
|-damage|p2a: Cloyster|51/100|[from] Stealth Rock
|turn|16
|
|t:|1616798050
|move|p2a: Cloyster|Rock Blast|p1a: Escavalier
|-damage|p1a: Escavalier|45/100
|-damage|p1a: Escavalier|34/100
|-damage|p1a: Escavalier|24/100
|-damage|p1a: Escavalier|13/100
|-damage|p1a: Escavalier|2/100
|-hitcount|p1a: Escavalier|5
|move|p1a: Escavalier|Close Combat|p2a: Cloyster
|-supereffective|p2a: Cloyster
|-damage|p2a: Cloyster|0 fnt
|-unboost|p1a: Escavalier|def|1
|-unboost|p1a: Escavalier|spd|1
|faint|p2a: Cloyster
|
|upkeep
|
|t:|1616798064
|switch|p2a: Obstagoon|Obstagoon, M|100/100
|-damage|p2a: Obstagoon|88/100|[from] Stealth Rock
|turn|17
|
|t:|1616798073
|move|p2a: Obstagoon|Knock Off|p1a: Escavalier
|-damage|p1a: Escavalier|0 fnt
|-enditem|p1a: Escavalier|Assault Vest|[from] move: Knock Off|[of] p2a: Obstagoon
|faint|p1a: Escavalier
|
|upkeep
|
|t:|1616798084
|switch|p1a: Heracross|Heracross, F|88/100
|-activate|p1a: Heracross|move: Sticky Web
|-unboost|p1a: Heracross|spe|1
|-damage|p1a: Heracross|76/100|[from] Stealth Rock
|turn|18
|
|t:|1616798094
|move|p2a: Obstagoon|Facade|p1a: Heracross
|-damage|p1a: Heracross|36/100
|move|p1a: Heracross|Close Combat|p2a: Obstagoon
|-supereffective|p2a: Obstagoon
|-damage|p2a: Obstagoon|0 fnt
|-unboost|p1a: Heracross|def|1
|-unboost|p1a: Heracross|spd|1
|faint|p2a: Obstagoon
|
|win|LowLadderMadness
|raw|LowLadderMadness's rating: 1295 &rarr; <strong>1321</strong><br />(+26 for winning)
|raw|Tintincpajouer's rating: 1305 &rarr; <strong>1284</strong><br />(-21 for losing)
