|j|☆Kimba
|j|☆Splashinganteater
|t:|1609007802
|player|p1|Kimba|2|1379
|player|p2|Splashinganteater|palmer|1313
|teamsize|p1|6
|teamsize|p2|6
|gametype|singles
|gen|8
|tier|[Gen 8] RU
|rated|
|clearpoke
|poke|p1|Steelix, F|
|poke|p1|Obstagoon, M|
|poke|p1|Lucario, M|
|poke|p1|Volcanion|
|poke|p1|Reuniclus, M|
|poke|p1|Crobat, M|
|poke|p2|Entei|
|poke|p2|Zarude|
|poke|p2|Drampa, M|
|poke|p2|Cobalion|
|poke|p2|Chandelure, M|
|poke|p2|Blastoise, M|
|rule|Sleep Clause Mod: Limit one foe put to sleep
|rule|Species Clause: Limit one of each Pokémon
|rule|OHKO Clause: OHKO moves are banned
|rule|Evasion Moves Clause: Evasion moves are banned
|rule|Endless Battle Clause: Forcing endless battles is banned
|rule|HP Percentage Mod: HP is shown in percentages
|rule|Dynamax Clause: You cannot dynamax
|teampreview
|inactive|Battle timer is ON: inactive players will automatically lose when time's up. (requested by Kimba)
|
|t:|1609007816
|start
|switch|p1a: Steelix|Steelix, F|100/100
|switch|p2a: Cobalion|Cobalion|100/100
|turn|1
|
|t:|1609007832
|switch|p2a: Blastoise|Blastoise, M|100/100
|move|p1a: Steelix|Earth Power|p2a: Blastoise
|-damage|p2a: Blastoise|52/100
|
|upkeep
|turn|2
|
|t:|1609007842
|switch|p1a: Obstagoon|Obstagoon, M|100/100
|move|p2a: Blastoise|Flip Turn|p1a: Obstagoon
|-damage|p1a: Obstagoon|84/100
|
|t:|1609007849
|switch|p2a: Cobalion|Cobalion|100/100|[from]move: Flip Turn
|
|-status|p1a: Obstagoon|brn|[from] item: Flame Orb
|upkeep
|turn|3
|
|t:|1609007858
|move|p2a: Cobalion|Volt Switch|p1a: Obstagoon
|-damage|p1a: Obstagoon|67/100 brn
|
|t:|1609007868
|switch|p2a: Chandelure|Chandelure, M, shiny|100/100|[from]move: Volt Switch
|move|p1a: Obstagoon|Close Combat|p2a: Chandelure
|-immune|p2a: Chandelure
|
|-damage|p1a: Obstagoon|61/100 brn|[from] brn
|upkeep
|turn|4
|
|t:|1609007871
|switch|p2a: Cobalion|Cobalion|100/100
|move|p1a: Obstagoon|Knock Off|p2a: Cobalion
|-resisted|p2a: Cobalion
|-damage|p2a: Cobalion|78/100
|-damage|p1a: Obstagoon|45/100 brn|[from] item: Rocky Helmet|[of] p2a: Cobalion
|-ability|p2a: Cobalion|Justified|boost
|-boost|p2a: Cobalion|atk|1
|-enditem|p2a: Cobalion|Rocky Helmet|[from] move: Knock Off|[of] p1a: Obstagoon
|
|-damage|p1a: Obstagoon|39/100 brn|[from] brn
|upkeep
|turn|5
|
|t:|1609007882
|move|p2a: Cobalion|Close Combat|p1a: Obstagoon
|-supereffective|p1a: Obstagoon
|-damage|p1a: Obstagoon|0 fnt
|-unboost|p2a: Cobalion|def|1
|-unboost|p2a: Cobalion|spd|1
|faint|p1a: Obstagoon
|
|upkeep
|
|t:|1609007884
|switch|p1a: Crobat|Crobat, M|100/100
|turn|6
|
|t:|1609007893
|move|p1a: Crobat|Brave Bird|p2a: Cobalion
|-damage|p2a: Cobalion|0 fnt
|-damage|p1a: Crobat|74/100|[from] Recoil
|faint|p2a: Cobalion
|
|upkeep
|
|t:|1609007909
|switch|p2a: Drampa|Drampa, M|100/100
|turn|7
|
|t:|1609007919
|switch|p1a: Reuniclus|Reuniclus, M|100/100
|move|p2a: Drampa|Calm Mind|p2a: Drampa
|-boost|p2a: Drampa|spa|1
|-boost|p2a: Drampa|spd|1
|
|upkeep
|turn|8
|
|t:|1609007924
|move|p2a: Drampa|Hyper Voice|p1a: Reuniclus
|-damage|p1a: Reuniclus|47/100
|move|p1a: Reuniclus|Focus Blast|p2a: Drampa
|-supereffective|p2a: Drampa
|-crit|p2a: Drampa
|-enditem|p2a: Drampa|Chople Berry|[eat]
|-enditem|p2a: Drampa|Chople Berry|[weaken]
|-damage|p2a: Drampa|7/100
|-ability|p2a: Drampa|Berserk|boost
|-boost|p2a: Drampa|spa|1
|
|upkeep
|turn|9
|c|☆Splashinganteater|Bruh crit fuck
|
|t:|1609007948
|move|p2a: Drampa|Roost|p2a: Drampa
|-heal|p2a: Drampa|57/100
|-singleturn|p2a: Drampa|move: Roost
|move|p1a: Reuniclus|Psychic|p2a: Drampa
|-damage|p2a: Drampa|14/100
|-ability|p2a: Drampa|Berserk|boost
|-boost|p2a: Drampa|spa|1
|
|upkeep
|turn|10
|inactive|Splashinganteater has 120 seconds left.
|
|t:|1609007968
|move|p2a: Drampa|Hyper Voice|p1a: Reuniclus
|-damage|p1a: Reuniclus|0 fnt
|faint|p1a: Reuniclus
|
|upkeep
|
|t:|1609007971
|switch|p1a: Crobat|Crobat, M|74/100
|turn|11
|
|t:|1609007978
|move|p1a: Crobat|Brave Bird|p2a: Drampa
|-damage|p2a: Drampa|0 fnt
|-damage|p1a: Crobat|69/100|[from] Recoil
|faint|p2a: Drampa
|
|upkeep
|
|t:|1609007989
|switch|p2a: Blastoise|Blastoise, M|52/100
|turn|12
|
|t:|1609007994
|move|p1a: Crobat|Brave Bird|p2a: Blastoise
|-damage|p2a: Blastoise|3/100
|-damage|p1a: Crobat|50/100|[from] Recoil
|move|p2a: Blastoise|Toxic|p1a: Crobat
|-immune|p1a: Crobat
|
|upkeep
|turn|13
|
|t:|1609008000
|move|p1a: Crobat|Brave Bird|p2a: Blastoise
|-damage|p2a: Blastoise|0 fnt
|-damage|p1a: Crobat|49/100|[from] Recoil
|faint|p2a: Blastoise
|
|upkeep
|
|t:|1609008005
|switch|p2a: Entei|Entei, shiny|100/100
|turn|14
|
|t:|1609008015
|switch|p1a: Volcanion|Volcanion|100/100
|move|p2a: Entei|Extreme Speed|p1a: Volcanion
|-damage|p1a: Volcanion|70/100
|
|upkeep
|turn|15
|
|t:|1609008021
|switch|p2a: Zarude|Zarude|100/100
|move|p1a: Volcanion|Steam Eruption|p2a: Zarude
|-resisted|p2a: Zarude
|-damage|p2a: Zarude|68/100
|
|-heal|p2a: Zarude|74/100|[from] item: Leftovers
|upkeep
|turn|16
|
|t:|1609008026
|move|p2a: Zarude|Power Whip|p1a: Volcanion|[miss]
|-miss|p2a: Zarude|p1a: Volcanion
|move|p1a: Volcanion|Flamethrower|p2a: Zarude
|-supereffective|p2a: Zarude
|-damage|p2a: Zarude|0 fnt
|faint|p2a: Zarude
|
|upkeep
|
|t:|1609008032
|switch|p2a: Entei|Entei, shiny|100/100
|turn|17
|
|t:|1609008038
|move|p2a: Entei|Stone Edge|p1a: Volcanion
|-supereffective|p1a: Volcanion
|-damage|p1a: Volcanion|0 fnt
|faint|p1a: Volcanion
|
|upkeep
|
|t:|1609008042
|switch|p1a: Steelix|Steelix, F|100/100
|turn|18
|
|t:|1609008045
|switch|p2a: Chandelure|Chandelure, M, shiny|100/100
|move|p1a: Steelix|Earth Power|p2a: Chandelure
|-supereffective|p2a: Chandelure
|-damage|p2a: Chandelure|0 fnt
|faint|p2a: Chandelure
|
|upkeep
|
|t:|1609008047
|switch|p2a: Entei|Entei, shiny|100/100
|turn|19
|
|t:|1609008055
|move|p2a: Entei|Flare Blitz|p1a: Steelix
|-supereffective|p1a: Steelix
|-damage|p1a: Steelix|5/100
|-damage|p2a: Entei|70/100|[from] Recoil
|move|p1a: Steelix|Earth Power|p2a: Entei
|-supereffective|p2a: Entei
|-damage|p2a: Entei|0 fnt
|faint|p2a: Entei
|
|win|Kimba
|raw|Kimba's rating: 1392 &rarr; <strong>1408</strong><br />(+16 for winning)
|raw|Splashinganteater's rating: 1313 &rarr; <strong>1298</strong><br />(-15 for losing)
|c|☆Splashinganteater|Nice luck
|c|☆Splashinganteater|Gg
|c|☆Kimba|gg
|l|☆Splashinganteater
