|html|<div class="broadcast-blue"><strong>[Gen 8] RU is currently suspecting Mienshao! For information on how to participate check out the <a href="https://www.smogon.com/forums/threads/np-ru-stage-8-nocturne-mienshao-suspect-test.3688330/">suspect thread</a>.</strong></div>
|j|☆literallyfreemoney
|j|☆Young Lilo
|t:|1628107661
|gametype|singles
|player|p1|literallyfreemoney|17|1440
|player|p2|Young Lilo|iris|1491
|teamsize|p1|6
|teamsize|p2|6
|gen|8
|tier|[Gen 8] RU
|rated|
|rule|Sleep Clause Mod: Limit one foe put to sleep
|rule|Species Clause: Limit one of each Pokémon
|rule|OHKO Clause: OHKO moves are banned
|rule|Evasion Moves Clause: Evasion moves are banned
|rule|Endless Battle Clause: Forcing endless battles is banned
|rule|HP Percentage Mod: HP is shown in percentages
|rule|Dynamax Clause: You cannot dynamax
|clearpoke
|poke|p1|Lucario, F|
|poke|p1|Aerodactyl, F|
|poke|p1|Golisopod, M|
|poke|p1|Vaporeon, F|
|poke|p1|Chandelure, F|
|poke|p1|Goodra, M|
|poke|p2|Cresselia, F|
|poke|p2|Sylveon, F|
|poke|p2|Mienshao, F|
|poke|p2|Vaporeon, F|
|poke|p2|Stunfisk-Galar, F|
|poke|p2|Braviary, M|
|teampreview
|inactive|Battle timer is ON: inactive players will automatically lose when time's up. (requested by Young Lilo)
|j| pokeslice
|inactive|Young Lilo has 120 seconds left.
|
|t:|1628107770
|start
|switch|p1a: Puhteradactyl|Aerodactyl, F|100/100
|switch|p2a: Vaporeon|Vaporeon, F|100/100
|-ability|p1a: Puhteradactyl|Unnerve
|turn|1
|
|t:|1628107778
|switch|p1a: Goodra|Goodra, M|100/100
|move|p2a: Vaporeon|Scald|p1a: Goodra
|-resisted|p1a: Goodra
|-damage|p1a: Goodra|93/100
|-status|p1a: Goodra|brn
|
|-damage|p1a: Goodra|87/100 brn|[from] brn
|upkeep
|turn|2
|
|t:|1628107785
|move|p2a: Vaporeon|Protect|p2a: Vaporeon
|-singleturn|p2a: Vaporeon|Protect
|move|p1a: Goodra|Ice Beam|p2a: Vaporeon
|-activate|p2a: Vaporeon|move: Protect
|
|-damage|p1a: Goodra|80/100 brn|[from] brn
|upkeep
|turn|3
|c|☆Young Lilo|av goodra
|
|t:|1628107799
|switch|p2a: IHOP|Stunfisk-Galar, F|100/100
|move|p1a: Goodra|Thunderbolt|p2a: IHOP
|-immune|p2a: IHOP
|
|-damage|p1a: Goodra|74/100 brn|[from] brn
|upkeep
|turn|4
|
|t:|1628107807
|switch|p1a: *w*G O A L I E*w*|Golisopod, M|100/100
|move|p2a: IHOP|Stealth Rock|p1a: *w*G O A L I E*w*
|-sidestart|p1: literallyfreemoney|move: Stealth Rock
|
|upkeep
|turn|5
|
|t:|1628107811
|switch|p2a: Braviary|Braviary, M|100/100
|move|p1a: *w*G O A L I E*w*|Knock Off|p2a: Braviary
|-damage|p2a: Braviary|59/100
|-enditem|p2a: Braviary|Heavy-Duty Boots|[from] move: Knock Off|[of] p1a: *w*G O A L I E*w*
|
|upkeep
|turn|6
|
|t:|1628107816
|move|p2a: Braviary|Roost|p2a: Braviary
|-heal|p2a: Braviary|100/100
|-singleturn|p2a: Braviary|move: Roost
|move|p1a: *w*G O A L I E*w*|Liquidation|p2a: Braviary
|-damage|p2a: Braviary|49/100
|
|upkeep
|turn|7
|
|t:|1628107819
|switch|p1a: Chandelure|Chandelure, F|100/100
|-damage|p1a: Chandelure|76/100|[from] Stealth Rock
|move|p2a: Braviary|Brave Bird|p1a: Chandelure
|-damage|p1a: Chandelure|0 fnt
|faint|p1a: Chandelure
|-damage|p2a: Braviary|30/100|[from] Recoil
|
|upkeep
|
|t:|1628107823
|switch|p1a: Puhteradactyl|Aerodactyl, F|100/100
|-ability|p1a: Puhteradactyl|Unnerve
|-damage|p1a: Puhteradactyl|76/100|[from] Stealth Rock
|turn|8
|c|☆Young Lilo|well
|c| pokeslice|hype
|
|t:|1628107830
|switch|p2a: Vaporeon|Vaporeon, F|100/100
|move|p1a: Puhteradactyl|Stealth Rock|p2a: Vaporeon
|-sidestart|p2: Young Lilo|move: Stealth Rock
|
|upkeep
|turn|9
|
|t:|1628107836
|switch|p1a: Vaporeon|Vaporeon, F|100/100
|-damage|p1a: Vaporeon|88/100|[from] Stealth Rock
|move|p2a: Vaporeon|Scald|p1a: Vaporeon
|-heal|p1a: Vaporeon|100/100|[from] ability: Water Absorb|[of] p2a: Vaporeon
|
|upkeep
|turn|10
|
|t:|1628107841
|move|p2a: Vaporeon|Toxic|p1a: Vaporeon
|-status|p1a: Vaporeon|tox
|move|p1a: Vaporeon|Heal Bell|p1a: Vaporeon
|-activate|p1a: Vaporeon|move: Heal Bell
|-curestatus|p1a: Vaporeon|tox|[msg]
|-curestatus|p1: Goodra|brn|[msg]
|
|upkeep
|turn|11
|
|t:|1628107846
|move|p1a: Vaporeon|Wish|p1a: Vaporeon
|move|p2a: Vaporeon|Toxic|p1a: Vaporeon
|-status|p1a: Vaporeon|tox
|
|-damage|p1a: Vaporeon|94/100 tox|[from] psn
|upkeep
|turn|12
|j| turtledoggo1
|
|t:|1628107852
|switch|p1a: Goodra|Goodra, M|74/100
|-damage|p1a: Goodra|62/100|[from] Stealth Rock
|move|p2a: Vaporeon|Toxic|p1a: Goodra|[miss]
|-miss|p2a: Vaporeon|p1a: Goodra
|
|-heal|p1a: Goodra|100/100|[from] move: Wish|[wisher] Vaporeon
|upkeep
|turn|13
|c|☆Young Lilo|rip
|
|t:|1628107863
|move|p1a: Goodra|Thunderbolt|p2a: Vaporeon
|-supereffective|p2a: Vaporeon
|-damage|p2a: Vaporeon|57/100
|move|p2a: Vaporeon|Toxic|p1a: Goodra
|-status|p1a: Goodra|tox
|
|-heal|p2a: Vaporeon|63/100|[from] item: Leftovers
|-damage|p1a: Goodra|94/100 tox|[from] psn
|upkeep
|turn|14
|
|t:|1628107872
|switch|p1a: *w*G O A L I E*w*|Golisopod, M|100/100
|switch|p2a: Sylveon|Sylveon, F|100/100
|-damage|p2a: Sylveon|88/100|[from] Stealth Rock
|
|upkeep
|turn|15
|
|t:|1628107876
|move|p2a: Sylveon|Hyper Voice|p1a: *w*G O A L I E*w*
|-damage|p1a: *w*G O A L I E*w*|15/100
|-activate|p1a: *w*G O A L I E*w*|ability: Emergency Exit
|
|t:|1628107879
|switch|p1a: Lucy|Lucario, F|100/100
|-damage|p1a: Lucy|98/100|[from] Stealth Rock
|
|upkeep
|turn|16
|
|t:|1628107884
|switch|p2a: IHOP|Stunfisk-Galar, F|100/100
|-damage|p2a: IHOP|97/100|[from] Stealth Rock
|move|p1a: Lucy|Swords Dance|p1a: Lucy
|-boost|p1a: Lucy|atk|2
|
|-heal|p2a: IHOP|100/100|[from] item: Leftovers
|upkeep
|turn|17
|
|t:|1628107890
|switch|p2a: Braviary|Braviary, M|30/100
|-damage|p2a: Braviary|5/100|[from] Stealth Rock
|move|p1a: Lucy|Close Combat|p2a: Braviary
|-crit|p2a: Braviary
|-damage|p2a: Braviary|0 fnt
|-unboost|p1a: Lucy|def|1
|-unboost|p1a: Lucy|spd|1
|faint|p2a: Braviary
|-damage|p1a: Lucy|88/100|[from] item: Life Orb
|
|upkeep
|
|t:|1628107904
|switch|p2a: IHOP|Stunfisk-Galar, F|100/100
|-damage|p2a: IHOP|97/100|[from] Stealth Rock
|turn|18
|
|t:|1628107908
|move|p1a: Lucy|Close Combat|p2a: IHOP
|-supereffective|p2a: IHOP
|-damage|p2a: IHOP|0 fnt
|-unboost|p1a: Lucy|def|1
|-unboost|p1a: Lucy|spd|1
|faint|p2a: IHOP
|-damage|p1a: Lucy|78/100|[from] item: Life Orb
|
|upkeep
|
|t:|1628107910
|switch|p2a: Cresselia|Cresselia, F|100/100
|-damage|p2a: Cresselia|88/100|[from] Stealth Rock
|turn|19
|
|t:|1628107915
|switch|p1a: Vaporeon|Vaporeon, F|94/100 tox
|-damage|p1a: Vaporeon|82/100 tox|[from] Stealth Rock
|move|p2a: Cresselia|Moonblast|p1a: Vaporeon
|-crit|p1a: Vaporeon
|-damage|p1a: Vaporeon|63/100 tox
|
|-heal|p2a: Cresselia|94/100|[from] item: Leftovers
|-heal|p1a: Vaporeon|69/100 tox|[from] item: Leftovers
|-damage|p1a: Vaporeon|63/100 tox|[from] psn
|upkeep
|turn|20
|
|t:|1628107917
|move|p2a: Cresselia|Substitute|p2a: Cresselia
|-start|p2a: Cresselia|Substitute
|-damage|p2a: Cresselia|69/100
|move|p1a: Vaporeon|Heal Bell|p1a: Vaporeon
|-activate|p1a: Vaporeon|move: Heal Bell
|-curestatus|p1a: Vaporeon|tox|[msg]
|-curestatus|p1: Goodra|tox|[msg]
|
|-heal|p2a: Cresselia|75/100|[from] item: Leftovers
|-heal|p1a: Vaporeon|69/100|[from] item: Leftovers
|upkeep
|turn|21
|
|t:|1628107923
|move|p2a: Cresselia|Calm Mind|p2a: Cresselia
|-boost|p2a: Cresselia|spa|1
|-boost|p2a: Cresselia|spd|1
|move|p1a: Vaporeon|Wish|p1a: Vaporeon
|
|-heal|p2a: Cresselia|82/100|[from] item: Leftovers
|-heal|p1a: Vaporeon|75/100|[from] item: Leftovers
|upkeep
|turn|22
|c| turtledoggo1|It's time
|
|t:|1628107928
|switch|p1a: Goodra|Goodra, M|94/100
|-damage|p1a: Goodra|82/100|[from] Stealth Rock
|move|p2a: Cresselia|Calm Mind|p2a: Cresselia
|-boost|p2a: Cresselia|spa|1
|-boost|p2a: Cresselia|spd|1
|
|-heal|p1a: Goodra|100/100|[from] move: Wish|[wisher] Vaporeon
|-heal|p2a: Cresselia|88/100|[from] item: Leftovers
|upkeep
|turn|23
|
|t:|1628107931
|move|p1a: Goodra|Ice Beam|p2a: Cresselia
|-activate|p2a: Cresselia|move: Substitute|[damage]
|move|p2a: Cresselia|Moonblast|p1a: Goodra
|-supereffective|p1a: Goodra
|-damage|p1a: Goodra|66/100
|
|-heal|p2a: Cresselia|94/100|[from] item: Leftovers
|upkeep
|turn|24
|
|t:|1628107936
|switch|p1a: Puhteradactyl|Aerodactyl, F|76/100
|-ability|p1a: Puhteradactyl|Unnerve
|-damage|p1a: Puhteradactyl|51/100|[from] Stealth Rock
|move|p2a: Cresselia|Moonblast|p1a: Puhteradactyl
|-damage|p1a: Puhteradactyl|2/100
|-unboost|p1a: Puhteradactyl|spa|1
|
|-heal|p2a: Cresselia|99/100|[from] item: Leftovers
|upkeep
|turn|25
|
|t:|1628107940
|move|p1a: Puhteradactyl|Dual Wingbeat|p2a: Cresselia
|-activate|p2a: Cresselia|move: Substitute|[damage]
|-end|p2a: Cresselia|Substitute
|-hitcount|p2a: Cresselia|2
|move|p2a: Cresselia|Moonblast|p1a: Puhteradactyl
|-damage|p1a: Puhteradactyl|0 fnt
|faint|p1a: Puhteradactyl
|
|-heal|p2a: Cresselia|100/100|[from] item: Leftovers
|upkeep
|
|t:|1628107946
|switch|p1a: *w*G O A L I E*w*|Golisopod, M|15/100
|turn|26
|
|t:|1628107949
|move|p1a: *w*G O A L I E*w*|First Impression|p2a: Cresselia
|-supereffective|p2a: Cresselia
|-damage|p2a: Cresselia|45/100
|move|p2a: Cresselia|Moonlight|p2a: Cresselia
|-heal|p2a: Cresselia|95/100
|
|-heal|p2a: Cresselia|100/100|[from] item: Leftovers
|upkeep
|turn|27
|
|t:|1628107953
|move|p2a: Cresselia|Moonblast|p1a: *w*G O A L I E*w*
|-damage|p1a: *w*G O A L I E*w*|0 fnt
|faint|p1a: *w*G O A L I E*w*
|
|upkeep
|
|t:|1628107956
|switch|p1a: Lucy|Lucario, F|78/100
|-damage|p1a: Lucy|75/100|[from] Stealth Rock
|turn|28
|c|☆Young Lilo|gg
|
|t:|1628107959
|move|p1a: Lucy|Meteor Mash|p2a: Cresselia
|-damage|p2a: Cresselia|72/100
|-damage|p1a: Lucy|65/100|[from] item: Life Orb
|move|p2a: Cresselia|Moonblast|p1a: Lucy
|-damage|p1a: Lucy|12/100
|-unboost|p1a: Lucy|spa|1
|
|-heal|p2a: Cresselia|78/100|[from] item: Leftovers
|upkeep
|turn|29
|c|☆literallyfreemoney|gg
|
|t:|1628107966
|move|p1a: Lucy|Meteor Mash|p2a: Cresselia
|-damage|p2a: Cresselia|50/100
|-damage|p1a: Lucy|2/100|[from] item: Life Orb
|move|p2a: Cresselia|Moonblast|p1a: Lucy
|-damage|p1a: Lucy|0 fnt
|faint|p1a: Lucy
|
|-heal|p2a: Cresselia|57/100|[from] item: Leftovers
|upkeep
|-message|literallyfreemoney forfeited.
|
|win|Young Lilo
|l|☆literallyfreemoney
|raw|literallyfreemoney's rating: 1440 &rarr; <strong>1423</strong><br />(-17 for losing)
|raw|Young Lilo's rating: 1491 &rarr; <strong>1508</strong><br />(+17 for winning)
|l| pokeslice
|c|☆Young Lilo|mid ladder
|l| turtledoggo1
||Ladder isn't responding, score probably updated but might not have (Request timeout).
