|html|<div class="broadcast-blue"><strong>[Gen 8] RU is currently suspecting Mienshao! For information on how to participate check out the <a href="https://www.smogon.com/forums/threads/np-ru-stage-8-nocturne-mienshao-suspect-test.3688330/">suspect thread</a>.</strong></div>
|j|☆rareold
|j|☆Splashinganteater
|t:|1628375401
|gametype|singles
|player|p1|rareold|cynthia-gen4|1213
|player|p2|Splashinganteater|palmer|1283
|teamsize|p1|6
|teamsize|p2|6
|gen|8
|tier|[Gen 8] RU
|rated|
|rule|Sleep Clause Mod: Limit one foe put to sleep
|rule|Species Clause: Limit one of each Pokémon
|rule|OHKO Clause: OHKO moves are banned
|rule|Evasion Moves Clause: Evasion moves are banned
|rule|Endless Battle Clause: Forcing endless battles is banned
|rule|HP Percentage Mod: HP is shown in percentages
|rule|Dynamax Clause: You cannot dynamax
|clearpoke
|poke|p1|Drapion, F|
|poke|p1|Hitmonlee, M|
|poke|p1|Piloswine, M|
|poke|p1|Vileplume, F|
|poke|p1|Frosmoth, M|
|poke|p1|Inteleon, M|
|poke|p2|Sylveon, F|
|poke|p2|Milotic, F|
|poke|p2|Steelix, M|
|poke|p2|Virizion|
|poke|p2|Incineroar, M|
|poke|p2|Noivern, M|
|teampreview
|
|t:|1628375436
|start
|switch|p1a: Raul Gil|Piloswine, M|100/100
|switch|p2a: Virizion|Virizion, shiny|100/100
|turn|1
|
|t:|1628375444
|move|p2a: Virizion|Leaf Blade|p1a: Raul Gil
|-supereffective|p1a: Raul Gil
|-damage|p1a: Raul Gil|55/100
|move|p1a: Raul Gil|Stealth Rock|p2a: Virizion
|-sidestart|p2: Splashinganteater|move: Stealth Rock
|
|upkeep
|turn|2
|
|t:|1628375454
|switch|p2a: Incineroar|Incineroar, M|100/100
|-ability|p2a: Incineroar|Intimidate|boost
|-unboost|p1a: Raul Gil|atk|1
|switch|p1a: Hebe Camargo|Vileplume, F|100/100
|
|upkeep
|turn|3
|
|t:|1628375473
|move|p2a: Incineroar|Knock Off|p1a: Hebe Camargo
|-damage|p1a: Hebe Camargo|73/100
|-enditem|p1a: Hebe Camargo|Black Sludge|[from] move: Knock Off|[of] p2a: Incineroar
|move|p1a: Hebe Camargo|Strength Sap|p2a: Incineroar
|-unboost|p2a: Incineroar|atk|1
|-heal|p1a: Hebe Camargo|100/100
|
|upkeep
|turn|4
|
|t:|1628375480
|move|p2a: Incineroar|Swords Dance|p2a: Incineroar
|-boost|p2a: Incineroar|atk|2
|move|p1a: Hebe Camargo|Sludge Bomb|p2a: Incineroar
|-damage|p2a: Incineroar|78/100
|-status|p2a: Incineroar|psn
|
|-damage|p2a: Incineroar|66/100 psn|[from] psn
|upkeep
|turn|5
|
|t:|1628375490
|move|p2a: Incineroar|Swords Dance|p2a: Incineroar
|-boost|p2a: Incineroar|atk|2
|move|p1a: Hebe Camargo|Strength Sap|p2a: Incineroar
|-unboost|p2a: Incineroar|atk|1
|
|-damage|p2a: Incineroar|54/100 psn|[from] psn
|upkeep
|turn|6
|
|t:|1628375498
|move|p2a: Incineroar|U-turn|p1a: Hebe Camargo
|-crit|p1a: Hebe Camargo
|-damage|p1a: Hebe Camargo|60/100
|
|t:|1628375504
|switch|p2a: Noivern|Noivern, M|100/100|[from]move: U-turn
|move|p1a: Hebe Camargo|Sludge Bomb|p2a: Noivern
|-damage|p2a: Noivern|53/100
|-status|p2a: Noivern|psn
|
|-damage|p2a: Noivern|41/100 psn|[from] psn
|upkeep
|turn|7
|
|t:|1628375512
|switch|p1a: Raul Gil|Piloswine, M|55/100
|move|p2a: Noivern|Flamethrower|p1a: Raul Gil
|-supereffective|p1a: Raul Gil
|-damage|p1a: Raul Gil|40/100
|-status|p1a: Raul Gil|brn
|
|-damage|p2a: Noivern|29/100 psn|[from] psn
|-damage|p1a: Raul Gil|34/100 brn|[from] brn
|upkeep
|turn|8
|
|t:|1628375523
|switch|p2a: Sylveon|Sylveon, F, shiny|100/100
|-damage|p2a: Sylveon|88/100|[from] Stealth Rock
|move|p1a: Raul Gil|Ice Shard|p2a: Sylveon
|-damage|p2a: Sylveon|82/100
|
|-heal|p2a: Sylveon|88/100|[from] item: Leftovers
|-damage|p1a: Raul Gil|28/100 brn|[from] brn
|upkeep
|turn|9
|
|t:|1628375526
|switch|p1a: Tommy Lee Jones|Drapion, F, shiny|100/100
|move|p2a: Sylveon|Heal Bell|p2a: Sylveon
|-activate|p2a: Sylveon|move: Heal Bell
|-curestatus|p2: Noivern|psn|[msg]
|-curestatus|p2: Incineroar|psn|[msg]
|
|-heal|p2a: Sylveon|94/100|[from] item: Leftovers
|upkeep
|turn|10
|
|t:|1628375532
|move|p1a: Tommy Lee Jones|Swords Dance|p1a: Tommy Lee Jones
|-boost|p1a: Tommy Lee Jones|atk|2
|move|p2a: Sylveon|Hyper Voice|p1a: Tommy Lee Jones
|-damage|p1a: Tommy Lee Jones|35/100
|
|-heal|p1a: Tommy Lee Jones|41/100|[from] item: Black Sludge
|-heal|p2a: Sylveon|99/100|[from] item: Leftovers
|upkeep
|turn|11
|
|t:|1628375563
|switch|p2a: Milotic|Milotic, F|100/100
|-damage|p2a: Milotic|88/100|[from] Stealth Rock
|move|p1a: Tommy Lee Jones|Cross Poison|p2a: Milotic
|-damage|p2a: Milotic|45/100
|
|-heal|p1a: Tommy Lee Jones|47/100|[from] item: Black Sludge
|-heal|p2a: Milotic|51/100|[from] item: Leftovers
|upkeep
|turn|12
|
|t:|1628375571
|move|p1a: Tommy Lee Jones|Knock Off|p2a: Milotic
|-damage|p2a: Milotic|0 fnt
|-enditem|p2a: Milotic|Leftovers|[from] move: Knock Off|[of] p1a: Tommy Lee Jones
|faint|p2a: Milotic
|
|-heal|p1a: Tommy Lee Jones|53/100|[from] item: Black Sludge
|upkeep
|
|t:|1628375576
|switch|p2a: Noivern|Noivern, M|29/100
|turn|13
|
|t:|1628375580
|switch|p1a: Raul Gil|Piloswine, M|28/100 brn
|move|p2a: Noivern|Draco Meteor|p1a: Raul Gil
|-damage|p1a: Raul Gil|0 fnt
|-unboost|p2a: Noivern|spa|2
|faint|p1a: Raul Gil
|
|upkeep
|
|t:|1628375586
|switch|p1a: Jason Statham|Hitmonlee, M, shiny|100/100
|turn|14
|
|t:|1628375592
|switch|p2a: Sylveon|Sylveon, F, shiny|99/100
|-damage|p2a: Sylveon|88/100|[from] Stealth Rock
|move|p1a: Jason Statham|Close Combat|p2a: Sylveon
|-resisted|p2a: Sylveon
|-damage|p2a: Sylveon|59/100
|-unboost|p1a: Jason Statham|def|1
|-unboost|p1a: Jason Statham|spd|1
|-enditem|p1a: Jason Statham|White Herb
|-clearnegativeboost|p1a: Jason Statham|[silent]
|
|-heal|p2a: Sylveon|65/100|[from] item: Leftovers
|upkeep
|turn|15
|
|t:|1628375605
|move|p1a: Jason Statham|Poison Jab|p2a: Sylveon
|-supereffective|p2a: Sylveon
|-damage|p2a: Sylveon|19/100
|move|p2a: Sylveon|Hyper Voice|p1a: Jason Statham
|-supereffective|p1a: Jason Statham
|-damage|p1a: Jason Statham|0 fnt
|faint|p1a: Jason Statham
|
|-heal|p2a: Sylveon|25/100|[from] item: Leftovers
|upkeep
|
|t:|1628375614
|switch|p1a: Franciny Ehlke|Frosmoth, M, shiny|100/100
|turn|16
|
|t:|1628375625
|switch|p2a: Incineroar|Incineroar, M|54/100
|-ability|p2a: Incineroar|Intimidate|boost
|-unboost|p1a: Franciny Ehlke|atk|1
|move|p1a: Franciny Ehlke|Quiver Dance|p1a: Franciny Ehlke
|-boost|p1a: Franciny Ehlke|spa|1
|-boost|p1a: Franciny Ehlke|spd|1
|-boost|p1a: Franciny Ehlke|spe|1
|
|upkeep
|turn|17
|
|t:|1628375637
|move|p1a: Franciny Ehlke|Bug Buzz|p2a: Incineroar
|-damage|p2a: Incineroar|6/100
|-unboost|p2a: Incineroar|spd|1
|move|p2a: Incineroar|Knock Off|p1a: Franciny Ehlke
|-damage|p1a: Franciny Ehlke|25/100
|-enditem|p1a: Franciny Ehlke|Heavy-Duty Boots|[from] move: Knock Off|[of] p2a: Incineroar
|
|upkeep
|turn|18
|
|t:|1628375646
|move|p1a: Franciny Ehlke|Ice Beam|p2a: Incineroar
|-resisted|p2a: Incineroar
|-damage|p2a: Incineroar|0 fnt
|faint|p2a: Incineroar
|
|upkeep
|
|t:|1628375650
|switch|p2a: Steelix|Steelix, M|100/100
|-damage|p2a: Steelix|97/100|[from] Stealth Rock
|turn|19
|
|t:|1628375653
|move|p1a: Franciny Ehlke|Ice Beam|p2a: Steelix
|-damage|p2a: Steelix|33/100
|move|p2a: Steelix|Heavy Slam|p1a: Franciny Ehlke
|-supereffective|p1a: Franciny Ehlke
|-damage|p1a: Franciny Ehlke|0 fnt
|faint|p1a: Franciny Ehlke
|
|-heal|p2a: Steelix|39/100|[from] item: Leftovers
|upkeep
|
|t:|1628375658
|switch|p1a: Gal Gadot|Inteleon, M, shiny|100/100
|turn|20
|
|t:|1628375666
|move|p1a: Gal Gadot|Ice Beam|p2a: Steelix
|-damage|p2a: Steelix|0 fnt
|faint|p2a: Steelix
|
|upkeep
|
|t:|1628375672
|switch|p2a: Virizion|Virizion, shiny|100/100
|-damage|p2a: Virizion|94/100|[from] Stealth Rock
|turn|21
|
|t:|1628375674
|move|p2a: Virizion|Leaf Blade|p1a: Gal Gadot
|-supereffective|p1a: Gal Gadot
|-damage|p1a: Gal Gadot|0 fnt
|faint|p1a: Gal Gadot
|
|-heal|p2a: Virizion|100/100|[from] item: Leftovers
|upkeep
|
|t:|1628375677
|switch|p1a: Hebe Camargo|Vileplume, F|60/100
|turn|22
|
|t:|1628375686
|switch|p2a: Sylveon|Sylveon, F, shiny|25/100
|-damage|p2a: Sylveon|12/100|[from] Stealth Rock
|move|p1a: Hebe Camargo|Sludge Bomb|p2a: Sylveon
|-supereffective|p2a: Sylveon
|-damage|p2a: Sylveon|0 fnt
|faint|p2a: Sylveon
|
|upkeep
|
|t:|1628375689
|switch|p2a: Noivern|Noivern, M|29/100
|turn|23
|
|t:|1628375692
|move|p2a: Noivern|Flamethrower|p1a: Hebe Camargo
|-supereffective|p1a: Hebe Camargo
|-damage|p1a: Hebe Camargo|1/100
|move|p1a: Hebe Camargo|Sludge Bomb|p2a: Noivern
|-damage|p2a: Noivern|0 fnt
|faint|p2a: Noivern
|
|upkeep
|
|t:|1628375696
|switch|p2a: Virizion|Virizion, shiny|100/100
|-damage|p2a: Virizion|94/100|[from] Stealth Rock
|turn|24
|
|t:|1628375699
|move|p2a: Virizion|Stone Edge|p1a: Hebe Camargo|[miss]
|-miss|p2a: Virizion|p1a: Hebe Camargo
|move|p1a: Hebe Camargo|Strength Sap|p2a: Virizion
|-unboost|p2a: Virizion|atk|1
|-heal|p1a: Hebe Camargo|80/100
|
|-heal|p2a: Virizion|100/100|[from] item: Leftovers
|upkeep
|turn|25
|c|☆Splashinganteater|hahahahahahhaha
|c|☆Splashinganteater|love that
|-message|Splashinganteater forfeited.
|
|win|rareold
|raw|rareold's rating: 1213 &rarr; <strong>1243</strong><br />(+30 for winning)
|raw|Splashinganteater's rating: 1283 &rarr; <strong>1253</strong><br />(-30 for losing)
|l|☆Splashinganteater
