|j|☆Tintincpajouer
|j|☆Axelhaon
|t:|1629138435
|gametype|singles
|player|p1|Tintincpajouer|102|1237
|player|p2|Axelhaon|hugh|1133
|teamsize|p1|6
|teamsize|p2|6
|gen|8
|tier|[Gen 8] RU
|rated|
|rule|Sleep Clause Mod: Limit one foe put to sleep
|rule|Species Clause: Limit one of each Pokémon
|rule|OHKO Clause: OHKO moves are banned
|rule|Evasion Moves Clause: Evasion moves are banned
|rule|Endless Battle Clause: Forcing endless battles is banned
|rule|HP Percentage Mod: HP is shown in percentages
|rule|Dynamax Clause: You cannot dynamax
|clearpoke
|poke|p1|Porygon-Z|
|poke|p1|Shuckle, F|
|poke|p1|Mimikyu, M|
|poke|p1|Metagross|
|poke|p1|Xurkitree|
|poke|p1|Noivern, F|
|poke|p2|Cresselia, F|
|poke|p2|Chandelure, F|
|poke|p2|Cobalion|
|poke|p2|Gastrodon, M|
|poke|p2|Bouffalant, F|
|poke|p2|Weezing-Galar, F|
|teampreview
|inactive|Battle timer is ON: inactive players will automatically lose when time's up. (requested by Tintincpajouer)
|
|t:|1629138460
|start
|switch|p1a: Shuckle|Shuckle, F|100/100
|switch|p2a: Cobalion|Cobalion|100/100
|turn|1
|
|t:|1629138474
|move|p2a: Cobalion|Iron Head|p1a: Shuckle
|-supereffective|p1a: Shuckle
|-damage|p1a: Shuckle|51/100
|cant|p1a: Shuckle|flinch
|
|upkeep
|turn|2
|
|t:|1629138480
|move|p2a: Cobalion|Iron Head|p1a: Shuckle
|-supereffective|p1a: Shuckle
|-damage|p1a: Shuckle|0 fnt
|faint|p1a: Shuckle
|
|upkeep
|
|t:|1629138494
|switch|p1a: Metagross|Metagross|100/100
|turn|3
|
|t:|1629138509
|switch|p2a: Weezing|Weezing-Galar, F|100/100
|-ability|p2a: Weezing|Neutralizing Gas
|move|p1a: Metagross|Earthquake|p2a: Weezing
|-supereffective|p2a: Weezing
|-damage|p2a: Weezing|41/100
|
|upkeep
|turn|4
|
|t:|1629138520
|-end|p2a: Weezing|ability: Neutralizing Gas
|switch|p2a: Cresselia|Cresselia, F|100/100
|move|p1a: Metagross|Meteor Mash|p2a: Cresselia
|-damage|p2a: Cresselia|67/100
|
|-heal|p2a: Cresselia|73/100|[from] item: Leftovers
|upkeep
|turn|5
|
|t:|1629138530
|move|p2a: Cresselia|Thunder Wave|p1a: Metagross
|-status|p1a: Metagross|par
|move|p1a: Metagross|Meteor Mash|p2a: Cresselia
|-damage|p2a: Cresselia|41/100
|
|-heal|p2a: Cresselia|48/100|[from] item: Leftovers
|upkeep
|turn|6
|
|t:|1629138542
|switch|p2a: Weezing|Weezing-Galar, F|41/100
|-ability|p2a: Weezing|Neutralizing Gas
|cant|p1a: Metagross|par
|
|upkeep
|turn|7
|
|t:|1629138554
|-end|p2a: Weezing|ability: Neutralizing Gas
|switch|p2a: Cresselia|Cresselia, F|48/100
|cant|p1a: Metagross|par
|
|-heal|p2a: Cresselia|54/100|[from] item: Leftovers
|upkeep
|turn|8
|
|t:|1629138564
|move|p2a: Cresselia|Moonlight|p2a: Cresselia
|-heal|p2a: Cresselia|100/100
|cant|p1a: Metagross|par
|
|upkeep
|turn|9
|inactive|Tintincpajouer has 120 seconds left.
|inactive|Tintincpajouer has 90 seconds left.
|inactive|Tintincpajouer has 60 seconds left.
|
|t:|1629138683
|switch|p2a: Chandelure|Chandelure, F|100/100
|move|p1a: Metagross|Meteor Mash|p2a: Chandelure
|-resisted|p2a: Chandelure
|-damage|p2a: Chandelure|60/100
|
|upkeep
|turn|10
|
|t:|1629138693
|switch|p1a: Noivern|Noivern, F|100/100
|move|p2a: Chandelure|Flamethrower|p1a: Noivern
|-resisted|p1a: Noivern
|-damage|p1a: Noivern|52/100
|
|upkeep
|turn|11
|
|t:|1629138715
|switch|p2a: Gastrodon|Gastrodon, M|100/100
|move|p1a: Noivern|Draco Meteor|p2a: Gastrodon
|-damage|p2a: Gastrodon|62/100
|-unboost|p1a: Noivern|spa|2
|
|-heal|p2a: Gastrodon|68/100|[from] item: Leftovers
|upkeep
|turn|12
|
|t:|1629138727
|move|p1a: Noivern|Switcheroo|p2a: Gastrodon
|-activate|p1a: Noivern|move: Trick|[of] p2a: Gastrodon
|-item|p2a: Gastrodon|Ring Target|[from] move: Switcheroo
|-item|p1a: Noivern|Leftovers|[from] move: Switcheroo
|move|p2a: Gastrodon|Toxic|p1a: Noivern
|-status|p1a: Noivern|tox
|
|-heal|p1a: Noivern|58/100 tox|[from] item: Leftovers
|-damage|p1a: Noivern|52/100 tox|[from] psn
|upkeep
|turn|13
|
|t:|1629138742
|switch|p1a: Metagross|Metagross|100/100 par
|move|p2a: Gastrodon|Surf|p1a: Metagross
|-damage|p1a: Metagross|70/100 par
|
|upkeep
|turn|14
|
|t:|1629138748
|move|p2a: Gastrodon|Earth Power|p1a: Metagross
|-supereffective|p1a: Metagross
|-damage|p1a: Metagross|10/100 par
|move|p1a: Metagross|Grass Knot|p2a: Gastrodon
|-supereffective|p2a: Gastrodon
|-damage|p2a: Gastrodon|25/100
|
|upkeep
|turn|15
|
|t:|1629138760
|switch|p2a: Bouffalant|Bouffalant, F|100/100
|switch|p1a: Noivern|Noivern, F|52/100 tox
|
|-heal|p1a: Noivern|58/100 tox|[from] item: Leftovers
|-damage|p1a: Noivern|52/100 tox|[from] psn
|upkeep
|turn|16
|
|t:|1629138773
|move|p1a: Noivern|Draco Meteor|p2a: Bouffalant
|-damage|p2a: Bouffalant|49/100
|-unboost|p1a: Noivern|spa|2
|move|p2a: Bouffalant|Throat Chop|p1a: Noivern
|-damage|p1a: Noivern|0 fnt
|faint|p1a: Noivern
|
|upkeep
|
|t:|1629138784
|switch|p1a: Xurkitree|Xurkitree|100/100
|turn|17
|
|t:|1629138799
|switch|p2a: Cresselia|Cresselia, F|100/100
|move|p1a: Xurkitree|Thunderbolt|p2a: Cresselia
|-damage|p2a: Cresselia|71/100
|
|-heal|p2a: Cresselia|78/100|[from] item: Leftovers
|upkeep
|turn|18
|
|t:|1629138809
|switch|p1a: Metagross|Metagross|10/100 par
|move|p2a: Cresselia|Psychic|p1a: Metagross
|-resisted|p1a: Metagross
|-damage|p1a: Metagross|4/100 par
|
|-heal|p2a: Cresselia|84/100|[from] item: Leftovers
|upkeep
|turn|19
|
|t:|1629138818
|move|p1a: Metagross|Bullet Punch|p2a: Cresselia
|-damage|p2a: Cresselia|68/100
|move|p2a: Cresselia|Psychic|p1a: Metagross
|-resisted|p1a: Metagross
|-damage|p1a: Metagross|0 fnt
|faint|p1a: Metagross
|
|-heal|p2a: Cresselia|74/100|[from] item: Leftovers
|upkeep
|
|t:|1629138828
|switch|p1a: Porygon-Z|Porygon-Z|100/100
|turn|20
|
|t:|1629138842
|move|p1a: Porygon-Z|Trick|p2a: Cresselia
|-activate|p1a: Porygon-Z|move: Trick|[of] p2a: Cresselia
|-item|p2a: Cresselia|Choice Specs|[from] move: Trick
|-item|p1a: Porygon-Z|Leftovers|[from] move: Trick
|move|p2a: Cresselia|Thunder Wave|p1a: Porygon-Z
|-status|p1a: Porygon-Z|par
|
|upkeep
|turn|21
|
|t:|1629138864
|switch|p2a: Cobalion|Cobalion|100/100
|switch|p1a: Xurkitree|Xurkitree|100/100
|
|upkeep
|turn|22
|
|t:|1629138874
|switch|p1a: Porygon-Z|Porygon-Z|100/100 par
|switch|p2a: Gastrodon|Gastrodon, M|25/100
|
|upkeep
|turn|23
|inactive|Tintincpajouer has 90 seconds left.
|
|t:|1629138885
|switch|p2a: Cresselia|Cresselia, F|74/100
|move|p1a: Porygon-Z|Tri Attack|p2a: Cresselia
|-damage|p2a: Cresselia|48/100
|
|upkeep
|turn|24
|inactive|Tintincpajouer has 90 seconds left.
|
|t:|1629138893
|move|p2a: Cresselia|Moonlight|p2a: Cresselia
|-heal|p2a: Cresselia|98/100
|move|p1a: Porygon-Z|Shadow Ball|p2a: Cresselia
|-supereffective|p2a: Cresselia
|-damage|p2a: Cresselia|71/100
|-unboost|p2a: Cresselia|spd|1
|
|upkeep
|turn|25
|inactive|Tintincpajouer has 90 seconds left.
|inactive|Axelhaon has 120 seconds left.
|
|t:|1629138920
|switch|p2a: Bouffalant|Bouffalant, F|49/100
|switch|p1a: Xurkitree|Xurkitree|100/100
|
|upkeep
|turn|26
|
|t:|1629138929
|switch|p2a: Gastrodon|Gastrodon, M|25/100
|move|p1a: Xurkitree|Thunderbolt|p2a: Gastrodon
|-supereffective|p2a: Gastrodon
|-damage|p2a: Gastrodon|0 fnt
|faint|p2a: Gastrodon
|-ability|p1a: Xurkitree|Beast Boost|boost
|-boost|p1a: Xurkitree|spa|1
|
|upkeep
|inactive|Axelhaon has 120 seconds left.
|
|t:|1629138954
|switch|p2a: Cresselia|Cresselia, F|71/100
|turn|27
|
|t:|1629138959
|move|p1a: Xurkitree|Thunderbolt|p2a: Cresselia
|-damage|p2a: Cresselia|31/100
|move|p2a: Cresselia|Toxic|p1a: Xurkitree
|-status|p1a: Xurkitree|tox
|
|-damage|p1a: Xurkitree|94/100 tox|[from] psn
|upkeep
|turn|28
|inactive|Axelhaon has 90 seconds left.
|
|t:|1629138997
|switch|p2a: Weezing|Weezing-Galar, F|41/100
|-ability|p2a: Weezing|Neutralizing Gas
|move|p1a: Xurkitree|Thunderbolt|p2a: Weezing
|-damage|p2a: Weezing|0 fnt
|faint|p2a: Weezing
|-end|p2a: Weezing|ability: Neutralizing Gas
|-ability|p1a: Xurkitree|Beast Boost|boost
|-boost|p1a: Xurkitree|spa|1
|
|-damage|p1a: Xurkitree|82/100 tox|[from] psn
|upkeep
|
|t:|1629139012
|switch|p2a: Cobalion|Cobalion|100/100
|turn|29
|
|t:|1629139023
|move|p1a: Xurkitree|Thunderbolt|p2a: Cobalion
|-damage|p2a: Cobalion|0 fnt
|faint|p2a: Cobalion
|-ability|p1a: Xurkitree|Beast Boost|boost
|-boost|p1a: Xurkitree|spa|1
|
|-damage|p1a: Xurkitree|63/100 tox|[from] psn
|upkeep
|
|t:|1629139028
|switch|p2a: Chandelure|Chandelure, F|60/100
|turn|30
|
|t:|1629139035
|move|p1a: Xurkitree|Thunderbolt|p2a: Chandelure
|-damage|p2a: Chandelure|0 fnt
|faint|p2a: Chandelure
|-ability|p1a: Xurkitree|Beast Boost|boost
|-boost|p1a: Xurkitree|spa|1
|
|-damage|p1a: Xurkitree|39/100 tox|[from] psn
|upkeep
|-message|Axelhaon forfeited.
|
|win|Tintincpajouer
|raw|Tintincpajouer's rating: 1237 &rarr; <strong>1255</strong><br />(+18 for winning)
|raw|Axelhaon's rating: 1133 &rarr; <strong>1115</strong><br />(-18 for losing)
|l|☆Axelhaon
|c|☆Tintincpajouer|Gg
