|j|☆flannerythicc
|j|☆Lionel Mesprit
|inactive|Battle timer is ON: inactive players will automatically lose when time's up.
|t:|1610396046
|player|p1|flannerythicc|flannery|
|player|p2|Lionel Mesprit|striker|
|teamsize|p1|6
|teamsize|p2|6
|gametype|singles
|gen|8
|tier|[Gen 8] RU
|rated|Tournament battle
|clearpoke
|poke|p1|Regidrago|
|poke|p1|Volcanion|
|poke|p1|Rhyperior, F|
|poke|p1|Weezing-Galar, M|
|poke|p1|Zarude|
|poke|p1|Metagross|
|poke|p2|Togekiss, F|
|poke|p2|Abomasnow, M|
|poke|p2|Steelix, M|
|poke|p2|Zarude|
|poke|p2|Slowbro-Galar, F|
|poke|p2|Raikou|
|rule|Sleep Clause Mod: Limit one foe put to sleep
|rule|Species Clause: Limit one of each Pokémon
|rule|OHKO Clause: OHKO moves are banned
|rule|Evasion Moves Clause: Evasion moves are banned
|rule|Endless Battle Clause: Forcing endless battles is banned
|rule|HP Percentage Mod: HP is shown in percentages
|rule|Dynamax Clause: You cannot dynamax
|teampreview
|j|+Oathkeepre
|j| The True Falcon
|j| Chicknemacnchez
|
|t:|1610396075
|start
|switch|p1a: Zarude|Zarude|100/100
|switch|p2a: Slowbro|Slowbro-Galar, F|100/100
|turn|1
|
|t:|1610396090
|move|p1a: Zarude|U-turn|p2a: Slowbro
|-damage|p2a: Slowbro|85/100
|
|t:|1610396100
|switch|p1a: Rhyperior|Rhyperior, F|100/100|[from]move: U-turn
|move|p2a: Slowbro|Sludge Bomb|p1a: Rhyperior
|-resisted|p1a: Rhyperior
|-crit|p1a: Rhyperior
|-damage|p1a: Rhyperior|90/100
|
|-heal|p1a: Rhyperior|97/100|[from] item: Leftovers
|-heal|p2a: Slowbro|91/100|[from] item: Leftovers
|upkeep
|turn|2
|j| gglrg
|
|t:|1610396111
|switch|p2a: Steelix|Steelix, M|100/100
|move|p1a: Rhyperior|Stealth Rock|p2a: Steelix
|-sidestart|p2: Lionel Mesprit|move: Stealth Rock
|
|-heal|p1a: Rhyperior|100/100|[from] item: Leftovers
|upkeep
|turn|3
|j| coronal@!
|
|t:|1610396118
|switch|p1a: Regidrago|Regidrago|100/100
|move|p2a: Steelix|Stealth Rock|p1a: Regidrago
|-sidestart|p1: flannerythicc|move: Stealth Rock
|
|upkeep
|turn|4
|
|t:|1610396126
|move|p1a: Regidrago|Dragon Energy|p2a: Steelix
|-resisted|p2a: Steelix
|-damage|p2a: Steelix|38/100
|move|p2a: Steelix|Body Press|p1a: Regidrago
|-damage|p1a: Regidrago|66/100
|
|-heal|p2a: Steelix|44/100|[from] item: Leftovers
|upkeep
|turn|5
|
|t:|1610396132
|switch|p2a: Togekiss|Togekiss, F|100/100
|move|p1a: Regidrago|Dragon Energy|p2a: Togekiss
|-immune|p2a: Togekiss
|
|upkeep
|turn|6
|
|t:|1610396138
|switch|p1a: Weezing|Weezing-Galar, M|100/100
|-damage|p1a: Weezing|88/100|[from] Stealth Rock
|switch|p2a: Steelix|Steelix, M|44/100
|-damage|p2a: Steelix|41/100|[from] Stealth Rock
|
|-heal|p1a: Weezing|94/100|[from] item: Black Sludge
|-heal|p2a: Steelix|47/100|[from] item: Leftovers
|upkeep
|turn|7
|
|t:|1610396148
|switch|p1a: Volcanion|Volcanion|100/100
|switch|p2a: Slowbro|Slowbro-Galar, F|100/100
|-damage|p2a: Slowbro|88/100|[from] Stealth Rock
|
|-heal|p2a: Slowbro|94/100|[from] item: Leftovers
|upkeep
|turn|8
|
|t:|1610396158
|switch|p1a: Rhyperior|Rhyperior, F|100/100
|-damage|p1a: Rhyperior|94/100|[from] Stealth Rock
|switch|p2a: Togekiss|Togekiss, F|100/100
|
|-heal|p1a: Rhyperior|100/100|[from] item: Leftovers
|upkeep
|turn|9
|
|t:|1610396164
|switch|p2a: Zarude|Zarude|100/100
|move|p1a: Rhyperior|Stone Edge|p2a: Zarude
|-damage|p2a: Zarude|49/100
|
|upkeep
|turn|10
|
|t:|1610396183
|move|p2a: Zarude|Power Whip|p1a: Rhyperior
|-supereffective|p1a: Rhyperior
|-damage|p1a: Rhyperior|0 fnt
|faint|p1a: Rhyperior
|
|upkeep
|l| gglrg
|
|t:|1610396195
|switch|p1a: Zarude|Zarude|100/100
|-damage|p1a: Zarude|88/100|[from] Stealth Rock
|turn|11
|
|t:|1610396198
|switch|p2a: Togekiss|Togekiss, F|100/100
|move|p1a: Zarude|U-turn|p2a: Togekiss
|-resisted|p2a: Togekiss
|-damage|p2a: Togekiss|96/100
|
|t:|1610396204
|switch|p1a: Metagross|Metagross|100/100|[from]move: U-turn
|-damage|p1a: Metagross|95/100|[from] Stealth Rock
|
|upkeep
|turn|12
|
|t:|1610396210
|switch|p2a: Slowbro|Slowbro-Galar, F|100/100
|-damage|p2a: Slowbro|88/100|[from] Stealth Rock
|move|p1a: Metagross|Meteor Mash|p2a: Slowbro
|-damage|p2a: Slowbro|58/100
|
|-heal|p2a: Slowbro|64/100|[from] item: Leftovers
|upkeep
|turn|13
|l| coronal
|
|t:|1610396213
|move|p1a: Metagross|Earthquake|p2a: Slowbro
|-supereffective|p2a: Slowbro
|-damage|p2a: Slowbro|13/100
|move|p2a: Slowbro|Slack Off|p2a: Slowbro
|-heal|p2a: Slowbro|63/100
|
|-heal|p2a: Slowbro|70/100|[from] item: Leftovers
|upkeep
|turn|14
|j| Sceptinators
|
|t:|1610396224
|move|p1a: Metagross|Earthquake|p2a: Slowbro
|-supereffective|p2a: Slowbro
|-damage|p2a: Slowbro|24/100
|move|p2a: Slowbro|Slack Off|p2a: Slowbro
|-heal|p2a: Slowbro|74/100
|
|-heal|p2a: Slowbro|80/100|[from] item: Leftovers
|upkeep
|turn|15
|j| Cinnmma
|l| Cinnmma
|l| Sceptinators
|
|t:|1610396239
|move|p1a: Metagross|Meteor Mash|p2a: Slowbro
|-damage|p2a: Slowbro|45/100
|move|p2a: Slowbro|Slack Off|p2a: Slowbro
|-heal|p2a: Slowbro|95/100
|
|-heal|p2a: Slowbro|100/100|[from] item: Leftovers
|upkeep
|turn|16
|l| Chicknemacnchez
|
|t:|1610396246
|switch|p1a: Weezing|Weezing-Galar, M|94/100
|-damage|p1a: Weezing|82/100|[from] Stealth Rock
|move|p2a: Slowbro|Flamethrower|p1a: Weezing
|-damage|p1a: Weezing|55/100
|
|-heal|p1a: Weezing|61/100|[from] item: Black Sludge
|upkeep
|turn|17
|
|t:|1610396260
|switch|p2a: Abomasnow|Abomasnow, M|100/100
|move|p1a: Weezing|Will-O-Wisp|p2a: Abomasnow
|-status|p2a: Abomasnow|brn
|
|-heal|p1a: Weezing|67/100|[from] item: Black Sludge
|-damage|p2a: Abomasnow|94/100 brn|[from] brn
|upkeep
|turn|18
|j| Heathius
|
|t:|1610396265
|switch|p1a: Volcanion|Volcanion|100/100
|move|p2a: Abomasnow|Ice Beam|p1a: Volcanion
|-resisted|p1a: Volcanion
|-damage|p1a: Volcanion|87/100
|-status|p1a: Volcanion|frz
|
|-damage|p2a: Abomasnow|88/100 brn|[from] brn
|upkeep
|turn|19
|l| Heathius
|
|t:|1610396273
|switch|p2a: Togekiss|Togekiss, F|96/100
|-curestatus|p1a: Volcanion|frz|[from] move: Steam Eruption
|move|p1a: Volcanion|Steam Eruption|p2a: Togekiss
|-damage|p2a: Togekiss|48/100
|
|upkeep
|turn|20
|
|t:|1610396283
|switch|p2a: Abomasnow|Abomasnow, M|88/100 brn
|move|p1a: Volcanion|Steam Eruption|p2a: Abomasnow
|-resisted|p2a: Abomasnow
|-damage|p2a: Abomasnow|58/100 brn
|
|-damage|p2a: Abomasnow|52/100 brn|[from] brn
|upkeep
|turn|21
|
|t:|1610396291
|move|p1a: Volcanion|Flamethrower|p2a: Abomasnow
|-supereffective|p2a: Abomasnow
|-damage|p2a: Abomasnow|0 fnt
|faint|p2a: Abomasnow
|
|upkeep
|
|t:|1610396293
|switch|p2a: Raikou|Raikou|100/100
|-damage|p2a: Raikou|88/100|[from] Stealth Rock
|-ability|p2a: Raikou|Pressure
|turn|22
|
|t:|1610396300
|switch|p1a: Metagross|Metagross|95/100
|-damage|p1a: Metagross|89/100|[from] Stealth Rock
|move|p2a: Raikou|Thunderbolt|p1a: Metagross
|-damage|p1a: Metagross|32/100
|
|-heal|p2a: Raikou|94/100|[from] item: Leftovers
|upkeep
|turn|23
|
|t:|1610396306
|move|p2a: Raikou|Thunderbolt|p1a: Metagross
|-damage|p1a: Metagross|0 fnt
|faint|p1a: Metagross
|
|-heal|p2a: Raikou|100/100|[from] item: Leftovers
|upkeep
|j| Heathius
|
|t:|1610396309
|switch|p1a: Zarude|Zarude|88/100
|-damage|p1a: Zarude|76/100|[from] Stealth Rock
|turn|24
|
|t:|1610396320
|switch|p2a: Steelix|Steelix, M|47/100
|-damage|p2a: Steelix|44/100|[from] Stealth Rock
|move|p1a: Zarude|U-turn|p2a: Steelix
|-resisted|p2a: Steelix
|-damage|p2a: Steelix|37/100
|n| Corthius|heathius
|
|t:|1610396325
|switch|p1a: Volcanion|Volcanion|87/100|[from]move: U-turn
|
|-heal|p2a: Steelix|43/100|[from] item: Leftovers
|upkeep
|turn|25
|j| Ghostricker♧0197♡
|
|t:|1610396335
|move|p1a: Volcanion|Steam Eruption|p2a: Steelix|[miss]
|-miss|p1a: Volcanion|p2a: Steelix
|move|p2a: Steelix|Body Press|p1a: Volcanion
|-damage|p1a: Volcanion|55/100
|
|-heal|p2a: Steelix|50/100|[from] item: Leftovers
|upkeep
|turn|26
|
|t:|1610396338
|move|p1a: Volcanion|Steam Eruption|p2a: Steelix
|-supereffective|p2a: Steelix
|-damage|p2a: Steelix|0 fnt
|faint|p2a: Steelix
|
|upkeep
|
|t:|1610396341
|switch|p2a: Raikou|Raikou|100/100
|-damage|p2a: Raikou|88/100|[from] Stealth Rock
|-ability|p2a: Raikou|Pressure
|turn|27
|
|t:|1610396348
|move|p2a: Raikou|Thunderbolt|p1a: Volcanion
|-supereffective|p1a: Volcanion
|-damage|p1a: Volcanion|0 fnt
|faint|p1a: Volcanion
|
|-heal|p2a: Raikou|94/100|[from] item: Leftovers
|upkeep
|
|t:|1610396352
|switch|p1a: Regidrago|Regidrago|66/100
|-damage|p1a: Regidrago|54/100|[from] Stealth Rock
|turn|28
|
|t:|1610396361
|switch|p2a: Zarude|Zarude|49/100
|move|p1a: Regidrago|Ancient Power|p2a: Zarude
|-damage|p2a: Zarude|23/100
|
|upkeep
|turn|29
|l| Ghostricker♧0197♡
|
|t:|1610396368
|switch|p1a: Weezing|Weezing-Galar, M|67/100
|-damage|p1a: Weezing|55/100|[from] Stealth Rock
|move|p2a: Zarude|Darkest Lariat|p1a: Weezing
|-resisted|p1a: Weezing
|-damage|p1a: Weezing|41/100
|
|-heal|p1a: Weezing|47/100|[from] item: Black Sludge
|upkeep
|turn|30
|j| Bonego
|
|t:|1610396381
|switch|p1a: Regidrago|Regidrago|54/100
|-damage|p1a: Regidrago|41/100|[from] Stealth Rock
|move|p2a: Zarude|U-turn|p1a: Regidrago
|-damage|p1a: Regidrago|17/100
|
|t:|1610396389
|switch|p2a: Togekiss|Togekiss, F|48/100|[from]move: U-turn
|
|upkeep
|turn|31
|
|t:|1610396394
|move|p1a: Regidrago|Ancient Power|p2a: Togekiss
|-supereffective|p2a: Togekiss
|-damage|p2a: Togekiss|4/100
|move|p2a: Togekiss|Roost|p2a: Togekiss
|-heal|p2a: Togekiss|54/100
|-singleturn|p2a: Togekiss|move: Roost
|
|upkeep
|turn|32
|
|t:|1610396399
|switch|p2a: Slowbro|Slowbro-Galar, F|100/100
|-damage|p2a: Slowbro|88/100|[from] Stealth Rock
|move|p1a: Regidrago|Ancient Power|p2a: Slowbro
|-damage|p2a: Slowbro|58/100
|-boost|p1a: Regidrago|atk|1
|-boost|p1a: Regidrago|def|1
|-boost|p1a: Regidrago|spa|1
|-boost|p1a: Regidrago|spd|1
|-boost|p1a: Regidrago|spe|1
|
|-heal|p2a: Slowbro|64/100|[from] item: Leftovers
|upkeep
|turn|33
|
|t:|1610396418
|switch|p1a: Weezing|Weezing-Galar, M|47/100
|-damage|p1a: Weezing|35/100|[from] Stealth Rock
|move|p2a: Slowbro|Sludge Bomb|p1a: Weezing
|-damage|p1a: Weezing|0 fnt
|faint|p1a: Weezing
|
|-heal|p2a: Slowbro|70/100|[from] item: Leftovers
|upkeep
|
|t:|1610396422
|switch|p1a: Zarude|Zarude|76/100
|-damage|p1a: Zarude|64/100|[from] Stealth Rock
|turn|34
|
|t:|1610396429
|switch|p2a: Zarude|Zarude|23/100
|move|p1a: Zarude|Power Whip|p2a: Zarude|[miss]
|-miss|p1a: Zarude|p2a: Zarude
|
|upkeep
|turn|35
|
|t:|1610396433
|switch|p2a: Slowbro|Slowbro-Galar, F|100/100
|-damage|p2a: Slowbro|88/100|[from] Stealth Rock
|move|p1a: Zarude|Power Whip|p2a: Slowbro
|-resisted|p2a: Slowbro
|-damage|p2a: Slowbro|68/100
|
|-heal|p2a: Slowbro|74/100|[from] item: Leftovers
|upkeep
|turn|36
|c|☆flannerythicc|gg wp
|
|t:|1610396442
|move|p1a: Zarude|Power Whip|p2a: Slowbro|[miss]
|-miss|p1a: Zarude|p2a: Slowbro
|move|p2a: Slowbro|Sludge Bomb|p1a: Zarude
|-supereffective|p1a: Zarude
|-damage|p1a: Zarude|5/100
|-status|p1a: Zarude|psn
|
|-heal|p2a: Slowbro|80/100|[from] item: Leftovers
|-damage|p1a: Zarude|0 fnt|[from] psn
|faint|p1a: Zarude
|upkeep
|
|t:|1610396444
|switch|p1a: Regidrago|Regidrago|17/100
|-damage|p1a: Regidrago|5/100|[from] Stealth Rock
|turn|37
|
|t:|1610396447
|move|p1a: Regidrago|Ancient Power|p2a: Slowbro
|-crit|p2a: Slowbro
|-damage|p2a: Slowbro|33/100
|move|p2a: Slowbro|Sludge Bomb|p1a: Regidrago
|-damage|p1a: Regidrago|0 fnt
|faint|p1a: Regidrago
|
|win|Lionel Mesprit
|n|☆flannerythicc|flannerythicc
|n|☆Lionel Mesprit|lionelmesprit
|n| Oathkeepre|oathkeepre
|n| The True Falcon|thetruefalcon
|n| Corthius|corthius
|n| Bonego|bonego
