|j|☆GelatinPrince2634
|j|☆shivzzzzz
|player|p1|GelatinPrince2634|102|1399
|player|p2|shivzzzzz|101|1116
|teamsize|p1|6
|teamsize|p2|6
|gametype|singles
|gen|8
|tier|[Gen 8] RU
|rated|
|clearpoke
|poke|p1|Aromatisse, M|
|poke|p1|Frosmoth, M|
|poke|p1|Escavalier, M|
|poke|p1|Runerigus, F|
|poke|p1|Salazzle, F|
|poke|p1|Pyukumuku, F|
|poke|p2|Vileplume, M|
|poke|p2|Salazzle, F|
|poke|p2|Jellicent, M|
|poke|p2|Galvantula, F|
|poke|p2|Cinccino, F|
|poke|p2|Gurdurr, M|
|rule|Sleep Clause Mod: Limit one foe put to sleep
|rule|Species Clause: Limit one of each Pokémon
|rule|OHKO Clause: OHKO moves are banned
|rule|Evasion Moves Clause: Evasion moves are banned
|rule|Endless Battle Clause: Forcing endless battles is banned
|rule|HP Percentage Mod: HP is shown in percentages
|rule|Dynamax Clause: You cannot dynamax
|teampreview
|
|start
|switch|p1a: Runerigus|Runerigus, F|100/100
|switch|p2a: Galvantula|Galvantula, F|100/100
|turn|1
|inactive|Battle timer is ON: inactive players will automatically lose when time's up. (requested by shivzzzzz)
|
|move|p2a: Galvantula|Sticky Web|p1a: Runerigus
|-sidestart|p1: GelatinPrince2634|move: Sticky Web
|move|p1a: Runerigus|Stealth Rock|p2a: Galvantula
|-sidestart|p2: shivzzzzz|move: Stealth Rock
|
|upkeep
|turn|2
|inactive|shivzzzzz has 120 seconds left.
|
|move|p2a: Galvantula|Energy Ball|p1a: Runerigus
|-supereffective|p1a: Runerigus
|-damage|p1a: Runerigus|49/100
|move|p1a: Runerigus|Earthquake|p2a: Galvantula
|-damage|p2a: Galvantula|38/100
|
|-heal|p1a: Runerigus|56/100|[from] item: Leftovers
|upkeep
|turn|3
|inactive|shivzzzzz has 120 seconds left.
|
|switch|p1a: Escavalier|Escavalier, M|100/100
|-activate|p1a: Escavalier|move: Sticky Web
|-unboost|p1a: Escavalier|spe|1
|move|p2a: Galvantula|Energy Ball|p1a: Escavalier
|-resisted|p1a: Escavalier
|-damage|p1a: Escavalier|96/100
|
|-heal|p1a: Escavalier|100/100|[from] item: Leftovers
|upkeep
|turn|4
|inactive|shivzzzzz has 120 seconds left.
|
|switch|p2a: Vileplume|Vileplume, M|100/100
|-damage|p2a: Vileplume|88/100|[from] Stealth Rock
|move|p1a: Escavalier|Knock Off|p2a: Vileplume
|-damage|p2a: Vileplume|65/100
|-enditem|p2a: Vileplume|Black Sludge|[from] move: Knock Off|[of] p1a: Escavalier
|
|upkeep
|turn|5
|inactive|shivzzzzz has 120 seconds left.
|
|move|p2a: Vileplume|Strength Sap|p1a: Escavalier
|-unboost|p1a: Escavalier|atk|1
|-heal|p2a: Vileplume|100/100
|move|p1a: Escavalier|Swords Dance|p1a: Escavalier
|-boost|p1a: Escavalier|atk|2
|
|upkeep
|turn|6
|inactive|shivzzzzz has 120 seconds left.
|
|move|p2a: Vileplume|Growth|p2a: Vileplume
|-boost|p2a: Vileplume|atk|1
|-boost|p2a: Vileplume|spa|1
|move|p1a: Escavalier|Megahorn|p2a: Vileplume|[miss]
|-miss|p1a: Escavalier|p2a: Vileplume
|
|upkeep
|turn|7
|inactive|shivzzzzz has 120 seconds left.
|
|move|p2a: Vileplume|Growth|p2a: Vileplume
|-boost|p2a: Vileplume|atk|1
|-boost|p2a: Vileplume|spa|1
|move|p1a: Escavalier|Swords Dance|p1a: Escavalier
|-boost|p1a: Escavalier|atk|2
|
|upkeep
|turn|8
|
|move|p2a: Vileplume|Strength Sap|p1a: Escavalier
|-unboost|p1a: Escavalier|atk|1
|move|p1a: Escavalier|Megahorn|p2a: Vileplume
|-damage|p2a: Vileplume|5/100
|
|upkeep
|turn|9
|
|move|p2a: Vileplume|Strength Sap|p1a: Escavalier
|-unboost|p1a: Escavalier|atk|1
|-heal|p2a: Vileplume|100/100
|move|p1a: Escavalier|Swords Dance|p1a: Escavalier
|-boost|p1a: Escavalier|atk|2
|
|upkeep
|turn|10
|
|move|p2a: Vileplume|Strength Sap|p1a: Escavalier
|-unboost|p1a: Escavalier|atk|1
|move|p1a: Escavalier|Swords Dance|p1a: Escavalier
|-boost|p1a: Escavalier|atk|2
|
|upkeep
|turn|11
|
|move|p2a: Vileplume|Giga Drain|p1a: Escavalier
|-resisted|p1a: Escavalier
|-damage|p1a: Escavalier|90/100
|move|p1a: Escavalier|Megahorn|p2a: Vileplume
|-damage|p2a: Vileplume|0 fnt
|faint|p2a: Vileplume
|
|-heal|p1a: Escavalier|96/100|[from] item: Leftovers
|upkeep
|
|switch|p2a: Salazzle|Salazzle, F|100/100
|turn|12
|
|switch|p1a: Pyukumuku|Pyukumuku, F|100/100
|-activate|p1a: Pyukumuku|move: Sticky Web
|-unboost|p1a: Pyukumuku|spe|1
|move|p2a: Salazzle|Fire Blast|p1a: Pyukumuku
|-resisted|p1a: Pyukumuku
|-damage|p1a: Pyukumuku|78/100
|
|-heal|p1a: Pyukumuku|84/100|[from] item: Leftovers
|upkeep
|turn|13
|
|switch|p2a: Jellicent|Jellicent, M|100/100
|-damage|p2a: Jellicent|88/100|[from] Stealth Rock
|move|p1a: Pyukumuku|Spite||[still]
|-fail|p1a: Pyukumuku
|
|-heal|p1a: Pyukumuku|90/100|[from] item: Leftovers
|upkeep
|turn|14
|
|move|p2a: Jellicent|Will-O-Wisp|p1a: Pyukumuku
|-status|p1a: Pyukumuku|brn
|move|p1a: Pyukumuku|Toxic|p2a: Jellicent
|-status|p2a: Jellicent|tox
|
|-heal|p1a: Pyukumuku|96/100 brn|[from] item: Leftovers
|-damage|p2a: Jellicent|82/100 tox|[from] psn
|-damage|p1a: Pyukumuku|90/100 brn|[from] brn
|upkeep
|turn|15
|inactive|GelatinPrince2634 has 120 seconds left.
|
|switch|p1a: Aromatisse|Aromatisse, M|100/100
|-activate|p1a: Aromatisse|move: Sticky Web
|-unboost|p1a: Aromatisse|spe|1
|move|p2a: Jellicent|Taunt|p1a: Aromatisse
|-block|p1a: Aromatisse|ability: Aroma Veil|[of] p1a: Aromatisse
|
|-damage|p2a: Jellicent|70/100 tox|[from] psn
|upkeep
|turn|16
|
|move|p2a: Jellicent|Will-O-Wisp|p1a: Aromatisse
|-status|p1a: Aromatisse|brn
|move|p1a: Aromatisse|Wish|p1a: Aromatisse
|
|-damage|p2a: Jellicent|51/100 tox|[from] psn
|-damage|p1a: Aromatisse|94/100 brn|[from] brn
|upkeep
|turn|17
|
|switch|p1a: Runerigus|Runerigus, F|56/100
|-activate|p1a: Runerigus|move: Sticky Web
|-unboost|p1a: Runerigus|spe|1
|move|p2a: Jellicent|Recover|p2a: Jellicent
|-heal|p2a: Jellicent|100/100 tox
|
|-heal|p1a: Runerigus|100/100|[from] move: Wish|[wisher] Aromatisse
|-damage|p2a: Jellicent|76/100 tox|[from] psn
|upkeep
|turn|18
|
|switch|p1a: Aromatisse|Aromatisse, M|94/100 brn
|-activate|p1a: Aromatisse|move: Sticky Web
|-unboost|p1a: Aromatisse|spe|1
|move|p2a: Jellicent|Will-O-Wisp|p1a: Aromatisse
|-fail|p1a: Aromatisse|brn
|
|-heal|p1a: Aromatisse|100/100 brn|[from] item: Leftovers
|-damage|p2a: Jellicent|45/100 tox|[from] psn
|-damage|p1a: Aromatisse|94/100 brn|[from] brn
|upkeep
|turn|19
|
|switch|p2a: Salazzle|Salazzle, F|100/100
|move|p1a: Aromatisse|Wish|p1a: Aromatisse
|
|-heal|p1a: Aromatisse|100/100 brn|[from] item: Leftovers
|-damage|p1a: Aromatisse|94/100 brn|[from] brn
|upkeep
|turn|20
|
|switch|p1a: Pyukumuku|Pyukumuku, F|90/100 brn
|-activate|p1a: Pyukumuku|move: Sticky Web
|-unboost|p1a: Pyukumuku|spe|1
|move|p2a: Salazzle|Nasty Plot|p2a: Salazzle
|-boost|p2a: Salazzle|spa|2
|
|-heal|p1a: Pyukumuku|100/100 brn|[from] move: Wish|[wisher] Aromatisse
|-damage|p1a: Pyukumuku|94/100 brn|[from] brn
|upkeep
|turn|21
|
|move|p2a: Salazzle|Nasty Plot|p2a: Salazzle
|-boost|p2a: Salazzle|spa|2
|move|p1a: Pyukumuku|Block|p2a: Salazzle
|-activate|p2a: Salazzle|trapped
|
|-heal|p1a: Pyukumuku|100/100 brn|[from] item: Leftovers
|-damage|p1a: Pyukumuku|94/100 brn|[from] brn
|upkeep
|turn|22
|c|☆GelatinPrince2634|you tried
|
|move|p2a: Salazzle|Nasty Plot|p2a: Salazzle
|-boost|p2a: Salazzle|spa|2
|move|p1a: Pyukumuku|Spite|p2a: Salazzle
|-activate|p2a: Salazzle|move: Spite|Nasty Plot|4
|
|-heal|p1a: Pyukumuku|100/100 brn|[from] item: Leftovers
|-damage|p1a: Pyukumuku|94/100 brn|[from] brn
|upkeep
|turn|23
|
|move|p2a: Salazzle|Nasty Plot|p2a: Salazzle
|-boost|p2a: Salazzle|spa|0
|move|p1a: Pyukumuku|Spite|p2a: Salazzle
|-activate|p2a: Salazzle|move: Spite|Nasty Plot|4
|
|-heal|p1a: Pyukumuku|100/100 brn|[from] item: Leftovers
|-damage|p1a: Pyukumuku|94/100 brn|[from] brn
|upkeep
|turn|24
|
|move|p2a: Salazzle|Sludge Wave|p1a: Pyukumuku
|-damage|p1a: Pyukumuku|53/100 brn
|move|p1a: Pyukumuku|Spite|p2a: Salazzle
|-activate|p2a: Salazzle|move: Spite|Sludge Wave|4
|
|-heal|p1a: Pyukumuku|59/100 brn|[from] item: Leftovers
|-damage|p1a: Pyukumuku|53/100 brn|[from] brn
|upkeep
|turn|25
|
|move|p2a: Salazzle|Sludge Wave|p1a: Pyukumuku
|-damage|p1a: Pyukumuku|17/100 brn
|move|p1a: Pyukumuku|Recover|p1a: Pyukumuku
|-heal|p1a: Pyukumuku|67/100 brn
|
|-heal|p1a: Pyukumuku|73/100 brn|[from] item: Leftovers
|-damage|p1a: Pyukumuku|67/100 brn|[from] brn
|upkeep
|turn|26
|
|move|p2a: Salazzle|Sludge Wave|p1a: Pyukumuku
|-damage|p1a: Pyukumuku|28/100 brn
|move|p1a: Pyukumuku|Recover|p1a: Pyukumuku
|-heal|p1a: Pyukumuku|78/100 brn
|
|-heal|p1a: Pyukumuku|84/100 brn|[from] item: Leftovers
|-damage|p1a: Pyukumuku|78/100 brn|[from] brn
|upkeep
|turn|27
|
|move|p2a: Salazzle|Fire Blast|p1a: Pyukumuku
|-resisted|p1a: Pyukumuku
|-damage|p1a: Pyukumuku|55/100 brn
|move|p1a: Pyukumuku|Recover|p1a: Pyukumuku
|-heal|p1a: Pyukumuku|100/100 brn
|
|-damage|p1a: Pyukumuku|94/100 brn|[from] brn
|upkeep
|turn|28
|
|move|p2a: Salazzle|Sludge Wave|p1a: Pyukumuku
|-damage|p1a: Pyukumuku|59/100 brn
|move|p1a: Pyukumuku|Spite|p2a: Salazzle
|-activate|p2a: Salazzle|move: Spite|Sludge Wave|4
|
|-heal|p1a: Pyukumuku|65/100 brn|[from] item: Leftovers
|-damage|p1a: Pyukumuku|59/100 brn|[from] brn
|upkeep
|turn|29
|
|move|p2a: Salazzle|Sludge Wave|p1a: Pyukumuku
|-damage|p1a: Pyukumuku|17/100 brn
|move|p1a: Pyukumuku|Recover|p1a: Pyukumuku
|-heal|p1a: Pyukumuku|67/100 brn
|
|-heal|p1a: Pyukumuku|73/100 brn|[from] item: Leftovers
|-damage|p1a: Pyukumuku|67/100 brn|[from] brn
|upkeep
|turn|30
|
|move|p2a: Salazzle|Sludge Wave|p1a: Pyukumuku
|-damage|p1a: Pyukumuku|32/100 brn
|move|p1a: Pyukumuku|Recover|p1a: Pyukumuku
|-heal|p1a: Pyukumuku|82/100 brn
|
|-heal|p1a: Pyukumuku|88/100 brn|[from] item: Leftovers
|-damage|p1a: Pyukumuku|82/100 brn|[from] brn
|upkeep
|turn|31
|
|move|p2a: Salazzle|Sludge Wave|p1a: Pyukumuku
|-damage|p1a: Pyukumuku|42/100 brn
|move|p1a: Pyukumuku|Recover|p1a: Pyukumuku
|-heal|p1a: Pyukumuku|92/100 brn
|
|-heal|p1a: Pyukumuku|98/100 brn|[from] item: Leftovers
|-damage|p1a: Pyukumuku|92/100 brn|[from] brn
|upkeep
|turn|32
|
|move|p2a: Salazzle|Sludge Wave|p1a: Pyukumuku
|-damage|p1a: Pyukumuku|51/100 brn
|move|p1a: Pyukumuku|Spite||[still]
|-fail|p1a: Pyukumuku
|
|-heal|p1a: Pyukumuku|57/100 brn|[from] item: Leftovers
|-damage|p1a: Pyukumuku|51/100 brn|[from] brn
|upkeep
|turn|33
|
|move|p2a: Salazzle|Fire Blast|p1a: Pyukumuku
|-resisted|p1a: Pyukumuku
|-damage|p1a: Pyukumuku|30/100 brn
|move|p1a: Pyukumuku|Recover|p1a: Pyukumuku
|-heal|p1a: Pyukumuku|80/100 brn
|
|-heal|p1a: Pyukumuku|86/100 brn|[from] item: Leftovers
|-damage|p1a: Pyukumuku|80/100 brn|[from] brn
|upkeep
|turn|34
|
|move|p2a: Salazzle|Fire Blast|p1a: Pyukumuku
|-resisted|p1a: Pyukumuku
|-damage|p1a: Pyukumuku|60/100 brn
|move|p1a: Pyukumuku|Spite|p2a: Salazzle
|-activate|p2a: Salazzle|move: Spite|Fire Blast|4
|
|-heal|p1a: Pyukumuku|66/100 brn|[from] item: Leftovers
|-damage|p1a: Pyukumuku|60/100 brn|[from] brn
|upkeep
|turn|35
|
|move|p2a: Salazzle|Nasty Plot|p2a: Salazzle
|-boost|p2a: Salazzle|spa|0
|move|p1a: Pyukumuku|Recover|p1a: Pyukumuku
|-heal|p1a: Pyukumuku|100/100 brn
|
|-damage|p1a: Pyukumuku|94/100 brn|[from] brn
|upkeep
|turn|36
|
|move|p2a: Salazzle|Nasty Plot|p2a: Salazzle
|-boost|p2a: Salazzle|spa|0
|move|p1a: Pyukumuku|Spite|p2a: Salazzle
|-activate|p2a: Salazzle|move: Spite|Nasty Plot|4
|
|-heal|p1a: Pyukumuku|100/100 brn|[from] item: Leftovers
|-damage|p1a: Pyukumuku|94/100 brn|[from] brn
|upkeep
|turn|37
|
|move|p2a: Salazzle|Nasty Plot|p2a: Salazzle
|-boost|p2a: Salazzle|spa|0
|move|p1a: Pyukumuku|Spite|p2a: Salazzle
|-activate|p2a: Salazzle|move: Spite|Nasty Plot|4
|
|-heal|p1a: Pyukumuku|100/100 brn|[from] item: Leftovers
|-damage|p1a: Pyukumuku|94/100 brn|[from] brn
|upkeep
|turn|38
|
|move|p2a: Salazzle|Nasty Plot|p2a: Salazzle
|-boost|p2a: Salazzle|spa|0
|move|p1a: Pyukumuku|Spite|p2a: Salazzle
|-activate|p2a: Salazzle|move: Spite|Nasty Plot|4
|
|-heal|p1a: Pyukumuku|100/100 brn|[from] item: Leftovers
|-damage|p1a: Pyukumuku|94/100 brn|[from] brn
|upkeep
|turn|39
|
|move|p2a: Salazzle|Nasty Plot|p2a: Salazzle
|-boost|p2a: Salazzle|spa|0
|move|p1a: Pyukumuku|Spite|p2a: Salazzle
|-activate|p2a: Salazzle|move: Spite|Nasty Plot|3
|
|-heal|p1a: Pyukumuku|100/100 brn|[from] item: Leftovers
|-damage|p1a: Pyukumuku|94/100 brn|[from] brn
|upkeep
|turn|40
|
|move|p2a: Salazzle|Toxic||[still]
|-fail|p2a: Salazzle
|move|p1a: Pyukumuku|Spite|p2a: Salazzle
|-activate|p2a: Salazzle|move: Spite|Toxic|4
|
|-heal|p1a: Pyukumuku|100/100 brn|[from] item: Leftovers
|-damage|p1a: Pyukumuku|94/100 brn|[from] brn
|upkeep
|turn|41
|-message|shivzzzzz forfeited.
|
|win|GelatinPrince2634
|l|☆shivzzzzz
||Ladder (probably) updated, but score could not be retrieved (Response not received).
