|j|☆Davicin
|j|☆carbonlifeformmeme
|t:|1647022487
|gametype|singles
|player|p1|Davicin|265|1306
|player|p2|carbonlifeformmeme|266|1454
|teamsize|p1|6
|teamsize|p2|6
|gen|8
|tier|[Gen 8] RU
|rated|
|rule|Sleep Clause Mod: Limit one foe put to sleep
|rule|Species Clause: Limit one of each Pokémon
|rule|OHKO Clause: OHKO moves are banned
|rule|Evasion Moves Clause: Evasion moves are banned
|rule|Endless Battle Clause: Forcing endless battles is banned
|rule|HP Percentage Mod: HP is shown in percentages
|rule|Dynamax Clause: You cannot dynamax
|clearpoke
|poke|p1|Sandslash-Alola, F|
|poke|p1|Chandelure, M|
|poke|p1|Abomasnow, M|
|poke|p1|Vanilluxe, F|
|poke|p1|Arctovish|
|poke|p1|Flygon, M|
|poke|p2|Tsareena, F|
|poke|p2|Nidoqueen, F|
|poke|p2|Lucario, M|
|poke|p2|Milotic, M|
|poke|p2|Mimikyu, F|
|poke|p2|Noivern, M|
|teampreview
|
|t:|1647022511
|start
|switch|p1a: Abomasnow|Abomasnow, M, shiny|100/100
|switch|p2a: Lucario|Lucario, M|100/100
|-weather|Hail|[from] ability: Snow Warning|[of] p1a: Abomasnow
|turn|1
|
|t:|1647022520
|switch|p1a: Chandelure|Chandelure, M, shiny|100/100
|move|p2a: Lucario|Meteor Mash|p1a: Chandelure
|-resisted|p1a: Chandelure
|-damage|p1a: Chandelure|55/100
|-boost|p2a: Lucario|atk|1
|
|-weather|Hail|[upkeep]
|-damage|p1a: Chandelure|48/100|[from] Hail
|-damage|p2a: Lucario|94/100|[from] Hail
|upkeep
|turn|2
|
|t:|1647022535
|switch|p2a: Milotic|Milotic, M|100/100
|move|p1a: Chandelure|Heat Wave|p2a: Milotic
|-resisted|p2a: Milotic
|-damage|p2a: Milotic|80/100
|
|-weather|Hail|[upkeep]
|-damage|p1a: Chandelure|42/100|[from] Hail
|-damage|p2a: Milotic|74/100|[from] Hail
|-heal|p2a: Milotic|80/100|[from] item: Leftovers
|upkeep
|turn|3
|
|t:|1647022545
|switch|p1a: Vanilluxe|Vanilluxe, F|100/100
|move|p2a: Milotic|Flip Turn|p1a: Vanilluxe
|-damage|p1a: Vanilluxe|83/100
|
|t:|1647022568
|switch|p2a: Lucario|Lucario, M|94/100|[from]move: Flip Turn
|
|-weather|Hail|[upkeep]
|-damage|p2a: Lucario|88/100|[from] Hail
|upkeep
|turn|4
|
|t:|1647022578
|switch|p1a: Flygon|Flygon, M, shiny|100/100
|move|p2a: Lucario|Meteor Mash|p1a: Flygon
|-damage|p1a: Flygon|26/100
|
|-weather|Hail|[upkeep]
|-damage|p1a: Flygon|20/100|[from] Hail
|-damage|p2a: Lucario|82/100|[from] Hail
|-heal|p1a: Flygon|26/100|[from] item: Leftovers
|upkeep
|turn|5
|
|t:|1647022591
|switch|p2a: Noivern|Noivern, M|100/100
|-item|p1a: Flygon|Leftovers|[from] ability: Frisk|[of] p2a: Noivern|[identify]
|move|p1a: Flygon|Earthquake|p2a: Noivern
|-immune|p2a: Noivern
|
|-weather|Hail|[upkeep]
|-damage|p2a: Noivern|94/100|[from] Hail
|-damage|p1a: Flygon|20/100|[from] Hail
|-heal|p1a: Flygon|26/100|[from] item: Leftovers
|upkeep
|turn|6
|
|t:|1647022604
|move|p2a: Noivern|U-turn|p1a: Flygon
|-damage|p1a: Flygon|13/100
|
|t:|1647022610
|switch|p2a: Tsareena|Tsareena, F|100/100|[from]move: U-turn
|move|p1a: Flygon|U-turn|p2a: Tsareena
|-supereffective|p2a: Tsareena
|-damage|p2a: Tsareena|69/100
|
|t:|1647022617
|switch|p1a: Sandslash|Sandslash-Alola, F, shiny|100/100|[from]move: U-turn
|
|-weather|Hail|[upkeep]
|-damage|p2a: Tsareena|63/100|[from] Hail
|upkeep
|turn|7
|
|t:|1647022628
|switch|p2a: Milotic|Milotic, M|80/100
|move|p1a: Sandslash|Swords Dance|p1a: Sandslash
|-boost|p1a: Sandslash|atk|2
|
|-weather|Hail|[upkeep]
|-damage|p2a: Milotic|74/100|[from] Hail
|-heal|p2a: Milotic|80/100|[from] item: Leftovers
|upkeep
|turn|8
|
|t:|1647022639
|move|p1a: Sandslash|Knock Off|p2a: Milotic
|-damage|p2a: Milotic|28/100
|-enditem|p2a: Milotic|Leftovers|[from] move: Knock Off|[of] p1a: Sandslash
|-damage|p1a: Sandslash|91/100|[from] item: Life Orb
|move|p2a: Milotic|Flip Turn|p1a: Sandslash
|-damage|p1a: Sandslash|79/100
|
|t:|1647022651
|switch|p2a: Noivern|Noivern, M|94/100|[from]move: Flip Turn
|-item|p1a: Sandslash|Life Orb|[from] ability: Frisk|[of] p2a: Noivern|[identify]
|
|-weather|none
|upkeep
|turn|9
|
|t:|1647022659
|switch|p1a: Flygon|Flygon, M, shiny|13/100
|move|p2a: Noivern|Flamethrower|p1a: Flygon
|-resisted|p1a: Flygon
|-damage|p1a: Flygon|0 fnt
|faint|p1a: Flygon
|
|upkeep
|
|t:|1647022670
|switch|p1a: Vanilluxe|Vanilluxe, F|83/100
|-weather|Hail|[from] ability: Snow Warning|[of] p1a: Vanilluxe
|turn|10
|
|t:|1647022678
|move|p2a: Noivern|Flamethrower|p1a: Vanilluxe
|-supereffective|p1a: Vanilluxe
|-damage|p1a: Vanilluxe|0 fnt
|faint|p1a: Vanilluxe
|
|-weather|Hail|[upkeep]
|-damage|p2a: Noivern|88/100|[from] Hail
|upkeep
|inactive|Battle timer is ON: inactive players will automatically lose when time's up. (requested by Davicin)
|
|t:|1647022688
|switch|p1a: Arctovish|Arctovish, shiny|100/100
|turn|11
|
|t:|1647022692
|switch|p2a: Milotic|Milotic, M|28/100
|move|p1a: Arctovish|Fishious Rend|p2a: Milotic
|-resisted|p2a: Milotic
|-damage|p2a: Milotic|0 fnt
|faint|p2a: Milotic
|
|-weather|Hail|[upkeep]
|upkeep
|
|t:|1647022699
|switch|p2a: Mimikyu|Mimikyu, F|100/100
|turn|12
|
|t:|1647022703
|move|p1a: Arctovish|Fishious Rend|p2a: Mimikyu
|-activate|p2a: Mimikyu|ability: Disguise
|-damage|p2a: Mimikyu|100/100
|detailschange|p2a: Mimikyu|Mimikyu-Busted, F
|-damage|p2a: Mimikyu|88/100|[from] pokemon: Mimikyu-Busted
|move|p2a: Mimikyu|Play Rough|p1a: Arctovish
|-damage|p1a: Arctovish|47/100
|-damage|p2a: Mimikyu|78/100|[from] item: Life Orb
|
|-weather|Hail|[upkeep]
|-damage|p2a: Mimikyu|72/100|[from] Hail
|upkeep
|turn|13
|
|t:|1647022716
|move|p2a: Mimikyu|Shadow Sneak|p1a: Arctovish
|-damage|p1a: Arctovish|25/100
|-damage|p2a: Mimikyu|62/100|[from] item: Life Orb
|move|p1a: Arctovish|Fishious Rend|p2a: Mimikyu
|-damage|p2a: Mimikyu|0 fnt
|faint|p2a: Mimikyu
|
|-weather|Hail|[upkeep]
|upkeep
|inactive|carbonlifeformmeme has 120 seconds left.
|
|t:|1647022741
|switch|p2a: Lucario|Lucario, M|82/100
|turn|14
|
|t:|1647022748
|switch|p1a: Chandelure|Chandelure, M, shiny|42/100
|move|p2a: Lucario|Bullet Punch|p1a: Chandelure
|-resisted|p1a: Chandelure
|-damage|p1a: Chandelure|22/100
|
|-weather|none
|upkeep
|turn|15
|
|t:|1647022756
|switch|p2a: Nidoqueen|Nidoqueen, F|100/100
|move|p1a: Chandelure|Heat Wave|p2a: Nidoqueen
|-damage|p2a: Nidoqueen|60/100
|-status|p2a: Nidoqueen|brn
|
|-heal|p2a: Nidoqueen|66/100 brn|[from] item: Black Sludge
|-damage|p2a: Nidoqueen|60/100 brn|[from] brn
|upkeep
|turn|16
|
|t:|1647022769
|switch|p1a: Abomasnow|Abomasnow, M, shiny|100/100
|-weather|Hail|[from] ability: Snow Warning|[of] p1a: Abomasnow
|move|p2a: Nidoqueen|Stealth Rock|p1a: Abomasnow
|-sidestart|p1: Davicin|move: Stealth Rock
|
|-weather|Hail|[upkeep]
|-damage|p2a: Nidoqueen|53/100 brn|[from] Hail
|-heal|p2a: Nidoqueen|60/100 brn|[from] item: Black Sludge
|-damage|p2a: Nidoqueen|53/100 brn|[from] brn
|upkeep
|turn|17
|
|t:|1647022781
|move|p1a: Abomasnow|Aurora Veil|p1a: Abomasnow
|-sidestart|p1: Davicin|move: Aurora Veil
|move|p2a: Nidoqueen|Ice Beam|p1a: Abomasnow
|-damage|p1a: Abomasnow|87/100
|
|-weather|Hail|[upkeep]
|-damage|p2a: Nidoqueen|47/100 brn|[from] Hail
|-heal|p2a: Nidoqueen|53/100 brn|[from] item: Black Sludge
|-damage|p2a: Nidoqueen|47/100 brn|[from] brn
|upkeep
|turn|18
|inactive|carbonlifeformmeme has 120 seconds left.
|
|t:|1647022835
|switch|p1a: Sandslash|Sandslash-Alola, F, shiny|79/100
|-damage|p1a: Sandslash|66/100|[from] Stealth Rock
|move|p2a: Nidoqueen|Ice Beam|p1a: Sandslash
|-resisted|p1a: Sandslash
|-damage|p1a: Sandslash|63/100
|
|-weather|Hail|[upkeep]
|-damage|p2a: Nidoqueen|41/100 brn|[from] Hail
|-heal|p2a: Nidoqueen|47/100 brn|[from] item: Black Sludge
|-damage|p2a: Nidoqueen|41/100 brn|[from] brn
|upkeep
|turn|19
|inactive|carbonlifeformmeme has 90 seconds left.
|
|t:|1647022853
|move|p1a: Sandslash|Triple Axel|p2a: Nidoqueen
|-supereffective|p2a: Nidoqueen
|-damage|p2a: Nidoqueen|16/100 brn
|-supereffective|p2a: Nidoqueen
|-damage|p2a: Nidoqueen|0 fnt
|faint|p2a: Nidoqueen
|-hitcount|p2: Nidoqueen|2
|-damage|p1a: Sandslash|53/100|[from] item: Life Orb
|
|-weather|Hail|[upkeep]
|upkeep
|inactive|carbonlifeformmeme has 90 seconds left.
|inactive|carbonlifeformmeme has 60 seconds left.
|
|t:|1647022913
|switch|p2a: Lucario|Lucario, M|82/100
|turn|20
|
|t:|1647022918
|move|p1a: Sandslash|Earthquake|p2a: Lucario
|-supereffective|p2a: Lucario
|-damage|p2a: Lucario|0 fnt
|faint|p2a: Lucario
|-damage|p1a: Sandslash|43/100|[from] item: Life Orb
|
|-weather|Hail|[upkeep]
|upkeep
|-message|carbonlifeformmeme forfeited.
|
|win|Davicin
|raw|Davicin's rating: 1306 &rarr; <strong>1334</strong><br />(+28 for winning)
|raw|carbonlifeformmeme's rating: 1454 &rarr; <strong>1426</strong><br />(-28 for losing)
|l|☆carbonlifeformmeme
||Ladder isn't responding, score probably updated but might not have (Request timeout).
