|j|☆Mac3
|j|☆Garglesoc
|player|p1|Mac3|279|1534
|player|p2|Garglesoc|1|1627
|teamsize|p1|6
|teamsize|p2|6
|gametype|singles
|gen|8
|tier|[Gen 8] RU
|rated|
|clearpoke
|poke|p1|Roselia, M|
|poke|p1|Silvally-*|
|poke|p1|Xatu, F|
|poke|p1|Rhydon, M|
|poke|p1|Aromatisse, F|
|poke|p1|Drapion, F|
|poke|p2|Drampa, F|
|poke|p2|Vileplume, F|
|poke|p2|Piloswine, F|
|poke|p2|Passimian, M|
|poke|p2|Charizard, F|
|poke|p2|Drapion, M|
|rule|Sleep Clause Mod: Limit one foe put to sleep
|rule|Species Clause: Limit one of each Pokémon
|rule|OHKO Clause: OHKO moves are banned
|rule|Evasion Moves Clause: Evasion moves are banned
|rule|Endless Battle Clause: Forcing endless battles is banned
|rule|HP Percentage Mod: HP is shown in percentages
|rule|Dynamax Clause: You cannot dynamax
|teampreview
|
|start
|switch|p1a: Roselia|Roselia, M|100/100
|switch|p2a: Piloswine|Piloswine, F|100/100
|turn|1
|
|move|p1a: Roselia|Giga Drain|p2a: Piloswine
|-supereffective|p2a: Piloswine
|-damage|p2a: Piloswine|72/100
|move|p2a: Piloswine|Stealth Rock|p1a: Roselia
|-sidestart|p1: Mac3|move: Stealth Rock
|
|upkeep
|turn|2
|
|switch|p2a: Drapion|Drapion, M|100/100
|move|p1a: Roselia|Giga Drain|p2a: Drapion
|-resisted|p2a: Drapion
|-damage|p2a: Drapion|82/100
|
|upkeep
|turn|3
|
|move|p2a: Drapion|Knock Off|p1a: Roselia
|-damage|p1a: Roselia|67/100
|-enditem|p1a: Roselia|Eviolite|[from] move: Knock Off|[of] p2a: Drapion
|move|p1a: Roselia|Spikes|p2a: Drapion
|-sidestart|p2: Garglesoc|Spikes
|
|upkeep
|turn|4
|
|move|p2a: Drapion|Swords Dance|p2a: Drapion
|-boost|p2a: Drapion|atk|2
|move|p1a: Roselia|Spikes|p2a: Drapion
|-sidestart|p2: Garglesoc|Spikes
|
|upkeep
|turn|5
|
|switch|p1a: Rhydon|Rhydon, M|100/100
|-damage|p1a: Rhydon|94/100|[from] Stealth Rock
|move|p2a: Drapion|Knock Off|p1a: Rhydon
|-damage|p1a: Rhydon|58/100
|-enditem|p1a: Rhydon|Eviolite|[from] move: Knock Off|[of] p2a: Drapion
|
|upkeep
|turn|6
|
|move|p2a: Drapion|Earthquake|p1a: Rhydon
|-supereffective|p1a: Rhydon
|-damage|p1a: Rhydon|0 fnt
|faint|p1a: Rhydon
|
|upkeep
|
|switch|p1a: Silvally|Silvally-Dragon|100/100
|-damage|p1a: Silvally|88/100|[from] Stealth Rock
|turn|7
|
|move|p2a: Drapion|Poison Jab|p1a: Silvally
|-damage|p1a: Silvally|7/100
|move|p1a: Silvally|Multi-Attack|p2a: Drapion
|-damage|p2a: Drapion|41/100
|
|upkeep
|turn|8
|
|move|p2a: Drapion|Poison Jab|p1a: Silvally
|-damage|p1a: Silvally|0 fnt
|faint|p1a: Silvally
|
|upkeep
|
|switch|p1a: Drapion|Drapion, F|100/100
|-damage|p1a: Drapion|88/100|[from] Stealth Rock
|turn|9
|
|move|p1a: Drapion|Earthquake|p2a: Drapion
|-supereffective|p2a: Drapion
|-enditem|p2a: Drapion|Shuca Berry|[eat]
|-enditem|p2a: Drapion|Shuca Berry|[weaken]
|-damage|p2a: Drapion|13/100
|move|p2a: Drapion|Earthquake|p1a: Drapion
|-supereffective|p1a: Drapion
|-damage|p1a: Drapion|0 fnt
|faint|p1a: Drapion
|
|upkeep
|
|switch|p1a: Xatu|Xatu, F|100/100
|-damage|p1a: Xatu|76/100|[from] Stealth Rock
|turn|10
|c|☆Mac3|gg, idk why i thought it was scarf
|
|move|p2a: Drapion|Knock Off|p1a: Xatu
|-supereffective|p1a: Xatu
|-damage|p1a: Xatu|0 fnt
|-damage|p2a: Drapion|0 fnt|[from] item: Rocky Helmet|[of] p1a: Xatu
|faint|p1a: Xatu
|faint|p2a: Drapion
|
|upkeep
|
|switch|p2a: Charizard|Charizard, F|100/100
|switch|p1a: Roselia|Roselia, M|67/100
|-damage|p1a: Roselia|54/100|[from] Stealth Rock
|turn|11
|
|switch|p1a: Aromatisse|Aromatisse, F|100/100
|-damage|p1a: Aromatisse|88/100|[from] Stealth Rock
|move|p2a: Charizard|Flamethrower|p1a: Aromatisse
|-damage|p1a: Aromatisse|47/100
|
|-heal|p1a: Aromatisse|53/100|[from] item: Leftovers
|upkeep
|turn|12
|
|move|p2a: Charizard|Defog|p1a: Aromatisse
|-unboost|p1a: Aromatisse|evasion|1
|-sideend|p1: Mac3|Stealth Rock|[from] move: Defog|[of] p2a: Charizard
|-sideend|p2: Garglesoc|Spikes|[from] move: Defog|[of] p2a: Charizard
|move|p1a: Aromatisse|Wish|p1a: Aromatisse
|
|-heal|p1a: Aromatisse|60/100|[from] item: Leftovers
|upkeep
|turn|13
|
|move|p2a: Charizard|Flamethrower|p1a: Aromatisse
|-damage|p1a: Aromatisse|20/100
|move|p1a: Aromatisse|Moonblast|p2a: Charizard
|-resisted|p2a: Charizard
|-damage|p2a: Charizard|78/100
|
|-heal|p1a: Aromatisse|70/100|[from] move: Wish|[wisher] Aromatisse
|-heal|p1a: Aromatisse|77/100|[from] item: Leftovers
|upkeep
|turn|14
|
|move|p2a: Charizard|Flamethrower|p1a: Aromatisse
|-damage|p1a: Aromatisse|38/100
|move|p1a: Aromatisse|Wish|p1a: Aromatisse
|
|-heal|p1a: Aromatisse|44/100|[from] item: Leftovers
|upkeep
|turn|15
|
|move|p2a: Charizard|Flamethrower|p1a: Aromatisse
|-damage|p1a: Aromatisse|8/100
|move|p1a: Aromatisse|Moonblast|p2a: Charizard
|-resisted|p2a: Charizard
|-damage|p2a: Charizard|56/100
|
|-heal|p1a: Aromatisse|58/100|[from] move: Wish|[wisher] Aromatisse
|-heal|p1a: Aromatisse|64/100|[from] item: Leftovers
|upkeep
|turn|16
|
|switch|p2a: Vileplume|Vileplume, F|100/100
|move|p1a: Aromatisse|Wish|p1a: Aromatisse
|
|-heal|p1a: Aromatisse|70/100|[from] item: Leftovers
|upkeep
|turn|17
|
|switch|p1a: Roselia|Roselia, M|54/100
|move|p2a: Vileplume|Sludge Bomb|p1a: Roselia
|-damage|p1a: Roselia|10/100
|
|-heal|p1a: Roselia|76/100|[from] move: Wish|[wisher] Aromatisse
|upkeep
|turn|18
|
|move|p1a: Roselia|Sludge Bomb|p2a: Vileplume
|-damage|p2a: Vileplume|70/100
|move|p2a: Vileplume|Sludge Bomb|p1a: Roselia
|-damage|p1a: Roselia|29/100
|
|-heal|p2a: Vileplume|76/100|[from] item: Black Sludge
|upkeep
|turn|19
|c|☆Mac3|gg
|c|☆Garglesoc|gg
|-message|Mac3 forfeited.
|
|win|Garglesoc
|l|☆Mac3
|raw|Mac3's rating: 1534 &rarr; <strong>1519</strong><br />(-15 for losing)
|raw|Garglesoc's rating: 1627 &rarr; <strong>1642</strong><br />(+15 for winning)
