|j|☆Dollarsalt
|j|☆don drapion
|player|p1|Dollarsalt|pokekid|1616
|player|p2|don drapion|169|1380
|teamsize|p1|6
|teamsize|p2|6
|gametype|singles
|gen|8
|tier|[Gen 8] RU
|rated|
|clearpoke
|poke|p1|Sableye, F|
|poke|p1|Gigalith, F|
|poke|p1|Vileplume, F|
|poke|p1|Vaporeon, M|
|poke|p1|Xatu, M|
|poke|p1|Salazzle, F|
|poke|p2|Toxicroak, M|
|poke|p2|Musharna, F|
|poke|p2|Vikavolt, M|
|poke|p2|Golurk|
|poke|p2|Rillaboom, F|
|poke|p2|Gigalith, M|
|rule|Sleep Clause Mod: Limit one foe put to sleep
|rule|Species Clause: Limit one of each Pokémon
|rule|OHKO Clause: OHKO moves are banned
|rule|Evasion Moves Clause: Evasion moves are banned
|rule|Endless Battle Clause: Forcing endless battles is banned
|rule|HP Percentage Mod: HP is shown in percentages
|rule|Dynamax Clause: You cannot dynamax
|teampreview
|c|☆Dollarsalt|Gl
|inactive|Battle timer is ON: inactive players will automatically lose when time's up. (requested by Dollarsalt)
|inactive|don drapion has 120 seconds left.
|
|start
|switch|p1a: Vileplume|Vileplume, F|100/100
|switch|p2a: Vikavolt|Vikavolt, M|100/100
|turn|1
|
|move|p1a: Vileplume|Sludge Bomb|p2a: Vikavolt
|-damage|p2a: Vikavolt|57/100
|move|p2a: Vikavolt|Bug Buzz|p1a: Vileplume
|-damage|p1a: Vileplume|47/100
|
|-heal|p1a: Vileplume|53/100|[from] item: Black Sludge
|upkeep
|turn|2
|
|switch|p2a: Toxicroak|Toxicroak, M|100/100
|move|p1a: Vileplume|Sludge Bomb|p2a: Toxicroak
|-resisted|p2a: Toxicroak
|-damage|p2a: Toxicroak|75/100
|
|-heal|p1a: Vileplume|59/100|[from] item: Black Sludge
|upkeep
|turn|3
|
|switch|p1a: Sableye|Sableye, F|100/100
|move|p2a: Toxicroak|Gunk Shot|p1a: Sableye|[miss]
|-miss|p2a: Toxicroak|p1a: Sableye
|
|upkeep
|turn|4
|inactive|don drapion has 120 seconds left.
|
|move|p1a: Sableye|Will-O-Wisp|p2a: Toxicroak
|-status|p2a: Toxicroak|brn
|move|p2a: Toxicroak|Gunk Shot|p1a: Sableye
|-resisted|p1a: Sableye
|-damage|p1a: Sableye|78/100
|-damage|p2a: Toxicroak|65/100 brn|[from] item: Life Orb
|
|-heal|p1a: Sableye|84/100|[from] item: Leftovers
|-damage|p2a: Toxicroak|59/100 brn|[from] brn
|upkeep
|turn|5
|inactive|don drapion has 120 seconds left.
|
|switch|p2a: Musharna|Musharna, F|100/100
|switch|p1a: Gigalith|Gigalith, F|100/100
|-weather|Sandstorm|[from] ability: Sand Stream|[of] p1a: Gigalith
|
|-weather|Sandstorm|[upkeep]
|-damage|p2a: Musharna|94/100|[from] Sandstorm
|-heal|p2a: Musharna|100/100|[from] item: Leftovers
|upkeep
|turn|6
|
|switch|p2a: Golurk|Golurk|100/100
|move|p1a: Gigalith|Stealth Rock|p2a: Golurk
|-sidestart|p2: don drapion|move: Stealth Rock
|
|-weather|Sandstorm|[upkeep]
|upkeep
|turn|7
|
|switch|p1a: Vileplume|Vileplume, F|59/100
|move|p2a: Golurk|Earthquake|p1a: Vileplume
|-damage|p1a: Vileplume|1/100
|-damage|p2a: Golurk|90/100|[from] item: Life Orb
|
|-weather|Sandstorm|[upkeep]
|-damage|p1a: Vileplume|0 fnt|[from] Sandstorm
|faint|p1a: Vileplume
|upkeep
|
|switch|p1a: Sableye|Sableye, F|84/100
|turn|8
|
|switch|p2a: Musharna|Musharna, F|100/100
|-damage|p2a: Musharna|88/100|[from] Stealth Rock
|move|p1a: Sableye|Will-O-Wisp|p2a: Musharna
|-status|p2a: Musharna|brn
|-activate|p2a: Musharna|ability: Synchronize
|-status|p1a: Sableye|brn
|
|-weather|Sandstorm|[upkeep]
|-damage|p1a: Sableye|78/100 brn|[from] Sandstorm
|-damage|p2a: Musharna|82/100 brn|[from] Sandstorm
|-heal|p1a: Sableye|84/100 brn|[from] item: Leftovers
|-heal|p2a: Musharna|88/100 brn|[from] item: Leftovers
|-damage|p1a: Sableye|78/100 brn|[from] brn
|-damage|p2a: Musharna|82/100 brn|[from] brn
|upkeep
|turn|9
|
|move|p1a: Sableye|Knock Off|p2a: Musharna
|-supereffective|p2a: Musharna
|-damage|p2a: Musharna|62/100 brn
|-enditem|p2a: Musharna|Leftovers|[from] move: Knock Off|[of] p1a: Sableye
|move|p2a: Musharna|Dazzling Gleam|p1a: Sableye
|-supereffective|p1a: Sableye
|-damage|p1a: Sableye|28/100 brn
|
|-weather|none
|-heal|p1a: Sableye|35/100 brn|[from] item: Leftovers
|-damage|p1a: Sableye|28/100 brn|[from] brn
|-damage|p2a: Musharna|56/100 brn|[from] brn
|upkeep
|turn|10
|
|move|p1a: Sableye|Recover|p1a: Sableye
|-heal|p1a: Sableye|78/100 brn
|move|p2a: Musharna|Moonlight|p2a: Musharna
|-heal|p2a: Musharna|100/100 brn
|
|-heal|p1a: Sableye|85/100 brn|[from] item: Leftovers
|-damage|p1a: Sableye|78/100 brn|[from] brn
|-damage|p2a: Musharna|94/100 brn|[from] brn
|upkeep
|turn|11
|
|switch|p1a: Vaporeon|Vaporeon, M|100/100
|move|p2a: Musharna|Dazzling Gleam|p1a: Vaporeon
|-damage|p1a: Vaporeon|89/100
|
|-heal|p1a: Vaporeon|96/100|[from] item: Leftovers
|-damage|p2a: Musharna|88/100 brn|[from] brn
|upkeep
|turn|12
|
|switch|p2a: Rillaboom|Rillaboom, F|100/100
|-damage|p2a: Rillaboom|88/100|[from] Stealth Rock
|move|p1a: Vaporeon|Wish|p1a: Vaporeon
|
|-heal|p2a: Rillaboom|94/100|[from] item: Leftovers
|-heal|p1a: Vaporeon|100/100|[from] item: Leftovers
|upkeep
|turn|13
|
|switch|p1a: Sableye|Sableye, F|78/100 brn
|move|p2a: Rillaboom|Substitute|p2a: Rillaboom
|-start|p2a: Rillaboom|Substitute
|-damage|p2a: Rillaboom|70/100
|
|-heal|p1a: Sableye|100/100 brn|[from] move: Wish|[wisher] Vaporeon
|-heal|p2a: Rillaboom|76/100|[from] item: Leftovers
|-damage|p1a: Sableye|94/100 brn|[from] brn
|upkeep
|turn|14
|
|move|p1a: Sableye|Encore|p2a: Rillaboom
|-start|p2a: Rillaboom|Encore
|move|p2a: Rillaboom|Substitute|p2a: Rillaboom
|-fail|p2a: Rillaboom|move: Substitute
|
|-heal|p2a: Rillaboom|82/100|[from] item: Leftovers
|-heal|p1a: Sableye|100/100 brn|[from] item: Leftovers
|-damage|p1a: Sableye|94/100 brn|[from] brn
|upkeep
|turn|15
|inactive|don drapion has 90 seconds left.
|
|move|p2a: Rillaboom|Substitute|p2a: Rillaboom
|-fail|p2a: Rillaboom|move: Substitute
|move|p1a: Sableye|Knock Off|p2a: Rillaboom
|-activate|p2a: Rillaboom|move: Substitute|[damage]
|
|-heal|p2a: Rillaboom|88/100|[from] item: Leftovers
|-heal|p1a: Sableye|100/100 brn|[from] item: Leftovers
|-damage|p1a: Sableye|94/100 brn|[from] brn
|upkeep
|turn|16
|
|move|p2a: Rillaboom|Substitute|p2a: Rillaboom
|-fail|p2a: Rillaboom|move: Substitute
|move|p1a: Sableye|Knock Off|p2a: Rillaboom
|-activate|p2a: Rillaboom|move: Substitute|[damage]
|
|-heal|p2a: Rillaboom|94/100|[from] item: Leftovers
|-heal|p1a: Sableye|100/100 brn|[from] item: Leftovers
|-damage|p1a: Sableye|94/100 brn|[from] brn
|-end|p2a: Rillaboom|Encore
|upkeep
|turn|17
|inactive|don drapion has 90 seconds left.
|
|switch|p2a: Vikavolt|Vikavolt, M|57/100
|move|p1a: Sableye|Encore||[still]
|-fail|p1a: Sableye
|
|-heal|p1a: Sableye|100/100 brn|[from] item: Leftovers
|-damage|p1a: Sableye|94/100 brn|[from] brn
|upkeep
|turn|18
|
|switch|p1a: Gigalith|Gigalith, F|100/100
|-weather|Sandstorm|[from] ability: Sand Stream|[of] p1a: Gigalith
|move|p2a: Vikavolt|Thunderbolt|p1a: Gigalith
|-crit|p1a: Gigalith
|-damage|p1a: Gigalith|46/100
|
|-weather|Sandstorm|[upkeep]
|-damage|p2a: Vikavolt|51/100|[from] Sandstorm
|-heal|p1a: Gigalith|52/100|[from] item: Leftovers
|upkeep
|turn|19
|
|move|p2a: Vikavolt|Volt Switch|p1a: Gigalith
|-damage|p1a: Gigalith|23/100
|
|switch|p2a: Golurk|Golurk|90/100|[from]move: Volt Switch
|-damage|p2a: Golurk|84/100|[from] Stealth Rock
|move|p1a: Gigalith|Stone Edge|p2a: Golurk
|-resisted|p2a: Golurk
|-damage|p2a: Golurk|57/100
|
|-weather|Sandstorm|[upkeep]
|-heal|p1a: Gigalith|29/100|[from] item: Leftovers
|upkeep
|turn|20
|
|switch|p1a: Xatu|Xatu, M|100/100
|move|p2a: Golurk|Shadow Punch|p1a: Xatu
|-supereffective|p1a: Xatu
|-damage|p1a: Xatu|0 fnt
|-damage|p2a: Golurk|41/100|[from] item: Rocky Helmet|[of] p1a: Xatu
|-damage|p2a: Golurk|31/100|[from] item: Life Orb
|faint|p1a: Xatu
|
|-weather|Sandstorm|[upkeep]
|upkeep
|
|switch|p1a: Salazzle|Salazzle, F|100/100
|turn|21
|
|switch|p2a: Gigalith|Gigalith, M|100/100
|-damage|p2a: Gigalith|88/100|[from] Stealth Rock
|move|p1a: Salazzle|Substitute|p1a: Salazzle
|-start|p1a: Salazzle|Substitute
|-damage|p1a: Salazzle|75/100
|
|-weather|Sandstorm|[upkeep]
|-damage|p1a: Salazzle|69/100|[from] Sandstorm
|-heal|p2a: Gigalith|94/100|[from] item: Leftovers
|upkeep
|turn|22
|
|move|p1a: Salazzle|Protect|p1a: Salazzle
|-singleturn|p1a: Salazzle|Protect
|move|p2a: Gigalith|Earthquake|p1a: Salazzle
|-activate|p1a: Salazzle|move: Protect
|
|-weather|none
|-heal|p2a: Gigalith|100/100|[from] item: Leftovers
|upkeep
|turn|23
|
|move|p1a: Salazzle|Toxic|p2a: Gigalith
|-status|p2a: Gigalith|tox
|move|p2a: Gigalith|Earthquake|p1a: Salazzle
|-supereffective|p1a: Salazzle
|-end|p1a: Salazzle|Substitute
|
|-damage|p2a: Gigalith|94/100 tox|[from] psn
|upkeep
|turn|24
|inactive|don drapion has 120 seconds left.
|
|move|p1a: Salazzle|Protect|p1a: Salazzle
|-singleturn|p1a: Salazzle|Protect
|move|p2a: Gigalith|Stealth Rock|p1a: Salazzle
|-sidestart|p1: Dollarsalt|move: Stealth Rock
|
|-heal|p2a: Gigalith|100/100 tox|[from] item: Leftovers
|-damage|p2a: Gigalith|88/100 tox|[from] psn
|upkeep
|turn|25
|
|move|p1a: Salazzle|Substitute|p1a: Salazzle
|-start|p1a: Salazzle|Substitute
|-damage|p1a: Salazzle|44/100
|move|p2a: Gigalith|Earthquake|p1a: Salazzle
|-supereffective|p1a: Salazzle
|-end|p1a: Salazzle|Substitute
|
|-heal|p2a: Gigalith|94/100 tox|[from] item: Leftovers
|-damage|p2a: Gigalith|76/100 tox|[from] psn
|upkeep
|turn|26
|
|move|p1a: Salazzle|Protect|p1a: Salazzle
|-singleturn|p1a: Salazzle|Protect
|move|p2a: Gigalith|Earthquake|p1a: Salazzle
|-activate|p1a: Salazzle|move: Protect
|
|-heal|p2a: Gigalith|82/100 tox|[from] item: Leftovers
|-damage|p2a: Gigalith|57/100 tox|[from] psn
|upkeep
|turn|27
|inactive|don drapion has 120 seconds left.
|
|switch|p1a: Vaporeon|Vaporeon, M|100/100
|-damage|p1a: Vaporeon|88/100|[from] Stealth Rock
|move|p2a: Gigalith|Earthquake|p1a: Vaporeon
|-crit|p1a: Vaporeon
|-damage|p1a: Vaporeon|44/100
|
|-heal|p1a: Vaporeon|50/100|[from] item: Leftovers
|-heal|p2a: Gigalith|64/100 tox|[from] item: Leftovers
|-damage|p2a: Gigalith|33/100 tox|[from] psn
|upkeep
|turn|28
|inactive|don drapion has 120 seconds left.
|
|move|p1a: Vaporeon|Wish|p1a: Vaporeon
|move|p2a: Gigalith|Stone Edge|p1a: Vaporeon
|-damage|p1a: Vaporeon|0 fnt
|faint|p1a: Vaporeon
|
|-heal|p2a: Gigalith|39/100 tox|[from] item: Leftovers
|-damage|p2a: Gigalith|2/100 tox|[from] psn
|upkeep
|
|switch|p1a: Salazzle|Salazzle, F|44/100
|turn|29
|
|move|p1a: Salazzle|Flamethrower|p2a: Gigalith
|-resisted|p2a: Gigalith
|-damage|p2a: Gigalith|0 fnt
|faint|p2a: Gigalith
|
|-heal|p1a: Salazzle|100/100|[from] move: Wish|[wisher] Vaporeon
|upkeep
|inactive|don drapion has 120 seconds left.
|
|switch|p2a: Musharna|Musharna, F|88/100 brn
|-damage|p2a: Musharna|76/100 brn|[from] Stealth Rock
|turn|30
|inactive|don drapion has 120 seconds left.
|
|move|p1a: Salazzle|Protect|p1a: Salazzle
|-singleturn|p1a: Salazzle|Protect
|move|p2a: Musharna|Psychic|p1a: Salazzle
|-activate|p1a: Salazzle|move: Protect
|
|-damage|p2a: Musharna|70/100 brn|[from] brn
|upkeep
|turn|31
|inactive|don drapion has 120 seconds left.
|
|switch|p1a: Sableye|Sableye, F|94/100 brn
|-damage|p1a: Sableye|82/100 brn|[from] Stealth Rock
|switch|p2a: Rillaboom|Rillaboom, F|94/100
|-damage|p2a: Rillaboom|82/100|[from] Stealth Rock
|
|-heal|p2a: Rillaboom|88/100|[from] item: Leftovers
|-heal|p1a: Sableye|88/100 brn|[from] item: Leftovers
|-damage|p1a: Sableye|82/100 brn|[from] brn
|upkeep
|turn|32
|inactive|don drapion has 120 seconds left.
|
|move|p1a: Sableye|Will-O-Wisp|p2a: Rillaboom
|-status|p2a: Rillaboom|brn
|move|p2a: Rillaboom|Leech Seed|p1a: Sableye
|-start|p1a: Sableye|move: Leech Seed
|
|-heal|p2a: Rillaboom|94/100 brn|[from] item: Leftovers
|-heal|p1a: Sableye|88/100 brn|[from] item: Leftovers
|-damage|p1a: Sableye|75/100 brn|[from] Leech Seed|[of] p2a: Rillaboom
|-heal|p2a: Rillaboom|100/100 brn|[silent]
|-damage|p2a: Rillaboom|94/100 brn|[from] brn
|-damage|p1a: Sableye|69/100 brn|[from] brn
|upkeep
|turn|33
|inactive|don drapion has 120 seconds left.
|
|move|p1a: Sableye|Recover|p1a: Sableye
|-heal|p1a: Sableye|100/100 brn
|move|p2a: Rillaboom|U-turn|p1a: Sableye
|-damage|p1a: Sableye|89/100 brn
|
|switch|p2a: Vikavolt|Vikavolt, M|51/100|[from]move: U-turn
|
|-heal|p1a: Sableye|96/100 brn|[from] item: Leftovers
|-damage|p1a: Sableye|83/100 brn|[from] Leech Seed|[of] p2a: Vikavolt
|-heal|p2a: Vikavolt|62/100|[silent]
|-damage|p1a: Sableye|77/100 brn|[from] brn
|upkeep
|turn|34
|inactive|don drapion has 120 seconds left.
|
|switch|p1a: Gigalith|Gigalith, F|29/100
|-damage|p1a: Gigalith|17/100|[from] Stealth Rock
|-weather|Sandstorm|[from] ability: Sand Stream|[of] p1a: Gigalith
|move|p2a: Vikavolt|Thunderbolt|p1a: Gigalith
|-damage|p1a: Gigalith|0 fnt
|faint|p1a: Gigalith
|
|-weather|Sandstorm|[upkeep]
|-damage|p2a: Vikavolt|56/100|[from] Sandstorm
|upkeep
|
|switch|p1a: Salazzle|Salazzle, F|100/100
|turn|35
|inactive|don drapion has 120 seconds left.
|
|switch|p2a: Musharna|Musharna, F|70/100 brn
|-damage|p2a: Musharna|57/100 brn|[from] Stealth Rock
|move|p1a: Salazzle|Substitute|p1a: Salazzle
|-start|p1a: Salazzle|Substitute
|-damage|p1a: Salazzle|75/100
|
|-weather|Sandstorm|[upkeep]
|-damage|p1a: Salazzle|69/100|[from] Sandstorm
|-damage|p2a: Musharna|51/100 brn|[from] Sandstorm
|-damage|p2a: Musharna|45/100 brn|[from] brn
|upkeep
|turn|36
|inactive|don drapion has 120 seconds left.
|
|move|p1a: Salazzle|Flamethrower|p2a: Musharna
|-damage|p2a: Musharna|17/100 brn
|move|p2a: Musharna|Moonlight|p2a: Musharna
|-heal|p2a: Musharna|42/100 brn
|
|-weather|Sandstorm|[upkeep]
|-damage|p1a: Salazzle|63/100|[from] Sandstorm
|-damage|p2a: Musharna|36/100 brn|[from] Sandstorm
|-damage|p2a: Musharna|30/100 brn|[from] brn
|upkeep
|turn|37
|inactive|don drapion has 90 seconds left.
|
|move|p1a: Salazzle|Flamethrower|p2a: Musharna
|-damage|p2a: Musharna|6/100 brn
|move|p2a: Musharna|Healing Wish|p2a: Musharna
|faint|p2a: Musharna
|
|-weather|Sandstorm|[upkeep]
|-damage|p1a: Salazzle|57/100|[from] Sandstorm
|upkeep
|
|switch|p2a: Golurk|Golurk|31/100
|-heal|p2a: Golurk|100/100|[from] move: Healing Wish
|-damage|p2a: Golurk|94/100|[from] Stealth Rock
|turn|38
|
|move|p1a: Salazzle|Protect|p1a: Salazzle
|-singleturn|p1a: Salazzle|Protect
|move|p2a: Golurk|Earthquake|p1a: Salazzle
|-activate|p1a: Salazzle|move: Protect
|
|-weather|none
|upkeep
|turn|39
|
|move|p1a: Salazzle|Toxic|p2a: Golurk
|-status|p2a: Golurk|tox
|move|p2a: Golurk|Earthquake|p1a: Salazzle
|-supereffective|p1a: Salazzle
|-end|p1a: Salazzle|Substitute
|-damage|p2a: Golurk|84/100 tox|[from] item: Life Orb
|
|-damage|p2a: Golurk|78/100 tox|[from] psn
|upkeep
|turn|40
|
|move|p1a: Salazzle|Protect|p1a: Salazzle
|-singleturn|p1a: Salazzle|Protect
|move|p2a: Golurk|Earthquake|p1a: Salazzle
|-activate|p1a: Salazzle|move: Protect
|
|-damage|p2a: Golurk|65/100 tox|[from] psn
|upkeep
|turn|41
|
|move|p1a: Salazzle|Substitute|p1a: Salazzle
|-start|p1a: Salazzle|Substitute
|-damage|p1a: Salazzle|32/100
|move|p2a: Golurk|Drain Punch|p1a: Salazzle
|-resisted|p1a: Salazzle
|-end|p1a: Salazzle|Substitute
|-heal|p2a: Golurk|79/100 tox|[from] drain|[of] p1a: Salazzle
|-damage|p2a: Golurk|69/100 tox|[from] item: Life Orb
|
|-damage|p2a: Golurk|50/100 tox|[from] psn
|upkeep
|turn|42
|
|move|p1a: Salazzle|Protect|p1a: Salazzle
|-singleturn|p1a: Salazzle|Protect
|move|p2a: Golurk|Earthquake|p1a: Salazzle
|-activate|p1a: Salazzle|move: Protect
|
|-damage|p2a: Golurk|25/100 tox|[from] psn
|upkeep
|turn|43
|inactive|Dollarsalt has 120 seconds left.
|
|move|p1a: Salazzle|Flamethrower|p2a: Golurk
|-damage|p2a: Golurk|0 fnt
|faint|p2a: Golurk
|
|upkeep
|inactive|don drapion has 60 seconds left.
|
|switch|p2a: Toxicroak|Toxicroak, M|59/100 brn
|-damage|p2a: Toxicroak|53/100 brn|[from] Stealth Rock
|turn|44
|inactive|Dollarsalt has 120 seconds left.
|
|move|p2a: Toxicroak|Bullet Punch|p1a: Salazzle
|-resisted|p1a: Salazzle
|-damage|p1a: Salazzle|25/100
|-damage|p2a: Toxicroak|43/100 brn|[from] item: Life Orb
|move|p1a: Salazzle|Flamethrower|p2a: Toxicroak
|-damage|p2a: Toxicroak|0 fnt
|faint|p2a: Toxicroak
|
|upkeep
|inactive|don drapion has 60 seconds left.
|
|switch|p2a: Rillaboom|Rillaboom, F|94/100 brn
|-damage|p2a: Rillaboom|82/100 brn|[from] Stealth Rock
|turn|45
|
|switch|p1a: Sableye|Sableye, F|77/100 brn
|-damage|p1a: Sableye|64/100 brn|[from] Stealth Rock
|move|p2a: Rillaboom|Drum Beating|p1a: Sableye
|-damage|p1a: Sableye|46/100 brn
|-unboost|p1a: Sableye|spe|1
|
|-heal|p2a: Rillaboom|88/100 brn|[from] item: Leftovers
|-heal|p1a: Sableye|52/100 brn|[from] item: Leftovers
|-damage|p2a: Rillaboom|82/100 brn|[from] brn
|-damage|p1a: Sableye|46/100 brn|[from] brn
|upkeep
|turn|46
|inactive|don drapion has 60 seconds left.
|
|move|p1a: Sableye|Encore|p2a: Rillaboom
|-start|p2a: Rillaboom|Encore
|move|p2a: Rillaboom|Drum Beating|p1a: Sableye
|-crit|p1a: Sableye
|-damage|p1a: Sableye|17/100 brn
|-unboost|p1a: Sableye|spe|1
|
|-heal|p2a: Rillaboom|88/100 brn|[from] item: Leftovers
|-heal|p1a: Sableye|23/100 brn|[from] item: Leftovers
|-damage|p2a: Rillaboom|82/100 brn|[from] brn
|-damage|p1a: Sableye|17/100 brn|[from] brn
|upkeep
|turn|47
|inactive|don drapion has 60 seconds left.
|
|switch|p2a: Vikavolt|Vikavolt, M|56/100
|move|p1a: Sableye|Recover|p1a: Sableye
|-heal|p1a: Sableye|67/100 brn
|
|-heal|p1a: Sableye|73/100 brn|[from] item: Leftovers
|-damage|p1a: Sableye|67/100 brn|[from] brn
|upkeep
|turn|48
|inactive|don drapion has 60 seconds left.
|
|move|p2a: Vikavolt|Thunderbolt|p1a: Sableye
|-damage|p1a: Sableye|0 fnt
|faint|p1a: Sableye
|
|upkeep
|
|switch|p1a: Salazzle|Salazzle, F|25/100
|turn|49
|
|move|p1a: Salazzle|Flamethrower|p2a: Vikavolt
|-supereffective|p2a: Vikavolt
|-damage|p2a: Vikavolt|0 fnt
|faint|p2a: Vikavolt
|
|upkeep
|
|switch|p2a: Rillaboom|Rillaboom, F|82/100 brn
|-damage|p2a: Rillaboom|70/100 brn|[from] Stealth Rock
|turn|50
|c|☆Dollarsalt|Gg lol choke
|inactive|don drapion has 60 seconds left.
|c|☆don drapion|haha why what should i have done
|c|☆Dollarsalt|Kept musharna alive
|c|☆Dollarsalt|sac something else
|c|☆Dollarsalt|mush was ur wincon
|c|☆Dollarsalt|tbh
|inactive|don drapion has 30 seconds left.
|c|☆don drapion|yea that's a good point. fuck salazzle
|inactive|don drapion has 20 seconds left.
|c|☆Dollarsalt|Yee
|
|move|p1a: Salazzle|Flamethrower|p2a: Rillaboom
|-supereffective|p2a: Rillaboom
|-damage|p2a: Rillaboom|0 fnt
|faint|p2a: Rillaboom
|
|win|Dollarsalt
|inactive|don drapion has 25 seconds left this turn.
|raw|Dollarsalt's rating: 1616 &rarr; <strong>1624</strong><br />(+8 for winning)
|raw|don drapion's rating: 1380 &rarr; <strong>1372</strong><br />(-8 for losing)
