|j|☆literallyfreemoney
|j|☆zeeLitium
|t:|1659633819
|gametype|singles
|player|p1|literallyfreemoney|pokemonbreeder-gen4|1301
|player|p2|zeeLitium|lillie-masters|1411
|teamsize|p1|6
|teamsize|p2|6
|gen|8
|tier|[Gen 8] RU
|rated|
|rule|Sleep Clause Mod: Limit one foe put to sleep
|rule|Species Clause: Limit one of each Pokémon
|rule|OHKO Clause: OHKO moves are banned
|rule|Evasion Items Clause: Evasion items are banned
|rule|Evasion Moves Clause: Evasion moves are banned
|rule|Endless Battle Clause: Forcing endless battles is banned
|rule|HP Percentage Mod: HP is shown in percentages
|rule|Dynamax Clause: You cannot dynamax
|clearpoke
|poke|p1|Salazzle, F|
|poke|p1|Steelix, F|
|poke|p1|Druddigon, F|
|poke|p1|Crobat, M|
|poke|p1|Sylveon, F|
|poke|p1|Zoroark, M|
|poke|p2|Nidoqueen, F|
|poke|p2|Rotom-Mow|
|poke|p2|Registeel|
|poke|p2|Crobat, F|
|poke|p2|Milotic, M|
|poke|p2|Heracross, F|
|teampreview
|j| DIO USELESSS!
|
|t:|1659633832
|start
|switch|p1a: Jam Jam|Salazzle, F|100/100
|switch|p2a: Nidoqueen|Nidoqueen, F|100/100
|turn|1
|c| DIO USELESSS!|O
|
|t:|1659633837
|move|p1a: Jam Jam|Dark Pulse|p2a: Nidoqueen
|-damage|p2a: Nidoqueen|25/100
|cant|p2a: Nidoqueen|flinch
|
|upkeep
|turn|2
|c| DIO USELESSS!|I hope y'all don't mind me
|
|t:|1659633844
|switch|p2a: Milotic|Milotic, M|100/100
|move|p1a: Jam Jam|Dark Pulse|p2a: Milotic
|-damage|p2a: Milotic|57/100
|
|-heal|p2a: Milotic|63/100|[from] item: Leftovers
|upkeep
|turn|3
|
|t:|1659633852
|move|p1a: Jam Jam|Dark Pulse|p2a: Milotic
|-damage|p2a: Milotic|21/100
|cant|p2a: Milotic|flinch
|
|-heal|p2a: Milotic|27/100|[from] item: Leftovers
|upkeep
|turn|4
|
|t:|1659633859
|switch|p2a: Registeel|Registeel, shiny|100/100
|move|p1a: Jam Jam|Dark Pulse|p2a: Registeel
|-damage|p2a: Registeel|70/100
|
|-heal|p2a: Registeel|76/100|[from] item: Leftovers
|upkeep
|turn|5
|c| DIO USELESSS!|What a lucky flinch
|
|t:|1659633866
|switch|p1a: Jam Jam|Salazzle, F|100/100
|move|p2a: Registeel|Heavy Slam|p1a: Jam Jam
|-resisted|p1a: Jam Jam
|-damage|p1a: Jam Jam|69/100
|
|-heal|p2a: Registeel|82/100|[from] item: Leftovers
|upkeep
|turn|6
|
|t:|1659633879
|switch|p2a: Crobat|Crobat, F, shiny|100/100
|move|p1a: Jam Jam|Toxic|p2a: Crobat
|-status|p2a: Crobat|tox
|
|-damage|p2a: Crobat|94/100 tox|[from] psn
|upkeep
|turn|7
|
|t:|1659633886
|switch|p1a: Garchomp at home|Druddigon, F|100/100
|move|p2a: Crobat|U-turn|p1a: Garchomp at home
|-damage|p1a: Garchomp at home|89/100
|-damage|p2a: Crobat|82/100 tox|[from] ability: Rough Skin|[of] p1a: Garchomp at home
|
|t:|1659633894
|switch|p2a: Milotic|Milotic, M|27/100|[from]move: U-turn
|
|-heal|p2a: Milotic|33/100|[from] item: Leftovers
|-heal|p1a: Garchomp at home|95/100|[from] item: Leftovers
|upkeep
|turn|8
|
|t:|1659633897
|move|p2a: Milotic|Recover|p2a: Milotic
|-heal|p2a: Milotic|83/100
|move|p1a: Garchomp at home|Stealth Rock|p2a: Milotic
|-sidestart|p2: zeeLitium|move: Stealth Rock
|
|-heal|p2a: Milotic|89/100|[from] item: Leftovers
|-heal|p1a: Garchomp at home|100/100|[from] item: Leftovers
|upkeep
|turn|9
|
|t:|1659633902
|move|p2a: Milotic|Flip Turn|p1a: Garchomp at home
|-resisted|p1a: Garchomp at home
|-damage|p1a: Garchomp at home|97/100
|-damage|p2a: Milotic|77/100|[from] ability: Rough Skin|[of] p1a: Garchomp at home
|
|t:|1659633907
|switch|p2a: Crobat|Crobat, F, shiny|82/100 tox|[from]move: Flip Turn
|move|p1a: Garchomp at home|Earthquake|p2a: Crobat
|-immune|p2a: Crobat
|
|-heal|p1a: Garchomp at home|100/100|[from] item: Leftovers
|-damage|p2a: Crobat|76/100 tox|[from] psn
|upkeep
|turn|10
|c| DIO USELESSS!|Oh clever move by zee
|
|t:|1659633915
|switch|p1a: Steelix|Steelix, F|100/100
|move|p2a: Crobat|Defog|p1a: Steelix
|-unboost|p1a: Steelix|evasion|1
|-sideend|p2: zeeLitium|Stealth Rock|[from] move: Defog|[of] p2a: Crobat
|
|-damage|p2a: Crobat|64/100 tox|[from] psn
|upkeep
|turn|11
|c| DIO USELESSS!|A good predict as well
|
|t:|1659633931
|switch|p2a: Milotic|Milotic, M|77/100
|move|p1a: Steelix|Body Press|p2a: Milotic
|-damage|p2a: Milotic|45/100
|
|-heal|p2a: Milotic|51/100|[from] item: Leftovers
|upkeep
|turn|12
|
|t:|1659633944
|switch|p1a: Garchomp at home|Druddigon, F|100/100
|move|p2a: Milotic|Recover|p2a: Milotic
|-heal|p2a: Milotic|100/100
|
|upkeep
|turn|13
|
|t:|1659633951
|switch|p2a: Nidoqueen|Nidoqueen, F|25/100
|move|p1a: Garchomp at home|Stealth Rock|p2a: Nidoqueen
|-sidestart|p2: zeeLitium|move: Stealth Rock
|
|upkeep
|turn|14
|
|t:|1659633958
|move|p2a: Nidoqueen|Ice Beam|p1a: Garchomp at home
|-supereffective|p1a: Garchomp at home
|-damage|p1a: Garchomp at home|18/100
|move|p1a: Garchomp at home|Earthquake|p2a: Nidoqueen
|-supereffective|p2a: Nidoqueen
|-damage|p2a: Nidoqueen|0 fnt
|faint|p2a: Nidoqueen
|
|-heal|p1a: Garchomp at home|24/100|[from] item: Leftovers
|upkeep
|
|t:|1659633970
|switch|p2a: Heracross|Heracross, F, shiny|100/100
|-damage|p2a: Heracross|88/100|[from] Stealth Rock
|turn|15
|
|t:|1659633976
|switch|p1a: Brave Bat|Crobat, M|100/100
|move|p2a: Heracross|Knock Off|p1a: Brave Bat
|-damage|p1a: Brave Bat|63/100
|-enditem|p1a: Brave Bat|Heavy-Duty Boots|[from] move: Knock Off|[of] p2a: Heracross
|
|-status|p2a: Heracross|brn|[from] item: Flame Orb
|upkeep
|turn|16
|
|t:|1659633983
|switch|p2a: Registeel|Registeel, shiny|82/100
|-damage|p2a: Registeel|76/100|[from] Stealth Rock
|move|p1a: Brave Bat|Brave Bird|p2a: Registeel
|-resisted|p2a: Registeel
|-damage|p2a: Registeel|64/100
|-damage|p1a: Brave Bat|59/100|[from] Recoil
|
|-heal|p2a: Registeel|70/100|[from] item: Leftovers
|upkeep
|turn|17
|
|t:|1659633993
|move|p1a: Brave Bat|Taunt|p2a: Registeel
|-start|p2a: Registeel|move: Taunt
|cant|p2a: Registeel|move: Taunt|Iron Defense
|
|-heal|p2a: Registeel|76/100|[from] item: Leftovers
|upkeep
|turn|18
|
|t:|1659634000
|switch|p1a: Jam Jam|Salazzle, F|69/100
|switch|p2a: Crobat|Crobat, F, shiny|64/100 tox
|
|-damage|p2a: Crobat|57/100 tox|[from] psn
|upkeep
|turn|19
|
|t:|1659634008
|switch|p1a: Steelix|Steelix, F|100/100
|move|p2a: Crobat|Roost|p2a: Crobat
|-heal|p2a: Crobat|100/100 tox
|-singleturn|p2a: Crobat|move: Roost
|
|-damage|p2a: Crobat|88/100 tox|[from] psn
|upkeep
|turn|20
|
|t:|1659634014
|move|p2a: Crobat|Defog|p1a: Steelix
|-unboost|p1a: Steelix|evasion|1
|-sideend|p2: zeeLitium|Stealth Rock|[from] move: Defog|[of] p2a: Crobat
|move|p1a: Steelix|Body Press|p2a: Crobat
|-resisted|p2a: Crobat
|-damage|p2a: Crobat|78/100 tox
|
|-damage|p2a: Crobat|59/100 tox|[from] psn
|upkeep
|turn|21
|
|t:|1659634018
|move|p2a: Crobat|U-turn|p1a: Steelix
|-resisted|p1a: Steelix
|-damage|p1a: Steelix|97/100
|
|t:|1659634024
|switch|p2a: Milotic|Milotic, M|100/100|[from]move: U-turn
|move|p1a: Steelix|Iron Defense|p1a: Steelix
|-boost|p1a: Steelix|def|2
|
|-heal|p1a: Steelix|100/100|[from] item: Leftovers
|upkeep
|turn|22
|
|t:|1659634032
|switch|p1a: Steelix|Steelix, F|100/100
|move|p2a: Milotic|Scald|p1a: Steelix
|-damage|p1a: Steelix|50/100
|-status|p1a: Steelix|brn
|replace|p1a: BUT IT WAS ME|Zoroark, M
|-end|p1a: BUT IT WAS ME|Illusion
|
|-damage|p1a: BUT IT WAS ME|44/100 brn|[from] brn
|upkeep
|turn|23
|
|t:|1659634036
|move|p1a: BUT IT WAS ME|Trick|p2a: Milotic
|-activate|p1a: BUT IT WAS ME|move: Trick|[of] p2a: Milotic
|-item|p2a: Milotic|Choice Specs|[from] move: Trick
|-item|p1a: BUT IT WAS ME|Leftovers|[from] move: Trick
|move|p2a: Milotic|Scald|p1a: BUT IT WAS ME
|-damage|p1a: BUT IT WAS ME|0 fnt
|faint|p1a: BUT IT WAS ME
|
|upkeep
|
|t:|1659634043
|switch|p1a: Shinning Idol Sylv|Sylveon, F|100/100
|turn|24
|
|t:|1659634051
|switch|p2a: Registeel|Registeel, shiny|76/100
|switch|p1a: Steelix|Steelix, F|100/100
|
|-heal|p2a: Registeel|82/100|[from] item: Leftovers
|upkeep
|turn|25
|
|t:|1659634058
|move|p1a: Steelix|Iron Defense|p1a: Steelix
|-boost|p1a: Steelix|def|2
|move|p2a: Registeel|Body Press|p1a: Steelix
|-supereffective|p1a: Steelix
|-damage|p1a: Steelix|86/100
|
|-heal|p1a: Steelix|92/100|[from] item: Leftovers
|-heal|p2a: Registeel|88/100|[from] item: Leftovers
|upkeep
|turn|26
|
|t:|1659634062
|switch|p2a: Milotic|Milotic, M|100/100
|move|p1a: Steelix|Body Press|p2a: Milotic
|-damage|p2a: Milotic|29/100
|
|-heal|p1a: Steelix|98/100|[from] item: Leftovers
|upkeep
|turn|27
|
|t:|1659634067
|switch|p1a: Garchomp at home|Druddigon, F|24/100
|move|p2a: Milotic|Scald|p1a: Garchomp at home
|-resisted|p1a: Garchomp at home
|-damage|p1a: Garchomp at home|3/100
|-status|p1a: Garchomp at home|brn
|
|-heal|p1a: Garchomp at home|9/100 brn|[from] item: Leftovers
|-damage|p1a: Garchomp at home|3/100 brn|[from] brn
|upkeep
|turn|28
|
|t:|1659634070
|move|p2a: Milotic|Scald|p1a: Garchomp at home
|-resisted|p1a: Garchomp at home
|-damage|p1a: Garchomp at home|0 fnt
|faint|p1a: Garchomp at home
|
|upkeep
|
|t:|1659634074
|switch|p1a: Jam Jam|Salazzle, F|69/100
|turn|29
|
|t:|1659634085
|switch|p2a: Registeel|Registeel, shiny|88/100
|move|p1a: Jam Jam|Sludge Wave|p2a: Registeel
|-immune|p2a: Registeel
|
|-heal|p2a: Registeel|94/100|[from] item: Leftovers
|upkeep
|turn|30
|
|t:|1659634099
|move|p1a: Jam Jam|Toxic|p2a: Registeel
|-status|p2a: Registeel|tox
|move|p2a: Registeel|Heavy Slam|p1a: Jam Jam
|-resisted|p1a: Jam Jam
|-damage|p1a: Jam Jam|36/100
|
|-heal|p2a: Registeel|99/100 tox|[from] item: Leftovers
|-damage|p2a: Registeel|94/100 tox|[from] psn
|upkeep
|turn|31
|
|t:|1659634107
|move|p1a: Jam Jam|Overheat|p2a: Registeel
|-supereffective|p2a: Registeel
|-damage|p2a: Registeel|30/100 tox
|-unboost|p1a: Jam Jam|spa|2
|move|p2a: Registeel|Heavy Slam|p1a: Jam Jam
|-resisted|p1a: Jam Jam
|-damage|p1a: Jam Jam|3/100
|
|-heal|p2a: Registeel|36/100 tox|[from] item: Leftovers
|-damage|p2a: Registeel|24/100 tox|[from] psn
|upkeep
|turn|32
|
|t:|1659634116
|switch|p1a: Brave Bat|Crobat, M|59/100
|switch|p2a: Milotic|Milotic, M|29/100
|
|upkeep
|turn|33
|
|t:|1659634121
|move|p1a: Brave Bat|Taunt|p2a: Milotic
|-start|p2a: Milotic|move: Taunt
|cant|p2a: Milotic|move: Taunt|Recover
|
|upkeep
|turn|34
|
|t:|1659634126
|switch|p2a: Rotom|Rotom-Mow, shiny|100/100
|move|p1a: Brave Bat|Brave Bird|p2a: Rotom
|-damage|p2a: Rotom|49/100
|-damage|p1a: Brave Bat|48/100|[from] Recoil
|
|upkeep
|turn|35
|
|t:|1659634135
|move|p2a: Rotom|Trick|p1a: Brave Bat
|-activate|p2a: Rotom|move: Trick|[of] p1a: Brave Bat
|-item|p1a: Brave Bat|Choice Scarf|[from] move: Trick
|-enditem|p2a: Rotom|Choice Scarf|[silent]|[from] move: Trick
|move|p1a: Brave Bat|Roost|p1a: Brave Bat
|-heal|p1a: Brave Bat|98/100
|-singleturn|p1a: Brave Bat|move: Roost
|
|upkeep
|turn|36
|
|t:|1659634159
|switch|p1a: Shinning Idol Sylv|Sylveon, F|100/100
|move|p2a: Rotom|Leaf Storm|p1a: Shinning Idol Sylv
|-damage|p1a: Shinning Idol Sylv|72/100
|-unboost|p2a: Rotom|spa|2
|
|-heal|p1a: Shinning Idol Sylv|78/100|[from] item: Leftovers
|upkeep
|turn|37
|
|t:|1659634171
|switch|p2a: Milotic|Milotic, M|29/100
|move|p1a: Shinning Idol Sylv|Mystical Fire|p2a: Milotic
|-resisted|p2a: Milotic
|-damage|p2a: Milotic|23/100
|-unboost|p2a: Milotic|spa|1
|
|-heal|p1a: Shinning Idol Sylv|84/100|[from] item: Leftovers
|upkeep
|turn|38
|
|t:|1659634177
|move|p2a: Milotic|Flip Turn|p1a: Shinning Idol Sylv
|-damage|p1a: Shinning Idol Sylv|71/100
|
|t:|1659634190
|switch|p2a: Crobat|Crobat, F, shiny|59/100 tox|[from]move: Flip Turn
|move|p1a: Shinning Idol Sylv|Wish|p1a: Shinning Idol Sylv
|
|-heal|p1a: Shinning Idol Sylv|77/100|[from] item: Leftovers
|-damage|p2a: Crobat|53/100 tox|[from] psn
|upkeep
|turn|39
|
|t:|1659634196
|switch|p2a: Milotic|Milotic, M|23/100
|move|p1a: Shinning Idol Sylv|Mystical Fire|p2a: Milotic
|-resisted|p2a: Milotic
|-damage|p2a: Milotic|16/100
|-unboost|p2a: Milotic|spa|1
|
|-heal|p1a: Shinning Idol Sylv|100/100|[from] move: Wish|[wisher] Shinning Idol Sylv
|upkeep
|turn|40
|
|t:|1659634205
|move|p2a: Milotic|Recover|p2a: Milotic
|-heal|p2a: Milotic|66/100
|move|p1a: Shinning Idol Sylv|Wish|p1a: Shinning Idol Sylv
|
|upkeep
|turn|41
|
|t:|1659634210
|switch|p1a: Jam Jam|Salazzle, F|3/100
|move|p2a: Milotic|Recover|p2a: Milotic
|-heal|p2a: Milotic|100/100
|
|-heal|p1a: Jam Jam|72/100|[from] move: Wish|[wisher] Shinning Idol Sylv
|upkeep
|turn|42
|
|t:|1659634216
|switch|p2a: Registeel|Registeel, shiny|24/100 tox
|move|p1a: Jam Jam|Overheat|p2a: Registeel
|-supereffective|p2a: Registeel
|-damage|p2a: Registeel|0 fnt
|-unboost|p1a: Jam Jam|spa|2
|faint|p2a: Registeel
|
|upkeep
|
|t:|1659634226
|switch|p2a: Milotic|Milotic, M|100/100
|turn|43
|
|t:|1659634230
|move|p1a: Jam Jam|Toxic|p2a: Milotic
|-status|p2a: Milotic|tox
|move|p2a: Milotic|Flip Turn|p1a: Jam Jam
|-supereffective|p1a: Jam Jam
|-damage|p1a: Jam Jam|35/100
|
|t:|1659634240
|switch|p2a: Crobat|Crobat, F, shiny|53/100 tox|[from]move: Flip Turn
|
|-damage|p2a: Crobat|47/100 tox|[from] psn
|upkeep
|turn|44
|
|t:|1659634245
|switch|p1a: Brave Bat|Crobat, M|98/100
|move|p2a: Crobat|U-turn|p1a: Brave Bat
|-resisted|p1a: Brave Bat
|-damage|p1a: Brave Bat|94/100
|
|t:|1659634251
|switch|p2a: Rotom|Rotom-Mow, shiny|49/100|[from]move: U-turn
|
|upkeep
|turn|45
|
|t:|1659634255
|switch|p2a: Milotic|Milotic, M|100/100 tox
|move|p1a: Brave Bat|Brave Bird|p2a: Milotic
|-damage|p2a: Milotic|81/100 tox
|-damage|p1a: Brave Bat|88/100|[from] Recoil
|
|-damage|p2a: Milotic|75/100 tox|[from] psn
|upkeep
|turn|46
|
|t:|1659634261
|move|p1a: Brave Bat|Brave Bird|p2a: Milotic
|-damage|p2a: Milotic|54/100 tox
|-damage|p1a: Brave Bat|80/100|[from] Recoil
|move|p2a: Milotic|Flip Turn|p1a: Brave Bat
|-damage|p1a: Brave Bat|70/100
|
|t:|1659634270
|switch|p2a: Rotom|Rotom-Mow, shiny|49/100|[from]move: Flip Turn
|
|upkeep
|turn|47
|
|t:|1659634274
|move|p1a: Brave Bat|Brave Bird|p2a: Rotom
|-damage|p2a: Rotom|3/100
|-damage|p1a: Brave Bat|60/100|[from] Recoil
|move|p2a: Rotom|Thunderbolt|p1a: Brave Bat
|-supereffective|p1a: Brave Bat
|-damage|p1a: Brave Bat|0 fnt
|faint|p1a: Brave Bat
|
|upkeep
|
|t:|1659634286
|switch|p1a: Jam Jam|Salazzle, F|35/100
|turn|48
|
|t:|1659634294
|move|p1a: Jam Jam|Sludge Wave|p2a: Rotom
|-supereffective|p2a: Rotom
|-damage|p2a: Rotom|0 fnt
|faint|p2a: Rotom
|
|upkeep
|
|t:|1659634297
|switch|p2a: Crobat|Crobat, F, shiny|47/100 tox
|turn|49
|
|t:|1659634304
|switch|p1a: Steelix|Steelix, F|98/100
|move|p2a: Crobat|U-turn|p1a: Steelix
|-resisted|p1a: Steelix
|-damage|p1a: Steelix|95/100
|
|t:|1659634308
|switch|p2a: Heracross|Heracross, F, shiny|88/100 brn|[from]move: U-turn
|
|-heal|p1a: Steelix|100/100|[from] item: Leftovers
|-damage|p2a: Heracross|82/100 brn|[from] brn
|upkeep
|turn|50
|
|t:|1659634318
|move|p2a: Heracross|Close Combat|p1a: Steelix
|-supereffective|p1a: Steelix
|-damage|p1a: Steelix|7/100
|-unboost|p2a: Heracross|def|1
|-unboost|p2a: Heracross|spd|1
|move|p1a: Steelix|Body Press|p2a: Heracross
|-resisted|p2a: Heracross
|-damage|p2a: Heracross|39/100 brn
|
|-heal|p1a: Steelix|13/100|[from] item: Leftovers
|-damage|p2a: Heracross|33/100 brn|[from] brn
|upkeep
|turn|51
|
|t:|1659634329
|move|p2a: Heracross|Knock Off|p1a: Steelix
|-damage|p1a: Steelix|0 fnt
|-enditem|p1a: Steelix|Leftovers|[from] move: Knock Off|[of] p2a: Heracross
|faint|p1a: Steelix
|
|-damage|p2a: Heracross|27/100 brn|[from] brn
|upkeep
|
|t:|1659634335
|switch|p1a: Jam Jam|Salazzle, F|35/100
|turn|52
|
|t:|1659634344
|switch|p2a: Milotic|Milotic, M|54/100 tox
|move|p1a: Jam Jam|Overheat|p2a: Milotic
|-resisted|p2a: Milotic
|-damage|p2a: Milotic|31/100 tox
|-unboost|p1a: Jam Jam|spa|2
|
|-damage|p2a: Milotic|25/100 tox|[from] psn
|upkeep
|turn|53
|
|t:|1659634353
|move|p1a: Jam Jam|Sludge Wave|p2a: Milotic
|-damage|p2a: Milotic|9/100 tox
|move|p2a: Milotic|Flip Turn|p1a: Jam Jam
|-supereffective|p1a: Jam Jam
|-damage|p1a: Jam Jam|0 fnt
|faint|p1a: Jam Jam
|
|t:|1659634358
|switch|p2a: Heracross|Heracross, F, shiny|27/100 brn|[from]move: Flip Turn
|
|-damage|p2a: Heracross|21/100 brn|[from] brn
|upkeep
|
|t:|1659634360
|switch|p1a: Shinning Idol Sylv|Sylveon, F|100/100
|turn|54
|
|t:|1659634363
|move|p2a: Heracross|Facade|p1a: Shinning Idol Sylv
|-damage|p1a: Shinning Idol Sylv|9/100
|move|p1a: Shinning Idol Sylv|Hyper Voice|p2a: Heracross
|-supereffective|p2a: Heracross
|-damage|p2a: Heracross|0 fnt
|faint|p2a: Heracross
|
|-heal|p1a: Shinning Idol Sylv|15/100|[from] item: Leftovers
|upkeep
|c|☆literallyfreemoney|gg
|
|t:|1659634368
|switch|p2a: Crobat|Crobat, F, shiny|47/100 tox
|turn|55
|-message|literallyfreemoney forfeited.
|
|win|zeeLitium
|raw|literallyfreemoney's rating: 1301 &rarr; <strong>1287</strong><br />(-14 for losing)
|raw|zeeLitium's rating: 1411 &rarr; <strong>1425</strong><br />(+14 for winning)
|l|☆literallyfreemoney
|c|☆zeeLitium|gg
