|j|☆jjjonnn
|j|☆Ibaragi Test
|player|p1|jjjonnn|scientist-gen4dp|1140
|player|p2|Ibaragi Test|cynthia|1192
|teamsize|p1|6
|teamsize|p2|6
|gametype|singles
|gen|8
|tier|[Gen 8] RU
|rated|
|clearpoke
|poke|p1|Xatu, F|
|poke|p1|Bewear, F|
|poke|p1|Escavalier, M|
|poke|p1|Dhelmise|
|poke|p1|Jellicent, M|
|poke|p1|Passimian, M|
|poke|p2|Barraskewda, M|
|poke|p2|Frosmoth, F|
|poke|p2|Morpeko, F|
|poke|p2|Steelix, M|
|poke|p2|Whimsicott, F|
|poke|p2|Coalossal, M|
|rule|Sleep Clause Mod: Limit one foe put to sleep
|rule|Species Clause: Limit one of each Pokémon
|rule|OHKO Clause: OHKO moves are banned
|rule|Evasion Moves Clause: Evasion moves are banned
|rule|Endless Battle Clause: Forcing endless battles is banned
|rule|HP Percentage Mod: HP is shown in percentages
|rule|Dynamax Clause: You cannot dynamax
|teampreview
|
|start
|switch|p1a: The Knight|Escavalier, M|100/100
|switch|p2a: Morpeko|Morpeko, F|100/100
|turn|1
|
|move|p2a: Morpeko|Aura Wheel|p1a: The Knight
|-damage|p1a: The Knight|31/100
|-boost|p2a: Morpeko|spe|1
|move|p1a: The Knight|Drill Run|p2a: Morpeko
|-supereffective|p2a: Morpeko
|-crit|p2a: Morpeko
|-damage|p2a: Morpeko|0 fnt
|faint|p2a: Morpeko
|
|upkeep
|
|switch|p2a: Barraskewda|Barraskewda, M|100/100
|turn|2
|
|move|p2a: Barraskewda|Close Combat|p1a: The Knight
|-damage|p1a: The Knight|0 fnt
|-unboost|p2a: Barraskewda|def|1
|-unboost|p2a: Barraskewda|spd|1
|-damage|p2a: Barraskewda|91/100|[from] item: Life Orb
|faint|p1a: The Knight
|
|upkeep
|
|switch|p1a: Football|Passimian, M|100/100
|turn|3
|
|switch|p2a: Whimsicott|Whimsicott, F|100/100
|move|p1a: Football|U-turn|p2a: Whimsicott
|-damage|p2a: Whimsicott|79/100
|
|switch|p1a: Fortune Teller|Xatu, F|100/100|[from]move: U-turn
|
|-heal|p2a: Whimsicott|86/100|[from] item: Leftovers
|upkeep
|turn|4
|
|move|p2a: Whimsicott|Moonblast|p1a: Fortune Teller
|-damage|p1a: Fortune Teller|59/100
|move|p1a: Fortune Teller|Cosmic Power|p1a: Fortune Teller
|-boost|p1a: Fortune Teller|def|1
|-boost|p1a: Fortune Teller|spd|1
|
|-heal|p2a: Whimsicott|92/100|[from] item: Leftovers
|-heal|p1a: Fortune Teller|65/100|[from] item: Leftovers
|upkeep
|turn|5
|
|move|p2a: Whimsicott|Substitute|p2a: Whimsicott
|-start|p2a: Whimsicott|Substitute
|-damage|p2a: Whimsicott|67/100
|move|p1a: Fortune Teller|Cosmic Power|p1a: Fortune Teller
|-boost|p1a: Fortune Teller|def|1
|-boost|p1a: Fortune Teller|spd|1
|
|-heal|p2a: Whimsicott|73/100|[from] item: Leftovers
|-heal|p1a: Fortune Teller|71/100|[from] item: Leftovers
|upkeep
|turn|6
|
|move|p2a: Whimsicott|Moonblast|p1a: Fortune Teller
|-damage|p1a: Fortune Teller|49/100
|move|p1a: Fortune Teller|Cosmic Power|p1a: Fortune Teller
|-boost|p1a: Fortune Teller|def|1
|-boost|p1a: Fortune Teller|spd|1
|
|-heal|p2a: Whimsicott|79/100|[from] item: Leftovers
|-heal|p1a: Fortune Teller|55/100|[from] item: Leftovers
|upkeep
|turn|7
|
|move|p2a: Whimsicott|Moonblast|p1a: Fortune Teller
|-damage|p1a: Fortune Teller|37/100
|move|p1a: Fortune Teller|Roost|p1a: Fortune Teller
|-heal|p1a: Fortune Teller|87/100
|-singleturn|p1a: Fortune Teller|move: Roost
|
|-heal|p2a: Whimsicott|86/100|[from] item: Leftovers
|-heal|p1a: Fortune Teller|93/100|[from] item: Leftovers
|upkeep
|turn|8
|
|move|p2a: Whimsicott|Moonblast|p1a: Fortune Teller
|-damage|p1a: Fortune Teller|75/100
|move|p1a: Fortune Teller|Cosmic Power|p1a: Fortune Teller
|-boost|p1a: Fortune Teller|def|1
|-boost|p1a: Fortune Teller|spd|1
|
|-heal|p2a: Whimsicott|92/100|[from] item: Leftovers
|-heal|p1a: Fortune Teller|81/100|[from] item: Leftovers
|upkeep
|turn|9
|
|switch|p2a: Steelix|Steelix, M|100/100
|move|p1a: Fortune Teller|Cosmic Power|p1a: Fortune Teller
|-boost|p1a: Fortune Teller|def|1
|-boost|p1a: Fortune Teller|spd|1
|
|-heal|p1a: Fortune Teller|87/100|[from] item: Leftovers
|upkeep
|turn|10
|
|move|p1a: Fortune Teller|Cosmic Power|p1a: Fortune Teller
|-boost|p1a: Fortune Teller|def|1
|-boost|p1a: Fortune Teller|spd|1
|move|p2a: Steelix|Heavy Slam|p1a: Fortune Teller
|-damage|p1a: Fortune Teller|80/100
|
|-heal|p1a: Fortune Teller|86/100|[from] item: Leftovers
|upkeep
|turn|11
|
|switch|p2a: Whimsicott|Whimsicott, F|92/100
|move|p1a: Fortune Teller|Stored Power|p2a: Whimsicott
|-damage|p2a: Whimsicott|0 fnt
|faint|p2a: Whimsicott
|
|-heal|p1a: Fortune Teller|92/100|[from] item: Leftovers
|upkeep
|
|switch|p2a: Frosmoth|Frosmoth, F|100/100
|turn|12
|c|☆jjjonnn|gg
|
|move|p2a: Frosmoth|Quiver Dance|p2a: Frosmoth
|-boost|p2a: Frosmoth|spa|1
|-boost|p2a: Frosmoth|spd|1
|-boost|p2a: Frosmoth|spe|1
|move|p1a: Fortune Teller|Stored Power|p2a: Frosmoth
|-damage|p2a: Frosmoth|65/100
|
|-heal|p1a: Fortune Teller|98/100|[from] item: Leftovers
|upkeep
|turn|13
|
|move|p2a: Frosmoth|Quiver Dance|p2a: Frosmoth
|-boost|p2a: Frosmoth|spa|1
|-boost|p2a: Frosmoth|spd|1
|-boost|p2a: Frosmoth|spe|1
|move|p1a: Fortune Teller|Stored Power|p2a: Frosmoth
|-crit|p2a: Frosmoth
|-damage|p2a: Frosmoth|0 fnt
|faint|p2a: Frosmoth
|
|-heal|p1a: Fortune Teller|100/100|[from] item: Leftovers
|upkeep
|c|☆Ibaragi Test|...
|c|☆Ibaragi Test|gg
|-message|Ibaragi Test forfeited.
|
|win|jjjonnn
