|j|☆RULT1qm PPDC
|j|☆Umbra Soul
|t:|1596570596
|player|p1|RULT1qm PPDC|archie-gen3|1485
|player|p2|Umbra Soul|69|1554
|teamsize|p1|6
|teamsize|p2|6
|gametype|singles
|gen|8
|tier|[Gen 8] RU
|rated|
|clearpoke
|poke|p1|Virizion|
|poke|p1|Slowbro-Galar, M|
|poke|p1|Steelix, F|
|poke|p1|Passimian, F|
|poke|p1|Mantine, M|
|poke|p1|Zoroark, M|
|poke|p2|Klefki, F|
|poke|p2|Milotic, F|
|poke|p2|Gigalith, M|
|poke|p2|Scrafty, M|
|poke|p2|Mr. Rime, M|
|poke|p2|Decidueye, F|
|rule|Sleep Clause Mod: Limit one foe put to sleep
|rule|Species Clause: Limit one of each Pokémon
|rule|OHKO Clause: OHKO moves are banned
|rule|Evasion Moves Clause: Evasion moves are banned
|rule|Endless Battle Clause: Forcing endless battles is banned
|rule|HP Percentage Mod: HP is shown in percentages
|rule|Dynamax Clause: You cannot dynamax
|teampreview
|j| Schizoguy
|
|t:|1596570656
|start
|switch|p1a: Passimian|Passimian, F|100/100
|switch|p2a: Klefki|Klefki, F|100/100
|turn|1
|c|☆Umbra Soul|so far pretty sure i'm seeing the viri / galar bro / lix core on like each ladder tour team i've watched
|c|☆Umbra Soul|gotta be a fan of that i guess
|
|t:|1596570694
|move|p2a: Klefki|Substitute|p2a: Klefki
|-start|p2a: Klefki|Substitute
|-damage|p2a: Klefki|75/100
|move|p1a: Passimian|Trick||[still]
|-fail|p1a: Passimian
|
|-heal|p2a: Klefki|82/100|[from] item: Leftovers
|upkeep
|turn|2
|
|t:|1596570700
|switch|p1a: Steelix|Steelix, F|100/100
|move|p2a: Klefki|Spikes|p1a: Steelix
|-sidestart|p1: RULT1qm PPDC|Spikes
|
|-heal|p2a: Klefki|88/100|[from] item: Leftovers
|upkeep
|turn|3
|
|t:|1596570704
|move|p2a: Klefki|Spikes|p1a: Steelix
|-sidestart|p1: RULT1qm PPDC|Spikes
|move|p1a: Steelix|Stealth Rock|p2a: Klefki
|-sidestart|p2: Umbra Soul|move: Stealth Rock
|
|-heal|p2a: Klefki|94/100|[from] item: Leftovers
|upkeep
|turn|4
|
|t:|1596570712
|move|p2a: Klefki|Spikes|p1a: Steelix
|-sidestart|p1: RULT1qm PPDC|Spikes
|move|p1a: Steelix|Toxic||[still]
|-fail|p1a: Steelix
|
|-heal|p2a: Klefki|99/100|[from] item: Leftovers
|upkeep
|turn|5
|
|t:|1596570716
|switch|p2a: Scrafty|Scrafty, M|100/100
|-damage|p2a: Scrafty|95/100|[from] Stealth Rock
|move|p1a: Steelix|Toxic|p2a: Scrafty
|-status|p2a: Scrafty|tox
|
|-heal|p2a: Scrafty|100/100 tox|[from] item: Leftovers
|-damage|p2a: Scrafty|95/100 tox|[from] psn
|upkeep
|turn|6
|
|t:|1596570727
|move|p2a: Scrafty|Knock Off|p1a: Steelix
|-damage|p1a: Steelix|84/100
|-enditem|p1a: Steelix|Leftovers|[from] move: Knock Off|[of] p2a: Scrafty
|move|p1a: Steelix|Iron Defense|p1a: Steelix
|-boost|p1a: Steelix|def|2
|
|-heal|p2a: Scrafty|100/100 tox|[from] item: Leftovers
|-damage|p2a: Scrafty|89/100 tox|[from] psn
|upkeep
|turn|7
|
|t:|1596570732
|switch|p2a: Decidueye|Decidueye, F|100/100
|-damage|p2a: Decidueye|88/100|[from] Stealth Rock
|move|p1a: Steelix|Toxic|p2a: Decidueye|[miss]
|-miss|p1a: Steelix|p2a: Decidueye
|
|upkeep
|turn|8
|
|t:|1596570738
|switch|p1a: Mantine|Mantine, M|100/100
|move|p2a: Decidueye|Leaf Storm|p1a: Mantine
|-damage|p1a: Mantine|63/100
|-unboost|p2a: Decidueye|spa|2
|
|upkeep
|turn|9
|
|t:|1596570744
|switch|p2a: Mr. Rime|Mr. Rime, M|100/100
|move|p1a: Mantine|Defog|p2a: Mr. Rime
|-unboost|p2a: Mr. Rime|evasion|1
|-sideend|p2: Umbra Soul|Stealth Rock|[from] move: Defog|[of] p1a: Mantine
|-sideend|p1: RULT1qm PPDC|Spikes|[from] move: Defog|[of] p1a: Mantine
|
|upkeep
|turn|10
|
|t:|1596570754
|switch|p1a: Passimian|Passimian, F|100/100
|move|p2a: Mr. Rime|Freeze-Dry|p1a: Passimian
|-damage|p1a: Passimian|56/100
|
|upkeep
|turn|11
|
|t:|1596570766
|switch|p2a: Klefki|Klefki, F|99/100
|move|p1a: Passimian|Knock Off|p2a: Klefki
|-resisted|p2a: Klefki
|-damage|p2a: Klefki|79/100
|-enditem|p2a: Klefki|Leftovers|[from] move: Knock Off|[of] p1a: Passimian
|
|upkeep
|turn|12
|
|t:|1596570771
|switch|p1a: Steelix|Steelix, F|84/100
|move|p2a: Klefki|Spikes|p1a: Steelix
|-sidestart|p1: RULT1qm PPDC|Spikes
|
|upkeep
|turn|13
|
|t:|1596570779
|switch|p2a: Decidueye|Decidueye, F|88/100
|move|p1a: Steelix|Iron Defense|p1a: Steelix
|-boost|p1a: Steelix|def|2
|
|upkeep
|turn|14
|
|t:|1596570785
|switch|p1a: Mantine|Mantine, M|63/100
|move|p2a: Decidueye|Shadow Ball|p1a: Mantine
|-damage|p1a: Mantine|38/100
|-unboost|p1a: Mantine|spd|1
|
|upkeep
|turn|15
|
|t:|1596570797
|switch|p1a: Virizion|Virizion|100/100
|-damage|p1a: Virizion|88/100|[from] Spikes
|move|p2a: Decidueye|Shadow Ball|p1a: Virizion
|-damage|p1a: Virizion|57/100
|-unboost|p1a: Virizion|spd|1
|
|upkeep
|turn|16
|
|t:|1596570808
|switch|p1a: Steelix|Steelix, F|100/100
|-damage|p1a: Steelix|88/100|[from] Spikes
|move|p2a: Decidueye|Air Slash|p1a: Steelix
|-damage|p1a: Steelix|48/100
|replace|p1a: Zoroark|Zoroark, M
|-end|p1a: Zoroark|Illusion
|
|upkeep
|turn|17
|
|t:|1596570823
|switch|p2a: Gigalith|Gigalith, M|100/100
|-weather|Sandstorm|[from] ability: Sand Stream|[of] p2a: Gigalith
|move|p1a: Zoroark|Trick|p2a: Gigalith
|-activate|p1a: Zoroark|move: Trick|[of] p2a: Gigalith
|-item|p2a: Gigalith|Choice Scarf|[from] move: Trick
|-item|p1a: Zoroark|Leftovers|[from] move: Trick
|
|-weather|Sandstorm|[upkeep]
|-damage|p1a: Zoroark|41/100|[from] Sandstorm
|-heal|p1a: Zoroark|48/100|[from] item: Leftovers
|upkeep
|turn|18
|
|t:|1596570828
|move|p1a: Zoroark|U-turn|p2a: Gigalith
|-damage|p2a: Gigalith|90/100
|
|t:|1596570831
|switch|p1a: Passimian|Passimian, F|56/100|[from]move: U-turn
|-damage|p1a: Passimian|44/100|[from] Spikes
|move|p2a: Gigalith|Stealth Rock|p1a: Passimian
|-sidestart|p1: RULT1qm PPDC|move: Stealth Rock
|
|-weather|Sandstorm|[upkeep]
|-damage|p1a: Passimian|38/100|[from] Sandstorm
|upkeep
|turn|19
|
|t:|1596570841
|move|p1a: Passimian|U-turn|p2a: Gigalith
|-damage|p2a: Gigalith|65/100
|
|t:|1596570845
|switch|p1a: Mantine|Mantine, M|38/100|[from]move: U-turn
|move|p2a: Gigalith|Stealth Rock||[still]
|-fail|p2a: Gigalith
|
|-weather|Sandstorm|[upkeep]
|-damage|p1a: Mantine|32/100|[from] Sandstorm
|upkeep
|turn|20
|
|t:|1596570860
|switch|p2a: Mr. Rime|Mr. Rime, M|100/100
|move|p1a: Mantine|Defog|p2a: Mr. Rime
|-unboost|p2a: Mr. Rime|evasion|1
|-sideend|p1: RULT1qm PPDC|Spikes|[from] move: Defog|[of] p1a: Mantine
|-sideend|p1: RULT1qm PPDC|Stealth Rock|[from] move: Defog|[of] p1a: Mantine
|
|-weather|Sandstorm|[upkeep]
|-damage|p2a: Mr. Rime|94/100|[from] Sandstorm
|-damage|p1a: Mantine|26/100|[from] Sandstorm
|upkeep
|turn|21
|
|t:|1596570869
|switch|p1a: Steelix|Steelix, F|84/100
|move|p2a: Mr. Rime|Psychic|p1a: Steelix
|-resisted|p1a: Steelix
|-damage|p1a: Steelix|68/100
|
|-weather|none
|upkeep
|turn|22
|
|t:|1596570878
|move|p2a: Mr. Rime|Freeze-Dry|p1a: Steelix
|-damage|p1a: Steelix|43/100
|move|p1a: Steelix|Toxic|p2a: Mr. Rime
|-status|p2a: Mr. Rime|tox
|
|-damage|p2a: Mr. Rime|88/100 tox|[from] psn
|upkeep
|turn|23
|
|t:|1596570890
|switch|p2a: Decidueye|Decidueye, F|88/100
|switch|p1a: Slowbro|Slowbro-Galar, M|100/100
|
|upkeep
|turn|24
|
|t:|1596570910
|switch|p1a: Mantine|Mantine, M|48/100
|move|p2a: Decidueye|Shadow Ball|p1a: Mantine
|-resisted|p1a: Mantine
|-damage|p1a: Mantine|14/100
|replace|p1a: Zoroark|Zoroark, M
|-end|p1a: Zoroark|Illusion
|
|-heal|p1a: Zoroark|20/100|[from] item: Leftovers
|upkeep
|turn|25
|
|t:|1596570917
|switch|p2a: Gigalith|Gigalith, M|65/100
|-weather|Sandstorm|[from] ability: Sand Stream|[of] p2a: Gigalith
|move|p1a: Zoroark|Night Daze|p2a: Gigalith
|-damage|p2a: Gigalith|45/100
|-unboost|p2a: Gigalith|accuracy|1
|
|-weather|Sandstorm|[upkeep]
|-damage|p1a: Zoroark|14/100|[from] Sandstorm
|-heal|p1a: Zoroark|20/100|[from] item: Leftovers
|upkeep
|turn|26
|
|t:|1596570923
|move|p1a: Zoroark|U-turn|p2a: Gigalith
|-damage|p2a: Gigalith|35/100
|
|t:|1596570928
|switch|p1a: Passimian|Passimian, F|38/100|[from]move: U-turn
|move|p2a: Gigalith|Body Press|p1a: Passimian
|-damage|p1a: Passimian|11/100
|
|-weather|Sandstorm|[upkeep]
|-damage|p1a: Passimian|5/100|[from] Sandstorm
|upkeep
|turn|27
|
|t:|1596570936
|move|p1a: Passimian|U-turn|p2a: Gigalith
|-damage|p2a: Gigalith|8/100
|
|t:|1596570939
|switch|p1a: Slowbro|Slowbro-Galar, M|100/100|[from]move: U-turn
|move|p2a: Gigalith|Body Press|p1a: Slowbro
|-resisted|p1a: Slowbro
|-damage|p1a: Slowbro|97/100
|
|-weather|Sandstorm|[upkeep]
|-damage|p1a: Slowbro|91/100|[from] Sandstorm
|upkeep
|turn|28
|
|t:|1596570953
|switch|p2a: Scrafty|Scrafty, M|89/100 tox
|move|p1a: Slowbro|Scald|p2a: Scrafty
|-damage|p2a: Scrafty|74/100 tox
|
|-weather|Sandstorm|[upkeep]
|-damage|p2a: Scrafty|68/100 tox|[from] Sandstorm
|-damage|p1a: Slowbro|85/100|[from] Sandstorm
|-heal|p2a: Scrafty|74/100 tox|[from] item: Leftovers
|-damage|p2a: Scrafty|68/100 tox|[from] psn
|upkeep
|turn|29
|
|t:|1596570962
|switch|p1a: Virizion|Virizion|57/100
|move|p2a: Scrafty|Knock Off|p1a: Virizion
|-resisted|p1a: Virizion
|-damage|p1a: Virizion|35/100
|-ability|p1a: Virizion|Justified|boost
|-boost|p1a: Virizion|atk|1
|-enditem|p1a: Virizion|Life Orb|[from] move: Knock Off|[of] p2a: Scrafty
|
|-weather|none
|-activate|p2a: Scrafty|ability: Shed Skin
|-curestatus|p2a: Scrafty|tox|[msg]
|-heal|p2a: Scrafty|74/100|[from] item: Leftovers
|upkeep
|turn|30
|
|t:|1596570968
|switch|p2a: Gigalith|Gigalith, M|8/100
|-weather|Sandstorm|[from] ability: Sand Stream|[of] p2a: Gigalith
|move|p1a: Virizion|Synthesis|p1a: Virizion
|-heal|p1a: Virizion|60/100
|
|-weather|Sandstorm|[upkeep]
|-damage|p1a: Virizion|54/100|[from] Sandstorm
|upkeep
|turn|31
|
|t:|1596570972
|move|p1a: Virizion|Leaf Blade|p2a: Gigalith
|-supereffective|p2a: Gigalith
|-damage|p2a: Gigalith|0 fnt
|faint|p2a: Gigalith
|
|-weather|Sandstorm|[upkeep]
|-damage|p1a: Virizion|48/100|[from] Sandstorm
|upkeep
|
|t:|1596570980
|switch|p2a: Decidueye|Decidueye, F|88/100
|turn|32
|
|t:|1596571002
|switch|p1a: Steelix|Steelix, F|43/100
|move|p2a: Decidueye|Air Slash|p1a: Steelix
|-resisted|p1a: Steelix
|-damage|p1a: Steelix|33/100
|
|-weather|Sandstorm|[upkeep]
|-damage|p2a: Decidueye|82/100|[from] Sandstorm
|upkeep
|turn|33
|
|t:|1596571008
|move|p2a: Decidueye|Leaf Storm|p1a: Steelix
|-damage|p1a: Steelix|0 fnt
|-unboost|p2a: Decidueye|spa|2
|faint|p1a: Steelix
|
|-weather|Sandstorm|[upkeep]
|-damage|p2a: Decidueye|76/100|[from] Sandstorm
|upkeep
|
|t:|1596571016
|switch|p1a: Passimian|Passimian, F|5/100
|turn|34
|
|t:|1596571026
|move|p1a: Passimian|Earthquake|p2a: Decidueye
|-resisted|p2a: Decidueye
|-damage|p2a: Decidueye|45/100
|move|p2a: Decidueye|Roost|p2a: Decidueye
|-heal|p2a: Decidueye|95/100
|-singleturn|p2a: Decidueye|move: Roost
|
|-weather|none
|upkeep
|turn|35
|
|t:|1596571033
|switch|p1a: Mantine|Mantine, M|26/100
|move|p2a: Decidueye|Shadow Ball|p1a: Mantine
|-damage|p1a: Mantine|15/100
|
|upkeep
|turn|36
|
|t:|1596571039
|move|p1a: Mantine|Roost|p1a: Mantine
|-heal|p1a: Mantine|65/100
|-singleturn|p1a: Mantine|move: Roost
|move|p2a: Decidueye|Leaf Storm|p1a: Mantine
|-supereffective|p1a: Mantine
|-damage|p1a: Mantine|29/100
|-unboost|p2a: Decidueye|spa|2
|
|upkeep
|turn|37
|
|t:|1596571046
|switch|p2a: Klefki|Klefki, F|79/100
|move|p1a: Mantine|Roost|p1a: Mantine
|-heal|p1a: Mantine|79/100
|-singleturn|p1a: Mantine|move: Roost
|
|upkeep
|turn|38
|
|t:|1596571052
|move|p2a: Klefki|Toxic|p1a: Mantine
|-status|p1a: Mantine|tox
|move|p1a: Mantine|Scald|p2a: Klefki
|-damage|p2a: Klefki|53/100
|
|-damage|p1a: Mantine|73/100 tox|[from] psn
|upkeep
|turn|39
|
|t:|1596571078
|switch|p1a: Slowbro|Slowbro-Galar, M|100/100
|move|p2a: Klefki|Spikes|p1a: Slowbro
|-sidestart|p1: RULT1qm PPDC|Spikes
|
|upkeep
|turn|40
|
|t:|1596571081
|move|p2a: Klefki|Spikes|p1a: Slowbro
|-sidestart|p1: RULT1qm PPDC|Spikes
|move|p1a: Slowbro|Calm Mind|p1a: Slowbro
|-boost|p1a: Slowbro|spa|1
|-boost|p1a: Slowbro|spd|1
|
|upkeep
|turn|41
|
|t:|1596571085
|switch|p2a: Scrafty|Scrafty, M|74/100
|move|p1a: Slowbro|Calm Mind|p1a: Slowbro
|-boost|p1a: Slowbro|spa|1
|-boost|p1a: Slowbro|spd|1
|
|-heal|p2a: Scrafty|80/100|[from] item: Leftovers
|upkeep
|turn|42
|
|t:|1596571094
|move|p2a: Scrafty|Bulk Up|p2a: Scrafty
|-boost|p2a: Scrafty|atk|1
|-boost|p2a: Scrafty|def|1
|move|p1a: Slowbro|Calm Mind|p1a: Slowbro
|-boost|p1a: Slowbro|spa|1
|-boost|p1a: Slowbro|spd|1
|
|-heal|p2a: Scrafty|86/100|[from] item: Leftovers
|upkeep
|turn|43
|
|t:|1596571099
|move|p2a: Scrafty|Knock Off|p1a: Slowbro
|-supereffective|p1a: Slowbro
|-enditem|p1a: Slowbro|Colbur Berry|[eat]
|-enditem|p1a: Slowbro|Colbur Berry|[weaken]
|-damage|p1a: Slowbro|69/100
|move|p1a: Slowbro|Calm Mind|p1a: Slowbro
|-boost|p1a: Slowbro|spa|1
|-boost|p1a: Slowbro|spd|1
|
|-heal|p2a: Scrafty|92/100|[from] item: Leftovers
|upkeep
|turn|44
|
|t:|1596571103
|move|p2a: Scrafty|Knock Off|p1a: Slowbro
|-supereffective|p1a: Slowbro
|-damage|p1a: Slowbro|27/100
|move|p1a: Slowbro|Shell Side Arm|p2a: Scrafty
|-damage|p2a: Scrafty|27/100
|-hint|Special Shell Side Arm
|
|-heal|p2a: Scrafty|33/100|[from] item: Leftovers
|upkeep
|turn|45
|
|t:|1596571111
|switch|p1a: Mantine|Mantine, M|73/100 tox
|move|p2a: Scrafty|Knock Off|p1a: Mantine
|-damage|p1a: Mantine|27/100 tox
|-enditem|p1a: Mantine|Heavy-Duty Boots|[from] move: Knock Off|[of] p2a: Scrafty
|
|-heal|p2a: Scrafty|39/100|[from] item: Leftovers
|-damage|p1a: Mantine|21/100 tox|[from] psn
|upkeep
|turn|46
|
|t:|1596571118
|move|p1a: Mantine|Hurricane|p2a: Scrafty
|-supereffective|p2a: Scrafty
|-damage|p2a: Scrafty|0 fnt
|faint|p2a: Scrafty
|
|-damage|p1a: Mantine|9/100 tox|[from] psn
|upkeep
|
|t:|1596571123
|switch|p2a: Mr. Rime|Mr. Rime, M|88/100 tox
|turn|47
|
|t:|1596571130
|move|p2a: Mr. Rime|Freeze-Dry|p1a: Mantine
|-supereffective|p1a: Mantine
|-damage|p1a: Mantine|0 fnt
|faint|p1a: Mantine
|
|-damage|p2a: Mr. Rime|82/100 tox|[from] psn
|upkeep
|
|t:|1596571138
|switch|p1a: Virizion|Virizion|48/100
|-damage|p1a: Virizion|31/100|[from] Spikes
|turn|48
|
|t:|1596571147
|move|p1a: Virizion|Synthesis|p1a: Virizion
|-heal|p1a: Virizion|81/100
|move|p2a: Mr. Rime|Psychic|p1a: Virizion
|-supereffective|p1a: Virizion
|-damage|p1a: Virizion|18/100
|
|-damage|p2a: Mr. Rime|70/100 tox|[from] psn
|upkeep
|turn|49
|
|t:|1596571152
|move|p1a: Virizion|Stone Edge|p2a: Mr. Rime
|-supereffective|p2a: Mr. Rime
|-damage|p2a: Mr. Rime|10/100 tox
|move|p2a: Mr. Rime|Psychic|p1a: Virizion
|-supereffective|p1a: Virizion
|-damage|p1a: Virizion|0 fnt
|faint|p1a: Virizion
|
|-damage|p2a: Mr. Rime|0 fnt|[from] psn
|faint|p2a: Mr. Rime
|upkeep
|
|t:|1596571167
|switch|p1a: Slowbro|Slowbro-Galar, M|61/100
|switch|p2a: Milotic|Milotic, F|100/100
|-damage|p1a: Slowbro|44/100|[from] Spikes
|turn|50
|
|t:|1596571173
|switch|p2a: Decidueye|Decidueye, F|95/100
|move|p1a: Slowbro|Slack Off|p1a: Slowbro
|-heal|p1a: Slowbro|94/100
|
|upkeep
|turn|51
|
|t:|1596571180
|move|p2a: Decidueye|Shadow Ball|p1a: Slowbro
|-supereffective|p1a: Slowbro
|-damage|p1a: Slowbro|10/100
|move|p1a: Slowbro|Shell Side Arm|p2a: Decidueye
|-damage|p2a: Decidueye|66/100
|-hint|Special Shell Side Arm
|-status|p2a: Decidueye|psn
|
|-damage|p2a: Decidueye|54/100 psn|[from] psn
|upkeep
|turn|52
|
|t:|1596571189
|switch|p1a: Passimian|Passimian, F|5/100
|-damage|p1a: Passimian|0 fnt|[from] Spikes
|faint|p1a: Passimian
|move|p2a: Decidueye|Shadow Ball|p1: Passimian|[notarget]
|-fail|p2a: Decidueye
|
|-damage|p2a: Decidueye|41/100 psn|[from] psn
|upkeep
|
|t:|1596571193
|switch|p1a: Slowbro|Slowbro-Galar, M|20/100
|-damage|p1a: Slowbro|4/100|[from] Spikes
|turn|53
|
|t:|1596571250
|switch|p2a: Milotic|Milotic, F|100/100
|move|p1a: Slowbro|Night Daze|p2a: Milotic
|-damage|p2a: Milotic|69/100
|
|-heal|p1a: Slowbro|10/100|[from] item: Leftovers
|-heal|p2a: Milotic|75/100|[from] item: Leftovers
|upkeep
|turn|54
|
|t:|1596571258
|move|p1a: Slowbro|Night Daze|p2a: Milotic
|-damage|p2a: Milotic|42/100
|move|p2a: Milotic|Scald|p1a: Slowbro
|-damage|p1a: Slowbro|0 fnt
|replace|p1a: Zoroark|Zoroark, M
|-end|p1a: Zoroark|Illusion
|faint|p1a: Zoroark
|
|-heal|p2a: Milotic|48/100|[from] item: Leftovers
|upkeep
|
|t:|1596571262
|switch|p1a: Slowbro|Slowbro-Galar, M|43/100
|-damage|p1a: Slowbro|27/100|[from] Spikes
|turn|55
|
|t:|1596571269
|move|p2a: Milotic|Scald|p1a: Slowbro
|-damage|p1a: Slowbro|0 fnt
|faint|p1a: Slowbro
|
|win|Umbra Soul
|c|☆Umbra Soul|gg
|l|☆RULT1qm PPDC
|l| Schizoguy
