|j|☆pealnatel
|j|☆im really sus
|t:|1602034712
|player|p1|pealnatel|169|
|player|p2|im really sus|pokemonbreederf-gen4|
|teamsize|p1|6
|teamsize|p2|6
|gametype|singles
|gen|8
|tier|[Gen 8] RU
|rated|Tournament battle
|clearpoke
|poke|p1|Mantine, F|
|poke|p1|Porygon2|
|poke|p1|Steelix, M|
|poke|p1|Umbreon, M|
|poke|p1|Espeon, F|
|poke|p1|Dhelmise|
|poke|p2|Vanilluxe, M|
|poke|p2|Druddigon, M|
|poke|p2|Scrafty, F|
|poke|p2|Lycanroc, F|
|poke|p2|Sigilyph, M|
|poke|p2|Inteleon, F|
|rule|Sleep Clause Mod: Limit one foe put to sleep
|rule|Species Clause: Limit one of each Pokémon
|rule|OHKO Clause: OHKO moves are banned
|rule|Evasion Moves Clause: Evasion moves are banned
|rule|Endless Battle Clause: Forcing endless battles is banned
|rule|HP Percentage Mod: HP is shown in percentages
|rule|Dynamax Clause: You cannot dynamax
|teampreview
|j|*Lady Monita
|j| Marvin Mudkip
|c|☆pealnatel|gl hf
|c|☆im really sus|ah
|j| EC96
|c|☆pealnatel|vote him out
|c|☆im really sus|makes sense why your games are take so fucking long then.
|c|☆pealnatel|he really sus
|j| Chalir
|j| jayboleyn
|
|t:|1602034760
|start
|switch|p1a: Porygon2|Porygon2|100/100
|switch|p2a: Druddigon|Druddigon, M|100/100
|-ability|p1a: Porygon2|Mold Breaker|[from] ability: Trace|[of] p2a: Druddigon
|-ability|p1a: Porygon2|Mold Breaker
|-ability|p2a: Druddigon|Mold Breaker
|turn|1
|
|t:|1602034762
|move|p1a: Porygon2|Toxic|p2a: Druddigon
|-status|p2a: Druddigon|tox
|move|p2a: Druddigon|Dragon Tail|p1a: Porygon2
|-damage|p1a: Porygon2|84/100
|drag|p1a: Dhelmise|Dhelmise|100/100
|
|-damage|p2a: Druddigon|94/100 tox|[from] psn
|upkeep
|turn|2
|l| Marvin Mudkip
|j| TeamCharm69
|j| magicforbeginners
|
|t:|1602034779
|move|p2a: Druddigon|Glare|p1a: Dhelmise
|-status|p1a: Dhelmise|par
|move|p1a: Dhelmise|Anchor Shot|p2a: Druddigon
|-damage|p2a: Druddigon|24/100 tox
|-activate|p2a: Druddigon|trapped
|
|-damage|p2a: Druddigon|12/100 tox|[from] psn
|upkeep
|turn|3
|
|t:|1602034785
|move|p2a: Druddigon|Stealth Rock|p1a: Dhelmise
|-sidestart|p1: pealnatel|move: Stealth Rock
|move|p1a: Dhelmise|Anchor Shot|p2a: Druddigon
|-damage|p2a: Druddigon|0 fnt
|faint|p2a: Druddigon
|
|upkeep
|
|t:|1602034788
|switch|p2a: Vanilluxe|Vanilluxe, M|100/100
|-weather|Hail|[from] ability: Snow Warning|[of] p2a: Vanilluxe
|turn|4
|inactive|Battle timer is ON: inactive players will automatically lose when time's up. (requested by im really sus)
|
|t:|1602034846
|switch|p1a: Umbreon|Umbreon, M|100/100
|-damage|p1a: Umbreon|88/100|[from] Stealth Rock
|move|p2a: Vanilluxe|Blizzard|p1a: Umbreon
|-damage|p1a: Umbreon|61/100
|
|-weather|Hail|[upkeep]
|-damage|p1a: Umbreon|55/100|[from] Hail
|-heal|p1a: Umbreon|61/100|[from] item: Leftovers
|upkeep
|turn|5
|
|t:|1602034854
|move|p2a: Vanilluxe|Aurora Veil|p2a: Vanilluxe
|-sidestart|p2: im really sus|move: Aurora Veil
|move|p1a: Umbreon|Heal Bell|p1a: Umbreon
|-activate|p1a: Umbreon|move: Heal Bell
|-curestatus|p1: Dhelmise|par|[msg]
|
|-weather|Hail|[upkeep]
|-damage|p1a: Umbreon|55/100|[from] Hail
|-heal|p1a: Umbreon|61/100|[from] item: Leftovers
|upkeep
|turn|6
|
|t:|1602034866
|switch|p2a: Sigilyph|Sigilyph, M|100/100
|move|p1a: Umbreon|Wish|p1a: Umbreon
|
|-weather|Hail|[upkeep]
|-damage|p1a: Umbreon|55/100|[from] Hail
|-heal|p1a: Umbreon|61/100|[from] item: Leftovers
|upkeep
|turn|7
|
|t:|1602034876
|move|p2a: Sigilyph|Cosmic Power|p2a: Sigilyph
|-boost|p2a: Sigilyph|def|1
|-boost|p2a: Sigilyph|spd|1
|move|p1a: Umbreon|Foul Play|p2a: Sigilyph
|-supereffective|p2a: Sigilyph
|-damage|p2a: Sigilyph|88/100
|-enditem|p2a: Sigilyph|Weakness Policy
|-boost|p2a: Sigilyph|atk|2|[from] item: Weakness Policy
|-boost|p2a: Sigilyph|spa|2|[from] item: Weakness Policy
|
|-weather|Hail|[upkeep]
|-damage|p1a: Umbreon|55/100|[from] Hail
|-heal|p1a: Umbreon|100/100|[from] move: Wish|[wisher] Umbreon
|upkeep
|turn|8
|
|t:|1602034903
|switch|p1a: Steelix|Steelix, M|100/100
|-damage|p1a: Steelix|97/100|[from] Stealth Rock
|move|p2a: Sigilyph|Cosmic Power|p2a: Sigilyph
|-boost|p2a: Sigilyph|def|1
|-boost|p2a: Sigilyph|spd|1
|
|-weather|none
|upkeep
|turn|9
|
|t:|1602034913
|switch|p1a: Mantine|Mantine, F|100/100
|-damage|p1a: Mantine|76/100|[from] Stealth Rock
|move|p2a: Sigilyph|Stored Power|p1a: Mantine
|-damage|p1a: Mantine|0 fnt
|faint|p1a: Mantine
|
|upkeep
|
|t:|1602034928
|switch|p1a: Dhelmise|Dhelmise|100/100
|-damage|p1a: Dhelmise|88/100|[from] Stealth Rock
|turn|10
|
|t:|1602034930
|switch|p1a: Umbreon|Umbreon, M|100/100
|-damage|p1a: Umbreon|88/100|[from] Stealth Rock
|move|p2a: Sigilyph|Stored Power|p1a: Umbreon
|-immune|p1a: Umbreon
|
|-heal|p1a: Umbreon|94/100|[from] item: Leftovers
|upkeep
|turn|11
|j| ShionShadows
|
|t:|1602034934
|move|p1a: Umbreon|Protect|p1a: Umbreon
|-singleturn|p1a: Umbreon|Protect
|move|p2a: Sigilyph|Dazzling Gleam|p1a: Umbreon
|-activate|p1a: Umbreon|move: Protect
|
|-heal|p1a: Umbreon|99/100|[from] item: Leftovers
|upkeep
|turn|12
|j| auronsblade
|inactive|pealnatel has 120 seconds left.
|inactive|pealnatel has 90 seconds left.
|
|t:|1602034996
|switch|p1a: Dhelmise|Dhelmise|88/100
|-damage|p1a: Dhelmise|76/100|[from] Stealth Rock
|move|p2a: Sigilyph|Dazzling Gleam|p1a: Dhelmise
|-damage|p1a: Dhelmise|38/100
|
|-sideend|p2: im really sus|move: Aurora Veil
|upkeep
|turn|13
|j| lteg
|
|t:|1602035001
|move|p2a: Sigilyph|Stored Power|p1a: Dhelmise
|-damage|p1a: Dhelmise|0 fnt
|faint|p1a: Dhelmise
|
|upkeep
|
|t:|1602035004
|switch|p1a: Steelix|Steelix, M|97/100
|-damage|p1a: Steelix|94/100|[from] Stealth Rock
|turn|14
|j| subbass
|
|t:|1602035009
|move|p2a: Sigilyph|Cosmic Power|p2a: Sigilyph
|-boost|p2a: Sigilyph|def|1
|-boost|p2a: Sigilyph|spd|1
|move|p1a: Steelix|Head Smash|p2a: Sigilyph
|-supereffective|p2a: Sigilyph
|-damage|p2a: Sigilyph|24/100
|
|upkeep
|turn|15
|
|t:|1602035017
|move|p2a: Sigilyph|Stored Power|p1a: Steelix
|-resisted|p1a: Steelix
|-damage|p1a: Steelix|0 fnt
|faint|p1a: Steelix
|
|upkeep
|l| lteg
|
|t:|1602035021
|switch|p1a: Espeon|Espeon, F|100/100
|-damage|p1a: Espeon|88/100|[from] Stealth Rock
|turn|16
|
|t:|1602035024
|move|p1a: Espeon|Shadow Ball|p2a: Sigilyph
|-supereffective|p2a: Sigilyph
|-damage|p2a: Sigilyph|0 fnt
|faint|p2a: Sigilyph
|
|upkeep
|
|t:|1602035028
|switch|p2a: Scrafty|Scrafty, F|100/100
|turn|17
|l| ShionShadows
|
|t:|1602035036
|switch|p1a: Porygon2|Porygon2|84/100
|-damage|p1a: Porygon2|72/100|[from] Stealth Rock
|-ability|p1a: Porygon2|Moxie|[from] ability: Trace|[of] p2a: Scrafty
|move|p2a: Scrafty|Dragon Dance|p2a: Scrafty
|-boost|p2a: Scrafty|atk|1
|-boost|p2a: Scrafty|spe|1
|
|upkeep
|turn|18
|
|t:|1602035041
|move|p2a: Scrafty|Dragon Dance|p2a: Scrafty
|-boost|p2a: Scrafty|atk|1
|-boost|p2a: Scrafty|spe|1
|move|p1a: Porygon2|Toxic|p2a: Scrafty
|-status|p2a: Scrafty|tox
|
|-damage|p2a: Scrafty|95/100 tox|[from] psn
|upkeep
|turn|19
|inactive|pealnatel has 120 seconds left.
|inactive|pealnatel has 90 seconds left.
|
|t:|1602035110
|switch|p1a: Espeon|Espeon, F|88/100
|-damage|p1a: Espeon|76/100|[from] Stealth Rock
|move|p2a: Scrafty|Close Combat|p1a: Espeon
|-resisted|p1a: Espeon
|-damage|p1a: Espeon|0 fnt
|-unboost|p2a: Scrafty|def|1
|-unboost|p2a: Scrafty|spd|1
|faint|p1a: Espeon
|-ability|p2a: Scrafty|Moxie|boost
|-boost|p2a: Scrafty|atk|1
|
|-damage|p2a: Scrafty|83/100 tox|[from] psn
|upkeep
|c|☆pealnatel|well
|l| Chalir
|c|☆pealnatel|I just lose
|c|☆pealnatel|gg
|c|☆im really sus|gg
|-message|pealnatel forfeited.
|
|win|im really sus
