|j|☆its oyster time
|j|☆MAc3 ✝
|inactive|Battle timer is ON: inactive players will automatically lose when time's up.
|t:|1664135520
|gametype|singles
|player|p1|its oyster time|birdkeeper-gen6|
|player|p2|MAc3 ✝|roxie|
|teamsize|p1|6
|teamsize|p2|6
|gen|8
|tier|[Gen 8] RU
|rated|Tournament battle
|rule|Sleep Clause Mod: Limit one foe put to sleep
|rule|Species Clause: Limit one of each Pokémon
|rule|OHKO Clause: OHKO moves are banned
|rule|Evasion Items Clause: Evasion items are banned
|rule|Evasion Moves Clause: Evasion moves are banned
|rule|Endless Battle Clause: Forcing endless battles is banned
|rule|HP Percentage Mod: HP is shown in percentages
|rule|Dynamax Clause: You cannot dynamax
|clearpoke
|poke|p1|Chandelure, M|
|poke|p1|Grimmsnarl, M|
|poke|p1|Starmie|
|poke|p1|Noivern, F|
|poke|p1|Steelix, F|
|poke|p1|Toxicroak, F|
|poke|p2|Dhelmise|
|poke|p2|Gastrodon, F|
|poke|p2|Salazzle, F|
|poke|p2|Metagross|
|poke|p2|Togekiss, F|
|poke|p2|Reuniclus, F|
|teampreview
|inactive|its oyster time also wants the timer to be on.
|j|+Oathkeeper
|
|t:|1664135536
|start
|switch|p1a: Noivern|Noivern, F|100/100
|switch|p2a: Metagross|Metagross|100/100
|turn|1
|
|t:|1664135546
|move|p2a: Metagross|Meteor Mash|p1a: Noivern|[miss]
|-miss|p2a: Metagross|p1a: Noivern
|move|p1a: Noivern|U-turn|p2a: Metagross
|-damage|p2a: Metagross|91/100
|
|t:|1664135554
|switch|p1a: Chandelure|Chandelure, M|100/100|[from]move: U-turn
|
|upkeep
|turn|2
|
|t:|1664135561
|switch|p2a: Gastrodon|Gastrodon, F|100/100
|move|p1a: Chandelure|Shadow Ball|p2a: Gastrodon
|-damage|p2a: Gastrodon|55/100
|
|upkeep
|turn|3
|inactive|MAc3 ✝ has 120 seconds left.
|
|t:|1664135620
|switch|p2a: Salazzle|Salazzle, F|100/100
|move|p1a: Chandelure|Shadow Ball|p2a: Salazzle
|-damage|p2a: Salazzle|15/100
|-unboost|p2a: Salazzle|spd|1
|
|upkeep
|turn|4
|
|t:|1664135628
|move|p1a: Chandelure|Shadow Ball|p2a: Salazzle
|-damage|p2a: Salazzle|0 fnt
|faint|p2a: Salazzle
|
|upkeep
|
|t:|1664135632
|switch|p2a: Togekiss|Togekiss, F|100/100
|turn|5
|
|t:|1664135636
|switch|p1a: Steelix|Steelix, F|100/100
|move|p2a: Togekiss|Nasty Plot|p2a: Togekiss
|-boost|p2a: Togekiss|spa|2
|
|upkeep
|turn|6
|
|t:|1664135641
|move|p2a: Togekiss|Air Slash|p1a: Steelix
|-resisted|p1a: Steelix
|-damage|p1a: Steelix|67/100
|cant|p1a: Steelix|flinch
|
|-heal|p1a: Steelix|73/100|[from] item: Leftovers
|upkeep
|turn|7
|
|t:|1664135645
|move|p2a: Togekiss|Air Slash|p1a: Steelix
|-resisted|p1a: Steelix
|-crit|p1a: Steelix
|-damage|p1a: Steelix|24/100
|move|p1a: Steelix|Heavy Slam|p2a: Togekiss
|-supereffective|p2a: Togekiss
|-damage|p2a: Togekiss|18/100
|
|-heal|p1a: Steelix|30/100|[from] item: Leftovers
|upkeep
|turn|8
|j| Fulbloom
|
|t:|1664135651
|move|p2a: Togekiss|Air Slash|p1a: Steelix|[miss]
|-miss|p2a: Togekiss|p1a: Steelix
|move|p1a: Steelix|Heavy Slam|p2a: Togekiss
|-supereffective|p2a: Togekiss
|-damage|p2a: Togekiss|0 fnt
|faint|p2a: Togekiss
|
|-heal|p1a: Steelix|36/100|[from] item: Leftovers
|upkeep
|
|t:|1664135654
|switch|p2a: Reuniclus|Reuniclus, F|100/100
|turn|9
|
|t:|1664135658
|switch|p1a: Chandelure|Chandelure, M|100/100
|move|p2a: Reuniclus|Calm Mind|p2a: Reuniclus
|-boost|p2a: Reuniclus|spa|1
|-boost|p2a: Reuniclus|spd|1
|
|upkeep
|turn|10
|
|t:|1664135662
|switch|p2a: Dhelmise|Dhelmise|100/100
|move|p1a: Chandelure|Trick|p2a: Dhelmise
|-activate|p1a: Chandelure|move: Trick|[of] p2a: Dhelmise
|-item|p2a: Dhelmise|Choice Scarf|[from] move: Trick
|-enditem|p1a: Chandelure|Choice Scarf|[silent]|[from] move: Trick
|
|upkeep
|turn|11
|
|t:|1664135671
|switch|p1a: Noivern|Noivern, F|100/100
|move|p2a: Dhelmise|Poltergeist|p1a: Noivern
|-activate|p1a: Noivern|move: Poltergeist|Heavy-Duty Boots
|-damage|p1a: Noivern|18/100
|
|upkeep
|turn|12
|l| Fulbloom
|
|t:|1664135676
|switch|p1a: Chandelure|Chandelure, M|100/100
|move|p2a: Dhelmise|Poltergeist||[still]
|-fail|p2a: Dhelmise
|
|upkeep
|turn|13
|j| Drehjj68
|
|t:|1664135682
|move|p1a: Chandelure|Shadow Ball|p2a: Dhelmise
|-supereffective|p2a: Dhelmise
|-damage|p2a: Dhelmise|0 fnt
|faint|p2a: Dhelmise
|
|upkeep
|
|t:|1664135685
|switch|p2a: Gastrodon|Gastrodon, F|55/100
|turn|14
|
|t:|1664135688
|switch|p2a: Metagross|Metagross|91/100
|move|p1a: Chandelure|Energy Ball|p2a: Metagross
|-resisted|p2a: Metagross
|-damage|p2a: Metagross|69/100
|
|upkeep
|turn|15
|c|☆its oyster time|gg
|
|t:|1664135692
|move|p2a: Metagross|Earthquake|p1a: Chandelure
|-supereffective|p1a: Chandelure
|-damage|p1a: Chandelure|4/100
|move|p1a: Chandelure|Flamethrower|p2a: Metagross
|-supereffective|p2a: Metagross
|-damage|p2a: Metagross|0 fnt
|faint|p2a: Metagross
|
|upkeep
|c|☆MAc3 ✝|aaaaa
|c|☆MAc3 ✝|gg
|-message|MAc3 ✝ forfeited.
|
|win|its oyster time
|n|☆its oyster time|itsoystertime
|n|☆MAc3 ✝|mac3
|n|+Oathkeeper|oathkeeper
|n| Drehjj68|drehjj68
