|j|☆Steven Davis
|j|☆uprising 007
|t:|1646505160
|gametype|singles
|player|p1|Steven Davis|steven|1386
|player|p2|uprising 007|unknown|1492
|teamsize|p1|6
|teamsize|p2|6
|gen|8
|tier|[Gen 8] RU
|rated|
|rule|Sleep Clause Mod: Limit one foe put to sleep
|rule|Species Clause: Limit one of each Pokémon
|rule|OHKO Clause: OHKO moves are banned
|rule|Evasion Moves Clause: Evasion moves are banned
|rule|Endless Battle Clause: Forcing endless battles is banned
|rule|HP Percentage Mod: HP is shown in percentages
|rule|Dynamax Clause: You cannot dynamax
|clearpoke
|poke|p1|Seismitoad, M|
|poke|p1|Raikou|
|poke|p1|Roserade, F|
|poke|p1|Porygon2|
|poke|p1|Heracross, M|
|poke|p1|Gardevoir, F|
|poke|p2|Gallade, M|
|poke|p2|Suicune|
|poke|p2|Decidueye, M|
|poke|p2|Scrafty, M|
|poke|p2|Steelix, F|
|poke|p2|Togekiss, F|
|teampreview
|
|t:|1646505189
|start
|switch|p1a: Roserade|Roserade, F|100/100
|switch|p2a: Scrafty|Scrafty, M|100/100
|turn|1
|
|t:|1646505213
|move|p1a: Roserade|Sludge Bomb|p2a: Scrafty
|-damage|p2a: Scrafty|60/100
|move|p2a: Scrafty|Knock Off|p1a: Roserade
|-damage|p1a: Roserade|45/100
|-enditem|p1a: Roserade|Black Sludge|[from] move: Knock Off|[of] p2a: Scrafty
|
|-heal|p2a: Scrafty|66/100|[from] item: Leftovers
|upkeep
|turn|2
|
|t:|1646505231
|move|p1a: Roserade|Synthesis|p1a: Roserade
|-heal|p1a: Roserade|95/100
|move|p2a: Scrafty|Knock Off|p1a: Roserade
|-damage|p1a: Roserade|55/100
|
|-heal|p2a: Scrafty|72/100|[from] item: Leftovers
|upkeep
|turn|3
|
|t:|1646505239
|switch|p2a: Gallade|Gallade, M, shiny|100/100
|move|p1a: Roserade|Spikes|p2a: Gallade
|-sidestart|p2: uprising 007|Spikes
|
|upkeep
|turn|4
|
|t:|1646505254
|switch|p1a: Seismitoad|Seismitoad, M, shiny|100/100
|move|p2a: Gallade|Zen Headbutt|p1a: Seismitoad
|-damage|p1a: Seismitoad|74/100
|
|-heal|p1a: Seismitoad|80/100|[from] item: Leftovers
|upkeep
|turn|5
|
|t:|1646505273
|switch|p2a: Scrafty|Scrafty, M|72/100
|-damage|p2a: Scrafty|60/100|[from] Spikes
|move|p1a: Seismitoad|Toxic|p2a: Scrafty
|-status|p2a: Scrafty|tox
|
|-heal|p2a: Scrafty|66/100 tox|[from] item: Leftovers
|-heal|p1a: Seismitoad|86/100|[from] item: Leftovers
|-damage|p2a: Scrafty|60/100 tox|[from] psn
|upkeep
|turn|6
|
|t:|1646505300
|switch|p1a: Roserade|Roserade, F|55/100
|move|p2a: Scrafty|Knock Off|p1a: Roserade
|-damage|p1a: Roserade|14/100
|
|-heal|p2a: Scrafty|66/100 tox|[from] item: Leftovers
|-damage|p2a: Scrafty|54/100 tox|[from] psn
|upkeep
|turn|7
|
|t:|1646505308
|move|p1a: Roserade|Synthesis|p1a: Roserade
|-heal|p1a: Roserade|64/100
|move|p2a: Scrafty|Bulk Up|p2a: Scrafty
|-boost|p2a: Scrafty|atk|1
|-boost|p2a: Scrafty|def|1
|
|-heal|p2a: Scrafty|60/100 tox|[from] item: Leftovers
|-damage|p2a: Scrafty|42/100 tox|[from] psn
|upkeep
|turn|8
|
|t:|1646505319
|switch|p1a: Heracross|Heracross, M|100/100
|move|p2a: Scrafty|Rest|p2a: Scrafty
|-status|p2a: Scrafty|slp|[from] move: Rest
|-heal|p2a: Scrafty|100/100 slp|[silent]
|
|-activate|p2a: Scrafty|ability: Shed Skin
|-curestatus|p2a: Scrafty|slp|[msg]
|-status|p1a: Heracross|brn|[from] item: Flame Orb
|upkeep
|turn|9
|
|t:|1646505345
|switch|p2a: Decidueye|Decidueye, M|100/100
|move|p1a: Heracross|Close Combat|p2a: Decidueye
|-immune|p2a: Decidueye
|
|-damage|p1a: Heracross|95/100 brn|[from] brn
|upkeep
|turn|10
|
|t:|1646505362
|switch|p2a: Togekiss|Togekiss, F|100/100
|move|p1a: Heracross|Knock Off|p2a: Togekiss
|-resisted|p2a: Togekiss
|-damage|p2a: Togekiss|77/100
|-enditem|p2a: Togekiss|Heavy-Duty Boots|[from] move: Knock Off|[of] p1a: Heracross
|
|-damage|p1a: Heracross|89/100 brn|[from] brn
|upkeep
|turn|11
|
|t:|1646505401
|move|p1a: Heracross|Facade|p2a: Togekiss
|-damage|p2a: Togekiss|10/100
|move|p2a: Togekiss|Air Slash|p1a: Heracross
|-supereffective|p1a: Heracross
|-damage|p1a: Heracross|0 fnt
|faint|p1a: Heracross
|
|upkeep
|
|t:|1646505413
|switch|p1a: Raikou|Raikou, shiny|100/100
|-ability|p1a: Raikou|Pressure
|turn|12
|
|t:|1646505429
|switch|p2a: Decidueye|Decidueye, M|100/100
|move|p1a: Raikou|Scald|p2a: Decidueye
|-resisted|p2a: Decidueye
|-damage|p2a: Decidueye|89/100
|
|upkeep
|turn|13
|
|t:|1646505443
|move|p1a: Raikou|Volt Switch|p2a: Decidueye
|-resisted|p2a: Decidueye
|-damage|p2a: Decidueye|73/100
|
|t:|1646505448
|switch|p1a: Porygon2|Porygon2|100/100|[from]move: Volt Switch
|-ability|p1a: Porygon2|Long Reach|[from] ability: Trace|[of] p2a: Decidueye
|move|p2a: Decidueye|Leaf Blade|p1a: Porygon2
|-damage|p1a: Porygon2|76/100
|
|upkeep
|turn|14
|
|t:|1646505465
|switch|p2a: Scrafty|Scrafty, M|100/100
|-damage|p2a: Scrafty|88/100|[from] Spikes
|move|p1a: Porygon2|Teleport|p1a: Porygon2
|
|t:|1646505470
|switch|p1a: Gardevoir|Gardevoir, F, shiny|100/100|[from]move: Teleport
|-ability|p1a: Gardevoir|Shed Skin|[from] ability: Trace|[of] p2a: Scrafty
|
|-heal|p2a: Scrafty|94/100|[from] item: Leftovers
|upkeep
|turn|15
|
|t:|1646505494
|switch|p1a: Seismitoad|Seismitoad, M, shiny|86/100
|switch|p2a: Steelix|Steelix, F|100/100
|-damage|p2a: Steelix|88/100|[from] Spikes
|
|-heal|p1a: Seismitoad|92/100|[from] item: Leftovers
|-heal|p2a: Steelix|94/100|[from] item: Leftovers
|upkeep
|turn|16
|
|t:|1646505504
|move|p1a: Seismitoad|Stealth Rock|p2a: Steelix
|-sidestart|p2: uprising 007|move: Stealth Rock
|move|p2a: Steelix|Toxic|p1a: Seismitoad
|-status|p1a: Seismitoad|tox
|
|-heal|p1a: Seismitoad|98/100 tox|[from] item: Leftovers
|-heal|p2a: Steelix|100/100|[from] item: Leftovers
|-damage|p1a: Seismitoad|92/100 tox|[from] psn
|upkeep
|turn|17
|
|t:|1646505511
|move|p1a: Seismitoad|Scald|p2a: Steelix
|-supereffective|p2a: Steelix
|-damage|p2a: Steelix|54/100
|-status|p2a: Steelix|brn
|move|p2a: Steelix|Stealth Rock|p1a: Seismitoad
|-sidestart|p1: Steven Davis|move: Stealth Rock
|
|-heal|p1a: Seismitoad|98/100 tox|[from] item: Leftovers
|-heal|p2a: Steelix|60/100 brn|[from] item: Leftovers
|-damage|p1a: Seismitoad|86/100 tox|[from] psn
|-damage|p2a: Steelix|54/100 brn|[from] brn
|upkeep
|turn|18
|
|t:|1646505522
|switch|p1a: Roserade|Roserade, F|64/100
|-damage|p1a: Roserade|52/100|[from] Stealth Rock
|switch|p2a: Decidueye|Decidueye, M|73/100
|
|upkeep
|turn|19
|
|t:|1646505529
|move|p1a: Roserade|Sludge Bomb|p2a: Decidueye
|-damage|p2a: Decidueye|30/100
|move|p2a: Decidueye|Spirit Shackle|p1a: Roserade
|-damage|p1a: Roserade|0 fnt
|faint|p1a: Roserade
|
|upkeep
|
|t:|1646505537
|switch|p1a: Gardevoir|Gardevoir, F, shiny|100/100
|-damage|p1a: Gardevoir|88/100|[from] Stealth Rock
|-ability|p1a: Gardevoir|Long Reach|[from] ability: Trace|[of] p2a: Decidueye
|turn|20
|
|t:|1646505550
|switch|p1a: Raikou|Raikou, shiny|100/100
|-ability|p1a: Raikou|Pressure
|switch|p2a: Togekiss|Togekiss, F|10/100
|-damage|p2a: Togekiss|0 fnt|[from] Stealth Rock
|faint|p2a: Togekiss
|
|upkeep
|
|t:|1646505561
|switch|p2a: Gallade|Gallade, M, shiny|100/100
|-damage|p2a: Gallade|94/100|[from] Stealth Rock
|-damage|p2a: Gallade|82/100|[from] Spikes
|turn|21
|
|t:|1646505572
|move|p2a: Gallade|Knock Off|p1a: Raikou
|-damage|p1a: Raikou|59/100
|-enditem|p1a: Raikou|Heavy-Duty Boots|[from] move: Knock Off|[of] p2a: Gallade
|move|p1a: Raikou|Volt Switch|p2a: Gallade
|-damage|p2a: Gallade|44/100
|
|t:|1646505588
|switch|p1a: Gardevoir|Gardevoir, F, shiny|88/100|[from]move: Volt Switch
|-damage|p1a: Gardevoir|76/100|[from] Stealth Rock
|-ability|p1a: Gardevoir|Justified|[from] ability: Trace|[of] p2a: Gallade
|
|upkeep
|turn|22
|
|t:|1646505599
|switch|p2a: Steelix|Steelix, F|54/100 brn
|-damage|p2a: Steelix|42/100 brn|[from] Spikes
|-damage|p2a: Steelix|39/100 brn|[from] Stealth Rock
|move|p1a: Gardevoir|Moonblast|p2a: Steelix
|-resisted|p2a: Steelix
|-damage|p2a: Steelix|17/100 brn
|
|-heal|p2a: Steelix|24/100 brn|[from] item: Leftovers
|-damage|p2a: Steelix|17/100 brn|[from] brn
|upkeep
|turn|23
|
|t:|1646505611
|move|p1a: Gardevoir|Moonblast|p2a: Steelix
|-resisted|p2a: Steelix
|-damage|p2a: Steelix|0 fnt
|faint|p2a: Steelix
|
|upkeep
|
|t:|1646505617
|switch|p2a: Suicune|Suicune|100/100
|-damage|p2a: Suicune|88/100|[from] Stealth Rock
|-damage|p2a: Suicune|76/100|[from] Spikes
|-ability|p2a: Suicune|Pressure
|turn|24
|
|t:|1646505635
|switch|p1a: Raikou|Raikou, shiny|59/100
|-damage|p1a: Raikou|47/100|[from] Stealth Rock
|-ability|p1a: Raikou|Pressure
|move|p2a: Suicune|Calm Mind|p2a: Suicune
|-boost|p2a: Suicune|spa|1
|-boost|p2a: Suicune|spd|1
|
|-heal|p2a: Suicune|82/100|[from] item: Leftovers
|upkeep
|turn|25
|
|t:|1646505645
|move|p1a: Raikou|Calm Mind|p1a: Raikou
|-boost|p1a: Raikou|spa|1
|-boost|p1a: Raikou|spd|1
|move|p2a: Suicune|Scald|p1a: Raikou
|-damage|p1a: Raikou|21/100
|
|-heal|p2a: Suicune|88/100|[from] item: Leftovers
|upkeep
|turn|26
|
|t:|1646505657
|move|p1a: Raikou|Thunderbolt|p2a: Suicune
|-supereffective|p2a: Suicune
|-crit|p2a: Suicune
|-damage|p2a: Suicune|0 fnt
|faint|p2a: Suicune
|
|upkeep
|
|t:|1646505665
|switch|p2a: Gallade|Gallade, M, shiny|44/100
|-damage|p2a: Gallade|32/100|[from] Spikes
|-damage|p2a: Gallade|25/100|[from] Stealth Rock
|turn|27
|
|t:|1646505683
|switch|p1a: Seismitoad|Seismitoad, M, shiny|86/100 tox
|-damage|p1a: Seismitoad|80/100 tox|[from] Stealth Rock
|move|p2a: Gallade|Knock Off|p1a: Seismitoad
|-damage|p1a: Seismitoad|56/100 tox
|-enditem|p1a: Seismitoad|Leftovers|[from] move: Knock Off|[of] p2a: Gallade
|
|-damage|p1a: Seismitoad|50/100 tox|[from] psn
|upkeep
|turn|28
|
|t:|1646505696
|switch|p2a: Decidueye|Decidueye, M|30/100
|move|p1a: Seismitoad|Earth Power|p2a: Decidueye
|-resisted|p2a: Decidueye
|-damage|p2a: Decidueye|18/100
|
|-damage|p1a: Seismitoad|38/100 tox|[from] psn
|upkeep
|turn|29
|
|t:|1646505703
|move|p2a: Decidueye|Roost|p2a: Decidueye
|-heal|p2a: Decidueye|68/100
|-singleturn|p2a: Decidueye|move: Roost
|move|p1a: Seismitoad|Earth Power|p2a: Decidueye
|-resisted|p2a: Decidueye
|-damage|p2a: Decidueye|56/100
|
|-damage|p1a: Seismitoad|20/100 tox|[from] psn
|upkeep
|turn|30
|
|t:|1646505710
|move|p2a: Decidueye|Roost|p2a: Decidueye
|-heal|p2a: Decidueye|100/100
|-singleturn|p2a: Decidueye|move: Roost
|move|p1a: Seismitoad|Toxic|p2a: Decidueye
|-status|p2a: Decidueye|tox
|
|-damage|p2a: Decidueye|94/100 tox|[from] psn
|-damage|p1a: Seismitoad|0 fnt|[from] psn
|faint|p1a: Seismitoad
|upkeep
|
|t:|1646505715
|switch|p1a: Porygon2|Porygon2|76/100
|-damage|p1a: Porygon2|64/100|[from] Stealth Rock
|-ability|p1a: Porygon2|Long Reach|[from] ability: Trace|[of] p2a: Decidueye
|turn|31
|
|t:|1646505724
|switch|p2a: Scrafty|Scrafty, M|94/100
|-damage|p2a: Scrafty|82/100|[from] Spikes
|-damage|p2a: Scrafty|76/100|[from] Stealth Rock
|move|p1a: Porygon2|Recover|p1a: Porygon2
|-heal|p1a: Porygon2|100/100
|
|-heal|p2a: Scrafty|82/100|[from] item: Leftovers
|upkeep
|turn|32
|
|t:|1646505733
|move|p2a: Scrafty|Knock Off|p1a: Porygon2
|-damage|p1a: Porygon2|80/100
|-enditem|p1a: Porygon2|Eviolite|[from] move: Knock Off|[of] p2a: Scrafty
|move|p1a: Porygon2|Teleport|p1a: Porygon2
|
|t:|1646505736
|switch|p1a: Gardevoir|Gardevoir, F, shiny|76/100|[from]move: Teleport
|-damage|p1a: Gardevoir|64/100|[from] Stealth Rock
|-ability|p1a: Gardevoir|Shed Skin|[from] ability: Trace|[of] p2a: Scrafty
|
|-heal|p2a: Scrafty|88/100|[from] item: Leftovers
|upkeep
|turn|33
|
|t:|1646505744
|move|p1a: Gardevoir|Moonblast|p2a: Scrafty
|-supereffective|p2a: Scrafty
|-damage|p2a: Scrafty|0 fnt
|faint|p2a: Scrafty
|
|upkeep
|
|t:|1646505750
|switch|p2a: Decidueye|Decidueye, M|94/100 tox
|turn|34
|
|t:|1646505755
|switch|p1a: Raikou|Raikou, shiny|21/100
|-damage|p1a: Raikou|9/100|[from] Stealth Rock
|-ability|p1a: Raikou|Pressure
|move|p2a: Decidueye|Swords Dance|p2a: Decidueye
|-boost|p2a: Decidueye|atk|2
|
|-damage|p2a: Decidueye|88/100 tox|[from] psn
|upkeep
|turn|35
|
|t:|1646505773
|move|p1a: Raikou|Thunderbolt|p2a: Decidueye
|-resisted|p2a: Decidueye
|-damage|p2a: Decidueye|67/100 tox
|move|p2a: Decidueye|Leaf Blade|p1a: Raikou
|-damage|p1a: Raikou|0 fnt
|faint|p1a: Raikou
|
|-damage|p2a: Decidueye|55/100 tox|[from] psn
|upkeep
|
|t:|1646505787
|switch|p1a: Porygon2|Porygon2|80/100
|-damage|p1a: Porygon2|68/100|[from] Stealth Rock
|-ability|p1a: Porygon2|Long Reach|[from] ability: Trace|[of] p2a: Decidueye
|turn|36
|
|t:|1646505792
|move|p2a: Decidueye|Leaf Blade|p1a: Porygon2
|-crit|p1a: Porygon2
|-damage|p1a: Porygon2|0 fnt
|faint|p1a: Porygon2
|
|-damage|p2a: Decidueye|37/100 tox|[from] psn
|upkeep
|
|t:|1646505796
|switch|p1a: Gardevoir|Gardevoir, F, shiny|64/100
|-damage|p1a: Gardevoir|51/100|[from] Stealth Rock
|-ability|p1a: Gardevoir|Long Reach|[from] ability: Trace|[of] p2a: Decidueye
|turn|37
|
|t:|1646505803
|move|p1a: Gardevoir|Moonblast|p2a: Decidueye
|-damage|p2a: Decidueye|0 fnt
|faint|p2a: Decidueye
|
|upkeep
|
|t:|1646505807
|switch|p2a: Gallade|Gallade, M, shiny|25/100
|-damage|p2a: Gallade|19/100|[from] Stealth Rock
|-damage|p2a: Gallade|7/100|[from] Spikes
|turn|38
|
|t:|1646505812
|move|p2a: Gallade|Knock Off|p1a: Gardevoir
|-damage|p1a: Gardevoir|0 fnt
|-enditem|p1a: Gardevoir|Choice Scarf|[from] move: Knock Off|[of] p2a: Gallade
|faint|p1a: Gardevoir
|
|win|uprising 007
|raw|Steven Davis's rating: 1386 &rarr; <strong>1372</strong><br />(-14 for losing)
|raw|uprising 007's rating: 1498 &rarr; <strong>1512</strong><br />(+14 for winning)
|l|☆Steven Davis
||Ladder isn't responding, score probably updated but might not have (Request timeout).
