|j|☆VespiquenIsntBad
|j|☆eclecticempiricist
|player|p1|VespiquenIsntBad|11|1208
|player|p2|eclecticempiricist|1|1275
|teamsize|p1|6
|teamsize|p2|6
|gametype|singles
|gen|8
|tier|[Gen 8] RU
|rated|
|clearpoke
|poke|p1|Xatu, F|
|poke|p1|Drifblim, F|
|poke|p1|Mudsdale, F|
|poke|p1|Steelix, M|
|poke|p1|Salazzle, F|
|poke|p1|Passimian, F|
|poke|p2|Trapinch, M|
|poke|p2|Charizard, M|
|poke|p2|Whimsicott, F|
|poke|p2|Ninetales, F|
|poke|p2|Silvally-*|
|poke|p2|Vileplume, F|
|rule|Sleep Clause Mod: Limit one foe put to sleep
|rule|Species Clause: Limit one of each Pokémon
|rule|OHKO Clause: OHKO moves are banned
|rule|Evasion Moves Clause: Evasion moves are banned
|rule|Endless Battle Clause: Forcing endless battles is banned
|rule|HP Percentage Mod: HP is shown in percentages
|rule|Dynamax Clause: You cannot dynamax
|teampreview
|
|start
|switch|p1a: Steelix|Steelix, M|100/100
|switch|p2a: Ninetales|Ninetales, F|100/100
|-weather|SunnyDay|[from] ability: Drought|[of] p2a: Ninetales
|turn|1
|
|move|p2a: Ninetales|Overheat|p1a: Steelix
|-supereffective|p1a: Steelix
|-ability|p1a: Steelix|Sturdy
|-damage|p1a: Steelix|1/100
|-unboost|p2a: Ninetales|spa|2
|-enditem|p2a: Ninetales|Eject Pack
|-enditem|p1a: Steelix|Red Card|[of] p2a: Ninetales
|drag|p2a: Whimsicott|Whimsicott, F|100/100
|move|p1a: Steelix|Stealth Rock|p2a: Whimsicott
|-sidestart|p2: eclecticempiricist|move: Stealth Rock
|
|-weather|SunnyDay|[upkeep]
|upkeep
|turn|2
|
|switch|p1a: Xatu|Xatu, F|100/100
|move|p2a: Whimsicott|Moonblast|p1a: Xatu
|-damage|p1a: Xatu|11/100
|-enditem|p1a: Xatu|Salac Berry|[eat]
|-boost|p1a: Xatu|spe|1|[from] item: Salac Berry
|-damage|p2a: Whimsicott|91/100|[from] item: Life Orb
|
|-weather|SunnyDay|[upkeep]
|upkeep
|turn|3
|
|move|p2a: Whimsicott|Moonblast|p1a: Xatu
|-damage|p1a: Xatu|0 fnt
|-damage|p2a: Whimsicott|81/100|[from] item: Life Orb
|faint|p1a: Xatu
|
|-weather|SunnyDay|[upkeep]
|upkeep
|
|switch|p1a: Steelix|Steelix, M|1/100
|turn|4
|
|move|p2a: Whimsicott|Moonblast|p1a: Steelix
|-resisted|p1a: Steelix
|-damage|p1a: Steelix|0 fnt
|-damage|p2a: Whimsicott|71/100|[from] item: Life Orb
|faint|p1a: Steelix
|
|-weather|SunnyDay|[upkeep]
|upkeep
|
|switch|p1a: Salazzle|Salazzle, F|100/100
|turn|5
|
|move|p2a: Whimsicott|Psychic|p1a: Salazzle
|-supereffective|p1a: Salazzle
|-damage|p1a: Salazzle|0 fnt
|-damage|p2a: Whimsicott|61/100|[from] item: Life Orb
|faint|p1a: Salazzle
|
|-weather|none
|upkeep
|
|switch|p1a: Drifblim|Drifblim, F|100/100
|turn|6
|
|switch|p2a: Ninetales|Ninetales, F|100/100
|-damage|p2a: Ninetales|76/100|[from] Stealth Rock
|-weather|SunnyDay|[from] ability: Drought|[of] p2a: Ninetales
|move|p1a: Drifblim|Shadow Ball|p2a: Ninetales
|-damage|p2a: Ninetales|30/100
|
|-weather|SunnyDay|[upkeep]
|upkeep
|turn|7
|
|move|p2a: Ninetales|Overheat|p1a: Drifblim
|-damage|p1a: Drifblim|10/100
|-unboost|p2a: Ninetales|spa|2
|move|p1a: Drifblim|Shadow Ball|p2a: Ninetales
|-damage|p2a: Ninetales|0 fnt
|faint|p2a: Ninetales
|
|-weather|SunnyDay|[upkeep]
|upkeep
|
|switch|p2a: Whimsicott|Whimsicott, F|61/100
|-damage|p2a: Whimsicott|48/100|[from] Stealth Rock
|turn|8
|
|move|p1a: Drifblim|Endure|p1a: Drifblim
|-singleturn|p1a: Drifblim|move: Endure
|move|p2a: Whimsicott|Energy Ball|p1a: Drifblim
|-resisted|p1a: Drifblim
|-activate|p1a: Drifblim|move: Endure
|-damage|p1a: Drifblim|1/100
|-damage|p2a: Whimsicott|38/100|[from] item: Life Orb
|
|-weather|SunnyDay|[upkeep]
|upkeep
|turn|9
|
|move|p2a: Whimsicott|Energy Ball|p1a: Drifblim
|-resisted|p1a: Drifblim
|-damage|p1a: Drifblim|0 fnt
|-damage|p2a: Whimsicott|28/100|[from] item: Life Orb
|faint|p1a: Drifblim
|
|-weather|SunnyDay|[upkeep]
|upkeep
|
|switch|p1a: Passimian|Passimian, F|100/100
|turn|10
|
|move|p2a: Whimsicott|Moonblast|p1a: Passimian
|-supereffective|p1a: Passimian
|-damage|p1a: Passimian|0 fnt
|-damage|p2a: Whimsicott|19/100|[from] item: Life Orb
|faint|p1a: Passimian
|
|-weather|none
|upkeep
|
|switch|p1a: Mudsdale|Mudsdale, F|100/100
|turn|11
|
|move|p2a: Whimsicott|Energy Ball|p1a: Mudsdale
|-supereffective|p1a: Mudsdale
|-damage|p1a: Mudsdale|8/100
|-unboost|p1a: Mudsdale|spd|1
|-ability|p1a: Mudsdale|Stamina|boost
|-boost|p1a: Mudsdale|def|1
|-damage|p2a: Whimsicott|9/100|[from] item: Life Orb
|move|p1a: Mudsdale|Rest|p1a: Mudsdale
|-status|p1a: Mudsdale|slp|[from] move: Rest
|-heal|p1a: Mudsdale|100/100 slp|[silent]
|-enditem|p1a: Mudsdale|Chesto Berry|[eat]
|-curestatus|p1a: Mudsdale|slp|[msg]
|
|upkeep
|turn|12
|
|move|p2a: Whimsicott|Energy Ball|p1a: Mudsdale
|-supereffective|p1a: Mudsdale
|-damage|p1a: Mudsdale|0 fnt
|-damage|p2a: Whimsicott|0 fnt|[from] item: Life Orb
|faint|p1a: Mudsdale
|faint|p2a: Whimsicott
|
|win|eclecticempiricist
|c|☆eclecticempiricist|gg
|raw|VespiquenIsntBad's rating: 1231 &rarr; <strong>1211</strong><br />(-20 for losing)
|raw|eclecticempiricist's rating: 1304 &rarr; <strong>1319</strong><br />(+15 for winning)
