|j|☆youtube_com/RokOD
|j|☆Artemis_V13
|player|p1|youtube_com/RokOD|99|1198
|player|p2|Artemis_V13|juan|1426
|teamsize|p1|6
|teamsize|p2|6
|gametype|singles
|gen|8
|tier|[Gen 8] RU
|rated|
|clearpoke
|poke|p1|Mudsdale, F|
|poke|p1|Cramorant, F|
|poke|p1|Slurpuff, M|
|poke|p1|Cinccino, F|
|poke|p1|Vanilluxe, F|
|poke|p1|Rillaboom, F|
|poke|p2|Appletun, F|
|poke|p2|Jellicent, M|
|poke|p2|Dhelmise|
|poke|p2|Toxicroak, M|
|poke|p2|Stunfisk-Galar, M|
|poke|p2|Slurpuff, M|
|rule|Sleep Clause Mod: Limit one foe put to sleep
|rule|Species Clause: Limit one of each Pokémon
|rule|OHKO Clause: OHKO moves are banned
|rule|Evasion Moves Clause: Evasion moves are banned
|rule|Endless Battle Clause: Forcing endless battles is banned
|rule|HP Percentage Mod: HP is shown in percentages
|rule|Dynamax Clause: You cannot dynamax
|teampreview
|inactive|Battle timer is ON: inactive players will automatically lose when time's up. (requested by youtube_com/RokOD)
|c|☆youtube_com/RokOD|gl hf :)
|
|start
|switch|p1a: Rillaboom|Rillaboom, F|100/100
|switch|p2a: Dhelmise|Dhelmise|100/100
|turn|1
|c|☆Artemis_V13|thx u 2
|
|switch|p2a: Appletun|Appletun, F|100/100
|move|p1a: Rillaboom|U-turn|p2a: Appletun
|-supereffective|p2a: Appletun
|-damage|p2a: Appletun|50/100
|
|switch|p1a: Vanilluxe|Vanilluxe, F|100/100|[from]move: U-turn
|-weather|Hail|[from] ability: Snow Warning|[of] p1a: Vanilluxe
|
|-weather|Hail|[upkeep]
|-damage|p2a: Appletun|43/100|[from] Hail
|-heal|p2a: Appletun|50/100|[from] item: Leftovers
|upkeep
|turn|2
|
|switch|p2a: Stunfisk|Stunfisk-Galar, M|100/100
|move|p1a: Vanilluxe|Freeze-Dry|p2a: Stunfisk
|-damage|p2a: Stunfisk|71/100
|
|-weather|Hail|[upkeep]
|-damage|p2a: Stunfisk|65/100|[from] Hail
|-heal|p2a: Stunfisk|71/100|[from] item: Leftovers
|upkeep
|turn|3
|inactive|youtube_com/RokOD has 120 seconds left.
|
|switch|p1a: Cramorant|Cramorant, F|100/100
|move|p2a: Stunfisk|Stealth Rock|p1a: Cramorant
|-sidestart|p1: youtube_com/RokOD|move: Stealth Rock
|
|-weather|Hail|[upkeep]
|-damage|p1a: Cramorant|94/100|[from] Hail
|-damage|p2a: Stunfisk|65/100|[from] Hail
|-heal|p1a: Cramorant|100/100|[from] item: Leftovers
|-heal|p2a: Stunfisk|71/100|[from] item: Leftovers
|upkeep
|turn|4
|inactive|youtube_com/RokOD has 120 seconds left.
|
|move|p1a: Cramorant|Defog|p2a: Stunfisk
|-unboost|p2a: Stunfisk|evasion|1
|-sideend|p1: youtube_com/RokOD|Stealth Rock|[from] move: Defog|[of] p1a: Cramorant
|move|p2a: Stunfisk|Yawn|p1a: Cramorant
|-start|p1a: Cramorant|move: Yawn|[of] p2a: Stunfisk
|
|-weather|Hail|[upkeep]
|-damage|p1a: Cramorant|94/100|[from] Hail
|-damage|p2a: Stunfisk|65/100|[from] Hail
|-heal|p1a: Cramorant|100/100|[from] item: Leftovers
|-heal|p2a: Stunfisk|71/100|[from] item: Leftovers
|upkeep
|turn|5
|
|switch|p1a: Rillaboom|Rillaboom, F|100/100
|move|p2a: Stunfisk|Stealth Rock|p1a: Rillaboom
|-sidestart|p1: youtube_com/RokOD|move: Stealth Rock
|
|-weather|none
|-heal|p2a: Stunfisk|78/100|[from] item: Leftovers
|upkeep
|turn|6
|
|move|p2a: Stunfisk|Protect|p2a: Stunfisk
|-singleturn|p2a: Stunfisk|Protect
|move|p1a: Rillaboom|Wood Hammer|p2a: Stunfisk
|-activate|p2a: Stunfisk|move: Protect
|
|-heal|p2a: Stunfisk|84/100|[from] item: Leftovers
|upkeep
|turn|7
|
|switch|p1a: Vanilluxe|Vanilluxe, F|100/100
|-damage|p1a: Vanilluxe|76/100|[from] Stealth Rock
|-weather|Hail|[from] ability: Snow Warning|[of] p1a: Vanilluxe
|move|p2a: Stunfisk|Yawn|p1a: Vanilluxe
|-start|p1a: Vanilluxe|move: Yawn|[of] p2a: Stunfisk
|
|-weather|Hail|[upkeep]
|-damage|p2a: Stunfisk|78/100|[from] Hail
|-heal|p2a: Stunfisk|84/100|[from] item: Leftovers
|upkeep
|turn|8
|inactive|youtube_com/RokOD has 120 seconds left.
|
|move|p1a: Vanilluxe|Blizzard|p2a: Stunfisk
|-damage|p2a: Stunfisk|35/100
|move|p2a: Stunfisk|Yawn||[still]
|-fail|p2a: Stunfisk
|
|-weather|Hail|[upkeep]
|-damage|p2a: Stunfisk|28/100|[from] Hail
|-heal|p2a: Stunfisk|35/100|[from] item: Leftovers
|-end|p1a: Vanilluxe|move: Yawn|[silent]
|-status|p1a: Vanilluxe|slp
|upkeep
|turn|9
|inactive|youtube_com/RokOD has 120 seconds left.
|
|switch|p1a: Cramorant|Cramorant, F|100/100
|-damage|p1a: Cramorant|76/100|[from] Stealth Rock
|switch|p2a: Dhelmise|Dhelmise|100/100
|
|-weather|Hail|[upkeep]
|-damage|p1a: Cramorant|70/100|[from] Hail
|-damage|p2a: Dhelmise|94/100|[from] Hail
|-heal|p1a: Cramorant|76/100|[from] item: Leftovers
|upkeep
|turn|10
|
|move|p1a: Cramorant|Defog|p2a: Dhelmise
|-unboost|p2a: Dhelmise|evasion|1
|-sideend|p1: youtube_com/RokOD|Stealth Rock|[from] move: Defog|[of] p1a: Cramorant
|move|p2a: Dhelmise|Power Whip|p1a: Cramorant
|-damage|p1a: Cramorant|0 fnt
|faint|p1a: Cramorant
|
|-weather|Hail|[upkeep]
|-damage|p2a: Dhelmise|88/100|[from] Hail
|upkeep
|
|switch|p1a: Rillaboom|Rillaboom, F|100/100
|turn|11
|
|switch|p2a: Toxicroak|Toxicroak, M|100/100
|move|p1a: Rillaboom|Knock Off|p2a: Toxicroak
|-resisted|p2a: Toxicroak
|-damage|p2a: Toxicroak|63/100
|-enditem|p2a: Toxicroak|Life Orb|[from] move: Knock Off|[of] p1a: Rillaboom
|
|-weather|none
|upkeep
|turn|12
|
|switch|p1a: Cinccino|Cinccino, F|100/100
|move|p2a: Toxicroak|Drain Punch|p1a: Cinccino
|-supereffective|p1a: Cinccino
|-damage|p1a: Cinccino|0 fnt
|-heal|p2a: Toxicroak|100/100|[from] drain|[of] p1a: Cinccino
|faint|p1a: Cinccino
|
|upkeep
|
|switch|p1a: Mudsdale|Mudsdale, F|100/100
|turn|13
|
|switch|p2a: Dhelmise|Dhelmise|88/100
|move|p1a: Mudsdale|Stealth Rock|p2a: Dhelmise
|-sidestart|p2: Artemis_V13|move: Stealth Rock
|
|upkeep
|turn|14
|
|move|p2a: Dhelmise|Switcheroo|p1a: Mudsdale
|-activate|p2a: Dhelmise|move: Trick|[of] p1a: Mudsdale
|-item|p1a: Mudsdale|Choice Band|[from] move: Switcheroo
|-item|p2a: Dhelmise|Leftovers|[from] move: Switcheroo
|move|p1a: Mudsdale|Toxic|p2a: Dhelmise
|-status|p2a: Dhelmise|tox
|
|-heal|p2a: Dhelmise|94/100 tox|[from] item: Leftovers
|-damage|p2a: Dhelmise|88/100 tox|[from] psn
|upkeep
|turn|15
|
|switch|p1a: Rillaboom|Rillaboom, F|100/100
|move|p2a: Dhelmise|Rapid Spin|p1a: Rillaboom
|-damage|p1a: Rillaboom|79/100
|-boost|p2a: Dhelmise|spe|1
|-sideend|p2: Artemis_V13|Stealth Rock|[from] move: Rapid Spin|[of] p2a: Dhelmise
|
|-heal|p2a: Dhelmise|94/100 tox|[from] item: Leftovers
|-damage|p2a: Dhelmise|82/100 tox|[from] psn
|upkeep
|turn|16
|
|switch|p2a: Appletun|Appletun, F|50/100
|move|p1a: Rillaboom|U-turn|p2a: Appletun
|-supereffective|p2a: Appletun
|-damage|p2a: Appletun|1/100
|
|switch|p1a: Slurpuff|Slurpuff, M|100/100|[from]move: U-turn
|
|-heal|p2a: Appletun|7/100|[from] item: Leftovers
|upkeep
|turn|17
|
|move|p1a: Slurpuff|Belly Drum|p1a: Slurpuff
|-damage|p1a: Slurpuff|50/100
|-setboost|p1a: Slurpuff|atk|6|[from] move: Belly Drum
|-enditem|p1a: Slurpuff|Sitrus Berry|[eat]
|-heal|p1a: Slurpuff|75/100|[from] item: Sitrus Berry
|move|p2a: Appletun|Apple Acid|p1a: Slurpuff
|-damage|p1a: Slurpuff|39/100
|-unboost|p1a: Slurpuff|spd|1
|
|-heal|p2a: Appletun|13/100|[from] item: Leftovers
|upkeep
|turn|18
|
|move|p1a: Slurpuff|Drain Punch|p2a: Appletun
|-damage|p2a: Appletun|0 fnt
|-heal|p1a: Slurpuff|48/100|[from] drain|[of] p2a: Appletun
|faint|p2a: Appletun
|
|upkeep
|
|switch|p2a: Toxicroak|Toxicroak, M|100/100
|turn|19
|
|move|p1a: Slurpuff|Play Rough|p2a: Toxicroak
|-damage|p2a: Toxicroak|0 fnt
|faint|p2a: Toxicroak
|
|upkeep
|
|switch|p2a: Slurpuff|Slurpuff, M|100/100
|turn|20
|
|move|p1a: Slurpuff|Play Rough|p2a: Slurpuff|[miss]
|-miss|p1a: Slurpuff|p2a: Slurpuff
|move|p2a: Slurpuff|Dazzling Gleam|p1a: Slurpuff
|-damage|p1a: Slurpuff|0 fnt
|faint|p1a: Slurpuff
|
|upkeep
|c|☆youtube_com/RokOD|lol
|
|switch|p1a: Mudsdale|Mudsdale, F|100/100
|turn|21
|
|move|p2a: Slurpuff|Calm Mind|p2a: Slurpuff
|-boost|p2a: Slurpuff|spa|1
|-boost|p2a: Slurpuff|spd|1
|move|p1a: Mudsdale|Earthquake|p2a: Slurpuff
|-damage|p2a: Slurpuff|26/100
|-enditem|p2a: Slurpuff|Sitrus Berry|[eat]
|-heal|p2a: Slurpuff|51/100|[from] item: Sitrus Berry
|
|upkeep
|turn|22
|
|move|p2a: Slurpuff|Energy Ball|p1a: Mudsdale
|-supereffective|p1a: Mudsdale
|-damage|p1a: Mudsdale|24/100
|-ability|p1a: Mudsdale|Stamina|boost
|-boost|p1a: Mudsdale|def|1
|move|p1a: Mudsdale|Earthquake|p2a: Slurpuff
|-damage|p2a: Slurpuff|0 fnt
|faint|p2a: Slurpuff
|
|upkeep
|
|switch|p2a: Jellicent|Jellicent, M|100/100
|turn|23
|
|move|p2a: Jellicent|Will-O-Wisp|p1a: Mudsdale
|-status|p1a: Mudsdale|brn
|move|p1a: Mudsdale|Earthquake|p2a: Jellicent
|-damage|p2a: Jellicent|68/100
|
|-heal|p2a: Jellicent|74/100|[from] item: Leftovers
|-damage|p1a: Mudsdale|18/100 brn|[from] brn
|upkeep
|turn|24
|
|move|p2a: Jellicent|Will-O-Wisp|p1a: Mudsdale|[miss]
|-miss|p2a: Jellicent|p1a: Mudsdale
|move|p1a: Mudsdale|Earthquake|p2a: Jellicent
|-damage|p2a: Jellicent|40/100
|
|-heal|p2a: Jellicent|46/100|[from] item: Leftovers
|-damage|p1a: Mudsdale|12/100 brn|[from] brn
|upkeep
|turn|25
|
|move|p2a: Jellicent|Recover|p2a: Jellicent
|-heal|p2a: Jellicent|96/100
|move|p1a: Mudsdale|Earthquake|p2a: Jellicent
|-damage|p2a: Jellicent|63/100
|
|-heal|p2a: Jellicent|69/100|[from] item: Leftovers
|-damage|p1a: Mudsdale|6/100 brn|[from] brn
|upkeep
|turn|26
|
|move|p2a: Jellicent|Hex|p1a: Mudsdale
|-damage|p1a: Mudsdale|0 fnt
|faint|p1a: Mudsdale
|
|-heal|p2a: Jellicent|75/100|[from] item: Leftovers
|upkeep
|
|switch|p1a: Rillaboom|Rillaboom, F|79/100
|turn|27
|
|move|p1a: Rillaboom|Knock Off|p2a: Jellicent
|-supereffective|p2a: Jellicent
|-damage|p2a: Jellicent|0 fnt
|-start|p1a: Rillaboom|Disable|Knock Off|[from] ability: Cursed Body|[of] p2a: Jellicent
|-enditem|p2a: Jellicent|Leftovers|[from] move: Knock Off|[of] p1a: Rillaboom
|faint|p2a: Jellicent
|
|upkeep
|
|switch|p2a: Dhelmise|Dhelmise|82/100 tox
|turn|28
|c|☆youtube_com/RokOD|bet
|
|switch|p1a: Vanilluxe|Vanilluxe, F|76/100 slp
|-weather|Hail|[from] ability: Snow Warning|[of] p1a: Vanilluxe
|move|p2a: Dhelmise|Rapid Spin|p1a: Vanilluxe
|-damage|p1a: Vanilluxe|47/100 slp
|-boost|p2a: Dhelmise|spe|1
|
|-weather|Hail|[upkeep]
|-damage|p2a: Dhelmise|76/100 tox|[from] Hail
|-heal|p2a: Dhelmise|82/100 tox|[from] item: Leftovers
|-damage|p2a: Dhelmise|76/100 tox|[from] psn
|upkeep
|turn|29
|
|cant|p1a: Vanilluxe|slp
|move|p2a: Dhelmise|Rapid Spin|p1a: Vanilluxe
|-damage|p1a: Vanilluxe|23/100 slp
|-boost|p2a: Dhelmise|spe|1
|
|-weather|Hail|[upkeep]
|-damage|p2a: Dhelmise|70/100 tox|[from] Hail
|-heal|p2a: Dhelmise|76/100 tox|[from] item: Leftovers
|-damage|p2a: Dhelmise|64/100 tox|[from] psn
|upkeep
|turn|30
|
|-curestatus|p1a: Vanilluxe|slp|[msg]
|move|p1a: Vanilluxe|Blizzard|p2a: Dhelmise
|-supereffective|p2a: Dhelmise
|-damage|p2a: Dhelmise|0 fnt
|faint|p2a: Dhelmise
|
|-weather|Hail|[upkeep]
|upkeep
|c|☆youtube_com/RokOD|gg
|-message|Artemis_V13 forfeited.
|
|win|youtube_com/RokOD
|l|☆Artemis_V13
|raw|youtube_com&#x2f;RokOD's rating: 1198 &rarr; <strong>1238</strong><br />(+40 for winning)
|raw|Artemis_V13's rating: 1427 &rarr; <strong>1395</strong><br />(-32 for losing)
