|j|☆Plavns
|j|☆mandis_3
|player|p1|Plavns|265|1282
|player|p2|mandis_3|76|1346
|teamsize|p1|6
|teamsize|p2|6
|gametype|singles
|gen|8
|tier|[Gen 8] RU
|rated|
|clearpoke
|poke|p1|Pangoro, M|
|poke|p1|Xatu, F|
|poke|p1|Silvally-*|
|poke|p1|Rillaboom, F|
|poke|p1|Clefairy, F|
|poke|p1|Galvantula, F|
|poke|p2|Salazzle, F|
|poke|p2|Machamp, F|
|poke|p2|Lapras, M|
|poke|p2|Dhelmise|
|poke|p2|Goodra, F|
|poke|p2|Gigalith, F|
|rule|Sleep Clause Mod: Limit one foe put to sleep
|rule|Species Clause: Limit one of each Pokémon
|rule|OHKO Clause: OHKO moves are banned
|rule|Evasion Moves Clause: Evasion moves are banned
|rule|Endless Battle Clause: Forcing endless battles is banned
|rule|HP Percentage Mod: HP is shown in percentages
|rule|Dynamax Clause: You cannot dynamax
|teampreview
|
|start
|switch|p1a: Galvantula|Galvantula, F|100/100
|switch|p2a: Gigalith|Gigalith, F|100/100
|-weather|Sandstorm|[from] ability: Sand Stream|[of] p2a: Gigalith
|turn|1
|
|move|p1a: Galvantula|Volt Switch|p2a: Gigalith
|-damage|p2a: Gigalith|75/100
|-damage|p1a: Galvantula|91/100|[from] item: Life Orb
|
|switch|p1a: Xatu|Xatu, F|100/100|[from]move: Volt Switch
|move|p2a: Gigalith|Rock Blast|p1a: Xatu
|-supereffective|p1a: Xatu
|-damage|p1a: Xatu|73/100
|-supereffective|p1a: Xatu
|-damage|p1a: Xatu|48/100
|-supereffective|p1a: Xatu
|-damage|p1a: Xatu|22/100
|-supereffective|p1a: Xatu
|-damage|p1a: Xatu|0 fnt
|-hitcount|p1a: Xatu|4
|faint|p1a: Xatu
|
|-weather|Sandstorm|[upkeep]
|upkeep
|
|switch|p1a: Pangoro|Pangoro, M|100/100
|turn|2
|
|move|p1a: Pangoro|Close Combat|p2a: Gigalith
|-supereffective|p2a: Gigalith
|-damage|p2a: Gigalith|0 fnt
|-unboost|p1a: Pangoro|def|1
|-unboost|p1a: Pangoro|spd|1
|-damage|p1a: Pangoro|84/100|[from] item: Rocky Helmet|[of] p2a: Gigalith
|faint|p2a: Gigalith
|
|-weather|Sandstorm|[upkeep]
|-damage|p1a: Pangoro|78/100|[from] Sandstorm
|upkeep
|inactive|Battle timer is ON: inactive players will automatically lose when time's up. (requested by Plavns)
|
|switch|p2a: Salazzle|Salazzle, F|100/100
|turn|3
|
|switch|p1a: Silvally|Silvally-Dragon|100/100
|move|p2a: Salazzle|Flamethrower|p1a: Silvally
|-resisted|p1a: Silvally
|-damage|p1a: Silvally|88/100
|
|-weather|Sandstorm|[upkeep]
|-damage|p2a: Salazzle|94/100|[from] Sandstorm
|-damage|p1a: Silvally|82/100|[from] Sandstorm
|-heal|p2a: Salazzle|100/100|[from] item: Black Sludge
|upkeep
|turn|4
|
|move|p2a: Salazzle|Substitute|p2a: Salazzle
|-start|p2a: Salazzle|Substitute
|-damage|p2a: Salazzle|76/100
|move|p1a: Silvally|Multi-Attack|p2a: Salazzle
|-end|p2a: Salazzle|Substitute
|
|-weather|Sandstorm|[upkeep]
|-damage|p2a: Salazzle|70/100|[from] Sandstorm
|-damage|p1a: Silvally|76/100|[from] Sandstorm
|-heal|p2a: Salazzle|76/100|[from] item: Black Sludge
|upkeep
|turn|5
|
|switch|p2a: Lapras|Lapras, M|100/100
|move|p1a: Silvally|Multi-Attack|p2a: Lapras
|-damage|p2a: Lapras|75/100
|
|-weather|none
|-heal|p2a: Lapras|81/100|[from] item: Leftovers
|upkeep
|turn|6
|
|move|p1a: Silvally|U-turn|p2a: Lapras
|-damage|p2a: Lapras|70/100
|
|switch|p1a: Clefairy|Clefairy, F|100/100|[from]move: U-turn
|move|p2a: Lapras|Freeze-Dry|p1a: Clefairy
|-damage|p1a: Clefairy|81/100
|
|-heal|p2a: Lapras|76/100|[from] item: Leftovers
|upkeep
|turn|7
|
|move|p2a: Lapras|Whirlpool|p1a: Clefairy
|-damage|p1a: Clefairy|70/100
|-activate|p1a: Clefairy|move: Whirlpool|[of] p2a: Lapras
|move|p1a: Clefairy|Stealth Rock|p2a: Lapras
|-sidestart|p2: mandis_3|move: Stealth Rock
|
|-heal|p2a: Lapras|82/100|[from] item: Leftovers
|-damage|p1a: Clefairy|58/100|[from] move: Whirlpool|[partiallytrapped]
|upkeep
|turn|8
|
|move|p2a: Lapras|Perish Song|p2a: Lapras
|-start|p1a: Clefairy|perish3|[silent]
|-start|p2a: Lapras|perish3|[silent]
|-fieldactivate|move: Perish Song
|move|p1a: Clefairy|Teleport|p1a: Clefairy
|
|switch|p1a: Pangoro|Pangoro, M|78/100|[from]move: Teleport
|
|-heal|p2a: Lapras|89/100|[from] item: Leftovers
|-start|p2a: Lapras|perish3
|upkeep
|turn|9
|
|move|p2a: Lapras|Protect|p2a: Lapras
|-singleturn|p2a: Lapras|Protect
|move|p1a: Pangoro|Close Combat|p2a: Lapras
|-activate|p2a: Lapras|move: Protect
|
|-heal|p2a: Lapras|95/100|[from] item: Leftovers
|-start|p2a: Lapras|perish2
|upkeep
|turn|10
|
|switch|p2a: Salazzle|Salazzle, F|76/100
|-damage|p2a: Salazzle|51/100|[from] Stealth Rock
|move|p1a: Pangoro|Close Combat|p2a: Salazzle
|-resisted|p2a: Salazzle
|-damage|p2a: Salazzle|0 fnt
|-unboost|p1a: Pangoro|def|1
|-unboost|p1a: Pangoro|spd|1
|faint|p2a: Salazzle
|
|upkeep
|
|switch|p2a: Goodra|Goodra, F|100/100
|-damage|p2a: Goodra|88/100|[from] Stealth Rock
|turn|11
|
|switch|p1a: Clefairy|Clefairy, F|58/100
|move|p2a: Goodra|Sludge Bomb|p1a: Clefairy
|-supereffective|p1a: Clefairy
|-damage|p1a: Clefairy|0 fnt
|faint|p1a: Clefairy
|
|upkeep
|
|switch|p1a: Silvally|Silvally-Dragon|76/100
|turn|12
|
|switch|p2a: Lapras|Lapras, M|95/100
|-damage|p2a: Lapras|70/100|[from] Stealth Rock
|move|p1a: Silvally|Multi-Attack|p2a: Lapras
|-damage|p2a: Lapras|43/100
|
|-heal|p2a: Lapras|49/100|[from] item: Leftovers
|upkeep
|turn|13
|
|move|p1a: Silvally|U-turn|p2a: Lapras
|-damage|p2a: Lapras|39/100
|
|switch|p1a: Pangoro|Pangoro, M|78/100|[from]move: U-turn
|move|p2a: Lapras|Freeze-Dry|p1a: Pangoro
|-damage|p1a: Pangoro|50/100
|
|-heal|p2a: Lapras|45/100|[from] item: Leftovers
|upkeep
|turn|14
|
|move|p2a: Lapras|Protect|p2a: Lapras
|-singleturn|p2a: Lapras|Protect
|move|p1a: Pangoro|Close Combat|p2a: Lapras
|-activate|p2a: Lapras|move: Protect
|
|-heal|p2a: Lapras|51/100|[from] item: Leftovers
|upkeep
|turn|15
|
|move|p1a: Pangoro|Close Combat|p2a: Lapras
|-supereffective|p2a: Lapras
|-damage|p2a: Lapras|0 fnt
|-unboost|p1a: Pangoro|def|1
|-unboost|p1a: Pangoro|spd|1
|faint|p2a: Lapras
|
|upkeep
|
|switch|p2a: Dhelmise|Dhelmise|100/100
|-damage|p2a: Dhelmise|88/100|[from] Stealth Rock
|turn|16
|
|move|p1a: Pangoro|Close Combat|p2a: Dhelmise
|-damage|p2a: Dhelmise|0 fnt
|-unboost|p1a: Pangoro|def|1
|-unboost|p1a: Pangoro|spd|1
|faint|p2a: Dhelmise
|
|upkeep
|
|switch|p2a: Machamp|Machamp, F|100/100
|-damage|p2a: Machamp|94/100|[from] Stealth Rock
|turn|17
|
|move|p2a: Machamp|Bullet Punch|p1a: Pangoro
|-damage|p1a: Pangoro|8/100
|move|p1a: Pangoro|Close Combat|p2a: Machamp
|-damage|p2a: Machamp|0 fnt
|-unboost|p1a: Pangoro|def|1
|-unboost|p1a: Pangoro|spd|1
|faint|p2a: Machamp
|
|upkeep
|-message|mandis_3 forfeited.
|
|win|Plavns
|l|☆mandis_3
|raw|Plavns's rating: 1265 &rarr; <strong>1295</strong><br />(+30 for winning)
|raw|mandis_3's rating: 1346 &rarr; <strong>1322</strong><br />(-24 for losing)
