|j|☆literallyfreemoney
|j|☆Anderson .Packed
|t:|1660435644
|gametype|singles
|player|p1|literallyfreemoney|pokemonbreeder-gen4|1362
|player|p2|Anderson .Packed|marlon|1506
|teamsize|p1|6
|teamsize|p2|6
|gen|8
|tier|[Gen 8] RU
|rated|
|rule|Sleep Clause Mod: Limit one foe put to sleep
|rule|Species Clause: Limit one of each Pokémon
|rule|OHKO Clause: OHKO moves are banned
|rule|Evasion Items Clause: Evasion items are banned
|rule|Evasion Moves Clause: Evasion moves are banned
|rule|Endless Battle Clause: Forcing endless battles is banned
|rule|HP Percentage Mod: HP is shown in percentages
|rule|Dynamax Clause: You cannot dynamax
|clearpoke
|poke|p1|Gardevoir, M|
|poke|p1|Golisopod, M|
|poke|p1|Flygon, F|
|poke|p1|Nidoqueen, F|
|poke|p1|Raikou|
|poke|p1|Starmie|
|poke|p2|Steelix, F|
|poke|p2|Weezing-Galar, M|
|poke|p2|Hitmontop, M|
|poke|p2|Celebi|
|poke|p2|Sharpedo, F|
|poke|p2|Raikou|
|teampreview
|c|☆Anderson .Packed|Hf
|c|☆literallyfreemoney|glhf
|
|t:|1660435673
|start
|switch|p1a: Flygon|Flygon, F|100/100
|switch|p2a: Raikou|Raikou|100/100
|turn|1
|
|t:|1660435681
|switch|p2a: Weezing|Weezing-Galar, M|100/100
|move|p1a: Flygon|Earthquake|p2a: Weezing
|-immune|p2a: Weezing|[from] ability: Levitate
|
|upkeep
|turn|2
|
|t:|1660435688
|switch|p1a: Nidoqueen|Nidoqueen, F|100/100
|move|p2a: Weezing|Toxic Spikes|p1a: Nidoqueen
|-sidestart|p1: literallyfreemoney|move: Toxic Spikes
|
|upkeep
|turn|3
|
|t:|1660435693
|move|p1a: Nidoqueen|Stealth Rock|p2a: Weezing
|-sidestart|p2: Anderson .Packed|move: Stealth Rock
|move|p2a: Weezing|Will-O-Wisp|p1a: Nidoqueen
|-status|p1a: Nidoqueen|brn
|
|-damage|p1a: Nidoqueen|94/100 brn|[from] brn
|upkeep
|turn|4
|
|t:|1660435705
|switch|p2a: Steelix|Steelix, F|100/100
|-damage|p2a: Steelix|97/100|[from] Stealth Rock
|move|p1a: Nidoqueen|Sludge Wave|p2a: Steelix
|-immune|p2a: Steelix
|
|-heal|p1a: Nidoqueen|100/100 brn|[from] item: Black Sludge
|-heal|p2a: Steelix|100/100|[from] item: Leftovers
|-damage|p1a: Nidoqueen|94/100 brn|[from] brn
|upkeep
|turn|5
|
|t:|1660435716
|switch|p1a: Golisopod|Golisopod, M|100/100
|move|p2a: Steelix|Earthquake|p1a: Golisopod
|-resisted|p1a: Golisopod
|-damage|p1a: Golisopod|88/100
|
|upkeep
|turn|6
|
|t:|1660435719
|move|p1a: Golisopod|Knock Off|p2a: Steelix
|-damage|p2a: Steelix|81/100
|-enditem|p2a: Steelix|Leftovers|[from] move: Knock Off|[of] p1a: Golisopod
|move|p2a: Steelix|Stealth Rock|p1a: Golisopod
|-sidestart|p1: literallyfreemoney|move: Stealth Rock
|
|upkeep
|turn|7
|
|t:|1660435725
|switch|p2a: Weezing|Weezing-Galar, M|100/100
|-damage|p2a: Weezing|88/100|[from] Stealth Rock
|move|p1a: Golisopod|Knock Off|p2a: Weezing
|-resisted|p2a: Weezing
|-damage|p2a: Weezing|77/100
|-damage|p1a: Golisopod|71/100|[from] item: Rocky Helmet|[of] p2a: Weezing
|-enditem|p2a: Weezing|Rocky Helmet|[from] move: Knock Off|[of] p1a: Golisopod
|
|upkeep
|turn|8
|
|t:|1660435736
|switch|p1a: Starmie|Starmie|100/100
|move|p2a: Weezing|Strange Steam|p1a: Starmie
|-damage|p1a: Starmie|63/100
|-start|p1a: Starmie|confusion
|
|upkeep
|turn|9
|
|t:|1660435742
|switch|p2a: Raikou|Raikou|100/100
|-damage|p2a: Raikou|88/100|[from] Stealth Rock
|-activate|p1a: Starmie|confusion
|-damage|p1a: Starmie|53/100|[from] confusion
|
|upkeep
|turn|10
|
|t:|1660435749
|switch|p1a: Flygon|Flygon, F|100/100
|-damage|p1a: Flygon|95/100|[from] Stealth Rock
|move|p2a: Raikou|Shadow Ball|p1a: Flygon
|-damage|p1a: Flygon|56/100
|
|upkeep
|turn|11
|
|t:|1660435763
|switch|p2a: Weezing|Weezing-Galar, M|77/100
|-damage|p2a: Weezing|64/100|[from] Stealth Rock
|move|p1a: Flygon|Earthquake|p2a: Weezing
|-immune|p2a: Weezing|[from] ability: Levitate
|
|upkeep
|turn|12
|
|t:|1660435775
|switch|p1a: Nidoqueen|Nidoqueen, F|94/100 brn
|-sideend|p1: literallyfreemoney|move: Toxic Spikes|[of] p1a: Nidoqueen
|-damage|p1a: Nidoqueen|88/100 brn|[from] Stealth Rock
|switch|p2a: Sharpedo|Sharpedo, F|100/100
|-damage|p2a: Sharpedo|88/100|[from] Stealth Rock
|
|-heal|p1a: Nidoqueen|94/100 brn|[from] item: Black Sludge
|-damage|p1a: Nidoqueen|88/100 brn|[from] brn
|upkeep
|turn|13
|
|t:|1660435790
|switch|p1a: Golisopod|Golisopod, M|71/100
|move|p2a: Sharpedo|Waterfall|p1a: Golisopod
|-resisted|p1a: Golisopod
|-damage|p1a: Golisopod|51/100
|-damage|p2a: Sharpedo|78/100|[from] item: Life Orb
|
|-ability|p2a: Sharpedo|Speed Boost|boost
|-boost|p2a: Sharpedo|spe|1
|upkeep
|turn|14
|
|t:|1660435799
|move|p2a: Sharpedo|Protect|p2a: Sharpedo
|-singleturn|p2a: Sharpedo|Protect
|move|p1a: Golisopod|Spikes|p2a: Sharpedo
|-sidestart|p2: Anderson .Packed|Spikes
|
|-ability|p2a: Sharpedo|Speed Boost|boost
|-boost|p2a: Sharpedo|spe|1
|upkeep
|turn|15
|
|t:|1660435807
|move|p2a: Sharpedo|Crunch|p1a: Golisopod
|-damage|p1a: Golisopod|6/100
|-activate|p1a: Golisopod|ability: Emergency Exit
|-damage|p2a: Sharpedo|68/100|[from] item: Life Orb
|
|t:|1660435809
|switch|p1a: Raikou|Raikou|100/100
|-damage|p1a: Raikou|88/100|[from] Stealth Rock
|-ability|p1a: Raikou|Pressure
|
|-heal|p1a: Raikou|94/100|[from] item: Leftovers
|-ability|p2a: Sharpedo|Speed Boost|boost
|-boost|p2a: Sharpedo|spe|1
|upkeep
|turn|16
|
|t:|1660435816
|switch|p2a: Hitmontop|Hitmontop, M|100/100
|-damage|p2a: Hitmontop|95/100|[from] Stealth Rock
|-damage|p2a: Hitmontop|82/100|[from] Spikes
|move|p1a: Raikou|Thunderbolt|p2a: Hitmontop
|-damage|p2a: Hitmontop|53/100
|
|-heal|p1a: Raikou|100/100|[from] item: Leftovers
|upkeep
|turn|17
|
|t:|1660435823
|move|p1a: Raikou|Scald|p2a: Hitmontop
|-damage|p2a: Hitmontop|36/100
|-status|p2a: Hitmontop|brn
|move|p2a: Hitmontop|Rapid Spin|p1a: Raikou
|-damage|p1a: Raikou|84/100
|-boost|p2a: Hitmontop|spe|1
|-sideend|p2: Anderson .Packed|Spikes|[from] move: Rapid Spin|[of] p2a: Hitmontop
|-sideend|p2: Anderson .Packed|Stealth Rock|[from] move: Rapid Spin|[of] p2a: Hitmontop
|
|-heal|p1a: Raikou|91/100|[from] item: Leftovers
|-damage|p2a: Hitmontop|30/100 brn|[from] brn
|upkeep
|turn|18
|
|t:|1660435833
|move|p1a: Raikou|Substitute|p1a: Raikou
|-start|p1a: Raikou|Substitute
|-damage|p1a: Raikou|66/100
|move|p2a: Hitmontop|Close Combat|p1a: Raikou
|-end|p1a: Raikou|Substitute
|-unboost|p2a: Hitmontop|def|1
|-unboost|p2a: Hitmontop|spd|1
|
|-heal|p1a: Raikou|72/100|[from] item: Leftovers
|-damage|p2a: Hitmontop|24/100 brn|[from] brn
|upkeep
|turn|19
|
|t:|1660435836
|move|p2a: Hitmontop|Mach Punch|p1a: Raikou
|-damage|p1a: Raikou|54/100
|move|p1a: Raikou|Scald|p2a: Hitmontop
|-damage|p2a: Hitmontop|0 fnt
|faint|p2a: Hitmontop
|
|-heal|p1a: Raikou|60/100|[from] item: Leftovers
|upkeep
|
|t:|1660435848
|switch|p2a: Raikou|Raikou|88/100
|turn|20
|
|t:|1660435854
|move|p2a: Raikou|Scald|p1a: Raikou
|-damage|p1a: Raikou|29/100
|-status|p1a: Raikou|brn
|move|p1a: Raikou|Calm Mind|p1a: Raikou
|-boost|p1a: Raikou|spa|1
|-boost|p1a: Raikou|spd|1
|
|-heal|p1a: Raikou|35/100 brn|[from] item: Leftovers
|-damage|p1a: Raikou|29/100 brn|[from] brn
|upkeep
|turn|21
|
|t:|1660435863
|switch|p2a: Celebi|Celebi, shiny|100/100
|move|p1a: Raikou|Scald|p2a: Celebi
|-resisted|p2a: Celebi
|-crit|p2a: Celebi
|-damage|p2a: Celebi|73/100
|
|-heal|p1a: Raikou|35/100 brn|[from] item: Leftovers
|-damage|p1a: Raikou|29/100 brn|[from] brn
|upkeep
|turn|22
|
|t:|1660435869
|switch|p1a: Golisopod|Golisopod, M|6/100
|move|p2a: Celebi|Earth Power|p1a: Golisopod
|-resisted|p1a: Golisopod
|-damage|p1a: Golisopod|0 fnt
|faint|p1a: Golisopod
|
|upkeep
|
|t:|1660435872
|switch|p1a: Starmie|Starmie|53/100
|turn|23
|
|t:|1660435875
|move|p1a: Starmie|Rapid Spin|p2a: Celebi
|-damage|p2a: Celebi|64/100
|-boost|p1a: Starmie|spe|1
|-sideend|p1: literallyfreemoney|Stealth Rock|[from] move: Rapid Spin|[of] p1a: Starmie
|move|p2a: Celebi|Giga Drain|p1a: Starmie
|-supereffective|p1a: Starmie
|-damage|p1a: Starmie|0 fnt
|-heal|p2a: Celebi|84/100|[from] drain|[of] p1a: Starmie
|faint|p1a: Starmie
|
|upkeep
|
|t:|1660435883
|switch|p1a: Gardevoir|Gardevoir, M|100/100
|-ability|p1a: Gardevoir|Natural Cure|[from] ability: Trace|[of] p2a: Celebi
|turn|24
|
|t:|1660435894
|switch|p2a: Steelix|Steelix, F|81/100
|move|p1a: Gardevoir|Moonblast|p2a: Steelix
|-resisted|p2a: Steelix
|-damage|p2a: Steelix|50/100
|-unboost|p2a: Steelix|spa|1
|
|upkeep
|turn|25
|
|t:|1660435901
|switch|p1a: Nidoqueen|Nidoqueen, F|88/100 brn
|move|p2a: Steelix|Stealth Rock|p1a: Nidoqueen
|-sidestart|p1: literallyfreemoney|move: Stealth Rock
|
|-heal|p1a: Nidoqueen|94/100 brn|[from] item: Black Sludge
|-damage|p1a: Nidoqueen|88/100 brn|[from] brn
|upkeep
|turn|26
|
|t:|1660435907
|move|p1a: Nidoqueen|Ice Beam|p2a: Steelix
|-damage|p2a: Steelix|26/100
|move|p2a: Steelix|Earthquake|p1a: Nidoqueen
|-supereffective|p1a: Nidoqueen
|-damage|p1a: Nidoqueen|13/100 brn
|
|-heal|p1a: Nidoqueen|20/100 brn|[from] item: Black Sludge
|-damage|p1a: Nidoqueen|13/100 brn|[from] brn
|upkeep
|turn|27
|
|t:|1660435917
|move|p1a: Nidoqueen|Stealth Rock|p2a: Steelix
|-sidestart|p2: Anderson .Packed|move: Stealth Rock
|move|p2a: Steelix|Earthquake|p1a: Nidoqueen
|-supereffective|p1a: Nidoqueen
|-damage|p1a: Nidoqueen|0 fnt
|faint|p1a: Nidoqueen
|
|upkeep
|
|t:|1660435930
|switch|p1a: Raikou|Raikou|29/100 brn
|-damage|p1a: Raikou|16/100 brn|[from] Stealth Rock
|-ability|p1a: Raikou|Pressure
|turn|28
|
|t:|1660435936
|switch|p2a: Celebi|Celebi, shiny|84/100
|move|p1a: Raikou|Scald|p2a: Celebi
|-resisted|p2a: Celebi
|-damage|p2a: Celebi|71/100
|-status|p2a: Celebi|brn
|
|-heal|p1a: Raikou|23/100 brn|[from] item: Leftovers
|-damage|p1a: Raikou|16/100 brn|[from] brn
|-damage|p2a: Celebi|65/100 brn|[from] brn
|upkeep
|turn|29
|
|t:|1660435941
|switch|p1a: Gardevoir|Gardevoir, M|100/100
|-damage|p1a: Gardevoir|88/100|[from] Stealth Rock
|-ability|p1a: Gardevoir|Natural Cure|[from] ability: Trace|[of] p2a: Celebi
|move|p2a: Celebi|Giga Drain|p1a: Gardevoir
|-damage|p1a: Gardevoir|51/100
|-heal|p2a: Celebi|81/100 brn|[from] drain|[of] p1a: Gardevoir
|
|-damage|p2a: Celebi|74/100 brn|[from] brn
|upkeep
|turn|30
|
|t:|1660435948
|-curestatus|p2a: Celebi|brn|[from] ability: Natural Cure
|switch|p2a: Steelix|Steelix, F|26/100
|-damage|p2a: Steelix|23/100|[from] Stealth Rock
|move|p1a: Gardevoir|Moonblast|p2a: Steelix
|-resisted|p2a: Steelix
|-damage|p2a: Steelix|0 fnt
|faint|p2a: Steelix
|
|upkeep
|
|t:|1660435958
|switch|p2a: Raikou|Raikou|88/100
|-damage|p2a: Raikou|76/100|[from] Stealth Rock
|turn|31
|
|t:|1660435964
|move|p2a: Raikou|Shadow Ball|p1a: Gardevoir
|-supereffective|p1a: Gardevoir
|-damage|p1a: Gardevoir|0 fnt
|faint|p1a: Gardevoir
|
|upkeep
|-message|literallyfreemoney forfeited.
|
|win|Anderson .Packed
|raw|literallyfreemoney's rating: 1362 &rarr; <strong>1350</strong><br />(-12 for losing)
|raw|Anderson .Packed's rating: 1506 &rarr; <strong>1518</strong><br />(+12 for winning)
|l|☆literallyfreemoney
