|j|☆eruza02
|j|☆Guybackstage
|t:|1646928812
|gametype|singles
|player|p1|eruza02|101|1169
|player|p2|Guybackstage|cameraman|1457
|teamsize|p1|6
|teamsize|p2|6
|gen|8
|tier|[Gen 8] RU
|rated|
|rule|Sleep Clause Mod: Limit one foe put to sleep
|rule|Species Clause: Limit one of each Pokémon
|rule|OHKO Clause: OHKO moves are banned
|rule|Evasion Moves Clause: Evasion moves are banned
|rule|Endless Battle Clause: Forcing endless battles is banned
|rule|HP Percentage Mod: HP is shown in percentages
|rule|Dynamax Clause: You cannot dynamax
|clearpoke
|poke|p1|Whimsicott, M|
|poke|p1|Sirfetch’d, M|
|poke|p1|Bouffalant, M|
|poke|p1|Snorlax, M|
|poke|p1|Dragalge, F|
|poke|p1|Doublade, M|
|poke|p2|Natu, M|
|poke|p2|Snorlax, M|
|poke|p2|Marowak-Alola, F|
|poke|p2|Porygon2|
|poke|p2|Pangoro, M|
|poke|p2|Whimsicott, F|
|teampreview
|inactive|Battle timer is ON: inactive players will automatically lose when time's up. (requested by Guybackstage)
|
|t:|1646928826
|start
|switch|p1a: Eternatus.|Dragalge, F|100/100
|switch|p2a: Natu|Natu, M|100/100
|turn|1
|
|t:|1646928833
|move|p1a: Eternatus.|Draco Meteor|p2a: Natu
|-enditem|p2a: Natu|Focus Sash
|-damage|p2a: Natu|1/100
|-unboost|p1a: Eternatus.|spa|2
|move|p2a: Natu|Trick Room|p2a: Natu
|-fieldstart|move: Trick Room|[of] p2a: Natu
|
|upkeep
|turn|2
|
|t:|1646928843
|move|p1a: Eternatus.|Draco Meteor|p2a: Natu|[miss]
|-miss|p1a: Eternatus.|p2a: Natu
|move|p2a: Natu|Teleport|p2a: Natu
|
|t:|1646928855
|switch|p2a: Marowak|Marowak-Alola, F|100/100|[from]move: Teleport
|
|upkeep
|turn|3
|
|t:|1646928863
|switch|p1a: Snorlax|Snorlax, M|100/100
|move|p2a: Marowak|Bonemerang|p1a: Snorlax
|-damage|p1a: Snorlax|83/100
|-damage|p1a: Snorlax|67/100
|-hitcount|p1a: Snorlax|2
|
|-heal|p1a: Snorlax|73/100|[from] item: Leftovers
|upkeep
|turn|4
|
|t:|1646928875
|switch|p2a: Natu|Natu, M|1/100
|move|p1a: Snorlax|Curse|p1a: Snorlax
|-unboost|p1a: Snorlax|spe|1
|-boost|p1a: Snorlax|atk|1
|-boost|p1a: Snorlax|def|1
|
|-heal|p1a: Snorlax|79/100|[from] item: Leftovers
|upkeep
|turn|5
|
|t:|1646928885
|move|p1a: Snorlax|Facade|p2a: Natu
|-damage|p2a: Natu|0 fnt
|faint|p2a: Natu
|
|-heal|p1a: Snorlax|85/100|[from] item: Leftovers
|-fieldend|move: Trick Room
|upkeep
|
|t:|1646928892
|switch|p2a: Pangoro|Pangoro, M, shiny|100/100
|turn|6
|
|t:|1646928898
|switch|p1a: Whimsicott|Whimsicott, M|100/100
|move|p2a: Pangoro|Close Combat|p1a: Whimsicott
|-resisted|p1a: Whimsicott
|-damage|p1a: Whimsicott|35/100
|-unboost|p2a: Pangoro|def|1
|-unboost|p2a: Pangoro|spd|1
|-damage|p2a: Pangoro|91/100|[from] item: Life Orb
|
|upkeep
|turn|7
|
|t:|1646928907
|move|p2a: Pangoro|Bullet Punch|p1a: Whimsicott
|-supereffective|p1a: Whimsicott
|-damage|p1a: Whimsicott|0 fnt
|faint|p1a: Whimsicott
|-damage|p2a: Pangoro|81/100|[from] item: Life Orb
|
|upkeep
|
|t:|1646928914
|switch|p1a: Sirfetch’d|Sirfetch’d, M|100/100
|turn|8
|
|t:|1646928920
|switch|p2a: Whimsicott|Whimsicott, F, shiny|100/100
|move|p1a: Sirfetch’d|Close Combat|p2a: Whimsicott
|-resisted|p2a: Whimsicott
|-damage|p2a: Whimsicott|57/100
|-unboost|p1a: Sirfetch’d|def|1
|-unboost|p1a: Sirfetch’d|spd|1
|
|-heal|p2a: Whimsicott|63/100|[from] item: Leftovers
|upkeep
|turn|9
|
|t:|1646928933
|switch|p1a: Bouffalant|Bouffalant, M|100/100
|move|p2a: Whimsicott|Moonblast|p1a: Bouffalant
|-damage|p1a: Bouffalant|77/100
|-unboost|p1a: Bouffalant|spa|1
|
|-heal|p2a: Whimsicott|69/100|[from] item: Leftovers
|upkeep
|turn|10
|
|t:|1646928943
|move|p1a: Bouffalant|Head Charge|p2a: Whimsicott
|-damage|p2a: Whimsicott|0 fnt
|faint|p2a: Whimsicott
|-damage|p1a: Bouffalant|62/100|[from] Recoil
|
|upkeep
|
|t:|1646928953
|switch|p2a: Marowak|Marowak-Alola, F|100/100
|turn|11
|
|t:|1646928957
|switch|p1a: Snorlax|Snorlax, M|85/100
|move|p2a: Marowak|Flare Blitz|p1a: Snorlax
|-damage|p1a: Snorlax|52/100
|
|-heal|p1a: Snorlax|58/100|[from] item: Leftovers
|upkeep
|turn|12
|
|t:|1646928965
|move|p1a: Snorlax|Curse|p1a: Snorlax
|-unboost|p1a: Snorlax|spe|1
|-boost|p1a: Snorlax|atk|1
|-boost|p1a: Snorlax|def|1
|move|p2a: Marowak|Swords Dance|p2a: Marowak
|-boost|p2a: Marowak|atk|2
|
|-heal|p1a: Snorlax|64/100|[from] item: Leftovers
|upkeep
|turn|13
|
|t:|1646928979
|move|p2a: Marowak|Flare Blitz|p1a: Snorlax
|-damage|p1a: Snorlax|21/100
|move|p1a: Snorlax|Curse|p1a: Snorlax
|-unboost|p1a: Snorlax|spe|1
|-boost|p1a: Snorlax|atk|1
|-boost|p1a: Snorlax|def|1
|
|-heal|p1a: Snorlax|27/100|[from] item: Leftovers
|upkeep
|turn|14
|
|t:|1646928991
|move|p2a: Marowak|Flare Blitz|p1a: Snorlax
|-damage|p1a: Snorlax|0 fnt
|faint|p1a: Snorlax
|
|upkeep
|
|t:|1646928997
|switch|p1a: Eternatus.|Dragalge, F|100/100
|turn|15
|
|t:|1646929002
|switch|p2a: Porygon2|Porygon2, shiny|100/100
|-ability|p2a: Porygon2|Adaptability|[from] ability: Trace|[of] p1a: Eternatus.
|move|p1a: Eternatus.|Dragon Pulse|p2a: Porygon2
|-damage|p2a: Porygon2|60/100
|
|upkeep
|turn|16
|
|t:|1646929013
|move|p1a: Eternatus.|Dragon Pulse|p2a: Porygon2
|-damage|p2a: Porygon2|20/100
|move|p2a: Porygon2|Trick Room|p2a: Porygon2
|-fieldstart|move: Trick Room|[of] p2a: Porygon2
|
|upkeep
|turn|17
|
|t:|1646929022
|move|p1a: Eternatus.|Dragon Pulse|p2a: Porygon2
|-crit|p2a: Porygon2
|-damage|p2a: Porygon2|0 fnt
|faint|p2a: Porygon2
|
|upkeep
|
|t:|1646929032
|switch|p2a: Pangoro|Pangoro, M, shiny|81/100
|turn|18
|
|t:|1646929035
|move|p2a: Pangoro|Knock Off|p1a: Eternatus.
|-damage|p1a: Eternatus.|10/100
|-enditem|p1a: Eternatus.|Choice Specs|[from] move: Knock Off|[of] p2a: Pangoro
|-damage|p2a: Pangoro|71/100|[from] item: Life Orb
|move|p1a: Eternatus.|Dragon Pulse|p2a: Pangoro
|-damage|p2a: Pangoro|5/100
|
|upkeep
|turn|19
|
|t:|1646929044
|move|p2a: Pangoro|Knock Off|p1a: Eternatus.
|-damage|p1a: Eternatus.|0 fnt
|faint|p1a: Eternatus.
|-damage|p2a: Pangoro|0 fnt|[from] item: Life Orb
|faint|p2a: Pangoro
|
|upkeep
|
|t:|1646929066
|switch|p2a: Marowak|Marowak-Alola, F|100/100
|switch|p1a: Doublade|Doublade, M|100/100
|turn|20
|
|t:|1646929072
|move|p2a: Marowak|Flare Blitz|p1a: Doublade
|-supereffective|p1a: Doublade
|-damage|p1a: Doublade|10/100
|move|p1a: Doublade|Iron Head|p2a: Marowak
|-resisted|p2a: Marowak
|-damage|p2a: Marowak|87/100
|
|-fieldend|move: Trick Room
|upkeep
|turn|21
|
|t:|1646929082
|move|p1a: Doublade|Iron Head|p2a: Marowak
|-resisted|p2a: Marowak
|-damage|p2a: Marowak|72/100
|cant|p2a: Marowak|flinch
|
|upkeep
|turn|22
|
|t:|1646929089
|switch|p2a: Snorlax|Snorlax, M, shiny|100/100
|move|p1a: Doublade|Iron Head|p2a: Snorlax
|-damage|p2a: Snorlax|74/100
|
|upkeep
|turn|23
|
|t:|1646929098
|move|p1a: Doublade|Swords Dance|p1a: Doublade
|-boost|p1a: Doublade|atk|2
|move|p2a: Snorlax|Earthquake|p1a: Doublade
|-supereffective|p1a: Doublade
|-damage|p1a: Doublade|0 fnt
|faint|p1a: Doublade
|
|upkeep
|
|t:|1646929109
|switch|p1a: Sirfetch’d|Sirfetch’d, M|100/100
|turn|24
|
|t:|1646929113
|switch|p2a: Marowak|Marowak-Alola, F|72/100
|move|p1a: Sirfetch’d|Close Combat|p2a: Marowak
|-damage|p2a: Marowak|0 fnt
|-unboost|p1a: Sirfetch’d|def|1
|-unboost|p1a: Sirfetch’d|spd|1
|faint|p2a: Marowak
|
|upkeep
|
|t:|1646929122
|switch|p2a: Snorlax|Snorlax, M, shiny|74/100
|turn|25
|
|t:|1646929126
|move|p1a: Sirfetch’d|Close Combat|p2a: Snorlax
|-supereffective|p2a: Snorlax
|-damage|p2a: Snorlax|0 fnt
|-unboost|p1a: Sirfetch’d|def|1
|-unboost|p1a: Sirfetch’d|spd|1
|faint|p2a: Snorlax
|
|win|eruza02
|raw|eruza02's rating: 1195 &rarr; <strong>1236</strong><br />(+41 for winning)
|raw|Guybackstage's rating: 1457 &rarr; <strong>1424</strong><br />(-33 for losing)
|l|☆Guybackstage
||Ladder isn't responding, score probably updated but might not have (Request timeout).
