|j|☆LMartensG
|j|☆Silvally-Gold
|inactive|Battle timer is ON: inactive players will automatically lose when time's up.
|t:|1645460305
|gametype|singles
|player|p1|LMartensG|musician|
|player|p2|Silvally-Gold|teacher-gen2|
|teamsize|p1|6
|teamsize|p2|6
|gen|8
|tier|[Gen 8] RU
|rated|Tournament battle
|rule|Sleep Clause Mod: Limit one foe put to sleep
|rule|Species Clause: Limit one of each Pokémon
|rule|OHKO Clause: OHKO moves are banned
|rule|Evasion Moves Clause: Evasion moves are banned
|rule|Endless Battle Clause: Forcing endless battles is banned
|rule|HP Percentage Mod: HP is shown in percentages
|rule|Dynamax Clause: You cannot dynamax
|
|t:|1645460305
|start
|switch|p1a: Porygon2|Porygon2|100/100
|switch|p2a: Cloyster|Cloyster, M|100/100
|-ability|p1a: Porygon2|Download|boost
|-boost|p1a: Porygon2|spa|1
|turn|1
|j|*Lady Monita ❄
|inactive|LMartensG has 120 seconds left.
|inactive|LMartensG has 90 seconds left.
|
|t:|1645460394
|move|p2a: Cloyster|Spikes|p1a: Porygon2
|-sidestart|p1: LMartensG|Spikes
|move|p1a: Porygon2|Trick Room|p1a: Porygon2
|-fieldstart|move: Trick Room|[of] p1a: Porygon2
|
|upkeep
|turn|2
|
|t:|1645460406
|switch|p1a: Stakataka|Stakataka|100/100
|-damage|p1a: Stakataka|88/100|[from] Spikes
|move|p2a: Cloyster|Explosion|p1a: Stakataka
|-resisted|p1a: Stakataka
|-damage|p1a: Stakataka|78/100
|faint|p2a: Cloyster
|
|upkeep
|
|t:|1645460412
|switch|p2a: Suicune|Suicune|100/100
|-ability|p2a: Suicune|Pressure
|turn|3
|
|t:|1645460415
|move|p1a: Stakataka|Stone Edge|p2a: Suicune
|-crit|p2a: Suicune
|-damage|p2a: Suicune|0 fnt
|faint|p2a: Suicune
|-ability|p1a: Stakataka|Beast Boost|boost
|-boost|p1a: Stakataka|def|1
|
|upkeep
|
|t:|1645460422
|switch|p2a: Flygon|Flygon, M, shiny|100/100
|turn|4
|
|t:|1645460428
|move|p1a: Stakataka|Stone Edge|p2a: Flygon
|-resisted|p2a: Flygon
|-damage|p2a: Flygon|44/100
|move|p2a: Flygon|Dragon Dance|p2a: Flygon
|-boost|p2a: Flygon|atk|1
|-boost|p2a: Flygon|spe|1
|
|upkeep
|turn|5
|
|t:|1645460433
|move|p1a: Stakataka|Stone Edge|p2a: Flygon
|-resisted|p2a: Flygon
|-damage|p2a: Flygon|0 fnt
|faint|p2a: Flygon
|-ability|p1a: Stakataka|Beast Boost|boost
|-boost|p1a: Stakataka|def|1
|
|-fieldend|move: Trick Room
|upkeep
|
|t:|1645460435
|switch|p2a: Lucario|Lucario, F, shiny|100/100
|turn|6
|
|t:|1645460440
|move|p2a: Lucario|Swords Dance|p2a: Lucario
|-boost|p2a: Lucario|atk|2
|move|p1a: Stakataka|Stone Edge|p2a: Lucario
|-resisted|p2a: Lucario
|-damage|p2a: Lucario|68/100
|
|upkeep
|turn|7
|
|t:|1645460445
|switch|p1a: Porygon2|Porygon2|100/100
|-damage|p1a: Porygon2|88/100|[from] Spikes
|-ability|p1a: Porygon2|Download|boost
|-boost|p1a: Porygon2|atk|1
|move|p2a: Lucario|Swords Dance|p2a: Lucario
|-boost|p2a: Lucario|atk|2
|
|upkeep
|turn|8
|
|t:|1645460449
|switch|p1a: Marowak|Marowak-Alola, F|100/100
|-damage|p1a: Marowak|88/100|[from] Spikes
|move|p2a: Lucario|Close Combat|p1a: Marowak
|-immune|p1a: Marowak
|
|upkeep
|turn|9
|
|t:|1645460451
|move|p2a: Lucario|Meteor Mash|p1a: Marowak
|-resisted|p1a: Marowak
|-damage|p1a: Marowak|14/100
|-boost|p2a: Lucario|atk|1
|-damage|p2a: Lucario|59/100|[from] item: Life Orb
|move|p1a: Marowak|Flare Blitz|p2a: Lucario
|-supereffective|p2a: Lucario
|-damage|p2a: Lucario|0 fnt
|faint|p2a: Lucario
|
|upkeep
|
|t:|1645460459
|switch|p2a: Mimikyu|Mimikyu, M|100/100
|turn|10
|
|t:|1645460461
|move|p2a: Mimikyu|Swords Dance|p2a: Mimikyu
|-boost|p2a: Mimikyu|atk|2
|move|p1a: Marowak|Bonemerang|p2a: Mimikyu
|-activate|p2a: Mimikyu|ability: Disguise
|-damage|p2a: Mimikyu|100/100
|detailschange|p2a: Mimikyu|Mimikyu-Busted, M
|-damage|p2a: Mimikyu|88/100|[from] pokemon: Mimikyu-Busted
|-damage|p2a: Mimikyu|41/100
|-hitcount|p2a: Mimikyu|2
|
|upkeep
|turn|11
|
|t:|1645460469
|move|p2a: Mimikyu|Shadow Sneak|p1a: Marowak
|-supereffective|p1a: Marowak
|-damage|p1a: Marowak|0 fnt
|faint|p1a: Marowak
|-damage|p2a: Mimikyu|31/100|[from] item: Life Orb
|
|upkeep
|
|t:|1645460473
|switch|p1a: Stakataka|Stakataka|78/100
|-damage|p1a: Stakataka|66/100|[from] Spikes
|turn|12
|
|t:|1645460475
|move|p2a: Mimikyu|Drain Punch|p1a: Stakataka
|-supereffective|p1a: Stakataka
|-damage|p1a: Stakataka|0 fnt
|-heal|p2a: Mimikyu|74/100|[from] drain|[of] p1a: Stakataka
|faint|p1a: Stakataka
|-damage|p2a: Mimikyu|64/100|[from] item: Life Orb
|
|upkeep
|
|t:|1645460481
|switch|p1a: Volcanion|Volcanion|100/100
|-damage|p1a: Volcanion|88/100|[from] Spikes
|turn|13
|
|t:|1645460491
|switch|p2a: Cresselia|Cresselia, F, shiny|100/100
|move|p1a: Volcanion|Sludge Bomb|p2a: Cresselia
|-damage|p2a: Cresselia|79/100
|
|upkeep
|turn|14
|
|t:|1645460497
|switch|p1a: Rhyperior|Rhyperior, M|100/100
|-damage|p1a: Rhyperior|88/100|[from] Spikes
|move|p2a: Cresselia|Trick|p1a: Rhyperior
|-activate|p2a: Cresselia|move: Trick|[of] p1a: Rhyperior
|-item|p1a: Rhyperior|Choice Scarf|[from] move: Trick
|-item|p2a: Cresselia|Leftovers|[from] move: Trick
|
|-heal|p2a: Cresselia|85/100|[from] item: Leftovers
|upkeep
|turn|15
|
|t:|1645460503
|move|p2a: Cresselia|Ice Beam|p1a: Rhyperior
|-supereffective|p1a: Rhyperior
|-damage|p1a: Rhyperior|49/100
|move|p1a: Rhyperior|Smack Down|p2a: Cresselia
|-damage|p2a: Cresselia|62/100
|-start|p2a: Cresselia|Smack Down
|
|-heal|p2a: Cresselia|68/100|[from] item: Leftovers
|upkeep
|turn|16
|
|t:|1645460508
|move|p2a: Cresselia|Ice Beam|p1a: Rhyperior
|-supereffective|p1a: Rhyperior
|-damage|p1a: Rhyperior|12/100
|move|p1a: Rhyperior|Smack Down|p2a: Cresselia
|-damage|p2a: Cresselia|47/100
|
|-heal|p2a: Cresselia|53/100|[from] item: Leftovers
|upkeep
|turn|17
|
|t:|1645460515
|move|p2a: Cresselia|Ice Beam|p1a: Rhyperior
|-supereffective|p1a: Rhyperior
|-damage|p1a: Rhyperior|0 fnt
|faint|p1a: Rhyperior
|
|-heal|p2a: Cresselia|59/100|[from] item: Leftovers
|upkeep
|
|t:|1645460517
|switch|p1a: Porygon2|Porygon2|88/100
|-damage|p1a: Porygon2|76/100|[from] Spikes
|-ability|p1a: Porygon2|Download|boost
|-boost|p1a: Porygon2|atk|1
|turn|18
|
|t:|1645460524
|move|p2a: Cresselia|Trick|p1a: Porygon2
|-activate|p2a: Cresselia|move: Trick|[of] p1a: Porygon2
|-item|p1a: Porygon2|Leftovers|[from] move: Trick
|-item|p2a: Cresselia|Eviolite|[from] move: Trick
|move|p1a: Porygon2|Trick Room|p1a: Porygon2
|-fieldstart|move: Trick Room|[of] p1a: Porygon2
|
|-heal|p1a: Porygon2|82/100|[from] item: Leftovers
|upkeep
|turn|19
|
|t:|1645460529
|switch|p1a: Volcanion|Volcanion|88/100
|-damage|p1a: Volcanion|76/100|[from] Spikes
|move|p2a: Cresselia|Thunder Wave|p1a: Volcanion
|-status|p1a: Volcanion|par
|
|upkeep
|turn|20
|
|t:|1645460541
|move|p1a: Volcanion|Steam Eruption|p2a: Cresselia
|-damage|p2a: Cresselia|15/100
|move|p2a: Cresselia|Lunar Dance|p2a: Cresselia
|faint|p2a: Cresselia
|
|upkeep
|
|t:|1645460545
|switch|p2a: Mimikyu|Mimikyu-Busted, M|64/100
|-heal|p2a: Mimikyu|100/100|[from] move: Lunar Dance
|turn|21
|
|t:|1645460551
|move|p1a: Volcanion|Sludge Bomb|p2a: Mimikyu
|-damage|p2a: Mimikyu|55/100
|move|p2a: Mimikyu|Swords Dance|p2a: Mimikyu
|-boost|p2a: Mimikyu|atk|2
|
|upkeep
|turn|22
|
|t:|1645460558
|move|p1a: Volcanion|Steam Eruption|p2a: Mimikyu
|-damage|p2a: Mimikyu|0 fnt
|faint|p2a: Mimikyu
|
|win|LMartensG
|n|☆LMartensG|lmartensg
|n|☆Silvally-Gold|silvallygold
|n|*Lady Monita ❄|ladymonita
