|j|☆polar_geass
|j|☆Terry kloak
|t:|1614184227
|player|p1|polar_geass|skyla|1357
|player|p2|Terry kloak|170|1305
|teamsize|p1|6
|teamsize|p2|6
|gametype|singles
|gen|8
|tier|[Gen 8] RU
|rated|
|clearpoke
|poke|p1|Slowbro-Galar, F|
|poke|p1|Tangela, M|
|poke|p1|Obstagoon, M|
|poke|p1|Mienshao, F|
|poke|p1|Volcanion|
|poke|p1|Steelix, M|
|poke|p2|Abomasnow, M|
|poke|p2|Arctovish|
|poke|p2|Xurkitree|
|poke|p2|Starmie|
|poke|p2|Klefki, M|
|poke|p2|Seismitoad, M|
|rule|Sleep Clause Mod: Limit one foe put to sleep
|rule|Species Clause: Limit one of each Pokémon
|rule|OHKO Clause: OHKO moves are banned
|rule|Evasion Moves Clause: Evasion moves are banned
|rule|Endless Battle Clause: Forcing endless battles is banned
|rule|HP Percentage Mod: HP is shown in percentages
|rule|Dynamax Clause: You cannot dynamax
|teampreview
|
|t:|1614184240
|start
|switch|p1a: Mienshao|Mienshao, F|100/100
|switch|p2a: Klefki|Klefki, M|100/100
|turn|1
|
|t:|1614184247
|switch|p1a: Steelix|Steelix, M|100/100
|move|p2a: Klefki|Thunder Wave|p1a: Steelix
|-immune|p1a: Steelix
|
|upkeep
|turn|2
|inactive|Battle timer is ON: inactive players will automatically lose when time's up. (requested by Terry kloak)
|
|t:|1614184257
|switch|p2a: Seismitoad|Seismitoad, M|100/100
|move|p1a: Steelix|Heavy Slam|p2a: Seismitoad
|-resisted|p2a: Seismitoad
|-damage|p2a: Seismitoad|84/100
|
|-heal|p2a: Seismitoad|90/100|[from] item: Leftovers
|upkeep
|turn|3
|
|t:|1614184266
|move|p2a: Seismitoad|Stealth Rock|p1a: Steelix
|-sidestart|p1: polar_geass|move: Stealth Rock
|move|p1a: Steelix|Toxic|p2a: Seismitoad
|-status|p2a: Seismitoad|tox
|
|-heal|p2a: Seismitoad|96/100 tox|[from] item: Leftovers
|-damage|p2a: Seismitoad|90/100 tox|[from] psn
|upkeep
|turn|4
|
|t:|1614184276
|switch|p1a: Tangela|Tangela, M|100/100
|-damage|p1a: Tangela|88/100|[from] Stealth Rock
|move|p2a: Seismitoad|Scald|p1a: Tangela
|-resisted|p1a: Tangela
|-damage|p1a: Tangela|71/100
|-status|p1a: Tangela|brn
|
|-heal|p2a: Seismitoad|96/100 tox|[from] item: Leftovers
|-damage|p2a: Seismitoad|84/100 tox|[from] psn
|-damage|p1a: Tangela|65/100 brn|[from] brn
|upkeep
|turn|5
|
|t:|1614184291
|switch|p2a: Klefki|Klefki, M|100/100
|switch|p1a: Obstagoon|Obstagoon, M|100/100
|-damage|p1a: Obstagoon|88/100|[from] Stealth Rock
|
|-status|p1a: Obstagoon|brn|[from] item: Flame Orb
|upkeep
|turn|6
|
|t:|1614184301
|switch|p1a: Steelix|Steelix, M|100/100
|-damage|p1a: Steelix|97/100|[from] Stealth Rock
|move|p2a: Klefki|Spikes|p1a: Steelix
|-sidestart|p1: polar_geass|Spikes
|
|-heal|p1a: Steelix|100/100|[from] item: Leftovers
|upkeep
|turn|7
|
|t:|1614184313
|switch|p2a: Starmie|Starmie|100/100
|move|p1a: Steelix|Stealth Rock|p2a: Starmie
|-sidestart|p2: Terry kloak|move: Stealth Rock
|
|upkeep
|turn|8
|
|t:|1614184321
|switch|p1a: Volcanion|Volcanion|100/100
|move|p2a: Starmie|Trick|p1a: Volcanion
|-activate|p2a: Starmie|move: Trick|[of] p1a: Volcanion
|-item|p1a: Volcanion|Choice Specs|[from] move: Trick
|-item|p2a: Starmie|Heavy-Duty Boots|[from] move: Trick
|
|upkeep
|turn|9
|
|t:|1614184334
|switch|p2a: Seismitoad|Seismitoad, M|84/100 tox
|-damage|p2a: Seismitoad|78/100 tox|[from] Stealth Rock
|move|p1a: Volcanion|Defog|p2a: Seismitoad
|-unboost|p2a: Seismitoad|evasion|1
|-sideend|p2: Terry kloak|Stealth Rock|[from] move: Defog|[of] p1a: Volcanion
|-sideend|p1: polar_geass|Spikes|[from] move: Defog|[of] p1a: Volcanion
|-sideend|p1: polar_geass|Stealth Rock|[from] move: Defog|[of] p1a: Volcanion
|
|-heal|p2a: Seismitoad|84/100 tox|[from] item: Leftovers
|-damage|p2a: Seismitoad|78/100 tox|[from] psn
|upkeep
|turn|10
|
|t:|1614184346
|switch|p1a: Obstagoon|Obstagoon, M|88/100 brn
|move|p2a: Seismitoad|Stealth Rock|p1a: Obstagoon
|-sidestart|p1: polar_geass|move: Stealth Rock
|
|-heal|p2a: Seismitoad|84/100 tox|[from] item: Leftovers
|-damage|p1a: Obstagoon|82/100 brn|[from] brn
|-damage|p2a: Seismitoad|72/100 tox|[from] psn
|upkeep
|turn|11
|
|t:|1614184357
|switch|p2a: Klefki|Klefki, M|100/100
|move|p1a: Obstagoon|Switcheroo|p2a: Klefki
|-activate|p1a: Obstagoon|move: Trick|[of] p2a: Klefki
|-item|p2a: Klefki|Flame Orb|[from] move: Switcheroo
|-item|p1a: Obstagoon|Leftovers|[from] move: Switcheroo
|
|-heal|p1a: Obstagoon|88/100 brn|[from] item: Leftovers
|-damage|p1a: Obstagoon|82/100 brn|[from] brn
|-status|p2a: Klefki|brn|[from] item: Flame Orb
|upkeep
|turn|12
|
|t:|1614184370
|switch|p1a: Volcanion|Volcanion|100/100
|-damage|p1a: Volcanion|76/100|[from] Stealth Rock
|move|p2a: Klefki|Spikes|p1a: Volcanion
|-sidestart|p1: polar_geass|Spikes
|
|-damage|p2a: Klefki|95/100 brn|[from] brn
|upkeep
|turn|13
|
|t:|1614184380
|move|p2a: Klefki|Thunder Wave|p1a: Volcanion
|-status|p1a: Volcanion|par
|move|p1a: Volcanion|Flamethrower|p2a: Klefki
|-supereffective|p2a: Klefki
|-damage|p2a: Klefki|0 fnt
|faint|p2a: Klefki
|
|upkeep
|
|t:|1614184399
|switch|p2a: Starmie|Starmie|100/100
|turn|14
|
|t:|1614184410
|move|p2a: Starmie|Hydro Pump|p1a: Volcanion
|-heal|p1a: Volcanion|100/100 par|[from] ability: Water Absorb|[of] p2a: Starmie
|cant|p1a: Volcanion|par
|
|upkeep
|turn|15
|
|t:|1614184419
|move|p2a: Starmie|Hydro Pump|p1a: Volcanion
|-immune|p1a: Volcanion|[from] ability: Water Absorb
|move|p1a: Volcanion|Flamethrower|p2a: Starmie
|-resisted|p2a: Starmie
|-crit|p2a: Starmie
|-damage|p2a: Starmie|28/100
|
|upkeep
|turn|16
|
|t:|1614184427
|move|p2a: Starmie|Thunderbolt|p1a: Volcanion
|-supereffective|p1a: Volcanion
|-damage|p1a: Volcanion|33/100 par
|cant|p1a: Volcanion|par
|
|upkeep
|turn|17
|
|t:|1614184433
|switch|p1a: Tangela|Tangela, M|98/100 brn
|-damage|p1a: Tangela|86/100 brn|[from] Stealth Rock
|-damage|p1a: Tangela|74/100 brn|[from] Spikes
|move|p2a: Starmie|Thunderbolt|p1a: Tangela
|-resisted|p1a: Tangela
|-damage|p1a: Tangela|50/100 brn
|
|-damage|p1a: Tangela|44/100 brn|[from] brn
|upkeep
|turn|18
|
|t:|1614184444
|switch|p2a: Abomasnow|Abomasnow, M|100/100
|-weather|Hail|[from] ability: Snow Warning|[of] p2a: Abomasnow
|move|p1a: Tangela|Giga Drain|p2a: Abomasnow
|-resisted|p2a: Abomasnow
|-damage|p2a: Abomasnow|86/100
|-heal|p1a: Tangela|51/100 brn|[from] drain|[of] p2a: Abomasnow
|
|-weather|Hail|[upkeep]
|-damage|p1a: Tangela|45/100 brn|[from] Hail
|-damage|p1a: Tangela|39/100 brn|[from] brn
|upkeep
|turn|19
|
|t:|1614184461
|switch|p1a: Volcanion|Volcanion|33/100 par
|-damage|p1a: Volcanion|20/100 par|[from] Spikes
|-damage|p1a: Volcanion|0 fnt|[from] Stealth Rock
|faint|p1a: Volcanion
|move|p2a: Abomasnow|Aurora Veil|p2a: Abomasnow
|-sidestart|p2: Terry kloak|move: Aurora Veil
|
|-weather|Hail|[upkeep]
|upkeep
|
|t:|1614184470
|switch|p1a: Mienshao|Mienshao, F|100/100
|-damage|p1a: Mienshao|95/100|[from] Stealth Rock
|-damage|p1a: Mienshao|82/100|[from] Spikes
|turn|20
|
|t:|1614184488
|switch|p2a: Seismitoad|Seismitoad, M|72/100 tox
|move|p1a: Mienshao|U-turn|p2a: Seismitoad
|-damage|p2a: Seismitoad|63/100 tox
|
|t:|1614184500
|switch|p1a: Obstagoon|Obstagoon, M|82/100 brn|[from]move: U-turn
|-damage|p1a: Obstagoon|70/100 brn|[from] Spikes
|-damage|p1a: Obstagoon|58/100 brn|[from] Stealth Rock
|
|-weather|Hail|[upkeep]
|-damage|p1a: Obstagoon|52/100 brn|[from] Hail
|-damage|p2a: Seismitoad|57/100 tox|[from] Hail
|-heal|p1a: Obstagoon|58/100 brn|[from] item: Leftovers
|-heal|p2a: Seismitoad|63/100 tox|[from] item: Leftovers
|-damage|p1a: Obstagoon|52/100 brn|[from] brn
|-damage|p2a: Seismitoad|57/100 tox|[from] psn
|upkeep
|turn|21
|inactive|polar_geass has 120 seconds left.
|
|t:|1614184516
|move|p1a: Obstagoon|Facade|p2a: Seismitoad
|-damage|p2a: Seismitoad|23/100 tox
|move|p2a: Seismitoad|Scald|p1a: Obstagoon
|-damage|p1a: Obstagoon|22/100 brn
|
|-weather|Hail|[upkeep]
|-damage|p1a: Obstagoon|16/100 brn|[from] Hail
|-damage|p2a: Seismitoad|17/100 tox|[from] Hail
|-heal|p1a: Obstagoon|22/100 brn|[from] item: Leftovers
|-heal|p2a: Seismitoad|23/100 tox|[from] item: Leftovers
|-damage|p1a: Obstagoon|16/100 brn|[from] brn
|-damage|p2a: Seismitoad|11/100 tox|[from] psn
|upkeep
|turn|22
|inactive|polar_geass has 120 seconds left.
|
|t:|1614184531
|move|p1a: Obstagoon|Knock Off|p2a: Seismitoad
|-damage|p2a: Seismitoad|0 fnt
|-enditem|p2a: Seismitoad|Leftovers|[from] move: Knock Off|[of] p1a: Obstagoon
|faint|p2a: Seismitoad
|
|-weather|Hail|[upkeep]
|-damage|p1a: Obstagoon|10/100 brn|[from] Hail
|-heal|p1a: Obstagoon|16/100 brn|[from] item: Leftovers
|-damage|p1a: Obstagoon|10/100 brn|[from] brn
|upkeep
|
|t:|1614184542
|switch|p2a: Arctovish|Arctovish|100/100
|turn|23
|
|t:|1614184555
|move|p2a: Arctovish|Fishious Rend|p1a: Obstagoon
|-damage|p1a: Obstagoon|0 fnt
|-damage|p2a: Arctovish|91/100|[from] item: Life Orb
|faint|p1a: Obstagoon
|
|-weather|Hail|[upkeep]
|-sideend|p2: Terry kloak|move: Aurora Veil
|upkeep
|inactive|polar_geass has 120 seconds left.
|
|t:|1614184573
|switch|p1a: Mienshao|Mienshao, F|100/100
|-damage|p1a: Mienshao|88/100|[from] Spikes
|-damage|p1a: Mienshao|82/100|[from] Stealth Rock
|turn|24
|inactive|polar_geass has 120 seconds left.
|
|t:|1614184583
|move|p1a: Mienshao|Close Combat|p2a: Arctovish
|-supereffective|p2a: Arctovish
|-damage|p2a: Arctovish|0 fnt
|-unboost|p1a: Mienshao|def|1
|-unboost|p1a: Mienshao|spd|1
|faint|p2a: Arctovish
|
|-weather|Hail|[upkeep]
|-damage|p1a: Mienshao|77/100|[from] Hail
|upkeep
|
|t:|1614184593
|switch|p2a: Xurkitree|Xurkitree|100/100
|turn|25
|
|t:|1614184597
|switch|p1a: Steelix|Steelix, M|100/100
|-damage|p1a: Steelix|88/100|[from] Spikes
|-damage|p1a: Steelix|85/100|[from] Stealth Rock
|move|p2a: Xurkitree|Energy Ball|p1a: Steelix
|-damage|p1a: Steelix|47/100
|
|-weather|none
|-heal|p1a: Steelix|53/100|[from] item: Leftovers
|upkeep
|turn|26
|
|t:|1614184612
|switch|p2a: Starmie|Starmie|28/100
|move|p1a: Steelix|Heavy Slam|p2a: Starmie
|-resisted|p2a: Starmie
|-damage|p2a: Starmie|5/100
|
|-heal|p1a: Steelix|60/100|[from] item: Leftovers
|upkeep
|turn|27
|
|t:|1614184631
|switch|p1a: Slowbro|Slowbro-Galar, F|100/100
|-damage|p1a: Slowbro|88/100|[from] Spikes
|-damage|p1a: Slowbro|76/100|[from] Stealth Rock
|move|p2a: Starmie|Hydro Pump|p1a: Slowbro
|-damage|p1a: Slowbro|17/100
|
|upkeep
|turn|28
|
|t:|1614184650
|move|p2a: Starmie|Thunderbolt|p1a: Slowbro
|-damage|p1a: Slowbro|0 fnt
|faint|p1a: Slowbro
|
|upkeep
|
|t:|1614184655
|switch|p1a: Mienshao|Mienshao, F|100/100
|-damage|p1a: Mienshao|95/100|[from] Stealth Rock
|-damage|p1a: Mienshao|82/100|[from] Spikes
|turn|29
|
|t:|1614184665
|move|p1a: Mienshao|Close Combat|p2a: Starmie
|-resisted|p2a: Starmie
|-damage|p2a: Starmie|0 fnt
|-unboost|p1a: Mienshao|def|1
|-unboost|p1a: Mienshao|spd|1
|faint|p2a: Starmie
|
|upkeep
|
|t:|1614184672
|switch|p2a: Xurkitree|Xurkitree|100/100
|turn|30
|
|t:|1614184684
|switch|p1a: Tangela|Tangela, M|72/100 brn
|-damage|p1a: Tangela|60/100 brn|[from] Spikes
|-damage|p1a: Tangela|48/100 brn|[from] Stealth Rock
|move|p2a: Xurkitree|Volt Switch|p1a: Tangela
|-resisted|p1a: Tangela
|-damage|p1a: Tangela|19/100 brn
|
|t:|1614184692
|switch|p2a: Abomasnow|Abomasnow, M|86/100|[from]move: Volt Switch
|-weather|Hail|[from] ability: Snow Warning|[of] p2a: Abomasnow
|
|-weather|Hail|[upkeep]
|-damage|p1a: Tangela|13/100 brn|[from] Hail
|-damage|p1a: Tangela|7/100 brn|[from] brn
|upkeep
|turn|31
|
|t:|1614184706
|move|p2a: Abomasnow|Aurora Veil|p2a: Abomasnow
|-sidestart|p2: Terry kloak|move: Aurora Veil
|move|p1a: Tangela|Synthesis|p1a: Tangela
|-heal|p1a: Tangela|32/100 brn
|
|-weather|Hail|[upkeep]
|-damage|p1a: Tangela|26/100 brn|[from] Hail
|-damage|p1a: Tangela|20/100 brn|[from] brn
|upkeep
|turn|32
|
|t:|1614184715
|move|p2a: Abomasnow|Blizzard|p1a: Tangela
|-supereffective|p1a: Tangela
|-damage|p1a: Tangela|0 fnt
|faint|p1a: Tangela
|
|-weather|Hail|[upkeep]
|upkeep
|
|t:|1614184726
|switch|p1a: Mienshao|Mienshao, F|100/100
|-damage|p1a: Mienshao|88/100|[from] Spikes
|-damage|p1a: Mienshao|82/100|[from] Stealth Rock
|turn|33
|
|t:|1614184732
|move|p1a: Mienshao|U-turn|p2a: Abomasnow
|-supereffective|p2a: Abomasnow
|-damage|p2a: Abomasnow|52/100
|
|t:|1614184736
|switch|p1a: Steelix|Steelix, M|60/100|[from]move: U-turn
|-damage|p1a: Steelix|47/100|[from] Spikes
|-damage|p1a: Steelix|44/100|[from] Stealth Rock
|move|p2a: Abomasnow|Blizzard|p1a: Steelix
|-damage|p1a: Steelix|0 fnt
|faint|p1a: Steelix
|
|-weather|Hail|[upkeep]
|upkeep
|
|t:|1614184746
|switch|p1a: Mienshao|Mienshao, F|100/100
|-damage|p1a: Mienshao|88/100|[from] Spikes
|-damage|p1a: Mienshao|82/100|[from] Stealth Rock
|turn|34
|
|t:|1614184752
|move|p1a: Mienshao|Close Combat|p2a: Abomasnow
|-supereffective|p2a: Abomasnow
|-damage|p2a: Abomasnow|0 fnt
|-unboost|p1a: Mienshao|def|1
|-unboost|p1a: Mienshao|spd|1
|faint|p2a: Abomasnow
|
|-weather|Hail|[upkeep]
|-damage|p1a: Mienshao|77/100|[from] Hail
|upkeep
|
|t:|1614184761
|switch|p2a: Xurkitree|Xurkitree|100/100
|turn|35
|
|t:|1614184764
|move|p1a: Mienshao|Close Combat|p2a: Xurkitree
|-crit|p2a: Xurkitree
|-damage|p2a: Xurkitree|0 fnt
|-unboost|p1a: Mienshao|def|1
|-unboost|p1a: Mienshao|spd|1
|faint|p2a: Xurkitree
|
|win|polar_geass
|c|☆Terry kloak|Hahaha
|l|☆Terry kloak
||Ladder (probably) updated, but score could not be retrieved (Request timeout).
