|j|☆drunkman2020
|j|☆Testinganteater
|t:|1644270425
|gametype|singles
|player|p1|drunkman2020|alder|1199
|player|p2|Testinganteater|workerice|1419
|teamsize|p1|6
|teamsize|p2|6
|gen|8
|tier|[Gen 8] RU
|rated|
|rule|Sleep Clause Mod: Limit one foe put to sleep
|rule|Species Clause: Limit one of each Pokémon
|rule|OHKO Clause: OHKO moves are banned
|rule|Evasion Moves Clause: Evasion moves are banned
|rule|Endless Battle Clause: Forcing endless battles is banned
|rule|HP Percentage Mod: HP is shown in percentages
|rule|Dynamax Clause: You cannot dynamax
|clearpoke
|poke|p1|Sigilyph, F|
|poke|p1|Togekiss, M|
|poke|p1|Galvantula, F|
|poke|p1|Weezing-Galar, M|
|poke|p1|Obstagoon, F|
|poke|p1|Porygon2|
|poke|p2|Dhelmise|
|poke|p2|Incineroar, M|
|poke|p2|Steelix, M|
|poke|p2|Noivern, M|
|poke|p2|Cobalion|
|poke|p2|Suicune|
|teampreview
|inactive|Battle timer is ON: inactive players will automatically lose when time's up. (requested by drunkman2020)
|
|t:|1644270457
|start
|switch|p1a: Galvantula|Galvantula, F|100/100
|switch|p2a: Dhelmise|Dhelmise|100/100
|turn|1
|
|t:|1644270465
|move|p1a: Galvantula|Sticky Web|p2a: Dhelmise
|-sidestart|p2: Testinganteater|move: Sticky Web
|move|p2a: Dhelmise|Rapid Spin|p1a: Galvantula
|-damage|p1a: Galvantula|67/100
|-boost|p2a: Dhelmise|spe|1
|-sideend|p2: Testinganteater|Sticky Web|[from] move: Rapid Spin|[of] p2a: Dhelmise
|
|upkeep
|turn|2
|
|t:|1644270474
|switch|p1a: Obstagoon|Obstagoon, F|100/100
|move|p2a: Dhelmise|Rapid Spin|p1a: Obstagoon
|-damage|p1a: Obstagoon|81/100
|-boost|p2a: Dhelmise|spe|1
|
|-status|p1a: Obstagoon|brn|[from] item: Flame Orb
|upkeep
|turn|3
|inactive|Testinganteater has 120 seconds left.
|
|t:|1644270515
|switch|p2a: Steelix|Steelix, M|100/100
|move|p1a: Obstagoon|Knock Off|p2a: Steelix
|-damage|p2a: Steelix|68/100
|-enditem|p2a: Steelix|Leftovers|[from] move: Knock Off|[of] p1a: Obstagoon
|
|-damage|p1a: Obstagoon|75/100 brn|[from] brn
|upkeep
|turn|4
|
|t:|1644270527
|switch|p1a: Weezing|Weezing-Galar, M|100/100
|switch|p2a: Noivern|Noivern, M|100/100
|
|upkeep
|turn|5
|
|t:|1644270539
|move|p2a: Noivern|U-turn|p1a: Weezing
|-resisted|p1a: Weezing
|-damage|p1a: Weezing|98/100
|
|t:|1644270545
|switch|p2a: Steelix|Steelix, M|68/100|[from]move: U-turn
|move|p1a: Weezing|Will-O-Wisp|p2a: Steelix|[miss]
|-miss|p1a: Weezing|p2a: Steelix
|
|-heal|p1a: Weezing|100/100|[from] item: Black Sludge
|upkeep
|turn|6
|
|t:|1644270574
|move|p1a: Weezing|Will-O-Wisp|p2a: Steelix
|-status|p2a: Steelix|brn
|move|p2a: Steelix|Stealth Rock|p1a: Weezing
|-sidestart|p1: drunkman2020|move: Stealth Rock
|
|-damage|p2a: Steelix|62/100 brn|[from] brn
|upkeep
|turn|7
|
|t:|1644270582
|switch|p1a: Galvantula|Galvantula, F|67/100
|-damage|p1a: Galvantula|42/100|[from] Stealth Rock
|move|p2a: Steelix|Heavy Slam|p1a: Galvantula
|-resisted|p1a: Galvantula
|-damage|p1a: Galvantula|25/100
|
|-damage|p2a: Steelix|56/100 brn|[from] brn
|upkeep
|turn|8
|
|t:|1644270587
|switch|p2a: Dhelmise|Dhelmise|100/100
|move|p1a: Galvantula|Sticky Web|p2a: Dhelmise
|-sidestart|p2: Testinganteater|move: Sticky Web
|
|upkeep
|turn|9
|
|t:|1644270594
|move|p1a: Galvantula|Bug Buzz|p2a: Dhelmise
|-damage|p2a: Dhelmise|59/100
|move|p2a: Dhelmise|Rapid Spin|p1a: Galvantula
|-damage|p1a: Galvantula|0 fnt
|-boost|p2a: Dhelmise|spe|1
|-sideend|p2: Testinganteater|Sticky Web|[from] move: Rapid Spin|[of] p2a: Dhelmise
|faint|p1a: Galvantula
|
|upkeep
|
|t:|1644270608
|switch|p1a: Obstagoon|Obstagoon, F|75/100 brn
|-damage|p1a: Obstagoon|62/100 brn|[from] Stealth Rock
|turn|10
|
|t:|1644270614
|move|p1a: Obstagoon|Knock Off|p2a: Dhelmise
|-supereffective|p2a: Dhelmise
|-damage|p2a: Dhelmise|0 fnt
|-enditem|p2a: Dhelmise|Heavy-Duty Boots|[from] move: Knock Off|[of] p1a: Obstagoon
|faint|p2a: Dhelmise
|
|-damage|p1a: Obstagoon|56/100 brn|[from] brn
|upkeep
|
|t:|1644270624
|switch|p2a: Cobalion|Cobalion|100/100
|turn|11
|
|t:|1644270646
|switch|p1a: Weezing|Weezing-Galar, M|100/100
|-damage|p1a: Weezing|88/100|[from] Stealth Rock
|move|p2a: Cobalion|Close Combat|p1a: Weezing
|-resisted|p1a: Weezing
|-damage|p1a: Weezing|78/100
|-unboost|p2a: Cobalion|def|1
|-unboost|p2a: Cobalion|spd|1
|
|-heal|p1a: Weezing|84/100|[from] item: Black Sludge
|upkeep
|turn|12
|
|t:|1644270654
|switch|p2a: Incineroar|Incineroar, M|100/100
|-ability|p2a: Incineroar|Intimidate|boost
|-unboost|p1a: Weezing|atk|1
|move|p1a: Weezing|Will-O-Wisp|p2a: Incineroar|[miss]
|-miss|p1a: Weezing|p2a: Incineroar
|
|-heal|p1a: Weezing|90/100|[from] item: Black Sludge
|upkeep
|turn|13
|
|t:|1644270665
|move|p1a: Weezing|Taunt|p2a: Incineroar
|-start|p2a: Incineroar|move: Taunt
|move|p2a: Incineroar|Knock Off|p1a: Weezing
|-resisted|p1a: Weezing
|-damage|p1a: Weezing|72/100
|-enditem|p1a: Weezing|Black Sludge|[from] move: Knock Off|[of] p2a: Incineroar
|
|upkeep
|turn|14
|
|t:|1644270679
|switch|p1a: Obstagoon|Obstagoon, F|56/100 brn
|-damage|p1a: Obstagoon|44/100 brn|[from] Stealth Rock
|move|p2a: Incineroar|Overheat|p1a: Obstagoon|[miss]
|-miss|p2a: Incineroar|p1a: Obstagoon
|
|-damage|p1a: Obstagoon|38/100 brn|[from] brn
|upkeep
|turn|15
|
|t:|1644270706
|switch|p2a: Steelix|Steelix, M|56/100 brn
|move|p1a: Obstagoon|Facade|p2a: Steelix
|-resisted|p2a: Steelix
|-damage|p2a: Steelix|33/100 brn
|
|-damage|p1a: Obstagoon|32/100 brn|[from] brn
|-damage|p2a: Steelix|27/100 brn|[from] brn
|upkeep
|turn|16
|
|t:|1644270718
|move|p1a: Obstagoon|Close Combat|p2a: Steelix
|-supereffective|p2a: Steelix
|-damage|p2a: Steelix|0 fnt
|-unboost|p1a: Obstagoon|def|1
|-unboost|p1a: Obstagoon|spd|1
|faint|p2a: Steelix
|
|-damage|p1a: Obstagoon|26/100 brn|[from] brn
|upkeep
|
|t:|1644270727
|switch|p2a: Cobalion|Cobalion|100/100
|turn|17
|inactive|Testinganteater has 120 seconds left.
|
|t:|1644270771
|switch|p1a: Weezing|Weezing-Galar, M|72/100
|-damage|p1a: Weezing|60/100|[from] Stealth Rock
|move|p2a: Cobalion|Swords Dance|p2a: Cobalion
|-boost|p2a: Cobalion|atk|2
|
|upkeep
|turn|18
|
|t:|1644270778
|move|p2a: Cobalion|Iron Head|p1a: Weezing
|-supereffective|p1a: Weezing
|-damage|p1a: Weezing|0 fnt
|faint|p1a: Weezing
|
|upkeep
|-message|drunkman2020 forfeited.
|
|win|Testinganteater
|raw|drunkman2020's rating: 1199 &rarr; <strong>1188</strong><br />(-11 for losing)
|raw|Testinganteater's rating: 1419 &rarr; <strong>1428</strong><br />(+9 for winning)
|l|☆drunkman2020
