|j|☆AGENT00VIRGIN
|j|☆Psatal
|player|p1|AGENT00VIRGIN|gentleman-gen4dp|1617
|player|p2|Psatal|102|1552
|teamsize|p1|6
|teamsize|p2|6
|gametype|singles
|gen|8
|tier|[Gen 8] RU
|rated|
|clearpoke
|poke|p1|Sableye, F|
|poke|p1|Snorlax, M|
|poke|p1|Vileplume, F|
|poke|p1|Steelix, M|
|poke|p1|Xatu, F|
|poke|p1|Rapidash, F|
|poke|p2|Copperajah, M|
|poke|p2|Bewear, F|
|poke|p2|Galvantula, F|
|poke|p2|Jellicent, F|
|poke|p2|Charizard, F|
|poke|p2|Silvally-*|
|rule|Sleep Clause Mod: Limit one foe put to sleep
|rule|Species Clause: Limit one of each Pokémon
|rule|OHKO Clause: OHKO moves are banned
|rule|Evasion Moves Clause: Evasion moves are banned
|rule|Endless Battle Clause: Forcing endless battles is banned
|rule|HP Percentage Mod: HP is shown in percentages
|rule|Dynamax Clause: You cannot dynamax
|teampreview
|inactive|Battle timer is ON: inactive players will automatically lose when time's up. (requested by Psatal)
|
|start
|switch|p1a: Steelix|Steelix, M|100/100
|switch|p2a: ESCANOR|Silvally-Ground|100/100
|turn|1
|
|switch|p1a: Sableye|Sableye, F|100/100
|move|p2a: ESCANOR|Swords Dance|p2a: ESCANOR
|-boost|p2a: ESCANOR|atk|2
|
|upkeep
|turn|2
|
|switch|p2a: DIANE|Charizard, F|100/100
|move|p1a: Sableye|Will-O-Wisp|p2a: DIANE
|-immune|p2a: DIANE
|
|upkeep
|turn|3
|
|switch|p1a: Snorlax|Snorlax, M|100/100
|move|p2a: DIANE|Overheat|p1a: Snorlax
|-damage|p1a: Snorlax|84/100
|-unboost|p2a: DIANE|spa|2
|
|-heal|p1a: Snorlax|90/100|[from] item: Leftovers
|upkeep
|turn|4
|
|switch|p2a: BAN|Bewear, F|100/100
|switch|p1a: Sableye|Sableye, F|100/100
|
|upkeep
|turn|5
|
|switch|p1a: Vileplume|Vileplume, F|100/100
|move|p2a: BAN|Toxic|p1a: Vileplume
|-immune|p1a: Vileplume
|
|upkeep
|turn|6
|
|switch|p2a: GOWTHER|Jellicent, F|100/100
|move|p1a: Vileplume|Giga Drain|p2a: GOWTHER
|-supereffective|p2a: GOWTHER
|-damage|p2a: GOWTHER|69/100
|
|-heal|p2a: GOWTHER|75/100|[from] item: Leftovers
|upkeep
|turn|7
|j| BEST INTEREST
|
|move|p2a: GOWTHER|Taunt|p1a: Vileplume
|-start|p1a: Vileplume|move: Taunt
|move|p1a: Vileplume|Sludge Bomb|p2a: GOWTHER
|-resisted|p2a: GOWTHER
|-damage|p2a: GOWTHER|66/100
|
|-heal|p2a: GOWTHER|72/100|[from] item: Leftovers
|upkeep
|turn|8
|
|switch|p2a: KING|Copperajah, M|100/100
|move|p1a: Vileplume|Sludge Bomb|p2a: KING
|-immune|p2a: KING
|
|upkeep
|turn|9
|
|switch|p1a: Xatu|Xatu, F|100/100
|move|p2a: KING|Heat Crash|p1a: Xatu
|-damage|p1a: Xatu|35/100
|
|-heal|p1a: Xatu|41/100|[from] item: Leftovers
|upkeep
|turn|10
|j| floons
|c| BEST INTEREST|u struggle w/ this
|inactive|AGENT00VIRGIN has 120 seconds left.
|
|switch|p1a: Rapidash|Rapidash, F|100/100
|move|p2a: KING|Heat Crash|p1a: Rapidash
|-start|p1a: Rapidash|ability: Flash Fire
|
|upkeep
|turn|11
|inactive|AGENT00VIRGIN has 120 seconds left.
|
|switch|p2a: BAN|Bewear, F|100/100
|move|p1a: Rapidash|Wild Charge|p2a: BAN
|-damage|p2a: BAN|91/100
|-damage|p1a: Rapidash|97/100|[from] Recoil
|
|-heal|p2a: BAN|98/100|[from] item: Leftovers
|upkeep
|turn|12
|
|-end|p1a: Rapidash|ability: Flash Fire|[silent]
|switch|p1a: Sableye|Sableye, F|100/100
|move|p2a: BAN|Body Press|p1a: Sableye
|-immune|p1a: Sableye
|
|-heal|p2a: BAN|100/100|[from] item: Leftovers
|upkeep
|turn|13
|
|move|p1a: Sableye|Encore|p2a: BAN
|-start|p2a: BAN|Encore
|move|p2a: BAN|Body Press|p1a: Sableye
|-immune|p1a: Sableye
|
|upkeep
|turn|14
|
|switch|p2a: DIANE|Charizard, F|100/100
|move|p1a: Sableye|Knock Off|p2a: DIANE
|-damage|p2a: DIANE|66/100
|-enditem|p2a: DIANE|Heavy-Duty Boots|[from] move: Knock Off|[of] p1a: Sableye
|
|upkeep
|turn|15
|
|switch|p2a: KING|Copperajah, M|100/100
|switch|p1a: Snorlax|Snorlax, M|90/100
|
|-heal|p1a: Snorlax|96/100|[from] item: Leftovers
|upkeep
|turn|16
|inactive|AGENT00VIRGIN has 120 seconds left.
|
|switch|p1a: Steelix|Steelix, M|100/100
|move|p2a: KING|Earthquake|p1a: Steelix
|-supereffective|p1a: Steelix
|-damage|p1a: Steelix|45/100
|
|-heal|p1a: Steelix|51/100|[from] item: Leftovers
|upkeep
|turn|17
|
|switch|p2a: DIANE|Charizard, F|66/100
|switch|p1a: Xatu|Xatu, F|41/100
|
|-heal|p1a: Xatu|47/100|[from] item: Leftovers
|upkeep
|turn|18
|
|switch|p2a: KING|Copperajah, M|100/100
|switch|p1a: Snorlax|Snorlax, M|96/100
|
|-heal|p1a: Snorlax|100/100|[from] item: Leftovers
|upkeep
|turn|19
|
|move|p2a: KING|Heavy Slam|p1a: Snorlax
|-damage|p1a: Snorlax|63/100
|move|p1a: Snorlax|Body Slam|p2a: KING
|-resisted|p2a: KING
|-damage|p2a: KING|84/100
|-status|p2a: KING|par
|
|-heal|p1a: Snorlax|69/100|[from] item: Leftovers
|upkeep
|turn|20
|
|move|p1a: Snorlax|Body Slam|p2a: KING
|-resisted|p2a: KING
|-damage|p2a: KING|68/100 par
|move|p2a: KING|Heavy Slam|p1a: Snorlax
|-damage|p1a: Snorlax|34/100
|
|-heal|p1a: Snorlax|40/100|[from] item: Leftovers
|upkeep
|turn|21
|
|move|p1a: Snorlax|Body Slam|p2a: KING
|-resisted|p2a: KING
|-damage|p2a: KING|51/100 par
|move|p2a: KING|Heavy Slam|p1a: Snorlax
|-damage|p1a: Snorlax|2/100
|
|-heal|p1a: Snorlax|8/100|[from] item: Leftovers
|upkeep
|turn|22
|
|move|p1a: Snorlax|Rest|p1a: Snorlax
|-status|p1a: Snorlax|slp|[from] move: Rest
|-heal|p1a: Snorlax|100/100 slp|[silent]
|cant|p2a: KING|par
|
|upkeep
|turn|23
|
|switch|p2a: BAN|Bewear, F|100/100
|cant|p1a: Snorlax|slp
|move|p1a: Snorlax|Sleep Talk|p1a: Snorlax
|move|p1a: Snorlax|Darkest Lariat|p2a: BAN|[from]Sleep Talk
|-resisted|p2a: BAN
|-damage|p2a: BAN|97/100
|
|-heal|p2a: BAN|100/100|[from] item: Leftovers
|upkeep
|turn|24
|
|switch|p1a: Vileplume|Vileplume, F|100/100
|move|p2a: BAN|Body Press|p1a: Vileplume
|-resisted|p1a: Vileplume
|-damage|p1a: Vileplume|88/100
|-status|p2a: BAN|slp|[from] ability: Effect Spore|[of] p1a: Vileplume
|
|-heal|p1a: Vileplume|94/100|[from] item: Black Sludge
|upkeep
|turn|25
|
|switch|p2a: KING|Copperajah, M|51/100 par
|switch|p1a: Steelix|Steelix, M|51/100
|
|-heal|p1a: Steelix|58/100|[from] item: Leftovers
|upkeep
|turn|26
|l| floons
|
|switch|p2a: DIANE|Charizard, F|66/100
|move|p1a: Steelix|Stealth Rock|p2a: DIANE
|-sidestart|p2: Psatal|move: Stealth Rock
|
|-heal|p1a: Steelix|64/100|[from] item: Leftovers
|upkeep
|turn|27
|
|move|p2a: DIANE|Defog|p1a: Steelix
|-unboost|p1a: Steelix|evasion|1
|-sideend|p2: Psatal|Stealth Rock|[from] move: Defog|[of] p2a: DIANE
|move|p1a: Steelix|Head Smash|p2a: DIANE
|-supereffective|p2a: DIANE
|-damage|p2a: DIANE|0 fnt
|faint|p2a: DIANE
|
|-heal|p1a: Steelix|70/100|[from] item: Leftovers
|upkeep
|
|switch|p2a: ESCANOR|Silvally-Ground|100/100
|turn|28
|
|switch|p1a: Sableye|Sableye, F|100/100
|move|p2a: ESCANOR|Swords Dance|p2a: ESCANOR
|-boost|p2a: ESCANOR|atk|2
|
|upkeep
|turn|29
|
|switch|p2a: KING|Copperajah, M|51/100 par
|move|p1a: Sableye|Encore||[still]
|-fail|p1a: Sableye
|
|upkeep
|turn|30
|
|switch|p1a: Vileplume|Vileplume, F|94/100
|move|p2a: KING|Heavy Slam|p1a: Vileplume
|-damage|p1a: Vileplume|17/100
|
|-heal|p1a: Vileplume|23/100|[from] item: Black Sludge
|upkeep
|turn|31
|
|switch|p2a: MERLINE|Galvantula, F|100/100
|move|p1a: Vileplume|Strength Sap|p2a: MERLINE
|-unboost|p2a: MERLINE|atk|1
|-heal|p1a: Vileplume|64/100
|
|-heal|p1a: Vileplume|70/100|[from] item: Black Sludge
|upkeep
|turn|32
|
|switch|p1a: Steelix|Steelix, M|70/100
|move|p2a: MERLINE|Bug Buzz|p1a: Steelix
|-resisted|p1a: Steelix
|-crit|p1a: Steelix
|-damage|p1a: Steelix|44/100
|
|-heal|p1a: Steelix|50/100|[from] item: Leftovers
|upkeep
|turn|33
|
|move|p2a: MERLINE|Bug Buzz|p1a: Steelix
|-resisted|p1a: Steelix
|-damage|p1a: Steelix|34/100
|move|p1a: Steelix|Stealth Rock|p2a: MERLINE
|-sidestart|p2: Psatal|move: Stealth Rock
|
|-heal|p1a: Steelix|40/100|[from] item: Leftovers
|upkeep
|turn|34
|
|move|p2a: MERLINE|Giga Drain|p1a: Steelix
|-damage|p1a: Steelix|21/100
|move|p1a: Steelix|Earthquake|p2a: MERLINE
|-damage|p2a: MERLINE|44/100
|
|-heal|p1a: Steelix|27/100|[from] item: Leftovers
|upkeep
|turn|35
|
|move|p2a: MERLINE|Giga Drain|p1a: Steelix
|-damage|p1a: Steelix|9/100
|-heal|p2a: MERLINE|55/100|[from] drain|[of] p1a: Steelix
|move|p1a: Steelix|Head Smash|p2a: MERLINE
|-supereffective|p2a: MERLINE
|-damage|p2a: MERLINE|0 fnt
|faint|p2a: MERLINE
|
|-heal|p1a: Steelix|15/100|[from] item: Leftovers
|upkeep
|-message|Psatal forfeited.
|
|win|AGENT00VIRGIN
|l|☆Psatal
|raw|AGENT00VIRGIN's rating: 1617 &rarr; <strong>1633</strong><br />(+16 for winning)
|raw|Psatal's rating: 1552 &rarr; <strong>1536</strong><br />(-16 for losing)
