|j|☆Artemis_V13
|j|☆the pharoah
|player|p1|Artemis_V13|juan|1428
|player|p2|the pharoah|101|1219
|teamsize|p1|6
|teamsize|p2|6
|gametype|singles
|gen|8
|tier|[Gen 8] RU
|rated|
|clearpoke
|poke|p1|Appletun, M|
|poke|p1|Jellicent, M|
|poke|p1|Dhelmise|
|poke|p1|Toxicroak, M|
|poke|p1|Stunfisk-Galar, M|
|poke|p1|Slurpuff, M|
|poke|p2|Unfezant, F|
|poke|p2|Onix, F|
|poke|p2|Silvally-*|
|poke|p2|Whimsicott, F|
|poke|p2|Scrafty, F|
|poke|p2|Haunter, M|
|rule|Sleep Clause Mod: Limit one foe put to sleep
|rule|Species Clause: Limit one of each Pokémon
|rule|OHKO Clause: OHKO moves are banned
|rule|Evasion Moves Clause: Evasion moves are banned
|rule|Endless Battle Clause: Forcing endless battles is banned
|rule|HP Percentage Mod: HP is shown in percentages
|rule|Dynamax Clause: You cannot dynamax
|teampreview
|inactive|Battle timer is ON: inactive players will automatically lose when time's up. (requested by Artemis_V13)
|inactive|the pharoah has 120 seconds left.
|
|start
|switch|p1a: Appletun|Appletun, M|100/100
|switch|p2a: Onix|Onix, F|100/100
|turn|1
|
|move|p2a: Onix|Stealth Rock|p1a: Appletun
|-sidestart|p1: Artemis_V13|move: Stealth Rock
|move|p1a: Appletun|Apple Acid|p2a: Onix
|-supereffective|p2a: Onix
|-enditem|p2a: Onix|Focus Sash
|-damage|p2a: Onix|1/100
|-unboost|p2a: Onix|spd|1
|
|upkeep
|turn|2
|
|move|p2a: Onix|Head Smash|p1a: Appletun
|-damage|p1a: Appletun|71/100
|-damage|p2a: Onix|0 fnt|[from] Recoil
|faint|p2a: Onix
|move|p1a: Appletun|Recover|p1a: Appletun
|-heal|p1a: Appletun|100/100
|
|upkeep
|
|switch|p2a: Haunter|Haunter, M|100/100
|turn|3
|
|switch|p1a: Stunfisk|Stunfisk-Galar, M|100/100
|-damage|p1a: Stunfisk|97/100|[from] Stealth Rock
|move|p2a: Haunter|Shadow Ball|p1a: Stunfisk
|-damage|p1a: Stunfisk|64/100
|-unboost|p1a: Stunfisk|spd|1
|-damage|p2a: Haunter|91/100|[from] item: Life Orb
|
|-heal|p1a: Stunfisk|70/100|[from] item: Leftovers
|upkeep
|turn|4
|
|move|p2a: Haunter|Shadow Ball|p1a: Stunfisk
|-damage|p1a: Stunfisk|23/100
|-damage|p2a: Haunter|81/100|[from] item: Life Orb
|move|p1a: Stunfisk|Stealth Rock|p2a: Haunter
|-sidestart|p2: the pharoah|move: Stealth Rock
|
|-heal|p1a: Stunfisk|29/100|[from] item: Leftovers
|upkeep
|turn|5
|
|move|p2a: Haunter|Shadow Ball|p1a: Stunfisk
|-damage|p1a: Stunfisk|0 fnt
|-damage|p2a: Haunter|71/100|[from] item: Life Orb
|faint|p1a: Stunfisk
|
|upkeep
|
|switch|p1a: Toxicroak|Toxicroak, M|100/100
|-damage|p1a: Toxicroak|94/100|[from] Stealth Rock
|turn|6
|
|switch|p2a: Unfezant|Unfezant, F|100/100
|-damage|p2a: Unfezant|76/100|[from] Stealth Rock
|move|p1a: Toxicroak|Sucker Punch||[still]
|-fail|p1a: Toxicroak
|
|upkeep
|turn|7
|
|switch|p1a: Slurpuff|Slurpuff, M|100/100
|-damage|p1a: Slurpuff|88/100|[from] Stealth Rock
|move|p2a: Unfezant|Brave Bird|p1a: Slurpuff
|-damage|p1a: Slurpuff|1/100
|-enditem|p1a: Slurpuff|Sitrus Berry|[eat]
|-heal|p1a: Slurpuff|26/100|[from] item: Sitrus Berry
|-damage|p2a: Unfezant|47/100|[from] Recoil
|
|upkeep
|turn|8
|
|move|p1a: Slurpuff|Dazzling Gleam|p2a: Unfezant
|-damage|p2a: Unfezant|0 fnt
|faint|p2a: Unfezant
|
|upkeep
|
|switch|p2a: Whimsicott|Whimsicott, F|100/100
|-damage|p2a: Whimsicott|88/100|[from] Stealth Rock
|turn|9
|
|move|p1a: Slurpuff|Flamethrower|p2a: Whimsicott
|-supereffective|p2a: Whimsicott
|-damage|p2a: Whimsicott|6/100
|move|p2a: Whimsicott|Moonblast|p1a: Slurpuff
|-damage|p1a: Slurpuff|0 fnt
|-damage|p2a: Whimsicott|0 fnt|[from] item: Life Orb
|faint|p1a: Slurpuff
|faint|p2a: Whimsicott
|
|upkeep
|c|☆the pharoah|i cant describe how much i despise slurpuff
|c|☆the pharoah|worst pokemon ever
|
|switch|p2a: Silvally|Silvally-Dragon|100/100
|switch|p1a: Dhelmise|Dhelmise|100/100
|-damage|p2a: Silvally|88/100|[from] Stealth Rock
|-damage|p1a: Dhelmise|88/100|[from] Stealth Rock
|turn|10
|
|move|p2a: Silvally|Flamethrower|p1a: Dhelmise
|-supereffective|p1a: Dhelmise
|-damage|p1a: Dhelmise|31/100
|move|p1a: Dhelmise|Rapid Spin|p2a: Silvally
|-damage|p2a: Silvally|58/100
|-sideend|p1: Artemis_V13|Stealth Rock|[from] move: Rapid Spin|[of] p1a: Dhelmise
|-boost|p1a: Dhelmise|spe|1
|
|upkeep
|turn|11
|inactive|the pharoah has 120 seconds left.
|
|switch|p1a: Jellicent|Jellicent, M|100/100
|move|p2a: Silvally|U-turn|p1a: Jellicent
|-resisted|p1a: Jellicent
|-damage|p1a: Jellicent|93/100
|inactive|the pharoah has 120 seconds left.
|
|switch|p2a: Haunter|Haunter, M|71/100|[from]move: U-turn
|-damage|p2a: Haunter|59/100|[from] Stealth Rock
|
|-heal|p1a: Jellicent|99/100|[from] item: Leftovers
|upkeep
|turn|12
|
|switch|p1a: Dhelmise|Dhelmise|31/100
|move|p2a: Haunter|Shadow Ball|p1a: Dhelmise
|-supereffective|p1a: Dhelmise
|-damage|p1a: Dhelmise|0 fnt
|-damage|p2a: Haunter|49/100|[from] item: Life Orb
|faint|p1a: Dhelmise
|
|upkeep
|
|switch|p1a: Toxicroak|Toxicroak, M|94/100
|turn|13
|
|move|p1a: Toxicroak|Sucker Punch||[still]
|-fail|p1a: Toxicroak
|move|p2a: Haunter|Destiny Bond|p2a: Haunter
|-singlemove|p2a: Haunter|Destiny Bond
|
|upkeep
|turn|14
|inactive|Artemis_V13 has 120 seconds left.
|
|move|p1a: Toxicroak|Sucker Punch|p2a: Haunter
|-supereffective|p2a: Haunter
|-damage|p2a: Haunter|0 fnt
|-damage|p1a: Toxicroak|85/100|[from] item: Life Orb
|faint|p2a: Haunter
|-activate|p2a: Haunter|move: Destiny Bond
|faint|p1a: Toxicroak
|
|upkeep
|
|switch|p2a: Silvally|Silvally-Dragon|58/100
|switch|p1a: Jellicent|Jellicent, M|99/100
|-damage|p2a: Silvally|45/100|[from] Stealth Rock
|turn|15
|
|move|p2a: Silvally|Thunderbolt|p1a: Jellicent
|-supereffective|p1a: Jellicent
|-damage|p1a: Jellicent|68/100
|move|p1a: Jellicent|Will-O-Wisp|p2a: Silvally
|-status|p2a: Silvally|brn
|
|-heal|p1a: Jellicent|75/100|[from] item: Leftovers
|-damage|p2a: Silvally|39/100 brn|[from] brn
|upkeep
|turn|16
|
|move|p2a: Silvally|Thunderbolt|p1a: Jellicent
|-supereffective|p1a: Jellicent
|-damage|p1a: Jellicent|43/100
|move|p1a: Jellicent|Recover|p1a: Jellicent
|-heal|p1a: Jellicent|93/100
|
|-heal|p1a: Jellicent|99/100|[from] item: Leftovers
|-damage|p2a: Silvally|33/100 brn|[from] brn
|upkeep
|turn|17
|
|switch|p1a: Appletun|Appletun, M|100/100
|move|p2a: Silvally|Thunderbolt|p1a: Appletun
|-resisted|p1a: Appletun
|-damage|p1a: Appletun|94/100
|
|-heal|p1a: Appletun|99/100|[from] item: Leftovers
|-damage|p2a: Silvally|27/100 brn|[from] brn
|upkeep
|turn|18
|
|switch|p1a: Jellicent|Jellicent, M|99/100
|move|p2a: Silvally|Draco Meteor|p1a: Jellicent
|-damage|p1a: Jellicent|66/100
|-unboost|p2a: Silvally|spa|2
|
|-heal|p1a: Jellicent|73/100|[from] item: Leftovers
|-damage|p2a: Silvally|21/100 brn|[from] brn
|upkeep
|turn|19
|
|move|p2a: Silvally|U-turn|p1a: Jellicent
|-resisted|p1a: Jellicent
|-damage|p1a: Jellicent|69/100
|
|switch|p2a: Scrafty|Scrafty, F|100/100|[from]move: U-turn
|-damage|p2a: Scrafty|95/100|[from] Stealth Rock
|move|p1a: Jellicent|Recover|p1a: Jellicent
|-heal|p1a: Jellicent|100/100
|
|upkeep
|turn|20
|
|move|p2a: Scrafty|Throat Chop|p1a: Jellicent
|-supereffective|p1a: Jellicent
|-damage|p1a: Jellicent|0 fnt
|faint|p1a: Jellicent
|-ability|p2a: Scrafty|Moxie|boost
|-boost|p2a: Scrafty|atk|1
|
|upkeep
|
|switch|p1a: Appletun|Appletun, M|99/100
|turn|21
|
|move|p2a: Scrafty|Throat Chop|p1a: Appletun
|-damage|p1a: Appletun|45/100
|-start|p1a: Appletun|Throat Chop|[silent]
|move|p1a: Appletun|Leech Seed|p2a: Scrafty
|-start|p2a: Scrafty|move: Leech Seed
|
|-heal|p1a: Appletun|51/100|[from] item: Leftovers
|-damage|p2a: Scrafty|82/100|[from] Leech Seed|[of] p1a: Appletun
|-heal|p1a: Appletun|59/100|[silent]
|upkeep
|turn|22
|
|move|p2a: Scrafty|Throat Chop|p1a: Appletun
|-damage|p1a: Appletun|7/100
|move|p1a: Appletun|Recover|p1a: Appletun
|-heal|p1a: Appletun|57/100
|
|-heal|p1a: Appletun|63/100|[from] item: Leftovers
|-damage|p2a: Scrafty|70/100|[from] Leech Seed|[of] p1a: Appletun
|-heal|p1a: Appletun|71/100|[silent]
|-end|p1a: Appletun|Throat Chop|[silent]
|upkeep
|turn|23
|
|move|p2a: Scrafty|Throat Chop|p1a: Appletun
|-damage|p1a: Appletun|15/100
|-start|p1a: Appletun|Throat Chop|[silent]
|move|p1a: Appletun|Recover|p1a: Appletun
|-heal|p1a: Appletun|65/100
|
|-heal|p1a: Appletun|71/100|[from] item: Leftovers
|-damage|p2a: Scrafty|58/100|[from] Leech Seed|[of] p1a: Appletun
|-heal|p1a: Appletun|79/100|[silent]
|upkeep
|turn|24
|
|move|p2a: Scrafty|Throat Chop|p1a: Appletun
|-damage|p1a: Appletun|25/100
|move|p1a: Appletun|Recover|p1a: Appletun
|-heal|p1a: Appletun|75/100
|
|-heal|p1a: Appletun|81/100|[from] item: Leftovers
|-damage|p2a: Scrafty|46/100|[from] Leech Seed|[of] p1a: Appletun
|-heal|p1a: Appletun|88/100|[silent]
|-end|p1a: Appletun|Throat Chop|[silent]
|upkeep
|turn|25
|
|move|p2a: Scrafty|Throat Chop|p1a: Appletun
|-damage|p1a: Appletun|34/100
|-start|p1a: Appletun|Throat Chop|[silent]
|move|p1a: Appletun|Recover|p1a: Appletun
|-heal|p1a: Appletun|84/100
|
|-heal|p1a: Appletun|90/100|[from] item: Leftovers
|-damage|p2a: Scrafty|34/100|[from] Leech Seed|[of] p1a: Appletun
|-heal|p1a: Appletun|98/100|[silent]
|upkeep
|turn|26
|
|move|p2a: Scrafty|Throat Chop|p1a: Appletun
|-damage|p1a: Appletun|43/100
|move|p1a: Appletun|Recover|p1a: Appletun
|-heal|p1a: Appletun|93/100
|
|-heal|p1a: Appletun|99/100|[from] item: Leftovers
|-damage|p2a: Scrafty|22/100|[from] Leech Seed|[of] p1a: Appletun
|-heal|p1a: Appletun|100/100|[silent]
|-end|p1a: Appletun|Throat Chop|[silent]
|upkeep
|turn|27
|
|switch|p2a: Silvally|Silvally-Dragon|21/100 brn
|-damage|p2a: Silvally|9/100 brn|[from] Stealth Rock
|move|p1a: Appletun|Recover||[still]
|-fail|p1a: Appletun|heal
|
|-damage|p2a: Silvally|3/100 brn|[from] brn
|upkeep
|turn|28
|
|move|p2a: Silvally|Draco Meteor|p1a: Appletun
|-supereffective|p1a: Appletun
|-damage|p1a: Appletun|0 fnt
|-unboost|p2a: Silvally|spa|2
|faint|p1a: Appletun
|
|win|the pharoah
|c|☆the pharoah|GG
|l|☆Artemis_V13
|raw|Artemis_V13's rating: 1429 &rarr; <strong>1398</strong><br />(-31 for losing)
|raw|the pharoah's rating: 1219 &rarr; <strong>1257</strong><br />(+38 for winning)
