|j|☆save the treeckos
|j|☆Dancanmanfan
|t:|1667241266
|gametype|singles
|player|p1|save the treeckos|birdkeeper|1392
|player|p2|Dancanmanfan|clay|1504
|teamsize|p1|6
|teamsize|p2|6
|gen|8
|tier|[Gen 8] RU
|rated|
|rule|Sleep Clause Mod: Limit one foe put to sleep
|rule|Species Clause: Limit one of each Pokémon
|rule|OHKO Clause: OHKO moves are banned
|rule|Evasion Items Clause: Evasion items are banned
|rule|Evasion Moves Clause: Evasion moves are banned
|rule|Endless Battle Clause: Forcing endless battles is banned
|rule|HP Percentage Mod: HP is shown in percentages
|rule|Dynamax Clause: You cannot dynamax
|clearpoke
|poke|p1|Grimmsnarl, M|
|poke|p1|Heracross, M|
|poke|p1|Xurkitree|
|poke|p1|Centiskorch, F|
|poke|p1|Weezing-Galar, F|
|poke|p1|Metagross|
|poke|p2|Corsola-Galar, M|
|poke|p2|Togekiss, M|
|poke|p2|Gastrodon, M|
|poke|p2|Reuniclus, F|
|poke|p2|Registeel|
|poke|p2|Bewear, M|
|teampreview
|inactive|Battle timer is ON: inactive players will automatically lose when time's up. (requested by Dancanmanfan)
|c|☆Dancanmanfan|hf
|j| steroid ash
|
|t:|1667241282
|start
|switch|p1a: Centiskorch|Centiskorch, F|100/100
|switch|p2a: Togekiss|Togekiss, M|100/100
|turn|1
|
|t:|1667241291
|move|p2a: Togekiss|Air Slash|p1a: Centiskorch
|-supereffective|p1a: Centiskorch
|-damage|p1a: Centiskorch|35/100
|cant|p1a: Centiskorch|flinch
|
|upkeep
|turn|2
|
|t:|1667241308
|switch|p1a: Weezing|Weezing-Galar, F|100/100
|move|p2a: Togekiss|Air Slash|p1a: Weezing
|-damage|p1a: Weezing|74/100
|
|-heal|p1a: Weezing|80/100|[from] item: Black Sludge
|upkeep
|turn|3
|
|t:|1667241325
|switch|p2a: Corsola|Corsola-Galar, M|100/100
|move|p1a: Weezing|Toxic Spikes|p2a: Corsola
|-sidestart|p2: Dancanmanfan|move: Toxic Spikes
|
|-heal|p1a: Weezing|86/100|[from] item: Black Sludge
|upkeep
|turn|4
|
|t:|1667241334
|move|p1a: Weezing|Taunt|p2a: Corsola
|-start|p2a: Corsola|move: Taunt
|cant|p2a: Corsola|move: Taunt|Stealth Rock
|
|-heal|p1a: Weezing|92/100|[from] item: Black Sludge
|upkeep
|turn|5
|
|t:|1667241346
|switch|p1a: Centiskorch|Centiskorch, F|35/100
|move|p2a: Corsola|Night Shade|p1a: Centiskorch
|-damage|p1a: Centiskorch|6/100
|
|upkeep
|turn|6
|
|t:|1667241353
|switch|p2a: Togekiss|Togekiss, M|100/100
|move|p1a: Centiskorch|Knock Off|p2a: Togekiss
|-resisted|p2a: Togekiss
|-damage|p2a: Togekiss|86/100
|-enditem|p2a: Togekiss|Heavy-Duty Boots|[from] move: Knock Off|[of] p1a: Centiskorch
|
|upkeep
|turn|7
|
|t:|1667241362
|move|p2a: Togekiss|Defog|p1a: Centiskorch
|-fail|p1a: Centiskorch|unboost|[from] ability: White Smoke|[of] p1a: Centiskorch
|-sideend|p2: Dancanmanfan|Toxic Spikes|[from] move: Defog|[of] p2a: Togekiss
|move|p1a: Centiskorch|Fire Lash|p2a: Togekiss
|-damage|p2a: Togekiss|52/100
|-unboost|p2a: Togekiss|def|1
|
|upkeep
|turn|8
|
|t:|1667241372
|move|p2a: Togekiss|Air Slash|p1a: Centiskorch
|-supereffective|p1a: Centiskorch
|-damage|p1a: Centiskorch|0 fnt
|faint|p1a: Centiskorch
|
|upkeep
|
|t:|1667241388
|switch|p1a: Weezing|Weezing-Galar, F|92/100
|turn|9
|
|t:|1667241400
|switch|p2a: Corsola|Corsola-Galar, M|100/100
|move|p1a: Weezing|Toxic Spikes|p2a: Corsola
|-sidestart|p2: Dancanmanfan|move: Toxic Spikes
|
|-heal|p1a: Weezing|98/100|[from] item: Black Sludge
|upkeep
|turn|10
|
|t:|1667241413
|move|p1a: Weezing|Taunt|p2a: Corsola
|-start|p2a: Corsola|move: Taunt
|move|p2a: Corsola|Night Shade|p1a: Weezing
|-damage|p1a: Weezing|68/100
|
|-heal|p1a: Weezing|74/100|[from] item: Black Sludge
|upkeep
|turn|11
|
|t:|1667241424
|move|p1a: Weezing|Strange Steam|p2a: Corsola
|-damage|p2a: Corsola|87/100
|-start|p2a: Corsola|confusion
|-activate|p2a: Corsola|confusion
|move|p2a: Corsola|Night Shade|p1a: Weezing
|-damage|p1a: Weezing|45/100
|
|-heal|p1a: Weezing|50/100|[from] item: Black Sludge
|upkeep
|turn|12
|inactive|save the treeckos has 120 seconds left.
|
|t:|1667241454
|move|p1a: Weezing|Toxic Spikes|p2a: Corsola
|-sidestart|p2: Dancanmanfan|move: Toxic Spikes
|-activate|p2a: Corsola|confusion
|-damage|p2a: Corsola|83/100|[from] confusion
|
|-heal|p1a: Weezing|56/100|[from] item: Black Sludge
|-end|p2a: Corsola|move: Taunt
|upkeep
|turn|13
|inactive|save the treeckos has 120 seconds left.
|
|t:|1667241463
|switch|p1a: Grimmsnarl|Grimmsnarl, M|100/100
|-activate|p2a: Corsola|confusion
|-damage|p2a: Corsola|79/100|[from] confusion
|
|upkeep
|turn|14
|inactive|save the treeckos has 120 seconds left.
|
|t:|1667241480
|move|p1a: Grimmsnarl|Darkest Lariat|p2a: Corsola
|-supereffective|p2a: Corsola
|-damage|p2a: Corsola|30/100
|-activate|p2a: Corsola|confusion
|move|p2a: Corsola|Night Shade|p1a: Grimmsnarl
|-damage|p1a: Grimmsnarl|75/100
|
|-heal|p1a: Grimmsnarl|81/100|[from] item: Leftovers
|upkeep
|turn|15
|inactive|save the treeckos has 120 seconds left.
|
|t:|1667241496
|switch|p2a: Registeel|Registeel|100/100
|move|p1a: Grimmsnarl|Darkest Lariat|p2a: Registeel
|-damage|p2a: Registeel|78/100
|
|-heal|p1a: Grimmsnarl|87/100|[from] item: Leftovers
|-heal|p2a: Registeel|84/100|[from] item: Leftovers
|upkeep
|turn|16
|
|t:|1667241507
|move|p1a: Grimmsnarl|Bulk Up|p1a: Grimmsnarl
|-boost|p1a: Grimmsnarl|atk|1
|-boost|p1a: Grimmsnarl|def|1
|move|p2a: Registeel|Iron Head|p1a: Grimmsnarl
|-supereffective|p1a: Grimmsnarl
|-damage|p1a: Grimmsnarl|50/100
|
|-heal|p1a: Grimmsnarl|56/100|[from] item: Leftovers
|-heal|p2a: Registeel|90/100|[from] item: Leftovers
|upkeep
|turn|17
|
|t:|1667241524
|switch|p1a: Metagross|Metagross|100/100
|move|p2a: Registeel|Curse|p2a: Registeel
|-unboost|p2a: Registeel|spe|1
|-boost|p2a: Registeel|atk|1
|-boost|p2a: Registeel|def|1
|
|-heal|p2a: Registeel|96/100|[from] item: Leftovers
|upkeep
|turn|18
|
|t:|1667241537
|switch|p2a: Togekiss|Togekiss, M|52/100
|move|p1a: Metagross|Earthquake|p2a: Togekiss
|-immune|p2a: Togekiss
|
|upkeep
|turn|19
|
|t:|1667241546
|move|p2a: Togekiss|Defog|p1a: Metagross
|-fail|p1a: Metagross|unboost|[from] ability: Clear Body|[of] p1a: Metagross
|-sideend|p2: Dancanmanfan|Toxic Spikes|[from] move: Defog|[of] p2a: Togekiss
|move|p1a: Metagross|Meteor Mash|p2a: Togekiss
|-supereffective|p2a: Togekiss
|-damage|p2a: Togekiss|0 fnt
|faint|p2a: Togekiss
|
|upkeep
|
|t:|1667241556
|switch|p2a: Bewear|Bewear, M|100/100
|turn|20
|inactive|save the treeckos has 120 seconds left.
|
|t:|1667241571
|move|p1a: Metagross|Cosmic Power|p1a: Metagross
|-boost|p1a: Metagross|def|1
|-boost|p1a: Metagross|spd|1
|move|p2a: Bewear|Bulk Up|p2a: Bewear
|-boost|p2a: Bewear|atk|1
|-boost|p2a: Bewear|def|1
|
|upkeep
|turn|21
|
|t:|1667241588
|switch|p1a: Xurkitree|Xurkitree|100/100
|move|p2a: Bewear|Bulk Up|p2a: Bewear
|-boost|p2a: Bewear|atk|1
|-boost|p2a: Bewear|def|1
|
|upkeep
|turn|22
|
|t:|1667241596
|switch|p2a: Registeel|Registeel|96/100
|move|p1a: Xurkitree|Dazzling Gleam|p2a: Registeel
|-resisted|p2a: Registeel
|-damage|p2a: Registeel|87/100
|
|-heal|p2a: Registeel|93/100|[from] item: Leftovers
|upkeep
|turn|23
|
|t:|1667241608
|switch|p1a: Metagross|Metagross|100/100
|move|p2a: Registeel|Curse|p2a: Registeel
|-unboost|p2a: Registeel|spe|1
|-boost|p2a: Registeel|atk|1
|-boost|p2a: Registeel|def|1
|
|-heal|p2a: Registeel|99/100|[from] item: Leftovers
|upkeep
|turn|24
|
|t:|1667241620
|move|p1a: Metagross|Earthquake|p2a: Registeel
|-supereffective|p2a: Registeel
|-damage|p2a: Registeel|74/100
|move|p2a: Registeel|Curse|p2a: Registeel
|-unboost|p2a: Registeel|spe|1
|-boost|p2a: Registeel|atk|1
|-boost|p2a: Registeel|def|1
|
|-heal|p2a: Registeel|80/100|[from] item: Leftovers
|upkeep
|turn|25
|
|t:|1667241636
|switch|p1a: Xurkitree|Xurkitree|100/100
|move|p2a: Registeel|Curse|p2a: Registeel
|-unboost|p2a: Registeel|spe|1
|-boost|p2a: Registeel|atk|1
|-boost|p2a: Registeel|def|1
|
|-heal|p2a: Registeel|86/100|[from] item: Leftovers
|upkeep
|turn|26
|
|t:|1667241647
|move|p1a: Xurkitree|Thunderbolt|p2a: Registeel
|-damage|p2a: Registeel|52/100
|move|p2a: Registeel|Body Press|p1a: Xurkitree
|-damage|p1a: Xurkitree|1/100
|
|-heal|p2a: Registeel|58/100|[from] item: Leftovers
|upkeep
|turn|27
|
|t:|1667241656
|move|p1a: Xurkitree|Thunderbolt|p2a: Registeel
|-damage|p2a: Registeel|27/100
|move|p2a: Registeel|Iron Head|p1a: Xurkitree
|-resisted|p1a: Xurkitree
|-damage|p1a: Xurkitree|0 fnt
|faint|p1a: Xurkitree
|
|-heal|p2a: Registeel|33/100|[from] item: Leftovers
|upkeep
|
|t:|1667241668
|switch|p1a: Heracross|Heracross, M|100/100
|turn|28
|
|t:|1667241673
|switch|p2a: Gastrodon|Gastrodon, M|100/100
|move|p1a: Heracross|Close Combat|p2a: Gastrodon
|-damage|p2a: Gastrodon|54/100
|-unboost|p1a: Heracross|def|1
|-unboost|p1a: Heracross|spd|1
|-damage|p1a: Heracross|84/100|[from] item: Rocky Helmet|[of] p2a: Gastrodon
|
|upkeep
|turn|29
|inactive|save the treeckos has 120 seconds left.
|
|t:|1667241693
|switch|p1a: Weezing|Weezing-Galar, F|56/100
|move|p2a: Gastrodon|Recover|p2a: Gastrodon
|-heal|p2a: Gastrodon|100/100
|
|-heal|p1a: Weezing|62/100|[from] item: Black Sludge
|upkeep
|turn|30
|
|t:|1667241705
|move|p1a: Weezing|Toxic Spikes|p2a: Gastrodon
|-sidestart|p2: Dancanmanfan|move: Toxic Spikes
|move|p2a: Gastrodon|Scald|p1a: Weezing
|-damage|p1a: Weezing|37/100
|-status|p1a: Weezing|brn
|
|-heal|p1a: Weezing|43/100 brn|[from] item: Black Sludge
|-damage|p1a: Weezing|37/100 brn|[from] brn
|upkeep
|turn|31
|
|t:|1667241720
|switch|p2a: Bewear|Bewear, M|100/100
|-status|p2a: Bewear|psn
|move|p1a: Weezing|Toxic Spikes|p2a: Bewear
|-sidestart|p2: Dancanmanfan|move: Toxic Spikes
|
|-heal|p1a: Weezing|43/100 brn|[from] item: Black Sludge
|-damage|p2a: Bewear|88/100 psn|[from] psn
|-damage|p1a: Weezing|37/100 brn|[from] brn
|upkeep
|turn|32
|
|t:|1667241740
|switch|p2a: Registeel|Registeel|33/100
|move|p1a: Weezing|Strange Steam|p2a: Registeel
|-resisted|p2a: Registeel
|-damage|p2a: Registeel|25/100
|-start|p2a: Registeel|confusion
|
|-heal|p1a: Weezing|43/100 brn|[from] item: Black Sludge
|-heal|p2a: Registeel|32/100|[from] item: Leftovers
|-damage|p1a: Weezing|37/100 brn|[from] brn
|upkeep
|turn|33
|
|t:|1667241755
|move|p1a: Weezing|Taunt|p2a: Registeel
|-start|p2a: Registeel|move: Taunt
|-activate|p2a: Registeel|confusion
|move|p2a: Registeel|Iron Head|p1a: Weezing
|-supereffective|p1a: Weezing
|-damage|p1a: Weezing|1/100 brn
|
|-heal|p1a: Weezing|7/100 brn|[from] item: Black Sludge
|-heal|p2a: Registeel|38/100|[from] item: Leftovers
|-damage|p1a: Weezing|1/100 brn|[from] brn
|upkeep
|turn|34
|
|t:|1667241772
|move|p1a: Weezing|Strange Steam|p2a: Registeel
|-resisted|p2a: Registeel
|-damage|p2a: Registeel|31/100
|-activate|p2a: Registeel|confusion
|move|p2a: Registeel|Iron Head|p1a: Weezing
|-supereffective|p1a: Weezing
|-damage|p1a: Weezing|0 fnt
|faint|p1a: Weezing
|
|-heal|p2a: Registeel|37/100|[from] item: Leftovers
|upkeep
|inactive|save the treeckos has 90 seconds left.
|
|t:|1667241814
|switch|p1a: Metagross|Metagross|100/100
|turn|35
|
|t:|1667241825
|switch|p2a: Bewear|Bewear, M|88/100 psn
|move|p1a: Metagross|Earthquake|p2a: Bewear
|-damage|p2a: Bewear|61/100 psn
|
|-heal|p2a: Bewear|68/100 psn|[from] item: Leftovers
|-damage|p2a: Bewear|55/100 psn|[from] psn
|upkeep
|turn|36
|inactive|save the treeckos has 60 seconds left.
|
|t:|1667241855
|switch|p1a: Heracross|Heracross, M|84/100
|move|p2a: Bewear|Bulk Up|p2a: Bewear
|-boost|p2a: Bewear|atk|1
|-boost|p2a: Bewear|def|1
|
|-heal|p2a: Bewear|61/100 psn|[from] item: Leftovers
|-damage|p2a: Bewear|49/100 psn|[from] psn
|upkeep
|turn|37
|
|t:|1667241869
|move|p1a: Heracross|Close Combat|p2a: Bewear
|-supereffective|p2a: Bewear
|-damage|p2a: Bewear|16/100 psn
|-unboost|p1a: Heracross|def|1
|-unboost|p1a: Heracross|spd|1
|move|p2a: Bewear|Body Slam|p1a: Heracross
|-damage|p1a: Heracross|0 fnt
|faint|p1a: Heracross
|
|-heal|p2a: Bewear|22/100 psn|[from] item: Leftovers
|-damage|p2a: Bewear|10/100 psn|[from] psn
|upkeep
|
|t:|1667241887
|switch|p1a: Metagross|Metagross|100/100
|turn|38
|
|t:|1667241893
|move|p1a: Metagross|Earthquake|p2a: Bewear
|-damage|p2a: Bewear|0 fnt
|faint|p2a: Bewear
|
|upkeep
|
|t:|1667241919
|switch|p2a: Gastrodon|Gastrodon, M|100/100
|-status|p2a: Gastrodon|tox
|turn|39
|
|t:|1667241933
|move|p1a: Metagross|Cosmic Power|p1a: Metagross
|-boost|p1a: Metagross|def|1
|-boost|p1a: Metagross|spd|1
|move|p2a: Gastrodon|Scald|p1a: Metagross
|-damage|p1a: Metagross|84/100
|
|-damage|p2a: Gastrodon|94/100 tox|[from] psn
|upkeep
|turn|40
|
|t:|1667241944
|move|p1a: Metagross|Earthquake|p2a: Gastrodon
|-damage|p2a: Gastrodon|72/100 tox
|move|p2a: Gastrodon|Scald|p1a: Metagross
|-damage|p1a: Metagross|66/100
|
|-damage|p2a: Gastrodon|60/100 tox|[from] psn
|upkeep
|turn|41
|
|t:|1667241954
|move|p1a: Metagross|Earthquake|p2a: Gastrodon
|-damage|p2a: Gastrodon|36/100 tox
|move|p2a: Gastrodon|Scald|p1a: Metagross
|-damage|p1a: Metagross|48/100
|
|-damage|p2a: Gastrodon|18/100 tox|[from] psn
|upkeep
|turn|42
|
|t:|1667241963
|move|p1a: Metagross|Earthquake|p2a: Gastrodon
|-damage|p2a: Gastrodon|0 fnt
|faint|p2a: Gastrodon
|
|upkeep
|
|t:|1667241966
|switch|p2a: Corsola|Corsola-Galar, M|30/100
|-status|p2a: Corsola|tox
|turn|43
|inactive|save the treeckos has 60 seconds left.
|
|t:|1667241983
|move|p1a: Metagross|Meteor Mash|p2a: Corsola
|-damage|p2a: Corsola|0 fnt
|faint|p2a: Corsola
|
|upkeep
|
|t:|1667241994
|switch|p2a: Registeel|Registeel|37/100
|turn|44
|
|t:|1667241999
|move|p1a: Metagross|Earthquake|p2a: Registeel
|-supereffective|p2a: Registeel
|-crit|p2a: Registeel
|-damage|p2a: Registeel|0 fnt
|faint|p2a: Registeel
|
|upkeep
|
|t:|1667242001
|switch|p2a: Reuniclus|Reuniclus, F|100/100
|-status|p2a: Reuniclus|tox
|turn|45
|
|t:|1667242010
|move|p1a: Metagross|Meteor Mash|p2a: Reuniclus
|-damage|p2a: Reuniclus|67/100 tox
|-boost|p1a: Metagross|atk|1
|move|p2a: Reuniclus|Acid Armor|p2a: Reuniclus
|-boost|p2a: Reuniclus|def|2
|
|-heal|p2a: Reuniclus|73/100 tox|[from] item: Leftovers
|upkeep
|turn|46
|
|t:|1667242021
|move|p1a: Metagross|Meteor Mash|p2a: Reuniclus
|-damage|p2a: Reuniclus|49/100 tox
|move|p2a: Reuniclus|Acid Armor|p2a: Reuniclus
|-boost|p2a: Reuniclus|def|2
|
|-heal|p2a: Reuniclus|55/100 tox|[from] item: Leftovers
|upkeep
|turn|47
|-message|Dancanmanfan forfeited.
|
|win|save the treeckos
|raw|save the treeckos's rating: 1392 &rarr; <strong>1418</strong><br />(+26 for winning)
|raw|Dancanmanfan's rating: 1504 &rarr; <strong>1478</strong><br />(-26 for losing)
|l|☆Dancanmanfan
||Ladder isn't responding, score probably updated but might not have (Request timeout).
