|j|☆Mac3
|j|☆Cyyru
|player|p1|Mac3|279|1591
|player|p2|Cyyru|cyrus|1539
|teamsize|p1|6
|teamsize|p2|6
|gametype|singles
|gen|8
|tier|[Gen 8] RU
|rated|
|clearpoke
|poke|p1|Bronzor|
|poke|p1|Eldegoss, F|
|poke|p1|Mantine, F|
|poke|p1|Quagsire, F|
|poke|p1|Sableye, M|
|poke|p1|Xatu, F|
|poke|p2|Sableye, F|
|poke|p2|Mantine, F|
|poke|p2|Steelix, F|
|poke|p2|Vanilluxe, M|
|poke|p2|Glaceon, F|
|poke|p2|Passimian, M|
|rule|Sleep Clause Mod: Limit one foe put to sleep
|rule|Species Clause: Limit one of each Pokémon
|rule|OHKO Clause: OHKO moves are banned
|rule|Evasion Moves Clause: Evasion moves are banned
|rule|Endless Battle Clause: Forcing endless battles is banned
|rule|HP Percentage Mod: HP is shown in percentages
|rule|Dynamax Clause: You cannot dynamax
|teampreview
|
|start
|switch|p1a: Mantine|Mantine, F|100/100
|switch|p2a: Vanilluxe|Vanilluxe, M|100/100
|-weather|Hail|[from] ability: Snow Warning|[of] p2a: Vanilluxe
|turn|1
|j| GreedentFan69
|c| GreedentFan69|....
|c|☆Mac3|=
|
|switch|p1a: Bronzor|Bronzor|100/100
|move|p2a: Vanilluxe|Blizzard|p1a: Bronzor
|-resisted|p1a: Bronzor
|-damage|p1a: Bronzor|75/100
|
|-weather|Hail|[upkeep]
|-damage|p1a: Bronzor|69/100|[from] Hail
|upkeep
|turn|2
|c|☆Mac3|?*
|c| GreedentFan69|i'm mad cyyru didn't load up the scarfty
|
|switch|p2a: Steelix|Steelix, F|100/100
|move|p1a: Bronzor|Toxic|p2a: Steelix
|-immune|p2a: Steelix
|
|-weather|Hail|[upkeep]
|-damage|p2a: Steelix|94/100|[from] Hail
|-damage|p1a: Bronzor|63/100|[from] Hail
|-heal|p2a: Steelix|100/100|[from] item: Leftovers
|upkeep
|turn|3
|c| GreedentFan69|ur favorite
|
|switch|p2a: Glaceon|Glaceon, F|100/100
|switch|p1a: Xatu|Xatu, F|100/100
|
|-weather|Hail|[upkeep]
|-damage|p1a: Xatu|94/100|[from] Hail
|-heal|p1a: Xatu|100/100|[from] item: Leftovers
|upkeep
|turn|4
|c| GreedentFan69|dd grass knot
|
|switch|p1a: Bronzor|Bronzor|63/100
|move|p2a: Glaceon|Blizzard|p1a: Bronzor
|-resisted|p1a: Bronzor
|-damage|p1a: Bronzor|36/100
|
|-weather|Hail|[upkeep]
|-damage|p1a: Bronzor|30/100|[from] Hail
|upkeep
|turn|5
|
|move|p2a: Glaceon|Blizzard|p1a: Bronzor
|-resisted|p1a: Bronzor
|-damage|p1a: Bronzor|5/100
|move|p1a: Bronzor|Rest|p1a: Bronzor
|-status|p1a: Bronzor|slp|[from] move: Rest
|-heal|p1a: Bronzor|100/100 slp|[silent]
|
|-weather|none
|upkeep
|turn|6
|
|switch|p2a: Sableye|Sableye, F|100/100
|cant|p1a: Bronzor|slp
|
|upkeep
|turn|7
|
|switch|p2a: Vanilluxe|Vanilluxe, M|100/100
|-weather|Hail|[from] ability: Snow Warning|[of] p2a: Vanilluxe
|switch|p1a: Sableye|Sableye, M|100/100
|
|-weather|Hail|[upkeep]
|-damage|p1a: Sableye|94/100|[from] Hail
|-heal|p1a: Sableye|100/100|[from] item: Leftovers
|upkeep
|turn|8
|
|switch|p1a: Bronzor|Bronzor|100/100 slp
|move|p2a: Vanilluxe|Blizzard|p1a: Bronzor
|-resisted|p1a: Bronzor
|-damage|p1a: Bronzor|75/100 slp
|
|-weather|Hail|[upkeep]
|-damage|p1a: Bronzor|69/100 slp|[from] Hail
|upkeep
|turn|9
|
|switch|p2a: Sableye|Sableye, F|100/100
|cant|p1a: Bronzor|slp
|
|-weather|Hail|[upkeep]
|-damage|p2a: Sableye|94/100|[from] Hail
|-damage|p1a: Bronzor|63/100 slp|[from] Hail
|-heal|p2a: Sableye|100/100|[from] item: Leftovers
|upkeep
|turn|10
|
|switch|p2a: Glaceon|Glaceon, F|100/100
|switch|p1a: Sableye|Sableye, M|100/100
|
|-weather|Hail|[upkeep]
|-damage|p1a: Sableye|94/100|[from] Hail
|-heal|p1a: Sableye|100/100|[from] item: Leftovers
|upkeep
|turn|11
|
|switch|p1a: Bronzor|Bronzor|63/100 slp
|move|p2a: Glaceon|Blizzard|p1a: Bronzor
|-resisted|p1a: Bronzor
|-damage|p1a: Bronzor|34/100 slp
|
|-weather|none
|upkeep
|turn|12
|
|switch|p2a: Sableye|Sableye, F|100/100
|-curestatus|p1a: Bronzor|slp|[msg]
|move|p1a: Bronzor|Rest|p1a: Bronzor
|-status|p1a: Bronzor|slp|[from] move: Rest
|-heal|p1a: Bronzor|100/100 slp|[silent]
|
|upkeep
|turn|13
|
|switch|p2a: Vanilluxe|Vanilluxe, M|100/100
|-weather|Hail|[from] ability: Snow Warning|[of] p2a: Vanilluxe
|switch|p1a: Sableye|Sableye, M|100/100
|
|-weather|Hail|[upkeep]
|-damage|p1a: Sableye|94/100|[from] Hail
|-heal|p1a: Sableye|100/100|[from] item: Leftovers
|upkeep
|turn|14
|
|switch|p1a: Bronzor|Bronzor|100/100 slp
|move|p2a: Vanilluxe|Blizzard|p1a: Bronzor
|-resisted|p1a: Bronzor
|-damage|p1a: Bronzor|78/100 slp
|
|-weather|Hail|[upkeep]
|-damage|p1a: Bronzor|72/100 slp|[from] Hail
|upkeep
|turn|15
|
|switch|p2a: Passimian|Passimian, M|100/100
|cant|p1a: Bronzor|slp
|
|-weather|Hail|[upkeep]
|-damage|p2a: Passimian|94/100|[from] Hail
|-damage|p1a: Bronzor|66/100 slp|[from] Hail
|upkeep
|turn|16
|
|switch|p1a: Sableye|Sableye, M|100/100
|move|p2a: Passimian|U-turn|p1a: Sableye
|-damage|p1a: Sableye|79/100
|
|switch|p2a: Glaceon|Glaceon, F|100/100|[from]move: U-turn
|
|-weather|Hail|[upkeep]
|-damage|p1a: Sableye|73/100|[from] Hail
|-heal|p1a: Sableye|79/100|[from] item: Leftovers
|upkeep
|turn|17
|
|switch|p1a: Bronzor|Bronzor|66/100 slp
|move|p2a: Glaceon|Blizzard|p1a: Bronzor
|-resisted|p1a: Bronzor
|-damage|p1a: Bronzor|40/100 slp
|
|-weather|none
|upkeep
|turn|18
|
|switch|p2a: Passimian|Passimian, M|94/100
|cant|p1a: Bronzor|slp
|
|upkeep
|turn|19
|
|move|p2a: Passimian|U-turn|p1a: Bronzor
|-damage|p1a: Bronzor|22/100 slp
|
|switch|p2a: Sableye|Sableye, F|100/100|[from]move: U-turn
|-curestatus|p1a: Bronzor|slp|[msg]
|move|p1a: Bronzor|Rest|p1a: Bronzor
|-status|p1a: Bronzor|slp|[from] move: Rest
|-heal|p1a: Bronzor|100/100 slp|[silent]
|
|upkeep
|turn|20
|
|switch|p2a: Vanilluxe|Vanilluxe, M|100/100
|-weather|Hail|[from] ability: Snow Warning|[of] p2a: Vanilluxe
|switch|p1a: Sableye|Sableye, M|79/100
|
|-weather|Hail|[upkeep]
|-damage|p1a: Sableye|73/100|[from] Hail
|-heal|p1a: Sableye|79/100|[from] item: Leftovers
|upkeep
|turn|21
|
|switch|p2a: Sableye|Sableye, F|100/100
|switch|p1a: Bronzor|Bronzor|100/100 slp
|
|-weather|Hail|[upkeep]
|-damage|p2a: Sableye|94/100|[from] Hail
|-damage|p1a: Bronzor|95/100 slp|[from] Hail
|-heal|p2a: Sableye|100/100|[from] item: Leftovers
|upkeep
|turn|22
|
|switch|p2a: Glaceon|Glaceon, F|100/100
|switch|p1a: Sableye|Sableye, M|79/100
|
|-weather|Hail|[upkeep]
|-damage|p1a: Sableye|73/100|[from] Hail
|-heal|p1a: Sableye|79/100|[from] item: Leftovers
|upkeep
|turn|23
|
|switch|p1a: Bronzor|Bronzor|95/100 slp
|move|p2a: Glaceon|Blizzard|p1a: Bronzor
|-resisted|p1a: Bronzor
|-damage|p1a: Bronzor|67/100 slp
|
|-weather|Hail|[upkeep]
|-damage|p1a: Bronzor|61/100 slp|[from] Hail
|upkeep
|turn|24
|
|move|p2a: Glaceon|Blizzard|p1a: Bronzor
|-resisted|p1a: Bronzor
|-damage|p1a: Bronzor|36/100 slp
|cant|p1a: Bronzor|slp
|
|-weather|none
|upkeep
|turn|25
|
|switch|p2a: Sableye|Sableye, F|100/100
|cant|p1a: Bronzor|slp
|
|upkeep
|turn|26
|
|switch|p1a: Sableye|Sableye, M|79/100
|move|p2a: Sableye|Knock Off|p1a: Sableye
|-damage|p1a: Sableye|54/100
|-enditem|p1a: Sableye|Leftovers|[from] move: Knock Off|[of] p2a: Sableye
|
|upkeep
|turn|27
|
|switch|p2a: Vanilluxe|Vanilluxe, M|100/100
|-weather|Hail|[from] ability: Snow Warning|[of] p2a: Vanilluxe
|switch|p1a: Bronzor|Bronzor|36/100 slp
|
|-weather|Hail|[upkeep]
|-damage|p1a: Bronzor|30/100 slp|[from] Hail
|upkeep
|turn|28
|
|move|p2a: Vanilluxe|Blizzard|p1a: Bronzor
|-resisted|p1a: Bronzor
|-damage|p1a: Bronzor|5/100 slp
|-curestatus|p1a: Bronzor|slp|[msg]
|move|p1a: Bronzor|Rest|p1a: Bronzor
|-status|p1a: Bronzor|slp|[from] move: Rest
|-heal|p1a: Bronzor|100/100 slp|[silent]
|
|-weather|Hail|[upkeep]
|-damage|p1a: Bronzor|95/100 slp|[from] Hail
|upkeep
|turn|29
|
|switch|p2a: Passimian|Passimian, M|94/100
|cant|p1a: Bronzor|slp
|
|-weather|Hail|[upkeep]
|-damage|p2a: Passimian|88/100|[from] Hail
|-damage|p1a: Bronzor|89/100 slp|[from] Hail
|upkeep
|turn|30
|
|switch|p1a: Sableye|Sableye, M|54/100
|move|p2a: Passimian|U-turn|p1a: Sableye
|-damage|p1a: Sableye|32/100
|
|switch|p2a: Glaceon|Glaceon, F|100/100|[from]move: U-turn
|
|-weather|Hail|[upkeep]
|-damage|p1a: Sableye|26/100|[from] Hail
|upkeep
|turn|31
|
|switch|p1a: Bronzor|Bronzor|89/100 slp
|move|p2a: Glaceon|Ice Beam|p1a: Bronzor
|-resisted|p1a: Bronzor
|-damage|p1a: Bronzor|67/100 slp
|
|-weather|none
|upkeep
|turn|32
|
|switch|p2a: Passimian|Passimian, M|88/100
|cant|p1a: Bronzor|slp
|
|upkeep
|turn|33
|
|switch|p1a: Eldegoss|Eldegoss, F|100/100
|move|p2a: Passimian|U-turn|p1a: Eldegoss
|-supereffective|p1a: Eldegoss
|-damage|p1a: Eldegoss|56/100
|
|switch|p2a: Vanilluxe|Vanilluxe, M|100/100|[from]move: U-turn
|-weather|Hail|[from] ability: Snow Warning|[of] p2a: Vanilluxe
|
|-weather|Hail|[upkeep]
|-damage|p1a: Eldegoss|50/100|[from] Hail
|-heal|p1a: Eldegoss|56/100|[from] item: Leftovers
|upkeep
|turn|34
|
|switch|p2a: Passimian|Passimian, M|88/100
|switch|p1a: Bronzor|Bronzor|67/100 slp
|
|-weather|Hail|[upkeep]
|-damage|p2a: Passimian|82/100|[from] Hail
|-damage|p1a: Bronzor|61/100 slp|[from] Hail
|upkeep
|turn|35
|
|switch|p1a: Eldegoss|Eldegoss, F|89/100
|move|p2a: Passimian|Knock Off|p1a: Eldegoss
|-damage|p1a: Eldegoss|61/100
|-enditem|p1a: Eldegoss|Leftovers|[from] move: Knock Off|[of] p2a: Passimian
|
|-weather|Hail|[upkeep]
|-damage|p2a: Passimian|76/100|[from] Hail
|-damage|p1a: Eldegoss|55/100|[from] Hail
|upkeep
|turn|36
|
|switch|p2a: Steelix|Steelix, F|100/100
|move|p1a: Eldegoss|Giga Drain|p2a: Steelix
|-damage|p2a: Steelix|77/100
|-heal|p1a: Eldegoss|67/100|[from] drain|[of] p2a: Steelix
|
|-weather|Hail|[upkeep]
|-damage|p1a: Eldegoss|61/100|[from] Hail
|-damage|p2a: Steelix|71/100|[from] Hail
|-heal|p2a: Steelix|77/100|[from] item: Leftovers
|upkeep
|turn|37
|
|switch|p2a: Glaceon|Glaceon, F|100/100
|move|p1a: Eldegoss|Giga Drain|p2a: Glaceon
|-damage|p2a: Glaceon|73/100
|-heal|p1a: Eldegoss|73/100|[from] drain|[of] p2a: Glaceon
|
|-weather|none
|upkeep
|turn|38
|j| TrueNora
|
|switch|p1a: Mantine|Mantine, F|100/100
|move|p2a: Glaceon|Ice Beam|p1a: Mantine
|-damage|p1a: Mantine|62/100
|
|-heal|p1a: Mantine|68/100|[from] item: Leftovers
|upkeep
|turn|39
|j| shieldpoke
|
|switch|p2a: Mantine|Mantine, F|100/100
|move|p1a: Mantine|Scald|p2a: Mantine
|-immune|p2a: Mantine|[from] ability: Water Absorb
|
|-heal|p1a: Mantine|74/100|[from] item: Leftovers
|upkeep
|turn|40
|
|switch|p1a: Eldegoss|Eldegoss, F|100/100
|switch|p2a: Vanilluxe|Vanilluxe, M|100/100
|-weather|Hail|[from] ability: Snow Warning|[of] p2a: Vanilluxe
|
|-weather|Hail|[upkeep]
|-damage|p1a: Eldegoss|94/100|[from] Hail
|upkeep
|turn|41
|c| TrueNora|go swordguard
|
|switch|p2a: Passimian|Passimian, M|76/100
|switch|p1a: Bronzor|Bronzor|61/100 slp
|
|-weather|Hail|[upkeep]
|-damage|p2a: Passimian|70/100|[from] Hail
|-damage|p1a: Bronzor|55/100 slp|[from] Hail
|upkeep
|turn|42
|
|move|p2a: Passimian|U-turn|p1a: Bronzor
|-damage|p1a: Bronzor|35/100 slp
|
|switch|p2a: Sableye|Sableye, F|100/100|[from]move: U-turn
|-curestatus|p1a: Bronzor|slp|[msg]
|move|p1a: Bronzor|Rest|p1a: Bronzor
|-status|p1a: Bronzor|slp|[from] move: Rest
|-heal|p1a: Bronzor|100/100 slp|[silent]
|
|-weather|Hail|[upkeep]
|-damage|p2a: Sableye|94/100|[from] Hail
|-damage|p1a: Bronzor|95/100 slp|[from] Hail
|-heal|p2a: Sableye|100/100|[from] item: Leftovers
|upkeep
|turn|43
|
|switch|p2a: Glaceon|Glaceon, F|73/100
|switch|p1a: Quagsire|Quagsire, F|100/100
|
|-weather|Hail|[upkeep]
|-damage|p1a: Quagsire|94/100|[from] Hail
|-heal|p1a: Quagsire|100/100|[from] item: Leftovers
|upkeep
|turn|44
|
|switch|p2a: Passimian|Passimian, M|70/100
|switch|p1a: Bronzor|Bronzor|95/100 slp
|
|-weather|none
|upkeep
|turn|45
|
|switch|p1a: Eldegoss|Eldegoss, F|100/100
|move|p2a: Passimian|U-turn|p1a: Eldegoss
|-supereffective|p1a: Eldegoss
|-damage|p1a: Eldegoss|56/100
|
|switch|p2a: Vanilluxe|Vanilluxe, M|100/100|[from]move: U-turn
|-weather|Hail|[from] ability: Snow Warning|[of] p2a: Vanilluxe
|
|-weather|Hail|[upkeep]
|-damage|p1a: Eldegoss|50/100|[from] Hail
|upkeep
|turn|46
|
|switch|p2a: Passimian|Passimian, M|70/100
|switch|p1a: Bronzor|Bronzor|95/100 slp
|
|-weather|Hail|[upkeep]
|-damage|p2a: Passimian|64/100|[from] Hail
|-damage|p1a: Bronzor|89/100 slp|[from] Hail
|upkeep
|turn|47
|
|switch|p1a: Eldegoss|Eldegoss, F|83/100
|move|p2a: Passimian|U-turn|p1a: Eldegoss
|-supereffective|p1a: Eldegoss
|-damage|p1a: Eldegoss|44/100
|
|switch|p2a: Glaceon|Glaceon, F|73/100|[from]move: U-turn
|
|-weather|Hail|[upkeep]
|-damage|p1a: Eldegoss|38/100|[from] Hail
|upkeep
|turn|48
|
|switch|p2a: Passimian|Passimian, M|64/100
|switch|p1a: Bronzor|Bronzor|89/100 slp
|
|-weather|Hail|[upkeep]
|-damage|p2a: Passimian|57/100|[from] Hail
|-damage|p1a: Bronzor|83/100 slp|[from] Hail
|upkeep
|turn|49
|
|switch|p1a: Quagsire|Quagsire, F|100/100
|move|p2a: Passimian|Knock Off|p1a: Quagsire
|-damage|p1a: Quagsire|75/100
|-enditem|p1a: Quagsire|Leftovers|[from] move: Knock Off|[of] p2a: Passimian
|
|-weather|none
|upkeep
|turn|50
|
|switch|p2a: Steelix|Steelix, F|77/100
|move|p1a: Quagsire|Toxic|p2a: Steelix
|-immune|p2a: Steelix
|
|-heal|p2a: Steelix|84/100|[from] item: Leftovers
|upkeep
|turn|51
|
|move|p1a: Quagsire|Toxic|p2a: Steelix|[miss]
|-miss|p1a: Quagsire|p2a: Steelix
|move|p2a: Steelix|Toxic|p1a: Quagsire
|-status|p1a: Quagsire|tox
|
|-heal|p2a: Steelix|90/100|[from] item: Leftovers
|-damage|p1a: Quagsire|69/100 tox|[from] psn
|upkeep
|turn|52
|
|switch|p1a: Eldegoss|Eldegoss, F|71/100
|switch|p2a: Mantine|Mantine, F|100/100
|
|upkeep
|turn|53
|
|switch|p2a: Vanilluxe|Vanilluxe, M|100/100
|-weather|Hail|[from] ability: Snow Warning|[of] p2a: Vanilluxe
|move|p1a: Eldegoss|Aromatherapy|p1a: Eldegoss
|-activate|p1a: Eldegoss|move: Aromatherapy
|-curestatus|p1: Quagsire|tox|[msg]
|-curestatus|p1: Bronzor|slp|[msg]
|
|-weather|Hail|[upkeep]
|-damage|p1a: Eldegoss|65/100|[from] Hail
|upkeep
|turn|54
|
|switch|p2a: Passimian|Passimian, M|57/100
|switch|p1a: Bronzor|Bronzor|83/100
|
|-weather|Hail|[upkeep]
|-damage|p2a: Passimian|51/100|[from] Hail
|-damage|p1a: Bronzor|77/100|[from] Hail
|upkeep
|turn|55
|
|switch|p1a: Eldegoss|Eldegoss, F|99/100
|move|p2a: Passimian|U-turn|p1a: Eldegoss
|-supereffective|p1a: Eldegoss
|-damage|p1a: Eldegoss|53/100
|
|switch|p2a: Glaceon|Glaceon, F|73/100|[from]move: U-turn
|
|-weather|Hail|[upkeep]
|-damage|p1a: Eldegoss|47/100|[from] Hail
|upkeep
|turn|56
|
|switch|p2a: Passimian|Passimian, M|51/100
|switch|p1a: Bronzor|Bronzor|77/100
|
|-weather|Hail|[upkeep]
|-damage|p2a: Passimian|45/100|[from] Hail
|-damage|p1a: Bronzor|71/100|[from] Hail
|upkeep
|turn|57
|
|switch|p1a: Eldegoss|Eldegoss, F|80/100
|move|p2a: Passimian|U-turn|p1a: Eldegoss
|-supereffective|p1a: Eldegoss
|-crit|p1a: Eldegoss
|-damage|p1a: Eldegoss|21/100
|
|switch|p2a: Glaceon|Glaceon, F|73/100|[from]move: U-turn
|
|-weather|none
|upkeep
|turn|58
|
|switch|p2a: Passimian|Passimian, M|45/100
|switch|p1a: Bronzor|Bronzor|71/100
|
|upkeep
|turn|59
|
|switch|p1a: Quagsire|Quagsire, F|69/100
|move|p2a: Passimian|U-turn|p1a: Quagsire
|-damage|p1a: Quagsire|49/100
|
|switch|p2a: Vanilluxe|Vanilluxe, M|100/100|[from]move: U-turn
|-weather|Hail|[from] ability: Snow Warning|[of] p2a: Vanilluxe
|
|-weather|Hail|[upkeep]
|-damage|p1a: Quagsire|43/100|[from] Hail
|upkeep
|turn|60
|
|move|p2a: Vanilluxe|Freeze-Dry|p1a: Quagsire
|-supereffective|p1a: Quagsire
|-damage|p1a: Quagsire|0 fnt
|faint|p1a: Quagsire
|
|-weather|Hail|[upkeep]
|upkeep
|
|switch|p1a: Bronzor|Bronzor|71/100
|turn|61
|
|switch|p2a: Sableye|Sableye, F|100/100
|move|p1a: Bronzor|Stealth Rock|p2a: Sableye
|-sidestart|p2: Cyyru|move: Stealth Rock
|
|-weather|Hail|[upkeep]
|-damage|p2a: Sableye|94/100|[from] Hail
|-damage|p1a: Bronzor|65/100|[from] Hail
|-heal|p2a: Sableye|100/100|[from] item: Leftovers
|upkeep
|turn|62
|
|switch|p2a: Mantine|Mantine, F|100/100
|switch|p1a: Eldegoss|Eldegoss, F|54/100
|
|-weather|Hail|[upkeep]
|-damage|p2a: Mantine|94/100|[from] Hail
|-damage|p1a: Eldegoss|48/100|[from] Hail
|upkeep
|turn|63
|
|switch|p1a: Bronzor|Bronzor|65/100
|move|p2a: Mantine|Defog|p1a: Bronzor
|-unboost|p1a: Bronzor|evasion|1
|-sideend|p2: Cyyru|Stealth Rock|[from] move: Defog|[of] p2a: Mantine
|
|-weather|none
|upkeep
|turn|64
|
|move|p2a: Mantine|Scald|p1a: Bronzor
|-damage|p1a: Bronzor|50/100
|move|p1a: Bronzor|Stealth Rock|p2a: Mantine
|-sidestart|p2: Cyyru|move: Stealth Rock
|
|upkeep
|turn|65
|
|move|p2a: Mantine|Scald|p1a: Bronzor
|-damage|p1a: Bronzor|36/100
|move|p1a: Bronzor|Toxic|p2a: Mantine
|-status|p2a: Mantine|tox
|
|-damage|p2a: Mantine|88/100 tox|[from] psn
|upkeep
|turn|66
|
|move|p2a: Mantine|Defog|p1a: Bronzor
|-unboost|p1a: Bronzor|evasion|1
|-sideend|p2: Cyyru|Stealth Rock|[from] move: Defog|[of] p2a: Mantine
|move|p1a: Bronzor|Stealth Rock|p2a: Mantine
|-sidestart|p2: Cyyru|move: Stealth Rock
|
|-damage|p2a: Mantine|76/100 tox|[from] psn
|upkeep
|turn|67
|
|move|p2a: Mantine|Defog|p1a: Bronzor
|-unboost|p1a: Bronzor|evasion|1
|-sideend|p2: Cyyru|Stealth Rock|[from] move: Defog|[of] p2a: Mantine
|move|p1a: Bronzor|Rest|p1a: Bronzor
|-status|p1a: Bronzor|slp|[from] move: Rest
|-heal|p1a: Bronzor|100/100 slp|[silent]
|
|-damage|p2a: Mantine|57/100 tox|[from] psn
|upkeep
|turn|68
|
|switch|p2a: Passimian|Passimian, M|45/100
|cant|p1a: Bronzor|slp
|
|upkeep
|turn|69
|
|move|p2a: Passimian|Knock Off|p1a: Bronzor
|-supereffective|p1a: Bronzor
|-damage|p1a: Bronzor|46/100 slp
|-enditem|p1a: Bronzor|Eviolite|[from] move: Knock Off|[of] p2a: Passimian
|cant|p1a: Bronzor|slp
|
|upkeep
|turn|70
|
|switch|p1a: Eldegoss|Eldegoss, F|81/100
|move|p2a: Passimian|Knock Off|p1a: Eldegoss
|-damage|p1a: Eldegoss|63/100
|
|upkeep
|turn|71
|c| GreedentFan69|bro how did sable get so low
|
|switch|p2a: Vanilluxe|Vanilluxe, M|100/100
|-weather|Hail|[from] ability: Snow Warning|[of] p2a: Vanilluxe
|switch|p1a: Bronzor|Bronzor|46/100 slp
|
|-weather|Hail|[upkeep]
|-damage|p1a: Bronzor|40/100 slp|[from] Hail
|upkeep
|turn|72
|
|switch|p1a: Mantine|Mantine, F|74/100
|move|p2a: Vanilluxe|Blizzard|p1a: Mantine
|-damage|p1a: Mantine|32/100
|
|-weather|Hail|[upkeep]
|-damage|p1a: Mantine|26/100|[from] Hail
|-heal|p1a: Mantine|32/100|[from] item: Leftovers
|upkeep
|turn|73
|
|move|p2a: Vanilluxe|Blizzard|p1a: Mantine
|-damage|p1a: Mantine|0 fnt
|faint|p1a: Mantine
|
|-weather|Hail|[upkeep]
|upkeep
|
|switch|p1a: Sableye|Sableye, M|26/100
|turn|74
|
|move|p1a: Sableye|Recover|p1a: Sableye
|-heal|p1a: Sableye|76/100
|move|p2a: Vanilluxe|Blizzard|p1a: Sableye
|-damage|p1a: Sableye|0 fnt
|faint|p1a: Sableye
|
|-weather|Hail|[upkeep]
|upkeep
|
|switch|p1a: Eldegoss|Eldegoss, F|96/100
|turn|75
|j| gorex
|
|move|p2a: Vanilluxe|Blizzard|p1a: Eldegoss
|-supereffective|p1a: Eldegoss
|-damage|p1a: Eldegoss|0 fnt
|faint|p1a: Eldegoss
|
|-weather|none
|upkeep
|
|switch|p1a: Bronzor|Bronzor|40/100 slp
|turn|76
|c| GreedentFan69|bro cyyru the god
|c| GreedentFan69|holy shit
|c| GreedentFan69|double ice
|
|switch|p2a: Sableye|Sableye, F|100/100
|-curestatus|p1a: Bronzor|slp|[msg]
|move|p1a: Bronzor|Rest|p1a: Bronzor
|-status|p1a: Bronzor|slp|[from] move: Rest
|-heal|p1a: Bronzor|100/100 slp|[silent]
|
|upkeep
|turn|77
|
|switch|p1a: Xatu|Xatu, F|100/100
|move|p2a: Sableye|Knock Off|p1a: Xatu
|-supereffective|p1a: Xatu
|-damage|p1a: Xatu|26/100
|-enditem|p1a: Xatu|Leftovers|[from] move: Knock Off|[of] p2a: Sableye
|
|upkeep
|turn|78
|
|move|p1a: Xatu|Roost|p1a: Xatu
|-heal|p1a: Xatu|76/100
|-singleturn|p1a: Xatu|move: Roost
|move|p2a: Sableye|Knock Off|p1a: Xatu
|-supereffective|p1a: Xatu
|-damage|p1a: Xatu|34/100
|
|upkeep
|turn|79
|
|switch|p2a: Glaceon|Glaceon, F|73/100
|move|p1a: Xatu|Roost|p1a: Xatu
|-heal|p1a: Xatu|84/100
|-singleturn|p1a: Xatu|move: Roost
|
|upkeep
|turn|80
|
|switch|p1a: Bronzor|Bronzor|100/100 slp
|move|p2a: Glaceon|Ice Beam|p1a: Bronzor
|-resisted|p1a: Bronzor
|-damage|p1a: Bronzor|70/100 slp
|
|upkeep
|turn|81
|c| TrueNora|op
|c| GreedentFan69|how does he do it
|
|switch|p2a: Sableye|Sableye, F|100/100
|cant|p1a: Bronzor|slp
|
|upkeep
|turn|82
|
|move|p2a: Sableye|Knock Off|p1a: Bronzor
|-supereffective|p1a: Bronzor
|-damage|p1a: Bronzor|24/100 slp
|cant|p1a: Bronzor|slp
|
|upkeep
|turn|83
|-message|Mac3 forfeited.
|
|win|Cyyru
|l|☆Mac3
|raw|Mac3's rating: 1591 &rarr; <strong>1568</strong><br />(-23 for losing)
|raw|Cyyru's rating: 1539 &rarr; <strong>1562</strong><br />(+23 for winning)
|c|☆Cyyru|gg
|c| TrueNora|23 points :eyes:
|l|☆Cyyru
|l| TrueNora
|l| gorex
|j| TrueNora
