|j|☆bkdrew
|j|☆yung centibro
|player|p1|bkdrew|iris-gen5bw2|1286
|player|p2|yung centibro|1|1341
|teamsize|p1|6
|teamsize|p2|6
|gametype|singles
|gen|8
|tier|[Gen 8] RU
|rated|
|rule|Sleep Clause Mod: Limit one foe put to sleep
|rule|Species Clause: Limit one of each Pokémon
|rule|OHKO Clause: OHKO moves are banned
|rule|Evasion Moves Clause: Evasion moves are banned
|rule|Endless Battle Clause: Forcing endless battles is banned
|rule|HP Percentage Mod: HP is shown in percentages
|clearpoke
|poke|p1|Vileplume, F|
|poke|p1|Ninetales, M|
|poke|p1|Torkoal, F|
|poke|p1|Xatu, M|
|poke|p1|Shiftry, M|
|poke|p1|Trapinch, M|
|poke|p2|Passimian, M|
|poke|p2|Sigilyph, M|
|poke|p2|Silvally-*|
|poke|p2|Vaporeon, F|
|poke|p2|Vileplume, F|
|poke|p2|Gigalith, F|
|rule|Dynamax Clause: You cannot dynamax
|teampreview
|c|☆yung centibro|lame
|c|☆yung centibro|wannabe bw ou team
|
|start
|switch|p1a: Set It Off|Ninetales, M|100/100
|switch|p2a: Sigilyph|Sigilyph, M|100/100
|-weather|SunnyDay|[from] ability: Drought|[of] p1a: Set It Off
|turn|1
|j| Wick hoonguz
|
|switch|p2a: Gigalith|Gigalith, F|100/100
|-weather|Sandstorm|[from] ability: Sand Stream|[of] p2a: Gigalith
|move|p1a: Set It Off|Weather Ball|p2a: Gigalith
|-crit|p2a: Gigalith
|-damage|p2a: Gigalith|79/100
|
|-weather|Sandstorm|[upkeep]
|-damage|p1a: Set It Off|95/100|[from] Sandstorm
|-heal|p2a: Gigalith|86/100|[from] item: Leftovers
|upkeep
|turn|2
|c|☆yung centibro|LOL
|j| Chrus is nub
|
|move|p1a: Set It Off|Will-O-Wisp|p2a: Gigalith
|-status|p2a: Gigalith|brn
|move|p2a: Gigalith|Heavy Slam|p1a: Set It Off
|-resisted|p1a: Set It Off
|-damage|p1a: Set It Off|78/100
|
|-weather|Sandstorm|[upkeep]
|-damage|p1a: Set It Off|72/100|[from] Sandstorm
|-heal|p2a: Gigalith|92/100 brn|[from] item: Leftovers
|-damage|p2a: Gigalith|86/100 brn|[from] brn
|upkeep
|turn|3
|
|switch|p2a: Sigilyph|Sigilyph, M|100/100
|move|p1a: Set It Off|Encore||[still]
|-fail|p1a: Set It Off
|
|-weather|Sandstorm|[upkeep]
|-damage|p1a: Set It Off|66/100|[from] Sandstorm
|upkeep
|turn|4
|c|☆yung centibro|ah ok so that's why it did jack
|
|move|p1a: Set It Off|Weather Ball|p2a: Sigilyph
|-supereffective|p2a: Sigilyph
|-damage|p2a: Sigilyph|29/100
|move|p2a: Sigilyph|Psychic|p1a: Set It Off
|-damage|p1a: Set It Off|7/100
|
|-weather|Sandstorm|[upkeep]
|-damage|p1a: Set It Off|2/100|[from] Sandstorm
|upkeep
|turn|5
|
|switch|p2a: Vaporeon|Vaporeon, F|100/100
|move|p1a: Set It Off|Weather Ball|p2a: Vaporeon
|-damage|p2a: Vaporeon|84/100
|
|-weather|none
|-heal|p2a: Vaporeon|90/100|[from] item: Leftovers
|upkeep
|turn|6
|
|switch|p1a: Torkoal|Torkoal, F|100/100
|-weather|SunnyDay|[from] ability: Drought|[of] p1a: Torkoal
|move|p2a: Vaporeon|Scald|p1a: Torkoal
|-supereffective|p1a: Torkoal
|-damage|p1a: Torkoal|60/100
|
|-weather|SunnyDay|[upkeep]
|-heal|p2a: Vaporeon|96/100|[from] item: Leftovers
|upkeep
|turn|7
|
|move|p2a: Vaporeon|Scald|p1a: Torkoal
|-supereffective|p1a: Torkoal
|-damage|p1a: Torkoal|19/100
|move|p1a: Torkoal|Stealth Rock|p2a: Vaporeon
|-sidestart|p2: yung centibro|move: Stealth Rock
|
|-weather|SunnyDay|[upkeep]
|-heal|p2a: Vaporeon|100/100|[from] item: Leftovers
|upkeep
|turn|8
|
|switch|p2a: Gigalith|Gigalith, F|86/100 brn
|-damage|p2a: Gigalith|73/100 brn|[from] Stealth Rock
|-weather|Sandstorm|[from] ability: Sand Stream|[of] p2a: Gigalith
|switch|p1a: Shake Those Hips|Vileplume, F|100/100
|
|-weather|Sandstorm|[upkeep]
|-damage|p1a: Shake Those Hips|94/100|[from] Sandstorm
|-heal|p2a: Gigalith|79/100 brn|[from] item: Leftovers
|-damage|p2a: Gigalith|73/100 brn|[from] brn
|upkeep
|turn|9
|
|switch|p1a: ODR SPECIAL|Trapinch, M|100/100
|switch|p2a: Silvally|Silvally-Steel|100/100
|-damage|p2a: Silvally|94/100|[from] Stealth Rock
|
|-weather|Sandstorm|[upkeep]
|upkeep
|turn|10
|
|switch|p1a: Set It Off|Ninetales, M|2/100
|-weather|SunnyDay|[from] ability: Drought|[of] p1a: Set It Off
|move|p2a: Silvally|Multi-Attack|p1a: Set It Off
|-resisted|p1a: Set It Off
|-damage|p1a: Set It Off|0 fnt
|faint|p1a: Set It Off
|
|-weather|SunnyDay|[upkeep]
|upkeep
|
|switch|p1a: Endingtime|Shiftry, M|100/100
|turn|11
|
|switch|p2a: Gigalith|Gigalith, F|73/100 brn
|-damage|p2a: Gigalith|61/100 brn|[from] Stealth Rock
|-weather|Sandstorm|[from] ability: Sand Stream|[of] p2a: Gigalith
|move|p1a: Endingtime|Heat Wave|p2a: Gigalith
|-resisted|p2a: Gigalith
|-damage|p2a: Gigalith|54/100 brn
|-damage|p1a: Endingtime|91/100|[from] item: Life Orb
|
|-weather|Sandstorm|[upkeep]
|-damage|p1a: Endingtime|84/100|[from] Sandstorm
|-heal|p2a: Gigalith|60/100 brn|[from] item: Leftovers
|-damage|p2a: Gigalith|54/100 brn|[from] brn
|upkeep
|turn|12
|
|move|p1a: Endingtime|Growth|p1a: Endingtime
|-boost|p1a: Endingtime|atk|1
|-boost|p1a: Endingtime|spa|1
|move|p2a: Gigalith|Stealth Rock|p1a: Endingtime
|-sidestart|p1: bkdrew|move: Stealth Rock
|
|-weather|Sandstorm|[upkeep]
|-damage|p1a: Endingtime|78/100|[from] Sandstorm
|-heal|p2a: Gigalith|60/100 brn|[from] item: Leftovers
|-damage|p2a: Gigalith|54/100 brn|[from] brn
|upkeep
|turn|13
|
|move|p1a: Endingtime|Throat Chop|p2a: Gigalith
|-damage|p2a: Gigalith|3/100 brn
|-start|p2a: Gigalith|Throat Chop|[silent]
|-damage|p1a: Endingtime|68/100|[from] item: Life Orb
|move|p2a: Gigalith|Heavy Slam|p1a: Endingtime
|-damage|p1a: Endingtime|36/100
|
|-weather|Sandstorm|[upkeep]
|-damage|p1a: Endingtime|29/100|[from] Sandstorm
|-heal|p2a: Gigalith|10/100 brn|[from] item: Leftovers
|-damage|p2a: Gigalith|3/100 brn|[from] brn
|upkeep
|turn|14
|c|☆yung centibro|that is so sad
|c|☆yung centibro|this mon sucks
|
|move|p1a: Endingtime|Throat Chop|p2a: Gigalith
|-damage|p2a: Gigalith|0 fnt
|-damage|p1a: Endingtime|20/100|[from] item: Life Orb
|faint|p2a: Gigalith
|
|-weather|Sandstorm|[upkeep]
|-damage|p1a: Endingtime|13/100|[from] Sandstorm
|upkeep
|
|switch|p2a: Passimian|Passimian, M|100/100
|-damage|p2a: Passimian|94/100|[from] Stealth Rock
|turn|15
|
|switch|p1a: Torkoal|Torkoal, F|19/100
|-damage|p1a: Torkoal|0 fnt|[from] Stealth Rock
|faint|p1a: Torkoal
|move|p2a: Passimian|U-turn|p1: Torkoal|[notarget]
|-fail|p2a: Passimian
|
|-weather|none
|upkeep
|-message|bkdrew forfeited.
|
|win|yung centibro
|l|☆bkdrew
|l| Chrus is nub
|raw|bkdrew's rating: 1257 &rarr; <strong>1238</strong><br />(-19 for losing)
|raw|yung centibro's rating: 1342 &rarr; <strong>1357</strong><br />(+15 for winning)
