|j|☆Glidinganteater
|j|☆Khksora
|t:|1618948992
|gametype|singles
|player|p1|Glidinganteater|palmer|1411
|player|p2|Khksora|265|1368
|teamsize|p1|6
|teamsize|p2|6
|gen|8
|tier|[Gen 8] RU
|rated|
|clearpoke
|poke|p1|Golisopod, M|
|poke|p1|Steelix, M|
|poke|p1|Snorlax, M|
|poke|p1|Togekiss, F|
|poke|p1|Chandelure, M|
|poke|p1|Zarude|
|poke|p2|Zarude-Dada|
|poke|p2|Entei|
|poke|p2|Suicune|
|poke|p2|Porygon2|
|poke|p2|Scyther, F|
|poke|p2|Qwilfish, M|
|rule|Sleep Clause Mod: Limit one foe put to sleep
|rule|Species Clause: Limit one of each Pokémon
|rule|OHKO Clause: OHKO moves are banned
|rule|Evasion Moves Clause: Evasion moves are banned
|rule|Endless Battle Clause: Forcing endless battles is banned
|rule|HP Percentage Mod: HP is shown in percentages
|rule|Dynamax Clause: You cannot dynamax
|teampreview
|
|t:|1618949005
|start
|switch|p1a: Golisopod|Golisopod, M|100/100
|switch|p2a: Alex|Qwilfish, M|100/100
|-ability|p2a: Alex|Intimidate|boost
|-unboost|p1a: Golisopod|atk|1
|turn|1
|
|t:|1618949011
|move|p2a: Alex|Taunt|p1a: Golisopod
|-start|p1a: Golisopod|move: Taunt
|move|p1a: Golisopod|Knock Off|p2a: Alex
|-damage|p2a: Alex|71/100
|-enditem|p2a: Alex|Black Sludge|[from] move: Knock Off|[of] p1a: Golisopod
|
|upkeep
|turn|2
|
|t:|1618949030
|switch|p1a: Snorlax|Snorlax, M, shiny|100/100
|move|p2a: Alex|Scald|p1a: Snorlax
|-damage|p1a: Snorlax|92/100
|-status|p1a: Snorlax|brn
|
|-heal|p1a: Snorlax|98/100 brn|[from] item: Leftovers
|-damage|p1a: Snorlax|92/100 brn|[from] brn
|upkeep
|turn|3
|
|t:|1618949037
|move|p2a: Alex|Taunt|p1a: Snorlax
|-start|p1a: Snorlax|move: Taunt
|move|p1a: Snorlax|Earthquake|p2a: Alex
|-supereffective|p2a: Alex
|-crit|p2a: Alex
|-damage|p2a: Alex|29/100
|
|-heal|p1a: Snorlax|98/100 brn|[from] item: Leftovers
|-damage|p1a: Snorlax|92/100 brn|[from] brn
|upkeep
|turn|4
|
|t:|1618949049
|switch|p2a: Slizer|Scyther, F|100/100
|switch|p1a: Zarude|Zarude|100/100
|
|upkeep
|turn|5
|
|t:|1618949052
|move|p1a: Zarude|U-turn|p2a: Slizer
|-resisted|p2a: Slizer
|-damage|p2a: Slizer|83/100
|
|t:|1618949059
|switch|p1a: Togekiss|Togekiss, F|100/100|[from]move: U-turn
|move|p2a: Slizer|U-turn|p1a: Togekiss
|-resisted|p1a: Togekiss
|-crit|p1a: Togekiss
|-damage|p1a: Togekiss|92/100
|
|t:|1618949073
|switch|p2a: Enthony|Entei|100/100|[from]move: U-turn
|
|upkeep
|turn|6
|
|t:|1618949083
|move|p2a: Enthony|Sacred Fire|p1a: Togekiss
|-damage|p1a: Togekiss|44/100
|-status|p1a: Togekiss|brn
|move|p1a: Togekiss|Air Slash|p2a: Enthony
|-damage|p2a: Enthony|68/100
|
|-damage|p1a: Togekiss|38/100 brn|[from] brn
|upkeep
|turn|7
|
|t:|1618949099
|switch|p2a: Zarude|Zarude-Dada|100/100
|switch|p1a: Snorlax|Snorlax, M, shiny|92/100 brn
|
|-heal|p1a: Snorlax|98/100 brn|[from] item: Leftovers
|-damage|p1a: Snorlax|92/100 brn|[from] brn
|upkeep
|turn|8
|
|t:|1618949105
|move|p2a: Zarude|U-turn|p1a: Snorlax
|-damage|p1a: Snorlax|75/100 brn
|
|t:|1618949108
|switch|p2a: Alex|Qwilfish, M|29/100|[from]move: U-turn
|-ability|p2a: Alex|Intimidate|boost
|-unboost|p1a: Snorlax|atk|1
|move|p1a: Snorlax|Curse|p1a: Snorlax
|-unboost|p1a: Snorlax|spe|1
|-boost|p1a: Snorlax|atk|1
|-boost|p1a: Snorlax|def|1
|
|-heal|p1a: Snorlax|81/100 brn|[from] item: Leftovers
|-damage|p1a: Snorlax|75/100 brn|[from] brn
|upkeep
|turn|9
|
|t:|1618949117
|move|p2a: Alex|Taunt|p1a: Snorlax
|-start|p1a: Snorlax|move: Taunt
|cant|p1a: Snorlax|move: Taunt|Curse
|
|-heal|p1a: Snorlax|81/100 brn|[from] item: Leftovers
|-damage|p1a: Snorlax|75/100 brn|[from] brn
|upkeep
|turn|10
|
|t:|1618949126
|switch|p2a: Slizer|Scyther, F|83/100
|switch|p1a: Steelix|Steelix, M|100/100
|
|upkeep
|turn|11
|
|t:|1618949131
|move|p2a: Slizer|U-turn|p1a: Steelix
|-resisted|p1a: Steelix
|-damage|p1a: Steelix|92/100
|
|t:|1618949134
|switch|p2a: Alex|Qwilfish, M|29/100|[from]move: U-turn
|-ability|p2a: Alex|Intimidate|boost
|-unboost|p1a: Steelix|atk|1
|move|p1a: Steelix|Stealth Rock|p2a: Alex
|-sidestart|p2: Khksora|move: Stealth Rock
|
|-heal|p1a: Steelix|99/100|[from] item: Leftovers
|upkeep
|turn|12
|
|t:|1618949141
|switch|p1a: Snorlax|Snorlax, M, shiny|75/100 brn
|move|p2a: Alex|Scald|p1a: Snorlax
|-damage|p1a: Snorlax|67/100 brn
|
|-heal|p1a: Snorlax|73/100 brn|[from] item: Leftovers
|-damage|p1a: Snorlax|67/100 brn|[from] brn
|upkeep
|turn|13
|
|t:|1618949147
|move|p2a: Alex|Taunt|p1a: Snorlax
|-start|p1a: Snorlax|move: Taunt
|cant|p1a: Snorlax|move: Taunt|Curse
|
|-heal|p1a: Snorlax|73/100 brn|[from] item: Leftovers
|-damage|p1a: Snorlax|67/100 brn|[from] brn
|upkeep
|turn|14
|
|t:|1618949151
|switch|p2a: Slizer|Scyther, F|83/100
|move|p1a: Snorlax|Earthquake|p2a: Slizer
|-immune|p2a: Slizer
|
|-heal|p1a: Snorlax|73/100 brn|[from] item: Leftovers
|-damage|p1a: Snorlax|67/100 brn|[from] brn
|upkeep
|turn|15
|
|t:|1618949156
|switch|p1a: Togekiss|Togekiss, F|38/100 brn
|move|p2a: Slizer|U-turn|p1a: Togekiss
|-resisted|p1a: Togekiss
|-damage|p1a: Togekiss|33/100 brn
|
|t:|1618949171
|switch|p2a: Enthony|Entei|68/100|[from]move: U-turn
|-damage|p2a: Enthony|43/100|[from] Stealth Rock
|
|-damage|p1a: Togekiss|27/100 brn|[from] brn
|upkeep
|turn|16
|
|t:|1618949180
|switch|p1a: Snorlax|Snorlax, M, shiny|67/100 brn
|move|p2a: Enthony|Stone Edge|p1a: Snorlax
|-crit|p1a: Snorlax
|-damage|p1a: Snorlax|15/100 brn
|
|-heal|p1a: Snorlax|21/100 brn|[from] item: Leftovers
|-damage|p1a: Snorlax|15/100 brn|[from] brn
|upkeep
|turn|17
|
|t:|1618949185
|switch|p1a: Steelix|Steelix, M|99/100
|move|p2a: Enthony|Stone Edge|p1a: Steelix
|-resisted|p1a: Steelix
|-damage|p1a: Steelix|92/100
|
|-heal|p1a: Steelix|99/100|[from] item: Leftovers
|upkeep
|turn|18
|
|t:|1618949191
|switch|p2a: Alex|Qwilfish, M|29/100
|-damage|p2a: Alex|17/100|[from] Stealth Rock
|-ability|p2a: Alex|Intimidate|boost
|-unboost|p1a: Steelix|atk|1
|move|p1a: Steelix|Heavy Slam|p2a: Alex
|-resisted|p2a: Alex
|-damage|p2a: Alex|2/100
|
|-heal|p1a: Steelix|100/100|[from] item: Leftovers
|upkeep
|turn|19
|
|t:|1618949197
|switch|p1a: Snorlax|Snorlax, M, shiny|15/100 brn
|move|p2a: Alex|Scald|p1a: Snorlax
|-damage|p1a: Snorlax|6/100 brn
|
|-heal|p1a: Snorlax|12/100 brn|[from] item: Leftovers
|-damage|p1a: Snorlax|6/100 brn|[from] brn
|upkeep
|turn|20
|
|t:|1618949203
|move|p2a: Alex|Scald|p1a: Snorlax
|-damage|p1a: Snorlax|0 fnt
|faint|p1a: Snorlax
|
|upkeep
|
|t:|1618949224
|switch|p1a: Golisopod|Golisopod, M|100/100
|turn|21
|
|t:|1618949228
|switch|p2a: Slizer|Scyther, F|83/100
|move|p1a: Golisopod|First Impression|p2a: Slizer
|-resisted|p2a: Slizer
|-damage|p2a: Slizer|48/100
|
|upkeep
|turn|22
|
|t:|1618949240
|switch|p1a: Togekiss|Togekiss, F|27/100 brn
|move|p2a: Slizer|Defog|p1a: Togekiss
|-unboost|p1a: Togekiss|evasion|1
|-sideend|p2: Khksora|Stealth Rock|[from] move: Defog|[of] p2a: Slizer
|
|-damage|p1a: Togekiss|21/100 brn|[from] brn
|upkeep
|turn|23
|
|t:|1618949249
|move|p2a: Slizer|Dual Wingbeat|p1a: Togekiss
|-damage|p1a: Togekiss|0 fnt
|-hitcount|p1a: Togekiss|1
|faint|p1a: Togekiss
|
|upkeep
|
|t:|1618949256
|switch|p1a: Steelix|Steelix, M|100/100
|turn|24
|
|t:|1618949262
|move|p2a: Slizer|U-turn|p1a: Steelix
|-resisted|p1a: Steelix
|-damage|p1a: Steelix|92/100
|
|t:|1618949266
|switch|p2a: Alex|Qwilfish, M|2/100|[from]move: U-turn
|-ability|p2a: Alex|Intimidate|boost
|-unboost|p1a: Steelix|atk|1
|move|p1a: Steelix|Earthquake|p2a: Alex
|-supereffective|p2a: Alex
|-damage|p2a: Alex|0 fnt
|faint|p2a: Alex
|
|-heal|p1a: Steelix|98/100|[from] item: Leftovers
|upkeep
|
|t:|1618949276
|switch|p2a: Suicyann|Suicune|100/100
|-ability|p2a: Suicyann|Pressure
|turn|25
|
|t:|1618949280
|switch|p1a: Zarude|Zarude|100/100
|move|p2a: Suicyann|Scald|p1a: Zarude
|-resisted|p1a: Zarude
|-damage|p1a: Zarude|89/100
|
|upkeep
|turn|26
|
|t:|1618949287
|switch|p2a: Slizer|Scyther, F|48/100
|move|p1a: Zarude|U-turn|p2a: Slizer
|-resisted|p2a: Slizer
|-damage|p2a: Slizer|31/100
|
|t:|1618949300
|switch|p1a: Golisopod|Golisopod, M|100/100|[from]move: U-turn
|
|upkeep
|turn|27
|
|t:|1618949308
|move|p1a: Golisopod|First Impression|p2a: Slizer
|-resisted|p2a: Slizer
|-damage|p2a: Slizer|0 fnt
|faint|p2a: Slizer
|
|upkeep
|
|t:|1618949321
|switch|p2a: Enthony|Entei|43/100
|turn|28
|
|t:|1618949329
|switch|p1a: Chandelure|Chandelure, M, shiny|100/100
|move|p2a: Enthony|Sacred Fire|p1a: Chandelure
|-start|p1a: Chandelure|ability: Flash Fire
|
|upkeep
|turn|29
|
|t:|1618949336
|switch|p2a: Nero2|Porygon2|100/100
|-ability|p2a: Nero2|Flash Fire|[from] ability: Trace|[of] p1a: Chandelure
|move|p1a: Chandelure|Toxic|p2a: Nero2
|-status|p2a: Nero2|tox
|
|-damage|p2a: Nero2|94/100 tox|[from] psn
|upkeep
|turn|30
|
|t:|1618949347
|move|p1a: Chandelure|Protect|p1a: Chandelure
|-singleturn|p1a: Chandelure|Protect
|move|p2a: Nero2|Teleport|p2a: Nero2
|
|t:|1618949351
|switch|p2a: Suicyann|Suicune|100/100|[from]move: Teleport
|-ability|p2a: Suicyann|Pressure
|
|upkeep
|turn|31
|
|t:|1618949357
|move|p1a: Chandelure|Toxic|p2a: Suicyann
|-status|p2a: Suicyann|tox
|move|p2a: Suicyann|Calm Mind|p2a: Suicyann
|-boost|p2a: Suicyann|spa|1
|-boost|p2a: Suicyann|spd|1
|
|-damage|p2a: Suicyann|94/100 tox|[from] psn
|upkeep
|turn|32
|
|t:|1618949366
|-end|p1a: Chandelure|ability: Flash Fire|[silent]
|switch|p1a: Zarude|Zarude|89/100
|move|p2a: Suicyann|Scald|p1a: Zarude
|-resisted|p1a: Zarude
|-damage|p1a: Zarude|69/100
|-status|p1a: Zarude|brn
|
|-heal|p2a: Suicyann|100/100 tox|[from] item: Leftovers
|-damage|p1a: Zarude|63/100 brn|[from] brn
|-damage|p2a: Suicyann|88/100 tox|[from] psn
|upkeep
|turn|33
|
|t:|1618949380
|move|p1a: Zarude|Power Whip|p2a: Suicyann
|-supereffective|p2a: Suicyann
|-damage|p2a: Suicyann|57/100 tox
|move|p2a: Suicyann|Scald|p1a: Zarude
|-resisted|p1a: Zarude
|-damage|p1a: Zarude|45/100 brn
|
|-heal|p2a: Suicyann|63/100 tox|[from] item: Leftovers
|-damage|p1a: Zarude|39/100 brn|[from] brn
|-damage|p2a: Suicyann|45/100 tox|[from] psn
|upkeep
|turn|34
|
|t:|1618949383
|move|p1a: Zarude|Power Whip|p2a: Suicyann
|-supereffective|p2a: Suicyann
|-damage|p2a: Suicyann|10/100 tox
|move|p2a: Suicyann|Rest|p2a: Suicyann
|-status|p2a: Suicyann|slp|[from] move: Rest
|-heal|p2a: Suicyann|100/100 slp|[silent]
|
|-damage|p1a: Zarude|33/100 brn|[from] brn
|upkeep
|turn|35
|
|t:|1618949392
|switch|p1a: Chandelure|Chandelure, M, shiny|100/100
|cant|p2a: Suicyann|slp
|move|p2a: Suicyann|Sleep Talk|p2a: Suicyann
|move|p2a: Suicyann|Scald|p1a: Chandelure|[from]move: Sleep Talk
|-supereffective|p1a: Chandelure
|-damage|p1a: Chandelure|0 fnt
|faint|p1a: Chandelure
|
|upkeep
|-message|Glidinganteater forfeited.
|
|win|Khksora
|raw|Glidinganteater's rating: 1411 &rarr; <strong>1389</strong><br />(-22 for losing)
|raw|Khksora's rating: 1368 &rarr; <strong>1390</strong><br />(+22 for winning)
|l|☆Glidinganteater
