|j|☆maintaining
|j|☆Day Healer
|player|p1|maintaining|swimmerf|1591
|player|p2|Day Healer|morty|1609
|teamsize|p1|6
|teamsize|p2|6
|gametype|singles
|gen|8
|tier|[Gen 8] RU
|rated|
|clearpoke
|poke|p1|Virizion|
|poke|p1|Inteleon, M|
|poke|p1|Vaporeon, F|
|poke|p1|Steelix, M|
|poke|p1|Salazzle, F|
|poke|p1|Xatu, M|
|poke|p2|Runerigus, F|
|poke|p2|Musharna, M|
|poke|p2|Malamar, F|
|poke|p2|Vikavolt, M|
|poke|p2|Drampa, M|
|poke|p2|Copperajah, F|
|rule|Sleep Clause Mod: Limit one foe put to sleep
|rule|Species Clause: Limit one of each Pokémon
|rule|OHKO Clause: OHKO moves are banned
|rule|Evasion Moves Clause: Evasion moves are banned
|rule|Endless Battle Clause: Forcing endless battles is banned
|rule|HP Percentage Mod: HP is shown in percentages
|rule|Dynamax Clause: You cannot dynamax
|teampreview
|c|☆maintaining|hf
|c|☆Day Healer|u2 ye
|
|start
|switch|p1a: Inteleon|Inteleon, M|100/100
|switch|p2a: Vikavolt|Vikavolt, M|100/100
|turn|1
|
|move|p1a: Inteleon|U-turn|p2a: Vikavolt
|-damage|p2a: Vikavolt|85/100
|
|switch|p1a: Steelix|Steelix, M|100/100|[from]move: U-turn
|move|p2a: Vikavolt|Volt Switch|p1a: Steelix
|-immune|p1a: Steelix
|
|upkeep
|turn|2
|
|switch|p2a: Runerigus|Runerigus, F|100/100
|move|p1a: Steelix|Stealth Rock|p2a: Runerigus
|-sidestart|p2: Day Healer|move: Stealth Rock
|
|upkeep
|turn|3
|
|switch|p1a: Xatu|Xatu, M|100/100
|move|p2a: Runerigus|Trick Room|p2a: Runerigus
|-fieldstart|move: Trick Room|[of] p2a: Runerigus
|
|upkeep
|turn|4
|
|switch|p2a: Drampa|Drampa, M|100/100
|-damage|p2a: Drampa|88/100|[from] Stealth Rock
|move|p1a: Xatu|Teleport|p1a: Xatu
|
|switch|p1a: Vaporeon|Vaporeon, F|100/100|[from]move: Teleport
|
|upkeep
|turn|5
|
|move|p2a: Drampa|Hyper Voice|p1a: Vaporeon
|-damage|p1a: Vaporeon|39/100
|move|p1a: Vaporeon|Wish|p1a: Vaporeon
|
|-heal|p1a: Vaporeon|45/100|[from] item: Leftovers
|upkeep
|turn|6
|
|move|p1a: Vaporeon|Protect|p1a: Vaporeon
|-singleturn|p1a: Vaporeon|Protect
|move|p2a: Drampa|Hyper Voice|p1a: Vaporeon
|-activate|p1a: Vaporeon|move: Protect
|
|-heal|p1a: Vaporeon|95/100|[from] move: Wish|[wisher] Vaporeon
|-heal|p1a: Vaporeon|100/100|[from] item: Leftovers
|upkeep
|turn|7
|
|move|p2a: Drampa|Hyper Voice|p1a: Vaporeon
|-damage|p1a: Vaporeon|38/100
|move|p1a: Vaporeon|Wish|p1a: Vaporeon
|
|-heal|p1a: Vaporeon|44/100|[from] item: Leftovers
|-fieldend|move: Trick Room
|upkeep
|turn|8
|
|move|p1a: Vaporeon|Protect|p1a: Vaporeon
|-singleturn|p1a: Vaporeon|Protect
|move|p2a: Drampa|Hyper Voice|p1a: Vaporeon
|-activate|p1a: Vaporeon|move: Protect
|
|-heal|p1a: Vaporeon|94/100|[from] move: Wish|[wisher] Vaporeon
|-heal|p1a: Vaporeon|100/100|[from] item: Leftovers
|upkeep
|turn|9
|
|switch|p1a: Steelix|Steelix, M|100/100
|move|p2a: Drampa|Hyper Voice|p1a: Steelix
|-resisted|p1a: Steelix
|-damage|p1a: Steelix|67/100
|
|-heal|p1a: Steelix|73/100|[from] item: Leftovers
|upkeep
|turn|10
|
|move|p1a: Steelix|Earthquake|p2a: Drampa
|-damage|p2a: Drampa|54/100
|move|p2a: Drampa|Hyper Voice|p1a: Steelix
|-resisted|p1a: Steelix
|-damage|p1a: Steelix|35/100
|
|-heal|p1a: Steelix|41/100|[from] item: Leftovers
|upkeep
|turn|11
|
|move|p1a: Steelix|Earthquake|p2a: Drampa
|-damage|p2a: Drampa|18/100
|-ability|p2a: Drampa|Berserk|boost
|-boost|p2a: Drampa|spa|1
|move|p2a: Drampa|Hyper Voice|p1a: Steelix
|-resisted|p1a: Steelix
|-damage|p1a: Steelix|0 fnt
|faint|p1a: Steelix
|
|upkeep
|
|switch|p1a: Inteleon|Inteleon, M|100/100
|turn|12
|
|move|p1a: Inteleon|Scald|p2a: Drampa
|-resisted|p2a: Drampa
|-damage|p2a: Drampa|0 fnt
|faint|p2a: Drampa
|
|upkeep
|
|switch|p2a: Malamar|Malamar, F|100/100
|-damage|p2a: Malamar|88/100|[from] Stealth Rock
|turn|13
|
|move|p1a: Inteleon|Scald|p2a: Malamar
|-damage|p2a: Malamar|19/100
|-status|p2a: Malamar|brn
|-enditem|p2a: Malamar|Lum Berry|[eat]
|-curestatus|p2a: Malamar|brn|[msg]
|move|p2a: Malamar|Trick Room|p2a: Malamar
|-fieldstart|move: Trick Room|[of] p2a: Malamar
|
|upkeep
|turn|14
|
|move|p2a: Malamar|Knock Off|p1a: Inteleon
|-damage|p1a: Inteleon|30/100
|-enditem|p1a: Inteleon|Choice Specs|[from] move: Knock Off|[of] p2a: Malamar
|move|p1a: Inteleon|Scald|p2a: Malamar
|-damage|p2a: Malamar|0 fnt
|faint|p2a: Malamar
|
|upkeep
|
|switch|p2a: Copperajah|Copperajah, F|100/100
|-damage|p2a: Copperajah|94/100|[from] Stealth Rock
|turn|15
|
|switch|p1a: Xatu|Xatu, M|100/100
|move|p2a: Copperajah|Earthquake|p1a: Xatu
|-immune|p1a: Xatu
|
|upkeep
|turn|16
|
|move|p2a: Copperajah|Heavy Slam|p1a: Xatu
|-damage|p1a: Xatu|20/100
|-damage|p2a: Copperajah|85/100|[from] item: Life Orb
|move|p1a: Xatu|Teleport|p1a: Xatu
|
|switch|p1a: Vaporeon|Vaporeon, F|100/100|[from]move: Teleport
|
|upkeep
|turn|17
|
|move|p2a: Copperajah|Power Whip|p1a: Vaporeon
|-supereffective|p1a: Vaporeon
|-damage|p1a: Vaporeon|11/100
|-damage|p2a: Copperajah|75/100|[from] item: Life Orb
|move|p1a: Vaporeon|Wish|p1a: Vaporeon
|
|-heal|p1a: Vaporeon|17/100|[from] item: Leftovers
|-fieldend|move: Trick Room
|upkeep
|turn|18
|
|move|p1a: Vaporeon|Protect|p1a: Vaporeon
|-singleturn|p1a: Vaporeon|Protect
|move|p2a: Copperajah|Power Whip|p1a: Vaporeon
|-activate|p1a: Vaporeon|move: Protect
|
|-heal|p1a: Vaporeon|67/100|[from] move: Wish|[wisher] Vaporeon
|-heal|p1a: Vaporeon|73/100|[from] item: Leftovers
|upkeep
|turn|19
|
|switch|p1a: Xatu|Xatu, M|20/100
|move|p2a: Copperajah|Power Whip|p1a: Xatu
|-resisted|p1a: Xatu
|-crit|p1a: Xatu
|-damage|p1a: Xatu|0 fnt
|-damage|p2a: Copperajah|65/100|[from] item: Life Orb
|faint|p1a: Xatu
|
|upkeep
|
|switch|p1a: Salazzle|Salazzle, F|100/100
|turn|20
|
|switch|p2a: Runerigus|Runerigus, F|100/100
|-damage|p2a: Runerigus|94/100|[from] Stealth Rock
|move|p1a: Salazzle|Flamethrower|p2a: Runerigus
|-damage|p2a: Runerigus|55/100
|
|upkeep
|turn|21
|
|move|p1a: Salazzle|Flamethrower|p2a: Runerigus
|-damage|p2a: Runerigus|12/100
|move|p2a: Runerigus|Trick Room|p2a: Runerigus
|-fieldstart|move: Trick Room|[of] p2a: Runerigus
|
|upkeep
|turn|22
|
|switch|p1a: Virizion|Virizion|100/100
|move|p2a: Runerigus|Stealth Rock|p1a: Virizion
|-sidestart|p1: maintaining|move: Stealth Rock
|
|upkeep
|turn|23
|
|move|p2a: Runerigus|Memento|p1a: Virizion
|-unboost|p1a: Virizion|atk|2
|-unboost|p1a: Virizion|spa|2
|faint|p2a: Runerigus
|move|p1a: Virizion|Leaf Blade|p2: Runerigus|[notarget]
|-fail|p1a: Virizion
|
|upkeep
|
|switch|p2a: Copperajah|Copperajah, F|65/100
|-damage|p2a: Copperajah|59/100|[from] Stealth Rock
|turn|24
|
|move|p2a: Copperajah|Heat Crash|p1a: Virizion
|-supereffective|p1a: Virizion
|-damage|p1a: Virizion|0 fnt
|-damage|p2a: Copperajah|49/100|[from] item: Life Orb
|faint|p1a: Virizion
|
|upkeep
|
|switch|p1a: Vaporeon|Vaporeon, F|73/100
|-damage|p1a: Vaporeon|61/100|[from] Stealth Rock
|turn|25
|
|switch|p2a: Vikavolt|Vikavolt, M|85/100
|-damage|p2a: Vikavolt|61/100|[from] Stealth Rock
|move|p1a: Vaporeon|Protect||[still]
|-fail|p1a: Vaporeon
|
|-heal|p1a: Vaporeon|67/100|[from] item: Leftovers
|-fieldend|move: Trick Room
|upkeep
|turn|26
|
|move|p1a: Vaporeon|Protect|p1a: Vaporeon
|-singleturn|p1a: Vaporeon|Protect
|move|p2a: Vikavolt|Thunderbolt|p1a: Vaporeon
|-activate|p1a: Vaporeon|move: Protect
|
|-heal|p1a: Vaporeon|73/100|[from] item: Leftovers
|upkeep
|turn|27
|
|switch|p1a: Salazzle|Salazzle, F|100/100
|-damage|p1a: Salazzle|76/100|[from] Stealth Rock
|move|p2a: Vikavolt|Thunderbolt|p1a: Salazzle
|-crit|p1a: Salazzle
|-damage|p1a: Salazzle|0 fnt
|faint|p1a: Salazzle
|
|upkeep
|
|switch|p1a: Inteleon|Inteleon, M|30/100
|-damage|p1a: Inteleon|18/100|[from] Stealth Rock
|turn|28
|
|switch|p2a: Copperajah|Copperajah, F|49/100
|-damage|p2a: Copperajah|43/100|[from] Stealth Rock
|move|p1a: Inteleon|Scald|p2a: Copperajah
|-damage|p2a: Copperajah|0 fnt
|faint|p2a: Copperajah
|
|upkeep
|
|switch|p2a: Musharna|Musharna, M|100/100
|-damage|p2a: Musharna|88/100|[from] Stealth Rock
|turn|29
|
|move|p1a: Inteleon|U-turn|p2a: Musharna
|-supereffective|p2a: Musharna
|-damage|p2a: Musharna|70/100
|
|switch|p1a: Vaporeon|Vaporeon, F|73/100|[from]move: U-turn
|-damage|p1a: Vaporeon|61/100|[from] Stealth Rock
|move|p2a: Musharna|Trick Room|p2a: Musharna
|-fieldstart|move: Trick Room|[of] p2a: Musharna
|
|-heal|p2a: Musharna|76/100|[from] item: Leftovers
|-heal|p1a: Vaporeon|67/100|[from] item: Leftovers
|upkeep
|turn|30
|
|move|p2a: Musharna|Healing Wish|p2a: Musharna
|faint|p2a: Musharna
|move|p1a: Vaporeon|Wish|p1a: Vaporeon
|
|-heal|p1a: Vaporeon|73/100|[from] item: Leftovers
|upkeep
|
|switch|p2a: Vikavolt|Vikavolt, M|61/100
|-heal|p2a: Vikavolt|100/100|[from] move: Healing Wish
|-damage|p2a: Vikavolt|76/100|[from] Stealth Rock
|turn|31
|
|move|p1a: Vaporeon|Protect|p1a: Vaporeon
|-singleturn|p1a: Vaporeon|Protect
|move|p2a: Vikavolt|Thunderbolt|p1a: Vaporeon
|-activate|p1a: Vaporeon|move: Protect
|
|-heal|p1a: Vaporeon|100/100|[from] move: Wish|[wisher] Vaporeon
|upkeep
|turn|32
|
|move|p2a: Vikavolt|Thunderbolt|p1a: Vaporeon
|-supereffective|p1a: Vaporeon
|-damage|p1a: Vaporeon|0 fnt
|faint|p1a: Vaporeon
|
|upkeep
|c|☆maintaining|gg
|
|switch|p1a: Inteleon|Inteleon, M|18/100
|-damage|p1a: Inteleon|5/100|[from] Stealth Rock
|turn|33
|c|☆Day Healer|gg ya
|
|move|p2a: Vikavolt|Thunderbolt|p1a: Inteleon
|-supereffective|p1a: Inteleon
|-damage|p1a: Inteleon|0 fnt
|faint|p1a: Inteleon
|
|win|Day Healer
|l|☆maintaining
|raw|maintaining's rating: 1598 &rarr; <strong>1579</strong><br />(-19 for losing)
|raw|Day Healer's rating: 1610 &rarr; <strong>1629</strong><br />(+19 for winning)
