|j|☆ruznoob
|j|☆pokemns mastr
|player|p1|ruznoob|morty-gen2|1551
|player|p2|pokemns mastr|2|1429
|teamsize|p1|6
|teamsize|p2|6
|gametype|singles
|gen|8
|tier|[Gen 8] RU
|rated|
|clearpoke
|poke|p1|Sableye, F|
|poke|p1|Porygon2|
|poke|p1|Sneasel, M|
|poke|p1|Silvally-*|
|poke|p1|Mudsdale, M|
|poke|p1|Rotom-Mow|
|poke|p2|Corsola-Galar, F|
|poke|p2|Bewear, M|
|poke|p2|Espeon, M|
|poke|p2|Lurantis, M|
|poke|p2|Vaporeon, F|
|poke|p2|Salazzle, F|
|rule|Sleep Clause Mod: Limit one foe put to sleep
|rule|Species Clause: Limit one of each Pokémon
|rule|OHKO Clause: OHKO moves are banned
|rule|Evasion Moves Clause: Evasion moves are banned
|rule|Endless Battle Clause: Forcing endless battles is banned
|rule|HP Percentage Mod: HP is shown in percentages
|rule|Dynamax Clause: You cannot dynamax
|teampreview
|
|start
|switch|p1a: Rotom|Rotom-Mow|100/100
|switch|p2a: Lurantis|Lurantis, M|100/100
|turn|1
|
|move|p1a: Rotom|Trick|p2a: Lurantis
|-activate|p1a: Rotom|move: Trick|[of] p2a: Lurantis
|-item|p2a: Lurantis|Choice Scarf|[from] move: Trick
|-item|p1a: Rotom|Leftovers|[from] move: Trick
|move|p2a: Lurantis|Superpower|p1a: Rotom
|-damage|p1a: Rotom|64/100
|-boost|p2a: Lurantis|atk|1
|-boost|p2a: Lurantis|def|1
|
|-heal|p1a: Rotom|70/100|[from] item: Leftovers
|upkeep
|turn|2
|
|move|p1a: Rotom|Volt Switch|p2a: Lurantis
|-resisted|p2a: Lurantis
|-damage|p2a: Lurantis|87/100
|
|switch|p1a: Sableye|Sableye, F|100/100|[from]move: Volt Switch
|move|p2a: Lurantis|Superpower|p1a: Sableye
|-immune|p1a: Sableye
|
|upkeep
|turn|3
|
|switch|p2a: Vaporeon|Vaporeon, F|100/100
|move|p1a: Sableye|Knock Off|p2a: Vaporeon
|-damage|p2a: Vaporeon|71/100
|-enditem|p2a: Vaporeon|Leftovers|[from] move: Knock Off|[of] p1a: Sableye
|
|upkeep
|turn|4
|
|switch|p1a: Rotom|Rotom-Mow|70/100
|move|p2a: Vaporeon|Scald|p1a: Rotom
|-resisted|p1a: Rotom
|-damage|p1a: Rotom|49/100
|
|-heal|p1a: Rotom|55/100|[from] item: Leftovers
|upkeep
|turn|5
|
|switch|p2a: Lurantis|Lurantis, M|87/100
|move|p1a: Rotom|Thunderbolt|p2a: Lurantis
|-resisted|p2a: Lurantis
|-damage|p2a: Lurantis|71/100
|-status|p2a: Lurantis|par
|
|-heal|p1a: Rotom|61/100|[from] item: Leftovers
|upkeep
|turn|6
|
|move|p1a: Rotom|Volt Switch|p2a: Lurantis
|-resisted|p2a: Lurantis
|-crit|p2a: Lurantis
|-damage|p2a: Lurantis|53/100 par
|
|switch|p1a: Silvally|Silvally-Steel|100/100|[from]move: Volt Switch
|move|p2a: Lurantis|Leaf Storm|p1a: Silvally
|-resisted|p1a: Silvally
|-damage|p1a: Silvally|88/100
|-boost|p2a: Lurantis|spa|2
|
|upkeep
|turn|7
|
|switch|p1a: Rotom|Rotom-Mow|61/100
|move|p2a: Lurantis|Leaf Storm|p1a: Rotom
|-resisted|p1a: Rotom
|-damage|p1a: Rotom|10/100
|-boost|p2a: Lurantis|spa|2
|
|-heal|p1a: Rotom|16/100|[from] item: Leftovers
|upkeep
|turn|8
|
|move|p1a: Rotom|Volt Switch|p2a: Lurantis
|-resisted|p2a: Lurantis
|-damage|p2a: Lurantis|39/100 par
|
|switch|p1a: Silvally|Silvally-Steel|88/100|[from]move: Volt Switch
|cant|p2a: Lurantis|par
|
|upkeep
|turn|9
|
|move|p1a: Silvally|Multi-Attack|p2a: Lurantis
|-crit|p2a: Lurantis
|-damage|p2a: Lurantis|0 fnt
|faint|p2a: Lurantis
|
|upkeep
|
|switch|p2a: Salazzle|Salazzle, F|100/100
|turn|10
|
|switch|p1a: Mudsdale|Mudsdale, M|100/100
|move|p2a: Salazzle|Fire Blast|p1a: Mudsdale
|-damage|p1a: Mudsdale|41/100
|-status|p1a: Mudsdale|brn
|-ability|p1a: Mudsdale|Stamina|boost
|-boost|p1a: Mudsdale|def|1
|-damage|p2a: Salazzle|91/100|[from] item: Life Orb
|
|-heal|p1a: Mudsdale|47/100 brn|[from] item: Leftovers
|-damage|p1a: Mudsdale|41/100 brn|[from] brn
|upkeep
|turn|11
|
|move|p2a: Salazzle|Fire Blast|p1a: Mudsdale
|-damage|p1a: Mudsdale|0 fnt
|-damage|p2a: Salazzle|81/100|[from] item: Life Orb
|faint|p1a: Mudsdale
|
|upkeep
|
|switch|p1a: Porygon2|Porygon2|100/100
|-ability|p1a: Porygon2|Corrosion|[from] ability: Trace|[of] p2a: Salazzle
|turn|12
|
|move|p2a: Salazzle|Toxic|p1a: Porygon2
|-status|p1a: Porygon2|tox
|move|p1a: Porygon2|Tri Attack|p2a: Salazzle
|-damage|p2a: Salazzle|25/100
|
|-damage|p1a: Porygon2|94/100 tox|[from] psn
|upkeep
|turn|13
|
|switch|p2a: Vaporeon|Vaporeon, F|71/100
|move|p1a: Porygon2|Teleport|p1a: Porygon2
|
|switch|p1a: Rotom|Rotom-Mow|16/100|[from]move: Teleport
|
|-heal|p1a: Rotom|22/100|[from] item: Leftovers
|upkeep
|turn|14
|
|switch|p2a: Corsola|Corsola-Galar, F|100/100
|move|p1a: Rotom|Thunderbolt|p2a: Corsola
|-damage|p2a: Corsola|74/100
|-start|p1a: Rotom|Disable|Thunderbolt|[from] ability: Cursed Body|[of] p2a: Corsola
|
|-heal|p1a: Rotom|29/100|[from] item: Leftovers
|upkeep
|turn|15
|
|move|p1a: Rotom|Volt Switch|p2a: Corsola
|-damage|p2a: Corsola|53/100
|
|switch|p1a: Silvally|Silvally-Steel|88/100|[from]move: Volt Switch
|move|p2a: Corsola|Stealth Rock|p1a: Silvally
|-sidestart|p1: ruznoob|move: Stealth Rock
|
|upkeep
|turn|16
|
|move|p1a: Silvally|Multi-Attack|p2a: Corsola
|-damage|p2a: Corsola|33/100
|move|p2a: Corsola|Will-O-Wisp|p1a: Silvally|[miss]
|-miss|p2a: Corsola|p1a: Silvally
|
|upkeep
|turn|17
|
|move|p1a: Silvally|Defog|p2a: Corsola
|-unboost|p2a: Corsola|evasion|1
|-sideend|p1: ruznoob|Stealth Rock|[from] move: Defog|[of] p1a: Silvally
|move|p2a: Corsola|Strength Sap|p1a: Silvally
|-unboost|p1a: Silvally|atk|1
|-heal|p2a: Corsola|100/100
|
|upkeep
|turn|18
|
|switch|p1a: Porygon2|Porygon2|94/100 tox
|-ability|p1a: Porygon2|Cursed Body|[from] ability: Trace|[of] p2a: Corsola
|move|p2a: Corsola|Stealth Rock|p1a: Porygon2
|-sidestart|p1: ruznoob|move: Stealth Rock
|
|-damage|p1a: Porygon2|88/100 tox|[from] psn
|upkeep
|turn|19
|
|switch|p2a: Vaporeon|Vaporeon, F|71/100
|move|p1a: Porygon2|Teleport|p1a: Porygon2
|
|switch|p1a: Rotom|Rotom-Mow|29/100|[from]move: Teleport
|-damage|p1a: Rotom|16/100|[from] Stealth Rock
|
|-heal|p1a: Rotom|22/100|[from] item: Leftovers
|upkeep
|turn|20
|
|switch|p2a: Corsola|Corsola-Galar, F|100/100
|move|p1a: Rotom|Thunderbolt|p2a: Corsola
|-damage|p2a: Corsola|75/100
|-start|p1a: Rotom|Disable|Thunderbolt|[from] ability: Cursed Body|[of] p2a: Corsola
|
|-heal|p1a: Rotom|29/100|[from] item: Leftovers
|upkeep
|turn|21
|
|move|p1a: Rotom|Trick|p2a: Corsola
|-activate|p1a: Rotom|move: Trick|[of] p2a: Corsola
|-item|p2a: Corsola|Leftovers|[from] move: Trick
|-item|p1a: Rotom|Eviolite|[from] move: Trick
|move|p2a: Corsola|Night Shade|p1a: Rotom
|-damage|p1a: Rotom|0 fnt
|faint|p1a: Rotom
|
|-heal|p2a: Corsola|81/100|[from] item: Leftovers
|upkeep
|
|switch|p1a: Sneasel|Sneasel, M|100/100
|-damage|p1a: Sneasel|76/100|[from] Stealth Rock
|turn|22
|
|move|p1a: Sneasel|Knock Off|p2a: Corsola
|-supereffective|p2a: Corsola
|-damage|p2a: Corsola|0 fnt
|-enditem|p2a: Corsola|Leftovers|[from] move: Knock Off|[of] p1a: Sneasel
|faint|p2a: Corsola
|
|upkeep
|
|switch|p2a: Salazzle|Salazzle, F|25/100
|turn|23
|
|switch|p1a: Porygon2|Porygon2|88/100 tox
|-damage|p1a: Porygon2|76/100 tox|[from] Stealth Rock
|-ability|p1a: Porygon2|Corrosion|[from] ability: Trace|[of] p2a: Salazzle
|move|p2a: Salazzle|Sludge Wave|p1a: Porygon2
|-damage|p1a: Porygon2|51/100 tox
|-damage|p2a: Salazzle|15/100|[from] item: Life Orb
|
|-damage|p1a: Porygon2|45/100 tox|[from] psn
|upkeep
|turn|24
|
|move|p2a: Salazzle|Fire Blast|p1a: Porygon2
|-damage|p1a: Porygon2|17/100 tox
|-damage|p2a: Salazzle|5/100|[from] item: Life Orb
|move|p1a: Porygon2|Recover|p1a: Porygon2
|-heal|p1a: Porygon2|67/100 tox
|
|-damage|p1a: Porygon2|54/100 tox|[from] psn
|upkeep
|turn|25
|
|switch|p2a: Vaporeon|Vaporeon, F|71/100
|move|p1a: Porygon2|Recover|p1a: Porygon2
|-heal|p1a: Porygon2|100/100 tox
|
|-damage|p1a: Porygon2|82/100 tox|[from] psn
|upkeep
|turn|26
|
|move|p2a: Vaporeon|Wish|p2a: Vaporeon
|move|p1a: Porygon2|Teleport|p1a: Porygon2
|
|switch|p1a: Sableye|Sableye, F|100/100|[from]move: Teleport
|-damage|p1a: Sableye|88/100|[from] Stealth Rock
|
|-heal|p1a: Sableye|94/100|[from] item: Leftovers
|upkeep
|turn|27
|
|move|p2a: Vaporeon|Scald|p1a: Sableye
|-damage|p1a: Sableye|43/100
|move|p1a: Sableye|Knock Off|p2a: Vaporeon
|-damage|p2a: Vaporeon|50/100
|
|-heal|p2a: Vaporeon|99/100|[from] move: Wish|[wisher] Vaporeon
|-heal|p1a: Sableye|49/100|[from] item: Leftovers
|upkeep
|turn|28
|
|move|p1a: Sableye|Toxic|p2a: Vaporeon
|-status|p2a: Vaporeon|tox
|move|p2a: Vaporeon|Scald|p1a: Sableye
|-damage|p1a: Sableye|2/100
|
|-heal|p1a: Sableye|8/100|[from] item: Leftovers
|-damage|p2a: Vaporeon|94/100 tox|[from] psn
|upkeep
|turn|29
|
|move|p1a: Sableye|Recover|p1a: Sableye
|-heal|p1a: Sableye|59/100
|move|p2a: Vaporeon|Scald|p1a: Sableye
|-damage|p1a: Sableye|13/100
|
|-heal|p1a: Sableye|19/100|[from] item: Leftovers
|-damage|p2a: Vaporeon|81/100 tox|[from] psn
|upkeep
|turn|30
|
|move|p1a: Sableye|Recover|p1a: Sableye
|-heal|p1a: Sableye|69/100
|move|p2a: Vaporeon|Scald|p1a: Sableye
|-damage|p1a: Sableye|22/100
|
|-heal|p1a: Sableye|28/100|[from] item: Leftovers
|-damage|p2a: Vaporeon|63/100 tox|[from] psn
|upkeep
|turn|31
|
|switch|p2a: Espeon|Espeon, M|100/100
|move|p1a: Sableye|Recover|p1a: Sableye
|-heal|p1a: Sableye|78/100
|
|-heal|p1a: Sableye|84/100|[from] item: Leftovers
|upkeep
|turn|32
|
|switch|p1a: Porygon2|Porygon2|82/100 tox
|-damage|p1a: Porygon2|70/100 tox|[from] Stealth Rock
|-ability|p1a: Porygon2|Magic Bounce|[from] ability: Trace|[of] p2a: Espeon
|move|p2a: Espeon|Dazzling Gleam|p1a: Porygon2
|-damage|p1a: Porygon2|54/100 tox
|-damage|p2a: Espeon|91/100|[from] item: Life Orb
|
|-damage|p1a: Porygon2|48/100 tox|[from] psn
|upkeep
|turn|33
|
|switch|p2a: Bewear|Bewear, M|100/100
|move|p1a: Porygon2|Teleport|p1a: Porygon2
|
|switch|p1a: Sableye|Sableye, F|84/100|[from]move: Teleport
|-damage|p1a: Sableye|71/100|[from] Stealth Rock
|
|-heal|p1a: Sableye|77/100|[from] item: Leftovers
|upkeep
|turn|34
|
|switch|p2a: Vaporeon|Vaporeon, F|63/100 tox
|move|p1a: Sableye|Knock Off|p2a: Vaporeon
|-damage|p2a: Vaporeon|42/100 tox
|
|-heal|p1a: Sableye|83/100|[from] item: Leftovers
|-damage|p2a: Vaporeon|36/100 tox|[from] psn
|upkeep
|turn|35
|
|move|p2a: Vaporeon|Heal Bell|p2a: Vaporeon
|-activate|p2a: Vaporeon|move: Heal Bell
|-curestatus|p2a: Vaporeon|tox|[msg]
|move|p1a: Sableye|Knock Off|p2a: Vaporeon
|-damage|p2a: Vaporeon|14/100
|
|-heal|p1a: Sableye|89/100|[from] item: Leftovers
|upkeep
|turn|36
|
|move|p1a: Sableye|Encore|p2a: Vaporeon
|-start|p2a: Vaporeon|Encore
|move|p2a: Vaporeon|Heal Bell||[still]
|-activate|p2a: Vaporeon|move: Heal Bell
|-fail|p2a: Vaporeon
|
|-heal|p1a: Sableye|95/100|[from] item: Leftovers
|upkeep
|turn|37
|
|switch|p2a: Bewear|Bewear, M|100/100
|move|p1a: Sableye|Knock Off|p2a: Bewear
|-resisted|p2a: Bewear
|-damage|p2a: Bewear|94/100
|-enditem|p2a: Bewear|Leftovers|[from] move: Knock Off|[of] p1a: Sableye
|
|-heal|p1a: Sableye|100/100|[from] item: Leftovers
|upkeep
|turn|38
|
|switch|p2a: Espeon|Espeon, M|91/100
|move|p1a: Sableye|Knock Off|p2a: Espeon
|-supereffective|p2a: Espeon
|-damage|p2a: Espeon|0 fnt
|-enditem|p2a: Espeon|Life Orb|[from] move: Knock Off|[of] p1a: Sableye
|faint|p2a: Espeon
|
|upkeep
|
|switch|p2a: Salazzle|Salazzle, F|5/100
|turn|39
|
|switch|p1a: Silvally|Silvally-Steel|88/100
|-damage|p1a: Silvally|82/100|[from] Stealth Rock
|move|p2a: Salazzle|Toxic|p1a: Silvally
|-status|p1a: Silvally|tox
|
|-damage|p1a: Silvally|76/100 tox|[from] psn
|upkeep
|turn|40
|
|switch|p2a: Vaporeon|Vaporeon, F|14/100
|move|p1a: Silvally|Multi-Attack|p2a: Vaporeon
|-resisted|p2a: Vaporeon
|-damage|p2a: Vaporeon|0 fnt
|faint|p2a: Vaporeon
|
|-damage|p1a: Silvally|64/100 tox|[from] psn
|upkeep
|
|switch|p2a: Bewear|Bewear, M|94/100
|turn|41
|
|switch|p1a: Sableye|Sableye, F|100/100
|-damage|p1a: Sableye|88/100|[from] Stealth Rock
|move|p2a: Bewear|Swords Dance|p2a: Bewear
|-boost|p2a: Bewear|atk|2
|
|-heal|p1a: Sableye|94/100|[from] item: Leftovers
|upkeep
|turn|42
|
|move|p1a: Sableye|Encore|p2a: Bewear
|-start|p2a: Bewear|Encore
|move|p2a: Bewear|Swords Dance|p2a: Bewear
|-boost|p2a: Bewear|atk|2
|
|-heal|p1a: Sableye|99/100|[from] item: Leftovers
|upkeep
|turn|43
|
|switch|p2a: Salazzle|Salazzle, F|5/100
|move|p1a: Sableye|Toxic|p2a: Salazzle
|-immune|p2a: Salazzle
|
|-heal|p1a: Sableye|100/100|[from] item: Leftovers
|upkeep
|turn|44
|-message|pokemns mastr forfeited.
|
|win|ruznoob
|l|☆pokemns mastr
||Ladder (probably) updated, but score could not be retrieved (Request timeout).
