|j|☆zeeLitium
|j|☆whistling
|t:|1660013505
|gametype|singles
|player|p1|zeeLitium|zinnia|1417
|player|p2|whistling|red|1600
|teamsize|p1|6
|teamsize|p2|6
|gen|8
|tier|[Gen 8] RU
|rated|
|rule|Sleep Clause Mod: Limit one foe put to sleep
|rule|Species Clause: Limit one of each Pokémon
|rule|OHKO Clause: OHKO moves are banned
|rule|Evasion Items Clause: Evasion items are banned
|rule|Evasion Moves Clause: Evasion moves are banned
|rule|Endless Battle Clause: Forcing endless battles is banned
|rule|HP Percentage Mod: HP is shown in percentages
|rule|Dynamax Clause: You cannot dynamax
|clearpoke
|poke|p1|Xurkitree|
|poke|p1|Crobat, F|
|poke|p1|Rhyperior, F|
|poke|p1|Registeel|
|poke|p1|Vaporeon, F|
|poke|p1|Mimikyu, M|
|poke|p2|Sigilyph, M|
|poke|p2|Gigalith, M|
|poke|p2|Seismitoad, M|
|poke|p2|Klefki, F|
|poke|p2|Lycanroc, M|
|poke|p2|Tangela, F|
|teampreview
|inactive|Battle timer is ON: inactive players will automatically lose when time's up. (requested by whistling)
|
|t:|1660013519
|start
|switch|p1a: Rhyperior|Rhyperior, F|100/100
|switch|p2a: Gigalith|Gigalith, M|100/100
|-weather|Sandstorm|[from] ability: Sand Stream|[of] p2a: Gigalith
|turn|1
|
|t:|1660013524
|switch|p2a: Seismitoad|Seismitoad, M|100/100
|move|p1a: Rhyperior|Stealth Rock|p2a: Seismitoad
|-sidestart|p2: whistling|move: Stealth Rock
|
|-weather|Sandstorm|[upkeep]
|upkeep
|turn|2
|
|t:|1660013531
|switch|p1a: Vaporeon|Vaporeon, F|100/100
|move|p2a: Seismitoad|Ice Punch|p1a: Vaporeon
|-resisted|p1a: Vaporeon
|-damage|p1a: Vaporeon|90/100
|
|-weather|Sandstorm|[upkeep]
|-damage|p1a: Vaporeon|84/100|[from] Sandstorm
|-heal|p1a: Vaporeon|90/100|[from] item: Leftovers
|upkeep
|turn|3
|
|t:|1660013543
|switch|p2a: Sigilyph|Sigilyph, M|100/100
|move|p1a: Vaporeon|Protect||[still]
|-fail|p1a: Vaporeon
|
|-weather|Sandstorm|[upkeep]
|-damage|p1a: Vaporeon|84/100|[from] Sandstorm
|-heal|p1a: Vaporeon|90/100|[from] item: Leftovers
|upkeep
|turn|4
|l|☆zeeLitium
|inactive|zeeLitium disconnected and has a minute to reconnect!
|player|p1|
|j|☆zeeLitium
|inactive|zeeLitium reconnected and has 110 seconds left.
|player|p1|zeeLitium|zinnia
|
|t:|1660013593
|move|p1a: Vaporeon|Protect|p1a: Vaporeon
|-singleturn|p1a: Vaporeon|Protect
|move|p2a: Sigilyph|Toxic|p1a: Vaporeon
|-activate|p1a: Vaporeon|move: Protect
|
|-weather|Sandstorm|[upkeep]
|-damage|p1a: Vaporeon|84/100|[from] Sandstorm
|-heal|p1a: Vaporeon|90/100|[from] item: Leftovers
|upkeep
|turn|5
|
|t:|1660013603
|switch|p1a: Rhyperior|Rhyperior, F|100/100
|move|p2a: Sigilyph|Toxic|p1a: Rhyperior
|-status|p1a: Rhyperior|tox
|
|-weather|none
|-damage|p1a: Rhyperior|94/100 tox|[from] psn
|upkeep
|turn|6
|
|t:|1660013609
|switch|p2a: Klefki|Klefki, F|100/100
|-damage|p2a: Klefki|95/100|[from] Stealth Rock
|move|p1a: Rhyperior|Earthquake|p2a: Klefki
|-supereffective|p2a: Klefki
|-damage|p2a: Klefki|13/100
|
|-heal|p1a: Rhyperior|100/100 tox|[from] item: Leftovers
|-damage|p1a: Rhyperior|88/100 tox|[from] psn
|upkeep
|turn|7
|inactive|zeeLitium has 120 seconds left.
|
|t:|1660013623
|move|p2a: Klefki|Defog|p1a: Rhyperior
|-unboost|p1a: Rhyperior|evasion|1
|-sideend|p2: whistling|Stealth Rock|[from] move: Defog|[of] p2a: Klefki
|move|p1a: Rhyperior|Earthquake|p2a: Klefki
|-supereffective|p2a: Klefki
|-damage|p2a: Klefki|0 fnt
|faint|p2a: Klefki
|
|-heal|p1a: Rhyperior|94/100 tox|[from] item: Leftovers
|-damage|p1a: Rhyperior|76/100 tox|[from] psn
|upkeep
|
|t:|1660013626
|switch|p2a: Seismitoad|Seismitoad, M|100/100
|turn|8
|inactive|zeeLitium has 120 seconds left.
|
|t:|1660013670
|switch|p1a: Vaporeon|Vaporeon, F|90/100
|move|p2a: Seismitoad|Earthquake|p1a: Vaporeon
|-damage|p1a: Vaporeon|46/100
|
|-heal|p1a: Vaporeon|52/100|[from] item: Leftovers
|upkeep
|turn|9
|
|t:|1660013675
|move|p2a: Seismitoad|Earthquake|p1a: Vaporeon
|-damage|p1a: Vaporeon|8/100
|move|p1a: Vaporeon|Wish|p1a: Vaporeon
|
|-heal|p1a: Vaporeon|14/100|[from] item: Leftovers
|upkeep
|turn|10
|
|t:|1660013681
|switch|p2a: Sigilyph|Sigilyph, M|100/100
|move|p1a: Vaporeon|Protect||[still]
|-fail|p1a: Vaporeon
|
|-heal|p1a: Vaporeon|64/100|[from] move: Wish|[wisher] Vaporeon
|-heal|p1a: Vaporeon|70/100|[from] item: Leftovers
|upkeep
|turn|11
|
|t:|1660013687
|move|p2a: Sigilyph|Toxic|p1a: Vaporeon|[miss]
|-miss|p2a: Sigilyph|p1a: Vaporeon
|move|p1a: Vaporeon|Wish|p1a: Vaporeon
|
|-heal|p1a: Vaporeon|76/100|[from] item: Leftovers
|upkeep
|turn|12
|
|t:|1660013691
|switch|p2a: Seismitoad|Seismitoad, M|100/100
|switch|p1a: Rhyperior|Rhyperior, F|76/100 tox
|
|-heal|p1a: Rhyperior|100/100 tox|[from] move: Wish|[wisher] Vaporeon
|-damage|p1a: Rhyperior|94/100 tox|[from] psn
|upkeep
|turn|13
|
|t:|1660013700
|switch|p1a: Vaporeon|Vaporeon, F|76/100
|move|p2a: Seismitoad|Knock Off|p1a: Vaporeon
|-damage|p1a: Vaporeon|46/100
|-enditem|p1a: Vaporeon|Leftovers|[from] move: Knock Off|[of] p2a: Seismitoad
|
|upkeep
|turn|14
|
|t:|1660013704
|switch|p2a: Gigalith|Gigalith, M|100/100
|-weather|Sandstorm|[from] ability: Sand Stream|[of] p2a: Gigalith
|move|p1a: Vaporeon|Protect||[still]
|-fail|p1a: Vaporeon
|
|-weather|Sandstorm|[upkeep]
|-damage|p1a: Vaporeon|39/100|[from] Sandstorm
|upkeep
|turn|15
|
|t:|1660013710
|switch|p1a: Rhyperior|Rhyperior, F|94/100 tox
|move|p2a: Gigalith|Stealth Rock|p1a: Rhyperior
|-sidestart|p1: zeeLitium|move: Stealth Rock
|
|-weather|Sandstorm|[upkeep]
|-heal|p1a: Rhyperior|100/100 tox|[from] item: Leftovers
|-damage|p1a: Rhyperior|94/100 tox|[from] psn
|upkeep
|turn|16
|
|t:|1660013716
|switch|p2a: Seismitoad|Seismitoad, M|100/100
|move|p1a: Rhyperior|Stealth Rock|p2a: Seismitoad
|-sidestart|p2: whistling|move: Stealth Rock
|
|-weather|Sandstorm|[upkeep]
|-heal|p1a: Rhyperior|100/100 tox|[from] item: Leftovers
|-damage|p1a: Rhyperior|88/100 tox|[from] psn
|upkeep
|turn|17
|
|t:|1660013723
|switch|p1a: Registeel|Registeel|100/100
|-damage|p1a: Registeel|94/100|[from] Stealth Rock
|move|p2a: Seismitoad|Ice Punch|p1a: Registeel
|-resisted|p1a: Registeel
|-damage|p1a: Registeel|84/100
|
|-weather|Sandstorm|[upkeep]
|-heal|p1a: Registeel|90/100|[from] item: Leftovers
|upkeep
|turn|18
|
|t:|1660013733
|move|p2a: Seismitoad|Ice Punch|p1a: Registeel
|-resisted|p1a: Registeel
|-damage|p1a: Registeel|80/100
|move|p1a: Registeel|Iron Defense|p1a: Registeel
|-boost|p1a: Registeel|def|2
|
|-weather|none
|-heal|p1a: Registeel|86/100|[from] item: Leftovers
|upkeep
|turn|19
|
|t:|1660013736
|switch|p2a: Sigilyph|Sigilyph, M|100/100
|move|p1a: Registeel|Body Press|p2a: Sigilyph
|-resisted|p2a: Sigilyph
|-damage|p2a: Sigilyph|82/100
|
|-heal|p1a: Registeel|92/100|[from] item: Leftovers
|upkeep
|turn|20
|
|t:|1660013740
|move|p2a: Sigilyph|Heat Wave|p1a: Registeel
|-supereffective|p1a: Registeel
|-damage|p1a: Registeel|57/100
|move|p1a: Registeel|Heavy Slam|p2a: Sigilyph
|-damage|p2a: Sigilyph|31/100
|
|-heal|p1a: Registeel|63/100|[from] item: Leftovers
|upkeep
|turn|21
|
|t:|1660013748
|switch|p2a: Tangela|Tangela, F|100/100
|-damage|p2a: Tangela|88/100|[from] Stealth Rock
|move|p1a: Registeel|Heavy Slam|p2a: Tangela
|-damage|p2a: Tangela|75/100
|
|-heal|p1a: Registeel|69/100|[from] item: Leftovers
|upkeep
|turn|22
|
|t:|1660013751
|move|p2a: Tangela|Knock Off|p1a: Registeel
|-damage|p1a: Registeel|64/100
|-enditem|p1a: Registeel|Leftovers|[from] move: Knock Off|[of] p2a: Tangela
|move|p1a: Registeel|Iron Defense|p1a: Registeel
|-boost|p1a: Registeel|def|2
|
|upkeep
|turn|23
|
|t:|1660013754
|move|p2a: Tangela|Leech Seed|p1a: Registeel
|-start|p1a: Registeel|move: Leech Seed
|move|p1a: Registeel|Iron Defense|p1a: Registeel
|-boost|p1a: Registeel|def|2
|
|-damage|p1a: Registeel|52/100|[from] Leech Seed|[of] p2a: Tangela
|-heal|p2a: Tangela|88/100|[silent]
|upkeep
|turn|24
|
|t:|1660013759
|move|p2a: Tangela|Giga Drain|p1a: Registeel
|-resisted|p1a: Registeel
|-damage|p1a: Registeel|45/100
|-heal|p2a: Tangela|92/100|[from] drain|[of] p1a: Registeel
|move|p1a: Registeel|Body Press|p2a: Tangela
|-crit|p2a: Tangela
|-damage|p2a: Tangela|20/100
|
|-damage|p1a: Registeel|32/100|[from] Leech Seed|[of] p2a: Tangela
|-heal|p2a: Tangela|33/100|[silent]
|upkeep
|turn|25
|
|t:|1660013773
|switch|p2a: Sigilyph|Sigilyph, M|31/100
|move|p1a: Registeel|Body Press|p2a: Sigilyph
|-resisted|p2a: Sigilyph
|-damage|p2a: Sigilyph|0 fnt
|faint|p2a: Sigilyph
|
|upkeep
|
|t:|1660013776
|switch|p2a: Seismitoad|Seismitoad, M|100/100
|-damage|p2a: Seismitoad|95/100|[from] Stealth Rock
|turn|26
|
|t:|1660013781
|move|p2a: Seismitoad|Earthquake|p1a: Registeel
|-supereffective|p1a: Registeel
|-damage|p1a: Registeel|12/100
|move|p1a: Registeel|Body Press|p2a: Seismitoad
|-crit|p2a: Seismitoad
|-damage|p2a: Seismitoad|0 fnt
|faint|p2a: Seismitoad
|
|upkeep
|
|t:|1660013783
|switch|p2a: Lycanroc|Lycanroc, M|100/100
|-damage|p2a: Lycanroc|88/100|[from] Stealth Rock
|turn|27
|
|t:|1660013788
|move|p2a: Lycanroc|Close Combat|p1a: Registeel
|-supereffective|p1a: Registeel
|-damage|p1a: Registeel|0 fnt
|-unboost|p2a: Lycanroc|def|1
|-unboost|p2a: Lycanroc|spd|1
|faint|p1a: Registeel
|-damage|p2a: Lycanroc|78/100|[from] item: Life Orb
|
|upkeep
|
|t:|1660013800
|switch|p1a: Xurkitree|Xurkitree|100/100
|-damage|p1a: Xurkitree|88/100|[from] Stealth Rock
|turn|28
|
|t:|1660013804
|move|p1a: Xurkitree|Volt Switch|p2a: Lycanroc
|-damage|p2a: Lycanroc|0 fnt
|faint|p2a: Lycanroc
|-ability|p1a: Xurkitree|Beast Boost|boost
|-boost|p1a: Xurkitree|spa|1
|-message|whistling forfeited.
|
|win|zeeLitium
|raw|zeeLitium's rating: 1417 &rarr; <strong>1447</strong><br />(+30 for winning)
|raw|whistling's rating: 1600 &rarr; <strong>1570</strong><br />(-30 for losing)
|l|☆whistling
