|raw|<div class="broadcast-blue"><strong>This battle is required to be public due to a player having a name starting with 'rult70'.</div>
|j|☆Rult70B evidith
|j|☆RULT70A arc
|t:|1626897538
|gametype|singles
|player|p1|Rult70B evidith|lass-gen4dp|1453
|player|p2|RULT70A arc|102|1519
|teamsize|p1|6
|teamsize|p2|6
|gen|8
|tier|[Gen 8] RU
|rated|
|rule|Sleep Clause Mod: Limit one foe put to sleep
|rule|Species Clause: Limit one of each Pokémon
|rule|OHKO Clause: OHKO moves are banned
|rule|Evasion Moves Clause: Evasion moves are banned
|rule|Endless Battle Clause: Forcing endless battles is banned
|rule|HP Percentage Mod: HP is shown in percentages
|rule|Dynamax Clause: You cannot dynamax
|clearpoke
|poke|p1|Indeedee, M|
|poke|p1|Mienshao, M|
|poke|p1|Whimsicott, F|
|poke|p1|Marowak-Alola, F|
|poke|p1|Starmie|
|poke|p1|Escavalier, M|
|poke|p2|Cloyster, M|
|poke|p2|Aerodactyl, M|
|poke|p2|Necrozma|
|poke|p2|Doublade, M|
|poke|p2|Flygon, M|
|poke|p2|Lucario, F|
|teampreview
|j| Cope with me
|
|t:|1626897550
|start
|switch|p1a: Starmie|Starmie|100/100
|switch|p2a: Cloyster|Cloyster, M|100/100
|turn|1
|
|t:|1626897563
|move|p1a: Starmie|Rapid Spin|p2a: Cloyster
|-damage|p2a: Cloyster|93/100
|-boost|p1a: Starmie|spe|1
|move|p2a: Cloyster|Shell Smash|p2a: Cloyster
|-unboost|p2a: Cloyster|def|1
|-unboost|p2a: Cloyster|spd|1
|-boost|p2a: Cloyster|atk|2
|-boost|p2a: Cloyster|spa|2
|-boost|p2a: Cloyster|spe|2
|
|upkeep
|turn|2
|
|t:|1626897567
|move|p1a: Starmie|Scald|p2a: Cloyster
|-resisted|p2a: Cloyster
|-damage|p2a: Cloyster|43/100
|-status|p2a: Cloyster|brn
|move|p2a: Cloyster|Shell Smash|p2a: Cloyster
|-unboost|p2a: Cloyster|def|1
|-unboost|p2a: Cloyster|spd|1
|-boost|p2a: Cloyster|atk|2
|-boost|p2a: Cloyster|spa|2
|-boost|p2a: Cloyster|spe|2
|
|-damage|p2a: Cloyster|37/100 brn|[from] brn
|upkeep
|turn|3
|
|t:|1626897575
|move|p2a: Cloyster|Icicle Spear|p1a: Starmie
|-resisted|p1a: Starmie
|-damage|p1a: Starmie|92/100
|-resisted|p1a: Starmie
|-damage|p1a: Starmie|82/100
|-resisted|p1a: Starmie
|-damage|p1a: Starmie|73/100
|-resisted|p1a: Starmie
|-damage|p1a: Starmie|63/100
|-resisted|p1a: Starmie
|-damage|p1a: Starmie|54/100
|-hitcount|p1a: Starmie|5
|move|p1a: Starmie|Scald|p2a: Cloyster
|-resisted|p2a: Cloyster
|-damage|p2a: Cloyster|0 fnt
|faint|p2a: Cloyster
|
|upkeep
|
|t:|1626897579
|switch|p2a: Doublade|Doublade, M|100/100
|turn|4
|j| RULT70M Art
|
|t:|1626897598
|move|p1a: Starmie|Scald|p2a: Doublade
|-damage|p2a: Doublade|60/100
|-status|p2a: Doublade|brn
|move|p2a: Doublade|Close Combat|p1a: Starmie
|-resisted|p1a: Starmie
|-damage|p1a: Starmie|41/100
|-unboost|p2a: Doublade|def|1
|-unboost|p2a: Doublade|spd|1
|
|-damage|p2a: Doublade|54/100 brn|[from] brn
|upkeep
|turn|5
|
|t:|1626897602
|move|p1a: Starmie|Recover|p1a: Starmie
|-heal|p1a: Starmie|91/100
|move|p2a: Doublade|Shadow Claw|p1a: Starmie
|-supereffective|p1a: Starmie
|-damage|p1a: Starmie|47/100
|
|-damage|p2a: Doublade|48/100 brn|[from] brn
|upkeep
|turn|6
|
|t:|1626897607
|move|p1a: Starmie|Recover|p1a: Starmie
|-heal|p1a: Starmie|97/100
|move|p2a: Doublade|Shadow Claw|p1a: Starmie
|-supereffective|p1a: Starmie
|-damage|p1a: Starmie|51/100
|
|-damage|p2a: Doublade|41/100 brn|[from] brn
|upkeep
|turn|7
|
|t:|1626897613
|move|p1a: Starmie|Scald|p2a: Doublade
|-damage|p2a: Doublade|0 fnt
|faint|p2a: Doublade
|
|upkeep
|j| rult70rabbit
|
|t:|1626897622
|switch|p2a: Lucario|Lucario, F|100/100
|turn|8
|j| kwdkdwkdwkdkw
|
|t:|1626897634
|switch|p1a: Marowak|Marowak-Alola, F|100/100
|move|p2a: Lucario|Extreme Speed|p1a: Marowak
|-immune|p1a: Marowak
|
|upkeep
|turn|9
|
|t:|1626897637
|switch|p2a: Aerodactyl|Aerodactyl, M|100/100
|-ability|p2a: Aerodactyl|Unnerve
|move|p1a: Marowak|Stealth Rock|p2a: Aerodactyl
|-sidestart|p2: RULT70A arc|move: Stealth Rock
|
|upkeep
|turn|10
|
|t:|1626897644
|move|p2a: Aerodactyl|Earthquake|p1a: Marowak
|-supereffective|p1a: Marowak
|-damage|p1a: Marowak|47/100
|move|p1a: Marowak|Poltergeist|p2a: Aerodactyl
|-activate|p2a: Aerodactyl|move: Poltergeist|Focus Sash
|-enditem|p2a: Aerodactyl|Focus Sash
|-damage|p2a: Aerodactyl|1/100
|
|upkeep
|turn|11
|
|t:|1626897648
|switch|p1a: Starmie|Starmie|51/100
|move|p2a: Aerodactyl|Stealth Rock|p1a: Starmie
|-sidestart|p1: Rult70B evidith|move: Stealth Rock
|
|upkeep
|turn|12
|
|t:|1626897652
|move|p2a: Aerodactyl|Dual Wingbeat|p1a: Starmie
|-damage|p1a: Starmie|31/100
|-damage|p1a: Starmie|9/100
|-hitcount|p1a: Starmie|2
|move|p1a: Starmie|Rapid Spin|p2a: Aerodactyl
|-resisted|p2a: Aerodactyl
|-damage|p2a: Aerodactyl|0 fnt
|-boost|p1a: Starmie|spe|1
|-sideend|p1: Rult70B evidith|Stealth Rock|[from] move: Rapid Spin|[of] p1a: Starmie
|faint|p2a: Aerodactyl
|
|upkeep
|
|t:|1626897657
|switch|p2a: Lucario|Lucario, F|100/100
|-damage|p2a: Lucario|98/100|[from] Stealth Rock
|turn|13
|
|t:|1626897661
|switch|p1a: Marowak|Marowak-Alola, F|47/100
|move|p2a: Lucario|Meteor Mash|p1a: Marowak
|-resisted|p1a: Marowak
|-damage|p1a: Marowak|20/100
|-boost|p2a: Lucario|atk|1
|-damage|p2a: Lucario|88/100|[from] item: Life Orb
|
|upkeep
|turn|14
|
|t:|1626897669
|move|p2a: Lucario|Meteor Mash|p1a: Marowak
|-resisted|p1a: Marowak
|-damage|p1a: Marowak|0 fnt
|faint|p1a: Marowak
|-damage|p2a: Lucario|78/100|[from] item: Life Orb
|
|upkeep
|
|t:|1626897671
|switch|p1a: Indeedee|Indeedee, M|100/100
|-fieldstart|move: Psychic Terrain|[from] ability: Psychic Surge|[of] p1a: Indeedee
|turn|15
|
|t:|1626897675
|move|p1a: Indeedee|Expanding Force|p2a: Lucario
|-damage|p2a: Lucario|0 fnt
|faint|p2a: Lucario
|
|upkeep
|j| rult70m mac3 ✝
|
|t:|1626897678
|switch|p2a: Necrozma|Necrozma|100/100
|-damage|p2a: Necrozma|88/100|[from] Stealth Rock
|turn|16
|
|t:|1626897680
|move|p1a: Indeedee|Expanding Force|p2a: Necrozma
|-resisted|p2a: Necrozma
|-damage|p2a: Necrozma|26/100
|move|p2a: Necrozma|Dragon Dance|p2a: Necrozma
|-boost|p2a: Necrozma|atk|1
|-boost|p2a: Necrozma|spe|1
|
|upkeep
|turn|17
|
|t:|1626897684
|switch|p1a: Starmie|Starmie|9/100
|move|p2a: Necrozma|Dragon Dance|p2a: Necrozma
|-boost|p2a: Necrozma|atk|1
|-boost|p2a: Necrozma|spe|1
|
|upkeep
|turn|18
|
|t:|1626897688
|move|p2a: Necrozma|Photon Geyser|p1a: Starmie
|-resisted|p1a: Starmie
|-damage|p1a: Starmie|0 fnt
|faint|p1a: Starmie
|
|upkeep
|
|t:|1626897689
|switch|p1a: Escavalier|Escavalier, M|100/100
|turn|19
|
|t:|1626897693
|move|p2a: Necrozma|Earthquake|p1a: Escavalier
|-damage|p1a: Escavalier|42/100
|move|p1a: Escavalier|Knock Off|p2a: Necrozma
|-supereffective|p2a: Necrozma
|-damage|p2a: Necrozma|0 fnt
|-enditem|p2a: Necrozma|Lum Berry|[from] move: Knock Off|[of] p1a: Escavalier
|faint|p2a: Necrozma
|
|-fieldend|move: Psychic Terrain
|upkeep
|-message|RULT70A arc forfeited.
|
|win|Rult70B evidith
|l|☆RULT70A arc
|raw|Rult70B evidith's rating: 1427 &rarr; <strong>1453</strong><br />(+26 for winning)
|raw|RULT70A arc's rating: 1536 &rarr; <strong>1510</strong><br />(-26 for losing)
|l| Cope with me
|l|☆Rult70B evidith
||Ladder isn't responding, score probably updated but might not have (Request timeout).
