|j|☆rult1qm Mac3 ✝
|j|☆assfucked
|t:|1596930015
|player|p1|rult1qm Mac3 ✝|roxie|1578
|player|p2|assfucked|#sza|1538
|teamsize|p1|6
|teamsize|p2|6
|gametype|singles
|gen|8
|tier|[Gen 8] RU
|rated|
|clearpoke
|poke|p1|Steelix, M|
|poke|p1|Slowbro-Galar, F|
|poke|p1|Quagsire, F|
|poke|p1|Eldegoss, M|
|poke|p1|Mantine, F|
|poke|p1|Umbreon, F|
|poke|p2|Dragalge, M|
|poke|p2|Centiskorch, M|
|poke|p2|Bronzong|
|poke|p2|Passimian, F|
|poke|p2|Claydol|
|poke|p2|Virizion|
|rule|Sleep Clause Mod: Limit one foe put to sleep
|rule|Species Clause: Limit one of each Pokémon
|rule|OHKO Clause: OHKO moves are banned
|rule|Evasion Moves Clause: Evasion moves are banned
|rule|Endless Battle Clause: Forcing endless battles is banned
|rule|HP Percentage Mod: HP is shown in percentages
|rule|Dynamax Clause: You cannot dynamax
|teampreview
|inactive|Battle timer is ON: inactive players will automatically lose when time's up. (requested by assfucked)
|c|☆rult1qm Mac3 ✝|uh oh
|c|☆rult1qm Mac3 ✝|centi is tough
|c|☆assfucked|cry me a river
|inactive|assfucked has 120 seconds left.
|c|☆rult1qm Mac3 ✝|nah this is good
|c|☆rult1qm Mac3 ✝|i wanna see how this team performs against centi
|c|☆rult1qm Mac3 ✝|i dont have expectations for cycle 1 anyway
|inactive|assfucked has 90 seconds left.
|inactive|assfucked has 60 seconds left.
|
|t:|1596930118
|start
|switch|p1a: FÖRSENT|Slowbro-Galar, F|100/100
|switch|p2a: Bronzong|Bronzong|100/100
|turn|1
|
|t:|1596930126
|switch|p2a: Dragalge|Dragalge, M|100/100
|move|p1a: FÖRSENT|Block|p2a: Dragalge
|-activate|p2a: Dragalge|trapped
|
|upkeep
|turn|2
|
|t:|1596930130
|switch|p1a: NU VI SKINER|Umbreon, F|100/100
|move|p2a: Dragalge|Toxic Spikes|p1a: NU VI SKINER
|-sidestart|p1: rult1qm Mac3 ✝|move: Toxic Spikes
|
|upkeep
|turn|3
|
|t:|1596930135
|move|p1a: NU VI SKINER|Foul Play|p2a: Dragalge
|-damage|p2a: Dragalge|71/100
|move|p2a: Dragalge|Flip Turn|p1a: NU VI SKINER
|-damage|p1a: NU VI SKINER|93/100
|
|t:|1596930141
|switch|p2a: Centiskorch|Centiskorch, M|100/100|[from]move: Flip Turn
|
|-heal|p1a: NU VI SKINER|99/100|[from] item: Leftovers
|upkeep
|turn|4
|
|t:|1596930145
|switch|p2a: Virizion|Virizion|100/100
|move|p1a: NU VI SKINER|Protect||[still]
|-fail|p1a: NU VI SKINER
|
|-heal|p1a: NU VI SKINER|100/100|[from] item: Leftovers
|upkeep
|turn|5
|
|t:|1596930152
|switch|p1a: FÖRSENT|Slowbro-Galar, F|100/100
|-sideend|p1: rult1qm Mac3 ✝|move: Toxic Spikes|[of] p1a: FÖRSENT
|move|p2a: Virizion|Swords Dance|p2a: Virizion
|-boost|p2a: Virizion|atk|2
|
|upkeep
|turn|6
|
|t:|1596930157
|switch|p2a: Dragalge|Dragalge, M|71/100
|move|p1a: FÖRSENT|Sludge Bomb|p2a: Dragalge
|-resisted|p2a: Dragalge
|-damage|p2a: Dragalge|55/100
|
|-heal|p2a: Dragalge|61/100|[from] item: Black Sludge
|upkeep
|turn|7
|
|t:|1596930161
|switch|p1a: NU VI SKINER|Umbreon, F|100/100
|move|p2a: Dragalge|Sludge Wave|p1a: NU VI SKINER
|-damage|p1a: NU VI SKINER|71/100
|
|-heal|p1a: NU VI SKINER|77/100|[from] item: Leftovers
|-heal|p2a: Dragalge|67/100|[from] item: Black Sludge
|upkeep
|turn|8
|
|t:|1596930165
|switch|p2a: Virizion|Virizion|100/100
|move|p1a: NU VI SKINER|Foul Play|p2a: Virizion
|-resisted|p2a: Virizion
|-damage|p2a: Virizion|74/100
|-ability|p2a: Virizion|Justified|boost
|-boost|p2a: Virizion|atk|1
|
|-heal|p2a: Virizion|80/100|[from] item: Leftovers
|-heal|p1a: NU VI SKINER|83/100|[from] item: Leftovers
|upkeep
|turn|9
|
|t:|1596930174
|switch|p1a: FÖRSENT|Slowbro-Galar, F|100/100
|move|p2a: Virizion|Swords Dance|p2a: Virizion
|-boost|p2a: Virizion|atk|2
|
|-heal|p2a: Virizion|86/100|[from] item: Leftovers
|upkeep
|turn|10
|
|t:|1596930177
|switch|p2a: Bronzong|Bronzong|100/100
|move|p1a: FÖRSENT|Sludge Bomb|p2a: Bronzong
|-immune|p2a: Bronzong
|
|upkeep
|turn|11
|
|t:|1596930182
|switch|p2a: Dragalge|Dragalge, M|67/100
|switch|p1a: NU VI SKINER|Umbreon, F|83/100
|
|-heal|p1a: NU VI SKINER|89/100|[from] item: Leftovers
|-heal|p2a: Dragalge|73/100|[from] item: Black Sludge
|upkeep
|turn|12
|
|t:|1596930186
|move|p1a: NU VI SKINER|Foul Play|p2a: Dragalge
|-damage|p2a: Dragalge|46/100
|move|p2a: Dragalge|Flip Turn|p1a: NU VI SKINER
|-damage|p1a: NU VI SKINER|81/100
|
|t:|1596930188
|switch|p2a: Bronzong|Bronzong|100/100|[from]move: Flip Turn
|
|-heal|p1a: NU VI SKINER|88/100|[from] item: Leftovers
|upkeep
|turn|13
|
|t:|1596930193
|move|p1a: NU VI SKINER|Foul Play|p2a: Bronzong
|-supereffective|p2a: Bronzong
|-damage|p2a: Bronzong|49/100
|move|p2a: Bronzong|Stealth Rock|p1a: NU VI SKINER
|-sidestart|p1: rult1qm Mac3 ✝|move: Stealth Rock
|
|-heal|p1a: NU VI SKINER|94/100|[from] item: Leftovers
|-heal|p2a: Bronzong|55/100|[from] item: Leftovers
|upkeep
|turn|14
|
|t:|1596930197
|switch|p2a: Virizion|Virizion|86/100
|move|p1a: NU VI SKINER|Foul Play|p2a: Virizion
|-resisted|p2a: Virizion
|-damage|p2a: Virizion|58/100
|-ability|p2a: Virizion|Justified|boost
|-boost|p2a: Virizion|atk|1
|
|-heal|p2a: Virizion|64/100|[from] item: Leftovers
|-heal|p1a: NU VI SKINER|99/100|[from] item: Leftovers
|upkeep
|turn|15
|
|t:|1596930203
|switch|p2a: Dragalge|Dragalge, M|46/100
|move|p1a: NU VI SKINER|Protect||[still]
|-fail|p1a: NU VI SKINER
|
|-heal|p1a: NU VI SKINER|100/100|[from] item: Leftovers
|-heal|p2a: Dragalge|51/100|[from] item: Black Sludge
|upkeep
|turn|16
|
|t:|1596930210
|move|p1a: NU VI SKINER|Foul Play|p2a: Dragalge
|-damage|p2a: Dragalge|21/100
|move|p2a: Dragalge|Draco Meteor|p1a: NU VI SKINER
|-damage|p1a: NU VI SKINER|58/100
|-unboost|p2a: Dragalge|spa|2
|
|-heal|p1a: NU VI SKINER|64/100|[from] item: Leftovers
|-heal|p2a: Dragalge|27/100|[from] item: Black Sludge
|upkeep
|turn|17
|
|t:|1596930217
|move|p1a: NU VI SKINER|Moonlight|p1a: NU VI SKINER
|-heal|p1a: NU VI SKINER|100/100
|move|p2a: Dragalge|Flip Turn|p1a: NU VI SKINER
|-damage|p1a: NU VI SKINER|93/100
|
|t:|1596930222
|switch|p2a: Centiskorch|Centiskorch, M|100/100|[from]move: Flip Turn
|
|-heal|p1a: NU VI SKINER|99/100|[from] item: Leftovers
|upkeep
|turn|18
|
|t:|1596930227
|switch|p1a: PIPPI|Mantine, F|100/100
|move|p2a: Centiskorch|Leech Life|p1a: PIPPI
|-resisted|p1a: PIPPI
|-damage|p1a: PIPPI|82/100
|
|upkeep
|turn|19
|
|t:|1596930232
|move|p2a: Centiskorch|Knock Off|p1a: PIPPI
|-damage|p1a: PIPPI|56/100
|-enditem|p1a: PIPPI|Heavy-Duty Boots|[from] move: Knock Off|[of] p2a: Centiskorch
|move|p1a: PIPPI|Scald|p2a: Centiskorch
|-supereffective|p2a: Centiskorch
|-damage|p2a: Centiskorch|51/100
|
|upkeep
|turn|20
|
|t:|1596930236
|move|p2a: Centiskorch|Power Whip|p1a: PIPPI
|-damage|p1a: PIPPI|20/100
|move|p1a: PIPPI|Roost|p1a: PIPPI
|-heal|p1a: PIPPI|70/100
|-singleturn|p1a: PIPPI|move: Roost
|
|upkeep
|turn|21
|
|t:|1596930239
|move|p2a: Centiskorch|Power Whip|p1a: PIPPI|[miss]
|-miss|p2a: Centiskorch|p1a: PIPPI
|move|p1a: PIPPI|Defog|p2a: Centiskorch
|-unboost|p2a: Centiskorch|evasion|1
|-sideend|p1: rult1qm Mac3 ✝|Stealth Rock|[from] move: Defog|[of] p1a: PIPPI
|
|upkeep
|turn|22
|
|t:|1596930242
|switch|p2a: Bronzong|Bronzong|55/100
|move|p1a: PIPPI|Scald|p2a: Bronzong
|-damage|p2a: Bronzong|39/100
|
|-heal|p2a: Bronzong|45/100|[from] item: Leftovers
|upkeep
|turn|23
|
|t:|1596930248
|move|p1a: PIPPI|Scald|p2a: Bronzong
|-damage|p2a: Bronzong|29/100
|move|p2a: Bronzong|Toxic|p1a: PIPPI
|-status|p1a: PIPPI|tox
|
|-heal|p2a: Bronzong|36/100|[from] item: Leftovers
|-damage|p1a: PIPPI|64/100 tox|[from] psn
|upkeep
|turn|24
|
|t:|1596930251
|switch|p1a: NR1|Eldegoss, M|100/100
|move|p2a: Bronzong|Stealth Rock|p1a: NR1
|-sidestart|p1: rult1qm Mac3 ✝|move: Stealth Rock
|
|-heal|p2a: Bronzong|42/100|[from] item: Leftovers
|upkeep
|turn|25
|
|t:|1596930253
|move|p2a: Bronzong|Protect|p2a: Bronzong
|-singleturn|p2a: Bronzong|Protect
|move|p1a: NR1|Rapid Spin|p2a: Bronzong
|-activate|p2a: Bronzong|move: Protect
|
|-heal|p2a: Bronzong|48/100|[from] item: Leftovers
|upkeep
|turn|26
|
|t:|1596930257
|switch|p2a: Centiskorch|Centiskorch, M|51/100
|move|p1a: NR1|Rapid Spin|p2a: Centiskorch
|-damage|p2a: Centiskorch|44/100
|-boost|p1a: NR1|spe|1
|-sideend|p1: rult1qm Mac3 ✝|Stealth Rock|[from] move: Rapid Spin|[of] p1a: NR1
|
|upkeep
|turn|27
|
|t:|1596930263
|switch|p1a: FÖRSENT|Slowbro-Galar, F|100/100
|move|p2a: Centiskorch|Fire Lash|p1a: FÖRSENT
|-damage|p1a: FÖRSENT|72/100
|-unboost|p1a: FÖRSENT|def|1
|
|-heal|p1a: FÖRSENT|78/100|[from] item: Black Sludge
|upkeep
|turn|28
|
|t:|1596930270
|move|p2a: Centiskorch|Leech Life|p1a: FÖRSENT
|-damage|p1a: FÖRSENT|40/100
|-heal|p2a: Centiskorch|67/100|[from] drain|[of] p1a: FÖRSENT
|move|p1a: FÖRSENT|Sludge Bomb|p2a: Centiskorch
|-damage|p2a: Centiskorch|33/100
|
|-heal|p1a: FÖRSENT|46/100|[from] item: Black Sludge
|upkeep
|turn|29
|
|t:|1596930278
|switch|p1a: ICE CREAM|Steelix, M|100/100
|move|p2a: Centiskorch|Power Whip|p1a: ICE CREAM
|-damage|p1a: ICE CREAM|78/100
|
|-heal|p1a: ICE CREAM|84/100|[from] item: Leftovers
|upkeep
|turn|30
|
|t:|1596930284
|switch|p2a: Bronzong|Bronzong|48/100
|move|p1a: ICE CREAM|Head Smash|p2a: Bronzong|[miss]
|-miss|p1a: ICE CREAM|p2a: Bronzong
|
|-heal|p2a: Bronzong|54/100|[from] item: Leftovers
|-heal|p1a: ICE CREAM|91/100|[from] item: Leftovers
|upkeep
|turn|31
|
|t:|1596930287
|switch|p1a: NR1|Eldegoss, M|100/100
|move|p2a: Bronzong|Stealth Rock|p1a: NR1
|-sidestart|p1: rult1qm Mac3 ✝|move: Stealth Rock
|
|-heal|p2a: Bronzong|61/100|[from] item: Leftovers
|upkeep
|turn|32
|
|t:|1596930289
|move|p1a: NR1|Aromatherapy|p1a: NR1
|-activate|p1a: NR1|move: Aromatherapy
|-curestatus|p1: PIPPI|tox|[msg]
|move|p2a: Bronzong|Toxic|p1a: NR1
|-status|p1a: NR1|tox
|
|-heal|p2a: Bronzong|67/100|[from] item: Leftovers
|-damage|p1a: NR1|94/100 tox|[from] psn
|upkeep
|turn|33
|
|t:|1596930292
|move|p2a: Bronzong|Protect|p2a: Bronzong
|-singleturn|p2a: Bronzong|Protect
|move|p1a: NR1|Rapid Spin|p2a: Bronzong
|-activate|p2a: Bronzong|move: Protect
|
|-heal|p1a: NR1|100/100 tox|[from] item: Leftovers
|-heal|p2a: Bronzong|73/100|[from] item: Leftovers
|-damage|p1a: NR1|88/100 tox|[from] psn
|upkeep
|turn|34
|
|t:|1596930294
|move|p1a: NR1|Rapid Spin|p2a: Bronzong
|-resisted|p2a: Bronzong
|-damage|p2a: Bronzong|71/100
|-boost|p1a: NR1|spe|1
|-sideend|p1: rult1qm Mac3 ✝|Stealth Rock|[from] move: Rapid Spin|[of] p1a: NR1
|move|p2a: Bronzong|Stealth Rock|p1a: NR1
|-sidestart|p1: rult1qm Mac3 ✝|move: Stealth Rock
|
|-heal|p1a: NR1|94/100 tox|[from] item: Leftovers
|-heal|p2a: Bronzong|77/100|[from] item: Leftovers
|-damage|p1a: NR1|76/100 tox|[from] psn
|upkeep
|turn|35
|
|t:|1596930300
|switch|p1a: NU VI SKINER|Umbreon, F|99/100
|-damage|p1a: NU VI SKINER|87/100|[from] Stealth Rock
|switch|p2a: Centiskorch|Centiskorch, M|33/100
|
|-heal|p1a: NU VI SKINER|93/100|[from] item: Leftovers
|upkeep
|turn|36
|
|t:|1596930303
|move|p2a: Centiskorch|Leech Life|p1a: NU VI SKINER
|-supereffective|p1a: NU VI SKINER
|-damage|p1a: NU VI SKINER|21/100
|-heal|p2a: Centiskorch|75/100|[from] drain|[of] p1a: NU VI SKINER
|move|p1a: NU VI SKINER|Foul Play|p2a: Centiskorch
|-damage|p2a: Centiskorch|0 fnt
|faint|p2a: Centiskorch
|
|-heal|p1a: NU VI SKINER|27/100|[from] item: Leftovers
|upkeep
|
|t:|1596930311
|switch|p2a: Virizion|Virizion|64/100
|turn|37
|
|t:|1596930313
|move|p1a: NU VI SKINER|Protect|p1a: NU VI SKINER
|-singleturn|p1a: NU VI SKINER|Protect
|move|p2a: Virizion|Swords Dance|p2a: Virizion
|-boost|p2a: Virizion|atk|2
|
|-heal|p2a: Virizion|70/100|[from] item: Leftovers
|-heal|p1a: NU VI SKINER|33/100|[from] item: Leftovers
|upkeep
|turn|38
|
|t:|1596930318
|switch|p1a: DRIPPING|Quagsire, F|100/100
|-damage|p1a: DRIPPING|94/100|[from] Stealth Rock
|move|p2a: Virizion|Swords Dance|p2a: Virizion
|-boost|p2a: Virizion|atk|2
|
|-heal|p2a: Virizion|76/100|[from] item: Leftovers
|-heal|p1a: DRIPPING|100/100|[from] item: Leftovers
|upkeep
|turn|39
|
|t:|1596930345
|switch|p1a: PIPPI|Mantine, F|64/100
|-damage|p1a: PIPPI|39/100|[from] Stealth Rock
|move|p2a: Virizion|Leaf Blade|p1a: PIPPI
|-damage|p1a: PIPPI|0 fnt
|faint|p1a: PIPPI
|
|-heal|p2a: Virizion|83/100|[from] item: Leftovers
|upkeep
|
|t:|1596930346
|switch|p1a: FÖRSENT|Slowbro-Galar, F|79/100
|-damage|p1a: FÖRSENT|66/100|[from] Stealth Rock
|turn|40
|
|t:|1596930349
|move|p2a: Virizion|Stone Edge|p1a: FÖRSENT
|-damage|p1a: FÖRSENT|12/100
|move|p1a: FÖRSENT|Sludge Bomb|p2a: Virizion
|-supereffective|p2a: Virizion
|-damage|p2a: Virizion|34/100
|-status|p2a: Virizion|psn
|
|-heal|p2a: Virizion|40/100 psn|[from] item: Leftovers
|-heal|p1a: FÖRSENT|18/100|[from] item: Black Sludge
|-damage|p2a: Virizion|27/100 psn|[from] psn
|upkeep
|turn|41
|
|t:|1596930357
|switch|p1a: NR1|Eldegoss, M|100/100 tox
|-damage|p1a: NR1|88/100 tox|[from] Stealth Rock
|move|p2a: Virizion|Leaf Blade|p1a: NR1
|-resisted|p1a: NR1
|-damage|p1a: NR1|38/100 tox
|
|-heal|p2a: Virizion|34/100 psn|[from] item: Leftovers
|-heal|p1a: NR1|44/100 tox|[from] item: Leftovers
|-damage|p2a: Virizion|21/100 psn|[from] psn
|-damage|p1a: NR1|38/100 tox|[from] psn
|upkeep
|turn|42
|
|t:|1596930376
|move|p2a: Virizion|Leaf Blade|p1a: NR1
|-resisted|p1a: NR1
|-damage|p1a: NR1|0 fnt
|faint|p1a: NR1
|
|-heal|p2a: Virizion|27/100 psn|[from] item: Leftovers
|-damage|p2a: Virizion|15/100 psn|[from] psn
|upkeep
|
|t:|1596930381
|switch|p1a: NU VI SKINER|Umbreon, F|33/100
|-damage|p1a: NU VI SKINER|20/100|[from] Stealth Rock
|turn|43
|
|t:|1596930385
|move|p1a: NU VI SKINER|Protect|p1a: NU VI SKINER
|-singleturn|p1a: NU VI SKINER|Protect
|move|p2a: Virizion|Swords Dance|p2a: Virizion
|-boost|p2a: Virizion|atk|2
|
|-heal|p2a: Virizion|21/100 psn|[from] item: Leftovers
|-heal|p1a: NU VI SKINER|26/100|[from] item: Leftovers
|-damage|p2a: Virizion|9/100 psn|[from] psn
|upkeep
|turn|44
|
|t:|1596930390
|switch|p1a: FÖRSENT|Slowbro-Galar, F|51/100
|-damage|p1a: FÖRSENT|39/100|[from] Stealth Rock
|move|p2a: Virizion|Close Combat|p1a: FÖRSENT
|-resisted|p1a: FÖRSENT
|-damage|p1a: FÖRSENT|5/100
|-unboost|p2a: Virizion|def|1
|-unboost|p2a: Virizion|spd|1
|
|-heal|p2a: Virizion|15/100 psn|[from] item: Leftovers
|-heal|p1a: FÖRSENT|11/100|[from] item: Black Sludge
|-damage|p2a: Virizion|3/100 psn|[from] psn
|upkeep
|turn|45
|
|t:|1596930394
|move|p2a: Virizion|Close Combat|p1a: FÖRSENT
|-resisted|p1a: FÖRSENT
|-damage|p1a: FÖRSENT|0 fnt
|-unboost|p2a: Virizion|def|1
|-unboost|p2a: Virizion|spd|1
|faint|p1a: FÖRSENT
|
|-heal|p2a: Virizion|9/100 psn|[from] item: Leftovers
|-damage|p2a: Virizion|0 fnt|[from] psn
|faint|p2a: Virizion
|upkeep
|
|t:|1596930404
|switch|p2a: Passimian|Passimian, F|100/100
|switch|p1a: ICE CREAM|Steelix, M|91/100
|-damage|p1a: ICE CREAM|88/100|[from] Stealth Rock
|turn|46
|
|t:|1596930410
|move|p2a: Passimian|Close Combat|p1a: ICE CREAM
|-supereffective|p1a: ICE CREAM
|-damage|p1a: ICE CREAM|25/100
|-unboost|p2a: Passimian|def|1
|-unboost|p2a: Passimian|spd|1
|move|p1a: ICE CREAM|Stealth Rock|p2a: Passimian
|-sidestart|p2: assfucked|move: Stealth Rock
|
|-heal|p1a: ICE CREAM|31/100|[from] item: Leftovers
|upkeep
|turn|47
|
|t:|1596930421
|switch|p2a: Claydol|Claydol|100/100
|-damage|p2a: Claydol|94/100|[from] Stealth Rock
|switch|p1a: DRIPPING|Quagsire, F|100/100
|-damage|p1a: DRIPPING|94/100|[from] Stealth Rock
|
|-heal|p2a: Claydol|100/100|[from] item: Leftovers
|-heal|p1a: DRIPPING|100/100|[from] item: Leftovers
|upkeep
|turn|48
|inactive|rult1qm Mac3 ✝ has 120 seconds left.
|
|t:|1596930457
|move|p2a: Claydol|Rapid Spin|p1a: DRIPPING
|-damage|p1a: DRIPPING|96/100
|-boost|p2a: Claydol|spe|1
|-sideend|p2: assfucked|Stealth Rock|[from] move: Rapid Spin|[of] p2a: Claydol
|move|p1a: DRIPPING|Toxic|p2a: Claydol
|-status|p2a: Claydol|tox
|
|-heal|p1a: DRIPPING|100/100|[from] item: Leftovers
|-damage|p2a: Claydol|94/100 tox|[from] psn
|upkeep
|turn|49
|inactive|rult1qm Mac3 ✝ has 120 seconds left.
|
|t:|1596930468
|move|p1a: DRIPPING|Curse|p1a: DRIPPING
|-unboost|p1a: DRIPPING|spe|1
|-boost|p1a: DRIPPING|atk|1
|-boost|p1a: DRIPPING|def|1
|move|p2a: Claydol|Teleport|p2a: Claydol
|
|t:|1596930470
|switch|p2a: Bronzong|Bronzong|77/100|[from]move: Teleport
|
|-heal|p2a: Bronzong|83/100|[from] item: Leftovers
|upkeep
|turn|50
|
|t:|1596930474
|switch|p2a: Passimian|Passimian, F|100/100
|switch|p1a: ICE CREAM|Steelix, M|31/100
|-damage|p1a: ICE CREAM|28/100|[from] Stealth Rock
|
|-heal|p1a: ICE CREAM|34/100|[from] item: Leftovers
|upkeep
|turn|51
|
|t:|1596930478
|switch|p1a: DRIPPING|Quagsire, F|100/100
|-damage|p1a: DRIPPING|94/100|[from] Stealth Rock
|move|p2a: Passimian|U-turn|p1a: DRIPPING
|-damage|p1a: DRIPPING|79/100
|
|t:|1596930488
|switch|p2a: Dragalge|Dragalge, M|27/100|[from]move: U-turn
|
|-heal|p2a: Dragalge|33/100|[from] item: Black Sludge
|-heal|p1a: DRIPPING|85/100|[from] item: Leftovers
|upkeep
|turn|52
|
|t:|1596930496
|move|p2a: Dragalge|Flip Turn|p1a: DRIPPING
|-damage|p1a: DRIPPING|77/100
|
|t:|1596930498
|switch|p2a: Bronzong|Bronzong|83/100|[from]move: Flip Turn
|move|p1a: DRIPPING|Earthquake|p2a: Bronzong
|-immune|p2a: Bronzong|[from] ability: Levitate
|
|-heal|p2a: Bronzong|90/100|[from] item: Leftovers
|-heal|p1a: DRIPPING|83/100|[from] item: Leftovers
|upkeep
|turn|53
|
|t:|1596930504
|switch|p2a: Passimian|Passimian, F|100/100
|move|p1a: DRIPPING|Earthquake|p2a: Passimian
|-damage|p2a: Passimian|67/100
|
|-heal|p1a: DRIPPING|90/100|[from] item: Leftovers
|upkeep
|turn|54
|
|t:|1596930525
|move|p2a: Passimian|Knock Off|p1a: DRIPPING
|-crit|p1a: DRIPPING
|-damage|p1a: DRIPPING|56/100
|-enditem|p1a: DRIPPING|Leftovers|[from] move: Knock Off|[of] p2a: Passimian
|move|p1a: DRIPPING|Recover|p1a: DRIPPING
|-heal|p1a: DRIPPING|100/100
|
|upkeep
|turn|55
|
|t:|1596930531
|switch|p2a: Bronzong|Bronzong|90/100
|move|p1a: DRIPPING|Earthquake|p2a: Bronzong
|-immune|p2a: Bronzong|[from] ability: Levitate
|
|-heal|p2a: Bronzong|96/100|[from] item: Leftovers
|upkeep
|turn|56
|
|t:|1596930534
|switch|p2a: Passimian|Passimian, F|67/100
|switch|p1a: ICE CREAM|Steelix, M|34/100
|-damage|p1a: ICE CREAM|31/100|[from] Stealth Rock
|
|-heal|p1a: ICE CREAM|37/100|[from] item: Leftovers
|upkeep
|turn|57
|
|t:|1596930537
|switch|p1a: DRIPPING|Quagsire, F|100/100
|-damage|p1a: DRIPPING|94/100|[from] Stealth Rock
|move|p2a: Passimian|U-turn|p1a: DRIPPING
|-damage|p1a: DRIPPING|77/100
|
|t:|1596930539
|switch|p2a: Dragalge|Dragalge, M|33/100|[from]move: U-turn
|
|-heal|p2a: Dragalge|39/100|[from] item: Black Sludge
|upkeep
|turn|58
|
|t:|1596930542
|move|p2a: Dragalge|Draco Meteor|p1a: DRIPPING|[miss]
|-miss|p2a: Dragalge|p1a: DRIPPING
|move|p1a: DRIPPING|Recover|p1a: DRIPPING
|-heal|p1a: DRIPPING|100/100
|
|-heal|p2a: Dragalge|45/100|[from] item: Black Sludge
|upkeep
|turn|59
|
|t:|1596930562
|switch|p1a: ICE CREAM|Steelix, M|37/100
|-damage|p1a: ICE CREAM|34/100|[from] Stealth Rock
|move|p2a: Dragalge|Draco Meteor|p1a: ICE CREAM
|-resisted|p1a: ICE CREAM
|-crit|p1a: ICE CREAM
|-damage|p1a: ICE CREAM|0 fnt
|-unboost|p2a: Dragalge|spa|2
|faint|p1a: ICE CREAM
|
|-heal|p2a: Dragalge|51/100|[from] item: Black Sludge
|upkeep
|
|t:|1596930564
|switch|p1a: NU VI SKINER|Umbreon, F|26/100
|-damage|p1a: NU VI SKINER|14/100|[from] Stealth Rock
|turn|60
|
|t:|1596930568
|move|p1a: NU VI SKINER|Moonlight|p1a: NU VI SKINER
|-heal|p1a: NU VI SKINER|64/100
|move|p2a: Dragalge|Sludge Wave|p1a: NU VI SKINER
|-damage|p1a: NU VI SKINER|48/100
|
|-heal|p1a: NU VI SKINER|54/100|[from] item: Leftovers
|-heal|p2a: Dragalge|57/100|[from] item: Black Sludge
|upkeep
|turn|61
|
|t:|1596930573
|move|p1a: NU VI SKINER|Wish|p1a: NU VI SKINER
|move|p2a: Dragalge|Flip Turn|p1a: NU VI SKINER
|-damage|p1a: NU VI SKINER|46/100
|
|t:|1596930575
|switch|p2a: Passimian|Passimian, F|67/100|[from]move: Flip Turn
|
|-heal|p1a: NU VI SKINER|52/100|[from] item: Leftovers
|upkeep
|turn|62
|
|t:|1596930576
|move|p1a: NU VI SKINER|Protect|p1a: NU VI SKINER
|-singleturn|p1a: NU VI SKINER|Protect
|move|p2a: Passimian|U-turn|p1a: NU VI SKINER
|-activate|p1a: NU VI SKINER|move: Protect
|
|-heal|p1a: NU VI SKINER|100/100|[from] move: Wish|[wisher] NU VI SKINER
|upkeep
|turn|63
|
|t:|1596930580
|move|p2a: Passimian|U-turn|p1a: NU VI SKINER
|-supereffective|p1a: NU VI SKINER
|-damage|p1a: NU VI SKINER|64/100
|
|t:|1596930586
|switch|p2a: Claydol|Claydol|94/100 tox|[from]move: U-turn
|move|p1a: NU VI SKINER|Foul Play|p2a: Claydol
|-supereffective|p2a: Claydol
|-damage|p2a: Claydol|66/100 tox
|
|-heal|p2a: Claydol|72/100 tox|[from] item: Leftovers
|-heal|p1a: NU VI SKINER|71/100|[from] item: Leftovers
|-damage|p2a: Claydol|66/100 tox|[from] psn
|upkeep
|turn|64
|
|t:|1596930590
|move|p1a: NU VI SKINER|Protect|p1a: NU VI SKINER
|-singleturn|p1a: NU VI SKINER|Protect
|move|p2a: Claydol|Teleport|p2a: Claydol
|
|t:|1596930592
|switch|p2a: Dragalge|Dragalge, M|57/100|[from]move: Teleport
|
|-heal|p1a: NU VI SKINER|77/100|[from] item: Leftovers
|-heal|p2a: Dragalge|63/100|[from] item: Black Sludge
|upkeep
|turn|65
|
|t:|1596930595
|move|p1a: NU VI SKINER|Wish|p1a: NU VI SKINER
|move|p2a: Dragalge|Toxic Spikes|p1a: NU VI SKINER
|-sidestart|p1: rult1qm Mac3 ✝|move: Toxic Spikes
|
|-heal|p1a: NU VI SKINER|83/100|[from] item: Leftovers
|-heal|p2a: Dragalge|69/100|[from] item: Black Sludge
|upkeep
|turn|66
|
|t:|1596930598
|move|p1a: NU VI SKINER|Foul Play|p2a: Dragalge
|-damage|p2a: Dragalge|40/100
|move|p2a: Dragalge|Toxic Spikes|p1a: NU VI SKINER
|-sidestart|p1: rult1qm Mac3 ✝|move: Toxic Spikes
|
|-heal|p1a: NU VI SKINER|100/100|[from] move: Wish|[wisher] NU VI SKINER
|-heal|p2a: Dragalge|46/100|[from] item: Black Sludge
|upkeep
|turn|67
|
|t:|1596930600
|switch|p2a: Claydol|Claydol|66/100 tox
|move|p1a: NU VI SKINER|Foul Play|p2a: Claydol
|-supereffective|p2a: Claydol
|-damage|p2a: Claydol|38/100 tox
|
|-heal|p2a: Claydol|44/100 tox|[from] item: Leftovers
|-damage|p2a: Claydol|38/100 tox|[from] psn
|upkeep
|turn|68
|
|t:|1596930603
|move|p1a: NU VI SKINER|Foul Play|p2a: Claydol
|-supereffective|p2a: Claydol
|-damage|p2a: Claydol|13/100 tox
|move|p2a: Claydol|Teleport|p2a: Claydol
|
|t:|1596930604
|switch|p2a: Passimian|Passimian, F|67/100|[from]move: Teleport
|
|upkeep
|turn|69
|
|t:|1596930606
|move|p1a: NU VI SKINER|Protect|p1a: NU VI SKINER
|-singleturn|p1a: NU VI SKINER|Protect
|move|p2a: Passimian|Close Combat|p1a: NU VI SKINER
|-activate|p1a: NU VI SKINER|move: Protect
|
|upkeep
|turn|70
|
|t:|1596930611
|switch|p1a: DRIPPING|Quagsire, F|100/100
|-status|p1a: DRIPPING|tox
|-damage|p1a: DRIPPING|94/100 tox|[from] Stealth Rock
|move|p2a: Passimian|Close Combat|p1a: DRIPPING
|-damage|p1a: DRIPPING|50/100 tox
|-unboost|p2a: Passimian|def|1
|-unboost|p2a: Passimian|spd|1
|
|-damage|p1a: DRIPPING|44/100 tox|[from] psn
|upkeep
|turn|71
|c|☆assfucked|gg.
|
|t:|1596930615
|switch|p2a: Bronzong|Bronzong|96/100
|move|p1a: DRIPPING|Recover|p1a: DRIPPING
|-heal|p1a: DRIPPING|94/100 tox
|
|-heal|p2a: Bronzong|100/100|[from] item: Leftovers
|-damage|p1a: DRIPPING|82/100 tox|[from] psn
|upkeep
|turn|72
|
|t:|1596930621
|switch|p1a: NU VI SKINER|Umbreon, F|100/100
|-status|p1a: NU VI SKINER|tox
|-damage|p1a: NU VI SKINER|88/100 tox|[from] Stealth Rock
|move|p2a: Bronzong|Iron Head|p1a: NU VI SKINER
|-damage|p1a: NU VI SKINER|70/100 tox
|
|-heal|p1a: NU VI SKINER|76/100 tox|[from] item: Leftovers
|-damage|p1a: NU VI SKINER|70/100 tox|[from] psn
|upkeep
|turn|73
|
|t:|1596930624
|move|p1a: NU VI SKINER|Foul Play|p2a: Bronzong
|-supereffective|p2a: Bronzong
|-damage|p2a: Bronzong|54/100
|move|p2a: Bronzong|Iron Head|p1a: NU VI SKINER
|-damage|p1a: NU VI SKINER|50/100 tox
|
|-heal|p1a: NU VI SKINER|56/100 tox|[from] item: Leftovers
|-heal|p2a: Bronzong|61/100|[from] item: Leftovers
|-damage|p1a: NU VI SKINER|44/100 tox|[from] psn
|upkeep
|turn|74
|
|t:|1596930627
|move|p1a: NU VI SKINER|Foul Play|p2a: Bronzong
|-supereffective|p2a: Bronzong
|-damage|p2a: Bronzong|10/100
|move|p2a: Bronzong|Iron Head|p1a: NU VI SKINER
|-damage|p1a: NU VI SKINER|25/100 tox
|
|-heal|p1a: NU VI SKINER|31/100 tox|[from] item: Leftovers
|-heal|p2a: Bronzong|16/100|[from] item: Leftovers
|-damage|p1a: NU VI SKINER|13/100 tox|[from] psn
|upkeep
|turn|75
|
|t:|1596930630
|move|p1a: NU VI SKINER|Moonlight|p1a: NU VI SKINER
|-heal|p1a: NU VI SKINER|63/100 tox
|move|p2a: Bronzong|Iron Head|p1a: NU VI SKINER
|-damage|p1a: NU VI SKINER|45/100 tox
|
|-heal|p1a: NU VI SKINER|52/100 tox|[from] item: Leftovers
|-heal|p2a: Bronzong|23/100|[from] item: Leftovers
|-damage|p1a: NU VI SKINER|27/100 tox|[from] psn
|upkeep
|turn|76
|
|t:|1596930639
|switch|p2a: Passimian|Passimian, F|67/100
|move|p1a: NU VI SKINER|Foul Play|p2a: Passimian
|-resisted|p2a: Passimian
|-damage|p2a: Passimian|42/100
|
|-heal|p1a: NU VI SKINER|33/100 tox|[from] item: Leftovers
|-damage|p1a: NU VI SKINER|3/100 tox|[from] psn
|upkeep
|turn|77
|inactive|rult1qm Mac3 ✝ has 120 seconds left.
|
|t:|1596930692
|move|p2a: Passimian|U-turn|p1a: NU VI SKINER
|-supereffective|p1a: NU VI SKINER
|-damage|p1a: NU VI SKINER|0 fnt
|faint|p1a: NU VI SKINER
|c|☆rult1qm Mac3 ✝|gg
|c|☆rult1qm Mac3 ✝|ty for test
|
|t:|1596930699
|switch|p2a: Dragalge|Dragalge, M|46/100|[from]move: U-turn
|
|-heal|p2a: Dragalge|52/100|[from] item: Black Sludge
|upkeep
|-message|rult1qm Mac3 ✝ forfeited.
|
|win|assfucked
|l|☆rult1qm Mac3 ✝
|raw|rult1qm Mac3 ✝'s rating: 1578 &rarr; <strong>1556</strong><br />(-22 for losing)
|raw|assfucked's rating: 1538 &rarr; <strong>1560</strong><br />(+22 for winning)
