|j|☆RULT1qm PPDC
|j|☆RULT1qm Haxxsel
|t:|1596549010
|player|p1|RULT1qm PPDC|archie-gen3|1248
|player|p2|RULT1qm Haxxsel|furisodegirl-pink|1380
|teamsize|p1|6
|teamsize|p2|6
|gametype|singles
|gen|8
|tier|[Gen 8] RU
|rated|
|clearpoke
|poke|p1|Virizion|
|poke|p1|Slowbro-Galar, F|
|poke|p1|Steelix, M|
|poke|p1|Passimian, M|
|poke|p1|Mantine, M|
|poke|p1|Zoroark, M|
|poke|p2|Inteleon, F|
|poke|p2|Passimian, F|
|poke|p2|Rotom-Mow|
|poke|p2|Slowbro-Galar, M|
|poke|p2|Steelix, M|
|poke|p2|Mantine, F|
|rule|Sleep Clause Mod: Limit one foe put to sleep
|rule|Species Clause: Limit one of each Pokémon
|rule|OHKO Clause: OHKO moves are banned
|rule|Evasion Moves Clause: Evasion moves are banned
|rule|Endless Battle Clause: Forcing endless battles is banned
|rule|HP Percentage Mod: HP is shown in percentages
|rule|Dynamax Clause: You cannot dynamax
|teampreview
|j| Schizoguy
|
|t:|1596549051
|start
|switch|p1a: Slowbro|Slowbro-Galar, F|100/100
|switch|p2a: Mantine|Mantine, F|100/100
|turn|1
|inactive|Battle timer is ON: inactive players will automatically lose when time's up. (requested by RULT1qm PPDC)
|
|t:|1596549118
|switch|p1a: Mantine|Mantine, M|100/100
|switch|p2a: Rotom|Rotom-Mow|100/100
|
|upkeep
|turn|2
|
|t:|1596549134
|switch|p1a: Virizion|Virizion|100/100
|move|p2a: Rotom|Nasty Plot|p2a: Rotom
|-boost|p2a: Rotom|spa|2
|
|upkeep
|turn|3
|
|t:|1596549143
|move|p1a: Virizion|Close Combat|p2a: Rotom
|-damage|p2a: Rotom|23/100
|-unboost|p1a: Virizion|def|1
|-unboost|p1a: Virizion|spd|1
|-damage|p1a: Virizion|91/100|[from] item: Life Orb
|move|p2a: Rotom|Leaf Storm|p1a: Virizion
|-resisted|p1a: Virizion
|-damage|p1a: Virizion|22/100
|-unboost|p2a: Rotom|spa|2
|
|-heal|p2a: Rotom|29/100|[from] item: Leftovers
|upkeep
|turn|4
|
|t:|1596549151
|switch|p2a: Slowbro|Slowbro-Galar, M|100/100
|move|p1a: Virizion|Synthesis|p1a: Virizion
|-heal|p1a: Virizion|72/100
|
|upkeep
|turn|5
|
|t:|1596549168
|switch|p1a: Mantine|Mantine, M|100/100
|move|p2a: Slowbro|Calm Mind|p2a: Slowbro
|-boost|p2a: Slowbro|spa|1
|-boost|p2a: Slowbro|spd|1
|
|upkeep
|turn|6
|inactive|RULT1qm Haxxsel has 120 seconds left.
|
|t:|1596549213
|switch|p1a: Passimian|Passimian, M|100/100
|move|p2a: Slowbro|Calm Mind|p2a: Slowbro
|-boost|p2a: Slowbro|spa|1
|-boost|p2a: Slowbro|spd|1
|
|upkeep
|turn|7
|
|t:|1596549222
|move|p1a: Passimian|Earthquake|p2a: Slowbro
|-supereffective|p2a: Slowbro
|-damage|p2a: Slowbro|38/100
|move|p2a: Slowbro|Shell Side Arm|p1a: Passimian
|-damage|p1a: Passimian|4/100
|-hint|Special Shell Side Arm
|
|upkeep
|turn|8
|
|t:|1596549240
|switch|p1a: Slowbro|Slowbro-Galar, F|100/100
|switch|p2a: Rotom|Rotom-Mow|29/100
|
|-heal|p2a: Rotom|35/100|[from] item: Leftovers
|upkeep
|turn|9
|inactive|RULT1qm Haxxsel has 90 seconds left.
|
|t:|1596549276
|move|p2a: Rotom|Pain Split|p1a: Slowbro
|-sethp|p1a: Slowbro|61/100|[from] move: Pain Split|[silent]
|-sethp|p2a: Rotom|99/100|[from] move: Pain Split
|move|p1a: Slowbro|Shell Side Arm|p2a: Rotom
|-supereffective|p2a: Rotom
|-damage|p2a: Rotom|15/100
|-hint|Special Shell Side Arm
|-status|p2a: Rotom|psn
|
|-heal|p2a: Rotom|21/100 psn|[from] item: Leftovers
|-damage|p2a: Rotom|9/100 psn|[from] psn
|upkeep
|turn|10
|inactive|RULT1qm Haxxsel has 90 seconds left.
|
|t:|1596549286
|switch|p1a: Steelix|Steelix, M|100/100
|move|p2a: Rotom|Volt Switch|p1a: Steelix
|-immune|p1a: Steelix
|
|-heal|p2a: Rotom|15/100 psn|[from] item: Leftovers
|-damage|p2a: Rotom|3/100 psn|[from] psn
|upkeep
|turn|11
|inactive|RULT1qm Haxxsel has 90 seconds left.
|
|t:|1596549300
|switch|p1a: Passimian|Passimian, M|4/100
|move|p2a: Rotom|Pain Split|p1a: Passimian
|-sethp|p1a: Passimian|3/100|[from] move: Pain Split|[silent]
|-sethp|p2a: Rotom|4/100 psn|[from] move: Pain Split
|
|-heal|p2a: Rotom|10/100 psn|[from] item: Leftovers
|-damage|p2a: Rotom|0 fnt|[from] psn
|faint|p2a: Rotom
|upkeep
|
|t:|1596549315
|switch|p2a: Passimian|Passimian, F|100/100
|turn|12
|
|t:|1596549341
|switch|p1a: Slowbro|Slowbro-Galar, F|94/100
|move|p2a: Passimian|U-turn|p1a: Slowbro
|-damage|p1a: Slowbro|79/100
|
|t:|1596549348
|switch|p2a: Inteleon|Inteleon, F|100/100|[from]move: U-turn
|
|upkeep
|turn|13
|
|t:|1596549367
|switch|p1a: Mantine|Mantine, M|100/100
|move|p2a: Inteleon|Focus Energy|p2a: Inteleon
|-start|p2a: Inteleon|move: Focus Energy
|
|upkeep
|turn|14
|
|t:|1596549385
|move|p2a: Inteleon|Air Slash|p1a: Mantine
|-crit|p1a: Mantine
|-damage|p1a: Mantine|60/100
|cant|p1a: Mantine|flinch
|
|upkeep
|turn|15
|
|t:|1596549391
|move|p2a: Inteleon|Air Slash|p1a: Mantine
|-crit|p1a: Mantine
|-damage|p1a: Mantine|22/100
|cant|p1a: Mantine|flinch
|
|upkeep
|turn|16
|
|t:|1596549407
|switch|p1a: Passimian|Passimian, M|3/100
|move|p2a: Inteleon|Air Slash|p1a: Passimian
|-supereffective|p1a: Passimian
|-crit|p1a: Passimian
|-damage|p1a: Passimian|0 fnt
|faint|p1a: Passimian
|
|upkeep
|
|t:|1596549416
|switch|p1a: Steelix|Steelix, M|100/100
|turn|17
|inactive|RULT1qm Haxxsel has 90 seconds left.
|inactive|RULT1qm Haxxsel has 60 seconds left.
|
|t:|1596549483
|move|p1a: Steelix|Trick|p2a: Inteleon
|-activate|p1a: Steelix|move: Trick|[of] p2a: Inteleon
|-item|p2a: Inteleon|Choice Scarf|[from] move: Trick
|-item|p1a: Steelix|Scope Lens|[from] move: Trick
|move|p2a: Inteleon|Air Slash|p1a: Steelix
|-crit|p1a: Steelix
|-damage|p1a: Steelix|0 fnt
|replace|p1a: Zoroark|Zoroark, M
|-end|p1a: Zoroark|Illusion
|faint|p1a: Zoroark
|
|upkeep
|
|t:|1596549492
|switch|p1a: Steelix|Steelix, M|100/100
|turn|18
|
|t:|1596549498
|move|p2a: Inteleon|Air Slash|p1a: Steelix
|-resisted|p1a: Steelix
|-crit|p1a: Steelix
|-damage|p1a: Steelix|73/100
|move|p1a: Steelix|Body Press|p2a: Inteleon
|-damage|p2a: Inteleon|38/100
|
|-heal|p1a: Steelix|79/100|[from] item: Leftovers
|upkeep
|turn|19
|
|t:|1596549509
|move|p2a: Inteleon|Air Slash|p1a: Steelix
|-resisted|p1a: Steelix
|-crit|p1a: Steelix
|-damage|p1a: Steelix|54/100
|move|p1a: Steelix|Body Press|p2a: Inteleon
|-damage|p2a: Inteleon|0 fnt
|faint|p2a: Inteleon
|
|-heal|p1a: Steelix|60/100|[from] item: Leftovers
|upkeep
|
|t:|1596549512
|switch|p2a: Slowbro|Slowbro-Galar, M|71/100
|turn|20
|
|t:|1596549526
|switch|p1a: Slowbro|Slowbro-Galar, F|100/100
|move|p2a: Slowbro|Calm Mind|p2a: Slowbro
|-boost|p2a: Slowbro|spa|1
|-boost|p2a: Slowbro|spd|1
|
|upkeep
|turn|21
|inactive|RULT1qm Haxxsel has 30 seconds left.
|inactive|RULT1qm Haxxsel has 20 seconds left.
|inactive|RULT1qm Haxxsel has 15 seconds left.
|inactive|RULT1qm Haxxsel has 10 seconds left.
|
|t:|1596549577
|move|p2a: Slowbro|Calm Mind|p2a: Slowbro
|-boost|p2a: Slowbro|spa|1
|-boost|p2a: Slowbro|spd|1
|move|p1a: Slowbro|Calm Mind|p1a: Slowbro
|-boost|p1a: Slowbro|spa|1
|-boost|p1a: Slowbro|spd|1
|
|upkeep
|turn|22
|inactive|RULT1qm Haxxsel has 20 seconds left this turn.
|
|t:|1596549581
|move|p2a: Slowbro|Calm Mind|p2a: Slowbro
|-boost|p2a: Slowbro|spa|1
|-boost|p2a: Slowbro|spd|1
|move|p1a: Slowbro|Calm Mind|p1a: Slowbro
|-boost|p1a: Slowbro|spa|1
|-boost|p1a: Slowbro|spd|1
|
|upkeep
|turn|23
|inactive|RULT1qm Haxxsel has 30 seconds left this turn.
|
|t:|1596549584
|move|p2a: Slowbro|Calm Mind|p2a: Slowbro
|-boost|p2a: Slowbro|spa|1
|-boost|p2a: Slowbro|spd|1
|move|p1a: Slowbro|Calm Mind|p1a: Slowbro
|-boost|p1a: Slowbro|spa|1
|-boost|p1a: Slowbro|spd|1
|
|upkeep
|turn|24
|
|t:|1596549585
|move|p2a: Slowbro|Calm Mind|p2a: Slowbro
|-boost|p2a: Slowbro|spa|1
|-boost|p2a: Slowbro|spd|1
|move|p1a: Slowbro|Calm Mind|p1a: Slowbro
|-boost|p1a: Slowbro|spa|1
|-boost|p1a: Slowbro|spd|1
|
|upkeep
|turn|25
|
|t:|1596549587
|move|p2a: Slowbro|Calm Mind|p2a: Slowbro
|-boost|p2a: Slowbro|spa|1
|-boost|p2a: Slowbro|spd|1
|move|p1a: Slowbro|Calm Mind|p1a: Slowbro
|-boost|p1a: Slowbro|spa|1
|-boost|p1a: Slowbro|spd|1
|
|upkeep
|turn|26
|
|t:|1596549590
|move|p2a: Slowbro|Scald|p1a: Slowbro
|-damage|p1a: Slowbro|75/100
|-status|p1a: Slowbro|brn
|move|p1a: Slowbro|Calm Mind|p1a: Slowbro
|-boost|p1a: Slowbro|spa|1
|-boost|p1a: Slowbro|spd|1
|
|-damage|p1a: Slowbro|69/100 brn|[from] brn
|upkeep
|turn|27
|
|t:|1596549595
|move|p2a: Slowbro|Scald|p1a: Slowbro
|-damage|p1a: Slowbro|46/100 brn
|move|p1a: Slowbro|Scald|p2a: Slowbro
|-damage|p2a: Slowbro|48/100
|
|-damage|p1a: Slowbro|40/100 brn|[from] brn
|upkeep
|turn|28
|
|t:|1596549599
|move|p2a: Slowbro|Scald|p1a: Slowbro
|-damage|p1a: Slowbro|20/100 brn
|move|p1a: Slowbro|Slack Off|p1a: Slowbro
|-heal|p1a: Slowbro|70/100 brn
|
|-damage|p1a: Slowbro|63/100 brn|[from] brn
|upkeep
|turn|29
|
|t:|1596549602
|move|p2a: Slowbro|Slack Off|p2a: Slowbro
|-heal|p2a: Slowbro|98/100
|move|p1a: Slowbro|Slack Off|p1a: Slowbro
|-heal|p1a: Slowbro|100/100 brn
|
|-damage|p1a: Slowbro|94/100 brn|[from] brn
|upkeep
|turn|30
|
|t:|1596549606
|move|p2a: Slowbro|Scald|p1a: Slowbro
|-damage|p1a: Slowbro|72/100 brn
|move|p1a: Slowbro|Scald|p2a: Slowbro
|-damage|p2a: Slowbro|79/100
|
|-damage|p1a: Slowbro|66/100 brn|[from] brn
|upkeep
|turn|31
|
|t:|1596549636
|move|p2a: Slowbro|Scald|p1a: Slowbro
|-damage|p1a: Slowbro|43/100 brn
|move|p1a: Slowbro|Scald|p2a: Slowbro
|-damage|p2a: Slowbro|56/100
|-status|p2a: Slowbro|brn
|
|-damage|p2a: Slowbro|50/100 brn|[from] brn
|-damage|p1a: Slowbro|37/100 brn|[from] brn
|upkeep
|turn|32
|
|t:|1596549649
|move|p2a: Slowbro|Scald|p1a: Slowbro
|-damage|p1a: Slowbro|15/100 brn
|move|p1a: Slowbro|Slack Off|p1a: Slowbro
|-heal|p1a: Slowbro|65/100 brn
|
|-damage|p2a: Slowbro|44/100 brn|[from] brn
|-damage|p1a: Slowbro|59/100 brn|[from] brn
|upkeep
|turn|33
|
|t:|1596549663
|move|p2a: Slowbro|Slack Off|p2a: Slowbro
|-heal|p2a: Slowbro|94/100 brn
|move|p1a: Slowbro|Scald|p2a: Slowbro
|-damage|p2a: Slowbro|71/100 brn
|
|-damage|p2a: Slowbro|65/100 brn|[from] brn
|-damage|p1a: Slowbro|53/100 brn|[from] brn
|upkeep
|turn|34
|
|t:|1596549667
|move|p2a: Slowbro|Scald|p1a: Slowbro
|-damage|p1a: Slowbro|30/100 brn
|move|p1a: Slowbro|Slack Off|p1a: Slowbro
|-heal|p1a: Slowbro|80/100 brn
|
|-damage|p2a: Slowbro|59/100 brn|[from] brn
|-damage|p1a: Slowbro|74/100 brn|[from] brn
|upkeep
|turn|35
|
|t:|1596549671
|move|p2a: Slowbro|Scald|p1a: Slowbro
|-damage|p1a: Slowbro|52/100 brn
|move|p1a: Slowbro|Scald|p2a: Slowbro
|-damage|p2a: Slowbro|39/100 brn
|
|-damage|p2a: Slowbro|33/100 brn|[from] brn
|-damage|p1a: Slowbro|46/100 brn|[from] brn
|upkeep
|turn|36
|j| tester kk
|
|t:|1596549675
|move|p2a: Slowbro|Slack Off|p2a: Slowbro
|-heal|p2a: Slowbro|83/100 brn
|move|p1a: Slowbro|Scald|p2a: Slowbro
|-damage|p2a: Slowbro|61/100 brn
|
|-damage|p2a: Slowbro|55/100 brn|[from] brn
|-damage|p1a: Slowbro|40/100 brn|[from] brn
|upkeep
|turn|37
|
|t:|1596549678
|move|p2a: Slowbro|Scald|p1a: Slowbro
|-damage|p1a: Slowbro|18/100 brn
|move|p1a: Slowbro|Slack Off|p1a: Slowbro
|-heal|p1a: Slowbro|68/100 brn
|
|-damage|p2a: Slowbro|49/100 brn|[from] brn
|-damage|p1a: Slowbro|62/100 brn|[from] brn
|upkeep
|turn|38
|
|t:|1596549682
|move|p2a: Slowbro|Slack Off|p2a: Slowbro
|-heal|p2a: Slowbro|99/100 brn
|move|p1a: Slowbro|Scald|p2a: Slowbro
|-damage|p2a: Slowbro|78/100 brn
|
|-damage|p2a: Slowbro|72/100 brn|[from] brn
|-damage|p1a: Slowbro|56/100 brn|[from] brn
|upkeep
|turn|39
|
|t:|1596549705
|move|p2a: Slowbro|Scald|p1a: Slowbro
|-damage|p1a: Slowbro|34/100 brn
|move|p1a: Slowbro|Slack Off|p1a: Slowbro
|-heal|p1a: Slowbro|84/100 brn
|
|-damage|p2a: Slowbro|66/100 brn|[from] brn
|-damage|p1a: Slowbro|78/100 brn|[from] brn
|upkeep
|turn|40
|
|t:|1596549710
|move|p2a: Slowbro|Scald|p1a: Slowbro
|-damage|p1a: Slowbro|57/100 brn
|move|p1a: Slowbro|Scald|p2a: Slowbro
|-damage|p2a: Slowbro|46/100 brn
|
|-damage|p2a: Slowbro|40/100 brn|[from] brn
|-damage|p1a: Slowbro|51/100 brn|[from] brn
|upkeep
|turn|41
|
|t:|1596549717
|move|p2a: Slowbro|Scald|p1a: Slowbro
|-damage|p1a: Slowbro|29/100 brn
|move|p1a: Slowbro|Shell Side Arm|p2a: Slowbro
|-resisted|p2a: Slowbro
|-damage|p2a: Slowbro|22/100 brn
|-hint|Special Shell Side Arm
|
|-damage|p2a: Slowbro|16/100 brn|[from] brn
|-damage|p1a: Slowbro|23/100 brn|[from] brn
|upkeep
|turn|42
|
|t:|1596549732
|move|p2a: Slowbro|Slack Off|p2a: Slowbro
|-heal|p2a: Slowbro|66/100 brn
|move|p1a: Slowbro|Slack Off|p1a: Slowbro
|-heal|p1a: Slowbro|73/100 brn
|
|-damage|p2a: Slowbro|60/100 brn|[from] brn
|-damage|p1a: Slowbro|66/100 brn|[from] brn
|upkeep
|turn|43
|
|t:|1596549744
|move|p2a: Slowbro|Scald|p1a: Slowbro
|-damage|p1a: Slowbro|45/100 brn
|move|p1a: Slowbro|Shell Side Arm|p2a: Slowbro
|-resisted|p2a: Slowbro
|-damage|p2a: Slowbro|42/100 brn
|-hint|Special Shell Side Arm
|
|-damage|p2a: Slowbro|36/100 brn|[from] brn
|-damage|p1a: Slowbro|39/100 brn|[from] brn
|upkeep
|turn|44
|
|t:|1596549750
|move|p2a: Slowbro|Slack Off|p2a: Slowbro
|-heal|p2a: Slowbro|86/100 brn
|move|p1a: Slowbro|Slack Off|p1a: Slowbro
|-heal|p1a: Slowbro|89/100 brn
|
|-damage|p2a: Slowbro|80/100 brn|[from] brn
|-damage|p1a: Slowbro|82/100 brn|[from] brn
|upkeep
|turn|45
|
|t:|1596549754
|move|p2a: Slowbro|Scald|p1a: Slowbro
|-damage|p1a: Slowbro|63/100 brn
|move|p1a: Slowbro|Scald|p2a: Slowbro
|-damage|p2a: Slowbro|58/100 brn
|
|-damage|p2a: Slowbro|52/100 brn|[from] brn
|-damage|p1a: Slowbro|57/100 brn|[from] brn
|upkeep
|turn|46
|
|t:|1596549767
|move|p2a: Slowbro|Scald|p1a: Slowbro
|-damage|p1a: Slowbro|33/100 brn
|move|p1a: Slowbro|Scald|p2a: Slowbro
|-damage|p2a: Slowbro|30/100 brn
|
|-damage|p2a: Slowbro|24/100 brn|[from] brn
|-damage|p1a: Slowbro|27/100 brn|[from] brn
|upkeep
|turn|47
|
|t:|1596549778
|move|p2a: Slowbro|Slack Off|p2a: Slowbro
|-heal|p2a: Slowbro|74/100 brn
|move|p1a: Slowbro|Slack Off|p1a: Slowbro
|-heal|p1a: Slowbro|77/100 brn
|
|-damage|p2a: Slowbro|68/100 brn|[from] brn
|-damage|p1a: Slowbro|71/100 brn|[from] brn
|upkeep
|turn|48
|
|t:|1596549785
|move|p2a: Slowbro|Scald|p1a: Slowbro
|-damage|p1a: Slowbro|49/100 brn
|move|p1a: Slowbro|Scald|p2a: Slowbro
|-damage|p2a: Slowbro|45/100 brn
|
|-damage|p2a: Slowbro|39/100 brn|[from] brn
|-damage|p1a: Slowbro|43/100 brn|[from] brn
|upkeep
|turn|49
|
|t:|1596549790
|move|p2a: Slowbro|Scald|p1a: Slowbro
|-damage|p1a: Slowbro|20/100 brn
|move|p1a: Slowbro|Slack Off|p1a: Slowbro
|-heal|p1a: Slowbro|70/100 brn
|
|-damage|p2a: Slowbro|33/100 brn|[from] brn
|-damage|p1a: Slowbro|64/100 brn|[from] brn
|upkeep
|turn|50
|
|t:|1596549794
|move|p2a: Slowbro|Slack Off|p2a: Slowbro
|-heal|p2a: Slowbro|83/100 brn
|move|p1a: Slowbro|Scald|p2a: Slowbro
|-crit|p2a: Slowbro
|-damage|p2a: Slowbro|0 fnt
|faint|p2a: Slowbro
|
|-damage|p1a: Slowbro|58/100 brn|[from] brn
|upkeep
|
|t:|1596549802
|switch|p2a: Steelix|Steelix, M|100/100
|turn|51
|
|t:|1596549813
|move|p1a: Slowbro|Slack Off|p1a: Slowbro
|-heal|p1a: Slowbro|100/100 brn
|move|p2a: Steelix|Earthquake|p1a: Slowbro
|-supereffective|p1a: Slowbro
|-damage|p1a: Slowbro|64/100 brn
|
|-damage|p1a: Slowbro|58/100 brn|[from] brn
|upkeep
|turn|52
|
|t:|1596549818
|move|p1a: Slowbro|Scald|p2a: Steelix
|-supereffective|p2a: Steelix
|-ability|p2a: Steelix|Sturdy
|-damage|p2a: Steelix|1/100
|move|p2a: Steelix|Earthquake|p1a: Slowbro
|-supereffective|p1a: Slowbro
|-damage|p1a: Slowbro|16/100 brn
|
|-heal|p2a: Steelix|7/100|[from] item: Leftovers
|-damage|p1a: Slowbro|10/100 brn|[from] brn
|upkeep
|turn|53
|
|t:|1596549828
|switch|p1a: Virizion|Virizion|72/100
|move|p2a: Steelix|Earthquake|p1a: Virizion
|-resisted|p1a: Virizion
|-damage|p1a: Virizion|51/100
|
|-heal|p2a: Steelix|13/100|[from] item: Leftovers
|upkeep
|turn|54
|
|t:|1596549845
|move|p1a: Virizion|Leaf Blade|p2a: Steelix
|-damage|p2a: Steelix|0 fnt
|-damage|p1a: Virizion|41/100|[from] item: Life Orb
|faint|p2a: Steelix
|
|upkeep
|j| whaaatlol
|inactive|RULT1qm Haxxsel has 120 seconds left.
|
|t:|1596549869
|switch|p2a: Mantine|Mantine, F|100/100
|turn|55
|
|t:|1596549874
|switch|p2a: Passimian|Passimian, F|100/100
|move|p1a: Virizion|Stone Edge|p2a: Passimian
|-resisted|p2a: Passimian
|-damage|p2a: Passimian|80/100
|-damage|p1a: Virizion|31/100|[from] item: Life Orb
|
|upkeep
|turn|56
|
|t:|1596549889
|switch|p1a: Steelix|Steelix, M|60/100
|move|p2a: Passimian|U-turn|p1a: Steelix
|-resisted|p1a: Steelix
|-damage|p1a: Steelix|54/100
|
|t:|1596549892
|switch|p2a: Mantine|Mantine, F|100/100|[from]move: U-turn
|
|-heal|p1a: Steelix|61/100|[from] item: Leftovers
|upkeep
|turn|57
|
|t:|1596549899
|move|p2a: Mantine|Scald|p1a: Steelix
|-supereffective|p1a: Steelix
|-damage|p1a: Steelix|19/100
|move|p1a: Steelix|Toxic|p2a: Mantine
|-status|p2a: Mantine|tox
|
|-heal|p1a: Steelix|26/100|[from] item: Leftovers
|-damage|p2a: Mantine|94/100 tox|[from] psn
|upkeep
|turn|58
|
|t:|1596549919
|switch|p2a: Passimian|Passimian, F|80/100
|switch|p1a: Mantine|Mantine, M|22/100
|
|upkeep
|turn|59
|
|t:|1596549933
|switch|p1a: Steelix|Steelix, M|26/100
|move|p2a: Passimian|Knock Off|p1a: Steelix
|-damage|p1a: Steelix|10/100
|-enditem|p1a: Steelix|Leftovers|[from] move: Knock Off|[of] p2a: Passimian
|
|upkeep
|turn|60
|
|t:|1596549946
|move|p2a: Passimian|Knock Off|p1a: Steelix
|-damage|p1a: Steelix|0 fnt
|faint|p1a: Steelix
|
|upkeep
|
|t:|1596549967
|switch|p1a: Virizion|Virizion|31/100
|turn|61
|
|t:|1596549984
|switch|p2a: Mantine|Mantine, F|94/100 tox
|move|p1a: Virizion|Synthesis|p1a: Virizion
|-heal|p1a: Virizion|81/100
|
|-damage|p2a: Mantine|88/100 tox|[from] psn
|upkeep
|turn|62
|
|t:|1596550002
|move|p1a: Virizion|Synthesis|p1a: Virizion
|-heal|p1a: Virizion|100/100
|move|p2a: Mantine|Air Slash|p1a: Virizion
|-supereffective|p1a: Virizion
|-damage|p1a: Virizion|25/100
|
|-damage|p2a: Mantine|76/100 tox|[from] psn
|upkeep
|turn|63
|inactive|RULT1qm PPDC has 120 seconds left.
|inactive|RULT1qm Haxxsel has 120 seconds left.
|
|t:|1596550033
|move|p1a: Virizion|Synthesis|p1a: Virizion
|-heal|p1a: Virizion|75/100
|move|p2a: Mantine|Air Slash|p1a: Virizion
|-supereffective|p1a: Virizion
|-damage|p1a: Virizion|0 fnt
|faint|p1a: Virizion
|
|-damage|p2a: Mantine|57/100 tox|[from] psn
|upkeep
|
|t:|1596550038
|switch|p1a: Mantine|Mantine, M|22/100
|turn|64
|inactive|RULT1qm Haxxsel has 120 seconds left.
|
|t:|1596550066
|switch|p2a: Passimian|Passimian, F|80/100
|move|p1a: Mantine|Roost|p1a: Mantine
|-heal|p1a: Mantine|72/100
|-singleturn|p1a: Mantine|move: Roost
|
|upkeep
|turn|65
|
|t:|1596550075
|move|p2a: Passimian|Rock Slide|p1a: Mantine
|-supereffective|p1a: Mantine
|-damage|p1a: Mantine|20/100
|cant|p1a: Mantine|flinch
|
|upkeep
|turn|66
|
|t:|1596550082
|move|p2a: Passimian|Rock Slide|p1a: Mantine
|-supereffective|p1a: Mantine
|-damage|p1a: Mantine|0 fnt
|faint|p1a: Mantine
|
|upkeep
|
|t:|1596550085
|switch|p1a: Slowbro|Slowbro-Galar, F|43/100 brn
|turn|67
|inactive|RULT1qm Haxxsel has 120 seconds left.
|inactive|RULT1qm Haxxsel has 90 seconds left.
|
|t:|1596550127
|move|p2a: Passimian|Rock Slide|p1a: Slowbro
|-damage|p1a: Slowbro|27/100 brn
|move|p1a: Slowbro|Slack Off|p1a: Slowbro
|-heal|p1a: Slowbro|77/100 brn
|
|-damage|p1a: Slowbro|71/100 brn|[from] brn
|upkeep
|turn|68
|inactive|RULT1qm Haxxsel has 90 seconds left.
|
|t:|1596550139
|switch|p2a: Mantine|Mantine, F|57/100 tox
|move|p1a: Slowbro|Calm Mind|p1a: Slowbro
|-boost|p1a: Slowbro|spa|1
|-boost|p1a: Slowbro|spd|1
|
|-damage|p2a: Mantine|51/100 tox|[from] psn
|-damage|p1a: Slowbro|64/100 brn|[from] brn
|upkeep
|turn|69
|inactive|RULT1qm Haxxsel has 90 seconds left.
|
|t:|1596550150
|move|p2a: Mantine|Air Slash|p1a: Slowbro
|-damage|p1a: Slowbro|47/100 brn
|move|p1a: Slowbro|Slack Off|p1a: Slowbro
|-heal|p1a: Slowbro|97/100 brn
|
|-damage|p2a: Mantine|39/100 tox|[from] psn
|-damage|p1a: Slowbro|91/100 brn|[from] brn
|upkeep
|turn|70
|
|t:|1596550169
|move|p2a: Mantine|Air Slash|p1a: Slowbro
|-damage|p1a: Slowbro|75/100 brn
|move|p1a: Slowbro|Shell Side Arm|p2a: Mantine
|-damage|p2a: Mantine|5/100 tox
|-hint|Special Shell Side Arm
|
|-damage|p2a: Mantine|0 fnt|[from] psn
|faint|p2a: Mantine
|-damage|p1a: Slowbro|69/100 brn|[from] brn
|upkeep
|
|t:|1596550174
|switch|p2a: Passimian|Passimian, F|80/100
|turn|71
|
|t:|1596550179
|move|p2a: Passimian|Knock Off|p1a: Slowbro
|-supereffective|p1a: Slowbro
|-enditem|p1a: Slowbro|Colbur Berry|[eat]
|-enditem|p1a: Slowbro|Colbur Berry|[weaken]
|-damage|p1a: Slowbro|50/100 brn
|move|p1a: Slowbro|Slack Off|p1a: Slowbro
|-heal|p1a: Slowbro|99/100 brn
|
|-damage|p1a: Slowbro|94/100 brn|[from] brn
|upkeep
|turn|72
|
|t:|1596550184
|move|p2a: Passimian|Knock Off|p1a: Slowbro
|-supereffective|p1a: Slowbro
|-crit|p1a: Slowbro
|-damage|p1a: Slowbro|51/100 brn
|move|p1a: Slowbro|Shell Side Arm|p2a: Passimian
|-damage|p2a: Passimian|5/100
|-hint|Special Shell Side Arm
|-status|p2a: Passimian|psn
|
|-damage|p2a: Passimian|0 fnt|[from] psn
|faint|p2a: Passimian
|
|win|RULT1qm PPDC
|upkeep
|l|☆RULT1qm Haxxsel
|l|☆RULT1qm PPDC
|l| Schizoguy
|raw|RULT1qm PPDC's rating: 1284 &rarr; <strong>1316</strong><br />(+32 for winning)
|raw|RULT1qm Haxxsel's rating: 1380 &rarr; <strong>1354</strong><br />(-26 for losing)
|j| Schizoguy
|l| Schizoguy
