|j|☆Delphox News
|j|☆Gatorboy
|player|p1|Delphox News|lucy-gen3|1560
|player|p2|Gatorboy|darach|1339
|teamsize|p1|6
|teamsize|p2|6
|gametype|singles
|gen|8
|tier|[Gen 8] RU
|rated|
|clearpoke
|poke|p1|Hattrem, F|
|poke|p1|Bewear, M|
|poke|p1|Runerigus, F|
|poke|p1|Vaporeon, M|
|poke|p1|Charizard, M|
|poke|p1|Rillaboom, M|
|poke|p2|Rillaboom, F|
|poke|p2|Raboot, F|
|poke|p2|Vaporeon, F|
|poke|p2|Steelix, M|
|poke|p2|Charizard, M|
|poke|p2|Virizion|
|rule|Sleep Clause Mod: Limit one foe put to sleep
|rule|Species Clause: Limit one of each Pokémon
|rule|OHKO Clause: OHKO moves are banned
|rule|Evasion Moves Clause: Evasion moves are banned
|rule|Endless Battle Clause: Forcing endless battles is banned
|rule|HP Percentage Mod: HP is shown in percentages
|rule|Dynamax Clause: You cannot dynamax
|teampreview
|j| Oathkeepre
|inactive|Battle timer is ON: inactive players will automatically lose when time's up. (requested by Gatorboy)
|
|start
|switch|p1a: Runerigus|Runerigus, F|100/100
|switch|p2a: Rillaboom|Rillaboom, F|100/100
|-fieldstart|move: Grassy Terrain|[from] ability: Grassy Surge|[of] p2a: Rillaboom
|turn|1
|
|move|p2a: Rillaboom|U-turn|p1a: Runerigus
|-resisted|p1a: Runerigus
|-damage|p1a: Runerigus|92/100
|-activate|p1a: Runerigus|ability: Wandering Spirit|Grassy Surge|Wandering Spirit|[of] p2a: Rillaboom
|
|switch|p2a: Virizion|Virizion|100/100|[from]move: U-turn
|move|p1a: Runerigus|Stealth Rock|p2a: Virizion
|-sidestart|p2: Gatorboy|move: Stealth Rock
|
|-heal|p1a: Runerigus|99/100|[from] item: Leftovers
|-heal|p1a: Runerigus|100/100|[from] Grassy Terrain
|upkeep
|turn|2
|
|switch|p2a: Vaporeon|Vaporeon, F|100/100
|-damage|p2a: Vaporeon|88/100|[from] Stealth Rock
|switch|p1a: Charizard|Charizard, M|100/100
|
|-heal|p2a: Vaporeon|94/100|[from] item: Leftovers
|-heal|p2a: Vaporeon|100/100|[from] Grassy Terrain
|upkeep
|turn|3
|
|switch|p1a: Vaporeon|Vaporeon, M|100/100
|move|p2a: Vaporeon|Copycat|p2a: Vaporeon
|move|p2a: Vaporeon|Stealth Rock|p1a: Vaporeon|[from]Copycat
|-sidestart|p1: Delphox News|move: Stealth Rock
|
|upkeep
|turn|4
|c| Oathkeepre|lol
|c|☆Gatorboy|ez rocks
|
|move|p1a: Vaporeon|Wish|p1a: Vaporeon
|move|p2a: Vaporeon|Toxic|p1a: Vaporeon|[miss]
|-miss|p2a: Vaporeon|p1a: Vaporeon
|
|upkeep
|turn|5
|c|☆Delphox News|can I have a
|c|☆Delphox News|fairly normal game
|inactive|Delphox News has 120 seconds left.
|
|switch|p1a: Hattrem|Hattrem, F|100/100
|-damage|p1a: Hattrem|88/100|[from] Stealth Rock
|move|p2a: Vaporeon|Hydro Pump|p1a: Hattrem
|-damage|p1a: Hattrem|34/100
|
|-heal|p1a: Hattrem|100/100|[from] move: Wish|[wisher] Vaporeon
|-fieldend|move: Grassy Terrain
|upkeep
|turn|6
|
|move|p1a: Hattrem|Calm Mind|p1a: Hattrem
|-boost|p1a: Hattrem|spa|1
|-boost|p1a: Hattrem|spd|1
|move|p2a: Vaporeon|Copycat|p2a: Vaporeon
|move|p2a: Vaporeon|Calm Mind|p2a: Vaporeon|[from]Copycat
|-boost|p2a: Vaporeon|spa|1
|-boost|p2a: Vaporeon|spd|1
|
|upkeep
|turn|7
|inactive|Delphox News has 120 seconds left.
|
|move|p1a: Hattrem|Mystical Fire|p2a: Vaporeon
|-resisted|p2a: Vaporeon
|-damage|p2a: Vaporeon|95/100
|-unboost|p2a: Vaporeon|spa|1
|move|p2a: Vaporeon|Copycat|p2a: Vaporeon
|move|p2a: Vaporeon|Mystical Fire|p1a: Hattrem|[from]Copycat
|-damage|p1a: Hattrem|86/100
|-unboost|p1a: Hattrem|spa|1
|
|-heal|p2a: Vaporeon|100/100|[from] item: Leftovers
|upkeep
|turn|8
|inactive|Gatorboy has 120 seconds left.
|
|switch|p2a: Rillaboom|Rillaboom, F|100/100
|-damage|p2a: Rillaboom|88/100|[from] Stealth Rock
|-fieldstart|move: Grassy Terrain|[from] ability: Grassy Surge|[of] p2a: Rillaboom
|move|p1a: Hattrem|Calm Mind|p1a: Hattrem
|-boost|p1a: Hattrem|spa|1
|-boost|p1a: Hattrem|spd|1
|
|-heal|p2a: Rillaboom|94/100|[from] Grassy Terrain
|-heal|p1a: Hattrem|92/100|[from] Grassy Terrain
|upkeep
|turn|9
|
|move|p2a: Rillaboom|Knock Off|p1a: Hattrem
|-supereffective|p1a: Hattrem
|-damage|p1a: Hattrem|35/100
|-enditem|p1a: Hattrem|Eviolite|[from] move: Knock Off|[of] p2a: Rillaboom
|move|p1a: Hattrem|Giga Drain|p2a: Rillaboom
|-resisted|p2a: Rillaboom
|-damage|p2a: Rillaboom|74/100
|-heal|p1a: Hattrem|46/100|[from] drain|[of] p2a: Rillaboom
|
|-heal|p2a: Rillaboom|80/100|[from] Grassy Terrain
|-heal|p1a: Hattrem|52/100|[from] Grassy Terrain
|upkeep
|turn|10
|inactive|Gatorboy has 120 seconds left.
|
|switch|p2a: Steelix|Steelix, M|100/100
|-damage|p2a: Steelix|98/100|[from] Stealth Rock
|move|p1a: Hattrem|Mystical Fire|p2a: Steelix
|-supereffective|p2a: Steelix
|-damage|p2a: Steelix|54/100
|-unboost|p2a: Steelix|spa|1
|
|-heal|p1a: Hattrem|58/100|[from] Grassy Terrain
|-heal|p2a: Steelix|60/100|[from] item: Leftovers
|-heal|p2a: Steelix|66/100|[from] Grassy Terrain
|upkeep
|turn|11
|
|move|p1a: Hattrem|Giga Drain|p2a: Steelix
|-damage|p2a: Steelix|39/100
|-heal|p1a: Hattrem|73/100|[from] drain|[of] p2a: Steelix
|move|p2a: Steelix|Roar|p1a: Hattrem
|move|p1a: Hattrem|Roar|p2a: Steelix|[from]Magic Bounce
|drag|p2a: Charizard|Charizard, M|100/100
|
|-heal|p1a: Hattrem|78/100|[from] Grassy Terrain
|upkeep
|turn|12
|c|☆Gatorboy|this is not who i wanted
|inactive|Gatorboy has 90 seconds left.
|c| Oathkeepre|welp
|
|move|p2a: Charizard|Defog|p1a: Hattrem
|move|p1a: Hattrem|Defog|p2a: Charizard|[from]Magic Bounce
|-unboost|p2a: Charizard|evasion|1
|-sideend|p2: Gatorboy|Stealth Rock|[from] move: Defog|[of] p1a: Hattrem
|-sideend|p1: Delphox News|Stealth Rock|[from] move: Defog|[of] p1a: Hattrem
|-fieldend|move: Grassy Terrain
|move|p1a: Hattrem|Life Dew|p1a: Hattrem
|-heal|p1a: Hattrem|100/100
|
|upkeep
|turn|13
|inactive|Gatorboy has 90 seconds left.
|
|switch|p2a: Rillaboom|Rillaboom, F|80/100
|-fieldstart|move: Grassy Terrain|[from] ability: Grassy Surge|[of] p2a: Rillaboom
|move|p1a: Hattrem|Mystical Fire|p2a: Rillaboom
|-supereffective|p2a: Rillaboom
|-damage|p2a: Rillaboom|22/100
|-unboost|p2a: Rillaboom|spa|1
|
|-heal|p2a: Rillaboom|28/100|[from] Grassy Terrain
|upkeep
|turn|14
|
|move|p2a: Rillaboom|Wood Hammer|p1a: Hattrem
|-damage|p1a: Hattrem|3/100
|-damage|p2a: Rillaboom|0 fnt|[from] Recoil
|faint|p2a: Rillaboom
|move|p1a: Hattrem|Life Dew|p1a: Hattrem
|-heal|p1a: Hattrem|28/100
|
|-heal|p1a: Hattrem|34/100|[from] Grassy Terrain
|upkeep
|
|switch|p2a: Rabuto|Raboot, F|100/100
|turn|15
|
|switch|p1a: Runerigus|Runerigus, F|100/100
|move|p2a: Rabuto|U-turn|p1a: Runerigus
|-start|p2a: Rabuto|typechange|Bug|[from] ability: Libero
|-resisted|p1a: Runerigus
|-damage|p1a: Runerigus|89/100
|-activate|p1a: Runerigus|ability: Wandering Spirit|Libero|Wandering Spirit|[of] p2a: Rabuto
|-damage|p2a: Rabuto|91/100|[from] item: Life Orb
|
|switch|p2a: Virizion|Virizion|100/100|[from]move: U-turn
|
|-heal|p1a: Runerigus|95/100|[from] item: Leftovers
|-heal|p1a: Runerigus|100/100|[from] Grassy Terrain
|upkeep
|turn|16
|inactive|Gatorboy has 120 seconds left.
|
|switch|p2a: Vaporeon|Vaporeon, F|100/100
|move|p1a: Runerigus|Stealth Rock|p2a: Vaporeon
|-start|p1a: Runerigus|typechange|Rock|[from] ability: Libero
|-sidestart|p2: Gatorboy|move: Stealth Rock
|
|upkeep
|turn|17
|
|switch|p1a: Hattrem|Hattrem, F|34/100
|move|p2a: Vaporeon|Hydro Pump|p1a: Hattrem
|-damage|p1a: Hattrem|0 fnt
|faint|p1a: Hattrem
|
|-fieldend|move: Grassy Terrain
|upkeep
|
|switch|p1a: Rillaboom|Rillaboom, M|100/100
|-fieldstart|move: Grassy Terrain|[from] ability: Grassy Surge|[of] p1a: Rillaboom
|turn|18
|inactive|Gatorboy has 120 seconds left.
|
|switch|p2a: Charizard|Charizard, M|100/100
|move|p1a: Rillaboom|Wood Hammer|p2a: Charizard
|-resisted|p2a: Charizard
|-crit|p2a: Charizard
|-damage|p2a: Charizard|65/100
|-damage|p1a: Rillaboom|89/100|[from] Recoil
|
|-heal|p1a: Rillaboom|95/100|[from] Grassy Terrain
|upkeep
|turn|19
|
|switch|p1a: Vaporeon|Vaporeon, M|100/100
|move|p2a: Charizard|Toxic|p1a: Vaporeon
|-status|p1a: Vaporeon|tox
|
|-damage|p1a: Vaporeon|94/100 tox|[from] psn
|upkeep
|turn|20
|
|switch|p2a: Vaporeon|Vaporeon, F|100/100
|-damage|p2a: Vaporeon|88/100|[from] Stealth Rock
|move|p1a: Vaporeon|Heal Bell|p1a: Vaporeon
|-activate|p1a: Vaporeon|move: Heal Bell
|-curestatus|p1a: Vaporeon|tox|[msg]
|
|-heal|p1a: Vaporeon|100/100|[from] item: Leftovers
|-heal|p2a: Vaporeon|94/100|[from] item: Leftovers
|-heal|p2a: Vaporeon|100/100|[from] Grassy Terrain
|upkeep
|turn|21
|
|switch|p1a: Rillaboom|Rillaboom, M|95/100
|move|p2a: Vaporeon|Toxic|p1a: Rillaboom
|-status|p1a: Rillaboom|tox
|
|-heal|p1a: Rillaboom|100/100 tox|[from] Grassy Terrain
|-damage|p1a: Rillaboom|94/100 tox|[from] psn
|upkeep
|turn|22
|
|switch|p2a: Steelix|Steelix, M|39/100
|-damage|p2a: Steelix|36/100|[from] Stealth Rock
|move|p1a: Rillaboom|U-turn|p2a: Steelix
|-resisted|p2a: Steelix
|-damage|p2a: Steelix|30/100
|
|switch|p1a: Charizard|Charizard, M|100/100|[from]move: U-turn
|
|-heal|p2a: Steelix|36/100|[from] item: Leftovers
|-heal|p2a: Steelix|42/100|[from] Grassy Terrain
|-fieldend|move: Grassy Terrain
|upkeep
|turn|23
|
|switch|p2a: Vaporeon|Vaporeon, F|100/100
|-damage|p2a: Vaporeon|88/100|[from] Stealth Rock
|move|p1a: Charizard|Flamethrower|p2a: Vaporeon
|-resisted|p2a: Vaporeon
|-damage|p2a: Vaporeon|74/100
|
|-heal|p2a: Vaporeon|80/100|[from] item: Leftovers
|upkeep
|turn|24
|
|switch|p1a: Vaporeon|Vaporeon, M|100/100
|move|p2a: Vaporeon|Copycat|p2a: Vaporeon
|move|p2a: Vaporeon|Flamethrower|p1a: Vaporeon|[from]Copycat
|-resisted|p1a: Vaporeon
|-damage|p1a: Vaporeon|89/100
|
|-heal|p1a: Vaporeon|95/100|[from] item: Leftovers
|-heal|p2a: Vaporeon|86/100|[from] item: Leftovers
|upkeep
|turn|25
|
|move|p1a: Vaporeon|Heal Bell|p1a: Vaporeon
|-activate|p1a: Vaporeon|move: Heal Bell
|-curestatus|p1: Rillaboom|tox|[msg]
|move|p2a: Vaporeon|Toxic|p1a: Vaporeon
|-status|p1a: Vaporeon|tox
|
|-heal|p1a: Vaporeon|100/100 tox|[from] item: Leftovers
|-heal|p2a: Vaporeon|92/100|[from] item: Leftovers
|-damage|p1a: Vaporeon|94/100 tox|[from] psn
|upkeep
|turn|26
|
|move|p1a: Vaporeon|Heal Bell|p1a: Vaporeon
|-activate|p1a: Vaporeon|move: Heal Bell
|-curestatus|p1a: Vaporeon|tox|[msg]
|move|p2a: Vaporeon|Toxic|p1a: Vaporeon
|-status|p1a: Vaporeon|tox
|
|-heal|p1a: Vaporeon|100/100 tox|[from] item: Leftovers
|-heal|p2a: Vaporeon|98/100|[from] item: Leftovers
|-damage|p1a: Vaporeon|94/100 tox|[from] psn
|upkeep
|turn|27
|
|move|p1a: Vaporeon|Wish|p1a: Vaporeon
|move|p2a: Vaporeon|Toxic|p1a: Vaporeon
|-fail|p1a: Vaporeon|tox
|
|-heal|p1a: Vaporeon|100/100 tox|[from] item: Leftovers
|-heal|p2a: Vaporeon|100/100|[from] item: Leftovers
|-damage|p1a: Vaporeon|88/100 tox|[from] psn
|upkeep
|turn|28
|
|switch|p1a: Rillaboom|Rillaboom, M|94/100
|-fieldstart|move: Grassy Terrain|[from] ability: Grassy Surge|[of] p1a: Rillaboom
|move|p2a: Vaporeon|Ice Beam|p1a: Rillaboom
|-supereffective|p1a: Rillaboom
|-damage|p1a: Rillaboom|15/100
|
|-heal|p1a: Rillaboom|78/100|[from] move: Wish|[wisher] Vaporeon
|-heal|p1a: Rillaboom|84/100|[from] Grassy Terrain
|upkeep
|turn|29
|
|switch|p2a: Steelix|Steelix, M|42/100
|-damage|p2a: Steelix|39/100|[from] Stealth Rock
|move|p1a: Rillaboom|Knock Off|p2a: Steelix
|-damage|p2a: Steelix|22/100
|-enditem|p2a: Steelix|Leftovers|[from] move: Knock Off|[of] p1a: Rillaboom
|
|-heal|p1a: Rillaboom|91/100|[from] Grassy Terrain
|-heal|p2a: Steelix|28/100|[from] Grassy Terrain
|upkeep
|turn|30
|
|switch|p1a: Vaporeon|Vaporeon, M|88/100 tox
|move|p2a: Steelix|Stealth Rock|p1a: Vaporeon
|-sidestart|p1: Delphox News|move: Stealth Rock
|
|-heal|p1a: Vaporeon|94/100 tox|[from] item: Leftovers
|-heal|p1a: Vaporeon|100/100 tox|[from] Grassy Terrain
|-heal|p2a: Steelix|34/100|[from] Grassy Terrain
|-damage|p1a: Vaporeon|94/100 tox|[from] psn
|upkeep
|turn|31
|
|move|p1a: Vaporeon|Heal Bell|p1a: Vaporeon
|-activate|p1a: Vaporeon|move: Heal Bell
|-curestatus|p1a: Vaporeon|tox|[msg]
|move|p2a: Steelix|Roar|p1a: Vaporeon
|drag|p1a: Bewear|Bewear, M|100/100
|-damage|p1a: Bewear|94/100|[from] Stealth Rock
|
|-heal|p1a: Bewear|100/100|[from] Grassy Terrain
|-heal|p2a: Steelix|40/100|[from] Grassy Terrain
|upkeep
|turn|32
|
|move|p1a: Bewear|Drain Punch|p2a: Steelix
|-supereffective|p2a: Steelix
|-damage|p2a: Steelix|0 fnt
|faint|p2a: Steelix
|
|-fieldend|move: Grassy Terrain
|upkeep
|
|switch|p2a: Charizard|Charizard, M|65/100
|turn|33
|
|switch|p1a: Vaporeon|Vaporeon, M|94/100
|-damage|p1a: Vaporeon|82/100|[from] Stealth Rock
|move|p2a: Charizard|Defog|p1a: Vaporeon
|-unboost|p1a: Vaporeon|evasion|1
|-sideend|p1: Delphox News|Stealth Rock|[from] move: Defog|[of] p2a: Charizard
|-sideend|p2: Gatorboy|Stealth Rock|[from] move: Defog|[of] p2a: Charizard
|
|-heal|p1a: Vaporeon|88/100|[from] item: Leftovers
|upkeep
|turn|34
|
|move|p2a: Charizard|Roost|p2a: Charizard
|-heal|p2a: Charizard|100/100
|-singleturn|p2a: Charizard|move: Roost
|move|p1a: Vaporeon|Wish|p1a: Vaporeon
|
|-heal|p1a: Vaporeon|94/100|[from] item: Leftovers
|upkeep
|turn|35
|
|switch|p2a: Vaporeon|Vaporeon, F|100/100
|move|p1a: Vaporeon|Scald|p2a: Vaporeon
|-immune|p2a: Vaporeon|[from] ability: Water Absorb
|
|-heal|p1a: Vaporeon|100/100|[from] move: Wish|[wisher] Vaporeon
|upkeep
|turn|36
|
|move|p1a: Vaporeon|Protect|p1a: Vaporeon
|-singleturn|p1a: Vaporeon|Protect
|move|p2a: Vaporeon|Toxic|p1a: Vaporeon
|-activate|p1a: Vaporeon|move: Protect
|
|upkeep
|turn|37
|
|move|p1a: Vaporeon|Wish|p1a: Vaporeon
|move|p2a: Vaporeon|Toxic|p1a: Vaporeon
|-status|p1a: Vaporeon|tox
|
|-damage|p1a: Vaporeon|94/100 tox|[from] psn
|upkeep
|turn|38
|
|switch|p1a: Rillaboom|Rillaboom, M|91/100
|-fieldstart|move: Grassy Terrain|[from] ability: Grassy Surge|[of] p1a: Rillaboom
|switch|p2a: Charizard|Charizard, M|100/100
|
|-heal|p1a: Rillaboom|100/100|[from] move: Wish|[wisher] Vaporeon
|upkeep
|turn|39
|
|move|p1a: Rillaboom|U-turn|p2a: Charizard
|-resisted|p2a: Charizard
|-damage|p2a: Charizard|93/100
|
|switch|p1a: Charizard|Charizard, M|100/100|[from]move: U-turn
|move|p2a: Charizard|Toxic|p1a: Charizard
|-status|p1a: Charizard|tox
|
|-damage|p1a: Charizard|94/100 tox|[from] psn
|upkeep
|turn|40
|
|move|p1a: Charizard|Toxic|p2a: Charizard
|-status|p2a: Charizard|tox
|move|p2a: Charizard|Fire Blast|p1a: Charizard
|-resisted|p1a: Charizard
|-damage|p1a: Charizard|69/100 tox
|
|-damage|p2a: Charizard|87/100 tox|[from] psn
|-damage|p1a: Charizard|57/100 tox|[from] psn
|upkeep
|turn|41
|
|switch|p2a: Vaporeon|Vaporeon, F|100/100
|move|p1a: Charizard|Roost|p1a: Charizard
|-heal|p1a: Charizard|100/100 tox
|-singleturn|p1a: Charizard|move: Roost
|
|-damage|p1a: Charizard|82/100 tox|[from] psn
|upkeep
|turn|42
|
|switch|p1a: Vaporeon|Vaporeon, M|94/100 tox
|switch|p2a: Charizard|Charizard, M|87/100 tox
|
|-heal|p1a: Vaporeon|100/100 tox|[from] item: Leftovers
|-fieldend|move: Grassy Terrain
|-damage|p2a: Charizard|81/100 tox|[from] psn
|-damage|p1a: Vaporeon|94/100 tox|[from] psn
|upkeep
|turn|43
|
|switch|p2a: Vaporeon|Vaporeon, F|100/100
|move|p1a: Vaporeon|Heal Bell|p1a: Vaporeon
|-activate|p1a: Vaporeon|move: Heal Bell
|-curestatus|p1a: Vaporeon|tox|[msg]
|-curestatus|p1: Charizard|tox|[msg]
|
|-heal|p1a: Vaporeon|100/100|[from] item: Leftovers
|upkeep
|turn|44
|
|move|p1a: Vaporeon|Scald|p2a: Vaporeon
|-immune|p2a: Vaporeon|[from] ability: Water Absorb
|move|p2a: Vaporeon|Copycat|p2a: Vaporeon
|move|p2a: Vaporeon|Scald|p1a: Vaporeon|[from]Copycat
|-immune|p1a: Vaporeon|[from] ability: Water Absorb
|
|upkeep
|turn|45
|
|move|p1a: Vaporeon|Protect|p1a: Vaporeon
|-singleturn|p1a: Vaporeon|Protect
|move|p2a: Vaporeon|Toxic|p1a: Vaporeon
|-activate|p1a: Vaporeon|move: Protect
|
|upkeep
|turn|46
|
|move|p1a: Vaporeon|Wish|p1a: Vaporeon
|move|p2a: Vaporeon|Copycat|p2a: Vaporeon
|move|p2a: Vaporeon|Wish|p2a: Vaporeon|[from]Copycat
|
|upkeep
|turn|47
|
|switch|p1a: Rillaboom|Rillaboom, M|100/100
|-fieldstart|move: Grassy Terrain|[from] ability: Grassy Surge|[of] p1a: Rillaboom
|move|p2a: Vaporeon|Toxic|p1a: Rillaboom
|-status|p1a: Rillaboom|tox
|
|-damage|p1a: Rillaboom|94/100 tox|[from] psn
|upkeep
|turn|48
|
|switch|p2a: Charizard|Charizard, M|81/100 tox
|move|p1a: Rillaboom|U-turn|p2a: Charizard
|-resisted|p2a: Charizard
|-damage|p2a: Charizard|74/100 tox
|
|switch|p1a: Charizard|Charizard, M|82/100|[from]move: U-turn
|
|-damage|p2a: Charizard|68/100 tox|[from] psn
|upkeep
|turn|49
|
|move|p1a: Charizard|Toxic|p2a: Charizard
|-fail|p2a: Charizard|tox
|move|p2a: Charizard|Roost|p2a: Charizard
|-heal|p2a: Charizard|100/100 tox
|-singleturn|p2a: Charizard|move: Roost
|
|-damage|p2a: Charizard|88/100 tox|[from] psn
|upkeep
|turn|50
|
|move|p1a: Charizard|Toxic|p2a: Charizard
|-fail|p2a: Charizard|tox
|move|p2a: Charizard|Toxic|p1a: Charizard|[miss]
|-miss|p2a: Charizard|p1a: Charizard
|
|-damage|p2a: Charizard|70/100 tox|[from] psn
|upkeep
|turn|51
|
|switch|p2a: Rabuto|Raboot, F|91/100
|move|p1a: Charizard|Toxic|p2a: Rabuto
|-status|p2a: Rabuto|tox
|
|-heal|p2a: Rabuto|96/100 tox|[from] Grassy Terrain
|-fieldend|move: Grassy Terrain
|-damage|p2a: Rabuto|91/100 tox|[from] psn
|upkeep
|turn|52
|
|switch|p1a: Runerigus|Runerigus, F|100/100
|move|p2a: Rabuto|U-turn|p1a: Runerigus
|-start|p2a: Rabuto|typechange|Bug|[from] ability: Libero
|-resisted|p1a: Runerigus
|-damage|p1a: Runerigus|88/100
|-activate|p1a: Runerigus|ability: Wandering Spirit|Libero|Wandering Spirit|[of] p2a: Rabuto
|-damage|p2a: Rabuto|81/100 tox|[from] item: Life Orb
|
|switch|p2a: Vaporeon|Vaporeon, F|100/100|[from]move: U-turn
|
|-heal|p1a: Runerigus|94/100|[from] item: Leftovers
|upkeep
|turn|53
|
|switch|p1a: Vaporeon|Vaporeon, M|100/100
|move|p2a: Vaporeon|Toxic|p1a: Vaporeon
|-status|p1a: Vaporeon|tox
|
|-damage|p1a: Vaporeon|94/100 tox|[from] psn
|upkeep
|turn|54
|
|move|p1a: Vaporeon|Wish|p1a: Vaporeon
|move|p2a: Vaporeon|Copycat|p2a: Vaporeon
|move|p2a: Vaporeon|Wish|p2a: Vaporeon|[from]Copycat
|
|-heal|p1a: Vaporeon|100/100 tox|[from] item: Leftovers
|-damage|p1a: Vaporeon|88/100 tox|[from] psn
|upkeep
|turn|55
|
|switch|p1a: Bewear|Bewear, M|100/100
|switch|p2a: Charizard|Charizard, M|70/100 tox
|
|-heal|p2a: Charizard|100/100 tox|[from] move: Wish|[wisher] Vaporeon
|-damage|p2a: Charizard|94/100 tox|[from] psn
|upkeep
|turn|56
|
|switch|p1a: Vaporeon|Vaporeon, M|88/100 tox
|move|p2a: Charizard|Fire Blast|p1a: Vaporeon
|-resisted|p1a: Vaporeon
|-damage|p1a: Vaporeon|72/100 tox
|
|-heal|p1a: Vaporeon|78/100 tox|[from] item: Leftovers
|-damage|p2a: Charizard|82/100 tox|[from] psn
|-damage|p1a: Vaporeon|72/100 tox|[from] psn
|upkeep
|turn|57
|
|switch|p2a: Virizion|Virizion|100/100
|move|p1a: Vaporeon|Heal Bell|p1a: Vaporeon
|-activate|p1a: Vaporeon|move: Heal Bell
|-curestatus|p1a: Vaporeon|tox|[msg]
|-curestatus|p1: Rillaboom|tox|[msg]
|
|-heal|p1a: Vaporeon|78/100|[from] item: Leftovers
|upkeep
|turn|58
|
|move|p1a: Vaporeon|Protect|p1a: Vaporeon
|-singleturn|p1a: Vaporeon|Protect
|move|p2a: Virizion|Calm Mind|p2a: Virizion
|-boost|p2a: Virizion|spa|1
|-boost|p2a: Virizion|spd|1
|
|-heal|p1a: Vaporeon|84/100|[from] item: Leftovers
|upkeep
|turn|59
|
|switch|p1a: Charizard|Charizard, M|82/100
|move|p2a: Virizion|Calm Mind|p2a: Virizion
|-boost|p2a: Virizion|spa|1
|-boost|p2a: Virizion|spd|1
|
|upkeep
|turn|60
|
|move|p2a: Virizion|Air Slash|p1a: Charizard
|-damage|p1a: Charizard|23/100
|-damage|p2a: Virizion|91/100|[from] item: Life Orb
|cant|p1a: Charizard|flinch
|
|upkeep
|turn|61
|
|move|p2a: Virizion|Giga Drain|p1a: Charizard
|-resisted|p1a: Charizard
|-damage|p1a: Charizard|0 fnt
|-heal|p2a: Virizion|100/100|[from] drain|[of] p1a: Charizard
|-damage|p2a: Virizion|91/100|[from] item: Life Orb
|faint|p1a: Charizard
|
|upkeep
|
|switch|p1a: Rillaboom|Rillaboom, M|94/100
|-fieldstart|move: Grassy Terrain|[from] ability: Grassy Surge|[of] p1a: Rillaboom
|turn|62
|
|move|p1a: Rillaboom|Wood Hammer|p2a: Virizion
|-resisted|p2a: Virizion
|-damage|p2a: Virizion|39/100
|-damage|p1a: Rillaboom|78/100|[from] Recoil
|move|p2a: Virizion|Giga Drain|p1a: Rillaboom
|-resisted|p1a: Rillaboom
|-damage|p1a: Rillaboom|8/100
|-heal|p2a: Virizion|75/100|[from] drain|[of] p1a: Rillaboom
|-damage|p2a: Virizion|66/100|[from] item: Life Orb
|
|-heal|p1a: Rillaboom|15/100|[from] Grassy Terrain
|-heal|p2a: Virizion|72/100|[from] Grassy Terrain
|upkeep
|turn|63
|c|☆Delphox News|what a
|c|☆Delphox News|fantastic time I had
|-message|Delphox News forfeited.
|
|win|Gatorboy
|l|☆Delphox News
|c|☆Gatorboy|gg
||Ladder (probably) updated, but score could not be retrieved (Response not received).
|l| Oathkeepre
|j| Sir Dat Man ❄
