|j|☆shyeep
|j|☆Yanet cherie
|t:|1634588082
|gametype|singles
|player|p1|shyeep|ninjaboy|1186
|player|p2|Yanet cherie|102|1303
|teamsize|p1|6
|teamsize|p2|6
|gen|8
|tier|[Gen 8] RU
|rated|
|rule|Sleep Clause Mod: Limit one foe put to sleep
|rule|Species Clause: Limit one of each Pokémon
|rule|OHKO Clause: OHKO moves are banned
|rule|Evasion Moves Clause: Evasion moves are banned
|rule|Endless Battle Clause: Forcing endless battles is banned
|rule|HP Percentage Mod: HP is shown in percentages
|rule|Dynamax Clause: You cannot dynamax
|clearpoke
|poke|p1|Talonflame, F|
|poke|p1|Slurpuff, M|
|poke|p1|Crobat, M|
|poke|p1|Cradily, F|
|poke|p1|Regidrago|
|poke|p1|Incineroar, F|
|poke|p2|Marowak-Alola, F|
|poke|p2|Stakataka|
|poke|p2|Reuniclus, M|
|poke|p2|Porygon2|
|poke|p2|Cresselia, F|
|poke|p2|Volcanion|
|teampreview
|
|t:|1634588101
|start
|switch|p1a: Incineroar|Incineroar, F|100/100
|switch|p2a: Porygon2|Porygon2|100/100
|-ability|p1a: Incineroar|Intimidate|boost
|-unboost|p2a: Porygon2|atk|1
|-ability|p2a: Porygon2|Intimidate|[from] ability: Trace|[of] p1a: Incineroar
|-ability|p2a: Porygon2|Intimidate|boost
|-unboost|p1a: Incineroar|atk|1
|turn|1
|
|t:|1634588110
|move|p1a: Incineroar|Knock Off|p2a: Porygon2
|-damage|p2a: Porygon2|79/100
|-enditem|p2a: Porygon2|Eviolite|[from] move: Knock Off|[of] p1a: Incineroar
|move|p2a: Porygon2|Trick Room|p2a: Porygon2
|-fieldstart|move: Trick Room|[of] p2a: Porygon2
|
|upkeep
|turn|2
|inactive|Battle timer is ON: inactive players will automatically lose when time's up. (requested by Yanet cherie)
|
|t:|1634588115
|move|p1a: Incineroar|Parting Shot|p2a: Porygon2
|-unboost|p2a: Porygon2|atk|1
|-unboost|p2a: Porygon2|spa|1
|
|t:|1634588121
|switch|p1a: Cradily|Cradily, F|100/100|[from]move: Parting Shot
|move|p2a: Porygon2|Teleport|p2a: Porygon2
|
|t:|1634588145
|switch|p2a: Stakataka|Stakataka|100/100|[from]move: Teleport
|
|upkeep
|turn|3
|
|t:|1634588156
|switch|p1a: Incineroar|Incineroar, F|100/100
|-ability|p1a: Incineroar|Intimidate|boost
|-unboost|p2a: Stakataka|atk|1
|move|p2a: Stakataka|Gyro Ball|p1a: Incineroar
|-resisted|p1a: Incineroar
|-damage|p1a: Incineroar|58/100
|
|upkeep
|turn|4
|
|t:|1634588174
|move|p1a: Incineroar|Fake Out|p2a: Stakataka
|-resisted|p2a: Stakataka
|-damage|p2a: Stakataka|99/100
|cant|p2a: Stakataka|flinch
|
|upkeep
|turn|5
|
|t:|1634588182
|move|p2a: Stakataka|Gyro Ball|p1a: Incineroar
|-resisted|p1a: Incineroar
|-damage|p1a: Incineroar|18/100
|move|p1a: Incineroar|Parting Shot|p2a: Stakataka
|-unboost|p2a: Stakataka|atk|1
|-unboost|p2a: Stakataka|spa|1
|
|t:|1634588204
|switch|p1a: Talonflame|Talonflame, F|100/100|[from]move: Parting Shot
|
|-fieldend|move: Trick Room
|upkeep
|turn|6
|
|t:|1634588222
|switch|p2a: Cresselia|Cresselia, F|100/100
|move|p1a: Talonflame|Will-O-Wisp|p2a: Cresselia
|-status|p2a: Cresselia|brn
|
|-damage|p2a: Cresselia|94/100 brn|[from] brn
|upkeep
|turn|7
|
|t:|1634588233
|switch|p1a: Cradily|Cradily, F|100/100
|move|p2a: Cresselia|Trick Room|p2a: Cresselia
|-fieldstart|move: Trick Room|[of] p2a: Cresselia
|
|-heal|p2a: Cresselia|100/100 brn|[from] item: Leftovers
|-damage|p2a: Cresselia|94/100 brn|[from] brn
|upkeep
|turn|8
|inactive|Yanet cherie has 120 seconds left.
|
|t:|1634588261
|move|p1a: Cradily|Leech Seed|p2a: Cresselia
|-start|p2a: Cresselia|move: Leech Seed
|move|p2a: Cresselia|Toxic|p1a: Cradily
|-status|p1a: Cradily|tox
|
|-heal|p2a: Cresselia|100/100 brn|[from] item: Leftovers
|-damage|p2a: Cresselia|88/100 brn|[from] Leech Seed|[of] p1a: Cradily
|-damage|p1a: Cradily|94/100 tox|[from] psn
|-damage|p2a: Cresselia|82/100 brn|[from] brn
|upkeep
|turn|9
|
|t:|1634588271
|switch|p2a: Stakataka|Stakataka|99/100
|move|p1a: Cradily|Stealth Rock|p2a: Stakataka
|-sidestart|p2: Yanet cherie|move: Stealth Rock
|
|-damage|p1a: Cradily|82/100 tox|[from] psn
|upkeep
|turn|10
|
|t:|1634588279
|move|p2a: Stakataka|Gyro Ball|p1a: Cradily
|-supereffective|p1a: Cradily
|-damage|p1a: Cradily|0 fnt
|-damage|p2a: Stakataka|82/100|[from] item: Rocky Helmet|[of] p1a: Cradily
|faint|p1a: Cradily
|-ability|p2a: Stakataka|Beast Boost|boost
|-boost|p2a: Stakataka|def|1
|
|upkeep
|
|t:|1634588285
|switch|p1a: Incineroar|Incineroar, F|18/100
|-ability|p1a: Incineroar|Intimidate|boost
|-unboost|p2a: Stakataka|atk|1
|turn|11
|
|t:|1634588290
|move|p1a: Incineroar|Fake Out|p2a: Stakataka
|-resisted|p2a: Stakataka
|-crit|p2a: Stakataka
|-damage|p2a: Stakataka|79/100
|cant|p2a: Stakataka|flinch
|
|-fieldend|move: Trick Room
|upkeep
|turn|12
|
|t:|1634588296
|move|p1a: Incineroar|Knock Off|p2a: Stakataka
|-damage|p2a: Stakataka|62/100
|-enditem|p2a: Stakataka|Choice Band|[from] move: Knock Off|[of] p1a: Incineroar
|move|p2a: Stakataka|Gyro Ball|p1a: Incineroar
|-resisted|p1a: Incineroar
|-damage|p1a: Incineroar|0 fnt
|faint|p1a: Incineroar
|-ability|p2a: Stakataka|Beast Boost|boost
|-boost|p2a: Stakataka|def|1
|
|upkeep
|
|t:|1634588304
|switch|p1a: Regidrago|Regidrago|100/100
|turn|13
|
|t:|1634588308
|move|p1a: Regidrago|Dragon Energy|p2a: Stakataka
|-resisted|p2a: Stakataka
|-damage|p2a: Stakataka|0 fnt
|faint|p2a: Stakataka
|
|upkeep
|
|t:|1634588317
|switch|p2a: Cresselia|Cresselia, F|82/100 brn
|-damage|p2a: Cresselia|70/100 brn|[from] Stealth Rock
|turn|14
|
|t:|1634588323
|move|p1a: Regidrago|Dragon Energy|p2a: Cresselia
|-damage|p2a: Cresselia|0 fnt
|faint|p2a: Cresselia
|
|upkeep
|
|t:|1634588347
|switch|p2a: Reuniclus|Reuniclus, M|100/100
|turn|15
|
|t:|1634588358
|move|p1a: Regidrago|Dragon Energy|p2a: Reuniclus
|-damage|p2a: Reuniclus|0 fnt
|faint|p2a: Reuniclus
|
|upkeep
|
|t:|1634588361
|switch|p2a: Porygon2|Porygon2|79/100
|-damage|p2a: Porygon2|67/100|[from] Stealth Rock
|-ability|p2a: Porygon2|Dragon's Maw|[from] ability: Trace|[of] p1a: Regidrago
|turn|16
|
|t:|1634588367
|move|p1a: Regidrago|Dragon Energy|p2a: Porygon2
|-crit|p2a: Porygon2
|-damage|p2a: Porygon2|0 fnt
|faint|p2a: Porygon2
|
|upkeep
|c|☆Yanet cherie|Fdp
|-message|Yanet cherie forfeited.
|
|win|shyeep
|raw|shyeep's rating: 1186 &rarr; <strong>1219</strong><br />(+33 for winning)
|raw|Yanet cherie's rating: 1303 &rarr; <strong>1277</strong><br />(-26 for losing)
|l|☆Yanet cherie
||Ladder isn't responding, score probably updated but might not have (Request timeout).
