|html|<div class="broadcast-blue"><strong>[Gen 8] RU is currently suspecting Mienshao! For information on how to participate check out the <a href="https://www.smogon.com/forums/threads/np-ru-stage-8-nocturne-mienshao-suspect-test.3688330/">suspect thread</a>.</strong></div>
|j|☆kerorek
|j|☆Hoon Z
|t:|1627887344
|gametype|singles
|player|p1|kerorek|lass-gen4dp|1440
|player|p2|Hoon Z|shauntal|1397
|teamsize|p1|6
|teamsize|p2|6
|gen|8
|tier|[Gen 8] RU
|rated|
|rule|Sleep Clause Mod: Limit one foe put to sleep
|rule|Species Clause: Limit one of each Pokémon
|rule|OHKO Clause: OHKO moves are banned
|rule|Evasion Moves Clause: Evasion moves are banned
|rule|Endless Battle Clause: Forcing endless battles is banned
|rule|HP Percentage Mod: HP is shown in percentages
|rule|Dynamax Clause: You cannot dynamax
|clearpoke
|poke|p1|Vanilluxe, F|
|poke|p1|Zoroark, M|
|poke|p1|Diancie|
|poke|p1|Mantine, M|
|poke|p1|Togedemaru, M|
|poke|p1|Ribombee, M|
|poke|p2|Mienshao, F|
|poke|p2|Reuniclus, M|
|poke|p2|Togekiss, M|
|poke|p2|Porygon2|
|poke|p2|Flygon, M|
|poke|p2|Barbaracle, M|
|teampreview
|
|t:|1627887366
|start
|switch|p1a: Ribombee|Ribombee, M, shiny|100/100
|switch|p2a: Flygon|Flygon, M|100/100
|turn|1
|
|t:|1627887372
|move|p1a: Ribombee|Moonblast|p2a: Flygon
|-supereffective|p2a: Flygon
|-damage|p2a: Flygon|0 fnt
|faint|p2a: Flygon
|
|upkeep
|
|t:|1627887381
|switch|p2a: Reuniclus|Reuniclus, M|100/100
|turn|2
|
|t:|1627887397
|switch|p1a: Mantine|Mantine, M|100/100
|move|p2a: Reuniclus|Future Sight|p1a: Mantine
|-start|p2a: Reuniclus|move: Future Sight
|
|upkeep
|turn|3
|
|t:|1627887407
|switch|p1a: Diancie|Diancie|100/100
|move|p2a: Reuniclus|Psyshock|p1a: Diancie
|-immune|p1a: Diancie
|
|upkeep
|turn|4
|
|t:|1627887425
|switch|p2a: Togekiss|Togekiss, M|100/100
|move|p1a: Diancie|Knock Off|p2a: Togekiss
|-resisted|p2a: Togekiss
|-damage|p2a: Togekiss|75/100
|-enditem|p2a: Togekiss|Heavy-Duty Boots|[from] move: Knock Off|[of] p1a: Diancie
|
|-end|p1a: Diancie|move: Future Sight
|-immune|p1a: Diancie
|upkeep
|turn|5
|
|t:|1627887435
|switch|p1a: Togedemaru|Togedemaru, M|100/100
|switch|p2a: Mienshao|Mienshao, F|100/100
|
|upkeep
|turn|6
|
|t:|1627887439
|move|p1a: Togedemaru|Spiky Shield|p1a: Togedemaru
|-singleturn|p1a: Togedemaru|move: Protect
|move|p2a: Mienshao|Close Combat|p1a: Togedemaru
|-activate|p1a: Togedemaru|move: Protect
|-damage|p2a: Mienshao|88/100|[from] Spiky Shield|[of] p1a: Togedemaru
|
|upkeep
|turn|7
|
|t:|1627887443
|switch|p1a: Mantine|Mantine, M|100/100
|move|p2a: Mienshao|Close Combat|p1a: Mantine
|-resisted|p1a: Mantine
|-damage|p1a: Mantine|69/100
|-unboost|p2a: Mienshao|def|1
|-unboost|p2a: Mienshao|spd|1
|-damage|p2a: Mienshao|78/100|[from] item: Life Orb
|
|upkeep
|turn|8
|
|t:|1627887446
|move|p2a: Mienshao|Stone Edge|p1a: Mantine
|-supereffective|p1a: Mantine
|-damage|p1a: Mantine|0 fnt
|faint|p1a: Mantine
|-damage|p2a: Mienshao|68/100|[from] item: Life Orb
|
|upkeep
|
|t:|1627887452
|switch|p1a: Ribombee|Ribombee, M, shiny|100/100
|turn|9
|
|t:|1627887464
|switch|p2a: Reuniclus|Reuniclus, M|100/100
|move|p1a: Ribombee|U-turn|p2a: Reuniclus
|-supereffective|p2a: Reuniclus
|-damage|p2a: Reuniclus|71/100
|
|t:|1627887468
|switch|p1a: Diancie|Diancie|100/100|[from]move: U-turn
|
|upkeep
|turn|10
|
|t:|1627887473
|switch|p2a: Togekiss|Togekiss, M|75/100
|move|p1a: Diancie|U-turn|p2a: Togekiss
|-resisted|p2a: Togekiss
|-damage|p2a: Togekiss|69/100
|
|t:|1627887477
|switch|p1a: Vanilluxe|Vanilluxe, F|100/100|[from]move: U-turn
|-weather|Hail|[from] ability: Snow Warning|[of] p1a: Vanilluxe
|
|-weather|Hail|[upkeep]
|-damage|p2a: Togekiss|63/100|[from] Hail
|upkeep
|turn|11
|
|t:|1627887480
|switch|p2a: Reuniclus|Reuniclus, M|100/100
|move|p1a: Vanilluxe|Blizzard|p2a: Reuniclus
|-damage|p2a: Reuniclus|56/100
|
|-weather|Hail|[upkeep]
|-damage|p2a: Reuniclus|50/100|[from] Hail
|upkeep
|turn|12
|
|t:|1627887493
|switch|p1a: Ribombee|Ribombee, M, shiny|100/100
|switch|p2a: Porygon2|Porygon2|100/100
|-ability|p2a: Porygon2|Shield Dust|[from] ability: Trace|[of] p1a: Ribombee
|
|-weather|Hail|[upkeep]
|-damage|p1a: Ribombee|94/100|[from] Hail
|-damage|p2a: Porygon2|94/100|[from] Hail
|upkeep
|turn|13
|
|t:|1627887502
|move|p1a: Ribombee|Switcheroo|p2a: Porygon2
|-activate|p1a: Ribombee|move: Trick|[of] p2a: Porygon2
|-item|p2a: Porygon2|Choice Scarf|[from] move: Switcheroo
|-item|p1a: Ribombee|Eviolite|[from] move: Switcheroo
|move|p2a: Porygon2|Teleport|p2a: Porygon2
|
|t:|1627887519
|switch|p2a: Togekiss|Togekiss, M|63/100|[from]move: Teleport
|
|-weather|Hail|[upkeep]
|-damage|p1a: Ribombee|88/100|[from] Hail
|-damage|p2a: Togekiss|57/100|[from] Hail
|upkeep
|turn|14
|
|t:|1627887525
|move|p1a: Ribombee|U-turn|p2a: Togekiss
|-resisted|p2a: Togekiss
|-damage|p2a: Togekiss|54/100
|
|t:|1627887527
|switch|p1a: Togedemaru|Togedemaru, M|100/100|[from]move: U-turn
|move|p2a: Togekiss|Roost|p2a: Togekiss
|-heal|p2a: Togekiss|100/100
|-singleturn|p2a: Togekiss|move: Roost
|
|-weather|none
|upkeep
|turn|15
|
|t:|1627887533
|switch|p2a: Porygon2|Porygon2|94/100
|-ability|p2a: Porygon2|Lightning Rod|[from] ability: Trace|[of] p1a: Togedemaru
|move|p1a: Togedemaru|U-turn|p2a: Porygon2
|-damage|p2a: Porygon2|80/100
|
|t:|1627887542
|switch|p1a: Vanilluxe|Vanilluxe, F|100/100|[from]move: U-turn
|-weather|Hail|[from] ability: Snow Warning|[of] p1a: Vanilluxe
|
|-weather|Hail|[upkeep]
|-damage|p2a: Porygon2|73/100|[from] Hail
|upkeep
|turn|16
|
|t:|1627887548
|move|p1a: Vanilluxe|Blizzard|p2a: Porygon2
|-damage|p2a: Porygon2|23/100
|-status|p2a: Porygon2|frz
|cant|p2a: Porygon2|frz
|
|-weather|Hail|[upkeep]
|-damage|p2a: Porygon2|17/100 frz|[from] Hail
|upkeep
|turn|17
|
|t:|1627887557
|move|p1a: Vanilluxe|Blizzard|p2a: Porygon2
|-damage|p2a: Porygon2|0 fnt
|faint|p2a: Porygon2
|
|-weather|Hail|[upkeep]
|upkeep
|
|t:|1627887559
|switch|p2a: Mienshao|Mienshao, F|100/100
|turn|18
|
|t:|1627887564
|switch|p1a: Diancie|Diancie|100/100
|move|p2a: Mienshao|Close Combat|p1a: Diancie
|-damage|p1a: Diancie|48/100
|-unboost|p2a: Mienshao|def|1
|-unboost|p2a: Mienshao|spd|1
|-damage|p2a: Mienshao|84/100|[from] item: Rocky Helmet|[of] p1a: Diancie
|-damage|p2a: Mienshao|74/100|[from] item: Life Orb
|
|-weather|Hail|[upkeep]
|-damage|p2a: Mienshao|68/100|[from] Hail
|-damage|p1a: Diancie|42/100|[from] Hail
|upkeep
|turn|19
|
|t:|1627887567
|switch|p1a: Ribombee|Ribombee, M, shiny|88/100
|move|p2a: Mienshao|Close Combat|p1a: Ribombee
|-resisted|p1a: Ribombee
|-damage|p1a: Ribombee|50/100
|-unboost|p2a: Mienshao|def|1
|-unboost|p2a: Mienshao|spd|1
|-damage|p2a: Mienshao|58/100|[from] item: Life Orb
|
|-weather|none
|upkeep
|turn|20
|
|t:|1627887573
|switch|p2a: Togekiss|Togekiss, M|100/100
|move|p1a: Ribombee|Moonblast|p2a: Togekiss
|-damage|p2a: Togekiss|71/100
|-unboost|p2a: Togekiss|spa|1
|
|upkeep
|turn|21
|
|t:|1627887578
|move|p1a: Ribombee|U-turn|p2a: Togekiss
|-resisted|p2a: Togekiss
|-damage|p2a: Togekiss|68/100
|
|t:|1627887584
|switch|p1a: Togedemaru|Togedemaru, M|100/100|[from]move: U-turn
|move|p2a: Togekiss|Roost|p2a: Togekiss
|-heal|p2a: Togekiss|100/100
|-singleturn|p2a: Togekiss|move: Roost
|
|upkeep
|turn|22
|
|t:|1627887594
|move|p1a: Togedemaru|U-turn|p2a: Togekiss
|-resisted|p2a: Togekiss
|-damage|p2a: Togekiss|98/100
|
|t:|1627887597
|switch|p1a: Vanilluxe|Vanilluxe, F|100/100|[from]move: U-turn
|-weather|Hail|[from] ability: Snow Warning|[of] p1a: Vanilluxe
|move|p2a: Togekiss|Thunder Wave|p1a: Vanilluxe
|-status|p1a: Vanilluxe|par
|
|-weather|Hail|[upkeep]
|-damage|p2a: Togekiss|91/100|[from] Hail
|upkeep
|turn|23
|
|t:|1627887603
|move|p2a: Togekiss|Air Slash|p1a: Vanilluxe
|-damage|p1a: Vanilluxe|74/100 par
|cant|p1a: Vanilluxe|flinch
|
|-weather|Hail|[upkeep]
|-damage|p2a: Togekiss|85/100|[from] Hail
|upkeep
|turn|24
|
|t:|1627887607
|switch|p1a: Togedemaru|Togedemaru, M|100/100
|move|p2a: Togekiss|Air Slash|p1a: Togedemaru
|-resisted|p1a: Togedemaru
|-damage|p1a: Togedemaru|96/100
|
|-weather|Hail|[upkeep]
|-damage|p1a: Togedemaru|90/100|[from] Hail
|-damage|p2a: Togekiss|79/100|[from] Hail
|-heal|p1a: Togedemaru|96/100|[from] item: Leftovers
|upkeep
|turn|25
|
|t:|1627887611
|move|p1a: Togedemaru|Iron Head|p2a: Togekiss
|-supereffective|p2a: Togekiss
|-damage|p2a: Togekiss|35/100
|move|p2a: Togekiss|Roost|p2a: Togekiss
|-heal|p2a: Togekiss|85/100
|-singleturn|p2a: Togekiss|move: Roost
|
|-weather|Hail|[upkeep]
|-damage|p1a: Togedemaru|90/100|[from] Hail
|-damage|p2a: Togekiss|79/100|[from] Hail
|-heal|p1a: Togedemaru|96/100|[from] item: Leftovers
|upkeep
|turn|26
|
|t:|1627887626
|switch|p2a: Reuniclus|Reuniclus, M|83/100
|move|p1a: Togedemaru|Wish|p1a: Togedemaru
|
|-weather|none
|-heal|p1a: Togedemaru|100/100|[from] item: Leftovers
|upkeep
|turn|27
|
|t:|1627887650
|move|p1a: Togedemaru|U-turn|p2a: Reuniclus
|-supereffective|p2a: Reuniclus
|-damage|p2a: Reuniclus|53/100
|
|t:|1627887657
|switch|p1a: Vanilluxe|Vanilluxe, F|100/100|[from]move: U-turn
|move|p2a: Reuniclus|Future Sight|p1a: Vanilluxe
|-start|p2a: Reuniclus|move: Future Sight
|
|upkeep
|turn|28
|c|☆Hoon Z|I'm lost
|c|☆Hoon Z|How this isn't para now
|
|t:|1627887742
|move|p1a: Vanilluxe|U-turn|p2a: Reuniclus
|-supereffective|p2a: Reuniclus
|-damage|p2a: Reuniclus|0 fnt
|faint|p2a: Reuniclus
|
|t:|1627887756
|switch|p1a: Ribombee|Ribombee, M, shiny|50/100|[from]move: U-turn
|
|upkeep
|c|☆Hoon Z|Oh i'm slpw monologue
|
|t:|1627887770
|switch|p2a: Barbaracle|Barbaracle, M|100/100
|turn|29
|
|t:|1627887778
|move|p1a: Ribombee|Moonblast|p2a: Barbaracle
|-damage|p2a: Barbaracle|45/100
|move|p2a: Barbaracle|Shell Smash|p2a: Barbaracle
|-unboost|p2a: Barbaracle|def|1
|-unboost|p2a: Barbaracle|spd|1
|-boost|p2a: Barbaracle|atk|2
|-boost|p2a: Barbaracle|spa|2
|-boost|p2a: Barbaracle|spe|2
|
|-end|p1a: Ribombee|move: Future Sight
|-damage|p1a: Ribombee|0 fnt
|faint|p1a: Ribombee
|upkeep
|
|t:|1627887787
|switch|p1a: Vanilluxe|Vanilluxe, F|100/100
|turn|30
|
|t:|1627887791
|move|p1a: Vanilluxe|Sucker Punch||[still]
|-fail|p1a: Vanilluxe
|move|p2a: Barbaracle|Stealth Rock|p1a: Vanilluxe
|-sidestart|p1: kerorek|move: Stealth Rock
|
|upkeep
|turn|31
|
|t:|1627887794
|move|p1a: Vanilluxe|Sucker Punch||[still]
|-fail|p1a: Vanilluxe
|move|p2a: Barbaracle|Shell Smash|p2a: Barbaracle
|-unboost|p2a: Barbaracle|def|1
|-unboost|p2a: Barbaracle|spd|1
|-boost|p2a: Barbaracle|atk|2
|-boost|p2a: Barbaracle|spa|2
|-boost|p2a: Barbaracle|spe|2
|
|upkeep
|turn|32
|
|t:|1627887798
|move|p1a: Vanilluxe|Sucker Punch||[still]
|-fail|p1a: Vanilluxe
|move|p2a: Barbaracle|Shell Smash|p2a: Barbaracle
|-unboost|p2a: Barbaracle|def|1
|-unboost|p2a: Barbaracle|spd|1
|-boost|p2a: Barbaracle|atk|2
|-boost|p2a: Barbaracle|spa|2
|-boost|p2a: Barbaracle|spe|2
|
|upkeep
|turn|33
|
|t:|1627887809
|switch|p1a: Diancie|Diancie|42/100
|-damage|p1a: Diancie|29/100|[from] Stealth Rock
|move|p2a: Barbaracle|Shell Smash|p2a: Barbaracle
|-unboost|p2a: Barbaracle|def|1
|-unboost|p2a: Barbaracle|spd|1
|-boost|p2a: Barbaracle|atk|0
|-boost|p2a: Barbaracle|spa|0
|-boost|p2a: Barbaracle|spe|0
|
|upkeep
|turn|34
|
|t:|1627887816
|move|p2a: Barbaracle|Liquidation|p1a: Diancie
|-supereffective|p1a: Diancie
|-damage|p1a: Diancie|0 fnt
|-damage|p2a: Barbaracle|28/100|[from] item: Rocky Helmet|[of] p1a: Diancie
|faint|p1a: Diancie
|
|upkeep
|
|t:|1627887818
|switch|p1a: Togedemaru|Togedemaru, M|100/100
|-damage|p1a: Togedemaru|95/100|[from] Stealth Rock
|turn|35
|
|t:|1627887823
|move|p1a: Togedemaru|Spiky Shield|p1a: Togedemaru
|-singleturn|p1a: Togedemaru|move: Protect
|move|p2a: Barbaracle|Liquidation|p1a: Togedemaru
|-activate|p1a: Togedemaru|move: Protect
|-damage|p2a: Barbaracle|16/100|[from] Spiky Shield|[of] p1a: Togedemaru
|
|-heal|p1a: Togedemaru|100/100|[from] item: Leftovers
|upkeep
|turn|36
|
|t:|1627887832
|switch|p1a: Vanilluxe|Vanilluxe, F|74/100 par
|-damage|p1a: Vanilluxe|49/100 par|[from] Stealth Rock
|-weather|Hail|[from] ability: Snow Warning|[of] p1a: Vanilluxe
|move|p2a: Barbaracle|Liquidation|p1a: Vanilluxe
|-damage|p1a: Vanilluxe|0 fnt
|faint|p1a: Vanilluxe
|
|-weather|Hail|[upkeep]
|-damage|p2a: Barbaracle|10/100|[from] Hail
|upkeep
|
|t:|1627887835
|switch|p1a: Togedemaru|Togedemaru, M|100/100
|-damage|p1a: Togedemaru|95/100|[from] Stealth Rock
|turn|37
|
|t:|1627887844
|move|p2a: Barbaracle|Shell Smash|p2a: Barbaracle
|-unboost|p2a: Barbaracle|def|1
|-unboost|p2a: Barbaracle|spd|1
|-boost|p2a: Barbaracle|atk|0
|-boost|p2a: Barbaracle|spa|0
|-boost|p2a: Barbaracle|spe|0
|move|p1a: Togedemaru|Iron Head|p2a: Barbaracle
|-damage|p2a: Barbaracle|0 fnt
|faint|p2a: Barbaracle
|
|-weather|Hail|[upkeep]
|-damage|p1a: Togedemaru|89/100|[from] Hail
|-heal|p1a: Togedemaru|95/100|[from] item: Leftovers
|upkeep
|
|t:|1627887846
|switch|p2a: Mienshao|Mienshao, F|91/100
|turn|38
|
|t:|1627887850
|move|p1a: Togedemaru|Spiky Shield|p1a: Togedemaru
|-singleturn|p1a: Togedemaru|move: Protect
|move|p2a: Mienshao|Close Combat|p1a: Togedemaru
|-activate|p1a: Togedemaru|move: Protect
|-damage|p2a: Mienshao|79/100|[from] Spiky Shield|[of] p1a: Togedemaru
|
|-weather|Hail|[upkeep]
|-damage|p2a: Mienshao|73/100|[from] Hail
|-damage|p1a: Togedemaru|89/100|[from] Hail
|-heal|p1a: Togedemaru|95/100|[from] item: Leftovers
|upkeep
|turn|39
|
|t:|1627887853
|move|p2a: Mienshao|Close Combat|p1a: Togedemaru
|-supereffective|p1a: Togedemaru
|-damage|p1a: Togedemaru|0 fnt
|-unboost|p2a: Mienshao|def|1
|-unboost|p2a: Mienshao|spd|1
|faint|p1a: Togedemaru
|-damage|p2a: Mienshao|63/100|[from] item: Life Orb
|
|-weather|Hail|[upkeep]
|-damage|p2a: Mienshao|57/100|[from] Hail
|upkeep
|
|t:|1627887854
|switch|p1a: Zoroark|Zoroark, M|100/100
|-damage|p1a: Zoroark|88/100|[from] Stealth Rock
|turn|40
|
|t:|1627887857
|switch|p2a: Togekiss|Togekiss, M|79/100
|move|p1a: Zoroark|Knock Off|p2a: Togekiss
|-resisted|p2a: Togekiss
|-damage|p2a: Togekiss|63/100
|
|-weather|none
|upkeep
|turn|41
|
|t:|1627887860
|move|p1a: Zoroark|Knock Off|p2a: Togekiss
|-resisted|p2a: Togekiss
|-damage|p2a: Togekiss|46/100
|move|p2a: Togekiss|Thunder Wave|p1a: Zoroark
|-status|p1a: Zoroark|par
|
|upkeep
|turn|42
|-message|kerorek forfeited.
|
|win|Hoon Z
|raw|kerorek's rating: 1440 &rarr; <strong>1418</strong><br />(-22 for losing)
|raw|Hoon Z's rating: 1397 &rarr; <strong>1419</strong><br />(+22 for winning)
|l|☆kerorek
