|j|☆yung centibro
|j|☆AmphibiansRiseUp
|player|p1|yung centibro|1|1357
|player|p2|AmphibiansRiseUp|will|1183
|teamsize|p1|6
|teamsize|p2|6
|gametype|singles
|gen|8
|tier|[Gen 8] RU
|rated|
|rule|Sleep Clause Mod: Limit one foe put to sleep
|rule|Species Clause: Limit one of each Pokémon
|rule|OHKO Clause: OHKO moves are banned
|rule|Evasion Moves Clause: Evasion moves are banned
|rule|Endless Battle Clause: Forcing endless battles is banned
|rule|HP Percentage Mod: HP is shown in percentages
|clearpoke
|poke|p1|Passimian, F|
|poke|p1|Sigilyph, F|
|poke|p1|Silvally-*|
|poke|p1|Vaporeon, M|
|poke|p1|Vileplume, F|
|poke|p1|Gigalith, M|
|poke|p2|Sigilyph, M|
|poke|p2|Steelix, F|
|poke|p2|Vaporeon, M|
|poke|p2|Bewear, M|
|poke|p2|Vullaby, F|
|poke|p2|Manectric, F|
|rule|Dynamax Clause: You cannot dynamax
|teampreview
|inactive|Battle timer is ON: inactive players will automatically lose when time's up. (requested by AmphibiansRiseUp)
|inactive|yung centibro has 120 seconds left.
|inactive|yung centibro has 90 seconds left.
|inactive|yung centibro has 60 seconds left.
|
|start
|switch|p1a: Passimian|Passimian, F|100/100
|switch|p2a: Manectric|Manectric, F|100/100
|turn|1
|inactive|yung centibro has 120 seconds left.
|
|switch|p1a: Vileplume|Vileplume, F|100/100
|move|p2a: Manectric|Volt Switch|p1a: Vileplume
|-resisted|p1a: Vileplume
|-damage|p1a: Vileplume|84/100
|
|switch|p2a: Sigilyph|Sigilyph, M|100/100|[from]move: Volt Switch
|
|-heal|p1a: Vileplume|90/100|[from] item: Leftovers
|upkeep
|turn|2
|inactive|yung centibro has 120 seconds left.
|
|switch|p1a: Gigalith|Gigalith, M|100/100
|-weather|Sandstorm|[from] ability: Sand Stream|[of] p1a: Gigalith
|move|p2a: Sigilyph|Psyshock|p1a: Gigalith
|-damage|p1a: Gigalith|69/100
|
|-weather|Sandstorm|[upkeep]
|-heal|p1a: Gigalith|75/100|[from] item: Leftovers
|upkeep
|turn|3
|
|switch|p2a: Steelix|Steelix, F|100/100
|move|p1a: Gigalith|Stealth Rock|p2a: Steelix
|-sidestart|p2: AmphibiansRiseUp|move: Stealth Rock
|
|-weather|Sandstorm|[upkeep]
|-heal|p1a: Gigalith|81/100|[from] item: Leftovers
|upkeep
|turn|4
|inactive|yung centibro has 120 seconds left.
|
|switch|p1a: Passimian|Passimian, F|100/100
|move|p2a: Steelix|Stealth Rock|p1a: Passimian
|-sidestart|p1: yung centibro|move: Stealth Rock
|
|-weather|Sandstorm|[upkeep]
|-damage|p1a: Passimian|94/100|[from] Sandstorm
|upkeep
|turn|5
|
|move|p1a: Passimian|Knock Off|p2a: Steelix
|-damage|p2a: Steelix|87/100
|-enditem|p2a: Steelix|Leftovers|[from] move: Knock Off|[of] p1a: Passimian
|move|p2a: Steelix|Body Press|p1a: Passimian
|-damage|p1a: Passimian|48/100
|
|-weather|Sandstorm|[upkeep]
|-damage|p1a: Passimian|42/100|[from] Sandstorm
|upkeep
|turn|6
|
|switch|p1a: Vaporeon|Vaporeon, M|100/100
|-damage|p1a: Vaporeon|88/100|[from] Stealth Rock
|switch|p2a: Manectric|Manectric, F|100/100
|-damage|p2a: Manectric|88/100|[from] Stealth Rock
|
|-weather|none
|-heal|p1a: Vaporeon|94/100|[from] item: Leftovers
|upkeep
|turn|7
|
|move|p2a: Manectric|Switcheroo|p1a: Vaporeon
|-activate|p2a: Manectric|move: Trick|[of] p1a: Vaporeon
|-item|p1a: Vaporeon|Choice Scarf|[from] move: Switcheroo
|-item|p2a: Manectric|Leftovers|[from] move: Switcheroo
|move|p1a: Vaporeon|Wish|p1a: Vaporeon
|
|-heal|p2a: Manectric|94/100|[from] item: Leftovers
|upkeep
|turn|8
|
|switch|p1a: Silvally|Silvally-Steel|100/100
|-damage|p1a: Silvally|94/100|[from] Stealth Rock
|move|p2a: Manectric|Volt Switch|p1a: Silvally
|-damage|p1a: Silvally|61/100
|
|switch|p2a: Steelix|Steelix, F|87/100|[from]move: Volt Switch
|-damage|p2a: Steelix|84/100|[from] Stealth Rock
|
|-heal|p1a: Silvally|100/100|[from] move: Wish|[wisher] Vaporeon
|upkeep
|turn|9
|
|move|p1a: Silvally|U-turn|p2a: Steelix
|-resisted|p2a: Steelix
|-damage|p2a: Steelix|80/100
|
|switch|p1a: Vileplume|Vileplume, F|90/100|[from]move: U-turn
|-damage|p1a: Vileplume|77/100|[from] Stealth Rock
|move|p2a: Steelix|Body Press|p1a: Vileplume
|-resisted|p1a: Vileplume
|-damage|p1a: Vileplume|62/100
|
|-heal|p1a: Vileplume|68/100|[from] item: Leftovers
|upkeep
|turn|10
|
|switch|p2a: Vullaby|Vullaby, F|100/100
|-damage|p2a: Vullaby|75/100|[from] Stealth Rock
|move|p1a: Vileplume|Sludge Bomb|p2a: Vullaby
|-damage|p2a: Vullaby|53/100
|
|-heal|p1a: Vileplume|74/100|[from] item: Leftovers
|upkeep
|turn|11
|
|move|p2a: Vullaby|Defog|p1a: Vileplume
|-unboost|p1a: Vileplume|evasion|1
|-sideend|p1: yung centibro|Stealth Rock|[from] move: Defog|[of] p2a: Vullaby
|-sideend|p2: AmphibiansRiseUp|Stealth Rock|[from] move: Defog|[of] p2a: Vullaby
|move|p1a: Vileplume|Sludge Bomb|p2a: Vullaby
|-damage|p2a: Vullaby|32/100
|
|-heal|p1a: Vileplume|80/100|[from] item: Leftovers
|upkeep
|turn|12
|
|move|p2a: Vullaby|Roost|p2a: Vullaby
|-heal|p2a: Vullaby|82/100
|-singleturn|p2a: Vullaby|move: Roost
|move|p1a: Vileplume|Sludge Bomb|p2a: Vullaby
|-damage|p2a: Vullaby|59/100
|
|-heal|p1a: Vileplume|87/100|[from] item: Leftovers
|upkeep
|turn|13
|
|move|p2a: Vullaby|Knock Off|p1a: Vileplume
|-damage|p1a: Vileplume|72/100
|-enditem|p1a: Vileplume|Leftovers|[from] move: Knock Off|[of] p2a: Vullaby
|move|p1a: Vileplume|Sludge Bomb|p2a: Vullaby
|-damage|p2a: Vullaby|38/100
|
|upkeep
|turn|14
|
|move|p2a: Vullaby|Roost|p2a: Vullaby
|-heal|p2a: Vullaby|88/100
|-singleturn|p2a: Vullaby|move: Roost
|move|p1a: Vileplume|Sludge Bomb|p2a: Vullaby
|-damage|p2a: Vullaby|68/100
|-status|p2a: Vullaby|psn
|
|-damage|p2a: Vullaby|56/100 psn|[from] psn
|upkeep
|turn|15
|
|move|p2a: Vullaby|U-turn|p1a: Vileplume
|-damage|p1a: Vileplume|64/100
|
|switch|p2a: Steelix|Steelix, F|80/100|[from]move: U-turn
|move|p1a: Vileplume|Sludge Bomb|p2a: Steelix
|-immune|p2a: Steelix
|
|upkeep
|turn|16
|
|switch|p2a: Sigilyph|Sigilyph, M|100/100
|move|p1a: Vileplume|Growth|p1a: Vileplume
|-boost|p1a: Vileplume|atk|1
|-boost|p1a: Vileplume|spa|1
|
|upkeep
|turn|17
|
|switch|p1a: Gigalith|Gigalith, M|81/100
|-weather|Sandstorm|[from] ability: Sand Stream|[of] p1a: Gigalith
|move|p2a: Sigilyph|Psyshock|p1a: Gigalith
|-damage|p1a: Gigalith|47/100
|
|-weather|Sandstorm|[upkeep]
|-heal|p1a: Gigalith|53/100|[from] item: Leftovers
|upkeep
|turn|18
|
|switch|p2a: Bewear|Bewear, M|100/100
|move|p1a: Gigalith|Stealth Rock|p2a: Bewear
|-sidestart|p2: AmphibiansRiseUp|move: Stealth Rock
|
|-weather|Sandstorm|[upkeep]
|-damage|p2a: Bewear|94/100|[from] Sandstorm
|-heal|p1a: Gigalith|59/100|[from] item: Leftovers
|upkeep
|turn|19
|
|switch|p1a: Vaporeon|Vaporeon, M|94/100
|move|p2a: Bewear|Double-Edge|p1a: Vaporeon
|-damage|p1a: Vaporeon|0 fnt
|-damage|p2a: Bewear|57/100|[from] Recoil
|faint|p1a: Vaporeon
|
|-weather|Sandstorm|[upkeep]
|-damage|p2a: Bewear|51/100|[from] Sandstorm
|upkeep
|
|switch|p1a: Sigilyph|Sigilyph, F|100/100
|turn|20
|
|switch|p2a: Vaporeon|Vaporeon, M|100/100
|-damage|p2a: Vaporeon|88/100|[from] Stealth Rock
|move|p1a: Sigilyph|Psychic|p2a: Vaporeon
|-damage|p2a: Vaporeon|57/100
|
|-weather|Sandstorm|[upkeep]
|-damage|p2a: Vaporeon|51/100|[from] Sandstorm
|-heal|p2a: Vaporeon|57/100|[from] item: Leftovers
|upkeep
|turn|21
|
|move|p1a: Sigilyph|Calm Mind|p1a: Sigilyph
|-boost|p1a: Sigilyph|spa|1
|-boost|p1a: Sigilyph|spd|1
|move|p2a: Vaporeon|Wish|p2a: Vaporeon
|
|-weather|none
|-heal|p2a: Vaporeon|64/100|[from] item: Leftovers
|upkeep
|turn|22
|
|switch|p2a: Vullaby|Vullaby, F|56/100 psn
|-damage|p2a: Vullaby|31/100 psn|[from] Stealth Rock
|move|p1a: Sigilyph|Heat Wave|p2a: Vullaby
|-damage|p2a: Vullaby|0 fnt
|faint|p2a: Vullaby
|
|upkeep
|
|switch|p2a: Manectric|Manectric, F|94/100
|-damage|p2a: Manectric|82/100|[from] Stealth Rock
|turn|23
|
|move|p2a: Manectric|Thunderbolt|p1a: Sigilyph
|-supereffective|p1a: Sigilyph
|-damage|p1a: Sigilyph|16/100
|move|p1a: Sigilyph|Psychic|p2a: Manectric
|-damage|p2a: Manectric|0 fnt
|faint|p2a: Manectric
|
|upkeep
|
|switch|p2a: Sigilyph|Sigilyph, M|100/100
|turn|24
|inactive|yung centibro has 120 seconds left.
|
|switch|p1a: Silvally|Silvally-Steel|100/100
|move|p2a: Sigilyph|Heat Wave|p1a: Silvally
|-supereffective|p1a: Silvally
|-damage|p1a: Silvally|23/100
|-status|p1a: Silvally|brn
|
|-damage|p1a: Silvally|17/100 brn|[from] brn
|upkeep
|turn|25
|
|move|p2a: Sigilyph|Heat Wave|p1a: Silvally
|-supereffective|p1a: Silvally
|-damage|p1a: Silvally|0 fnt
|faint|p1a: Silvally
|
|upkeep
|
|switch|p1a: Gigalith|Gigalith, M|59/100
|-weather|Sandstorm|[from] ability: Sand Stream|[of] p1a: Gigalith
|turn|26
|
|switch|p2a: Steelix|Steelix, F|80/100
|-damage|p2a: Steelix|77/100|[from] Stealth Rock
|move|p1a: Gigalith|Earthquake|p2a: Steelix
|-supereffective|p2a: Steelix
|-crit|p2a: Steelix
|-damage|p2a: Steelix|37/100
|
|-weather|Sandstorm|[upkeep]
|-heal|p1a: Gigalith|65/100|[from] item: Leftovers
|upkeep
|turn|27
|inactive|yung centibro has 120 seconds left.
|
|switch|p1a: Vileplume|Vileplume, F|64/100
|move|p2a: Steelix|Stealth Rock|p1a: Vileplume
|-sidestart|p1: yung centibro|move: Stealth Rock
|
|-weather|Sandstorm|[upkeep]
|-damage|p1a: Vileplume|58/100|[from] Sandstorm
|upkeep
|turn|28
|
|switch|p2a: Sigilyph|Sigilyph, M|100/100
|move|p1a: Vileplume|Giga Drain|p2a: Sigilyph
|-resisted|p2a: Sigilyph
|-damage|p2a: Sigilyph|79/100
|-heal|p1a: Vileplume|67/100|[from] drain|[of] p2a: Sigilyph
|
|-weather|Sandstorm|[upkeep]
|-damage|p1a: Vileplume|60/100|[from] Sandstorm
|upkeep
|turn|29
|inactive|yung centibro has 120 seconds left.
|
|move|p2a: Sigilyph|Psyshock|p1a: Vileplume
|-supereffective|p1a: Vileplume
|-damage|p1a: Vileplume|0 fnt
|faint|p1a: Vileplume
|
|-weather|Sandstorm|[upkeep]
|upkeep
|
|switch|p1a: Passimian|Passimian, F|42/100
|-damage|p1a: Passimian|36/100|[from] Stealth Rock
|turn|30
|
|switch|p2a: Vaporeon|Vaporeon, M|64/100
|-damage|p2a: Vaporeon|51/100|[from] Stealth Rock
|move|p1a: Passimian|Knock Off|p2a: Vaporeon
|-damage|p2a: Vaporeon|22/100
|-enditem|p2a: Vaporeon|Leftovers|[from] move: Knock Off|[of] p1a: Passimian
|
|-weather|none
|upkeep
|turn|31
|
|move|p1a: Passimian|Knock Off|p2a: Vaporeon
|-damage|p2a: Vaporeon|2/100
|move|p2a: Vaporeon|Wish|p2a: Vaporeon
|
|upkeep
|turn|32
|
|switch|p1a: Sigilyph|Sigilyph, F|16/100
|move|p2a: Vaporeon|Protect||[still]
|-fail|p2a: Vaporeon
|
|-heal|p2a: Vaporeon|52/100|[from] move: Wish|[wisher] Vaporeon
|upkeep
|turn|33
|
|move|p1a: Sigilyph|Roost|p1a: Sigilyph
|-heal|p1a: Sigilyph|66/100
|-singleturn|p1a: Sigilyph|move: Roost
|move|p2a: Vaporeon|Yawn|p1a: Sigilyph
|-start|p1a: Sigilyph|move: Yawn|[of] p2a: Vaporeon
|
|upkeep
|turn|34
|
|switch|p1a: Passimian|Passimian, F|36/100
|-damage|p1a: Passimian|30/100|[from] Stealth Rock
|move|p2a: Vaporeon|Wish|p2a: Vaporeon
|
|upkeep
|turn|35
|
|move|p2a: Vaporeon|Protect|p2a: Vaporeon
|-singleturn|p2a: Vaporeon|Protect
|move|p1a: Passimian|Close Combat|p2a: Vaporeon
|-activate|p2a: Vaporeon|move: Protect
|
|-heal|p2a: Vaporeon|100/100|[from] move: Wish|[wisher] Vaporeon
|upkeep
|turn|36
|
|switch|p1a: Sigilyph|Sigilyph, F|66/100
|move|p2a: Vaporeon|Wish|p2a: Vaporeon
|
|upkeep
|turn|37
|
|switch|p1a: Gigalith|Gigalith, M|65/100
|-damage|p1a: Gigalith|53/100|[from] Stealth Rock
|-weather|Sandstorm|[from] ability: Sand Stream|[of] p1a: Gigalith
|move|p2a: Vaporeon|Scald|p1a: Gigalith
|-supereffective|p1a: Gigalith
|-damage|p1a: Gigalith|20/100
|
|-weather|Sandstorm|[upkeep]
|-damage|p2a: Vaporeon|94/100|[from] Sandstorm
|-heal|p2a: Vaporeon|100/100|[from] move: Wish|[wisher] Vaporeon
|-heal|p1a: Gigalith|26/100|[from] item: Leftovers
|upkeep
|turn|38
|
|switch|p1a: Sigilyph|Sigilyph, F|66/100
|move|p2a: Vaporeon|Scald|p1a: Sigilyph
|-damage|p1a: Sigilyph|20/100
|-status|p1a: Sigilyph|brn
|
|-weather|Sandstorm|[upkeep]
|-damage|p2a: Vaporeon|94/100|[from] Sandstorm
|upkeep
|turn|39
|
|switch|p2a: Sigilyph|Sigilyph, M|79/100
|move|p1a: Sigilyph|Roost|p1a: Sigilyph
|-heal|p1a: Sigilyph|70/100 brn
|-singleturn|p1a: Sigilyph|move: Roost
|
|-weather|Sandstorm|[upkeep]
|upkeep
|turn|40
|
|move|p2a: Sigilyph|Heat Wave|p1a: Sigilyph
|-damage|p1a: Sigilyph|18/100 brn
|move|p1a: Sigilyph|Calm Mind|p1a: Sigilyph
|-boost|p1a: Sigilyph|spa|1
|-boost|p1a: Sigilyph|spd|1
|
|-weather|Sandstorm|[upkeep]
|upkeep
|turn|41
|
|move|p2a: Sigilyph|Heat Wave|p1a: Sigilyph
|-damage|p1a: Sigilyph|0 fnt
|faint|p1a: Sigilyph
|
|-weather|none
|upkeep
|c|☆yung centibro|how'd u win both
|
|switch|p1a: Passimian|Passimian, F|30/100
|-damage|p1a: Passimian|24/100|[from] Stealth Rock
|turn|42
|
|move|p1a: Passimian|U-turn|p2a: Sigilyph
|-damage|p2a: Sigilyph|44/100
|
|switch|p1a: Gigalith|Gigalith, M|26/100|[from]move: U-turn
|-damage|p1a: Gigalith|14/100|[from] Stealth Rock
|-weather|Sandstorm|[from] ability: Sand Stream|[of] p1a: Gigalith
|move|p2a: Sigilyph|Psyshock|p1a: Gigalith
|-damage|p1a: Gigalith|0 fnt
|faint|p1a: Gigalith
|
|-weather|Sandstorm|[upkeep]
|upkeep
|
|switch|p1a: Passimian|Passimian, F|24/100
|-damage|p1a: Passimian|18/100|[from] Stealth Rock
|turn|43
|-message|yung centibro forfeited.
|
|win|AmphibiansRiseUp
|l|☆yung centibro
||Ladder (probably) updated, but score could not be retrieved (Response not received).
