|j|☆MARK BLACK
|j|☆Tintincpajouer
|t:|1629241659
|gametype|singles
|player|p1|MARK BLACK|red|1328
|player|p2|Tintincpajouer|2|1416
|teamsize|p1|6
|teamsize|p2|6
|gen|8
|tier|[Gen 8] RU
|rated|
|rule|Sleep Clause Mod: Limit one foe put to sleep
|rule|Species Clause: Limit one of each Pokémon
|rule|OHKO Clause: OHKO moves are banned
|rule|Evasion Moves Clause: Evasion moves are banned
|rule|Endless Battle Clause: Forcing endless battles is banned
|rule|HP Percentage Mod: HP is shown in percentages
|rule|Dynamax Clause: You cannot dynamax
|clearpoke
|poke|p1|Quagsire, M|
|poke|p1|Politoed, F|
|poke|p1|Xurkitree|
|poke|p1|Cloyster, F|
|poke|p1|Doublade, F|
|poke|p1|Articuno|
|poke|p2|Barbaracle, M|
|poke|p2|Porygon-Z|
|poke|p2|Necrozma|
|poke|p2|Heracross, F|
|poke|p2|Entei|
|poke|p2|Mimikyu, F|
|teampreview
|inactive|Battle timer is ON: inactive players will automatically lose when time's up. (requested by Tintincpajouer)
|
|t:|1629241669
|start
|switch|p1a: Politoed|Politoed, F|100/100
|switch|p2a: Barbaracle|Barbaracle, M|100/100
|-weather|RainDance|[from] ability: Drizzle|[of] p1a: Politoed
|turn|1
|
|t:|1629241678
|move|p2a: Barbaracle|Stealth Rock|p1a: Politoed
|-sidestart|p1: MARK BLACK|move: Stealth Rock
|move|p1a: Politoed|Hypnosis|p2a: Barbaracle
|-status|p2a: Barbaracle|slp|[from] move: Hypnosis
|
|-weather|RainDance|[upkeep]
|upkeep
|turn|2
|
|t:|1629241686
|switch|p2a: Porygon-Z|Porygon-Z|100/100
|switch|p1a: Cloyster|Cloyster, F|100/100
|-damage|p1a: Cloyster|76/100|[from] Stealth Rock
|
|-weather|RainDance|[upkeep]
|upkeep
|turn|3
|j| soldado black
|
|t:|1629241697
|switch|p1a: Quagsire|Quagsire, M|100/100
|-damage|p1a: Quagsire|94/100|[from] Stealth Rock
|move|p2a: Porygon-Z|Tri Attack|p1a: Quagsire
|-damage|p1a: Quagsire|21/100
|
|-weather|RainDance|[upkeep]
|-heal|p1a: Quagsire|27/100|[from] item: Leftovers
|upkeep
|turn|4
|
|t:|1629241708
|switch|p1a: Doublade|Doublade, F|100/100
|-damage|p1a: Doublade|94/100|[from] Stealth Rock
|move|p2a: Porygon-Z|Tri Attack|p1a: Doublade
|-immune|p1a: Doublade
|
|-weather|RainDance|[upkeep]
|upkeep
|turn|5
|
|t:|1629241718
|switch|p2a: Mimikyu|Mimikyu, F|100/100
|move|p1a: Doublade|Iron Head|p2a: Mimikyu
|-activate|p2a: Mimikyu|ability: Disguise
|-damage|p2a: Mimikyu|100/100
|detailschange|p2a: Mimikyu|Mimikyu-Busted, F
|-damage|p2a: Mimikyu|88/100|[from] pokemon: Mimikyu-Busted
|
|-weather|RainDance|[upkeep]
|upkeep
|turn|6
|
|t:|1629241729
|move|p2a: Mimikyu|Shadow Claw|p1a: Doublade
|-supereffective|p1a: Doublade
|-damage|p1a: Doublade|52/100
|-damage|p2a: Mimikyu|78/100|[from] item: Life Orb
|move|p1a: Doublade|Swords Dance|p1a: Doublade
|-boost|p1a: Doublade|atk|2
|
|-weather|RainDance|[upkeep]
|upkeep
|turn|7
|
|t:|1629241739
|switch|p2a: Porygon-Z|Porygon-Z|100/100
|move|p1a: Doublade|Shadow Sneak|p2a: Porygon-Z
|-immune|p2a: Porygon-Z
|
|-weather|RainDance|[upkeep]
|upkeep
|turn|8
|
|t:|1629241747
|move|p2a: Porygon-Z|Shadow Ball|p1a: Doublade
|-supereffective|p1a: Doublade
|-damage|p1a: Doublade|0 fnt
|faint|p1a: Doublade
|
|-weather|none
|upkeep
|
|t:|1629241755
|switch|p1a: Articuno|Articuno|100/100
|-ability|p1a: Articuno|Pressure
|turn|9
|inactive|Tintincpajouer has 120 seconds left.
|
|t:|1629241791
|switch|p2a: Barbaracle|Barbaracle, M|100/100 slp
|move|p1a: Articuno|Defog|p2a: Barbaracle
|-unboost|p2a: Barbaracle|evasion|1
|-sideend|p1: MARK BLACK|Stealth Rock|[from] move: Defog|[of] p1a: Articuno
|
|upkeep
|turn|10
|inactive|Tintincpajouer has 120 seconds left.
|
|t:|1629241799
|switch|p1a: Cloyster|Cloyster, F|76/100
|cant|p2a: Barbaracle|slp
|
|upkeep
|turn|11
|inactive|Tintincpajouer has 120 seconds left.
|
|t:|1629241810
|cant|p2a: Barbaracle|slp
|move|p1a: Cloyster|Shell Smash|p1a: Cloyster
|-unboost|p1a: Cloyster|def|1
|-unboost|p1a: Cloyster|spd|1
|-boost|p1a: Cloyster|atk|2
|-boost|p1a: Cloyster|spa|2
|-boost|p1a: Cloyster|spe|2
|-enditem|p1a: Cloyster|White Herb
|-clearnegativeboost|p1a: Cloyster|[silent]
|
|upkeep
|turn|12
|
|t:|1629241821
|move|p1a: Cloyster|Icicle Spear|p2a: Barbaracle
|-resisted|p2a: Barbaracle
|-damage|p2a: Barbaracle|89/100 slp
|-resisted|p2a: Barbaracle
|-damage|p2a: Barbaracle|76/100 slp
|-resisted|p2a: Barbaracle
|-crit|p2a: Barbaracle
|-damage|p2a: Barbaracle|57/100 slp
|-resisted|p2a: Barbaracle
|-damage|p2a: Barbaracle|45/100 slp
|-resisted|p2a: Barbaracle
|-damage|p2a: Barbaracle|32/100 slp
|-hitcount|p2a: Barbaracle|5
|-curestatus|p2a: Barbaracle|slp|[msg]
|move|p2a: Barbaracle|Earthquake|p1a: Cloyster
|-damage|p1a: Cloyster|49/100
|
|upkeep
|turn|13
|inactive|Tintincpajouer has 120 seconds left.
|
|t:|1629241840
|move|p1a: Cloyster|Icicle Spear|p2a: Barbaracle
|-resisted|p2a: Barbaracle
|-damage|p2a: Barbaracle|19/100
|-resisted|p2a: Barbaracle
|-damage|p2a: Barbaracle|8/100
|-resisted|p2a: Barbaracle
|-damage|p2a: Barbaracle|0 fnt
|faint|p2a: Barbaracle
|-hitcount|p2: Barbaracle|3
|
|upkeep
|l| soldado black
|inactive|Tintincpajouer has 120 seconds left.
|
|t:|1629241870
|switch|p2a: Entei|Entei|100/100
|-ability|p2a: Entei|Pressure
|turn|14
|
|t:|1629241879
|switch|p2a: Heracross|Heracross, F|100/100
|move|p1a: Cloyster|Rock Blast|p2a: Heracross
|-crit|p2a: Heracross
|-damage|p2a: Heracross|65/100
|-damage|p2a: Heracross|41/100
|-damage|p2a: Heracross|21/100
|-damage|p2a: Heracross|0 fnt
|faint|p2a: Heracross
|-hitcount|p2: Heracross|4
|
|upkeep
|
|t:|1629241890
|switch|p2a: Entei|Entei|100/100
|-ability|p2a: Entei|Pressure
|turn|15
|
|t:|1629241897
|move|p2a: Entei|Extreme Speed|p1a: Cloyster
|-damage|p1a: Cloyster|27/100
|move|p1a: Cloyster|Liquidation|p2a: Entei
|-supereffective|p2a: Entei
|-damage|p2a: Entei|0 fnt
|faint|p2a: Entei
|
|upkeep
|
|t:|1629241906
|switch|p2a: Mimikyu|Mimikyu-Busted, F|78/100
|turn|16
|
|t:|1629241910
|move|p2a: Mimikyu|Shadow Sneak|p1a: Cloyster
|-damage|p1a: Cloyster|6/100
|-damage|p2a: Mimikyu|68/100|[from] item: Life Orb
|move|p1a: Cloyster|Icicle Spear|p2a: Mimikyu
|-damage|p2a: Mimikyu|30/100
|-damage|p2a: Mimikyu|0 fnt
|faint|p2a: Mimikyu
|-hitcount|p2: Mimikyu|2
|
|upkeep
|
|t:|1629241922
|switch|p2a: Necrozma|Necrozma|100/100
|turn|17
|
|t:|1629241931
|move|p1a: Cloyster|Icicle Spear|p2a: Necrozma
|-damage|p2a: Necrozma|78/100
|-damage|p2a: Necrozma|57/100
|-damage|p2a: Necrozma|36/100
|-damage|p2a: Necrozma|13/100
|-damage|p2a: Necrozma|0 fnt
|faint|p2a: Necrozma
|-hitcount|p2: Necrozma|5
|
|upkeep
|
|t:|1629241941
|switch|p2a: Porygon-Z|Porygon-Z|100/100
|turn|18
|
|t:|1629241954
|move|p1a: Cloyster|Icicle Spear|p2a: Porygon-Z
|-damage|p2a: Porygon-Z|65/100
|-damage|p2a: Porygon-Z|30/100
|-damage|p2a: Porygon-Z|0 fnt
|faint|p2a: Porygon-Z
|-hitcount|p2: Porygon-Z|3
|
|win|MARK BLACK
|raw|MARK BLACK's rating: 1328 &rarr; <strong>1352</strong><br />(+24 for winning)
|raw|Tintincpajouer's rating: 1399 &rarr; <strong>1375</strong><br />(-24 for losing)
|c|☆Tintincpajouer|Gg
|c|☆MARK BLACK|gg
