|j|☆ZeReaTR4NYT
|j|☆ILoveVileplume
|player|p1|ZeReaTR4NYT|lusamine-nihilego|1404
|player|p2|ILoveVileplume|aromalady|1347
|teamsize|p1|6
|teamsize|p2|6
|gametype|singles
|gen|8
|tier|[Gen 8] RU
|rated|
|clearpoke
|poke|p1|Runerigus, M|
|poke|p1|Salazzle, F|
|poke|p1|Rillaboom, F|
|poke|p1|Cramorant, F|
|poke|p1|Scrafty, F|
|poke|p1|Escavalier, M|
|poke|p2|Sableye, M|
|poke|p2|Vileplume, F|
|poke|p2|Snorlax, F|
|poke|p2|Gastrodon, F|
|poke|p2|Silvally-*|
|poke|p2|Coalossal, F|
|rule|Sleep Clause Mod: Limit one foe put to sleep
|rule|Species Clause: Limit one of each Pokémon
|rule|OHKO Clause: OHKO moves are banned
|rule|Evasion Moves Clause: Evasion moves are banned
|rule|Endless Battle Clause: Forcing endless battles is banned
|rule|HP Percentage Mod: HP is shown in percentages
|rule|Dynamax Clause: You cannot dynamax
|teampreview
|inactive|Battle timer is ON: inactive players will automatically lose when time's up. (requested by ZeReaTR4NYT)
|inactive|ILoveVileplume has 120 seconds left.
|
|start
|switch|p1a: Cramorant|Cramorant, F|100/100
|switch|p2a: Vileplume|Vileplume, F|100/100
|turn|1
|
|switch|p1a: Escavalier|Escavalier, M|100/100
|switch|p2a: Snorlax|Snorlax, F|100/100
|
|upkeep
|turn|2
|
|switch|p2a: Silvally|Silvally-Fairy|100/100
|switch|p1a: Scrafty|Scrafty, F|100/100
|-ability|p1a: Scrafty|Intimidate|boost
|-unboost|p2a: Silvally|atk|1
|
|upkeep
|turn|3
|
|switch|p1a: Runerigus|Runerigus, M|100/100
|move|p2a: Silvally|Parting Shot|p1a: Runerigus
|-unboost|p1a: Runerigus|atk|1
|-unboost|p1a: Runerigus|spa|1
|
|switch|p2a: Gastrodon|Gastrodon, F|100/100|[from]move: Parting Shot
|
|upkeep
|turn|4
|
|switch|p1a: Escavalier|Escavalier, M|100/100
|move|p2a: Gastrodon|Scald|p1a: Escavalier
|-damage|p1a: Escavalier|81/100
|
|-heal|p1a: Escavalier|87/100|[from] item: Leftovers
|upkeep
|turn|5
|
|move|p2a: Gastrodon|Scald|p1a: Escavalier
|-damage|p1a: Escavalier|70/100
|move|p1a: Escavalier|Toxic|p2a: Gastrodon
|-status|p2a: Gastrodon|tox
|
|-heal|p1a: Escavalier|77/100|[from] item: Leftovers
|-damage|p2a: Gastrodon|94/100 tox|[from] psn
|upkeep
|turn|6
|
|move|p2a: Gastrodon|Scald|p1a: Escavalier
|-damage|p1a: Escavalier|57/100
|move|p1a: Escavalier|Knock Off|p2a: Gastrodon
|-damage|p2a: Gastrodon|70/100 tox
|-activate|p2a: Gastrodon|ability: Sticky Hold
|
|-heal|p2a: Gastrodon|76/100 tox|[from] item: Leftovers
|-heal|p1a: Escavalier|63/100|[from] item: Leftovers
|-damage|p2a: Gastrodon|64/100 tox|[from] psn
|upkeep
|turn|7
|
|move|p1a: Escavalier|Protect|p1a: Escavalier
|-singleturn|p1a: Escavalier|Protect
|move|p2a: Gastrodon|Recover|p2a: Gastrodon
|-heal|p2a: Gastrodon|100/100 tox
|
|-heal|p1a: Escavalier|70/100|[from] item: Leftovers
|-damage|p2a: Gastrodon|82/100 tox|[from] psn
|upkeep
|turn|8
|
|switch|p2a: Vileplume|Vileplume, F|100/100
|move|p1a: Escavalier|Knock Off|p2a: Vileplume
|-damage|p2a: Vileplume|76/100
|-enditem|p2a: Vileplume|Black Sludge|[from] move: Knock Off|[of] p1a: Escavalier
|
|-heal|p1a: Escavalier|76/100|[from] item: Leftovers
|upkeep
|turn|9
|
|move|p1a: Escavalier|Protect|p1a: Escavalier
|-singleturn|p1a: Escavalier|Protect
|move|p2a: Vileplume|Aromatherapy|p2a: Vileplume
|-activate|p2a: Vileplume|move: Aromatherapy
|-curestatus|p2: Gastrodon|tox|[msg]
|
|-heal|p1a: Escavalier|82/100|[from] item: Leftovers
|upkeep
|turn|10
|
|move|p2a: Vileplume|Sludge Bomb|p1a: Escavalier
|-immune|p1a: Escavalier
|move|p1a: Escavalier|Iron Head|p2a: Vileplume
|-damage|p2a: Vileplume|49/100
|
|-heal|p1a: Escavalier|88/100|[from] item: Leftovers
|upkeep
|turn|11
|
|move|p2a: Vileplume|Strength Sap|p1a: Escavalier
|-unboost|p1a: Escavalier|atk|1
|-heal|p2a: Vileplume|100/100
|move|p1a: Escavalier|Iron Head|p2a: Vileplume
|-damage|p2a: Vileplume|82/100
|
|-heal|p1a: Escavalier|94/100|[from] item: Leftovers
|upkeep
|turn|12
|
|move|p2a: Vileplume|Sludge Bomb|p1a: Escavalier
|-immune|p1a: Escavalier
|move|p1a: Escavalier|Iron Head|p2a: Vileplume
|-damage|p2a: Vileplume|62/100
|
|-heal|p1a: Escavalier|99/100|[from] item: Leftovers
|upkeep
|turn|13
|
|move|p2a: Vileplume|Strength Sap|p1a: Escavalier
|-unboost|p1a: Escavalier|atk|1
|-heal|p2a: Vileplume|100/100
|move|p1a: Escavalier|Knock Off|p2a: Vileplume
|-damage|p2a: Vileplume|92/100
|
|-heal|p1a: Escavalier|100/100|[from] item: Leftovers
|upkeep
|turn|14
|
|move|p2a: Vileplume|Giga Drain|p1a: Escavalier
|-resisted|p1a: Escavalier
|-damage|p1a: Escavalier|95/100
|-heal|p2a: Vileplume|95/100|[from] drain|[of] p1a: Escavalier
|move|p1a: Escavalier|Knock Off|p2a: Vileplume
|-damage|p2a: Vileplume|86/100
|
|-heal|p1a: Escavalier|100/100|[from] item: Leftovers
|upkeep
|turn|15
|
|move|p2a: Vileplume|Giga Drain|p1a: Escavalier
|-resisted|p1a: Escavalier
|-damage|p1a: Escavalier|96/100
|-heal|p2a: Vileplume|89/100|[from] drain|[of] p1a: Escavalier
|move|p1a: Escavalier|Toxic|p2a: Vileplume
|-immune|p2a: Vileplume
|
|-heal|p1a: Escavalier|100/100|[from] item: Leftovers
|upkeep
|turn|16
|
|move|p2a: Vileplume|Sludge Bomb|p1a: Escavalier
|-immune|p1a: Escavalier
|move|p1a: Escavalier|Toxic|p2a: Vileplume
|-immune|p2a: Vileplume
|
|upkeep
|turn|17
|
|move|p2a: Vileplume|Giga Drain|p1a: Escavalier
|-resisted|p1a: Escavalier
|-damage|p1a: Escavalier|96/100
|-heal|p2a: Vileplume|91/100|[from] drain|[of] p1a: Escavalier
|move|p1a: Escavalier|Toxic|p2a: Vileplume
|-immune|p2a: Vileplume
|
|-heal|p1a: Escavalier|100/100|[from] item: Leftovers
|upkeep
|turn|18
|
|move|p2a: Vileplume|Giga Drain|p1a: Escavalier
|-resisted|p1a: Escavalier
|-damage|p1a: Escavalier|96/100
|-heal|p2a: Vileplume|94/100|[from] drain|[of] p1a: Escavalier
|move|p1a: Escavalier|Iron Head|p2a: Vileplume
|-damage|p2a: Vileplume|79/100
|
|-heal|p1a: Escavalier|100/100|[from] item: Leftovers
|upkeep
|turn|19
|
|move|p2a: Vileplume|Giga Drain|p1a: Escavalier
|-resisted|p1a: Escavalier
|-damage|p1a: Escavalier|96/100
|-heal|p2a: Vileplume|82/100|[from] drain|[of] p1a: Escavalier
|move|p1a: Escavalier|Iron Head|p2a: Vileplume
|-damage|p2a: Vileplume|68/100
|
|-heal|p1a: Escavalier|100/100|[from] item: Leftovers
|upkeep
|turn|20
|
|move|p2a: Vileplume|Strength Sap|p1a: Escavalier
|-unboost|p1a: Escavalier|atk|1
|-heal|p2a: Vileplume|100/100
|move|p1a: Escavalier|Toxic|p2a: Vileplume
|-immune|p2a: Vileplume
|
|upkeep
|turn|21
|
|switch|p2a: Gastrodon|Gastrodon, F|82/100
|move|p1a: Escavalier|Iron Head|p2a: Gastrodon
|-resisted|p2a: Gastrodon
|-damage|p2a: Gastrodon|77/100
|
|-heal|p2a: Gastrodon|83/100|[from] item: Leftovers
|upkeep
|turn|22
|
|move|p2a: Gastrodon|Scald|p1a: Escavalier
|-damage|p1a: Escavalier|83/100
|move|p1a: Escavalier|Toxic|p2a: Gastrodon
|-status|p2a: Gastrodon|tox
|
|-heal|p2a: Gastrodon|89/100 tox|[from] item: Leftovers
|-heal|p1a: Escavalier|89/100|[from] item: Leftovers
|-damage|p2a: Gastrodon|83/100 tox|[from] psn
|upkeep
|turn|23
|
|move|p1a: Escavalier|Protect|p1a: Escavalier
|-singleturn|p1a: Escavalier|Protect
|move|p2a: Gastrodon|Scald|p1a: Escavalier
|-activate|p1a: Escavalier|move: Protect
|
|-heal|p2a: Gastrodon|89/100 tox|[from] item: Leftovers
|-heal|p1a: Escavalier|95/100|[from] item: Leftovers
|-damage|p2a: Gastrodon|77/100 tox|[from] psn
|upkeep
|turn|24
|
|move|p2a: Gastrodon|Toxic|p1a: Escavalier
|-immune|p1a: Escavalier
|move|p1a: Escavalier|Knock Off|p2a: Gastrodon
|-damage|p2a: Gastrodon|67/100 tox
|-activate|p2a: Gastrodon|ability: Sticky Hold
|
|-heal|p2a: Gastrodon|73/100 tox|[from] item: Leftovers
|-heal|p1a: Escavalier|100/100|[from] item: Leftovers
|-damage|p2a: Gastrodon|55/100 tox|[from] psn
|upkeep
|turn|25
|
|move|p2a: Gastrodon|Recover|p2a: Gastrodon
|-heal|p2a: Gastrodon|100/100 tox
|move|p1a: Escavalier|Knock Off|p2a: Gastrodon
|-damage|p2a: Gastrodon|91/100 tox
|-activate|p2a: Gastrodon|ability: Sticky Hold
|
|-heal|p2a: Gastrodon|97/100 tox|[from] item: Leftovers
|-damage|p2a: Gastrodon|73/100 tox|[from] psn
|upkeep
|turn|26
|
|move|p1a: Escavalier|Protect|p1a: Escavalier
|-singleturn|p1a: Escavalier|Protect
|move|p2a: Gastrodon|Recover|p2a: Gastrodon
|-heal|p2a: Gastrodon|100/100 tox
|
|-damage|p2a: Gastrodon|70/100 tox|[from] psn
|upkeep
|turn|27
|
|move|p2a: Gastrodon|Scald|p1a: Escavalier
|-damage|p1a: Escavalier|84/100
|move|p1a: Escavalier|Knock Off|p2a: Gastrodon
|-damage|p2a: Gastrodon|61/100 tox
|-activate|p2a: Gastrodon|ability: Sticky Hold
|
|-heal|p2a: Gastrodon|67/100 tox|[from] item: Leftovers
|-heal|p1a: Escavalier|90/100|[from] item: Leftovers
|-damage|p2a: Gastrodon|30/100 tox|[from] psn
|upkeep
|turn|28
|
|move|p2a: Gastrodon|Recover|p2a: Gastrodon
|-heal|p2a: Gastrodon|80/100 tox
|move|p1a: Escavalier|Knock Off|p2a: Gastrodon
|-damage|p2a: Gastrodon|71/100 tox
|-activate|p2a: Gastrodon|ability: Sticky Hold
|
|-heal|p2a: Gastrodon|77/100 tox|[from] item: Leftovers
|-heal|p1a: Escavalier|96/100|[from] item: Leftovers
|-damage|p2a: Gastrodon|35/100 tox|[from] psn
|upkeep
|turn|29
|
|move|p1a: Escavalier|Protect|p1a: Escavalier
|-singleturn|p1a: Escavalier|Protect
|move|p2a: Gastrodon|Recover|p2a: Gastrodon
|-heal|p2a: Gastrodon|85/100 tox
|
|-heal|p2a: Gastrodon|91/100 tox|[from] item: Leftovers
|-heal|p1a: Escavalier|100/100|[from] item: Leftovers
|-damage|p2a: Gastrodon|42/100 tox|[from] psn
|upkeep
|turn|30
|
|switch|p2a: Vileplume|Vileplume, F|100/100
|move|p1a: Escavalier|Knock Off|p2a: Vileplume
|-damage|p2a: Vileplume|94/100
|
|upkeep
|turn|31
|
|move|p2a: Vileplume|Aromatherapy|p2a: Vileplume
|-activate|p2a: Vileplume|move: Aromatherapy
|-curestatus|p2: Gastrodon|tox|[msg]
|move|p1a: Escavalier|Knock Off|p2a: Vileplume
|-damage|p2a: Vileplume|87/100
|
|upkeep
|turn|32
|
|move|p2a: Vileplume|Sludge Bomb|p1a: Escavalier
|-immune|p1a: Escavalier
|move|p1a: Escavalier|Toxic|p2a: Vileplume
|-immune|p2a: Vileplume
|
|upkeep
|turn|33
|
|switch|p2a: Gastrodon|Gastrodon, F|42/100
|move|p1a: Escavalier|Knock Off|p2a: Gastrodon
|-damage|p2a: Gastrodon|32/100
|-activate|p2a: Gastrodon|ability: Sticky Hold
|
|-heal|p2a: Gastrodon|38/100|[from] item: Leftovers
|upkeep
|turn|34
|
|move|p2a: Gastrodon|Recover|p2a: Gastrodon
|-heal|p2a: Gastrodon|88/100
|move|p1a: Escavalier|Toxic|p2a: Gastrodon
|-status|p2a: Gastrodon|tox
|
|-heal|p2a: Gastrodon|94/100 tox|[from] item: Leftovers
|-damage|p2a: Gastrodon|88/100 tox|[from] psn
|upkeep
|turn|35
|
|switch|p2a: Vileplume|Vileplume, F|87/100
|move|p1a: Escavalier|Iron Head|p2a: Vileplume
|-damage|p2a: Vileplume|77/100
|
|upkeep
|turn|36
|
|move|p2a: Vileplume|Aromatherapy|p2a: Vileplume
|-activate|p2a: Vileplume|move: Aromatherapy
|-curestatus|p2: Gastrodon|tox|[msg]
|move|p1a: Escavalier|Iron Head|p2a: Vileplume
|-damage|p2a: Vileplume|66/100
|
|upkeep
|turn|37
|
|move|p2a: Vileplume|Strength Sap|p1a: Escavalier
|-unboost|p1a: Escavalier|atk|1
|-heal|p2a: Vileplume|100/100
|move|p1a: Escavalier|Iron Head|p2a: Vileplume
|-damage|p2a: Vileplume|90/100
|
|upkeep
|turn|38
|
|move|p2a: Vileplume|Sludge Bomb|p1a: Escavalier
|-immune|p1a: Escavalier
|move|p1a: Escavalier|Toxic|p2a: Vileplume
|-immune|p2a: Vileplume
|
|upkeep
|turn|39
|
|move|p2a: Vileplume|Sludge Bomb|p1a: Escavalier
|-immune|p1a: Escavalier
|move|p1a: Escavalier|Knock Off|p2a: Vileplume
|-damage|p2a: Vileplume|85/100
|
|upkeep
|turn|40
|
|switch|p1a: Salazzle|Salazzle, F|100/100
|move|p2a: Vileplume|Giga Drain|p1a: Salazzle
|-resisted|p1a: Salazzle
|-damage|p1a: Salazzle|88/100
|-heal|p2a: Vileplume|90/100|[from] drain|[of] p1a: Salazzle
|
|upkeep
|turn|41
|
|switch|p2a: Coalossal|Coalossal, F|100/100
|move|p1a: Salazzle|Toxic|p2a: Coalossal
|-status|p2a: Coalossal|tox
|
|-damage|p2a: Coalossal|94/100 tox|[from] psn
|upkeep
|turn|42
|
|switch|p1a: Cramorant|Cramorant, F|100/100
|move|p2a: Coalossal|Spikes|p1a: Cramorant
|-sidestart|p1: ZeReaTR4NYT|Spikes
|
|-damage|p2a: Coalossal|82/100 tox|[from] psn
|upkeep
|turn|43
|
|switch|p1a: Escavalier|Escavalier, M|100/100
|-damage|p1a: Escavalier|88/100|[from] Spikes
|switch|p2a: Snorlax|Snorlax, F|100/100
|
|-heal|p1a: Escavalier|94/100|[from] item: Leftovers
|upkeep
|turn|44
|
|switch|p2a: Vileplume|Vileplume, F|90/100
|move|p1a: Escavalier|Knock Off|p2a: Vileplume
|-damage|p2a: Vileplume|75/100
|
|-heal|p1a: Escavalier|100/100|[from] item: Leftovers
|upkeep
|turn|45
|
|move|p1a: Escavalier|Protect|p1a: Escavalier
|-singleturn|p1a: Escavalier|Protect
|move|p2a: Vileplume|Giga Drain|p1a: Escavalier
|-activate|p1a: Escavalier|move: Protect
|
|upkeep
|turn|46
|
|move|p2a: Vileplume|Sludge Bomb|p1a: Escavalier
|-immune|p1a: Escavalier
|move|p1a: Escavalier|Iron Head|p2a: Vileplume
|-damage|p2a: Vileplume|47/100
|
|upkeep
|turn|47
|
|move|p2a: Vileplume|Strength Sap|p1a: Escavalier
|-unboost|p1a: Escavalier|atk|1
|-heal|p2a: Vileplume|100/100
|move|p1a: Escavalier|Iron Head|p2a: Vileplume
|-damage|p2a: Vileplume|82/100
|
|upkeep
|turn|48
|
|move|p2a: Vileplume|Strength Sap|p1a: Escavalier
|-unboost|p1a: Escavalier|atk|1
|-heal|p2a: Vileplume|100/100
|move|p1a: Escavalier|Iron Head|p2a: Vileplume
|-damage|p2a: Vileplume|88/100
|
|upkeep
|turn|49
|
|switch|p2a: Coalossal|Coalossal, F|82/100 tox
|move|p1a: Escavalier|Knock Off|p2a: Coalossal
|-damage|p2a: Coalossal|73/100 tox
|-enditem|p2a: Coalossal|Heavy-Duty Boots|[from] move: Knock Off|[of] p1a: Escavalier
|
|-damage|p2a: Coalossal|67/100 tox|[from] psn
|upkeep
|turn|50
|
|switch|p1a: Cramorant|Cramorant, F|100/100
|move|p2a: Coalossal|Stone Edge|p1a: Cramorant
|-supereffective|p1a: Cramorant
|-damage|p1a: Cramorant|1/100
|
|-damage|p2a: Coalossal|54/100 tox|[from] psn
|upkeep
|turn|51
|
|switch|p2a: Snorlax|Snorlax, F|100/100
|move|p1a: Cramorant|Roost|p1a: Cramorant
|-heal|p1a: Cramorant|51/100
|-singleturn|p1a: Cramorant|move: Roost
|
|upkeep
|turn|52
|
|switch|p1a: Scrafty|Scrafty, F|100/100
|-damage|p1a: Scrafty|88/100|[from] Spikes
|-ability|p1a: Scrafty|Intimidate|boost
|-unboost|p2a: Snorlax|atk|1
|move|p2a: Snorlax|Curse|p2a: Snorlax
|-unboost|p2a: Snorlax|spe|1
|-boost|p2a: Snorlax|atk|1
|-boost|p2a: Snorlax|def|1
|
|-heal|p1a: Scrafty|94/100|[from] item: Leftovers
|upkeep
|turn|53
|
|switch|p2a: Silvally|Silvally-Fairy|100/100
|move|p1a: Scrafty|High Jump Kick|p2a: Silvally
|-resisted|p2a: Silvally
|-damage|p2a: Silvally|75/100
|
|-heal|p1a: Scrafty|99/100|[from] item: Leftovers
|upkeep
|turn|54
|
|switch|p1a: Salazzle|Salazzle, F|88/100
|-damage|p1a: Salazzle|75/100|[from] Spikes
|move|p2a: Silvally|Parting Shot|p1a: Salazzle
|-unboost|p1a: Salazzle|atk|1
|-unboost|p1a: Salazzle|spa|1
|
|switch|p2a: Gastrodon|Gastrodon, F|88/100|[from]move: Parting Shot
|
|-heal|p2a: Gastrodon|94/100|[from] item: Leftovers
|upkeep
|turn|55
|
|switch|p1a: Cramorant|Cramorant, F|51/100
|move|p2a: Gastrodon|Scald|p1a: Cramorant
|-resisted|p1a: Cramorant
|-damage|p1a: Cramorant|42/100
|-status|p1a: Cramorant|brn
|
|-heal|p2a: Gastrodon|99/100|[from] item: Leftovers
|-damage|p1a: Cramorant|36/100 brn|[from] brn
|upkeep
|turn|56
|
|move|p1a: Cramorant|Roost|p1a: Cramorant
|-heal|p1a: Cramorant|86/100 brn
|-singleturn|p1a: Cramorant|move: Roost
|move|p2a: Gastrodon|Earth Power|p1a: Cramorant
|-damage|p1a: Cramorant|66/100 brn
|
|-heal|p2a: Gastrodon|100/100|[from] item: Leftovers
|-damage|p1a: Cramorant|60/100 brn|[from] brn
|upkeep
|turn|57
|
|move|p1a: Cramorant|Defog|p2a: Gastrodon
|-unboost|p2a: Gastrodon|evasion|1
|-sideend|p1: ZeReaTR4NYT|Spikes|[from] move: Defog|[of] p1a: Cramorant
|move|p2a: Gastrodon|Earth Power|p1a: Cramorant
|-immune|p1a: Cramorant
|
|-damage|p1a: Cramorant|54/100 brn|[from] brn
|upkeep
|turn|58
|
|switch|p2a: Snorlax|Snorlax, F|100/100
|move|p1a: Cramorant|Roost|p1a: Cramorant
|-heal|p1a: Cramorant|100/100 brn
|-singleturn|p1a: Cramorant|move: Roost
|
|-damage|p1a: Cramorant|94/100 brn|[from] brn
|upkeep
|turn|59
|
|switch|p1a: Runerigus|Runerigus, M|100/100
|switch|p2a: Sableye|Sableye, M|100/100
|
|upkeep
|turn|60
|
|switch|p1a: Scrafty|Scrafty, F|99/100
|-ability|p1a: Scrafty|Intimidate|boost
|-unboost|p2a: Sableye|atk|1
|move|p2a: Sableye|Knock Off|p1a: Scrafty
|-resisted|p1a: Scrafty
|-damage|p1a: Scrafty|96/100
|-enditem|p1a: Scrafty|Leftovers|[from] move: Knock Off|[of] p2a: Sableye
|
|upkeep
|turn|61
|
|switch|p2a: Silvally|Silvally-Fairy|75/100
|move|p1a: Scrafty|Dragon Dance|p1a: Scrafty
|-boost|p1a: Scrafty|atk|1
|-boost|p1a: Scrafty|spe|1
|
|upkeep
|turn|62
|
|move|p1a: Scrafty|Iron Head|p2a: Silvally
|-supereffective|p2a: Silvally
|-damage|p2a: Silvally|16/100
|cant|p2a: Silvally|flinch
|
|upkeep
|turn|63
|
|switch|p2a: Gastrodon|Gastrodon, F|100/100
|move|p1a: Scrafty|High Jump Kick|p2a: Gastrodon
|-damage|p2a: Gastrodon|34/100
|
|-heal|p2a: Gastrodon|40/100|[from] item: Leftovers
|upkeep
|turn|64
|
|switch|p2a: Sableye|Sableye, M|100/100
|move|p1a: Scrafty|Knock Off|p2a: Sableye
|-damage|p2a: Sableye|41/100
|-enditem|p2a: Sableye|Leftovers|[from] move: Knock Off|[of] p1a: Scrafty
|
|upkeep
|turn|65
|c|☆ILoveVileplume|sad
|-message|ILoveVileplume forfeited.
|
|win|ZeReaTR4NYT
|l|☆ILoveVileplume
||Ladder (probably) updated, but score could not be retrieved (Response not received).
