|html|<div class="broadcast-blue"><strong>[Gen 8] RU is currently suspecting Reuniclus! For information on how to participate check out the <a href="https://www.smogon.com/forums/threads/np-ru-stage-10-all-for-you-reuniclus-suspect.3692458/#post-9008540">suspect thread</a>.</strong></div>
|j|☆pattek
|j|☆MAc3 ✝
|t:|1635435888
|gametype|singles
|player|p1|pattek|lucas|
|player|p2|MAc3 ✝|roxie|
|teamsize|p1|6
|teamsize|p2|6
|gen|8
|tier|[Gen 8] RU
|rule|Sleep Clause Mod: Limit one foe put to sleep
|rule|Species Clause: Limit one of each Pokémon
|rule|OHKO Clause: OHKO moves are banned
|rule|Evasion Moves Clause: Evasion moves are banned
|rule|Endless Battle Clause: Forcing endless battles is banned
|rule|HP Percentage Mod: HP is shown in percentages
|rule|Dynamax Clause: You cannot dynamax
|clearpoke
|poke|p1|Crobat, F|
|poke|p1|Volcanion|
|poke|p1|Guzzlord|
|poke|p1|Roserade, M|
|poke|p1|Steelix, M|
|poke|p1|Reuniclus, M|
|poke|p2|Weezing-Galar, F|
|poke|p2|Linoone, M|
|poke|p2|Slurpuff, F|
|poke|p2|Toxtricity, F|
|poke|p2|Polteageist|
|poke|p2|Ribombee, F|
|teampreview
|inactive|Battle timer is ON: inactive players will automatically lose when time's up. (requested by pattek)
|j| yOuRwElCoMeThAnK
|
|t:|1635435915
|start
|switch|p1a: Roserade|Roserade, M|100/100
|switch|p2a: btf|Weezing-Galar, F|100/100
|-fieldstart|move: Misty Terrain|[from] ability: Misty Surge|[of] p2a: btf
|turn|1
|
|t:|1635435937
|move|p1a: Roserade|Spikes|p2a: btf
|-sidestart|p2: MAc3 ✝|Spikes
|move|p2a: btf|Fire Blast|p1a: Roserade
|-supereffective|p1a: Roserade
|-damage|p1a: Roserade|26/100
|
|upkeep
|turn|2
|
|t:|1635435942
|move|p1a: Roserade|Sludge Bomb|p2a: btf
|-damage|p2a: btf|20/100
|move|p2a: btf|Memento|p1a: Roserade
|-unboost|p1a: Roserade|atk|2
|-unboost|p1a: Roserade|spa|2
|faint|p2a: btf
|
|upkeep
|
|t:|1635435949
|switch|p2a: animal|Linoone, M|100/100
|-damage|p2a: animal|88/100|[from] Spikes
|turn|3
|
|t:|1635435952
|move|p1a: Roserade|Sludge Bomb|p2a: animal
|-damage|p2a: animal|53/100
|move|p2a: animal|Belly Drum|p2a: animal
|-damage|p2a: animal|3/100
|-setboost|p2a: animal|atk|6|[from] move: Belly Drum
|-enditem|p2a: animal|Figy Berry|[eat]
|-heal|p2a: animal|36/100|[from] item: Figy Berry
|
|upkeep
|turn|4
|
|t:|1635435959
|move|p2a: animal|Extreme Speed|p1a: Roserade
|-damage|p1a: Roserade|0 fnt
|faint|p1a: Roserade
|
|upkeep
|
|t:|1635435961
|switch|p1a: Steelix|Steelix, M|100/100
|turn|5
|
|t:|1635435965
|move|p2a: animal|Seed Bomb|p1a: Steelix
|-damage|p1a: Steelix|60/100
|move|p1a: Steelix|Heavy Slam|p2a: animal
|-damage|p2a: animal|0 fnt
|faint|p2a: animal
|
|-heal|p1a: Steelix|66/100|[from] item: Leftovers
|upkeep
|
|t:|1635435970
|switch|p2a: slt|Polteageist|100/100
|-damage|p2a: slt|88/100|[from] Spikes
|turn|6
|
|t:|1635435982
|switch|p2a: försent|Slurpuff, F|100/100
|-damage|p2a: försent|88/100|[from] Spikes
|move|p1a: Steelix|Earthquake|p2a: försent
|-damage|p2a: försent|54/100
|
|-heal|p1a: Steelix|72/100|[from] item: Leftovers
|upkeep
|turn|7
|
|t:|1635435989
|switch|p2a: slt|Polteageist|88/100
|-damage|p2a: slt|76/100|[from] Spikes
|move|p1a: Steelix|Heavy Slam|p2a: slt
|-damage|p2a: slt|11/100
|-ability|p2a: slt|Weak Armor|boost
|-unboost|p2a: slt|def|1
|-boost|p2a: slt|spe|2
|-enditem|p2a: slt|White Herb
|-clearnegativeboost|p2a: slt|[silent]
|
|-heal|p1a: Steelix|78/100|[from] item: Leftovers
|upkeep
|turn|8
|
|t:|1635435997
|move|p2a: slt|Shadow Ball|p1a: Steelix
|-damage|p1a: Steelix|38/100
|-unboost|p1a: Steelix|spd|1
|move|p1a: Steelix|Earthquake|p2a: slt
|-damage|p2a: slt|0 fnt
|faint|p2a: slt
|
|-heal|p1a: Steelix|45/100|[from] item: Leftovers
|-fieldend|Misty Terrain
|upkeep
|
|t:|1635436002
|switch|p2a: stratego|Toxtricity, F|100/100
|-damage|p2a: stratego|88/100|[from] Spikes
|turn|9
|
|t:|1635436027
|switch|p1a: Guzzlord|Guzzlord|100/100
|move|p2a: stratego|Shift Gear|p2a: stratego
|-boost|p2a: stratego|spe|2
|-boost|p2a: stratego|atk|1
|
|upkeep
|turn|10
|
|t:|1635436035
|move|p2a: stratego|Shift Gear|p2a: stratego
|-boost|p2a: stratego|spe|2
|-boost|p2a: stratego|atk|1
|move|p1a: Guzzlord|Knock Off|p2a: stratego
|-damage|p2a: stratego|32/100
|-enditem|p2a: stratego|Life Orb|[from] move: Knock Off|[of] p1a: Guzzlord
|
|upkeep
|turn|11
|
|t:|1635436039
|move|p2a: stratego|Shift Gear|p2a: stratego
|-boost|p2a: stratego|spe|2
|-boost|p2a: stratego|atk|1
|move|p1a: Guzzlord|Knock Off|p2a: stratego
|-damage|p2a: stratego|0 fnt
|faint|p2a: stratego
|-ability|p1a: Guzzlord|Beast Boost|boost
|-boost|p1a: Guzzlord|atk|1
|
|upkeep
|
|t:|1635436042
|switch|p2a: försent|Slurpuff, F|54/100
|-damage|p2a: försent|42/100|[from] Spikes
|-enditem|p2a: försent|Sitrus Berry|[eat]
|-heal|p2a: försent|67/100|[from] item: Sitrus Berry
|turn|12
|
|t:|1635436048
|move|p2a: försent|Drain Punch|p1a: Guzzlord
|-supereffective|p1a: Guzzlord
|-damage|p1a: Guzzlord|65/100
|-heal|p2a: försent|100/100|[from] drain|[of] p1a: Guzzlord
|move|p1a: Guzzlord|Toxic|p2a: försent
|-status|p2a: försent|tox
|
|-damage|p2a: försent|94/100 tox|[from] psn
|upkeep
|turn|13
|
|t:|1635436053
|move|p2a: försent|Belly Drum|p2a: försent
|-damage|p2a: försent|44/100 tox
|-setboost|p2a: försent|atk|6|[from] move: Belly Drum
|move|p1a: Guzzlord|Knock Off|p2a: försent
|-resisted|p2a: försent
|-damage|p2a: försent|25/100 tox
|
|-damage|p2a: försent|13/100 tox|[from] psn
|upkeep
|turn|14
|
|t:|1635436056
|switch|p1a: Crobat|Crobat, F|100/100
|move|p2a: försent|Drain Punch|p1a: Crobat
|-resisted|p1a: Crobat
|-damage|p1a: Crobat|79/100
|-heal|p2a: försent|26/100 tox|[from] drain|[of] p1a: Crobat
|
|-damage|p2a: försent|8/100 tox|[from] psn
|upkeep
|turn|15
|
|t:|1635436060
|move|p2a: försent|Facade|p1a: Crobat
|-damage|p1a: Crobat|0 fnt
|faint|p1a: Crobat
|
|-damage|p2a: försent|0 fnt|[from] psn
|faint|p2a: försent
|upkeep
|c|☆MAc3 ✝|gg
|-message|MAc3 ✝ forfeited.
|
|win|pattek
|c|☆pattek|gg
|l|☆pattek
