|j|☆Quantumania
|j|☆DDD Reveal
|inactive|Battle timer is ON: inactive players will automatically lose when time's up.
|t:|1624365623
|gametype|singles
|player|p1|Quantumania|scientist-gen4|
|player|p2|DDD Reveal|gambler|
|teamsize|p1|6
|teamsize|p2|6
|gen|8
|tier|[Gen 8] RU
|rated|Tournament battle
|rule|Sleep Clause Mod: Limit one foe put to sleep
|rule|Species Clause: Limit one of each Pokémon
|rule|OHKO Clause: OHKO moves are banned
|rule|Evasion Moves Clause: Evasion moves are banned
|rule|Endless Battle Clause: Forcing endless battles is banned
|rule|HP Percentage Mod: HP is shown in percentages
|rule|Dynamax Clause: You cannot dynamax
|clearpoke
|poke|p1|Barraskewda, M|
|poke|p1|Chandelure, M|
|poke|p1|Vileplume, M|
|poke|p1|Noivern, M|
|poke|p1|Steelix, F|
|poke|p1|Porygon2|
|poke|p2|Durant, F|
|poke|p2|Chandelure, M|
|poke|p2|Zarude|
|poke|p2|Togekiss, M|
|poke|p2|Rhyperior, M|
|poke|p2|Milotic, M|
|teampreview
|j|*Lady Monita
|j| Pradyumn04
|
|t:|1624365644
|start
|switch|p1a: Barraskewda|Barraskewda, M, shiny|100/100
|switch|p2a: Milotic|Milotic, M|100/100
|turn|1
|j| Roxy18
|
|t:|1624365659
|move|p1a: Barraskewda|Flip Turn|p2a: Milotic
|-resisted|p2a: Milotic
|-damage|p2a: Milotic|88/100
|
|t:|1624365666
|switch|p1a: Vileplume|Vileplume, M, shiny|100/100|[from]move: Flip Turn
|move|p2a: Milotic|Flip Turn|p1a: Vileplume
|-resisted|p1a: Vileplume
|-damage|p1a: Vileplume|96/100
|
|t:|1624365672
|switch|p2a: Chandelure|Chandelure, M|100/100|[from]move: Flip Turn
|
|upkeep
|turn|2
|l| Roxy18
|
|t:|1624365682
|switch|p1a: Porygon2|Porygon2, shiny|100/100
|-ability|p1a: Porygon2|Infiltrator|[from] ability: Trace|[of] p2a: Chandelure
|move|p2a: Chandelure|Trick|p1a: Porygon2
|-activate|p2a: Chandelure|move: Trick|[of] p1a: Porygon2
|-item|p1a: Porygon2|Choice Scarf|[from] move: Trick
|-item|p2a: Chandelure|Eviolite|[from] move: Trick
|
|upkeep
|turn|3
|j| Reallyevilmuffin
|
|t:|1624365695
|switch|p2a: Rhyperior|Rhyperior, M|100/100
|move|p1a: Porygon2|Teleport|p1a: Porygon2
|l| Reallyevilmuffin
|j| Amitava chatterjee
|
|t:|1624365701
|switch|p1a: Barraskewda|Barraskewda, M, shiny|100/100|[from]move: Teleport
|
|upkeep
|turn|4
|
|t:|1624365705
|switch|p2a: Milotic|Milotic, M|88/100
|move|p1a: Barraskewda|Flip Turn|p2a: Milotic
|-resisted|p2a: Milotic
|-damage|p2a: Milotic|77/100
|
|t:|1624365710
|switch|p1a: Vileplume|Vileplume, M, shiny|96/100|[from]move: Flip Turn
|
|-heal|p2a: Milotic|83/100|[from] item: Leftovers
|upkeep
|turn|5
|
|t:|1624365720
|move|p2a: Milotic|Scald|p1a: Vileplume
|-resisted|p1a: Vileplume
|-damage|p1a: Vileplume|81/100
|move|p1a: Vileplume|Corrosive Gas|p2a: Milotic
|-enditem|p2a: Milotic|Leftovers|[from] move: Corrosive Gas|[of] p1a: Vileplume
|
|upkeep
|turn|6
|
|t:|1624365727
|switch|p2a: Chandelure|Chandelure, M|100/100
|move|p1a: Vileplume|Giga Drain|p2a: Chandelure
|-resisted|p2a: Chandelure
|-damage|p2a: Chandelure|80/100
|-heal|p1a: Vileplume|88/100|[from] drain|[of] p2a: Chandelure
|
|upkeep
|turn|7
|
|t:|1624365734
|switch|p1a: Porygon2|Porygon2, shiny|100/100
|-ability|p1a: Porygon2|Infiltrator|[from] ability: Trace|[of] p2a: Chandelure
|move|p2a: Chandelure|Shadow Ball|p1a: Porygon2
|-immune|p1a: Porygon2
|
|upkeep
|turn|8
|
|t:|1624365746
|move|p2a: Chandelure|Fire Blast|p1a: Porygon2
|-damage|p1a: Porygon2|56/100
|move|p1a: Porygon2|Teleport|p1a: Porygon2
|
|t:|1624365754
|switch|p1a: Barraskewda|Barraskewda, M, shiny|100/100|[from]move: Teleport
|
|upkeep
|turn|9
|
|t:|1624365759
|switch|p2a: Milotic|Milotic, M|83/100
|move|p1a: Barraskewda|Flip Turn|p2a: Milotic
|-resisted|p2a: Milotic
|-damage|p2a: Milotic|72/100
|
|t:|1624365763
|switch|p1a: Vileplume|Vileplume, M, shiny|88/100|[from]move: Flip Turn
|
|upkeep
|turn|10
|
|t:|1624365769
|switch|p1a: Porygon2|Porygon2, shiny|56/100
|-ability|p1a: Porygon2|Marvel Scale|[from] ability: Trace|[of] p2a: Milotic
|move|p2a: Milotic|Flip Turn|p1a: Porygon2
|-damage|p1a: Porygon2|44/100
|
|t:|1624365772
|switch|p2a: Rhyperior|Rhyperior, M|100/100|[from]move: Flip Turn
|
|upkeep
|turn|11
|
|t:|1624365779
|move|p1a: Porygon2|Recover|p1a: Porygon2
|-heal|p1a: Porygon2|94/100
|move|p2a: Rhyperior|Stealth Rock|p1a: Porygon2
|-sidestart|p1: Quantumania|move: Stealth Rock
|
|upkeep
|turn|12
|
|t:|1624365785
|switch|p1a: Vileplume|Vileplume, M, shiny|88/100
|switch|p2a: Chandelure|Chandelure, M|80/100
|
|upkeep
|turn|13
|
|t:|1624365793
|switch|p1a: Noivern|Noivern, M, shiny|100/100
|move|p2a: Chandelure|Fire Blast|p1a: Noivern
|-resisted|p1a: Noivern
|-damage|p1a: Noivern|67/100
|
|upkeep
|turn|14
|j| Deyvsson3000
|
|t:|1624365814
|switch|p2a: Rhyperior|Rhyperior, M|100/100
|move|p1a: Noivern|Toxic|p2a: Rhyperior
|-status|p2a: Rhyperior|tox
|
|-damage|p2a: Rhyperior|94/100 tox|[from] psn
|upkeep
|turn|15
|
|t:|1624365825
|move|p1a: Noivern|Roost|p1a: Noivern
|-heal|p1a: Noivern|100/100
|-singleturn|p1a: Noivern|move: Roost
|move|p2a: Rhyperior|Stone Edge|p1a: Noivern
|-damage|p1a: Noivern|42/100
|
|-heal|p2a: Rhyperior|100/100 tox|[from] item: Leftovers
|-damage|p2a: Rhyperior|88/100 tox|[from] psn
|upkeep
|turn|16
|
|t:|1624365833
|switch|p1a: Vileplume|Vileplume, M, shiny|88/100
|switch|p2a: Togekiss|Togekiss, M|100/100
|
|upkeep
|turn|17
|
|t:|1624365839
|switch|p2a: Chandelure|Chandelure, M|80/100
|switch|p1a: Steelix|Steelix, F, shiny|100/100
|-damage|p1a: Steelix|97/100|[from] Stealth Rock
|
|-heal|p1a: Steelix|100/100|[from] item: Leftovers
|upkeep
|turn|18
|
|t:|1624365845
|switch|p1a: Porygon2|Porygon2, shiny|94/100
|-damage|p1a: Porygon2|82/100|[from] Stealth Rock
|-ability|p1a: Porygon2|Infiltrator|[from] ability: Trace|[of] p2a: Chandelure
|move|p2a: Chandelure|Fire Blast|p1a: Porygon2
|-damage|p1a: Porygon2|34/100
|-status|p1a: Porygon2|brn
|
|-damage|p1a: Porygon2|28/100 brn|[from] brn
|upkeep
|turn|19
|
|t:|1624365851
|move|p1a: Porygon2|Recover|p1a: Porygon2
|-heal|p1a: Porygon2|78/100 brn
|move|p2a: Chandelure|Fire Blast|p1a: Porygon2
|-damage|p1a: Porygon2|30/100 brn
|
|-damage|p1a: Porygon2|24/100 brn|[from] brn
|upkeep
|turn|20
|
|t:|1624365870
|switch|p2a: Rhyperior|Rhyperior, M|88/100 tox
|move|p1a: Porygon2|Recover|p1a: Porygon2
|-heal|p1a: Porygon2|74/100 brn
|
|-heal|p2a: Rhyperior|94/100 tox|[from] item: Leftovers
|-damage|p2a: Rhyperior|88/100 tox|[from] psn
|-damage|p1a: Porygon2|68/100 brn|[from] brn
|upkeep
|turn|21
|j| Ramdtr
|l| Ramdtr
|
|t:|1624365887
|switch|p1a: Vileplume|Vileplume, M, shiny|88/100
|move|p2a: Rhyperior|Earthquake|p1a: Vileplume
|-damage|p1a: Vileplume|47/100
|
|-heal|p2a: Rhyperior|94/100 tox|[from] item: Leftovers
|-damage|p2a: Rhyperior|82/100 tox|[from] psn
|upkeep
|turn|22
|
|t:|1624365894
|switch|p2a: Togekiss|Togekiss, M|100/100
|move|p1a: Vileplume|Strength Sap|p2a: Togekiss
|-unboost|p2a: Togekiss|atk|1
|-heal|p1a: Vileplume|73/100
|
|upkeep
|turn|23
|
|t:|1624365901
|switch|p2a: Chandelure|Chandelure, M|80/100
|move|p1a: Vileplume|Corrosive Gas|p2a: Chandelure
|-enditem|p2a: Chandelure|Eviolite|[from] move: Corrosive Gas|[of] p1a: Vileplume
|
|upkeep
|turn|24
|
|t:|1624365908
|switch|p1a: Porygon2|Porygon2, shiny|68/100 brn
|-damage|p1a: Porygon2|55/100 brn|[from] Stealth Rock
|-ability|p1a: Porygon2|Infiltrator|[from] ability: Trace|[of] p2a: Chandelure
|move|p2a: Chandelure|Fire Blast|p1a: Porygon2
|-damage|p1a: Porygon2|5/100 brn
|
|-damage|p1a: Porygon2|0 fnt|[from] brn
|faint|p1a: Porygon2
|upkeep
|
|t:|1624365913
|switch|p1a: Barraskewda|Barraskewda, M, shiny|100/100
|turn|25
|
|t:|1624365918
|switch|p2a: Milotic|Milotic, M|72/100
|move|p1a: Barraskewda|Flip Turn|p2a: Milotic
|-resisted|p2a: Milotic
|-damage|p2a: Milotic|61/100
|
|t:|1624365926
|switch|p1a: Vileplume|Vileplume, M, shiny|73/100|[from]move: Flip Turn
|
|upkeep
|turn|26
|j| JustSomeBoredGuy9
|
|t:|1624365933
|move|p2a: Milotic|Flip Turn|p1a: Vileplume
|-resisted|p1a: Vileplume
|-damage|p1a: Vileplume|68/100
|-status|p2a: Milotic|slp|[from] ability: Effect Spore|[of] p1a: Vileplume
|
|t:|1624365937
|switch|p2a: Chandelure|Chandelure, M|80/100|[from]move: Flip Turn
|move|p1a: Vileplume|Strength Sap|p2a: Chandelure
|-unboost|p2a: Chandelure|atk|1
|-heal|p1a: Vileplume|97/100
|
|upkeep
|turn|27
|
|t:|1624365949
|switch|p1a: Noivern|Noivern, M, shiny|42/100
|move|p2a: Chandelure|Trick|p1a: Noivern
|-activate|p2a: Chandelure|move: Trick|[of] p1a: Noivern
|-enditem|p1a: Noivern|Heavy-Duty Boots|[silent]|[from] move: Trick
|-item|p2a: Chandelure|Heavy-Duty Boots|[from] move: Trick
|
|upkeep
|turn|28
|
|t:|1624365959
|switch|p2a: Rhyperior|Rhyperior, M|82/100 tox
|move|p1a: Noivern|Toxic|p2a: Rhyperior
|-fail|p2a: Rhyperior|tox
|
|-heal|p2a: Rhyperior|88/100 tox|[from] item: Leftovers
|-damage|p2a: Rhyperior|82/100 tox|[from] psn
|upkeep
|turn|29
|
|t:|1624365964
|switch|p2a: Togekiss|Togekiss, M|100/100
|move|p1a: Noivern|Roost|p1a: Noivern
|-heal|p1a: Noivern|92/100
|-singleturn|p1a: Noivern|move: Roost
|
|upkeep
|turn|30
|
|t:|1624365968
|move|p1a: Noivern|Taunt|p2a: Togekiss
|-start|p2a: Togekiss|move: Taunt
|cant|p2a: Togekiss|move: Taunt|Thunder Wave
|
|upkeep
|turn|31
|
|t:|1624365972
|move|p1a: Noivern|Toxic|p2a: Togekiss
|-status|p2a: Togekiss|tox
|move|p2a: Togekiss|Air Slash|p1a: Noivern
|-damage|p1a: Noivern|57/100
|
|-damage|p2a: Togekiss|94/100 tox|[from] psn
|upkeep
|turn|32
|
|t:|1624365984
|switch|p2a: Rhyperior|Rhyperior, M|82/100 tox
|move|p1a: Noivern|Hurricane|p2a: Rhyperior
|-resisted|p2a: Rhyperior
|-damage|p2a: Rhyperior|64/100 tox
|
|-heal|p2a: Rhyperior|70/100 tox|[from] item: Leftovers
|-damage|p2a: Rhyperior|64/100 tox|[from] psn
|upkeep
|turn|33
|l| JustSomeBoredGuy9
|
|t:|1624365998
|move|p1a: Noivern|Roost|p1a: Noivern
|-heal|p1a: Noivern|100/100
|-singleturn|p1a: Noivern|move: Roost
|move|p2a: Rhyperior|Earthquake|p1a: Noivern
|-damage|p1a: Noivern|42/100
|
|-heal|p2a: Rhyperior|70/100 tox|[from] item: Leftovers
|-damage|p2a: Rhyperior|58/100 tox|[from] psn
|upkeep
|turn|34
|
|t:|1624366014
|switch|p2a: Milotic|Milotic, M|61/100 slp
|move|p1a: Noivern|Roost|p1a: Noivern
|-heal|p1a: Noivern|92/100
|-singleturn|p1a: Noivern|move: Roost
|
|upkeep
|turn|35
|
|t:|1624366019
|switch|p1a: Chandelure|Chandelure, M, shiny|100/100
|cant|p2a: Milotic|slp
|
|upkeep
|turn|36
|
|t:|1624366023
|move|p1a: Chandelure|Flame Charge|p2a: Milotic
|-resisted|p2a: Milotic
|-damage|p2a: Milotic|58/100 slp
|-boost|p1a: Chandelure|spe|1
|cant|p2a: Milotic|slp
|
|upkeep
|turn|37
|
|t:|1624366028
|move|p1a: Chandelure|Energy Ball|p2a: Milotic
|-supereffective|p2a: Milotic
|-damage|p2a: Milotic|12/100 slp
|-curestatus|p2a: Milotic|slp|[msg]
|move|p2a: Milotic|Scald|p1a: Chandelure
|-supereffective|p1a: Chandelure
|-damage|p1a: Chandelure|19/100
|
|upkeep
|turn|38
|j| Datinggoesskraaa
|
|t:|1624366041
|move|p1a: Chandelure|Shadow Ball|p2a: Milotic
|-damage|p2a: Milotic|0 fnt
|faint|p2a: Milotic
|
|upkeep
|
|t:|1624366050
|switch|p2a: Durant|Durant, F|100/100
|turn|39
|
|t:|1624366059
|move|p2a: Durant|First Impression|p1a: Chandelure
|-resisted|p1a: Chandelure
|-damage|p1a: Chandelure|0 fnt
|faint|p1a: Chandelure
|-damage|p2a: Durant|91/100|[from] item: Life Orb
|
|upkeep
|
|t:|1624366071
|switch|p1a: Vileplume|Vileplume, M, shiny|97/100
|turn|40
|
|t:|1624366080
|switch|p2a: Chandelure|Chandelure, M|80/100
|switch|p1a: Barraskewda|Barraskewda, M, shiny|100/100
|
|upkeep
|turn|41
|j| Ritikrathourgamer
|
|t:|1624366087
|switch|p2a: Zarude|Zarude|100/100
|move|p1a: Barraskewda|Liquidation|p2a: Zarude
|-resisted|p2a: Zarude
|-damage|p2a: Zarude|82/100
|-unboost|p2a: Zarude|def|1
|
|upkeep
|turn|42
|
|t:|1624366093
|switch|p2a: Togekiss|Togekiss, M|94/100 tox
|move|p1a: Barraskewda|Close Combat|p2a: Togekiss
|-resisted|p2a: Togekiss
|-damage|p2a: Togekiss|87/100 tox
|-unboost|p1a: Barraskewda|def|1
|-unboost|p1a: Barraskewda|spd|1
|
|-damage|p2a: Togekiss|81/100 tox|[from] psn
|upkeep
|turn|43
|
|t:|1624366098
|switch|p2a: Zarude|Zarude|82/100
|move|p1a: Barraskewda|Flip Turn|p2a: Zarude
|-resisted|p2a: Zarude
|-damage|p2a: Zarude|69/100
|
|t:|1624366102
|switch|p1a: Vileplume|Vileplume, M, shiny|97/100|[from]move: Flip Turn
|
|upkeep
|turn|44
|
|t:|1624366107
|switch|p2a: Chandelure|Chandelure, M|80/100
|switch|p1a: Barraskewda|Barraskewda, M, shiny|100/100
|
|upkeep
|turn|45
|
|t:|1624366115
|switch|p2a: Zarude|Zarude|69/100
|move|p1a: Barraskewda|Liquidation|p2a: Zarude
|-resisted|p2a: Zarude
|-damage|p2a: Zarude|49/100
|
|upkeep
|turn|46
|l| Pradyumn04
|inactive|Quantumania has 120 seconds left.
|
|t:|1624366155
|move|p1a: Barraskewda|Close Combat|p2a: Zarude
|-supereffective|p2a: Zarude
|-damage|p2a: Zarude|0 fnt
|-unboost|p1a: Barraskewda|def|1
|-unboost|p1a: Barraskewda|spd|1
|faint|p2a: Zarude
|
|upkeep
|
|t:|1624366159
|switch|p2a: Durant|Durant, F|91/100
|turn|47
|
|t:|1624366170
|switch|p1a: Noivern|Noivern, M, shiny|92/100
|-damage|p1a: Noivern|67/100|[from] Stealth Rock
|move|p2a: Durant|Superpower|p1a: Noivern
|-resisted|p1a: Noivern
|-damage|p1a: Noivern|30/100
|-unboost|p2a: Durant|atk|1
|-unboost|p2a: Durant|def|1
|-damage|p2a: Durant|81/100|[from] item: Life Orb
|
|upkeep
|turn|48
|
|t:|1624366181
|switch|p2a: Chandelure|Chandelure, M|80/100
|move|p1a: Noivern|Hurricane|p2a: Chandelure
|-damage|p2a: Chandelure|23/100
|
|upkeep
|turn|49
|
|t:|1624366188
|switch|p2a: Rhyperior|Rhyperior, M|58/100 tox
|move|p1a: Noivern|Hurricane|p2a: Rhyperior
|-resisted|p2a: Rhyperior
|-damage|p2a: Rhyperior|42/100 tox
|
|-heal|p2a: Rhyperior|48/100 tox|[from] item: Leftovers
|-damage|p2a: Rhyperior|42/100 tox|[from] psn
|upkeep
|turn|50
|
|t:|1624366193
|move|p1a: Noivern|Roost|p1a: Noivern
|-heal|p1a: Noivern|80/100
|-singleturn|p1a: Noivern|move: Roost
|move|p2a: Rhyperior|Earthquake|p1a: Noivern
|-damage|p1a: Noivern|24/100
|
|-heal|p2a: Rhyperior|48/100 tox|[from] item: Leftovers
|-damage|p2a: Rhyperior|35/100 tox|[from] psn
|upkeep
|turn|51
|
|t:|1624366199
|move|p1a: Noivern|Roost|p1a: Noivern
|-heal|p1a: Noivern|75/100
|-singleturn|p1a: Noivern|move: Roost
|move|p2a: Rhyperior|Earthquake|p1a: Noivern
|-damage|p1a: Noivern|18/100
|
|-heal|p2a: Rhyperior|42/100 tox|[from] item: Leftovers
|-damage|p2a: Rhyperior|23/100 tox|[from] psn
|upkeep
|turn|52
|
|t:|1624366206
|move|p1a: Noivern|Roost|p1a: Noivern
|-heal|p1a: Noivern|68/100
|-singleturn|p1a: Noivern|move: Roost
|move|p2a: Rhyperior|Earthquake|p1a: Noivern
|-damage|p1a: Noivern|12/100
|
|-heal|p2a: Rhyperior|29/100 tox|[from] item: Leftovers
|-damage|p2a: Rhyperior|4/100 tox|[from] psn
|upkeep
|turn|53
|
|t:|1624366213
|move|p1a: Noivern|Roost|p1a: Noivern
|-heal|p1a: Noivern|62/100
|-singleturn|p1a: Noivern|move: Roost
|move|p2a: Rhyperior|Earthquake|p1a: Noivern
|-damage|p1a: Noivern|9/100
|
|-heal|p2a: Rhyperior|10/100 tox|[from] item: Leftovers
|-damage|p2a: Rhyperior|0 fnt|[from] psn
|faint|p2a: Rhyperior
|upkeep
|
|t:|1624366216
|switch|p2a: Durant|Durant, F|81/100
|turn|54
|
|t:|1624366227
|move|p2a: Durant|First Impression|p1a: Noivern
|-resisted|p1a: Noivern
|-damage|p1a: Noivern|0 fnt
|faint|p1a: Noivern
|-damage|p2a: Durant|71/100|[from] item: Life Orb
|
|upkeep
|
|t:|1624366246
|switch|p1a: Steelix|Steelix, F, shiny|100/100
|-damage|p1a: Steelix|97/100|[from] Stealth Rock
|turn|55
|
|t:|1624366257
|switch|p2a: Togekiss|Togekiss, M|81/100 tox
|switch|p1a: Vileplume|Vileplume, M, shiny|97/100
|
|-damage|p2a: Togekiss|75/100 tox|[from] psn
|upkeep
|turn|56
|
|t:|1624366264
|switch|p1a: Steelix|Steelix, F, shiny|97/100
|-damage|p1a: Steelix|94/100|[from] Stealth Rock
|move|p2a: Togekiss|Air Slash|p1a: Steelix
|-resisted|p1a: Steelix
|-damage|p1a: Steelix|77/100
|
|-heal|p1a: Steelix|84/100|[from] item: Leftovers
|-damage|p2a: Togekiss|63/100 tox|[from] psn
|upkeep
|turn|57
|
|t:|1624366273
|switch|p2a: Chandelure|Chandelure, M|23/100
|move|p1a: Steelix|Heavy Slam|p2a: Chandelure
|-resisted|p2a: Chandelure
|-damage|p2a: Chandelure|0 fnt
|faint|p2a: Chandelure
|
|-heal|p1a: Steelix|90/100|[from] item: Leftovers
|upkeep
|-message|DDD Reveal forfeited.
|
|win|Quantumania
|n|☆Quantumania|quantumania
|n|☆DDD Reveal|dddreveal
|n|*Lady Monita|ladymonita
|n| Amitava chatterjee|amitavachatterjee
|n| Deyvsson3000|deyvsson3000
|n| Datinggoesskraaa|datinggoesskraaa
|n| Ritikrathourgamer|ritikrathourgamer
|l|*Lady Monita
|l|☆DDD Reveal
