|j|☆hoyssxo
|j|☆howsitdoin
|t:|1617719642
|gametype|singles
|player|p1|hoyssxo|172|1332
|player|p2|howsitdoin|pokemonranger-gen4|1340
|teamsize|p1|6
|teamsize|p2|6
|gen|8
|tier|[Gen 8] RU
|rated|
|clearpoke
|poke|p1|Togekiss, M|
|poke|p1|Sandaconda, M|
|poke|p1|Starmie|
|poke|p1|Incineroar, M|
|poke|p1|Cobalion|
|poke|p1|Rotom-Mow|
|poke|p2|Aurorus, M|
|poke|p2|Tornadus, M|
|poke|p2|Gastrodon, F|
|poke|p2|Vanilluxe, F|
|poke|p2|Braviary, M|
|poke|p2|Arctozolt|
|rule|Sleep Clause Mod: Limit one foe put to sleep
|rule|Species Clause: Limit one of each Pokémon
|rule|OHKO Clause: OHKO moves are banned
|rule|Evasion Moves Clause: Evasion moves are banned
|rule|Endless Battle Clause: Forcing endless battles is banned
|rule|HP Percentage Mod: HP is shown in percentages
|rule|Dynamax Clause: You cannot dynamax
|teampreview
|inactive|Battle timer is ON: inactive players will automatically lose when time's up. (requested by howsitdoin)
|j| MarioGamer01
|l| MarioGamer01
|
|t:|1617719659
|start
|switch|p1a: Cobalion|Cobalion|100/100
|switch|p2a: Aurorus|Aurorus, M|100/100
|-weather|Hail|[from] ability: Snow Warning|[of] p2a: Aurorus
|turn|1
|
|t:|1617719669
|switch|p2a: Gastrodon|Gastrodon, F|100/100
|move|p1a: Cobalion|Close Combat|p2a: Gastrodon
|-damage|p2a: Gastrodon|64/100
|-unboost|p1a: Cobalion|def|1
|-unboost|p1a: Cobalion|spd|1
|
|-weather|Hail|[upkeep]
|-damage|p1a: Cobalion|94/100|[from] Hail
|-damage|p2a: Gastrodon|58/100|[from] Hail
|-heal|p2a: Gastrodon|64/100|[from] item: Leftovers
|upkeep
|turn|2
|
|t:|1617719681
|switch|p1a: Rotom|Rotom-Mow|100/100
|move|p2a: Gastrodon|Toxic|p1a: Rotom
|-status|p1a: Rotom|tox
|
|-weather|Hail|[upkeep]
|-damage|p1a: Rotom|94/100 tox|[from] Hail
|-damage|p2a: Gastrodon|58/100|[from] Hail
|-heal|p1a: Rotom|100/100 tox|[from] item: Leftovers
|-heal|p2a: Gastrodon|64/100|[from] item: Leftovers
|-damage|p1a: Rotom|94/100 tox|[from] psn
|upkeep
|turn|3
|
|t:|1617719700
|switch|p2a: Vanilluxe|Vanilluxe, F|100/100
|move|p1a: Rotom|Volt Switch|p2a: Vanilluxe
|-damage|p2a: Vanilluxe|68/100
|
|t:|1617719712
|switch|p1a: Cobalion|Cobalion|94/100|[from]move: Volt Switch
|
|-weather|Hail|[upkeep]
|-damage|p1a: Cobalion|88/100|[from] Hail
|upkeep
|turn|4
|
|t:|1617719717
|switch|p2a: Braviary|Braviary, M|100/100
|move|p1a: Cobalion|Close Combat|p2a: Braviary
|-damage|p2a: Braviary|64/100
|-unboost|p1a: Cobalion|def|1
|-unboost|p1a: Cobalion|spd|1
|-damage|p1a: Cobalion|72/100|[from] item: Rocky Helmet|[of] p2a: Braviary
|
|-weather|Hail|[upkeep]
|-damage|p1a: Cobalion|66/100|[from] Hail
|-damage|p2a: Braviary|58/100|[from] Hail
|upkeep
|turn|5
|
|t:|1617719728
|switch|p1a: Sandaconda|Sandaconda, M|100/100
|move|p2a: Braviary|Roost|p2a: Braviary
|-heal|p2a: Braviary|100/100
|-singleturn|p2a: Braviary|move: Roost
|
|-weather|Hail|[upkeep]
|-damage|p2a: Braviary|94/100|[from] Hail
|-damage|p1a: Sandaconda|94/100|[from] Hail
|upkeep
|turn|6
|
|t:|1617719737
|switch|p2a: Aurorus|Aurorus, M|100/100
|move|p1a: Sandaconda|Stealth Rock|p2a: Aurorus
|-sidestart|p2: howsitdoin|move: Stealth Rock
|
|-weather|Hail|[upkeep]
|-damage|p1a: Sandaconda|88/100|[from] Hail
|upkeep
|turn|7
|
|t:|1617719751
|move|p1a: Sandaconda|Glare|p2a: Aurorus
|-status|p2a: Aurorus|par
|cant|p2a: Aurorus|par
|
|-weather|Hail|[upkeep]
|-damage|p1a: Sandaconda|82/100|[from] Hail
|upkeep
|turn|8
|
|t:|1617719757
|switch|p1a: Incineroar|Incineroar, M|100/100
|-ability|p1a: Incineroar|Intimidate|boost
|-unboost|p2a: Aurorus|atk|1
|move|p2a: Aurorus|Aurora Veil|p2a: Aurorus
|-sidestart|p2: howsitdoin|move: Aurora Veil
|
|-weather|none
|upkeep
|turn|9
|j| Puppet Shows
|
|t:|1617719768
|switch|p2a: Braviary|Braviary, M|94/100
|-damage|p2a: Braviary|70/100|[from] Stealth Rock
|move|p1a: Incineroar|Knock Off|p2a: Braviary
|-damage|p2a: Braviary|56/100
|-damage|p1a: Incineroar|84/100|[from] item: Rocky Helmet|[of] p2a: Braviary
|-enditem|p2a: Braviary|Rocky Helmet|[from] move: Knock Off|[of] p1a: Incineroar
|
|upkeep
|turn|10
|
|t:|1617719778
|switch|p1a: Sandaconda|Sandaconda, M|82/100
|move|p2a: Braviary|Roost|p2a: Braviary
|-heal|p2a: Braviary|100/100
|-singleturn|p2a: Braviary|move: Roost
|
|upkeep
|turn|11
|
|t:|1617719786
|move|p2a: Braviary|Defog|p1a: Sandaconda
|-unboost|p1a: Sandaconda|evasion|1
|-sideend|p2: howsitdoin|Stealth Rock|[from] move: Defog|[of] p2a: Braviary
|move|p1a: Sandaconda|Glare|p2a: Braviary
|-status|p2a: Braviary|par
|
|upkeep
|turn|12
|
|t:|1617719792
|switch|p2a: Vanilluxe|Vanilluxe, F|68/100
|-weather|Hail|[from] ability: Snow Warning|[of] p2a: Vanilluxe
|move|p1a: Sandaconda|Stealth Rock|p2a: Vanilluxe
|-sidestart|p2: howsitdoin|move: Stealth Rock
|
|-weather|Hail|[upkeep]
|-damage|p1a: Sandaconda|76/100|[from] Hail
|-sideend|p2: howsitdoin|move: Aurora Veil
|upkeep
|turn|13
|
|t:|1617719800
|switch|p1a: Incineroar|Incineroar, M|84/100
|-ability|p1a: Incineroar|Intimidate|boost
|-unboost|p2a: Vanilluxe|atk|1
|move|p2a: Vanilluxe|Blizzard|p1a: Incineroar
|-resisted|p1a: Incineroar
|-damage|p1a: Incineroar|66/100
|
|-weather|Hail|[upkeep]
|-damage|p1a: Incineroar|60/100|[from] Hail
|upkeep
|turn|14
|
|t:|1617719813
|switch|p2a: Braviary|Braviary, M|100/100 par
|-damage|p2a: Braviary|76/100 par|[from] Stealth Rock
|move|p1a: Incineroar|Overheat|p2a: Braviary
|-damage|p2a: Braviary|40/100 par
|-unboost|p1a: Incineroar|spa|2
|
|-weather|Hail|[upkeep]
|-damage|p1a: Incineroar|54/100|[from] Hail
|-damage|p2a: Braviary|34/100 par|[from] Hail
|upkeep
|turn|15
|
|t:|1617719827
|switch|p1a: Rotom|Rotom-Mow|94/100 tox
|move|p2a: Braviary|Roost|p2a: Braviary
|-heal|p2a: Braviary|84/100 par
|-singleturn|p2a: Braviary|move: Roost
|
|-weather|Hail|[upkeep]
|-damage|p1a: Rotom|88/100 tox|[from] Hail
|-damage|p2a: Braviary|78/100 par|[from] Hail
|-heal|p1a: Rotom|94/100 tox|[from] item: Leftovers
|-damage|p1a: Rotom|88/100 tox|[from] psn
|upkeep
|turn|16
|inactive|howsitdoin has 120 seconds left.
|
|t:|1617719866
|switch|p2a: Vanilluxe|Vanilluxe, F|68/100
|-damage|p2a: Vanilluxe|43/100|[from] Stealth Rock
|move|p1a: Rotom|Nasty Plot|p1a: Rotom
|-boost|p1a: Rotom|spa|2
|
|-weather|none
|-heal|p1a: Rotom|94/100 tox|[from] item: Leftovers
|-damage|p1a: Rotom|82/100 tox|[from] psn
|upkeep
|turn|17
|inactive|howsitdoin has 120 seconds left.
|
|t:|1617719874
|move|p2a: Vanilluxe|Freeze-Dry|p1a: Rotom
|-supereffective|p1a: Rotom
|-damage|p1a: Rotom|13/100 tox
|move|p1a: Rotom|Leaf Storm|p2a: Vanilluxe
|-damage|p2a: Vanilluxe|0 fnt
|-unboost|p1a: Rotom|spa|2
|faint|p2a: Vanilluxe
|
|-heal|p1a: Rotom|19/100 tox|[from] item: Leftovers
|-damage|p1a: Rotom|0 fnt|[from] psn
|faint|p1a: Rotom
|upkeep
|
|t:|1617719890
|switch|p1a: Cobalion|Cobalion|66/100
|switch|p2a: Aurorus|Aurorus, M|100/100 par
|-damage|p2a: Aurorus|76/100 par|[from] Stealth Rock
|-weather|Hail|[from] ability: Snow Warning|[of] p2a: Aurorus
|turn|18
|
|t:|1617719904
|switch|p2a: Braviary|Braviary, M|78/100 par
|-damage|p2a: Braviary|53/100 par|[from] Stealth Rock
|move|p1a: Cobalion|Close Combat|p2a: Braviary
|-damage|p2a: Braviary|14/100 par
|-unboost|p1a: Cobalion|def|1
|-unboost|p1a: Cobalion|spd|1
|
|-weather|Hail|[upkeep]
|-damage|p1a: Cobalion|59/100|[from] Hail
|-damage|p2a: Braviary|8/100 par|[from] Hail
|upkeep
|turn|19
|
|t:|1617719910
|move|p1a: Cobalion|Close Combat|p2a: Braviary
|-damage|p2a: Braviary|0 fnt
|-unboost|p1a: Cobalion|def|1
|-unboost|p1a: Cobalion|spd|1
|faint|p2a: Braviary
|
|-weather|Hail|[upkeep]
|-damage|p1a: Cobalion|53/100|[from] Hail
|upkeep
|
|t:|1617719912
|switch|p2a: Arctozolt|Arctozolt|100/100
|-damage|p2a: Arctozolt|76/100|[from] Stealth Rock
|turn|20
|
|t:|1617719918
|switch|p1a: Sandaconda|Sandaconda, M|76/100
|move|p2a: Arctozolt|Icicle Crash|p1a: Sandaconda
|-supereffective|p1a: Sandaconda
|-damage|p1a: Sandaconda|14/100
|
|-weather|Hail|[upkeep]
|-damage|p1a: Sandaconda|8/100|[from] Hail
|upkeep
|turn|21
|
|t:|1617719926
|switch|p1a: Incineroar|Incineroar, M|54/100
|-ability|p1a: Incineroar|Intimidate|boost
|-unboost|p2a: Arctozolt|atk|1
|move|p2a: Arctozolt|Icicle Crash|p1a: Incineroar
|-resisted|p1a: Incineroar
|-damage|p1a: Incineroar|36/100
|
|-weather|Hail|[upkeep]
|-damage|p1a: Incineroar|30/100|[from] Hail
|upkeep
|turn|22
|
|t:|1617719936
|switch|p2a: Gastrodon|Gastrodon, F|64/100
|-damage|p2a: Gastrodon|58/100|[from] Stealth Rock
|switch|p1a: Sandaconda|Sandaconda, M|8/100
|
|-weather|Hail|[upkeep]
|-damage|p1a: Sandaconda|2/100|[from] Hail
|-damage|p2a: Gastrodon|51/100|[from] Hail
|-heal|p2a: Gastrodon|58/100|[from] item: Leftovers
|upkeep
|turn|23
|l| Puppet Shows
|
|t:|1617719943
|move|p1a: Sandaconda|Rest|p1a: Sandaconda
|-status|p1a: Sandaconda|slp|[from] move: Rest
|-heal|p1a: Sandaconda|100/100 slp|[silent]
|move|p2a: Gastrodon|Scald|p1a: Sandaconda
|-supereffective|p1a: Sandaconda
|-damage|p1a: Sandaconda|38/100 slp
|
|-weather|Hail|[upkeep]
|-damage|p1a: Sandaconda|32/100 slp|[from] Hail
|-damage|p2a: Gastrodon|51/100|[from] Hail
|-activate|p1a: Sandaconda|ability: Shed Skin
|-curestatus|p1a: Sandaconda|slp|[msg]
|-heal|p2a: Gastrodon|58/100|[from] item: Leftovers
|upkeep
|turn|24
|
|t:|1617719954
|move|p1a: Sandaconda|Glare|p2a: Gastrodon
|-status|p2a: Gastrodon|par
|move|p2a: Gastrodon|Scald|p1a: Sandaconda
|-supereffective|p1a: Sandaconda
|-damage|p1a: Sandaconda|0 fnt
|faint|p1a: Sandaconda
|
|-weather|Hail|[upkeep]
|-damage|p2a: Gastrodon|51/100 par|[from] Hail
|-heal|p2a: Gastrodon|58/100 par|[from] item: Leftovers
|upkeep
|
|t:|1617719961
|switch|p1a: Togekiss|Togekiss, M|100/100
|turn|25
|
|t:|1617719966
|move|p1a: Togekiss|Air Cutter|p2a: Gastrodon
|-crit|p2a: Gastrodon
|-damage|p2a: Gastrodon|16/100 par
|cant|p2a: Gastrodon|par
|
|-weather|none
|-heal|p2a: Gastrodon|22/100 par|[from] item: Leftovers
|upkeep
|turn|26
|
|t:|1617719973
|move|p1a: Togekiss|Air Cutter|p2a: Gastrodon
|-crit|p2a: Gastrodon
|-damage|p2a: Gastrodon|0 fnt
|faint|p2a: Gastrodon
|
|upkeep
|
|t:|1617719975
|switch|p2a: Aurorus|Aurorus, M|76/100 par
|-damage|p2a: Aurorus|51/100 par|[from] Stealth Rock
|-weather|Hail|[from] ability: Snow Warning|[of] p2a: Aurorus
|turn|27
|
|t:|1617719989
|move|p1a: Togekiss|Dazzling Gleam|p2a: Aurorus
|-damage|p2a: Aurorus|17/100 par
|move|p2a: Aurorus|Aurora Veil|p2a: Aurorus
|-sidestart|p2: howsitdoin|move: Aurora Veil
|
|-weather|Hail|[upkeep]
|-damage|p1a: Togekiss|94/100|[from] Hail
|upkeep
|turn|28
|
|t:|1617719996
|move|p1a: Togekiss|Dazzling Gleam|p2a: Aurorus
|-damage|p2a: Aurorus|0 fnt
|faint|p2a: Aurorus
|
|-weather|Hail|[upkeep]
|-damage|p1a: Togekiss|88/100|[from] Hail
|upkeep
|
|t:|1617719998
|switch|p2a: Arctozolt|Arctozolt|76/100
|-damage|p2a: Arctozolt|51/100|[from] Stealth Rock
|turn|29
|
|t:|1617720019
|move|p2a: Arctozolt|Bolt Beak|p1a: Togekiss
|-supereffective|p1a: Togekiss
|-damage|p1a: Togekiss|0 fnt
|faint|p1a: Togekiss
|
|-weather|Hail|[upkeep]
|upkeep
|
|t:|1617720023
|switch|p1a: Incineroar|Incineroar, M|30/100
|-ability|p1a: Incineroar|Intimidate|boost
|-unboost|p2a: Arctozolt|atk|1
|turn|30
|inactive|hoyssxo has 120 seconds left.
|
|t:|1617720056
|switch|p1a: Starmie|Starmie|100/100
|move|p2a: Arctozolt|Bolt Beak|p1a: Starmie
|-supereffective|p1a: Starmie
|-crit|p1a: Starmie
|-damage|p1a: Starmie|0 fnt
|faint|p1a: Starmie
|
|-weather|Hail|[upkeep]
|upkeep
|
|t:|1617720061
|switch|p1a: Incineroar|Incineroar, M|30/100
|-ability|p1a: Incineroar|Intimidate|boost
|-unboost|p2a: Arctozolt|atk|1
|turn|31
|inactive|hoyssxo has 120 seconds left.
|
|t:|1617720072
|switch|p2a: Tornadus|Tornadus, M|100/100
|move|p1a: Incineroar|Parting Shot|p2a: Tornadus
|-unboost|p2a: Tornadus|atk|1
|-unboost|p2a: Tornadus|spa|1
|
|t:|1617720078
|switch|p1a: Cobalion|Cobalion|53/100|[from]move: Parting Shot
|
|-weather|Hail|[upkeep]
|-damage|p1a: Cobalion|47/100|[from] Hail
|-damage|p2a: Tornadus|94/100|[from] Hail
|-sideend|p2: howsitdoin|move: Aurora Veil
|upkeep
|turn|32
|inactive|hoyssxo has 120 seconds left.
|
|t:|1617720085
|move|p1a: Cobalion|Stone Edge|p2a: Tornadus
|-supereffective|p2a: Tornadus
|-damage|p2a: Tornadus|14/100
|move|p2a: Tornadus|Heat Wave|p1a: Cobalion
|-supereffective|p1a: Cobalion
|-damage|p1a: Cobalion|0 fnt
|faint|p1a: Cobalion
|
|-weather|Hail|[upkeep]
|-damage|p2a: Tornadus|8/100|[from] Hail
|upkeep
|inactive|hoyssxo has 120 seconds left.
|
|t:|1617720091
|switch|p1a: Incineroar|Incineroar, M|30/100
|-ability|p1a: Incineroar|Intimidate|boost
|-unboost|p2a: Tornadus|atk|1
|turn|33
|
|t:|1617720093
|move|p2a: Tornadus|Air Slash|p1a: Incineroar
|-damage|p1a: Incineroar|13/100
|move|p1a: Incineroar|Knock Off|p2a: Tornadus
|-damage|p2a: Tornadus|0 fnt
|-enditem|p2a: Tornadus|Heavy-Duty Boots|[from] move: Knock Off|[of] p1a: Incineroar
|faint|p2a: Tornadus
|
|-weather|Hail|[upkeep]
|-damage|p1a: Incineroar|7/100|[from] Hail
|upkeep
|
|t:|1617720095
|switch|p2a: Arctozolt|Arctozolt|51/100
|-damage|p2a: Arctozolt|26/100|[from] Stealth Rock
|turn|34
|
|t:|1617720100
|move|p2a: Arctozolt|Bolt Beak|p1a: Incineroar
|-damage|p1a: Incineroar|0 fnt
|faint|p1a: Incineroar
|
|win|howsitdoin
|c|☆howsitdoin|gg
|raw|hoyssxo's rating: 1333 &rarr; <strong>1313</strong><br />(-20 for losing)
|raw|howsitdoin's rating: 1340 &rarr; <strong>1360</strong><br />(+20 for winning)
|l|☆hoyssxo
||Ladder isn't responding, score probably updated but might not have (Request timeout).
