|j|☆eyes_eyes
|j|☆Soumya Ukil
|t:|1650783184
|gametype|singles
|player|p1|eyes_eyes|winona|1217
|player|p2|Soumya Ukil|hilbert|1137
|teamsize|p1|6
|teamsize|p2|6
|gen|8
|tier|[Gen 8] RU
|rated|
|rule|Sleep Clause Mod: Limit one foe put to sleep
|rule|Species Clause: Limit one of each Pokémon
|rule|OHKO Clause: OHKO moves are banned
|rule|Evasion Moves Clause: Evasion moves are banned
|rule|Endless Battle Clause: Forcing endless battles is banned
|rule|HP Percentage Mod: HP is shown in percentages
|rule|Dynamax Clause: You cannot dynamax
|clearpoke
|poke|p1|Flygon, F|
|poke|p1|Gardevoir, F|
|poke|p1|Metagross|
|poke|p1|Heracross, M|
|poke|p1|Gastrodon, M|
|poke|p1|Xurkitree|
|poke|p2|Chandelure, M|
|poke|p2|Lucario, M|
|poke|p2|Togekiss, F|
|poke|p2|Xurkitree|
|poke|p2|Flygon, M|
|poke|p2|Incineroar, M|
|teampreview
|inactive|Battle timer is ON: inactive players will automatically lose when time's up. (requested by Soumya Ukil)
|
|t:|1650783198
|start
|switch|p1a: Metagross|Metagross|100/100
|switch|p2a: Incineroar|Incineroar, M|100/100
|-ability|p2a: Incineroar|Intimidate|boost
|-fail|p1a: Metagross|unboost|[from] ability: Clear Body|[of] p1a: Metagross
|turn|1
|
|t:|1650783204
|switch|p1a: Gastrodon|Gastrodon, M|100/100
|move|p2a: Incineroar|Knock Off|p1a: Gastrodon
|-damage|p1a: Gastrodon|66/100
|-damage|p2a: Incineroar|84/100|[from] item: Rocky Helmet|[of] p1a: Gastrodon
|-activate|p1a: Gastrodon|ability: Sticky Hold
|
|-heal|p2a: Incineroar|90/100|[from] item: Leftovers
|upkeep
|turn|2
|
|t:|1650783221
|move|p2a: Incineroar|Swords Dance|p2a: Incineroar
|-boost|p2a: Incineroar|atk|2
|move|p1a: Gastrodon|Toxic|p2a: Incineroar|[miss]
|-miss|p1a: Gastrodon|p2a: Incineroar
|
|-heal|p2a: Incineroar|96/100|[from] item: Leftovers
|upkeep
|turn|3
|
|t:|1650783236
|switch|p1a: Flygon|Flygon, F|100/100
|move|p2a: Incineroar|Swords Dance|p2a: Incineroar
|-boost|p2a: Incineroar|atk|2
|
|-heal|p2a: Incineroar|100/100|[from] item: Leftovers
|upkeep
|turn|4
|
|t:|1650783243
|move|p1a: Flygon|Earthquake|p2a: Incineroar
|-supereffective|p2a: Incineroar
|-damage|p2a: Incineroar|2/100
|move|p2a: Incineroar|Knock Off|p1a: Flygon
|-damage|p1a: Flygon|0 fnt
|faint|p1a: Flygon
|
|-heal|p2a: Incineroar|8/100|[from] item: Leftovers
|upkeep
|inactive|eyes_eyes has 120 seconds left.
|inactive|eyes_eyes has 90 seconds left.
|
|t:|1650783307
|switch|p1a: Xurkitree|Xurkitree|100/100
|turn|5
|
|t:|1650783313
|move|p1a: Xurkitree|Dazzling Gleam|p2a: Incineroar
|-damage|p2a: Incineroar|0 fnt
|faint|p2a: Incineroar
|-ability|p1a: Xurkitree|Beast Boost|boost
|-boost|p1a: Xurkitree|spa|1
|
|upkeep
|
|t:|1650783321
|switch|p2a: Flygon|Flygon, M|100/100
|turn|6
|
|t:|1650783335
|switch|p1a: Gardevoir|Gardevoir, F|100/100
|-ability|p1a: Gardevoir|Levitate|[from] ability: Trace|[of] p2a: Flygon
|move|p2a: Flygon|Earthquake|p1a: Gardevoir
|-immune|p1a: Gardevoir|[from] ability: Levitate
|
|upkeep
|turn|7
|
|t:|1650783344
|switch|p2a: Chandelure|Chandelure, M|100/100
|move|p1a: Gardevoir|Moonblast|p2a: Chandelure
|-resisted|p2a: Chandelure
|-damage|p2a: Chandelure|68/100
|
|upkeep
|turn|8
|
|t:|1650783361
|switch|p1a: Xurkitree|Xurkitree|100/100
|move|p2a: Chandelure|Shadow Ball|p1a: Xurkitree
|-damage|p1a: Xurkitree|28/100
|
|upkeep
|turn|9
|inactive|eyes_eyes has 90 seconds left.
|
|t:|1650783389
|move|p2a: Chandelure|Shadow Ball|p1a: Xurkitree
|-damage|p1a: Xurkitree|0 fnt
|faint|p1a: Xurkitree
|
|upkeep
|
|t:|1650783399
|switch|p1a: Heracross|Heracross, M|100/100
|turn|10
|
|t:|1650783405
|switch|p2a: Flygon|Flygon, M|100/100
|move|p1a: Heracross|Knock Off|p2a: Flygon
|-damage|p2a: Flygon|57/100
|-enditem|p2a: Flygon|Focus Sash|[from] move: Knock Off|[of] p1a: Heracross
|
|upkeep
|turn|11
|
|t:|1650783412
|switch|p1a: Gastrodon|Gastrodon, M|66/100
|move|p2a: Flygon|Dragon Dance|p2a: Flygon
|-boost|p2a: Flygon|atk|1
|-boost|p2a: Flygon|spe|1
|
|upkeep
|turn|12
|
|t:|1650783418
|move|p2a: Flygon|Earthquake|p1a: Gastrodon
|-damage|p1a: Gastrodon|12/100
|move|p1a: Gastrodon|Scald|p2a: Flygon
|-damage|p2a: Flygon|22/100
|
|upkeep
|turn|13
|
|t:|1650783424
|move|p2a: Flygon|Earthquake|p1a: Gastrodon
|-damage|p1a: Gastrodon|0 fnt
|faint|p1a: Gastrodon
|
|upkeep
|inactive|eyes_eyes has 90 seconds left.
|
|t:|1650783452
|switch|p1a: Gardevoir|Gardevoir, F|100/100
|-ability|p1a: Gardevoir|Levitate|[from] ability: Trace|[of] p2a: Flygon
|turn|14
|
|t:|1650783456
|move|p2a: Flygon|Stone Edge|p1a: Gardevoir|[miss]
|-miss|p2a: Flygon|p1a: Gardevoir
|move|p1a: Gardevoir|Moonblast|p2a: Flygon
|-supereffective|p2a: Flygon
|-damage|p2a: Flygon|0 fnt
|faint|p2a: Flygon
|
|upkeep
|
|t:|1650783468
|switch|p2a: Togekiss|Togekiss, F|100/100
|turn|15
|
|t:|1650783473
|switch|p1a: Metagross|Metagross|100/100
|move|p2a: Togekiss|Nasty Plot|p2a: Togekiss
|-boost|p2a: Togekiss|spa|2
|
|upkeep
|turn|16
|inactive|eyes_eyes has 120 seconds left.
|
|t:|1650783478
|move|p2a: Togekiss|Aura Sphere|p1a: Metagross
|-damage|p1a: Metagross|42/100
|move|p1a: Metagross|Zen Headbutt|p2a: Togekiss
|-damage|p2a: Togekiss|46/100
|
|upkeep
|turn|17
|
|t:|1650783484
|move|p2a: Togekiss|Aura Sphere|p1a: Metagross
|-damage|p1a: Metagross|0 fnt
|faint|p1a: Metagross
|
|upkeep
|inactive|eyes_eyes has 120 seconds left.
|
|t:|1650783523
|switch|p1a: Heracross|Heracross, M|100/100
|turn|18
|
|t:|1650783527
|move|p1a: Heracross|Stone Edge|p2a: Togekiss
|-supereffective|p2a: Togekiss
|-damage|p2a: Togekiss|0 fnt
|faint|p2a: Togekiss
|-ability|p1a: Heracross|Moxie|boost
|-boost|p1a: Heracross|atk|1
|
|upkeep
|
|t:|1650783540
|switch|p2a: Lucario|Lucario, M|100/100
|turn|19
|
|t:|1650783544
|switch|p1a: Gardevoir|Gardevoir, F|100/100
|-ability|p1a: Gardevoir|Inner Focus|[from] ability: Trace|[of] p2a: Lucario
|move|p2a: Lucario|Meteor Mash|p1a: Gardevoir
|-supereffective|p1a: Gardevoir
|-damage|p1a: Gardevoir|0 fnt
|faint|p1a: Gardevoir
|
|upkeep
|inactive|eyes_eyes has 120 seconds left.
|
|t:|1650783552
|switch|p1a: Heracross|Heracross, M|100/100
|turn|20
|
|t:|1650783560
|move|p1a: Heracross|Megahorn|p2a: Lucario
|-resisted|p2a: Lucario
|-damage|p2a: Lucario|76/100
|move|p2a: Lucario|Meteor Mash|p1a: Heracross
|-damage|p1a: Heracross|8/100
|
|upkeep
|turn|21
|
|t:|1650783567
|move|p1a: Heracross|Megahorn|p2a: Lucario
|-resisted|p2a: Lucario
|-damage|p2a: Lucario|54/100
|move|p2a: Lucario|Meteor Mash|p1a: Heracross
|-damage|p1a: Heracross|0 fnt
|faint|p1a: Heracross
|
|win|Soumya Ukil
|raw|eyes_eyes's rating: 1217 &rarr; <strong>1186</strong><br />(-31 for losing)
|raw|Soumya Ukil's rating: 1137 &rarr; <strong>1168</strong><br />(+31 for winning)
|c|☆eyes_eyes|gg
|l|☆eyes_eyes
|c|☆Soumya Ukil|Gg
