|html|<div class="broadcast-blue"><strong>[Gen 8] RU is currently suspecting Mienshao! For information on how to participate check out the <a href="https://www.smogon.com/forums/threads/np-ru-stage-8-nocturne-mienshao-suspect-test.3688330/">suspect thread</a>.</strong></div>
|j|☆shoney
|j|☆whistling
|t:|1627506313
|gametype|singles
|player|p1|shoney|169|1297
|player|p2|whistling|red|1542
|teamsize|p1|6
|teamsize|p2|6
|gen|8
|tier|[Gen 8] RU
|rated|
|rule|Sleep Clause Mod: Limit one foe put to sleep
|rule|Species Clause: Limit one of each Pokémon
|rule|OHKO Clause: OHKO moves are banned
|rule|Evasion Moves Clause: Evasion moves are banned
|rule|Endless Battle Clause: Forcing endless battles is banned
|rule|HP Percentage Mod: HP is shown in percentages
|rule|Dynamax Clause: You cannot dynamax
|clearpoke
|poke|p1|Froslass, F|
|poke|p1|Cloyster, F|
|poke|p1|Mimikyu, F|
|poke|p1|Necrozma|
|poke|p1|Toxtricity, M|
|poke|p1|Sharpedo, M|
|poke|p2|Xurkitree|
|poke|p2|Toxicroak, M|
|poke|p2|Steelix, M|
|poke|p2|Golisopod, M|
|poke|p2|Noivern, M|
|poke|p2|Gardevoir, F|
|teampreview
|inactive|Battle timer is ON: inactive players will automatically lose when time's up. (requested by shoney)
|j| yourwelcomethank
|inactive|shoney has 120 seconds left.
|
|t:|1627506367
|start
|switch|p1a: Froslass|Froslass, F|100/100
|switch|p2a: Xurkitree|Xurkitree|100/100
|turn|1
|
|t:|1627506377
|move|p1a: Froslass|Spikes|p2a: Xurkitree
|-sidestart|p2: whistling|Spikes
|move|p2a: Xurkitree|Volt Switch|p1a: Froslass
|-damage|p1a: Froslass|37/100
|
|t:|1627506381
|switch|p2a: Noivern|Noivern, M|100/100|[from]move: Volt Switch
|
|upkeep
|turn|2
|
|t:|1627506387
|move|p2a: Noivern|Flamethrower|p1a: Froslass
|-supereffective|p1a: Froslass
|-crit|p1a: Froslass
|-damage|p1a: Froslass|0 fnt
|-start|p2a: Noivern|Disable|Flamethrower|[from] ability: Cursed Body|[of] p1a: Froslass
|faint|p1a: Froslass
|
|upkeep
|inactive|shoney has 120 seconds left.
|
|t:|1627506417
|switch|p1a: Mimikyu|Mimikyu, F, shiny|100/100
|turn|3
|inactive|shoney has 120 seconds left.
|
|t:|1627506428
|move|p2a: Noivern|Toxic|p1a: Mimikyu
|-status|p1a: Mimikyu|tox
|move|p1a: Mimikyu|Swords Dance|p1a: Mimikyu
|-boost|p1a: Mimikyu|atk|2
|
|-damage|p1a: Mimikyu|95/100 tox|[from] psn
|upkeep
|turn|4
|
|t:|1627506435
|switch|p2a: Steelix|Steelix, M|100/100
|-damage|p2a: Steelix|88/100|[from] Spikes
|move|p1a: Mimikyu|Play Rough|p2a: Steelix|[miss]
|-miss|p1a: Mimikyu|p2a: Steelix
|
|-heal|p2a: Steelix|94/100|[from] item: Leftovers
|-damage|p1a: Mimikyu|83/100 tox|[from] psn
|upkeep
|turn|5
|
|t:|1627506439
|move|p1a: Mimikyu|Shadow Claw|p2a: Steelix
|-crit|p2a: Steelix
|-damage|p2a: Steelix|33/100
|-damage|p1a: Mimikyu|73/100 tox|[from] item: Life Orb
|move|p2a: Steelix|Heavy Slam|p1a: Mimikyu
|-activate|p1a: Mimikyu|ability: Disguise
|-damage|p1a: Mimikyu|73/100 tox
|detailschange|p1a: Mimikyu|Mimikyu-Busted, F, shiny
|-damage|p1a: Mimikyu|60/100 tox|[from] pokemon: Mimikyu-Busted
|
|-heal|p2a: Steelix|39/100|[from] item: Leftovers
|-damage|p1a: Mimikyu|43/100 tox|[from] psn
|upkeep
|turn|6
|
|t:|1627506444
|move|p1a: Mimikyu|Shadow Claw|p2a: Steelix
|-damage|p2a: Steelix|0 fnt
|faint|p2a: Steelix
|-damage|p1a: Mimikyu|33/100 tox|[from] item: Life Orb
|
|-damage|p1a: Mimikyu|9/100 tox|[from] psn
|upkeep
|
|t:|1627506448
|switch|p2a: Golisopod|Golisopod, M|100/100
|turn|7
|
|t:|1627506454
|move|p1a: Mimikyu|Shadow Sneak|p2a: Golisopod
|-damage|p2a: Golisopod|69/100
|-damage|p1a: Mimikyu|0 fnt|[from] item: Life Orb
|faint|p1a: Mimikyu
|move|p2a: Golisopod|Spikes|p1: Mimikyu
|-sidestart|p1: shoney|Spikes
|
|upkeep
|
|t:|1627506462
|switch|p1a: Toxtricity|Toxtricity, M|100/100
|-damage|p1a: Toxtricity|88/100|[from] Spikes
|turn|8
|
|t:|1627506471
|switch|p2a: Gardevoir|Gardevoir, F|100/100
|-damage|p2a: Gardevoir|88/100|[from] Spikes
|-ability|p2a: Gardevoir|Punk Rock|[from] ability: Trace|[of] p1a: Toxtricity
|move|p1a: Toxtricity|Boomburst|p2a: Gardevoir
|-damage|p2a: Gardevoir|38/100
|
|upkeep
|turn|9
|
|t:|1627506480
|switch|p1a: Sharpedo|Sharpedo, M, shiny|100/100
|-damage|p1a: Sharpedo|88/100|[from] Spikes
|move|p2a: Gardevoir|Moonblast|p1a: Sharpedo
|-supereffective|p1a: Sharpedo
|-damage|p1a: Sharpedo|0 fnt
|faint|p1a: Sharpedo
|
|upkeep
|
|t:|1627506489
|switch|p1a: Toxtricity|Toxtricity, M|88/100
|-damage|p1a: Toxtricity|76/100|[from] Spikes
|turn|10
|
|t:|1627506496
|move|p2a: Gardevoir|Moonblast|p1a: Toxtricity
|-resisted|p1a: Toxtricity
|-damage|p1a: Toxtricity|41/100
|move|p1a: Toxtricity|Boomburst|p2a: Gardevoir
|-damage|p2a: Gardevoir|0 fnt
|faint|p2a: Gardevoir
|
|upkeep
|
|t:|1627506504
|switch|p2a: Xurkitree|Xurkitree|100/100
|turn|11
|inactive|shoney has 120 seconds left.
|
|t:|1627506537
|move|p2a: Xurkitree|Thunderbolt|p1a: Toxtricity
|-resisted|p1a: Toxtricity
|-damage|p1a: Toxtricity|0 fnt
|faint|p1a: Toxtricity
|-ability|p2a: Xurkitree|Beast Boost|boost
|-boost|p2a: Xurkitree|spa|1
|
|upkeep
|inactive|shoney has 120 seconds left.
|
|t:|1627506544
|switch|p1a: Necrozma|Necrozma|100/100
|-damage|p1a: Necrozma|88/100|[from] Spikes
|turn|12
|
|t:|1627506553
|move|p2a: Xurkitree|Thunderbolt|p1a: Necrozma
|-damage|p1a: Necrozma|0 fnt
|faint|p1a: Necrozma
|-ability|p2a: Xurkitree|Beast Boost|boost
|-boost|p2a: Xurkitree|spa|1
|
|upkeep
|c|☆shoney|gg
|
|t:|1627506556
|switch|p1a: Cloyster|Cloyster, F|100/100
|-damage|p1a: Cloyster|88/100|[from] Spikes
|turn|13
|c|☆whistling|gg
|
|t:|1627506561
|move|p2a: Xurkitree|Thunderbolt|p1a: Cloyster
|-supereffective|p1a: Cloyster
|-damage|p1a: Cloyster|0 fnt
|faint|p1a: Cloyster
|
|win|whistling
|raw|shoney's rating: 1297 &rarr; <strong>1287</strong><br />(-10 for losing)
|raw|whistling's rating: 1541 &rarr; <strong>1549</strong><br />(+8 for winning)
|l|☆whistling
||Ladder isn't responding, score probably updated but might not have (Request timeout).
