|j|☆banks
|j|☆Silvally-Gold
|t:|1596989546
|player|p1|banks|#banks|
|player|p2|Silvally-Gold|teacher-gen2|
|teamsize|p1|6
|teamsize|p2|6
|gametype|singles
|gen|8
|tier|[Gen 8] RU
|clearpoke
|poke|p1|Drapion, F|
|poke|p1|Dhelmise|
|poke|p1|Gigalith, F|
|poke|p1|Vaporeon, F|
|poke|p1|Gardevoir, F|
|poke|p1|Vikavolt, F|
|poke|p2|Slowbro-Galar, M|
|poke|p2|Steelix, M|
|poke|p2|Rotom-Mow|
|poke|p2|Milotic, F|
|poke|p2|Scrafty, M|
|poke|p2|Gardevoir, F|
|rule|Sleep Clause Mod: Limit one foe put to sleep
|rule|Species Clause: Limit one of each Pokémon
|rule|OHKO Clause: OHKO moves are banned
|rule|Evasion Moves Clause: Evasion moves are banned
|rule|Endless Battle Clause: Forcing endless battles is banned
|rule|HP Percentage Mod: HP is shown in percentages
|rule|Dynamax Clause: You cannot dynamax
|teampreview
|c|☆Silvally-Gold|hf
|j| howl noon
|j| RULT1qm Warrior
|inactive|Battle timer is ON: inactive players will automatically lose when time's up. (requested by banks)
|c|☆banks|hf
|j|@eternally
|j| the pharoah
|c|@eternally|who is silvally gold
|
|t:|1596989585
|start
|switch|p1a: Moonchild|Dhelmise|100/100
|switch|p2a: Steelix|Steelix, M|100/100
|turn|1
|c|☆Silvally-Gold|goldcat
|j|+Feliburn
|j| sza
|j| Mac3 ✝
|j| goolaoaoao
|
|t:|1596989609
|move|p1a: Moonchild|Power Whip|p2a: Steelix|[miss]
|-miss|p1a: Moonchild|p2a: Steelix
|move|p2a: Steelix|Iron Defense|p2a: Steelix
|-boost|p2a: Steelix|def|2
|
|upkeep
|turn|2
|c| Mac3 ✝|guldkatt
|
|t:|1596989614
|switch|p1a: Blue Train|Vaporeon, F|100/100
|move|p2a: Steelix|Stealth Rock|p1a: Blue Train
|-sidestart|p1: banks|move: Stealth Rock
|
|upkeep
|turn|3
|
|t:|1596989622
|switch|p2a: Rotom|Rotom-Mow|100/100
|move|p1a: Blue Train|Wish|p1a: Blue Train
|
|upkeep
|turn|4
|
|t:|1596989632
|switch|p1a: Sci-Fi Wasabi|Vikavolt, F|100/100
|move|p2a: Rotom|Volt Switch|p1a: Sci-Fi Wasabi
|-resisted|p1a: Sci-Fi Wasabi
|-damage|p1a: Sci-Fi Wasabi|84/100
|
|t:|1596989641
|switch|p2a: Steelix|Steelix, M|100/100|[from]move: Volt Switch
|
|-heal|p1a: Sci-Fi Wasabi|100/100|[from] move: Wish|[wisher] Blue Train
|upkeep
|turn|5
|j|+Averardo
|j|+Bouff
|
|t:|1596989654
|move|p1a: Sci-Fi Wasabi|Energy Ball|p2a: Steelix
|-damage|p2a: Steelix|74/100
|move|p2a: Steelix|Head Smash|p1a: Sci-Fi Wasabi
|-supereffective|p1a: Sci-Fi Wasabi
|-damage|p1a: Sci-Fi Wasabi|42/100
|
|-heal|p2a: Steelix|80/100|[from] item: Leftovers
|upkeep
|turn|6
|
|t:|1596989662
|switch|p1a: Blue Train|Vaporeon, F|100/100
|-damage|p1a: Blue Train|88/100|[from] Stealth Rock
|move|p2a: Steelix|Head Smash|p1a: Blue Train
|-damage|p1a: Blue Train|66/100
|
|-heal|p1a: Blue Train|72/100|[from] item: Leftovers
|-heal|p2a: Steelix|86/100|[from] item: Leftovers
|upkeep
|turn|7
|
|t:|1596989670
|switch|p2a: Gardevoir|Gardevoir, F|100/100
|-ability|p2a: Gardevoir|Water Absorb|[from] ability: Trace|[of] p1a: Blue Train
|move|p1a: Blue Train|Wish|p1a: Blue Train
|
|-heal|p1a: Blue Train|79/100|[from] item: Leftovers
|upkeep
|turn|8
|
|t:|1596989683
|switch|p1a: Moonchild|Dhelmise|100/100
|move|p2a: Gardevoir|Moonblast|p1a: Moonchild
|-damage|p1a: Moonchild|57/100
|
|-heal|p1a: Moonchild|100/100|[from] move: Wish|[wisher] Blue Train
|upkeep
|turn|9
|
|t:|1596989694
|switch|p2a: Steelix|Steelix, M|86/100
|move|p1a: Moonchild|Power Whip|p2a: Steelix
|-damage|p2a: Steelix|56/100
|
|-heal|p2a: Steelix|62/100|[from] item: Leftovers
|upkeep
|turn|10
|
|t:|1596989706
|switch|p2a: Slowbro|Slowbro-Galar, M|100/100
|move|p1a: Moonchild|Power Whip|p2a: Slowbro|[miss]
|-miss|p1a: Moonchild|p2a: Slowbro
|
|upkeep
|turn|11
|
|t:|1596989712
|switch|p1a: Stone|Gigalith, F|100/100
|-damage|p1a: Stone|88/100|[from] Stealth Rock
|-weather|Sandstorm|[from] ability: Sand Stream|[of] p1a: Stone
|switch|p2a: Scrafty|Scrafty, M|100/100
|-ability|p2a: Scrafty|Intimidate|boost
|-unboost|p1a: Stone|atk|1
|
|-weather|Sandstorm|[upkeep]
|-damage|p2a: Scrafty|95/100|[from] Sandstorm
|-heal|p1a: Stone|94/100|[from] item: Leftovers
|upkeep
|turn|12
|
|t:|1596989720
|switch|p1a: Sci-Fi Wasabi|Vikavolt, F|42/100
|move|p2a: Scrafty|Knock Off|p1a: Sci-Fi Wasabi
|-damage|p1a: Sci-Fi Wasabi|6/100
|-enditem|p1a: Sci-Fi Wasabi|Heavy-Duty Boots|[from] move: Knock Off|[of] p2a: Scrafty
|
|-weather|Sandstorm|[upkeep]
|-damage|p2a: Scrafty|89/100|[from] Sandstorm
|-damage|p1a: Sci-Fi Wasabi|0 fnt|[from] Sandstorm
|faint|p1a: Sci-Fi Wasabi
|upkeep
|
|t:|1596989723
|switch|p1a: Lint of Love|Gardevoir, F|100/100
|-damage|p1a: Lint of Love|88/100|[from] Stealth Rock
|-ability|p1a: Lint of Love|Intimidate|[from] ability: Trace|[of] p2a: Scrafty
|-ability|p1a: Lint of Love|Intimidate|boost
|-unboost|p2a: Scrafty|atk|1
|turn|13
|j| dirt universe
|n| sza|sza
|inactive|banks has 270 seconds left.
|
|t:|1596989757
|switch|p2a: Slowbro|Slowbro-Galar, M|100/100
|move|p1a: Lint of Love|Trick|p2a: Slowbro
|-activate|p1a: Lint of Love|move: Trick|[of] p2a: Slowbro
|-item|p2a: Slowbro|Choice Scarf|[from] move: Trick
|-item|p1a: Lint of Love|Black Sludge|[from] move: Trick
|
|-weather|Sandstorm|[upkeep]
|-damage|p1a: Lint of Love|82/100|[from] Sandstorm
|-damage|p2a: Slowbro|94/100|[from] Sandstorm
|-damage|p1a: Lint of Love|70/100|[from] item: Black Sludge
|upkeep
|turn|14
|l| howl noon
|
|t:|1596989768
|switch|p1a: Blue Train|Vaporeon, F|79/100
|-damage|p1a: Blue Train|66/100|[from] Stealth Rock
|move|p2a: Slowbro|Sludge Bomb|p1a: Blue Train
|-damage|p1a: Blue Train|41/100
|-status|p1a: Blue Train|psn
|
|-weather|Sandstorm|[upkeep]
|-damage|p1a: Blue Train|35/100 psn|[from] Sandstorm
|-damage|p2a: Slowbro|88/100|[from] Sandstorm
|-heal|p1a: Blue Train|41/100 psn|[from] item: Leftovers
|-damage|p1a: Blue Train|28/100 psn|[from] psn
|upkeep
|turn|15
|c|☆banks|man
|inactive|banks has 270 seconds left.
|
|t:|1596989789
|move|p1a: Blue Train|Wish|p1a: Blue Train
|move|p2a: Slowbro|Sludge Bomb|p1a: Blue Train
|-damage|p1a: Blue Train|4/100 psn
|
|-weather|none
|-heal|p1a: Blue Train|11/100 psn|[from] item: Leftovers
|-damage|p1a: Blue Train|0 fnt|[from] psn
|faint|p1a: Blue Train
|upkeep
|
|t:|1596989791
|switch|p1a: King of Silence|Drapion, F|100/100
|-damage|p1a: King of Silence|88/100|[from] Stealth Rock
|turn|16
|inactive|banks has 270 seconds left.
|
|t:|1596989807
|switch|p2a: Milotic|Milotic, F|100/100
|move|p1a: King of Silence|Swords Dance|p1a: King of Silence
|-boost|p1a: King of Silence|atk|2
|
|-heal|p1a: King of Silence|100/100|[from] move: Wish|[wisher] Blue Train
|upkeep
|turn|17
|
|t:|1596989811
|move|p1a: King of Silence|Knock Off|p2a: Milotic
|-damage|p2a: Milotic|41/100
|-enditem|p2a: Milotic|Leftovers|[from] move: Knock Off|[of] p1a: King of Silence
|move|p2a: Milotic|Scald|p1a: King of Silence
|-damage|p1a: King of Silence|56/100
|
|-heal|p1a: King of Silence|62/100|[from] item: Black Sludge
|upkeep
|turn|18
|inactive|banks has 270 seconds left.
|
|t:|1596989835
|move|p1a: King of Silence|Poison Jab|p2a: Milotic
|-damage|p2a: Milotic|0 fnt
|faint|p2a: Milotic
|
|-heal|p1a: King of Silence|68/100|[from] item: Black Sludge
|upkeep
|
|t:|1596989848
|switch|p2a: Gardevoir|Gardevoir, F|100/100
|-ability|p2a: Gardevoir|Sniper|[from] ability: Trace|[of] p1a: King of Silence
|turn|19
|
|t:|1596989854
|switch|p1a: Stone|Gigalith, F|94/100
|-damage|p1a: Stone|82/100|[from] Stealth Rock
|-weather|Sandstorm|[from] ability: Sand Stream|[of] p1a: Stone
|move|p2a: Gardevoir|Moonblast|p1a: Stone
|-damage|p1a: Stone|55/100
|
|-weather|Sandstorm|[upkeep]
|-damage|p2a: Gardevoir|94/100|[from] Sandstorm
|-heal|p1a: Stone|61/100|[from] item: Leftovers
|upkeep
|turn|20
|
|t:|1596989865
|switch|p2a: Scrafty|Scrafty, M|89/100
|-ability|p2a: Scrafty|Intimidate|boost
|-unboost|p1a: Stone|atk|1
|move|p1a: Stone|Stealth Rock|p2a: Scrafty
|-sidestart|p2: Silvally-Gold|move: Stealth Rock
|
|-weather|Sandstorm|[upkeep]
|-damage|p2a: Scrafty|83/100|[from] Sandstorm
|-heal|p1a: Stone|67/100|[from] item: Leftovers
|upkeep
|turn|21
|j| kw
|
|t:|1596989874
|move|p2a: Scrafty|Dragon Dance|p2a: Scrafty
|-boost|p2a: Scrafty|atk|1
|-boost|p2a: Scrafty|spe|1
|move|p1a: Stone|Body Press|p2a: Scrafty
|-supereffective|p2a: Scrafty
|-damage|p2a: Scrafty|32/100
|
|-weather|Sandstorm|[upkeep]
|-damage|p2a: Scrafty|26/100|[from] Sandstorm
|-heal|p1a: Stone|73/100|[from] item: Leftovers
|upkeep
|turn|22
|
|t:|1596989885
|switch|p1a: Moonchild|Dhelmise|100/100
|move|p2a: Scrafty|Close Combat|p1a: Moonchild
|-immune|p1a: Moonchild
|
|-weather|Sandstorm|[upkeep]
|-damage|p2a: Scrafty|20/100|[from] Sandstorm
|-damage|p1a: Moonchild|94/100|[from] Sandstorm
|upkeep
|turn|23
|
|t:|1596989891
|move|p2a: Scrafty|Knock Off|p1a: Moonchild
|-supereffective|p1a: Moonchild
|-damage|p1a: Moonchild|0 fnt
|-enditem|p1a: Moonchild|Heavy-Duty Boots|[from] move: Knock Off|[of] p2a: Scrafty
|faint|p1a: Moonchild
|
|-weather|none
|upkeep
|
|t:|1596989897
|switch|p1a: Lint of Love|Gardevoir, F|70/100
|-damage|p1a: Lint of Love|58/100|[from] Stealth Rock
|-ability|p1a: Lint of Love|Intimidate|[from] ability: Trace|[of] p2a: Scrafty
|-ability|p1a: Lint of Love|Intimidate|boost
|-unboost|p2a: Scrafty|atk|1
|turn|24
|
|t:|1596989903
|move|p2a: Scrafty|Iron Head|p1a: Lint of Love
|-supereffective|p1a: Lint of Love
|-damage|p1a: Lint of Love|0 fnt
|faint|p1a: Lint of Love
|
|upkeep
|c|☆banks|gg lol
|-message|banks forfeited.
|
|win|Silvally-Gold
|l|☆banks
|c|☆Silvally-Gold|ggs
|l|@eternally
|l| goolaoaoao
|l| kw
|l| sza
|l| Mac3 ✝
|l| RULT1qm Warrior
