|j|☆EclecticEmpiricist
|j|☆gusbus
|t:|1606440027
|player|p1|EclecticEmpiricist|hiker-gen4|1616
|player|p2|gusbus|2|1397
|teamsize|p1|6
|teamsize|p2|6
|gametype|singles
|gen|8
|tier|[Gen 8] RU
|rated|
|clearpoke
|poke|p1|Lycanroc-Dusk, F|
|poke|p1|Conkeldurr, F|
|poke|p1|Registeel|
|poke|p1|Slowking, M|
|poke|p1|Crobat, F|
|poke|p1|Zarude|
|poke|p2|Nidoqueen, F|
|poke|p2|Ribombee, F|
|poke|p2|Raikou|
|poke|p2|Roserade, M|
|poke|p2|Haxorus, M|
|poke|p2|Starmie|
|rule|Sleep Clause Mod: Limit one foe put to sleep
|rule|Species Clause: Limit one of each Pokémon
|rule|OHKO Clause: OHKO moves are banned
|rule|Evasion Moves Clause: Evasion moves are banned
|rule|Endless Battle Clause: Forcing endless battles is banned
|rule|HP Percentage Mod: HP is shown in percentages
|rule|Dynamax Clause: You cannot dynamax
|teampreview
|c|☆EclecticEmpiricist|hf
|inactive|Battle timer is ON: inactive players will automatically lose when time's up. (requested by gusbus)
|
|t:|1606440058
|start
|switch|p1a: Lycanroc|Lycanroc-Dusk, F|100/100
|switch|p2a: Raikou|Raikou|100/100
|-ability|p2a: Raikou|Pressure
|turn|1
|
|t:|1606440065
|switch|p1a: Registeel|Registeel|100/100
|move|p2a: Raikou|Volt Switch|p1a: Registeel
|-damage|p1a: Registeel|82/100
|
|t:|1606440074
|switch|p2a: Nidoqueen|Nidoqueen, F|100/100|[from]move: Volt Switch
|
|-heal|p1a: Registeel|88/100|[from] item: Leftovers
|upkeep
|turn|2
|
|t:|1606440079
|move|p2a: Nidoqueen|Earth Power|p1a: Registeel
|-supereffective|p1a: Registeel
|-damage|p1a: Registeel|32/100
|move|p1a: Registeel|Stealth Rock|p2a: Nidoqueen
|-sidestart|p2: gusbus|move: Stealth Rock
|
|-heal|p1a: Registeel|38/100|[from] item: Leftovers
|upkeep
|turn|3
|
|t:|1606440085
|switch|p1a: Slowking|Slowking, M|100/100
|move|p2a: Nidoqueen|Earth Power|p1a: Slowking
|-crit|p1a: Slowking
|-damage|p1a: Slowking|30/100
|
|upkeep
|turn|4
|
|t:|1606440092
|switch|p1a: Crobat|Crobat, F|100/100
|move|p2a: Nidoqueen|Thunderbolt|p1a: Crobat
|-supereffective|p1a: Crobat
|-damage|p1a: Crobat|3/100
|
|upkeep
|turn|5
|
|t:|1606440104
|move|p1a: Crobat|Brave Bird|p2a: Nidoqueen
|-crit|p2a: Nidoqueen
|-damage|p2a: Nidoqueen|10/100
|-damage|p1a: Crobat|0 fnt|[from] Recoil
|faint|p1a: Crobat
|move|p2a: Nidoqueen|Sludge Wave|p1: Crobat|[notarget]
|-fail|p2a: Nidoqueen
|
|upkeep
|
|t:|1606440111
|switch|p1a: Lycanroc|Lycanroc-Dusk, F|100/100
|turn|6
|
|t:|1606440121
|move|p1a: Lycanroc|Crunch|p2a: Nidoqueen
|-damage|p2a: Nidoqueen|0 fnt
|-damage|p1a: Lycanroc|91/100|[from] item: Life Orb
|faint|p2a: Nidoqueen
|
|upkeep
|
|t:|1606440128
|switch|p2a: Starmie|Starmie|100/100
|turn|7
|
|t:|1606440133
|switch|p1a: Zarude|Zarude|100/100
|move|p2a: Starmie|Flip Turn|p1a: Zarude
|-resisted|p1a: Zarude
|-damage|p1a: Zarude|93/100
|
|t:|1606440146
|switch|p2a: Ribombee|Ribombee, F|100/100|[from]move: Flip Turn
|-damage|p2a: Ribombee|76/100|[from] Stealth Rock
|
|upkeep
|turn|8
|
|t:|1606440155
|switch|p1a: Registeel|Registeel|38/100
|move|p2a: Ribombee|Sticky Web|p1a: Registeel
|-sidestart|p1: EclecticEmpiricist|move: Sticky Web
|
|-heal|p1a: Registeel|44/100|[from] item: Leftovers
|upkeep
|turn|9
|
|t:|1606440164
|move|p2a: Ribombee|U-turn|p1a: Registeel
|-resisted|p1a: Registeel
|-damage|p1a: Registeel|40/100
|
|t:|1606440167
|switch|p2a: Starmie|Starmie|100/100|[from]move: U-turn
|move|p1a: Registeel|Heavy Slam|p2a: Starmie
|-resisted|p2a: Starmie
|-damage|p2a: Starmie|90/100
|
|-heal|p1a: Registeel|46/100|[from] item: Leftovers
|upkeep
|turn|10
|
|t:|1606440172
|move|p1a: Registeel|Protect|p1a: Registeel
|-singleturn|p1a: Registeel|Protect
|move|p2a: Starmie|Rapid Spin|p1a: Registeel
|-activate|p1a: Registeel|move: Protect
|
|-heal|p1a: Registeel|52/100|[from] item: Leftovers
|upkeep
|turn|11
|
|t:|1606440177
|move|p2a: Starmie|Thunder Wave|p1a: Registeel
|-status|p1a: Registeel|par
|move|p1a: Registeel|Toxic|p2a: Starmie
|-status|p2a: Starmie|tox
|
|-heal|p1a: Registeel|58/100 par|[from] item: Leftovers
|-damage|p2a: Starmie|84/100 tox|[from] psn
|upkeep
|turn|12
|
|t:|1606440183
|move|p2a: Starmie|Rapid Spin|p1a: Registeel
|-resisted|p1a: Registeel
|-damage|p1a: Registeel|55/100 par
|-boost|p2a: Starmie|spe|1
|-sideend|p2: gusbus|Stealth Rock|[from] move: Rapid Spin|[of] p2a: Starmie
|move|p1a: Registeel|Stealth Rock|p2a: Starmie
|-sidestart|p2: gusbus|move: Stealth Rock
|
|-heal|p1a: Registeel|61/100 par|[from] item: Leftovers
|-damage|p2a: Starmie|72/100 tox|[from] psn
|upkeep
|turn|13
|
|t:|1606440187
|move|p2a: Starmie|Recover|p2a: Starmie
|-heal|p2a: Starmie|100/100 tox
|move|p1a: Registeel|Heavy Slam|p2a: Starmie
|-resisted|p2a: Starmie
|-damage|p2a: Starmie|91/100 tox
|
|-heal|p1a: Registeel|67/100 par|[from] item: Leftovers
|-damage|p2a: Starmie|72/100 tox|[from] psn
|upkeep
|turn|14
|
|t:|1606440193
|switch|p2a: Raikou|Raikou|100/100
|-ability|p2a: Raikou|Pressure
|move|p1a: Registeel|Heavy Slam|p2a: Raikou
|-resisted|p2a: Raikou
|-damage|p2a: Raikou|93/100
|
|-heal|p1a: Registeel|73/100 par|[from] item: Leftovers
|upkeep
|turn|15
|
|t:|1606440201
|switch|p1a: Zarude|Zarude|93/100
|move|p2a: Raikou|Volt Switch|p1a: Zarude
|-resisted|p1a: Zarude
|-damage|p1a: Zarude|78/100
|
|t:|1606440210
|switch|p2a: Ribombee|Ribombee, F|76/100|[from]move: Volt Switch
|-damage|p2a: Ribombee|51/100|[from] Stealth Rock
|
|upkeep
|turn|16
|
|t:|1606440216
|switch|p1a: Registeel|Registeel|73/100 par
|-activate|p1a: Registeel|move: Sticky Web
|-fail|p1a: Registeel|unboost|[from] ability: Clear Body|[of] p1a: Registeel
|move|p2a: Ribombee|U-turn|p1a: Registeel
|-resisted|p1a: Registeel
|-damage|p1a: Registeel|69/100 par
|
|t:|1606440226
|switch|p2a: Raikou|Raikou|93/100|[from]move: U-turn
|-ability|p2a: Raikou|Pressure
|
|-heal|p1a: Registeel|75/100 par|[from] item: Leftovers
|upkeep
|turn|17
|
|t:|1606440244
|move|p2a: Raikou|Aura Sphere|p1a: Registeel
|-supereffective|p1a: Registeel
|-damage|p1a: Registeel|50/100 par
|move|p1a: Registeel|Toxic|p2a: Raikou
|-status|p2a: Raikou|tox
|
|-heal|p1a: Registeel|56/100 par|[from] item: Leftovers
|-damage|p2a: Raikou|87/100 tox|[from] psn
|upkeep
|turn|18
|
|t:|1606440253
|move|p1a: Registeel|Protect|p1a: Registeel
|-singleturn|p1a: Registeel|Protect
|move|p2a: Raikou|Volt Switch|p1a: Registeel
|-activate|p1a: Registeel|move: Protect
|
|-heal|p1a: Registeel|62/100 par|[from] item: Leftovers
|-damage|p2a: Raikou|75/100 tox|[from] psn
|upkeep
|turn|19
|
|t:|1606440262
|move|p2a: Raikou|Volt Switch|p1a: Registeel
|-damage|p1a: Registeel|44/100 par
|
|t:|1606440267
|switch|p2a: Roserade|Roserade, M|100/100|[from]move: Volt Switch
|-damage|p2a: Roserade|88/100|[from] Stealth Rock
|move|p1a: Registeel|Heavy Slam|p2a: Roserade
|-damage|p2a: Roserade|39/100
|
|-heal|p2a: Roserade|45/100|[from] item: Black Sludge
|-heal|p1a: Registeel|50/100 par|[from] item: Leftovers
|upkeep
|turn|20
|
|t:|1606440276
|move|p2a: Roserade|Synthesis|p2a: Roserade
|-heal|p2a: Roserade|95/100
|move|p1a: Registeel|Heavy Slam|p2a: Roserade
|-damage|p2a: Roserade|48/100
|
|-heal|p2a: Roserade|54/100|[from] item: Black Sludge
|-heal|p1a: Registeel|56/100 par|[from] item: Leftovers
|upkeep
|turn|21
|
|t:|1606440286
|switch|p1a: Zarude|Zarude|78/100
|move|p2a: Roserade|Spikes|p1a: Zarude
|-sidestart|p1: EclecticEmpiricist|Spikes
|
|-heal|p2a: Roserade|60/100|[from] item: Black Sludge
|upkeep
|turn|22
|
|t:|1606440293
|move|p1a: Zarude|Darkest Lariat|p2a: Roserade
|-damage|p2a: Roserade|0 fnt
|faint|p2a: Roserade
|
|upkeep
|
|t:|1606440301
|switch|p2a: Haxorus|Haxorus, M|100/100
|-damage|p2a: Haxorus|88/100|[from] Stealth Rock
|-ability|p2a: Haxorus|Mold Breaker
|turn|23
|
|t:|1606440305
|move|p2a: Haxorus|First Impression|p1a: Zarude
|-supereffective|p1a: Zarude
|-damage|p1a: Zarude|0 fnt
|faint|p1a: Zarude
|
|upkeep
|
|t:|1606440308
|switch|p1a: Conkeldurr|Conkeldurr, F|100/100
|-activate|p1a: Conkeldurr|move: Sticky Web
|-unboost|p1a: Conkeldurr|spe|1
|-damage|p1a: Conkeldurr|88/100|[from] Spikes
|turn|24
|
|t:|1606440340
|switch|p2a: Starmie|Starmie|72/100
|move|p1a: Conkeldurr|Drain Punch|p2a: Starmie
|-resisted|p2a: Starmie
|-damage|p2a: Starmie|44/100
|-heal|p1a: Conkeldurr|100/100|[from] drain|[of] p2a: Starmie
|
|-status|p1a: Conkeldurr|brn|[from] item: Flame Orb
|upkeep
|turn|25
|
|t:|1606440345
|move|p2a: Starmie|Rapid Spin|p1a: Conkeldurr
|-damage|p1a: Conkeldurr|91/100 brn
|-boost|p2a: Starmie|spe|1
|-sideend|p2: gusbus|Stealth Rock|[from] move: Rapid Spin|[of] p2a: Starmie
|move|p1a: Conkeldurr|Facade|p2a: Starmie
|-damage|p2a: Starmie|0 fnt
|faint|p2a: Starmie
|
|-damage|p1a: Conkeldurr|85/100 brn|[from] brn
|upkeep
|
|t:|1606440349
|switch|p2a: Ribombee|Ribombee, F|51/100
|turn|26
|
|t:|1606440366
|switch|p1a: Registeel|Registeel|56/100 par
|-activate|p1a: Registeel|move: Sticky Web
|-fail|p1a: Registeel|unboost|[from] ability: Clear Body|[of] p1a: Registeel
|-damage|p1a: Registeel|44/100 par|[from] Spikes
|move|p2a: Ribombee|Moonblast|p1a: Registeel
|-resisted|p1a: Registeel
|-damage|p1a: Registeel|33/100 par
|
|-heal|p1a: Registeel|39/100 par|[from] item: Leftovers
|upkeep
|turn|27
|
|t:|1606440374
|move|p2a: Ribombee|U-turn|p1a: Registeel
|-resisted|p1a: Registeel
|-damage|p1a: Registeel|34/100 par
|
|t:|1606440382
|switch|p2a: Haxorus|Haxorus, M|88/100|[from]move: U-turn
|-ability|p2a: Haxorus|Mold Breaker
|move|p1a: Registeel|Stealth Rock|p2a: Haxorus
|-sidestart|p2: gusbus|move: Stealth Rock
|
|-heal|p1a: Registeel|40/100 par|[from] item: Leftovers
|upkeep
|turn|28
|
|t:|1606440388
|move|p2a: Haxorus|Earthquake|p1a: Registeel
|-supereffective|p1a: Registeel
|-damage|p1a: Registeel|0 fnt
|faint|p1a: Registeel
|
|upkeep
|
|t:|1606440397
|switch|p1a: Conkeldurr|Conkeldurr, F|85/100 brn
|-activate|p1a: Conkeldurr|move: Sticky Web
|-unboost|p1a: Conkeldurr|spe|1
|-damage|p1a: Conkeldurr|73/100 brn|[from] Spikes
|turn|29
|
|t:|1606440415
|move|p2a: Haxorus|Earthquake|p1a: Conkeldurr
|-damage|p1a: Conkeldurr|37/100 brn
|move|p1a: Conkeldurr|Drain Punch|p2a: Haxorus
|-damage|p2a: Haxorus|8/100
|-heal|p1a: Conkeldurr|70/100 brn|[from] drain|[of] p2a: Haxorus
|
|-damage|p1a: Conkeldurr|64/100 brn|[from] brn
|upkeep
|turn|30
|
|t:|1606440422
|move|p1a: Conkeldurr|Mach Punch|p2a: Haxorus
|-damage|p2a: Haxorus|0 fnt
|faint|p2a: Haxorus
|
|-damage|p1a: Conkeldurr|58/100 brn|[from] brn
|upkeep
|
|t:|1606440426
|switch|p2a: Ribombee|Ribombee, F|51/100
|-damage|p2a: Ribombee|26/100|[from] Stealth Rock
|turn|31
|
|t:|1606440439
|switch|p1a: Slowking|Slowking, M|63/100
|move|p2a: Ribombee|Moonblast|p1a: Slowking
|-damage|p1a: Slowking|33/100
|
|upkeep
|turn|32
|
|t:|1606440442
|move|p2a: Ribombee|Bug Buzz|p1a: Slowking
|-supereffective|p1a: Slowking
|-damage|p1a: Slowking|0 fnt
|faint|p1a: Slowking
|
|upkeep
|
|t:|1606440444
|switch|p1a: Lycanroc|Lycanroc-Dusk, F|91/100
|-activate|p1a: Lycanroc|move: Sticky Web
|-unboost|p1a: Lycanroc|spe|1
|-damage|p1a: Lycanroc|78/100|[from] Spikes
|turn|33
|
|t:|1606440447
|move|p1a: Lycanroc|Accelerock|p2a: Ribombee
|-supereffective|p2a: Ribombee
|-damage|p2a: Ribombee|0 fnt
|-damage|p1a: Lycanroc|68/100|[from] item: Life Orb
|faint|p2a: Ribombee
|
|upkeep
|c|☆EclecticEmpiricist|gg
|
|t:|1606440461
|switch|p2a: Raikou|Raikou|75/100 tox
|-ability|p2a: Raikou|Pressure
|turn|34
|
|t:|1606440465
|move|p1a: Lycanroc|Accelerock|p2a: Raikou
|-damage|p2a: Raikou|33/100 tox
|-damage|p1a: Lycanroc|58/100|[from] item: Life Orb
|move|p2a: Raikou|Scald|p1a: Lycanroc
|-supereffective|p1a: Lycanroc
|-damage|p1a: Lycanroc|0 fnt
|faint|p1a: Lycanroc
|
|-damage|p2a: Raikou|27/100 tox|[from] psn
|upkeep
|
|t:|1606440467
|switch|p1a: Conkeldurr|Conkeldurr, F|58/100 brn
|-damage|p1a: Conkeldurr|46/100 brn|[from] Spikes
|-activate|p1a: Conkeldurr|move: Sticky Web
|-unboost|p1a: Conkeldurr|spe|1
|turn|35
|
|t:|1606440471
|move|p1a: Conkeldurr|Mach Punch|p2a: Raikou
|-damage|p2a: Raikou|0 fnt
|faint|p2a: Raikou
|
|win|EclecticEmpiricist
|l|☆gusbus
