|j|☆imanoobdontkillme
|j|☆Namranan is trash
|t:|1600548737
|player|p1|imanoobdontkillme|172|1309
|player|p2|Namranan is trash|harlequin|1277
|teamsize|p1|6
|teamsize|p2|6
|gametype|singles
|gen|8
|tier|[Gen 8] RU
|rated|
|clearpoke
|poke|p1|Centiskorch, M|
|poke|p1|Milotic, F|
|poke|p1|Toxicroak, M|
|poke|p1|Bronzong|
|poke|p1|Sigilyph, M|
|poke|p1|Tangela, M|
|poke|p2|Inteleon, F|
|poke|p2|Slowbro-Galar, M|
|poke|p2|Bronzong|
|poke|p2|Tangela, M|
|poke|p2|Golurk|
|poke|p2|Braviary, M|
|rule|Sleep Clause Mod: Limit one foe put to sleep
|rule|Species Clause: Limit one of each Pokémon
|rule|OHKO Clause: OHKO moves are banned
|rule|Evasion Moves Clause: Evasion moves are banned
|rule|Endless Battle Clause: Forcing endless battles is banned
|rule|HP Percentage Mod: HP is shown in percentages
|rule|Dynamax Clause: You cannot dynamax
|teampreview
|inactive|Battle timer is ON: inactive players will automatically lose when time's up. (requested by imanoobdontkillme)
|
|t:|1600548745
|start
|switch|p1a: slap|Centiskorch, M|100/100
|switch|p2a: Bronzong|Bronzong|100/100
|turn|1
|
|t:|1600548750
|move|p1a: slap|Knock Off|p2a: Bronzong
|-supereffective|p2a: Bronzong
|-damage|p2a: Bronzong|50/100
|-enditem|p2a: Bronzong|Leftovers|[from] move: Knock Off|[of] p1a: slap
|move|p2a: Bronzong|Stealth Rock|p1a: slap
|-sidestart|p1: imanoobdontkillme|move: Stealth Rock
|
|upkeep
|turn|2
|
|t:|1600548754
|switch|p2a: Braviary|Braviary, M|100/100
|move|p1a: slap|Fire Lash|p2a: Braviary
|-damage|p2a: Braviary|49/100
|-unboost|p2a: Braviary|def|1
|-ability|p2a: Braviary|Defiant
|-boost|p2a: Braviary|atk|2
|
|upkeep
|turn|3
|
|t:|1600548759
|switch|p1a: ding dong|Bronzong|100/100
|-damage|p1a: ding dong|94/100|[from] Stealth Rock
|move|p2a: Braviary|Brave Bird|p1a: ding dong
|-resisted|p1a: ding dong
|-damage|p1a: ding dong|38/100
|-damage|p2a: Braviary|31/100|[from] Recoil
|
|-heal|p1a: ding dong|45/100|[from] item: Leftovers
|upkeep
|turn|4
|
|t:|1600548768
|move|p2a: Braviary|Brave Bird|p1a: ding dong
|-resisted|p1a: ding dong
|-damage|p1a: ding dong|0 fnt
|-damage|p2a: Braviary|17/100|[from] Recoil
|faint|p1a: ding dong
|
|upkeep
|
|t:|1600548771
|switch|p1a: slurp|Toxicroak, M|100/100
|-damage|p1a: slurp|94/100|[from] Stealth Rock
|turn|5
|
|t:|1600548776
|switch|p2a: Slowbro|Slowbro-Galar, M|100/100
|move|p1a: slurp|Sucker Punch||[still]
|-fail|p1a: slurp
|
|upkeep
|turn|6
|
|t:|1600548781
|switch|p1a: what|Sigilyph, M|100/100
|move|p2a: Slowbro|Nasty Plot|p2a: Slowbro
|-boost|p2a: Slowbro|spa|2
|
|-status|p1a: what|brn|[from] item: Flame Orb
|upkeep
|turn|7
|
|t:|1600548785
|move|p1a: what|Calm Mind|p1a: what
|-boost|p1a: what|spa|1
|-boost|p1a: what|spd|1
|move|p2a: Slowbro|Sludge Bomb|p1a: what
|-damage|p1a: what|32/100 brn
|
|upkeep
|turn|8
|-message|imanoobdontkillme forfeited.
|
|win|Namranan is trash
|l|☆imanoobdontkillme
|raw|imanoobdontkillme's rating: 1309 &rarr; <strong>1287</strong><br />(-22 for losing)
|raw|Namranan is trash's rating: 1277 &rarr; <strong>1304</strong><br />(+27 for winning)
