|j|☆Glidinganteater
|j|☆King Jayminape
|t:|1620094697
|gametype|singles
|player|p1|Glidinganteater|palmer|1247
|player|p2|King Jayminape|burglar-gen1rb|1269
|teamsize|p1|6
|teamsize|p2|6
|gen|8
|tier|[Gen 8] RU
|rated|
|clearpoke
|poke|p1|Incineroar, M|
|poke|p1|Vileplume, F|
|poke|p1|Raikou|
|poke|p1|Flygon, M|
|poke|p1|Registeel|
|poke|p1|Togekiss, F|
|poke|p2|Toxtricity, M|
|poke|p2|Seismitoad, F|
|poke|p2|Zarude|
|poke|p2|Cloyster, M|
|poke|p2|Darmanitan, F|
|poke|p2|Togekiss, F|
|rule|Sleep Clause Mod: Limit one foe put to sleep
|rule|Species Clause: Limit one of each Pokémon
|rule|OHKO Clause: OHKO moves are banned
|rule|Evasion Moves Clause: Evasion moves are banned
|rule|Endless Battle Clause: Forcing endless battles is banned
|rule|HP Percentage Mod: HP is shown in percentages
|rule|Dynamax Clause: You cannot dynamax
|teampreview
|j| I.am.a.noobboy
|inactive|Battle timer is ON: inactive players will automatically lose when time's up. (requested by King Jayminape)
|
|t:|1620094722
|start
|switch|p1a: Incineroar|Incineroar, M|100/100
|switch|p2a: Zarude|Zarude|100/100
|-ability|p1a: Incineroar|Intimidate|boost
|-unboost|p2a: Zarude|atk|1
|turn|1
|
|t:|1620094728
|move|p2a: Zarude|U-turn|p1a: Incineroar
|-damage|p1a: Incineroar|85/100
|
|t:|1620094732
|switch|p2a: Seismitoad|Seismitoad, F|100/100|[from]move: U-turn
|move|p1a: Incineroar|Knock Off|p2a: Seismitoad
|-damage|p2a: Seismitoad|75/100
|-enditem|p2a: Seismitoad|Leftovers|[from] move: Knock Off|[of] p1a: Incineroar
|
|upkeep
|turn|2
|
|t:|1620094736
|move|p2a: Seismitoad|Stealth Rock|p1a: Incineroar
|-sidestart|p1: Glidinganteater|move: Stealth Rock
|move|p1a: Incineroar|Toxic|p2a: Seismitoad
|-status|p2a: Seismitoad|tox
|
|-damage|p2a: Seismitoad|69/100 tox|[from] psn
|upkeep
|turn|3
|
|t:|1620094752
|switch|p2a: Toxtricity|Toxtricity, M|100/100
|switch|p1a: Togekiss|Togekiss, F|100/100
|
|upkeep
|turn|4
|
|t:|1620094767
|switch|p1a: Registeel|Registeel|100/100
|-damage|p1a: Registeel|94/100|[from] Stealth Rock
|move|p2a: Toxtricity|Boomburst|p1a: Registeel
|-resisted|p1a: Registeel
|-damage|p1a: Registeel|71/100
|
|-heal|p1a: Registeel|77/100|[from] item: Leftovers
|upkeep
|turn|5
|
|t:|1620094781
|switch|p2a: Darmanitan|Darmanitan, F|100/100
|move|p1a: Registeel|Stealth Rock|p2a: Darmanitan
|-sidestart|p2: King Jayminape|move: Stealth Rock
|
|-heal|p1a: Registeel|83/100|[from] item: Leftovers
|upkeep
|turn|6
|
|t:|1620094795
|switch|p1a: Incineroar|Incineroar, M|85/100
|-ability|p1a: Incineroar|Intimidate|boost
|-unboost|p2a: Darmanitan|atk|1
|move|p2a: Darmanitan|Flare Blitz|p1a: Incineroar
|-resisted|p1a: Incineroar
|-damage|p1a: Incineroar|59/100
|-damage|p2a: Darmanitan|91/100|[from] Recoil
|
|upkeep
|turn|7
|
|t:|1620094802
|switch|p2a: Seismitoad|Seismitoad, F|69/100 tox
|-damage|p2a: Seismitoad|63/100 tox|[from] Stealth Rock
|move|p1a: Incineroar|Parting Shot|p2a: Seismitoad
|-unboost|p2a: Seismitoad|atk|1
|-unboost|p2a: Seismitoad|spa|1
|
|t:|1620094810
|switch|p1a: Vileplume|Vileplume, F|100/100|[from]move: Parting Shot
|-damage|p1a: Vileplume|88/100|[from] Stealth Rock
|
|-heal|p1a: Vileplume|94/100|[from] item: Black Sludge
|-damage|p2a: Seismitoad|57/100 tox|[from] psn
|upkeep
|turn|8
|
|t:|1620094823
|switch|p2a: Togekiss|Togekiss, F|100/100
|move|p1a: Vileplume|Corrosive Gas|p2a: Togekiss
|-enditem|p2a: Togekiss|Heavy-Duty Boots|[from] move: Corrosive Gas|[of] p1a: Vileplume
|
|-heal|p1a: Vileplume|100/100|[from] item: Black Sludge
|upkeep
|turn|9
|
|t:|1620094835
|switch|p1a: Raikou|Raikou|100/100
|move|p2a: Togekiss|Defog|p1a: Raikou
|-unboost|p1a: Raikou|evasion|1
|-sideend|p1: Glidinganteater|Stealth Rock|[from] move: Defog|[of] p2a: Togekiss
|-sideend|p2: King Jayminape|Stealth Rock|[from] move: Defog|[of] p2a: Togekiss
|
|upkeep
|turn|10
|
|t:|1620094853
|switch|p1a: Vileplume|Vileplume, F|100/100
|switch|p2a: Zarude|Zarude|100/100
|
|upkeep
|turn|11
|
|t:|1620094865
|move|p2a: Zarude|U-turn|p1a: Vileplume
|-damage|p1a: Vileplume|81/100
|
|t:|1620094872
|switch|p2a: Darmanitan|Darmanitan, F|91/100|[from]move: U-turn
|move|p1a: Vileplume|Corrosive Gas|p2a: Darmanitan
|-enditem|p2a: Darmanitan|Choice Scarf|[from] move: Corrosive Gas|[of] p1a: Vileplume
|
|-heal|p1a: Vileplume|87/100|[from] item: Black Sludge
|upkeep
|turn|12
|
|t:|1620094877
|switch|p1a: Incineroar|Incineroar, M|59/100
|-ability|p1a: Incineroar|Intimidate|boost
|-unboost|p2a: Darmanitan|atk|1
|move|p2a: Darmanitan|U-turn|p1a: Incineroar
|-damage|p1a: Incineroar|43/100
|
|t:|1620094891
|switch|p2a: Zarude|Zarude|100/100|[from]move: U-turn
|
|upkeep
|turn|13
|
|t:|1620094896
|move|p2a: Zarude|U-turn|p1a: Incineroar
|-damage|p1a: Incineroar|20/100
|
|t:|1620094899
|switch|p2a: Seismitoad|Seismitoad, F|57/100 tox|[from]move: U-turn
|move|p1a: Incineroar|Parting Shot|p2a: Seismitoad
|-unboost|p2a: Seismitoad|atk|1
|-unboost|p2a: Seismitoad|spa|1
|
|t:|1620094907
|switch|p1a: Vileplume|Vileplume, F|87/100|[from]move: Parting Shot
|
|-heal|p1a: Vileplume|93/100|[from] item: Black Sludge
|-damage|p2a: Seismitoad|51/100 tox|[from] psn
|upkeep
|turn|14
|
|t:|1620094925
|move|p2a: Seismitoad|Stealth Rock|p1a: Vileplume
|-sidestart|p1: Glidinganteater|move: Stealth Rock
|move|p1a: Vileplume|Giga Drain|p2a: Seismitoad
|-supereffective|p2a: Seismitoad
|-damage|p2a: Seismitoad|0 fnt
|-heal|p1a: Vileplume|100/100|[from] drain|[of] p2a: Seismitoad
|faint|p2a: Seismitoad
|
|upkeep
|
|t:|1620094933
|switch|p2a: Darmanitan|Darmanitan, F|91/100
|turn|15
|
|t:|1620094939
|switch|p1a: Incineroar|Incineroar, M|20/100
|-ability|p1a: Incineroar|Intimidate|boost
|-unboost|p2a: Darmanitan|atk|1
|move|p2a: Darmanitan|Flare Blitz|p1a: Incineroar
|-resisted|p1a: Incineroar
|-damage|p1a: Incineroar|0 fnt
|faint|p1a: Incineroar
|-damage|p2a: Darmanitan|84/100|[from] Recoil
|
|upkeep
|
|t:|1620094950
|switch|p1a: Flygon|Flygon, M, shiny|100/100
|-damage|p1a: Flygon|95/100|[from] Stealth Rock
|turn|16
|
|t:|1620094966
|switch|p2a: Togekiss|Togekiss, F|100/100
|move|p1a: Flygon|U-turn|p2a: Togekiss
|-resisted|p2a: Togekiss
|-damage|p2a: Togekiss|97/100
|
|t:|1620094970
|switch|p1a: Raikou|Raikou|100/100|[from]move: U-turn
|
|upkeep
|turn|17
|
|t:|1620094990
|switch|p2a: Zarude|Zarude|100/100
|move|p1a: Raikou|Thunderbolt|p2a: Zarude
|-resisted|p2a: Zarude
|-damage|p2a: Zarude|78/100
|
|upkeep
|turn|18
|
|t:|1620095002
|switch|p1a: Vileplume|Vileplume, F|100/100
|-damage|p1a: Vileplume|88/100|[from] Stealth Rock
|move|p2a: Zarude|Darkest Lariat|p1a: Vileplume
|-damage|p1a: Vileplume|50/100
|
|-heal|p1a: Vileplume|56/100|[from] item: Black Sludge
|upkeep
|turn|19
|
|t:|1620095011
|move|p2a: Zarude|U-turn|p1a: Vileplume
|-damage|p1a: Vileplume|36/100
|
|t:|1620095013
|switch|p2a: Darmanitan|Darmanitan, F|84/100|[from]move: U-turn
|move|p1a: Vileplume|Sludge Bomb|p2a: Darmanitan
|-damage|p2a: Darmanitan|28/100
|
|-heal|p1a: Vileplume|42/100|[from] item: Black Sludge
|upkeep
|turn|20
|
|t:|1620095024
|move|p2a: Darmanitan|Flare Blitz|p1a: Vileplume
|-supereffective|p1a: Vileplume
|-damage|p1a: Vileplume|0 fnt
|faint|p1a: Vileplume
|-damage|p2a: Darmanitan|14/100|[from] Recoil
|
|upkeep
|
|t:|1620095029
|switch|p1a: Raikou|Raikou|100/100
|turn|21
|
|t:|1620095041
|switch|p2a: Toxtricity|Toxtricity, M|100/100
|move|p1a: Raikou|Volt Switch|p2a: Toxtricity
|-resisted|p2a: Toxtricity
|-damage|p2a: Toxtricity|73/100
|
|t:|1620095047
|switch|p1a: Registeel|Registeel|83/100|[from]move: Volt Switch
|-damage|p1a: Registeel|77/100|[from] Stealth Rock
|
|-heal|p1a: Registeel|83/100|[from] item: Leftovers
|upkeep
|turn|22
|
|t:|1620095063
|move|p2a: Toxtricity|Volt Switch|p1a: Registeel
|-damage|p1a: Registeel|57/100
|
|t:|1620095075
|switch|p2a: Darmanitan|Darmanitan, F|14/100|[from]move: Volt Switch
|move|p1a: Registeel|Body Press|p2a: Darmanitan
|-damage|p2a: Darmanitan|0 fnt
|faint|p2a: Darmanitan
|
|-heal|p1a: Registeel|63/100|[from] item: Leftovers
|upkeep
|
|t:|1620095087
|switch|p2a: Toxtricity|Toxtricity, M|73/100
|turn|23
|
|t:|1620095091
|switch|p1a: Flygon|Flygon, M, shiny|95/100
|-damage|p1a: Flygon|89/100|[from] Stealth Rock
|move|p2a: Toxtricity|Overdrive|p1a: Flygon
|-immune|p1a: Flygon
|
|upkeep
|turn|24
|
|t:|1620095099
|switch|p2a: Togekiss|Togekiss, F|97/100
|move|p1a: Flygon|U-turn|p2a: Togekiss
|-resisted|p2a: Togekiss
|-damage|p2a: Togekiss|94/100
|
|t:|1620095115
|switch|p1a: Raikou|Raikou|100/100|[from]move: U-turn
|
|upkeep
|turn|25
|inactive|King Jayminape has 120 seconds left.
|
|t:|1620095154
|switch|p2a: Zarude|Zarude|78/100
|move|p1a: Raikou|Thunderbolt|p2a: Zarude
|-resisted|p2a: Zarude
|-damage|p2a: Zarude|56/100
|-status|p2a: Zarude|par
|
|upkeep
|turn|26
|
|t:|1620095159
|move|p1a: Raikou|Volt Switch|p2a: Zarude
|-resisted|p2a: Zarude
|-damage|p2a: Zarude|40/100 par
|
|t:|1620095164
|switch|p1a: Flygon|Flygon, M, shiny|89/100|[from]move: Volt Switch
|-damage|p1a: Flygon|83/100|[from] Stealth Rock
|move|p2a: Zarude|Jungle Healing|p2a: Zarude
|-heal|p2a: Zarude|65/100 par
|-curestatus|p2a: Zarude|par|[msg]
|
|upkeep
|turn|27
|
|t:|1620095173
|switch|p2a: Togekiss|Togekiss, F|94/100
|move|p1a: Flygon|U-turn|p2a: Togekiss
|-resisted|p2a: Togekiss
|-damage|p2a: Togekiss|90/100
|
|t:|1620095182
|switch|p1a: Raikou|Raikou|100/100|[from]move: U-turn
|
|upkeep
|turn|28
|
|t:|1620095187
|switch|p2a: Zarude|Zarude|65/100
|move|p1a: Raikou|Volt Switch|p2a: Zarude
|-resisted|p2a: Zarude
|-damage|p2a: Zarude|48/100
|
|t:|1620095190
|switch|p1a: Flygon|Flygon, M, shiny|83/100|[from]move: Volt Switch
|-damage|p1a: Flygon|77/100|[from] Stealth Rock
|
|upkeep
|turn|29
|
|t:|1620095203
|switch|p2a: Toxtricity|Toxtricity, M|73/100
|move|p1a: Flygon|U-turn|p2a: Toxtricity
|-resisted|p2a: Toxtricity
|-damage|p2a: Toxtricity|57/100
|
|t:|1620095212
|switch|p1a: Registeel|Registeel|63/100|[from]move: U-turn
|-damage|p1a: Registeel|57/100|[from] Stealth Rock
|
|-heal|p1a: Registeel|63/100|[from] item: Leftovers
|upkeep
|turn|30
|
|t:|1620095229
|move|p2a: Toxtricity|Overdrive|p1a: Registeel
|-damage|p1a: Registeel|22/100
|move|p1a: Registeel|Stealth Rock|p2a: Toxtricity
|-sidestart|p2: King Jayminape|move: Stealth Rock
|
|-heal|p1a: Registeel|28/100|[from] item: Leftovers
|upkeep
|turn|31
|
|t:|1620095237
|switch|p2a: Togekiss|Togekiss, F|90/100
|-damage|p2a: Togekiss|65/100|[from] Stealth Rock
|move|p1a: Registeel|Rest|p1a: Registeel
|-status|p1a: Registeel|slp|[from] move: Rest
|-heal|p1a: Registeel|100/100 slp|[silent]
|
|upkeep
|turn|32
|
|t:|1620095244
|move|p2a: Togekiss|Defog|p1a: Registeel
|-fail|p1a: Registeel|unboost|[from] ability: Clear Body|[of] p1a: Registeel
|-sideend|p1: Glidinganteater|Stealth Rock|[from] move: Defog|[of] p2a: Togekiss
|-sideend|p2: King Jayminape|Stealth Rock|[from] move: Defog|[of] p2a: Togekiss
|cant|p1a: Registeel|slp
|
|upkeep
|turn|33
|
|t:|1620095254
|move|p2a: Togekiss|Roost|p2a: Togekiss
|-heal|p2a: Togekiss|100/100
|-singleturn|p2a: Togekiss|move: Roost
|cant|p1a: Registeel|slp
|
|upkeep
|turn|34
|
|t:|1620095258
|move|p2a: Togekiss|Air Slash|p1a: Registeel
|-resisted|p1a: Registeel
|-damage|p1a: Registeel|93/100 slp
|-curestatus|p1a: Registeel|slp|[msg]
|cant|p1a: Registeel|flinch
|
|-heal|p1a: Registeel|99/100|[from] item: Leftovers
|upkeep
|turn|35
|
|t:|1620095265
|move|p2a: Togekiss|Thunder Wave|p1a: Registeel
|-status|p1a: Registeel|par
|move|p1a: Registeel|Iron Defense|p1a: Registeel
|-boost|p1a: Registeel|def|2
|
|-heal|p1a: Registeel|100/100 par|[from] item: Leftovers
|upkeep
|turn|36
|
|t:|1620095278
|move|p2a: Togekiss|Air Slash|p1a: Registeel
|-resisted|p1a: Registeel
|-damage|p1a: Registeel|92/100 par
|cant|p1a: Registeel|flinch
|
|-heal|p1a: Registeel|98/100 par|[from] item: Leftovers
|upkeep
|turn|37
|
|t:|1620095287
|switch|p2a: Toxtricity|Toxtricity, M|57/100
|move|p1a: Registeel|Iron Defense|p1a: Registeel
|-boost|p1a: Registeel|def|2
|
|-heal|p1a: Registeel|100/100 par|[from] item: Leftovers
|upkeep
|turn|38
|
|t:|1620095294
|move|p2a: Toxtricity|Overdrive|p1a: Registeel
|-damage|p1a: Registeel|56/100 par
|move|p1a: Registeel|Body Press|p2a: Toxtricity
|-resisted|p2a: Toxtricity
|-damage|p2a: Toxtricity|0 fnt
|faint|p2a: Toxtricity
|
|-heal|p1a: Registeel|62/100 par|[from] item: Leftovers
|upkeep
|
|t:|1620095306
|switch|p2a: Cloyster|Cloyster, M|100/100
|turn|39
|
|t:|1620095312
|move|p2a: Cloyster|Shell Smash|p2a: Cloyster
|-unboost|p2a: Cloyster|def|1
|-unboost|p2a: Cloyster|spd|1
|-boost|p2a: Cloyster|atk|2
|-boost|p2a: Cloyster|spa|2
|-boost|p2a: Cloyster|spe|2
|move|p1a: Registeel|Body Press|p2a: Cloyster
|-supereffective|p2a: Cloyster
|-damage|p2a: Cloyster|0 fnt
|faint|p2a: Cloyster
|
|-heal|p1a: Registeel|68/100 par|[from] item: Leftovers
|upkeep
|-message|King Jayminape forfeited.
|
|win|Glidinganteater
|raw|Glidinganteater's rating: 1247 &rarr; <strong>1274</strong><br />(+27 for winning)
|raw|King Jayminape's rating: 1269 &rarr; <strong>1242</strong><br />(-27 for losing)
|l|☆King Jayminape
