|j|☆Hell Rayquaza1
|j|☆RIZ LA VIE
|player|p1|Hell Rayquaza1|pokemonranger-gen4|
|player|p2|RIZ LA VIE|psychicf-gen3|
|teamsize|p1|6
|teamsize|p2|6
|gametype|singles
|gen|8
|tier|[Gen 8] RU
|rated|Tournament battle
|clearpoke
|poke|p1|Ninetales, M|
|poke|p1|Sableye, F|
|poke|p1|Snorlax, F|
|poke|p1|Boltund, M|
|poke|p1|Dhelmise|
|poke|p1|Steelix, M|
|poke|p2|Sneasel, M|
|poke|p2|Xatu, F|
|poke|p2|Steelix, F|
|poke|p2|Drampa, M|
|poke|p2|Ninetales, M|
|poke|p2|Vaporeon, F|
|rule|Sleep Clause Mod: Limit one foe put to sleep
|rule|Species Clause: Limit one of each Pokémon
|rule|OHKO Clause: OHKO moves are banned
|rule|Evasion Moves Clause: Evasion moves are banned
|rule|Endless Battle Clause: Forcing endless battles is banned
|rule|HP Percentage Mod: HP is shown in percentages
|rule|Dynamax Clause: You cannot dynamax
|teampreview
|j|*Lady Monita
|j| fc helvetica
|c|☆Hell Rayquaza1|hf
|j| Basselhoff
|j| kyriakos33
|j| des121
|c|☆RIZ LA VIE|u2
|j| Kilu190
|j| xdsrxeggroll
|j| AngelMaxter1
|l| AngelMaxter1
|
|start
|switch|p1a: Dhelmise|Dhelmise|100/100
|switch|p2a: Drampa|Drampa, M|100/100
|turn|1
|
|switch|p1a: Snorlax|Snorlax, F|100/100
|move|p2a: Drampa|Fire Blast|p1a: Snorlax
|-damage|p1a: Snorlax|92/100
|
|-heal|p1a: Snorlax|98/100|[from] item: Leftovers
|upkeep
|turn|2
|
|switch|p2a: Steelix|Steelix, F|100/100
|move|p1a: Snorlax|Body Slam|p2a: Steelix
|-resisted|p2a: Steelix
|-damage|p2a: Steelix|94/100
|
|-heal|p2a: Steelix|99/100|[from] item: Leftovers
|-heal|p1a: Snorlax|100/100|[from] item: Leftovers
|upkeep
|turn|3
|
|switch|p1a: Dhelmise|Dhelmise|100/100
|move|p2a: Steelix|Stealth Rock|p1a: Dhelmise
|-sidestart|p1: Hell Rayquaza1|move: Stealth Rock
|
|-heal|p2a: Steelix|100/100|[from] item: Leftovers
|upkeep
|turn|4
|
|switch|p2a: Ninetales|Ninetales, M|100/100
|-weather|SunnyDay|[from] ability: Drought|[of] p2a: Ninetales
|move|p1a: Dhelmise|Rapid Spin|p2a: Ninetales
|-damage|p2a: Ninetales|76/100
|-boost|p1a: Dhelmise|spe|1
|-sideend|p1: Hell Rayquaza1|Stealth Rock|[from] move: Rapid Spin|[of] p1a: Dhelmise
|
|-weather|SunnyDay|[upkeep]
|upkeep
|turn|5
|j| 16_Coast
|l| xdsrxeggroll
|j| tendiescometopapa
|
|switch|p1a: Snorlax|Snorlax, F|100/100
|move|p2a: Ninetales|Toxic|p1a: Snorlax
|-status|p1a: Snorlax|tox
|
|-weather|SunnyDay|[upkeep]
|-damage|p1a: Snorlax|94/100 tox|[from] psn
|upkeep
|turn|6
|l| tendiescometopapa
|j| BigBossFanMGS3
|
|switch|p2a: Steelix|Steelix, F|100/100
|switch|p1a: Dhelmise|Dhelmise|100/100
|
|-weather|SunnyDay|[upkeep]
|upkeep
|turn|7
|j|‽Will Townsend
|
|switch|p2a: Xatu|Xatu, F|100/100
|move|p1a: Dhelmise|Anchor Shot|p2a: Xatu
|-damage|p2a: Xatu|67/100
|-activate|p2a: Xatu|trapped
|-damage|p1a: Dhelmise|84/100|[from] item: Rocky Helmet|[of] p2a: Xatu
|
|-weather|SunnyDay|[upkeep]
|upkeep
|turn|8
|
|switch|p1a: Snorlax|Snorlax, F|94/100 tox
|move|p2a: Xatu|Heat Wave|p1a: Snorlax
|-damage|p1a: Snorlax|88/100 tox
|
|-weather|none
|-heal|p1a: Snorlax|94/100 tox|[from] item: Leftovers
|-damage|p1a: Snorlax|88/100 tox|[from] psn
|upkeep
|turn|9
|
|move|p2a: Xatu|U-turn|p1a: Snorlax
|-damage|p1a: Snorlax|78/100 tox
|
|switch|p2a: Steelix|Steelix, F|100/100|[from]move: U-turn
|move|p1a: Snorlax|Rest|p1a: Snorlax
|-status|p1a: Snorlax|slp|[from] move: Rest
|-heal|p1a: Snorlax|100/100 slp|[silent]
|
|upkeep
|turn|10
|
|switch|p1a: Dhelmise|Dhelmise|84/100
|move|p2a: Steelix|Stealth Rock|p1a: Dhelmise
|-sidestart|p1: Hell Rayquaza1|move: Stealth Rock
|
|upkeep
|turn|11
|
|switch|p2a: Xatu|Xatu, F|67/100
|move|p1a: Dhelmise|Rapid Spin|p2a: Xatu
|-damage|p2a: Xatu|53/100
|-boost|p1a: Dhelmise|spe|1
|-damage|p1a: Dhelmise|67/100|[from] item: Rocky Helmet|[of] p2a: Xatu
|-sideend|p1: Hell Rayquaza1|Stealth Rock|[from] move: Rapid Spin|[of] p1a: Dhelmise
|
|upkeep
|turn|12
|j| DIMU17
|j| 1v1LTLB2 Cynic
|
|switch|p1a: Ninetales|Ninetales, M|100/100
|-weather|SunnyDay|[from] ability: Drought|[of] p1a: Ninetales
|move|p2a: Xatu|Roost|p2a: Xatu
|-heal|p2a: Xatu|100/100
|-singleturn|p2a: Xatu|move: Roost
|
|-weather|SunnyDay|[upkeep]
|upkeep
|turn|13
|inactive|Battle timer is ON: inactive players will automatically lose when time's up. (requested by RIZ LA VIE)
|l| BigBossFanMGS3
|
|switch|p2a: Drampa|Drampa, M|100/100
|move|p1a: Ninetales|Flamethrower|p2a: Drampa
|-resisted|p2a: Drampa
|-damage|p2a: Drampa|74/100
|
|-weather|SunnyDay|[upkeep]
|upkeep
|turn|14
|j| Darmoni
|c| 1v1LTLB2 Cynic|i wanna join some tourn :/
|
|switch|p1a: Snorlax|Snorlax, F|100/100 slp
|move|p2a: Drampa|Hyper Voice|p1a: Snorlax
|-damage|p1a: Snorlax|76/100 slp
|
|-weather|SunnyDay|[upkeep]
|-heal|p1a: Snorlax|83/100 slp|[from] item: Leftovers
|upkeep
|turn|15
|
|switch|p2a: Steelix|Steelix, F|100/100
|cant|p1a: Snorlax|slp
|
|-weather|SunnyDay|[upkeep]
|-heal|p1a: Snorlax|89/100 slp|[from] item: Leftovers
|upkeep
|turn|16
|
|switch|p1a: Dhelmise|Dhelmise|67/100
|move|p2a: Steelix|Stealth Rock|p1a: Dhelmise
|-sidestart|p1: Hell Rayquaza1|move: Stealth Rock
|
|-weather|none
|upkeep
|turn|17
|
|switch|p2a: Xatu|Xatu, F|100/100
|move|p1a: Dhelmise|Rapid Spin|p2a: Xatu
|-damage|p2a: Xatu|86/100
|-boost|p1a: Dhelmise|spe|1
|-damage|p1a: Dhelmise|51/100|[from] item: Rocky Helmet|[of] p2a: Xatu
|-sideend|p1: Hell Rayquaza1|Stealth Rock|[from] move: Rapid Spin|[of] p1a: Dhelmise
|
|upkeep
|turn|18
|l| Darmoni
|
|move|p2a: Xatu|U-turn|p1a: Dhelmise
|-damage|p1a: Dhelmise|42/100
|
|switch|p2a: Drampa|Drampa, M|74/100|[from]move: U-turn
|move|p1a: Dhelmise|Rest|p1a: Dhelmise
|-status|p1a: Dhelmise|slp|[from] move: Rest
|-heal|p1a: Dhelmise|100/100 slp|[silent]
|
|upkeep
|turn|19
|
|switch|p1a: Snorlax|Snorlax, F|89/100 slp
|switch|p2a: Steelix|Steelix, F|100/100
|
|-heal|p1a: Snorlax|95/100 slp|[from] item: Leftovers
|upkeep
|turn|20
|
|switch|p1a: Steelix|Steelix, M|100/100
|move|p2a: Steelix|Stealth Rock|p1a: Steelix
|-sidestart|p1: Hell Rayquaza1|move: Stealth Rock
|
|upkeep
|turn|21
|
|switch|p2a: Xatu|Xatu, F|86/100
|move|p1a: Steelix|Stealth Rock|p2a: Xatu
|move|p2a: Xatu|Stealth Rock||[from]Magic Bounce|[still]
|-fail|p2a: Xatu
|
|upkeep
|turn|22
|
|move|p1a: Steelix|Protect|p1a: Steelix
|-singleturn|p1a: Steelix|Protect
|move|p2a: Xatu|Heat Wave|p1a: Steelix
|-activate|p1a: Steelix|move: Protect
|
|upkeep
|turn|23
|
|switch|p1a: Snorlax|Snorlax, F|95/100 slp
|-damage|p1a: Snorlax|82/100 slp|[from] Stealth Rock
|move|p2a: Xatu|Heat Wave|p1a: Snorlax
|-damage|p1a: Snorlax|78/100 slp
|
|-heal|p1a: Snorlax|84/100 slp|[from] item: Leftovers
|upkeep
|turn|24
|
|switch|p1a: Steelix|Steelix, M|100/100
|-damage|p1a: Steelix|97/100|[from] Stealth Rock
|move|p2a: Xatu|U-turn|p1a: Steelix
|-resisted|p1a: Steelix
|-damage|p1a: Steelix|95/100
|
|switch|p2a: Ninetales|Ninetales, M|76/100|[from]move: U-turn
|-weather|SunnyDay|[from] ability: Drought|[of] p2a: Ninetales
|
|-weather|SunnyDay|[upkeep]
|-heal|p1a: Steelix|100/100|[from] item: Leftovers
|upkeep
|turn|25
|
|move|p1a: Steelix|Protect|p1a: Steelix
|-singleturn|p1a: Steelix|Protect
|move|p2a: Ninetales|Fire Blast|p1a: Steelix
|-activate|p1a: Steelix|move: Protect
|
|-weather|SunnyDay|[upkeep]
|upkeep
|turn|26
|
|switch|p2a: Xatu|Xatu, F|86/100
|switch|p1a: Snorlax|Snorlax, F|84/100 slp
|-damage|p1a: Snorlax|72/100 slp|[from] Stealth Rock
|
|-weather|SunnyDay|[upkeep]
|-heal|p1a: Snorlax|78/100 slp|[from] item: Leftovers
|upkeep
|turn|27
|l| 16_Coast
|
|move|p2a: Xatu|U-turn|p1a: Snorlax
|-damage|p1a: Snorlax|67/100 slp
|
|switch|p2a: Steelix|Steelix, F|100/100|[from]move: U-turn
|cant|p1a: Snorlax|slp
|
|-weather|SunnyDay|[upkeep]
|-heal|p1a: Snorlax|73/100 slp|[from] item: Leftovers
|upkeep
|turn|28
|j| DNNP
|
|switch|p1a: Dhelmise|Dhelmise|100/100 slp
|-damage|p1a: Dhelmise|88/100 slp|[from] Stealth Rock
|move|p2a: Steelix|Body Press|p1a: Dhelmise
|-immune|p1a: Dhelmise
|
|-weather|none
|upkeep
|turn|29
|
|switch|p2a: Sneasel|Sneasel, M|100/100
|cant|p1a: Dhelmise|slp
|
|upkeep
|turn|30
|
|switch|p1a: Steelix|Steelix, M|100/100
|-damage|p1a: Steelix|97/100|[from] Stealth Rock
|move|p2a: Sneasel|Knock Off|p1a: Steelix
|-damage|p1a: Steelix|70/100
|-enditem|p1a: Steelix|Leftovers|[from] move: Knock Off|[of] p2a: Sneasel
|
|upkeep
|turn|31
|
|switch|p2a: Xatu|Xatu, F|86/100
|switch|p1a: Ninetales|Ninetales, M|100/100
|-weather|SunnyDay|[from] ability: Drought|[of] p1a: Ninetales
|
|-weather|SunnyDay|[upkeep]
|upkeep
|turn|32
|
|switch|p2a: Drampa|Drampa, M|74/100
|move|p1a: Ninetales|Flamethrower|p2a: Drampa
|-resisted|p2a: Drampa
|-damage|p2a: Drampa|46/100
|-ability|p2a: Drampa|Berserk|boost
|-boost|p2a: Drampa|spa|1
|
|-weather|SunnyDay|[upkeep]
|upkeep
|turn|33
|l| 1v1LTLB2 Cynic
|
|switch|p1a: Sableye|Sableye, F|100/100
|-damage|p1a: Sableye|88/100|[from] Stealth Rock
|move|p2a: Drampa|Roost|p2a: Drampa
|-heal|p2a: Drampa|97/100
|-singleturn|p2a: Drampa|move: Roost
|
|-weather|SunnyDay|[upkeep]
|-heal|p1a: Sableye|94/100|[from] item: Leftovers
|upkeep
|turn|34
|
|move|p1a: Sableye|Encore|p2a: Drampa
|-start|p2a: Drampa|Encore
|move|p2a: Drampa|Roost|p2a: Drampa
|-heal|p2a: Drampa|100/100
|-singleturn|p2a: Drampa|move: Roost
|
|-weather|SunnyDay|[upkeep]
|-heal|p1a: Sableye|100/100|[from] item: Leftovers
|upkeep
|turn|35
|
|switch|p2a: Vaporeon|Vaporeon, F|100/100
|move|p1a: Sableye|Dazzling Gleam|p2a: Vaporeon
|-damage|p2a: Vaporeon|93/100
|
|-weather|none
|-heal|p2a: Vaporeon|99/100|[from] item: Leftovers
|upkeep
|turn|36
|j| phil on acid
|
|switch|p1a: Snorlax|Snorlax, F|73/100 slp
|-damage|p1a: Snorlax|61/100 slp|[from] Stealth Rock
|move|p2a: Vaporeon|Scald|p1a: Snorlax
|-damage|p1a: Snorlax|46/100 slp
|
|-heal|p2a: Vaporeon|100/100|[from] item: Leftovers
|-heal|p1a: Snorlax|52/100 slp|[from] item: Leftovers
|upkeep
|turn|37
|
|switch|p2a: Steelix|Steelix, F|100/100
|-curestatus|p1a: Snorlax|slp|[msg]
|move|p1a: Snorlax|Body Slam|p2a: Steelix
|-resisted|p2a: Steelix
|-damage|p2a: Steelix|94/100
|-status|p2a: Steelix|par
|
|-heal|p1a: Snorlax|59/100|[from] item: Leftovers
|-heal|p2a: Steelix|100/100 par|[from] item: Leftovers
|upkeep
|turn|38
|
|switch|p1a: Dhelmise|Dhelmise|88/100 slp
|-damage|p1a: Dhelmise|76/100 slp|[from] Stealth Rock
|move|p2a: Steelix|Body Press|p1a: Dhelmise
|-immune|p1a: Dhelmise
|
|upkeep
|turn|39
|
|switch|p2a: Sneasel|Sneasel, M|100/100
|cant|p1a: Dhelmise|slp
|
|upkeep
|turn|40
|
|move|p2a: Sneasel|Low Kick|p1a: Dhelmise
|-immune|p1a: Dhelmise
|-curestatus|p1a: Dhelmise|slp|[msg]
|move|p1a: Dhelmise|Anchor Shot|p2a: Sneasel
|-supereffective|p2a: Sneasel
|-damage|p2a: Sneasel|0 fnt
|faint|p2a: Sneasel
|
|upkeep
|
|switch|p2a: Ninetales|Ninetales, M|76/100
|-weather|SunnyDay|[from] ability: Drought|[of] p2a: Ninetales
|turn|41
|
|switch|p1a: Snorlax|Snorlax, F|59/100
|-damage|p1a: Snorlax|46/100|[from] Stealth Rock
|move|p2a: Ninetales|Fire Blast|p1a: Snorlax
|-damage|p1a: Snorlax|31/100
|
|-weather|SunnyDay|[upkeep]
|-heal|p1a: Snorlax|37/100|[from] item: Leftovers
|upkeep
|turn|42
|
|switch|p2a: Steelix|Steelix, F|100/100 par
|move|p1a: Snorlax|Rest|p1a: Snorlax
|-status|p1a: Snorlax|slp|[from] move: Rest
|-heal|p1a: Snorlax|100/100 slp|[silent]
|
|-weather|SunnyDay|[upkeep]
|upkeep
|turn|43
|
|switch|p1a: Dhelmise|Dhelmise|76/100
|-damage|p1a: Dhelmise|64/100|[from] Stealth Rock
|move|p2a: Steelix|Body Press|p1a: Dhelmise
|-immune|p1a: Dhelmise
|
|-weather|SunnyDay|[upkeep]
|upkeep
|turn|44
|j| Angelits_CR
|
|switch|p2a: Xatu|Xatu, F|86/100
|move|p1a: Dhelmise|Rapid Spin|p2a: Xatu
|-damage|p2a: Xatu|70/100
|-boost|p1a: Dhelmise|spe|1
|-damage|p1a: Dhelmise|47/100|[from] item: Rocky Helmet|[of] p2a: Xatu
|-sideend|p1: Hell Rayquaza1|Stealth Rock|[from] move: Rapid Spin|[of] p1a: Dhelmise
|
|-weather|SunnyDay|[upkeep]
|upkeep
|turn|45
|l| Angelits_CR
|
|switch|p1a: Snorlax|Snorlax, F|100/100 slp
|move|p2a: Xatu|Heat Wave|p1a: Snorlax
|-damage|p1a: Snorlax|94/100 slp
|
|-weather|none
|-heal|p1a: Snorlax|99/100 slp|[from] item: Leftovers
|upkeep
|turn|46
|
|move|p2a: Xatu|U-turn|p1a: Snorlax
|-damage|p1a: Snorlax|90/100 slp
|
|switch|p2a: Steelix|Steelix, F|100/100 par|[from]move: U-turn
|cant|p1a: Snorlax|slp
|
|-heal|p1a: Snorlax|96/100 slp|[from] item: Leftovers
|upkeep
|turn|47
|j| tendiescometopapa
|
|switch|p1a: Dhelmise|Dhelmise|47/100
|move|p2a: Steelix|Stealth Rock|p1a: Dhelmise
|-sidestart|p1: Hell Rayquaza1|move: Stealth Rock
|
|upkeep
|turn|48
|j| pedro_manuel_coba
|
|switch|p2a: Xatu|Xatu, F|70/100
|move|p1a: Dhelmise|Rest|p1a: Dhelmise
|-status|p1a: Dhelmise|slp|[from] move: Rest
|-heal|p1a: Dhelmise|100/100 slp|[silent]
|
|upkeep
|turn|49
|
|switch|p1a: Sableye|Sableye, F|100/100
|-damage|p1a: Sableye|88/100|[from] Stealth Rock
|move|p2a: Xatu|U-turn|p1a: Sableye
|-damage|p1a: Sableye|76/100
|j| Vyvinator
|
|switch|p2a: Vaporeon|Vaporeon, F|100/100|[from]move: U-turn
|
|-heal|p1a: Sableye|83/100|[from] item: Leftovers
|upkeep
|turn|50
|c| Basselhoff|ok
|
|switch|p1a: Snorlax|Snorlax, F|96/100 slp
|-damage|p1a: Snorlax|84/100 slp|[from] Stealth Rock
|move|p2a: Vaporeon|Scald|p1a: Snorlax
|-damage|p1a: Snorlax|71/100 slp
|
|-heal|p1a: Snorlax|77/100 slp|[from] item: Leftovers
|upkeep
|turn|51
|j| megaslowbro1
|
|switch|p2a: Steelix|Steelix, F|100/100 par
|cant|p1a: Snorlax|slp
|
|-heal|p1a: Snorlax|83/100 slp|[from] item: Leftovers
|upkeep
|turn|52
|
|switch|p1a: Sableye|Sableye, F|83/100
|-damage|p1a: Sableye|70/100|[from] Stealth Rock
|move|p2a: Steelix|Earthquake|p1a: Sableye
|-crit|p1a: Sableye
|-damage|p1a: Sableye|30/100
|
|-heal|p1a: Sableye|36/100|[from] item: Leftovers
|upkeep
|turn|53
|l| megaslowbro1
|
|switch|p2a: Vaporeon|Vaporeon, F|100/100
|move|p1a: Sableye|Recover|p1a: Sableye
|-heal|p1a: Sableye|86/100
|
|-heal|p1a: Sableye|92/100|[from] item: Leftovers
|upkeep
|turn|54
|
|switch|p1a: Snorlax|Snorlax, F|83/100 slp
|-damage|p1a: Snorlax|71/100 slp|[from] Stealth Rock
|move|p2a: Vaporeon|Scald|p1a: Snorlax
|-damage|p1a: Snorlax|59/100 slp
|
|-heal|p1a: Snorlax|65/100 slp|[from] item: Leftovers
|upkeep
|turn|55
|
|switch|p2a: Steelix|Steelix, F|100/100 par
|-curestatus|p1a: Snorlax|slp|[msg]
|move|p1a: Snorlax|Curse|p1a: Snorlax
|-unboost|p1a: Snorlax|spe|1
|-boost|p1a: Snorlax|atk|1
|-boost|p1a: Snorlax|def|1
|
|-heal|p1a: Snorlax|71/100|[from] item: Leftovers
|upkeep
|turn|56
|
|switch|p1a: Sableye|Sableye, F|92/100
|-damage|p1a: Sableye|80/100|[from] Stealth Rock
|cant|p2a: Steelix|par
|
|-heal|p1a: Sableye|86/100|[from] item: Leftovers
|upkeep
|turn|57
|
|switch|p1a: Dhelmise|Dhelmise|100/100 slp
|-damage|p1a: Dhelmise|88/100 slp|[from] Stealth Rock
|switch|p2a: Vaporeon|Vaporeon, F|100/100
|
|upkeep
|turn|58
|
|switch|p2a: Ninetales|Ninetales, M|76/100
|-weather|SunnyDay|[from] ability: Drought|[of] p2a: Ninetales
|cant|p1a: Dhelmise|slp
|
|-weather|SunnyDay|[upkeep]
|upkeep
|turn|59
|
|switch|p1a: Snorlax|Snorlax, F|71/100
|-damage|p1a: Snorlax|58/100|[from] Stealth Rock
|move|p2a: Ninetales|Toxic|p1a: Snorlax
|-status|p1a: Snorlax|tox
|
|-weather|SunnyDay|[upkeep]
|-heal|p1a: Snorlax|64/100 tox|[from] item: Leftovers
|-damage|p1a: Snorlax|58/100 tox|[from] psn
|upkeep
|turn|60
|
|switch|p2a: Steelix|Steelix, F|100/100 par
|switch|p1a: Dhelmise|Dhelmise|88/100 slp
|-damage|p1a: Dhelmise|76/100 slp|[from] Stealth Rock
|
|-weather|SunnyDay|[upkeep]
|upkeep
|turn|61
|
|switch|p2a: Ninetales|Ninetales, M|76/100
|cant|p1a: Dhelmise|slp
|
|-weather|SunnyDay|[upkeep]
|upkeep
|turn|62
|
|switch|p1a: Snorlax|Snorlax, F|58/100 tox
|-damage|p1a: Snorlax|46/100 tox|[from] Stealth Rock
|move|p2a: Ninetales|Fire Blast|p1a: Snorlax
|-damage|p1a: Snorlax|33/100 tox
|
|-weather|none
|-heal|p1a: Snorlax|39/100 tox|[from] item: Leftovers
|-damage|p1a: Snorlax|33/100 tox|[from] psn
|upkeep
|turn|63
|
|switch|p2a: Steelix|Steelix, F|100/100 par
|move|p1a: Snorlax|Rest|p1a: Snorlax
|-status|p1a: Snorlax|slp|[from] move: Rest
|-heal|p1a: Snorlax|100/100 slp|[silent]
|
|upkeep
|turn|64
|
|switch|p1a: Dhelmise|Dhelmise|76/100 slp
|-damage|p1a: Dhelmise|64/100 slp|[from] Stealth Rock
|move|p2a: Steelix|Earthquake|p1a: Dhelmise
|-resisted|p1a: Dhelmise
|-damage|p1a: Dhelmise|52/100 slp
|
|upkeep
|turn|65
|
|switch|p2a: Xatu|Xatu, F|70/100
|-curestatus|p1a: Dhelmise|slp|[msg]
|move|p1a: Dhelmise|Rapid Spin|p2a: Xatu
|-damage|p2a: Xatu|57/100
|-boost|p1a: Dhelmise|spe|1
|-damage|p1a: Dhelmise|35/100|[from] item: Rocky Helmet|[of] p2a: Xatu
|-sideend|p1: Hell Rayquaza1|Stealth Rock|[from] move: Rapid Spin|[of] p1a: Dhelmise
|
|upkeep
|turn|66
|
|switch|p1a: Ninetales|Ninetales, M|100/100
|-weather|SunnyDay|[from] ability: Drought|[of] p1a: Ninetales
|move|p2a: Xatu|Roost|p2a: Xatu
|-heal|p2a: Xatu|100/100
|-singleturn|p2a: Xatu|move: Roost
|
|-weather|SunnyDay|[upkeep]
|upkeep
|turn|67
|
|switch|p2a: Drampa|Drampa, M|100/100
|move|p1a: Ninetales|Nasty Plot|p1a: Ninetales
|-boost|p1a: Ninetales|spa|2
|
|-weather|SunnyDay|[upkeep]
|upkeep
|turn|68
|
|switch|p1a: Snorlax|Snorlax, F|100/100 slp
|move|p2a: Drampa|Hyper Voice|p1a: Snorlax
|-damage|p1a: Snorlax|77/100 slp
|
|-weather|SunnyDay|[upkeep]
|-heal|p1a: Snorlax|83/100 slp|[from] item: Leftovers
|upkeep
|turn|69
|
|switch|p2a: Steelix|Steelix, F|100/100 par
|switch|p1a: Boltund|Boltund, M|100/100
|
|-weather|SunnyDay|[upkeep]
|upkeep
|turn|70
|
|switch|p1a: Sableye|Sableye, F|86/100
|move|p2a: Steelix|Earthquake|p1a: Sableye
|-damage|p1a: Sableye|58/100
|
|-weather|none
|-heal|p1a: Sableye|64/100|[from] item: Leftovers
|upkeep
|turn|71
|
|switch|p2a: Vaporeon|Vaporeon, F|100/100
|move|p1a: Sableye|Encore||[still]
|-fail|p1a: Sableye
|
|-heal|p1a: Sableye|71/100|[from] item: Leftovers
|upkeep
|turn|72
|
|switch|p1a: Dhelmise|Dhelmise|35/100
|move|p2a: Vaporeon|Scald|p1a: Dhelmise
|-resisted|p1a: Dhelmise
|-crit|p1a: Dhelmise
|-damage|p1a: Dhelmise|10/100
|
|upkeep
|turn|73
|
|move|p2a: Vaporeon|Scald|p1a: Dhelmise
|-resisted|p1a: Dhelmise
|-damage|p1a: Dhelmise|0 fnt
|faint|p1a: Dhelmise
|
|upkeep
|
|switch|p1a: Ninetales|Ninetales, M|100/100
|-weather|SunnyDay|[from] ability: Drought|[of] p1a: Ninetales
|turn|74
|
|switch|p2a: Drampa|Drampa, M|100/100
|move|p1a: Ninetales|Nasty Plot|p1a: Ninetales
|-boost|p1a: Ninetales|spa|2
|
|-weather|SunnyDay|[upkeep]
|upkeep
|turn|75
|
|move|p1a: Ninetales|Nasty Plot|p1a: Ninetales
|-boost|p1a: Ninetales|spa|2
|move|p2a: Drampa|Hyper Voice|p1a: Ninetales
|-damage|p1a: Ninetales|36/100
|
|-weather|SunnyDay|[upkeep]
|upkeep
|turn|76
|
|move|p1a: Ninetales|Flamethrower|p2a: Drampa
|-resisted|p2a: Drampa
|-damage|p2a: Drampa|18/100
|-ability|p2a: Drampa|Berserk|boost
|-boost|p2a: Drampa|spa|1
|move|p2a: Drampa|Hyper Voice|p1a: Ninetales
|-damage|p1a: Ninetales|0 fnt
|faint|p1a: Ninetales
|
|-weather|SunnyDay|[upkeep]
|upkeep
|
|switch|p1a: Boltund|Boltund, M|100/100
|turn|77
|j| Jam jam=new Jam()
|
|move|p1a: Boltund|Fire Fang|p2a: Drampa
|-resisted|p2a: Drampa
|-damage|p2a: Drampa|0 fnt
|-damage|p1a: Boltund|91/100|[from] item: Life Orb
|faint|p2a: Drampa
|
|-weather|SunnyDay|[upkeep]
|upkeep
|
|switch|p2a: Steelix|Steelix, F|100/100 par
|turn|78
|
|move|p1a: Boltund|Fire Fang|p2a: Steelix
|-supereffective|p2a: Steelix
|-damage|p2a: Steelix|55/100 par
|-damage|p1a: Boltund|81/100|[from] item: Life Orb
|move|p2a: Steelix|Earthquake|p1a: Boltund
|-supereffective|p1a: Boltund
|-damage|p1a: Boltund|0 fnt
|faint|p1a: Boltund
|
|-weather|none
|-heal|p2a: Steelix|61/100 par|[from] item: Leftovers
|upkeep
|-message|Hell Rayquaza1 forfeited.
|
|win|RIZ LA VIE
