|j|☆yung centibro
|j|☆VeronicaBeats
|player|p1|yung centibro|1|1411
|player|p2|VeronicaBeats|285|1163
|teamsize|p1|6
|teamsize|p2|6
|gametype|singles
|gen|8
|tier|[Gen 8] RU
|rated|
|rule|Sleep Clause Mod: Limit one foe put to sleep
|rule|Species Clause: Limit one of each Pokémon
|rule|OHKO Clause: OHKO moves are banned
|rule|Evasion Moves Clause: Evasion moves are banned
|rule|Endless Battle Clause: Forcing endless battles is banned
|rule|HP Percentage Mod: HP is shown in percentages
|clearpoke
|poke|p1|Passimian, M|
|poke|p1|Sigilyph, M|
|poke|p1|Silvally-*|
|poke|p1|Vaporeon, F|
|poke|p1|Vileplume, M|
|poke|p1|Gigalith, F|
|poke|p2|Galvantula, F|
|poke|p2|Hitmontop, M|
|poke|p2|Vaporeon, M|
|poke|p2|Steelix, M|
|poke|p2|Cinccino, M|
|poke|p2|Flapple, F|
|rule|Dynamax Clause: You cannot dynamax
|teampreview
|
|start
|switch|p1a: Passimian|Passimian, M|100/100
|switch|p2a: Steelix|Steelix, M|100/100
|turn|1
|
|switch|p2a: Hitmontop|Hitmontop, M|100/100
|-ability|p2a: Hitmontop|Intimidate|boost
|-unboost|p1a: Passimian|atk|1
|-ability|p1a: Passimian|Defiant
|-boost|p1a: Passimian|atk|2
|move|p1a: Passimian|Knock Off|p2a: Hitmontop
|-resisted|p2a: Hitmontop
|-damage|p2a: Hitmontop|81/100
|-damage|p1a: Passimian|84/100|[from] item: Rocky Helmet|[of] p2a: Hitmontop
|-enditem|p2a: Hitmontop|Rocky Helmet|[from] move: Knock Off|[of] p1a: Passimian
|
|upkeep
|turn|2
|
|switch|p1a: Vileplume|Vileplume, M|100/100
|switch|p2a: Steelix|Steelix, M|100/100
|
|upkeep
|turn|3
|
|move|p1a: Vileplume|Giga Drain|p2a: Steelix
|-damage|p2a: Steelix|61/100
|move|p2a: Steelix|Stealth Rock|p1a: Vileplume
|-sidestart|p1: yung centibro|move: Stealth Rock
|
|-heal|p2a: Steelix|67/100|[from] item: Leftovers
|upkeep
|turn|4
|
|switch|p2a: Galvantula|Galvantula, F|100/100
|move|p1a: Vileplume|Giga Drain|p2a: Galvantula
|-resisted|p2a: Galvantula
|-damage|p2a: Galvantula|76/100
|
|upkeep
|turn|5
|
|move|p2a: Galvantula|Sticky Web|p1a: Vileplume
|-sidestart|p1: yung centibro|move: Sticky Web
|move|p1a: Vileplume|Sludge Bomb|p2a: Galvantula
|-damage|p2a: Galvantula|11/100
|
|upkeep
|turn|6
|
|switch|p1a: Gigalith|Gigalith, F|100/100
|-damage|p1a: Gigalith|88/100|[from] Stealth Rock
|-activate|p1a: Gigalith|move: Sticky Web
|-unboost|p1a: Gigalith|spe|1
|-weather|Sandstorm|[from] ability: Sand Stream|[of] p1a: Gigalith
|move|p2a: Galvantula|Bug Buzz|p1a: Gigalith
|-damage|p1a: Gigalith|58/100
|-damage|p2a: Galvantula|1/100|[from] item: Life Orb
|
|-weather|Sandstorm|[upkeep]
|-damage|p2a: Galvantula|0 fnt|[from] Sandstorm
|faint|p2a: Galvantula
|-heal|p1a: Gigalith|64/100|[from] item: Leftovers
|upkeep
|
|switch|p2a: Vaporeon|Vaporeon, M|100/100
|turn|7
|
|move|p2a: Vaporeon|Scald|p1a: Gigalith
|-supereffective|p1a: Gigalith
|-damage|p1a: Gigalith|30/100
|move|p1a: Gigalith|Stealth Rock|p2a: Vaporeon
|-sidestart|p2: VeronicaBeats|move: Stealth Rock
|
|-weather|Sandstorm|[upkeep]
|-damage|p2a: Vaporeon|94/100|[from] Sandstorm
|-heal|p2a: Vaporeon|100/100|[from] item: Leftovers
|-heal|p1a: Gigalith|37/100|[from] item: Leftovers
|upkeep
|turn|8
|
|switch|p1a: Vaporeon|Vaporeon, F|100/100
|-damage|p1a: Vaporeon|88/100|[from] Stealth Rock
|-activate|p1a: Vaporeon|move: Sticky Web
|-unboost|p1a: Vaporeon|spe|1
|move|p2a: Vaporeon|Wish|p2a: Vaporeon
|
|-weather|Sandstorm|[upkeep]
|-damage|p2a: Vaporeon|94/100|[from] Sandstorm
|-damage|p1a: Vaporeon|82/100|[from] Sandstorm
|-heal|p2a: Vaporeon|100/100|[from] item: Leftovers
|-heal|p1a: Vaporeon|88/100|[from] item: Leftovers
|upkeep
|turn|9
|
|switch|p2a: Flapple|Flapple, F|100/100
|-damage|p2a: Flapple|88/100|[from] Stealth Rock
|move|p1a: Vaporeon|Wish|p1a: Vaporeon
|
|-weather|Sandstorm|[upkeep]
|-damage|p2a: Flapple|82/100|[from] Sandstorm
|-damage|p1a: Vaporeon|82/100|[from] Sandstorm
|-heal|p2a: Flapple|100/100|[from] move: Wish|[wisher] Vaporeon
|-heal|p1a: Vaporeon|88/100|[from] item: Leftovers
|upkeep
|turn|10
|
|switch|p1a: Vileplume|Vileplume, M|100/100
|-damage|p1a: Vileplume|88/100|[from] Stealth Rock
|-activate|p1a: Vileplume|move: Sticky Web
|-unboost|p1a: Vileplume|spe|1
|move|p2a: Flapple|Grav Apple|p1a: Vileplume
|-resisted|p1a: Vileplume
|-damage|p1a: Vileplume|81/100
|-unboost|p1a: Vileplume|def|1
|
|-weather|none
|-heal|p1a: Vileplume|100/100|[from] move: Wish|[wisher] Vaporeon
|upkeep
|turn|11
|
|switch|p2a: Hitmontop|Hitmontop, M|81/100
|-damage|p2a: Hitmontop|75/100|[from] Stealth Rock
|-ability|p2a: Hitmontop|Intimidate|boost
|-unboost|p1a: Vileplume|atk|1
|move|p1a: Vileplume|Sludge Bomb|p2a: Hitmontop
|-damage|p2a: Hitmontop|41/100
|
|upkeep
|turn|12
|
|move|p2a: Hitmontop|Rapid Spin|p1a: Vileplume
|-damage|p1a: Vileplume|88/100
|-sideend|p2: VeronicaBeats|Stealth Rock|[from] move: Rapid Spin|[of] p2a: Hitmontop
|-boost|p2a: Hitmontop|spe|1
|move|p1a: Vileplume|Sludge Bomb|p2a: Hitmontop
|-damage|p2a: Hitmontop|7/100
|
|-heal|p1a: Vileplume|95/100|[from] item: Leftovers
|upkeep
|turn|13
|
|move|p2a: Hitmontop|Brutal Swing|p1a: Vileplume
|-damage|p1a: Vileplume|79/100
|-status|p2a: Hitmontop|slp|[from] ability: Effect Spore|[of] p1a: Vileplume
|move|p1a: Vileplume|Giga Drain|p2a: Hitmontop
|-damage|p2a: Hitmontop|0 fnt
|-heal|p1a: Vileplume|82/100|[from] drain|[of] p2a: Hitmontop
|faint|p2a: Hitmontop
|
|-heal|p1a: Vileplume|89/100|[from] item: Leftovers
|upkeep
|
|switch|p2a: Cinccino|Cinccino, M|100/100
|turn|14
|
|switch|p1a: Gigalith|Gigalith, F|37/100
|-activate|p1a: Gigalith|move: Sticky Web
|-unboost|p1a: Gigalith|spe|1
|-damage|p1a: Gigalith|24/100|[from] Stealth Rock
|-weather|Sandstorm|[from] ability: Sand Stream|[of] p1a: Gigalith
|move|p2a: Cinccino|Tail Slap|p1a: Gigalith
|-resisted|p1a: Gigalith
|-crit|p1a: Gigalith
|-damage|p1a: Gigalith|19/100
|-resisted|p1a: Gigalith
|-damage|p1a: Gigalith|15/100
|-resisted|p1a: Gigalith
|-damage|p1a: Gigalith|11/100
|-resisted|p1a: Gigalith
|-damage|p1a: Gigalith|7/100
|-resisted|p1a: Gigalith
|-damage|p1a: Gigalith|3/100
|-hitcount|p1a: Gigalith|5
|
|-weather|Sandstorm|[upkeep]
|-damage|p2a: Cinccino|94/100|[from] Sandstorm
|-heal|p1a: Gigalith|9/100|[from] item: Leftovers
|upkeep
|turn|15
|
|move|p2a: Cinccino|Tail Slap|p1a: Gigalith
|-resisted|p1a: Gigalith
|-damage|p1a: Gigalith|5/100
|-resisted|p1a: Gigalith
|-damage|p1a: Gigalith|1/100
|-resisted|p1a: Gigalith
|-damage|p1a: Gigalith|0 fnt
|-hitcount|p1a: Gigalith|3
|faint|p1a: Gigalith
|
|-weather|Sandstorm|[upkeep]
|-damage|p2a: Cinccino|88/100|[from] Sandstorm
|upkeep
|
|switch|p1a: Silvally|Silvally-Steel|100/100
|-activate|p1a: Silvally|move: Sticky Web
|-unboost|p1a: Silvally|spe|1
|-damage|p1a: Silvally|94/100|[from] Stealth Rock
|turn|16
|
|switch|p2a: Vaporeon|Vaporeon, M|100/100
|move|p1a: Silvally|Multi-Attack|p2a: Vaporeon
|-resisted|p2a: Vaporeon
|-damage|p2a: Vaporeon|73/100
|
|-weather|Sandstorm|[upkeep]
|-damage|p2a: Vaporeon|67/100|[from] Sandstorm
|-heal|p2a: Vaporeon|73/100|[from] item: Leftovers
|upkeep
|turn|17
|
|move|p2a: Vaporeon|Protect|p2a: Vaporeon
|-singleturn|p2a: Vaporeon|Protect
|move|p1a: Silvally|U-turn|p2a: Vaporeon
|-activate|p2a: Vaporeon|move: Protect
|
|-weather|Sandstorm|[upkeep]
|-damage|p2a: Vaporeon|67/100|[from] Sandstorm
|-heal|p2a: Vaporeon|73/100|[from] item: Leftovers
|upkeep
|turn|18
|
|move|p1a: Silvally|U-turn|p2a: Vaporeon
|-damage|p2a: Vaporeon|54/100
|
|switch|p1a: Vileplume|Vileplume, M|89/100|[from]move: U-turn
|-damage|p1a: Vileplume|76/100|[from] Stealth Rock
|-activate|p1a: Vileplume|move: Sticky Web
|-unboost|p1a: Vileplume|spe|1
|move|p2a: Vaporeon|Wish|p2a: Vaporeon
|
|-weather|none
|-heal|p2a: Vaporeon|60/100|[from] item: Leftovers
|-heal|p1a: Vileplume|82/100|[from] item: Leftovers
|upkeep
|turn|19
|
|switch|p2a: Cinccino|Cinccino, M|88/100
|move|p1a: Vileplume|Growth|p1a: Vileplume
|-boost|p1a: Vileplume|atk|1
|-boost|p1a: Vileplume|spa|1
|
|-heal|p2a: Cinccino|100/100|[from] move: Wish|[wisher] Vaporeon
|-heal|p1a: Vileplume|89/100|[from] item: Leftovers
|upkeep
|turn|20
|
|move|p2a: Cinccino|Tail Slap|p1a: Vileplume
|-damage|p1a: Vileplume|80/100
|-status|p2a: Cinccino|slp|[from] ability: Effect Spore|[of] p1a: Vileplume
|-hitcount|p1a: Vileplume|1
|move|p1a: Vileplume|Sludge Bomb|p2a: Cinccino
|-damage|p2a: Cinccino|16/100 slp
|
|-heal|p1a: Vileplume|86/100|[from] item: Leftovers
|upkeep
|turn|21
|
|cant|p2a: Cinccino|slp
|move|p1a: Vileplume|Giga Drain|p2a: Cinccino
|-damage|p2a: Cinccino|0 fnt
|-heal|p1a: Vileplume|92/100|[from] drain|[of] p2a: Cinccino
|faint|p2a: Cinccino
|
|-heal|p1a: Vileplume|99/100|[from] item: Leftovers
|upkeep
|
|switch|p2a: Steelix|Steelix, M|67/100
|turn|22
|
|move|p1a: Vileplume|Giga Drain|p2a: Steelix
|-damage|p2a: Steelix|9/100
|-heal|p1a: Vileplume|100/100|[from] drain|[of] p2a: Steelix
|move|p2a: Steelix|Dragon Tail|p1a: Vileplume
|-damage|p1a: Vileplume|91/100
|drag|p1a: Silvally|Silvally-Steel|94/100
|-damage|p1a: Silvally|88/100|[from] Stealth Rock
|-activate|p1a: Silvally|move: Sticky Web
|-unboost|p1a: Silvally|spe|1
|
|-heal|p2a: Steelix|15/100|[from] item: Leftovers
|upkeep
|turn|23
|
|move|p1a: Silvally|U-turn|p2a: Steelix
|-resisted|p2a: Steelix
|-damage|p2a: Steelix|10/100
|
|switch|p1a: Vaporeon|Vaporeon, F|88/100|[from]move: U-turn
|-activate|p1a: Vaporeon|move: Sticky Web
|-unboost|p1a: Vaporeon|spe|1
|-damage|p1a: Vaporeon|75/100|[from] Stealth Rock
|move|p2a: Steelix|Body Press|p1a: Vaporeon
|-damage|p1a: Vaporeon|36/100
|
|-heal|p1a: Vaporeon|42/100|[from] item: Leftovers
|-heal|p2a: Steelix|16/100|[from] item: Leftovers
|upkeep
|turn|24
|
|move|p1a: Vaporeon|Ice Beam|p2a: Steelix
|-damage|p2a: Steelix|0 fnt
|faint|p2a: Steelix
|
|-heal|p1a: Vaporeon|49/100|[from] item: Leftovers
|upkeep
|-message|VeronicaBeats forfeited.
|
|win|yung centibro
|l|☆VeronicaBeats
