|j|☆JLT3 oSuave
|j|☆NMAN
|player|p1|JLT3 oSuave|ethan-gen2c|1472
|player|p2|NMAN|80|1247
|teamsize|p1|6
|teamsize|p2|6
|gametype|singles
|gen|8
|tier|[Gen 8] RU
|rated|
|clearpoke
|poke|p1|Sableye, F|
|poke|p1|Mantine, F|
|poke|p1|Snorlax, F|
|poke|p1|Steelix, F|
|poke|p1|Salazzle, F|
|poke|p1|Cramorant, F|
|poke|p2|Kingler, F|
|poke|p2|Vikavolt, F|
|poke|p2|Dhelmise|
|poke|p2|Steelix, M|
|poke|p2|Mantine, F|
|poke|p2|Salazzle, F|
|rule|Sleep Clause Mod: Limit one foe put to sleep
|rule|Species Clause: Limit one of each Pokémon
|rule|OHKO Clause: OHKO moves are banned
|rule|Evasion Moves Clause: Evasion moves are banned
|rule|Endless Battle Clause: Forcing endless battles is banned
|rule|HP Percentage Mod: HP is shown in percentages
|rule|Dynamax Clause: You cannot dynamax
|teampreview
|
|start
|switch|p1a: Salazzle|Salazzle, F|100/100
|switch|p2a: Mantine|Mantine, F|100/100
|turn|1
|
|switch|p1a: Snorlax|Snorlax, F|100/100
|move|p2a: Mantine|Scald|p1a: Snorlax
|-damage|p1a: Snorlax|87/100
|-status|p1a: Snorlax|brn
|
|-heal|p1a: Snorlax|93/100 brn|[from] item: Leftovers
|-damage|p1a: Snorlax|87/100 brn|[from] brn
|upkeep
|turn|2
|inactive|Battle timer is ON: inactive players will automatically lose when time's up. (requested by JLT3 oSuave)
|
|switch|p2a: Steelix|Steelix, M|100/100
|switch|p1a: Salazzle|Salazzle, F|100/100
|
|upkeep
|turn|3
|
|switch|p1a: Cramorant|Cramorant, F, shiny|100/100
|switch|p2a: Mantine|Mantine, F|100/100
|
|upkeep
|turn|4
|
|switch|p1a: Snorlax|Snorlax, F|87/100 brn
|move|p2a: Mantine|Toxic||[still]
|-fail|p2a: Mantine
|
|-heal|p1a: Snorlax|93/100 brn|[from] item: Leftovers
|-damage|p1a: Snorlax|87/100 brn|[from] brn
|upkeep
|turn|5
|
|switch|p2a: Kingler|Kingler, F|100/100
|move|p1a: Snorlax|Rest|p1a: Snorlax
|-status|p1a: Snorlax|slp|[from] move: Rest
|-heal|p1a: Snorlax|100/100 slp|[silent]
|
|upkeep
|turn|6
|
|switch|p1a: Sableye|Sableye, F|100/100
|move|p2a: Kingler|Knock Off|p1a: Sableye
|-damage|p1a: Sableye|67/100
|-enditem|p1a: Sableye|Leftovers|[from] move: Knock Off|[of] p2a: Kingler
|
|upkeep
|turn|7
|
|switch|p2a: Salazzle|Salazzle, F|100/100
|move|p1a: Sableye|Will-O-Wisp|p2a: Salazzle
|-immune|p2a: Salazzle
|
|upkeep
|turn|8
|
|move|p1a: Sableye|Recover|p1a: Sableye
|-heal|p1a: Sableye|100/100
|move|p2a: Salazzle|Toxic|p1a: Sableye
|-status|p1a: Sableye|tox
|
|-damage|p1a: Sableye|94/100 tox|[from] psn
|upkeep
|turn|9
|
|switch|p2a: Mantine|Mantine, F|100/100
|switch|p1a: Snorlax|Snorlax, F|100/100 slp
|
|upkeep
|turn|10
|
|switch|p2a: Kingler|Kingler, F|100/100
|cant|p1a: Snorlax|slp
|
|upkeep
|turn|11
|j|‽Ostrige
|
|switch|p1a: Cramorant|Cramorant, F, shiny|100/100
|move|p2a: Kingler|Liquidation|p1a: Cramorant
|-resisted|p1a: Cramorant
|-damage|p1a: Cramorant|69/100
|
|upkeep
|turn|12
|
|switch|p2a: Mantine|Mantine, F|100/100
|switch|p1a: Snorlax|Snorlax, F|100/100 slp
|
|upkeep
|turn|13
|
|switch|p2a: Kingler|Kingler, F|100/100
|cant|p1a: Snorlax|slp
|
|upkeep
|turn|14
|l|‽Ostrige
|
|switch|p1a: Steelix|Steelix, F|100/100
|move|p2a: Kingler|Superpower|p1a: Steelix
|-supereffective|p1a: Steelix
|-damage|p1a: Steelix|64/100
|-unboost|p2a: Kingler|atk|1
|-unboost|p2a: Kingler|def|1
|
|-heal|p1a: Steelix|71/100|[from] item: Leftovers
|upkeep
|turn|15
|
|switch|p2a: Steelix|Steelix, M|100/100
|switch|p1a: Cramorant|Cramorant, F, shiny|69/100
|
|upkeep
|turn|16
|
|switch|p1a: Snorlax|Snorlax, F|100/100 slp
|switch|p2a: Mantine|Mantine, F|100/100
|
|upkeep
|turn|17
|
|move|p2a: Mantine|Scald|p1a: Snorlax
|-damage|p1a: Snorlax|88/100 slp
|-curestatus|p1a: Snorlax|slp|[msg]
|move|p1a: Snorlax|Curse|p1a: Snorlax
|-unboost|p1a: Snorlax|spe|1
|-boost|p1a: Snorlax|atk|1
|-boost|p1a: Snorlax|def|1
|
|-heal|p1a: Snorlax|94/100|[from] item: Leftovers
|upkeep
|turn|18
|
|switch|p2a: Vikavolt|Vikavolt, F|100/100
|move|p1a: Snorlax|Curse|p1a: Snorlax
|-unboost|p1a: Snorlax|spe|1
|-boost|p1a: Snorlax|atk|1
|-boost|p1a: Snorlax|def|1
|
|-heal|p1a: Snorlax|99/100|[from] item: Leftovers
|upkeep
|turn|19
|
|move|p2a: Vikavolt|Bug Buzz|p1a: Snorlax
|-damage|p1a: Snorlax|56/100
|move|p1a: Snorlax|Body Slam|p2a: Vikavolt
|-damage|p2a: Vikavolt|34/100
|
|-heal|p1a: Snorlax|62/100|[from] item: Leftovers
|upkeep
|turn|20
|
|move|p2a: Vikavolt|Bug Buzz|p1a: Snorlax
|-damage|p1a: Snorlax|19/100
|move|p1a: Snorlax|Body Slam|p2a: Vikavolt
|-damage|p2a: Vikavolt|0 fnt
|faint|p2a: Vikavolt
|
|-heal|p1a: Snorlax|25/100|[from] item: Leftovers
|upkeep
|
|switch|p2a: Salazzle|Salazzle, F|100/100
|turn|21
|
|move|p2a: Salazzle|Sludge Wave|p1a: Snorlax
|-damage|p1a: Snorlax|0 fnt
|-damage|p2a: Salazzle|91/100|[from] item: Life Orb
|faint|p1a: Snorlax
|
|upkeep
|
|switch|p1a: Mantine|Mantine, F, shiny|100/100
|turn|22
|
|move|p2a: Salazzle|Toxic|p1a: Mantine
|-status|p1a: Mantine|tox
|move|p1a: Mantine|Toxic|p2a: Salazzle
|-immune|p2a: Salazzle
|
|-damage|p1a: Mantine|94/100 tox|[from] psn
|upkeep
|turn|23
|
|switch|p2a: Mantine|Mantine, F|100/100
|move|p1a: Mantine|Toxic|p2a: Mantine
|-status|p2a: Mantine|tox
|
|-damage|p2a: Mantine|94/100 tox|[from] psn
|-damage|p1a: Mantine|82/100 tox|[from] psn
|upkeep
|turn|24
|
|switch|p2a: Dhelmise|Dhelmise|100/100
|switch|p1a: Sableye|Sableye, F|94/100 tox
|
|-damage|p1a: Sableye|88/100 tox|[from] psn
|upkeep
|turn|25
|
|switch|p2a: Mantine|Mantine, F|94/100 tox
|move|p1a: Sableye|Knock Off|p2a: Mantine
|-damage|p2a: Mantine|60/100 tox
|-enditem|p2a: Mantine|Heavy-Duty Boots|[from] move: Knock Off|[of] p1a: Sableye
|
|-damage|p2a: Mantine|54/100 tox|[from] psn
|-damage|p1a: Sableye|75/100 tox|[from] psn
|upkeep
|turn|26
|
|move|p2a: Mantine|Roost|p2a: Mantine
|-heal|p2a: Mantine|100/100 tox
|-singleturn|p2a: Mantine|move: Roost
|move|p1a: Sableye|Knock Off|p2a: Mantine
|-damage|p2a: Mantine|78/100 tox
|
|-damage|p2a: Mantine|66/100 tox|[from] psn
|-damage|p1a: Sableye|57/100 tox|[from] psn
|upkeep
|turn|27
|
|switch|p2a: Steelix|Steelix, M|100/100
|move|p1a: Sableye|Encore||[still]
|-fail|p1a: Sableye
|
|-damage|p1a: Sableye|32/100 tox|[from] psn
|upkeep
|turn|28
|
|move|p1a: Sableye|Recover|p1a: Sableye
|-heal|p1a: Sableye|82/100 tox
|move|p2a: Steelix|Stealth Rock|p1a: Sableye
|-sidestart|p1: JLT3 oSuave|move: Stealth Rock
|
|-damage|p1a: Sableye|50/100 tox|[from] psn
|upkeep
|turn|29
|
|switch|p1a: Mantine|Mantine, F, shiny|82/100 tox
|move|p2a: Steelix|Earthquake|p1a: Mantine
|-immune|p1a: Mantine
|
|-damage|p1a: Mantine|76/100 tox|[from] psn
|upkeep
|turn|30
|
|switch|p1a: Sableye|Sableye, F|50/100 tox
|-damage|p1a: Sableye|38/100 tox|[from] Stealth Rock
|switch|p2a: Dhelmise|Dhelmise|100/100
|
|-damage|p1a: Sableye|32/100 tox|[from] psn
|upkeep
|turn|31
|
|switch|p2a: Mantine|Mantine, F|66/100 tox
|move|p1a: Sableye|Recover|p1a: Sableye
|-heal|p1a: Sableye|82/100 tox
|
|-damage|p2a: Mantine|60/100 tox|[from] psn
|-damage|p1a: Sableye|69/100 tox|[from] psn
|upkeep
|turn|32
|
|switch|p1a: Mantine|Mantine, F, shiny|76/100 tox
|move|p2a: Mantine|Roost|p2a: Mantine
|-heal|p2a: Mantine|100/100 tox
|-singleturn|p2a: Mantine|move: Roost
|
|-damage|p2a: Mantine|88/100 tox|[from] psn
|-damage|p1a: Mantine|70/100 tox|[from] psn
|upkeep
|turn|33
|
|switch|p2a: Dhelmise|Dhelmise|100/100
|move|p1a: Mantine|Hurricane|p2a: Dhelmise
|-supereffective|p2a: Dhelmise
|-damage|p2a: Dhelmise|32/100
|-start|p2a: Dhelmise|confusion
|
|-damage|p1a: Mantine|57/100 tox|[from] psn
|upkeep
|turn|34
|
|switch|p1a: Steelix|Steelix, F|71/100
|-damage|p1a: Steelix|67/100|[from] Stealth Rock
|switch|p2a: Mantine|Mantine, F|88/100 tox
|
|-heal|p1a: Steelix|74/100|[from] item: Leftovers
|-damage|p2a: Mantine|82/100 tox|[from] psn
|upkeep
|turn|35
|
|switch|p1a: Mantine|Mantine, F, shiny|57/100 tox
|move|p2a: Mantine|Scald|p1a: Mantine
|-heal|p1a: Mantine|82/100 tox|[from] ability: Water Absorb|[of] p2a: Mantine
|
|-damage|p2a: Mantine|70/100 tox|[from] psn
|-damage|p1a: Mantine|76/100 tox|[from] psn
|upkeep
|turn|36
|
|move|p2a: Mantine|Roost|p2a: Mantine
|-heal|p2a: Mantine|100/100 tox
|-singleturn|p2a: Mantine|move: Roost
|move|p1a: Mantine|Hurricane|p2a: Mantine
|-damage|p2a: Mantine|84/100 tox
|-start|p2a: Mantine|confusion
|
|-damage|p2a: Mantine|66/100 tox|[from] psn
|-damage|p1a: Mantine|64/100 tox|[from] psn
|upkeep
|turn|37
|
|switch|p2a: Kingler|Kingler, F|100/100
|move|p1a: Mantine|Roost|p1a: Mantine
|-heal|p1a: Mantine|100/100 tox
|-singleturn|p1a: Mantine|move: Roost
|
|-damage|p1a: Mantine|82/100 tox|[from] psn
|upkeep
|turn|38
|
|switch|p1a: Steelix|Steelix, F|74/100
|-damage|p1a: Steelix|71/100|[from] Stealth Rock
|move|p2a: Kingler|Rock Slide|p1a: Steelix
|-resisted|p1a: Steelix
|-damage|p1a: Steelix|67/100
|
|-heal|p1a: Steelix|73/100|[from] item: Leftovers
|upkeep
|turn|39
|
|switch|p2a: Dhelmise|Dhelmise|32/100
|move|p1a: Steelix|Stealth Rock|p2a: Dhelmise
|-sidestart|p2: NMAN|move: Stealth Rock
|
|-heal|p1a: Steelix|79/100|[from] item: Leftovers
|upkeep
|turn|40
|
|move|p2a: Dhelmise|Power Whip|p1a: Steelix
|-damage|p1a: Steelix|32/100
|move|p1a: Steelix|Toxic|p2a: Dhelmise|[miss]
|-miss|p1a: Steelix|p2a: Dhelmise
|
|-heal|p1a: Steelix|38/100|[from] item: Leftovers
|upkeep
|turn|41
|inactive|JLT3 oSuave has 120 seconds left.
|inactive|JLT3 oSuave has 90 seconds left.
|
|switch|p1a: Salazzle|Salazzle, F|100/100
|-damage|p1a: Salazzle|76/100|[from] Stealth Rock
|move|p2a: Dhelmise|Power Whip|p1a: Salazzle
|-resisted|p1a: Salazzle
|-damage|p1a: Salazzle|31/100
|
|-heal|p1a: Salazzle|37/100|[from] item: Leftovers
|upkeep
|turn|42
|inactive|NMAN has 120 seconds left.
|
|switch|p2a: Mantine|Mantine, F|66/100 tox
|-damage|p2a: Mantine|41/100 tox|[from] Stealth Rock
|move|p1a: Salazzle|Flamethrower|p2a: Mantine
|-resisted|p2a: Mantine
|-crit|p2a: Mantine
|-damage|p2a: Mantine|24/100 tox
|
|-heal|p1a: Salazzle|43/100|[from] item: Leftovers
|-damage|p2a: Mantine|18/100 tox|[from] psn
|upkeep
|turn|43
|inactive|NMAN has 120 seconds left.
|inactive|JLT3 oSuave has 60 seconds left.
|
|move|p1a: Salazzle|Substitute|p1a: Salazzle
|-start|p1a: Salazzle|Substitute
|-damage|p1a: Salazzle|19/100
|move|p2a: Mantine|Roost|p2a: Mantine
|-heal|p2a: Mantine|68/100 tox
|-singleturn|p2a: Mantine|move: Roost
|
|-heal|p1a: Salazzle|25/100|[from] item: Leftovers
|-damage|p2a: Mantine|56/100 tox|[from] psn
|upkeep
|turn|44
|
|move|p1a: Salazzle|Protect|p1a: Salazzle
|-singleturn|p1a: Salazzle|Protect
|move|p2a: Mantine|Defog|p1a: Salazzle
|-activate|p1a: Salazzle|move: Protect
|
|-heal|p1a: Salazzle|31/100|[from] item: Leftovers
|-damage|p2a: Mantine|37/100 tox|[from] psn
|upkeep
|turn|45
|
|move|p1a: Salazzle|Flamethrower|p2a: Mantine
|-resisted|p2a: Mantine
|-damage|p2a: Mantine|26/100 tox
|move|p2a: Mantine|Scald|p1a: Salazzle
|-supereffective|p1a: Salazzle
|-end|p1a: Salazzle|Substitute
|
|-heal|p1a: Salazzle|37/100|[from] item: Leftovers
|-damage|p2a: Mantine|2/100 tox|[from] psn
|upkeep
|turn|46
|
|move|p1a: Salazzle|Flamethrower|p2a: Mantine
|-resisted|p2a: Mantine
|-damage|p2a: Mantine|0 fnt
|faint|p2a: Mantine
|
|-heal|p1a: Salazzle|43/100|[from] item: Leftovers
|upkeep
|
|switch|p2a: Kingler|Kingler, F|100/100
|-damage|p2a: Kingler|88/100|[from] Stealth Rock
|turn|47
|
|move|p1a: Salazzle|Protect|p1a: Salazzle
|-singleturn|p1a: Salazzle|Protect
|move|p2a: Kingler|Knock Off|p1a: Salazzle
|-activate|p1a: Salazzle|move: Protect
|
|-heal|p1a: Salazzle|49/100|[from] item: Leftovers
|upkeep
|turn|48
|
|switch|p1a: Sableye|Sableye, F|69/100 tox
|-damage|p1a: Sableye|57/100 tox|[from] Stealth Rock
|move|p2a: Kingler|Knock Off|p1a: Sableye
|-damage|p1a: Sableye|33/100 tox
|
|-damage|p1a: Sableye|27/100 tox|[from] psn
|upkeep
|turn|49
|
|switch|p2a: Salazzle|Salazzle, F|91/100
|-damage|p2a: Salazzle|66/100|[from] Stealth Rock
|move|p1a: Sableye|Knock Off|p2a: Salazzle
|-damage|p2a: Salazzle|20/100
|-enditem|p2a: Salazzle|Life Orb|[from] move: Knock Off|[of] p1a: Sableye
|
|-damage|p1a: Sableye|14/100 tox|[from] psn
|upkeep
|turn|50
|
|move|p1a: Sableye|Recover|p1a: Sableye
|-heal|p1a: Sableye|64/100 tox
|move|p2a: Salazzle|Sludge Wave|p1a: Sableye
|-resisted|p1a: Sableye
|-damage|p1a: Sableye|28/100 tox
|
|-damage|p1a: Sableye|9/100 tox|[from] psn
|upkeep
|turn|51
|
|move|p1a: Sableye|Encore|p2a: Salazzle
|-start|p2a: Salazzle|Encore
|move|p2a: Salazzle|Sludge Wave|p1a: Sableye
|-resisted|p1a: Sableye
|-damage|p1a: Sableye|0 fnt
|faint|p1a: Sableye
|
|upkeep
|j| AtrixMJ
|
|switch|p1a: Steelix|Steelix, F|38/100
|-damage|p1a: Steelix|35/100|[from] Stealth Rock
|turn|52
|
|switch|p2a: Steelix|Steelix, M|100/100
|-damage|p2a: Steelix|97/100|[from] Stealth Rock
|move|p1a: Steelix|Heavy Slam|p2a: Steelix
|-resisted|p2a: Steelix
|-damage|p2a: Steelix|95/100
|
|-heal|p1a: Steelix|41/100|[from] item: Leftovers
|-heal|p2a: Steelix|100/100|[from] item: Leftovers
|upkeep
|turn|53
|
|move|p1a: Steelix|Earthquake|p2a: Steelix
|-supereffective|p2a: Steelix
|-damage|p2a: Steelix|73/100
|move|p2a: Steelix|Earthquake|p1a: Steelix
|-supereffective|p1a: Steelix
|-damage|p1a: Steelix|14/100
|
|-heal|p1a: Steelix|20/100|[from] item: Leftovers
|-heal|p2a: Steelix|80/100|[from] item: Leftovers
|upkeep
|turn|54
|
|move|p1a: Steelix|Earthquake|p2a: Steelix
|-supereffective|p2a: Steelix
|-damage|p2a: Steelix|55/100
|move|p2a: Steelix|Earthquake|p1a: Steelix
|-supereffective|p1a: Steelix
|-damage|p1a: Steelix|0 fnt
|faint|p1a: Steelix
|
|-heal|p2a: Steelix|62/100|[from] item: Leftovers
|upkeep
|inactive|JLT3 oSuave has 90 seconds left.
|
|switch|p1a: Cramorant|Cramorant, F, shiny|69/100
|turn|55
|
|move|p1a: Cramorant|Surf|p2a: Steelix
|-supereffective|p2a: Steelix
|-formechange|p1a: Cramorant|Cramorant-Gulping|
|-damage|p2a: Steelix|0 fnt
|faint|p2a: Steelix
|
|upkeep
|
|switch|p2a: Kingler|Kingler, F|88/100
|-damage|p2a: Kingler|76/100|[from] Stealth Rock
|turn|56
|
|move|p2a: Kingler|Rock Slide|p1a: Cramorant
|-supereffective|p1a: Cramorant
|-damage|p1a: Cramorant|4/100
|-damage|p2a: Kingler|51/100|[from] ability: Gulp Missile|[of] p1a: Cramorant
|-unboost|p2a: Kingler|def|1
|-formechange|p1a: Cramorant|Cramorant|
|move|p1a: Cramorant|Hurricane|p2a: Kingler
|-damage|p2a: Kingler|0 fnt
|faint|p2a: Kingler
|
|upkeep
|
|switch|p2a: Dhelmise|Dhelmise|32/100
|-damage|p2a: Dhelmise|19/100|[from] Stealth Rock
|turn|57
|
|move|p1a: Cramorant|Surf|p2a: Dhelmise
|-resisted|p2a: Dhelmise
|-formechange|p1a: Cramorant|Cramorant-Gorging|
|-damage|p2a: Dhelmise|5/100
|move|p2a: Dhelmise|Shadow Claw|p1a: Cramorant
|-damage|p1a: Cramorant|0 fnt
|-damage|p2a: Dhelmise|0 fnt|[from] ability: Gulp Missile|[of] p1a: Cramorant
|-formechange|p1a: Cramorant|Cramorant|
|faint|p1a: Cramorant
|faint|p2a: Dhelmise
|
|upkeep
|-message|NMAN forfeited.
|
|win|JLT3 oSuave
|l|☆NMAN
|raw|JLT3 oSuave's rating: 1472 &rarr; <strong>1480</strong><br />(+8 for winning)
|raw|NMAN's rating: 1248 &rarr; <strong>1237</strong><br />(-11 for losing)
|l| AtrixMJ
