|j|☆D0m1nus
|j|☆literallyfreemoney
|t:|1662022456
|gametype|singles
|player|p1|D0m1nus|brycen|1094
|player|p2|literallyfreemoney|pokemonbreeder-gen4|1401
|teamsize|p1|6
|teamsize|p2|6
|gen|8
|tier|[Gen 8] RU
|rated|
|rule|Sleep Clause Mod: Limit one foe put to sleep
|rule|Species Clause: Limit one of each Pokémon
|rule|OHKO Clause: OHKO moves are banned
|rule|Evasion Items Clause: Evasion items are banned
|rule|Evasion Moves Clause: Evasion moves are banned
|rule|Endless Battle Clause: Forcing endless battles is banned
|rule|HP Percentage Mod: HP is shown in percentages
|rule|Dynamax Clause: You cannot dynamax
|clearpoke
|poke|p1|Escavalier, M|
|poke|p1|Raikou|
|poke|p1|Nidoqueen, F|
|poke|p1|Milotic, M|
|poke|p1|Crobat, F|
|poke|p1|Incineroar, F|
|poke|p2|Gardevoir, F|
|poke|p2|Golisopod, F|
|poke|p2|Flygon, F|
|poke|p2|Nidoqueen, F|
|poke|p2|Raikou|
|poke|p2|Silvally-*|
|teampreview
|
|t:|1662022473
|start
|switch|p1a: Nidoqueen|Nidoqueen, F|100/100
|switch|p2a: Silvally|Silvally-Dragon|100/100
|turn|1
|
|t:|1662022484
|move|p2a: Silvally|Multi-Attack|p1a: Nidoqueen
|-damage|p1a: Nidoqueen|51/100
|move|p1a: Nidoqueen|Stealth Rock|p2a: Silvally
|-sidestart|p2: literallyfreemoney|move: Stealth Rock
|
|-heal|p1a: Nidoqueen|57/100|[from] item: Black Sludge
|upkeep
|turn|2
|
|t:|1662022499
|move|p2a: Silvally|Parting Shot|p1a: Nidoqueen
|-unboost|p1a: Nidoqueen|atk|1
|-unboost|p1a: Nidoqueen|spa|1
|
|t:|1662022502
|switch|p2a: Golisopod|Golisopod, F|100/100|[from]move: Parting Shot
|move|p1a: Nidoqueen|Ice Beam|p2a: Golisopod
|-resisted|p2a: Golisopod
|-damage|p2a: Golisopod|90/100
|
|-heal|p1a: Nidoqueen|64/100|[from] item: Black Sludge
|upkeep
|turn|3
|
|t:|1662022508
|switch|p1a: Crobat|Crobat, F|100/100
|move|p2a: Golisopod|Knock Off|p1a: Crobat
|-damage|p1a: Crobat|64/100
|-enditem|p1a: Crobat|Heavy-Duty Boots|[from] move: Knock Off|[of] p2a: Golisopod
|
|upkeep
|turn|4
|
|t:|1662022515
|switch|p2a: Raikou|Raikou|100/100
|-damage|p2a: Raikou|88/100|[from] Stealth Rock
|-ability|p2a: Raikou|Pressure
|move|p1a: Crobat|U-turn|p2a: Raikou
|-damage|p2a: Raikou|68/100
|
|t:|1662022534
|switch|p1a: Incineroar|Incineroar, F|100/100|[from]move: U-turn
|-ability|p1a: Incineroar|Intimidate|boost
|-unboost|p2a: Raikou|atk|1
|
|-heal|p2a: Raikou|75/100|[from] item: Leftovers
|upkeep
|turn|5
|
|t:|1662022538
|switch|p2a: Silvally|Silvally-Dragon|100/100
|-damage|p2a: Silvally|88/100|[from] Stealth Rock
|move|p1a: Incineroar|Knock Off|p2a: Silvally
|-damage|p2a: Silvally|50/100
|
|upkeep
|turn|6
|
|t:|1662022546
|move|p2a: Silvally|Defog|p1a: Incineroar
|-unboost|p1a: Incineroar|evasion|1
|-sideend|p2: literallyfreemoney|Stealth Rock|[from] move: Defog|[of] p2a: Silvally
|move|p1a: Incineroar|U-turn|p2a: Silvally
|-damage|p2a: Silvally|21/100
|
|t:|1662022549
|switch|p1a: Nidoqueen|Nidoqueen, F|64/100|[from]move: U-turn
|
|-heal|p1a: Nidoqueen|70/100|[from] item: Black Sludge
|upkeep
|turn|7
|
|t:|1662022552
|move|p2a: Silvally|Multi-Attack|p1a: Nidoqueen
|-damage|p1a: Nidoqueen|18/100
|move|p1a: Nidoqueen|Stealth Rock|p2a: Silvally
|-sidestart|p2: literallyfreemoney|move: Stealth Rock
|
|-heal|p1a: Nidoqueen|24/100|[from] item: Black Sludge
|upkeep
|turn|8
|inactive|Battle timer is ON: inactive players will automatically lose when time's up. (requested by literallyfreemoney)
|
|t:|1662022641
|move|p2a: Silvally|Defog|p1a: Nidoqueen
|-unboost|p1a: Nidoqueen|evasion|1
|-sideend|p2: literallyfreemoney|Stealth Rock|[from] move: Defog|[of] p2a: Silvally
|move|p1a: Nidoqueen|Ice Beam|p2a: Silvally
|-supereffective|p2a: Silvally
|-damage|p2a: Silvally|0 fnt
|faint|p2a: Silvally
|
|-heal|p1a: Nidoqueen|30/100|[from] item: Black Sludge
|upkeep
|
|t:|1662022650
|switch|p2a: Nidoqueen|Nidoqueen, F|100/100
|turn|9
|
|t:|1662022671
|move|p2a: Nidoqueen|Earth Power|p1a: Nidoqueen
|-supereffective|p1a: Nidoqueen
|-damage|p1a: Nidoqueen|0 fnt
|faint|p1a: Nidoqueen
|
|upkeep
|
|t:|1662022677
|switch|p1a: Milotic|Milotic, M|100/100
|turn|10
|
|t:|1662022680
|switch|p2a: Golisopod|Golisopod, F|90/100
|move|p1a: Milotic|Scald|p2a: Golisopod
|-resisted|p2a: Golisopod
|-crit|p2a: Golisopod
|-damage|p2a: Golisopod|65/100
|
|upkeep
|turn|11
|
|t:|1662022686
|move|p1a: Milotic|Scald|p2a: Golisopod
|-resisted|p2a: Golisopod
|-damage|p2a: Golisopod|48/100
|-activate|p2a: Golisopod|ability: Emergency Exit
|
|t:|1662022694
|switch|p2a: Raikou|Raikou|75/100
|-ability|p2a: Raikou|Pressure
|
|-heal|p2a: Raikou|81/100|[from] item: Leftovers
|upkeep
|turn|12
|
|t:|1662022701
|switch|p1a: Incineroar|Incineroar, F|100/100
|-ability|p1a: Incineroar|Intimidate|boost
|-unboost|p2a: Raikou|atk|1
|move|p2a: Raikou|Substitute|p2a: Raikou
|-start|p2a: Raikou|Substitute
|-damage|p2a: Raikou|56/100
|
|-heal|p2a: Raikou|62/100|[from] item: Leftovers
|upkeep
|turn|13
|
|t:|1662022704
|move|p2a: Raikou|Scald|p1a: Incineroar
|-supereffective|p1a: Incineroar
|-damage|p1a: Incineroar|41/100
|move|p1a: Incineroar|Knock Off|p2a: Raikou
|-end|p2a: Raikou|Substitute
|
|-heal|p2a: Raikou|68/100|[from] item: Leftovers
|upkeep
|turn|14
|
|t:|1662022716
|switch|p1a: Raikou|Raikou|100/100
|move|p2a: Raikou|Scald|p1a: Raikou
|-damage|p1a: Raikou|75/100
|
|-heal|p2a: Raikou|75/100|[from] item: Leftovers
|upkeep
|turn|15
|
|t:|1662022722
|switch|p2a: Nidoqueen|Nidoqueen, F|100/100
|move|p1a: Raikou|Calm Mind|p1a: Raikou
|-boost|p1a: Raikou|spa|1
|-boost|p1a: Raikou|spd|1
|
|upkeep
|turn|16
|
|t:|1662022727
|move|p1a: Raikou|Scald|p2a: Nidoqueen
|-supereffective|p2a: Nidoqueen
|-damage|p2a: Nidoqueen|6/100
|-status|p2a: Nidoqueen|brn
|move|p2a: Nidoqueen|Earth Power|p1a: Raikou
|-supereffective|p1a: Raikou
|-damage|p1a: Raikou|19/100
|
|-heal|p2a: Nidoqueen|12/100 brn|[from] item: Black Sludge
|-damage|p2a: Nidoqueen|6/100 brn|[from] brn
|upkeep
|turn|17
|
|t:|1662022734
|move|p1a: Raikou|Scald|p2a: Nidoqueen
|-supereffective|p2a: Nidoqueen
|-damage|p2a: Nidoqueen|0 fnt
|faint|p2a: Nidoqueen
|
|upkeep
|
|t:|1662022739
|switch|p2a: Flygon|Flygon, F|100/100
|turn|18
|
|t:|1662022742
|switch|p1a: Crobat|Crobat, F|64/100
|move|p2a: Flygon|U-turn|p1a: Crobat
|-resisted|p1a: Crobat
|-damage|p1a: Crobat|59/100
|
|t:|1662022748
|switch|p2a: Raikou|Raikou|75/100|[from]move: U-turn
|-ability|p2a: Raikou|Pressure
|
|-heal|p2a: Raikou|81/100|[from] item: Leftovers
|upkeep
|turn|19
|
|t:|1662022751
|move|p1a: Crobat|Brave Bird|p2a: Raikou
|-resisted|p2a: Raikou
|-damage|p2a: Raikou|56/100
|-damage|p1a: Crobat|51/100|[from] Recoil
|move|p2a: Raikou|Thunderbolt|p1a: Crobat
|-supereffective|p1a: Crobat
|-damage|p1a: Crobat|0 fnt
|faint|p1a: Crobat
|
|-heal|p2a: Raikou|62/100|[from] item: Leftovers
|upkeep
|
|t:|1662022780
|switch|p1a: Escavalier|Escavalier, M|100/100
|turn|20
|
|t:|1662022792
|move|p2a: Raikou|Thunderbolt|p1a: Escavalier
|-damage|p1a: Escavalier|53/100
|move|p1a: Escavalier|Megahorn|p2a: Raikou
|-damage|p2a: Raikou|0 fnt
|faint|p2a: Raikou
|
|-heal|p1a: Escavalier|59/100|[from] item: Leftovers
|upkeep
|
|t:|1662022803
|switch|p2a: Golisopod|Golisopod, F|48/100
|turn|21
|
|t:|1662022809
|switch|p1a: Milotic|Milotic, M|100/100
|move|p2a: Golisopod|Knock Off|p1a: Milotic
|-damage|p1a: Milotic|69/100
|-enditem|p1a: Milotic|Heavy-Duty Boots|[from] move: Knock Off|[of] p2a: Golisopod
|
|upkeep
|turn|22
|
|t:|1662022814
|move|p1a: Milotic|Recover|p1a: Milotic
|-heal|p1a: Milotic|100/100
|move|p2a: Golisopod|Spikes|p1a: Milotic
|-sidestart|p1: D0m1nus|Spikes
|
|upkeep
|turn|23
|
|t:|1662022816
|move|p1a: Milotic|Scald|p2a: Golisopod
|-resisted|p2a: Golisopod
|-damage|p2a: Golisopod|30/100
|move|p2a: Golisopod|Spikes|p1a: Milotic
|-sidestart|p1: D0m1nus|Spikes
|
|upkeep
|turn|24
|
|t:|1662022819
|move|p1a: Milotic|Scald|p2a: Golisopod
|-resisted|p2a: Golisopod
|-damage|p2a: Golisopod|14/100
|-status|p2a: Golisopod|brn
|move|p2a: Golisopod|Spikes|p1a: Milotic
|-sidestart|p1: D0m1nus|Spikes
|
|-damage|p2a: Golisopod|8/100 brn|[from] brn
|upkeep
|turn|25
|
|t:|1662022823
|move|p1a: Milotic|Scald|p2a: Golisopod
|-resisted|p2a: Golisopod
|-damage|p2a: Golisopod|0 fnt
|faint|p2a: Golisopod
|
|upkeep
|
|t:|1662022825
|switch|p2a: BELLA DONNA!!!!!!!|Gardevoir, F|100/100
|-ability|p2a: BELLA DONNA!!!!!!!|Marvel Scale|[from] ability: Trace|[of] p1a: Milotic
|turn|26
|
|t:|1662022832
|move|p2a: BELLA DONNA!!!!!!!|Moonblast|p1a: Milotic
|-damage|p1a: Milotic|53/100
|move|p1a: Milotic|Flip Turn|p2a: BELLA DONNA!!!!!!!
|-damage|p2a: BELLA DONNA!!!!!!!|79/100
|
|t:|1662022835
|switch|p1a: Escavalier|Escavalier, M|59/100|[from]move: Flip Turn
|-damage|p1a: Escavalier|34/100|[from] Spikes
|
|-heal|p1a: Escavalier|40/100|[from] item: Leftovers
|upkeep
|turn|27
|
|t:|1662022838
|switch|p2a: Flygon|Flygon, F|100/100
|move|p1a: Escavalier|Iron Head|p2a: Flygon
|-damage|p2a: Flygon|41/100
|
|-heal|p1a: Escavalier|46/100|[from] item: Leftovers
|upkeep
|turn|28
|
|t:|1662022852
|move|p2a: Flygon|Earthquake|p1a: Escavalier
|-damage|p1a: Escavalier|2/100
|move|p1a: Escavalier|Iron Head|p2a: Flygon
|-damage|p2a: Flygon|0 fnt
|faint|p2a: Flygon
|
|-heal|p1a: Escavalier|8/100|[from] item: Leftovers
|upkeep
|
|t:|1662022854
|switch|p2a: BELLA DONNA!!!!!!!|Gardevoir, F|79/100
|-ability|p2a: BELLA DONNA!!!!!!!|Shell Armor|[from] ability: Trace|[of] p1a: Escavalier
|turn|29
|
|t:|1662022858
|move|p2a: BELLA DONNA!!!!!!!|Moonblast|p1a: Escavalier
|-resisted|p1a: Escavalier
|-damage|p1a: Escavalier|0 fnt
|faint|p1a: Escavalier
|
|upkeep
|
|t:|1662022862
|switch|p1a: Incineroar|Incineroar, F|41/100
|-ability|p1a: Incineroar|Intimidate|boost
|-unboost|p2a: BELLA DONNA!!!!!!!|atk|1
|turn|30
|
|t:|1662022865
|move|p2a: BELLA DONNA!!!!!!!|Moonblast|p1a: Incineroar
|-damage|p1a: Incineroar|0 fnt
|faint|p1a: Incineroar
|
|upkeep
|
|t:|1662022867
|switch|p1a: Milotic|Milotic, M|53/100
|-damage|p1a: Milotic|28/100|[from] Spikes
|turn|31
|
|t:|1662022869
|move|p2a: BELLA DONNA!!!!!!!|Moonblast|p1a: Milotic
|-damage|p1a: Milotic|0 fnt
|faint|p1a: Milotic
|
|upkeep
|
|t:|1662022871
|switch|p1a: Raikou|Raikou|19/100
|turn|32
|
|t:|1662022873
|move|p1a: Raikou|Thunderbolt|p2a: BELLA DONNA!!!!!!!
|-damage|p2a: BELLA DONNA!!!!!!!|34/100
|move|p2a: BELLA DONNA!!!!!!!|Moonblast|p1a: Raikou
|-damage|p1a: Raikou|0 fnt
|faint|p1a: Raikou
|
|win|literallyfreemoney
|raw|D0m1nus's rating: 1094 &rarr; <strong>1087</strong><br />(-7 for losing)
|raw|literallyfreemoney's rating: 1401 &rarr; <strong>1407</strong><br />(+6 for winning)
|l|☆D0m1nus
||Ladder isn't responding, score probably updated but might not have (Request timeout).
