|j|☆kindersurprise2 0
|j|☆raptorsenal
|t:|1662979244
|gametype|singles
|player|p1|kindersurprise2 0|emmet|1352
|player|p2|raptorsenal|ltsurge|1373
|teamsize|p1|6
|teamsize|p2|6
|gen|8
|tier|[Gen 8] RU
|rated|
|rule|Sleep Clause Mod: Limit one foe put to sleep
|rule|Species Clause: Limit one of each Pokémon
|rule|OHKO Clause: OHKO moves are banned
|rule|Evasion Items Clause: Evasion items are banned
|rule|Evasion Moves Clause: Evasion moves are banned
|rule|Endless Battle Clause: Forcing endless battles is banned
|rule|HP Percentage Mod: HP is shown in percentages
|rule|Dynamax Clause: You cannot dynamax
|clearpoke
|poke|p1|Incineroar, M|
|poke|p1|Crobat, F|
|poke|p1|Roserade, M|
|poke|p1|Gardevoir, M|
|poke|p1|Seismitoad, M|
|poke|p1|Lucario, F|
|poke|p2|Seismitoad, F|
|poke|p2|Klefki, M|
|poke|p2|Toxicroak, F|
|poke|p2|Ludicolo, M|
|poke|p2|Politoed, F|
|poke|p2|Tornadus, M|
|teampreview
|
|t:|1662979280
|start
|switch|p1a: Roserade|Roserade, M|100/100
|switch|p2a: Emilie|Politoed, F|100/100
|-weather|RainDance|[from] ability: Drizzle|[of] p2a: Emilie
|turn|1
|
|t:|1662979286
|switch|p2a: Ludicoolio|Ludicolo, M|100/100
|move|p1a: Roserade|Toxic Spikes|p2a: Ludicoolio
|-sidestart|p2: raptorsenal|move: Toxic Spikes
|
|-weather|RainDance|[upkeep]
|upkeep
|turn|2
|
|t:|1662979290
|move|p2a: Ludicoolio|Ice Beam|p1a: Roserade
|-supereffective|p1a: Roserade
|-damage|p1a: Roserade|46/100
|-damage|p2a: Ludicoolio|91/100|[from] item: Life Orb
|move|p1a: Roserade|Sludge Bomb|p2a: Ludicoolio
|-supereffective|p2a: Ludicoolio
|-damage|p2a: Ludicoolio|0 fnt
|faint|p2a: Ludicoolio
|
|-weather|RainDance|[upkeep]
|-heal|p1a: Roserade|52/100|[from] item: Black Sludge
|upkeep
|
|t:|1662979294
|switch|p2a: Vomito|Seismitoad, F|100/100
|-status|p2a: Vomito|psn
|turn|3
|inactive|Battle timer is ON: inactive players will automatically lose when time's up. (requested by raptorsenal)
|
|t:|1662979305
|switch|p1a: Seismitoad|Seismitoad, M|100/100
|move|p2a: Vomito|Ice Punch|p1a: Seismitoad
|-damage|p1a: Seismitoad|77/100
|-damage|p2a: Vomito|91/100 psn|[from] item: Life Orb
|
|-weather|RainDance|[upkeep]
|-heal|p1a: Seismitoad|83/100|[from] item: Leftovers
|-damage|p2a: Vomito|78/100 psn|[from] psn
|upkeep
|turn|4
|
|t:|1662979314
|switch|p2a: Tentaculous|Tornadus, M|100/100
|move|p1a: Seismitoad|Stealth Rock|p2a: Tentaculous
|-sidestart|p2: raptorsenal|move: Stealth Rock
|
|-weather|RainDance|[upkeep]
|-heal|p1a: Seismitoad|89/100|[from] item: Leftovers
|upkeep
|turn|5
|
|t:|1662979329
|switch|p1a: Crobat|Crobat, F|100/100
|move|p2a: Tentaculous|Nasty Plot|p2a: Tentaculous
|-boost|p2a: Tentaculous|spa|2
|
|-weather|RainDance|[upkeep]
|upkeep
|turn|6
|
|t:|1662979335
|move|p2a: Tentaculous|Hurricane|p1a: Crobat
|-damage|p1a: Crobat|0 fnt
|faint|p1a: Crobat
|
|-weather|RainDance|[upkeep]
|upkeep
|
|t:|1662979351
|switch|p1a: Gardevoir|Gardevoir, M, shiny|100/100
|-ability|p1a: Gardevoir|Defiant|[from] ability: Trace|[of] p2a: Tentaculous
|turn|7
|
|t:|1662979354
|move|p1a: Gardevoir|Thunderbolt|p2a: Tentaculous
|-supereffective|p2a: Tentaculous
|-damage|p2a: Tentaculous|14/100
|move|p2a: Tentaculous|Hurricane|p1a: Gardevoir
|-damage|p1a: Gardevoir|0 fnt
|faint|p1a: Gardevoir
|
|-weather|RainDance|[upkeep]
|upkeep
|
|t:|1662979360
|switch|p1a: Lucario|Lucario, F|100/100
|turn|8
|
|t:|1662979364
|switch|p2a: Jena Lee|Klefki, M|100/100
|-damage|p2a: Jena Lee|95/100|[from] Stealth Rock
|move|p1a: Lucario|Extreme Speed|p2a: Jena Lee
|-resisted|p2a: Jena Lee
|-damage|p2a: Jena Lee|77/100
|-damage|p1a: Lucario|91/100|[from] item: Life Orb
|
|-weather|none
|upkeep
|turn|9
|
|t:|1662979376
|switch|p1a: Roserade|Roserade, M|52/100
|move|p2a: Jena Lee|Spikes|p1a: Roserade
|-sidestart|p1: kindersurprise2 0|Spikes
|
|-heal|p1a: Roserade|58/100|[from] item: Black Sludge
|upkeep
|turn|10
|
|t:|1662979385
|switch|p1a: Raspberry|Incineroar, M|100/100
|-damage|p1a: Raspberry|88/100|[from] Spikes
|-ability|p1a: Raspberry|Intimidate|boost
|-unboost|p2a: Jena Lee|atk|1
|move|p2a: Jena Lee|Thunder Wave|p1a: Raspberry
|-hint|Since gen 7, Dark is immune to Prankster moves.
|-immune|p1a: Raspberry
|
|upkeep
|turn|11
|
|t:|1662979392
|move|p2a: Jena Lee|Rain Dance|p2a: Jena Lee
|-weather|RainDance
|move|p1a: Raspberry|Flare Blitz|p2a: Jena Lee
|-supereffective|p2a: Jena Lee
|-damage|p2a: Jena Lee|14/100
|-damage|p1a: Raspberry|72/100|[from] Recoil
|
|-weather|RainDance|[upkeep]
|upkeep
|turn|12
|
|t:|1662979396
|move|p2a: Jena Lee|Spikes|p1a: Raspberry
|-sidestart|p1: kindersurprise2 0|Spikes
|move|p1a: Raspberry|Knock Off|p2a: Jena Lee
|-resisted|p2a: Jena Lee
|-damage|p2a: Jena Lee|0 fnt
|-enditem|p2a: Jena Lee|Damp Rock|[from] move: Knock Off|[of] p1a: Raspberry
|faint|p2a: Jena Lee
|
|-weather|RainDance|[upkeep]
|upkeep
|
|t:|1662979403
|switch|p2a: Vomito|Seismitoad, F|78/100 psn
|-damage|p2a: Vomito|72/100 psn|[from] Stealth Rock
|turn|13
|
|t:|1662979411
|switch|p1a: Seismitoad|Seismitoad, M|89/100
|-damage|p1a: Seismitoad|72/100|[from] Spikes
|move|p2a: Vomito|Earthquake|p1a: Seismitoad
|-damage|p1a: Seismitoad|33/100
|-damage|p2a: Vomito|62/100 psn|[from] item: Life Orb
|
|-weather|RainDance|[upkeep]
|-heal|p1a: Seismitoad|39/100|[from] item: Leftovers
|-damage|p2a: Vomito|50/100 psn|[from] psn
|upkeep
|turn|14
|
|t:|1662979416
|move|p2a: Vomito|Earthquake|p1a: Seismitoad
|-damage|p1a: Seismitoad|0 fnt
|faint|p1a: Seismitoad
|-damage|p2a: Vomito|40/100 psn|[from] item: Life Orb
|
|-weather|RainDance|[upkeep]
|-damage|p2a: Vomito|28/100 psn|[from] psn
|upkeep
|
|t:|1662979428
|switch|p1a: Lucario|Lucario, F|91/100
|-damage|p1a: Lucario|74/100|[from] Spikes
|turn|15
|
|t:|1662979436
|switch|p2a: Requentin|Toxicroak, F|100/100
|-sideend|p2: raptorsenal|move: Toxic Spikes|[of] p2a: Requentin
|-damage|p2a: Requentin|94/100|[from] Stealth Rock
|move|p1a: Lucario|Extreme Speed|p2a: Requentin
|-damage|p2a: Requentin|44/100
|-damage|p1a: Lucario|64/100|[from] item: Life Orb
|
|-weather|RainDance|[upkeep]
|-heal|p2a: Requentin|56/100|[from] ability: Dry Skin
|upkeep
|turn|16
|
|t:|1662979447
|move|p1a: Lucario|Meteor Mash|p2a: Requentin
|-damage|p2a: Requentin|0 fnt
|faint|p2a: Requentin
|-damage|p1a: Lucario|54/100|[from] item: Life Orb
|
|-weather|RainDance|[upkeep]
|upkeep
|
|t:|1662979453
|switch|p2a: Emilie|Politoed, F|100/100
|-damage|p2a: Emilie|88/100|[from] Stealth Rock
|turn|17
|
|t:|1662979460
|switch|p1a: Raspberry|Incineroar, M|72/100
|-damage|p1a: Raspberry|55/100|[from] Spikes
|-ability|p1a: Raspberry|Intimidate|boost
|-unboost|p2a: Emilie|atk|1
|move|p2a: Emilie|Scald|p1a: Raspberry
|-supereffective|p1a: Raspberry
|-damage|p1a: Raspberry|6/100
|
|-weather|RainDance|[upkeep]
|upkeep
|turn|18
|
|t:|1662979474
|switch|p2a: Vomito|Seismitoad, F|28/100 psn
|-damage|p2a: Vomito|22/100 psn|[from] Stealth Rock
|move|p1a: Raspberry|Knock Off|p2a: Vomito
|-damage|p2a: Vomito|0 fnt
|-enditem|p2a: Vomito|Life Orb|[from] move: Knock Off|[of] p1a: Raspberry
|faint|p2a: Vomito
|
|-weather|none
|upkeep
|
|t:|1662979477
|switch|p2a: Emilie|Politoed, F|88/100
|-damage|p2a: Emilie|75/100|[from] Stealth Rock
|-weather|RainDance|[from] ability: Drizzle|[of] p2a: Emilie
|turn|19
|
|t:|1662979484
|switch|p2a: Tentaculous|Tornadus, M|14/100
|move|p1a: Raspberry|Knock Off|p2a: Tentaculous
|-damage|p2a: Tentaculous|0 fnt
|-enditem|p2a: Tentaculous|Heavy-Duty Boots|[from] move: Knock Off|[of] p1a: Raspberry
|faint|p2a: Tentaculous
|
|-weather|RainDance|[upkeep]
|upkeep
|
|t:|1662979486
|switch|p2a: Emilie|Politoed, F|75/100
|-damage|p2a: Emilie|63/100|[from] Stealth Rock
|turn|20
|
|t:|1662979489
|move|p2a: Emilie|Scald|p1a: Raspberry
|-supereffective|p1a: Raspberry
|-damage|p1a: Raspberry|0 fnt
|faint|p1a: Raspberry
|
|-weather|RainDance|[upkeep]
|upkeep
|
|t:|1662979492
|switch|p1a: Roserade|Roserade, M|58/100
|-damage|p1a: Roserade|42/100|[from] Spikes
|turn|21
|
|t:|1662979495
|move|p1a: Roserade|Giga Drain|p2a: Emilie
|-supereffective|p2a: Emilie
|-damage|p2a: Emilie|6/100
|-heal|p1a: Roserade|75/100|[from] drain|[of] p2a: Emilie
|move|p2a: Emilie|Ice Beam|p1a: Roserade
|-supereffective|p1a: Roserade
|-damage|p1a: Roserade|43/100
|
|-weather|RainDance|[upkeep]
|-heal|p1a: Roserade|49/100|[from] item: Black Sludge
|upkeep
|turn|22
|c|☆kindersurprise2 0|gg
|-message|raptorsenal forfeited.
|
|win|kindersurprise2 0
|raw|kindersurprise2 0's rating: 1352 &rarr; <strong>1373</strong><br />(+21 for winning)
|raw|raptorsenal's rating: 1373 &rarr; <strong>1352</strong><br />(-21 for losing)
|l|☆raptorsenal
