|html|<div class="broadcast-blue"><strong>[Gen 8] RU is currently suspecting Reuniclus! For information on how to participate check out the <a href="https://www.smogon.com/forums/threads/np-ru-stage-10-all-for-you-reuniclus-suspect.3692458/#post-9008540">suspect thread</a>.</strong></div>
|j|☆iron llama
|j|☆Yanet cherie
|t:|1634851700
|gametype|singles
|player|p1|iron llama|workerice|1328
|player|p2|Yanet cherie|170|1381
|teamsize|p1|6
|teamsize|p2|6
|gen|8
|tier|[Gen 8] RU
|rated|
|rule|Sleep Clause Mod: Limit one foe put to sleep
|rule|Species Clause: Limit one of each Pokémon
|rule|OHKO Clause: OHKO moves are banned
|rule|Evasion Moves Clause: Evasion moves are banned
|rule|Endless Battle Clause: Forcing endless battles is banned
|rule|HP Percentage Mod: HP is shown in percentages
|rule|Dynamax Clause: You cannot dynamax
|clearpoke
|poke|p1|Gardevoir, M|
|poke|p1|Suicune|
|poke|p1|Metagross|
|poke|p1|Darmanitan, F|
|poke|p1|Heracross, M|
|poke|p1|Roserade, M|
|poke|p2|Marowak-Alola, F|
|poke|p2|Stakataka|
|poke|p2|Exeggutor-Alola, F|
|poke|p2|Porygon2|
|poke|p2|Cresselia, F|
|poke|p2|Volcanion|
|teampreview
|
|t:|1634851713
|start
|switch|p1a: Roserade|Roserade, M|100/100
|switch|p2a: Volcanion|Volcanion|100/100
|turn|1
|inactive|Battle timer is ON: inactive players will automatically lose when time's up. (requested by Yanet cherie)
|
|t:|1634851721
|move|p1a: Roserade|Sleep Powder|p2a: Volcanion
|-status|p2a: Volcanion|slp|[from] move: Sleep Powder
|cant|p2a: Volcanion|slp
|
|upkeep
|turn|2
|
|t:|1634851729
|move|p1a: Roserade|Spikes|p2a: Volcanion
|-sidestart|p2: Yanet cherie|Spikes
|cant|p2a: Volcanion|slp
|
|upkeep
|turn|3
|
|t:|1634851735
|move|p1a: Roserade|Leaf Storm|p2a: Volcanion
|-damage|p2a: Volcanion|21/100 slp
|-unboost|p1a: Roserade|spa|2
|-damage|p1a: Roserade|91/100|[from] item: Life Orb
|cant|p2a: Volcanion|slp
|
|upkeep
|turn|4
|c|☆Yanet cherie|Fils de pute
|
|t:|1634851753
|switch|p2a: Porygon2|Porygon2|100/100
|-damage|p2a: Porygon2|88/100|[from] Spikes
|-ability|p2a: Porygon2|Natural Cure|[from] ability: Trace|[of] p1a: Roserade
|move|p1a: Roserade|Leaf Storm|p2a: Porygon2
|-damage|p2a: Porygon2|60/100
|-unboost|p1a: Roserade|spa|2
|-damage|p1a: Roserade|81/100|[from] item: Life Orb
|
|upkeep
|turn|5
|
|t:|1634851767
|switch|p1a: Metagross|Metagross|100/100
|move|p2a: Porygon2|Trick Room|p2a: Porygon2
|-fieldstart|move: Trick Room|[of] p2a: Porygon2
|
|upkeep
|turn|6
|
|t:|1634851771
|move|p1a: Metagross|Stealth Rock|p2a: Porygon2
|-sidestart|p2: Yanet cherie|move: Stealth Rock
|move|p2a: Porygon2|Teleport|p2a: Porygon2
|
|t:|1634851776
|switch|p2a: Marowak|Marowak-Alola, F|100/100|[from]move: Teleport
|-damage|p2a: Marowak|88/100|[from] Spikes
|-damage|p2a: Marowak|63/100|[from] Stealth Rock
|
|upkeep
|turn|7
|
|t:|1634851783
|switch|p1a: Suicune|Suicune|100/100
|-ability|p1a: Suicune|Pressure
|move|p2a: Marowak|Poltergeist|p1a: Suicune
|-activate|p1a: Suicune|move: Poltergeist|Leftovers
|-damage|p1a: Suicune|27/100
|
|-heal|p1a: Suicune|33/100|[from] item: Leftovers
|upkeep
|turn|8
|
|t:|1634851796
|move|p2a: Marowak|Flare Blitz|p1a: Suicune
|-resisted|p1a: Suicune
|-damage|p1a: Suicune|0 fnt
|faint|p1a: Suicune
|
|upkeep
|
|t:|1634851808
|switch|p1a: Roserade|Roserade, M|81/100
|turn|9
|
|t:|1634851819
|move|p2a: Marowak|Poltergeist|p1a: Roserade
|-activate|p1a: Roserade|move: Poltergeist|Life Orb
|-damage|p1a: Roserade|0 fnt
|faint|p1a: Roserade
|
|-fieldend|move: Trick Room
|upkeep
|
|t:|1634851828
|switch|p1a: Heracross|Heracross, M|100/100
|turn|10
|
|t:|1634851836
|switch|p2a: Volcanion|Volcanion|21/100 slp
|-damage|p2a: Volcanion|0 fnt|[from] Stealth Rock
|faint|p2a: Volcanion
|move|p1a: Heracross|Knock Off|p2: Volcanion|[notarget]
|-fail|p1a: Heracross
|
|-status|p1a: Heracross|brn|[from] item: Flame Orb
|upkeep
|inactive|Yanet cherie has 120 seconds left.
|
|t:|1634851872
|switch|p2a: Cresselia|Cresselia, F|100/100
|-damage|p2a: Cresselia|88/100|[from] Stealth Rock
|turn|11
|j| renatoow
|inactive|Yanet cherie has 120 seconds left.
|
|t:|1634851882
|move|p1a: Heracross|Megahorn|p2a: Cresselia
|-supereffective|p2a: Cresselia
|-damage|p2a: Cresselia|0 fnt
|faint|p2a: Cresselia
|
|-damage|p1a: Heracross|95/100 brn|[from] brn
|upkeep
|l| renatoow
|inactive|Yanet cherie has 120 seconds left.
|
|t:|1634851889
|switch|p2a: Exeggutor|Exeggutor-Alola, F|100/100
|-damage|p2a: Exeggutor|88/100|[from] Spikes
|-damage|p2a: Exeggutor|76/100|[from] Stealth Rock
|-item|p1a: Heracross|Flame Orb|[from] ability: Frisk|[of] p2a: Exeggutor|[identify]
|turn|12
|
|t:|1634851894
|move|p1a: Heracross|Megahorn|p2a: Exeggutor
|-supereffective|p2a: Exeggutor
|-damage|p2a: Exeggutor|0 fnt
|faint|p2a: Exeggutor
|
|-damage|p1a: Heracross|89/100 brn|[from] brn
|upkeep
|c|☆Yanet cherie|Sale pute
|c|☆iron llama|lol
|c|☆iron llama|gg
|inactive|Yanet cherie has 120 seconds left.
|c|☆Yanet cherie|Fils de pute de haxxer
|-message|Yanet cherie forfeited.
|
|win|iron llama
|raw|iron llama's rating: 1328 &rarr; <strong>1351</strong><br />(+23 for winning)
|raw|Yanet cherie's rating: 1381 &rarr; <strong>1358</strong><br />(-23 for losing)
|l|☆Yanet cherie
||Ladder isn't responding, score probably updated but might not have (Request timeout).
