|j|☆Sensei Axewツ
|j|☆one step from eden
|player|p1|Sensei Axewツ|olivia|1465
|player|p2|one step from eden|morty-gen2|1410
|teamsize|p1|6
|teamsize|p2|6
|gametype|singles
|gen|8
|tier|[Gen 8] RU
|rated|
|clearpoke
|poke|p1|Centiskorch, M|
|poke|p1|Jellicent, F|
|poke|p1|Passimian, F|
|poke|p1|Raichu-Alola, M|
|poke|p1|Silvally-*|
|poke|p1|Steelix, M|
|poke|p2|Virizion|
|poke|p2|Lanturn, M|
|poke|p2|Silvally-*|
|poke|p2|Mudsdale, F|
|poke|p2|Turtonator, M|
|poke|p2|Toxicroak, F|
|rule|Sleep Clause Mod: Limit one foe put to sleep
|rule|Species Clause: Limit one of each Pokémon
|rule|OHKO Clause: OHKO moves are banned
|rule|Evasion Moves Clause: Evasion moves are banned
|rule|Endless Battle Clause: Forcing endless battles is banned
|rule|HP Percentage Mod: HP is shown in percentages
|rule|Dynamax Clause: You cannot dynamax
|teampreview
|c|☆Sensei Axewツ|hf
|
|start
|switch|p1a: Passimian|Passimian, F|100/100
|switch|p2a: Virizion|Virizion|100/100
|turn|1
|
|switch|p2a: Mudsdale|Mudsdale, F|100/100
|move|p1a: Passimian|U-turn|p2a: Mudsdale
|-damage|p2a: Mudsdale|86/100
|-ability|p2a: Mudsdale|Stamina|boost
|-boost|p2a: Mudsdale|def|1
|
|switch|p1a: Jellicent|Jellicent, F|100/100|[from]move: U-turn
|
|-heal|p2a: Mudsdale|93/100|[from] item: Leftovers
|upkeep
|turn|2
|
|switch|p2a: Virizion|Virizion|100/100
|move|p1a: Jellicent|Taunt|p2a: Virizion
|-start|p2a: Virizion|move: Taunt
|
|upkeep
|turn|3
|
|move|p2a: Virizion|Air Slash|p1a: Jellicent
|-damage|p1a: Jellicent|75/100
|cant|p1a: Jellicent|flinch
|
|-heal|p1a: Jellicent|82/100|[from] item: Leftovers
|upkeep
|turn|4
|
|move|p2a: Virizion|Air Slash|p1a: Jellicent
|-damage|p1a: Jellicent|56/100
|move|p1a: Jellicent|Will-O-Wisp|p2a: Virizion|[miss]
|-miss|p1a: Jellicent|p2a: Virizion
|
|-heal|p1a: Jellicent|63/100|[from] item: Leftovers
|-end|p2a: Virizion|move: Taunt
|upkeep
|turn|5
|
|move|p2a: Virizion|Air Slash|p1a: Jellicent
|-damage|p1a: Jellicent|36/100
|move|p1a: Jellicent|Will-O-Wisp|p2a: Virizion
|-status|p2a: Virizion|brn
|
|-heal|p1a: Jellicent|42/100|[from] item: Leftovers
|-damage|p2a: Virizion|94/100 brn|[from] brn
|upkeep
|turn|6
|
|switch|p2a: Lanturn|Lanturn, M|100/100
|move|p1a: Jellicent|Recover|p1a: Jellicent
|-heal|p1a: Jellicent|92/100
|
|-heal|p1a: Jellicent|98/100|[from] item: Leftovers
|upkeep
|turn|7
|
|move|p1a: Jellicent|Will-O-Wisp|p2a: Lanturn
|-status|p2a: Lanturn|brn
|move|p2a: Lanturn|Volt Switch|p1a: Jellicent
|-supereffective|p1a: Jellicent
|-damage|p1a: Jellicent|62/100
|
|switch|p2a: Virizion|Virizion|94/100 brn|[from]move: Volt Switch
|
|-heal|p1a: Jellicent|68/100|[from] item: Leftovers
|-damage|p2a: Virizion|88/100 brn|[from] brn
|upkeep
|turn|8
|
|switch|p1a: Centiskorch|Centiskorch, M|100/100
|move|p2a: Virizion|Air Slash|p1a: Centiskorch
|-supereffective|p1a: Centiskorch
|-damage|p1a: Centiskorch|31/100
|
|-damage|p2a: Virizion|82/100 brn|[from] brn
|upkeep
|turn|9
|
|switch|p1a: Steelix|Steelix, M|100/100
|move|p2a: Virizion|Air Slash|p1a: Steelix
|-resisted|p1a: Steelix
|-damage|p1a: Steelix|86/100
|
|-heal|p1a: Steelix|93/100|[from] item: Leftovers
|-damage|p2a: Virizion|76/100 brn|[from] brn
|upkeep
|turn|10
|
|switch|p2a: Mudsdale|Mudsdale, F|93/100
|move|p1a: Steelix|Stealth Rock|p2a: Mudsdale
|-sidestart|p2: one step from eden|move: Stealth Rock
|
|-heal|p2a: Mudsdale|99/100|[from] item: Leftovers
|-heal|p1a: Steelix|99/100|[from] item: Leftovers
|upkeep
|turn|11
|
|move|p2a: Mudsdale|Stealth Rock|p1a: Steelix
|-sidestart|p1: Sensei Axewツ|move: Stealth Rock
|move|p1a: Steelix|Toxic|p2a: Mudsdale
|-status|p2a: Mudsdale|tox
|
|-heal|p2a: Mudsdale|100/100 tox|[from] item: Leftovers
|-heal|p1a: Steelix|100/100|[from] item: Leftovers
|-damage|p2a: Mudsdale|94/100 tox|[from] psn
|upkeep
|turn|12
|
|switch|p1a: Jellicent|Jellicent, F|68/100
|-damage|p1a: Jellicent|56/100|[from] Stealth Rock
|move|p2a: Mudsdale|Earthquake|p1a: Jellicent
|-damage|p1a: Jellicent|13/100
|
|-heal|p1a: Jellicent|20/100|[from] item: Leftovers
|-heal|p2a: Mudsdale|100/100 tox|[from] item: Leftovers
|-damage|p2a: Mudsdale|88/100 tox|[from] psn
|upkeep
|turn|13
|
|switch|p2a: Lanturn|Lanturn, M|100/100 brn
|-damage|p2a: Lanturn|88/100 brn|[from] Stealth Rock
|move|p1a: Jellicent|Recover|p1a: Jellicent
|-heal|p1a: Jellicent|70/100
|
|-heal|p1a: Jellicent|76/100|[from] item: Leftovers
|-heal|p2a: Lanturn|94/100 brn|[from] item: Leftovers
|-damage|p2a: Lanturn|88/100 brn|[from] brn
|upkeep
|turn|14
|
|move|p1a: Jellicent|Recover|p1a: Jellicent
|-heal|p1a: Jellicent|100/100
|move|p2a: Lanturn|Heal Bell|p2a: Lanturn
|-activate|p2a: Lanturn|move: Heal Bell
|-curestatus|p2a: Lanturn|brn|[msg]
|-curestatus|p2: Mudsdale|tox|[msg]
|-curestatus|p2: Virizion|brn|[msg]
|
|-heal|p2a: Lanturn|94/100|[from] item: Leftovers
|upkeep
|turn|15
|
|move|p1a: Jellicent|Will-O-Wisp|p2a: Lanturn
|-status|p2a: Lanturn|brn
|move|p2a: Lanturn|Volt Switch|p1a: Jellicent
|-supereffective|p1a: Jellicent
|-damage|p1a: Jellicent|62/100
|
|switch|p2a: Virizion|Virizion|76/100|[from]move: Volt Switch
|-damage|p2a: Virizion|70/100|[from] Stealth Rock
|
|-heal|p1a: Jellicent|68/100|[from] item: Leftovers
|upkeep
|turn|16
|
|move|p2a: Virizion|Leaf Storm|p1a: Jellicent|[miss]
|-miss|p2a: Virizion|p1a: Jellicent
|move|p1a: Jellicent|Recover|p1a: Jellicent
|-heal|p1a: Jellicent|100/100
|
|upkeep
|turn|17
|c|☆Sensei Axewツ|l
|c|☆Sensei Axewツ|sorry
|
|switch|p1a: Centiskorch|Centiskorch, M|31/100
|move|p2a: Virizion|Leaf Storm|p1a: Centiskorch
|-resisted|p1a: Centiskorch
|-damage|p1a: Centiskorch|9/100
|-unboost|p2a: Virizion|spa|2
|
|upkeep
|turn|18
|
|move|p2a: Virizion|Leaf Storm|p1a: Centiskorch
|-resisted|p1a: Centiskorch
|-damage|p1a: Centiskorch|0 fnt
|-unboost|p2a: Virizion|spa|2
|faint|p1a: Centiskorch
|
|upkeep
|
|switch|p1a: Raichu|Raichu-Alola, M|100/100
|-damage|p1a: Raichu|88/100|[from] Stealth Rock
|turn|19
|
|switch|p2a: Lanturn|Lanturn, M|94/100 brn
|-damage|p2a: Lanturn|82/100 brn|[from] Stealth Rock
|move|p1a: Raichu|Nasty Plot|p1a: Raichu
|-boost|p1a: Raichu|spa|2
|
|-heal|p2a: Lanturn|88/100 brn|[from] item: Leftovers
|-damage|p2a: Lanturn|82/100 brn|[from] brn
|upkeep
|turn|20
|
|move|p1a: Raichu|Psyshock|p2a: Lanturn
|-damage|p2a: Lanturn|0 fnt
|-damage|p1a: Raichu|78/100|[from] item: Life Orb
|faint|p2a: Lanturn
|
|upkeep
|
|switch|p2a: Toxicroak|Toxicroak, F|100/100
|-damage|p2a: Toxicroak|94/100|[from] Stealth Rock
|turn|21
|
|switch|p1a: Jellicent|Jellicent, F|100/100
|-damage|p1a: Jellicent|88/100|[from] Stealth Rock
|move|p2a: Toxicroak|Knock Off|p1a: Jellicent
|-supereffective|p1a: Jellicent
|-damage|p1a: Jellicent|28/100
|-enditem|p1a: Jellicent|Leftovers|[from] move: Knock Off|[of] p2a: Toxicroak
|
|upkeep
|turn|22
|
|switch|p1a: Silvally|Silvally-Dark|100/100
|-damage|p1a: Silvally|88/100|[from] Stealth Rock
|move|p2a: Toxicroak|Knock Off|p1a: Silvally
|-resisted|p1a: Silvally
|-damage|p1a: Silvally|76/100
|
|upkeep
|turn|23
|
|switch|p2a: Mudsdale|Mudsdale, F|88/100
|-damage|p2a: Mudsdale|82/100|[from] Stealth Rock
|move|p1a: Silvally|Parting Shot|p2a: Mudsdale
|-unboost|p2a: Mudsdale|atk|1
|-unboost|p2a: Mudsdale|spa|1
|
|switch|p1a: Jellicent|Jellicent, F|28/100|[from]move: Parting Shot
|-damage|p1a: Jellicent|15/100|[from] Stealth Rock
|
|-heal|p2a: Mudsdale|88/100|[from] item: Leftovers
|upkeep
|turn|24
|
|switch|p2a: Virizion|Virizion|70/100
|-damage|p2a: Virizion|63/100|[from] Stealth Rock
|move|p1a: Jellicent|Recover|p1a: Jellicent
|-heal|p1a: Jellicent|65/100
|
|upkeep
|turn|25
|
|switch|p1a: Steelix|Steelix, M|100/100
|-damage|p1a: Steelix|97/100|[from] Stealth Rock
|move|p2a: Virizion|Giga Drain|p1a: Steelix
|-damage|p1a: Steelix|54/100
|-heal|p2a: Virizion|87/100|[from] drain|[of] p1a: Steelix
|
|-heal|p1a: Steelix|60/100|[from] item: Leftovers
|upkeep
|turn|26
|
|move|p2a: Virizion|Giga Drain|p1a: Steelix
|-crit|p1a: Steelix
|-damage|p1a: Steelix|2/100
|-heal|p2a: Virizion|100/100|[from] drain|[of] p1a: Steelix
|move|p1a: Steelix|Toxic|p2a: Virizion
|-status|p2a: Virizion|tox
|
|-heal|p1a: Steelix|8/100|[from] item: Leftovers
|-damage|p2a: Virizion|94/100 tox|[from] psn
|upkeep
|turn|27
|
|move|p2a: Virizion|Giga Drain|p1a: Steelix
|-damage|p1a: Steelix|0 fnt
|-heal|p2a: Virizion|98/100 tox|[from] drain|[of] p1a: Steelix
|faint|p1a: Steelix
|
|-damage|p2a: Virizion|86/100 tox|[from] psn
|upkeep
|
|switch|p1a: Raichu|Raichu-Alola, M|78/100
|-damage|p1a: Raichu|66/100|[from] Stealth Rock
|turn|28
|
|switch|p2a: Turtonator|Turtonator, M|100/100
|move|p1a: Raichu|Psyshock|p2a: Turtonator
|-damage|p2a: Turtonator|74/100
|-damage|p1a: Raichu|56/100|[from] item: Life Orb
|
|upkeep
|turn|29
|
|switch|p1a: Jellicent|Jellicent, F|65/100
|-damage|p1a: Jellicent|53/100|[from] Stealth Rock
|move|p2a: Turtonator|Toxic|p1a: Jellicent
|-status|p1a: Jellicent|tox
|
|-damage|p1a: Jellicent|47/100 tox|[from] psn
|upkeep
|turn|30
|
|switch|p1a: Passimian|Passimian, F|100/100
|-damage|p1a: Passimian|94/100|[from] Stealth Rock
|switch|p2a: Virizion|Virizion|86/100 tox
|-damage|p2a: Virizion|80/100 tox|[from] Stealth Rock
|
|-damage|p2a: Virizion|74/100 tox|[from] psn
|upkeep
|turn|31
|
|switch|p2a: Mudsdale|Mudsdale, F|88/100
|-damage|p2a: Mudsdale|82/100|[from] Stealth Rock
|move|p1a: Passimian|Close Combat|p2a: Mudsdale
|-damage|p2a: Mudsdale|43/100
|-unboost|p1a: Passimian|def|1
|-unboost|p1a: Passimian|spd|1
|-ability|p2a: Mudsdale|Stamina|boost
|-boost|p2a: Mudsdale|def|1
|
|-heal|p2a: Mudsdale|50/100|[from] item: Leftovers
|upkeep
|turn|32
|
|switch|p1a: Jellicent|Jellicent, F|47/100 tox
|-damage|p1a: Jellicent|34/100 tox|[from] Stealth Rock
|move|p2a: Mudsdale|Earthquake|p1a: Jellicent
|-damage|p1a: Jellicent|0 fnt
|faint|p1a: Jellicent
|
|-heal|p2a: Mudsdale|56/100|[from] item: Leftovers
|upkeep
|
|switch|p1a: Raichu|Raichu-Alola, M|56/100
|-damage|p1a: Raichu|44/100|[from] Stealth Rock
|turn|33
|
|switch|p2a: Turtonator|Turtonator, M|74/100
|move|p1a: Raichu|Grass Knot|p2a: Turtonator
|-resisted|p2a: Turtonator
|-damage|p2a: Turtonator|61/100
|-damage|p1a: Raichu|34/100|[from] item: Life Orb
|
|upkeep
|turn|34
|
|switch|p1a: Silvally|Silvally-Dark|76/100
|-damage|p1a: Silvally|64/100|[from] Stealth Rock
|move|p2a: Turtonator|Rapid Spin|p1a: Silvally
|-crit|p1a: Silvally
|-damage|p1a: Silvally|50/100
|-boost|p2a: Turtonator|spe|1
|-sideend|p2: one step from eden|Stealth Rock|[from] move: Rapid Spin|[of] p2a: Turtonator
|
|upkeep
|turn|35
|
|move|p1a: Silvally|Defog|p2a: Turtonator
|-unboost|p2a: Turtonator|evasion|1
|-sideend|p1: Sensei Axewツ|Stealth Rock|[from] move: Defog|[of] p1a: Silvally
|move|p2a: Turtonator|Body Press|p1a: Silvally
|-supereffective|p1a: Silvally
|-damage|p1a: Silvally|0 fnt
|faint|p1a: Silvally
|
|upkeep
|
|switch|p1a: Passimian|Passimian, F|94/100
|turn|36
|
|move|p1a: Passimian|Earthquake|p2a: Turtonator
|-supereffective|p2a: Turtonator
|-damage|p2a: Turtonator|23/100
|move|p2a: Turtonator|Flamethrower|p1a: Passimian
|-damage|p1a: Passimian|50/100
|
|upkeep
|turn|37
|
|switch|p2a: Mudsdale|Mudsdale, F|56/100
|move|p1a: Passimian|Earthquake|p2a: Mudsdale
|-damage|p2a: Mudsdale|36/100
|-ability|p2a: Mudsdale|Stamina|boost
|-boost|p2a: Mudsdale|def|1
|
|-heal|p2a: Mudsdale|42/100|[from] item: Leftovers
|upkeep
|turn|38
|
|switch|p1a: Raichu|Raichu-Alola, M|34/100
|move|p2a: Mudsdale|Earthquake|p1a: Raichu
|-supereffective|p1a: Raichu
|-damage|p1a: Raichu|0 fnt
|faint|p1a: Raichu
|
|-heal|p2a: Mudsdale|49/100|[from] item: Leftovers
|upkeep
|
|switch|p1a: Passimian|Passimian, F|50/100
|turn|39
|
|move|p1a: Passimian|Close Combat|p2a: Mudsdale
|-damage|p2a: Mudsdale|23/100
|-unboost|p1a: Passimian|def|1
|-unboost|p1a: Passimian|spd|1
|-ability|p2a: Mudsdale|Stamina|boost
|-boost|p2a: Mudsdale|def|1
|move|p2a: Mudsdale|Earthquake|p1a: Passimian
|-damage|p1a: Passimian|0 fnt
|faint|p1a: Passimian
|
|win|one step from eden
|l|☆Sensei Axewツ
