|j|☆The Hut Games
|j|☆laprascancer
|player|p1|The Hut Games|ghetsis|1343
|player|p2|laprascancer|morty-gen2|1337
|teamsize|p1|6
|teamsize|p2|6
|gametype|singles
|gen|8
|tier|[Gen 8] RU
|rated|
|clearpoke
|poke|p1|Gastrodon, F|
|poke|p1|Aromatisse, F|
|poke|p1|Vileplume, M|
|poke|p1|Steelix, M|
|poke|p1|Snorlax, M|
|poke|p1|Silvally-*|
|poke|p2|Virizion|
|poke|p2|Rhydon, F|
|poke|p2|Charizard, F|
|poke|p2|Silvally-*|
|poke|p2|Drapion, M|
|poke|p2|Boltund, F|
|rule|Sleep Clause Mod: Limit one foe put to sleep
|rule|Species Clause: Limit one of each Pokémon
|rule|OHKO Clause: OHKO moves are banned
|rule|Evasion Moves Clause: Evasion moves are banned
|rule|Endless Battle Clause: Forcing endless battles is banned
|rule|HP Percentage Mod: HP is shown in percentages
|rule|Dynamax Clause: You cannot dynamax
|teampreview
|
|start
|switch|p1a: Steelix|Steelix, M|100/100
|switch|p2a: Drapion|Drapion, M|100/100
|turn|1
|
|switch|p2a: Charizard|Charizard, F|100/100
|move|p1a: Steelix|Earthquake|p2a: Charizard
|-immune|p2a: Charizard
|
|upkeep
|turn|2
|j| Pornhorn
|
|move|p1a: Steelix|Protect|p1a: Steelix
|-singleturn|p1a: Steelix|Protect
|move|p2a: Charizard|Toxic|p1a: Steelix
|-activate|p1a: Steelix|move: Protect
|
|upkeep
|turn|3
|
|switch|p1a: Snorlax|Snorlax, M|100/100
|move|p2a: Charizard|Fire Blast|p1a: Snorlax|[miss]
|-miss|p2a: Charizard|p1a: Snorlax
|
|upkeep
|turn|4
|
|switch|p2a: Rhydon|Rhydon, F|100/100
|move|p1a: Snorlax|Toxic|p2a: Rhydon
|-status|p2a: Rhydon|tox
|
|-damage|p2a: Rhydon|94/100 tox|[from] psn
|upkeep
|turn|5
|
|switch|p1a: Vileplume|Vileplume, M|100/100
|move|p2a: Rhydon|Stealth Rock|p1a: Vileplume
|-sidestart|p1: The Hut Games|move: Stealth Rock
|
|-damage|p2a: Rhydon|82/100 tox|[from] psn
|upkeep
|turn|6
|
|switch|p2a: Drapion|Drapion, M|100/100
|move|p1a: Vileplume|Sludge Bomb|p2a: Drapion
|-resisted|p2a: Drapion
|-damage|p2a: Drapion|73/100
|
|upkeep
|turn|7
|
|move|p2a: Drapion|Knock Off|p1a: Vileplume
|-damage|p1a: Vileplume|70/100
|-status|p2a: Drapion|par|[from] ability: Effect Spore|[of] p1a: Vileplume
|-enditem|p1a: Vileplume|Black Sludge|[from] move: Knock Off|[of] p2a: Drapion
|move|p1a: Vileplume|Strength Sap|p2a: Drapion
|-unboost|p2a: Drapion|atk|1
|-heal|p1a: Vileplume|100/100
|
|upkeep
|turn|8
|
|switch|p2a: Charizard|Charizard, F|100/100
|move|p1a: Vileplume|Growth|p1a: Vileplume
|-boost|p1a: Vileplume|atk|1
|-boost|p1a: Vileplume|spa|1
|
|upkeep
|turn|9
|
|switch|p1a: Snorlax|Snorlax, M|100/100
|-damage|p1a: Snorlax|88/100|[from] Stealth Rock
|move|p2a: Charizard|Fire Blast|p1a: Snorlax
|-damage|p1a: Snorlax|75/100
|-status|p1a: Snorlax|brn
|
|-heal|p1a: Snorlax|81/100 brn|[from] item: Leftovers
|-damage|p1a: Snorlax|75/100 brn|[from] brn
|upkeep
|turn|10
|
|switch|p2a: Drapion|Drapion, M|73/100 par
|move|p1a: Snorlax|Body Slam|p2a: Drapion
|-damage|p2a: Drapion|49/100 par
|
|-heal|p1a: Snorlax|81/100 brn|[from] item: Leftovers
|-damage|p1a: Snorlax|75/100 brn|[from] brn
|upkeep
|turn|11
|
|move|p2a: Drapion|Knock Off|p1a: Snorlax
|-damage|p1a: Snorlax|37/100 brn
|-enditem|p1a: Snorlax|Leftovers|[from] move: Knock Off|[of] p2a: Drapion
|move|p1a: Snorlax|Earthquake|p2a: Drapion
|-supereffective|p2a: Drapion
|-damage|p2a: Drapion|12/100 par
|
|-damage|p1a: Snorlax|31/100 brn|[from] brn
|upkeep
|turn|12
|
|switch|p1a: Aromatisse|Aromatisse, F|100/100
|-damage|p1a: Aromatisse|88/100|[from] Stealth Rock
|move|p2a: Drapion|Knock Off|p1a: Aromatisse
|-resisted|p1a: Aromatisse
|-damage|p1a: Aromatisse|68/100
|-enditem|p1a: Aromatisse|Leftovers|[from] move: Knock Off|[of] p2a: Drapion
|
|upkeep
|turn|13
|
|switch|p2a: Rhydon|Rhydon, F|82/100 tox
|move|p1a: Aromatisse|Wish|p1a: Aromatisse
|
|-damage|p2a: Rhydon|76/100 tox|[from] psn
|upkeep
|turn|14
|
|switch|p2a: Virizion|Virizion|100/100
|move|p1a: Aromatisse|Aromatherapy|p1a: Aromatisse
|-activate|p1a: Aromatisse|move: Aromatherapy
|-curestatus|p1: Snorlax|brn|[msg]
|
|-heal|p1a: Aromatisse|100/100|[from] move: Wish|[wisher] Aromatisse
|upkeep
|turn|15
|
|switch|p2a: Drapion|Drapion, M|12/100 par
|move|p1a: Aromatisse|Moonblast|p2a: Drapion
|-damage|p2a: Drapion|0 fnt
|faint|p2a: Drapion
|
|upkeep
|
|switch|p2a: Silvally|Silvally-Fairy|100/100
|turn|16
|
|switch|p1a: Steelix|Steelix, M|100/100
|-damage|p1a: Steelix|97/100|[from] Stealth Rock
|move|p2a: Silvally|Swords Dance|p2a: Silvally
|-boost|p2a: Silvally|atk|2
|
|-heal|p1a: Steelix|100/100|[from] item: Leftovers
|upkeep
|turn|17
|
|move|p2a: Silvally|U-turn|p1a: Steelix
|-resisted|p1a: Steelix
|-damage|p1a: Steelix|91/100
|
|switch|p2a: Virizion|Virizion|100/100|[from]move: U-turn
|move|p1a: Steelix|Heavy Slam|p2a: Virizion
|-damage|p2a: Virizion|85/100
|
|-heal|p2a: Virizion|91/100|[from] item: Leftovers
|-heal|p1a: Steelix|97/100|[from] item: Leftovers
|upkeep
|turn|18
|
|switch|p1a: Vileplume|Vileplume, M|100/100
|-damage|p1a: Vileplume|88/100|[from] Stealth Rock
|move|p2a: Virizion|Calm Mind|p2a: Virizion
|-boost|p2a: Virizion|spa|1
|-boost|p2a: Virizion|spd|1
|
|-heal|p2a: Virizion|97/100|[from] item: Leftovers
|upkeep
|turn|19
|
|move|p2a: Virizion|Air Slash|p1a: Vileplume
|-supereffective|p1a: Vileplume
|-damage|p1a: Vileplume|21/100
|move|p1a: Vileplume|Sludge Bomb|p2a: Virizion
|-supereffective|p2a: Virizion
|-damage|p2a: Virizion|60/100
|
|-heal|p2a: Virizion|66/100|[from] item: Leftovers
|upkeep
|turn|20
|
|move|p2a: Virizion|Air Slash|p1a: Vileplume
|-supereffective|p1a: Vileplume
|-damage|p1a: Vileplume|0 fnt
|faint|p1a: Vileplume
|
|-heal|p2a: Virizion|72/100|[from] item: Leftovers
|upkeep
|
|switch|p1a: Aromatisse|Aromatisse, F|100/100
|-damage|p1a: Aromatisse|88/100|[from] Stealth Rock
|turn|21
|
|switch|p2a: Charizard|Charizard, F|100/100
|move|p1a: Aromatisse|Moonblast|p2a: Charizard
|-resisted|p2a: Charizard
|-damage|p2a: Charizard|82/100
|
|upkeep
|turn|22
|
|switch|p2a: Virizion|Virizion|72/100
|move|p1a: Aromatisse|Wish|p1a: Aromatisse
|
|-heal|p2a: Virizion|79/100|[from] item: Leftovers
|upkeep
|turn|23
|
|switch|p2a: Charizard|Charizard, F|82/100
|move|p1a: Aromatisse|Moonblast|p2a: Charizard
|-resisted|p2a: Charizard
|-damage|p2a: Charizard|63/100
|
|-heal|p1a: Aromatisse|100/100|[from] move: Wish|[wisher] Aromatisse
|upkeep
|turn|24
|
|move|p2a: Charizard|Toxic|p1a: Aromatisse
|-status|p1a: Aromatisse|tox
|move|p1a: Aromatisse|Wish|p1a: Aromatisse
|
|-damage|p1a: Aromatisse|94/100 tox|[from] psn
|upkeep
|turn|25
|
|switch|p2a: Virizion|Virizion|79/100
|move|p1a: Aromatisse|Moonblast|p2a: Virizion
|-supereffective|p2a: Virizion
|-damage|p2a: Virizion|26/100
|
|-heal|p1a: Aromatisse|100/100 tox|[from] move: Wish|[wisher] Aromatisse
|-heal|p2a: Virizion|32/100|[from] item: Leftovers
|-damage|p1a: Aromatisse|88/100 tox|[from] psn
|upkeep
|turn|26
|
|switch|p2a: Silvally|Silvally-Fairy|100/100
|move|p1a: Aromatisse|Aromatherapy|p1a: Aromatisse
|-activate|p1a: Aromatisse|move: Aromatherapy
|-curestatus|p1a: Aromatisse|tox|[msg]
|
|upkeep
|turn|27
|
|switch|p1a: Steelix|Steelix, M|97/100
|-damage|p1a: Steelix|94/100|[from] Stealth Rock
|move|p2a: Silvally|U-turn|p1a: Steelix
|-resisted|p1a: Steelix
|-crit|p1a: Steelix
|-damage|p1a: Steelix|86/100
|
|switch|p2a: Virizion|Virizion|32/100|[from]move: U-turn
|
|-heal|p2a: Virizion|38/100|[from] item: Leftovers
|-heal|p1a: Steelix|93/100|[from] item: Leftovers
|upkeep
|turn|28
|
|switch|p1a: Silvally|Silvally-Ghost|100/100
|-damage|p1a: Silvally|88/100|[from] Stealth Rock
|move|p2a: Virizion|Giga Drain|p1a: Silvally
|-damage|p1a: Silvally|61/100
|-heal|p2a: Virizion|55/100|[from] drain|[of] p1a: Silvally
|
|-heal|p2a: Virizion|61/100|[from] item: Leftovers
|upkeep
|turn|29
|
|switch|p2a: Rhydon|Rhydon, F|76/100 tox
|move|p1a: Silvally|Multi-Attack|p2a: Rhydon
|-damage|p2a: Rhydon|57/100 tox
|
|-damage|p2a: Rhydon|51/100 tox|[from] psn
|upkeep
|turn|30
|
|move|p1a: Silvally|Defog|p2a: Rhydon
|-unboost|p2a: Rhydon|evasion|1
|-sideend|p1: The Hut Games|Stealth Rock|[from] move: Defog|[of] p1a: Silvally
|move|p2a: Rhydon|Earthquake|p1a: Silvally
|-damage|p1a: Silvally|7/100
|
|-damage|p2a: Rhydon|38/100 tox|[from] psn
|upkeep
|turn|31
|
|move|p1a: Silvally|Multi-Attack|p2a: Rhydon
|-damage|p2a: Rhydon|16/100 tox
|move|p2a: Rhydon|Earthquake|p1a: Silvally
|-damage|p1a: Silvally|0 fnt
|faint|p1a: Silvally
|
|-damage|p2a: Rhydon|0 fnt|[from] psn
|faint|p2a: Rhydon
|upkeep
|
|switch|p1a: Steelix|Steelix, M|93/100
|switch|p2a: Silvally|Silvally-Fairy|100/100
|turn|32
|
|move|p2a: Silvally|U-turn|p1a: Steelix
|-resisted|p1a: Steelix
|-damage|p1a: Steelix|87/100
|
|switch|p2a: Virizion|Virizion|61/100|[from]move: U-turn
|move|p1a: Steelix|Stealth Rock|p2a: Virizion
|-sidestart|p2: laprascancer|move: Stealth Rock
|
|-heal|p2a: Virizion|67/100|[from] item: Leftovers
|-heal|p1a: Steelix|93/100|[from] item: Leftovers
|upkeep
|turn|33
|
|switch|p1a: Aromatisse|Aromatisse, F|88/100
|move|p2a: Virizion|Giga Drain|p1a: Aromatisse
|-crit|p1a: Aromatisse
|-damage|p1a: Aromatisse|58/100
|-heal|p2a: Virizion|86/100|[from] drain|[of] p1a: Aromatisse
|
|-heal|p2a: Virizion|92/100|[from] item: Leftovers
|upkeep
|turn|34
|
|switch|p2a: Charizard|Charizard, F|63/100
|move|p1a: Aromatisse|Moonblast|p2a: Charizard
|-resisted|p2a: Charizard
|-damage|p2a: Charizard|46/100
|
|upkeep
|turn|35
|
|move|p2a: Charizard|Toxic|p1a: Aromatisse
|-status|p1a: Aromatisse|tox
|move|p1a: Aromatisse|Wish|p1a: Aromatisse
|
|-damage|p1a: Aromatisse|52/100 tox|[from] psn
|upkeep
|turn|36
|
|switch|p1a: Snorlax|Snorlax, M|31/100
|move|p2a: Charizard|Defog|p1a: Snorlax
|-unboost|p1a: Snorlax|evasion|1
|-sideend|p2: laprascancer|Stealth Rock|[from] move: Defog|[of] p2a: Charizard
|
|-heal|p1a: Snorlax|75/100|[from] move: Wish|[wisher] Aromatisse
|upkeep
|turn|37
|
|switch|p2a: Silvally|Silvally-Fairy|100/100
|move|p1a: Snorlax|Toxic|p2a: Silvally
|-status|p2a: Silvally|tox
|
|-damage|p2a: Silvally|94/100 tox|[from] psn
|upkeep
|turn|38
|
|switch|p1a: Steelix|Steelix, M|93/100
|move|p2a: Silvally|Swords Dance|p2a: Silvally
|-boost|p2a: Silvally|atk|2
|
|-heal|p1a: Steelix|99/100|[from] item: Leftovers
|-damage|p2a: Silvally|82/100 tox|[from] psn
|upkeep
|turn|39
|
|move|p1a: Steelix|Protect|p1a: Steelix
|-singleturn|p1a: Steelix|Protect
|move|p2a: Silvally|U-turn|p1a: Steelix
|-activate|p1a: Steelix|move: Protect
|
|-heal|p1a: Steelix|100/100|[from] item: Leftovers
|-damage|p2a: Silvally|64/100 tox|[from] psn
|upkeep
|turn|40
|
|move|p2a: Silvally|Multi-Attack|p1a: Steelix
|-resisted|p1a: Steelix
|-damage|p1a: Steelix|76/100
|move|p1a: Steelix|Heavy Slam|p2a: Silvally
|-supereffective|p2a: Silvally
|-damage|p2a: Silvally|17/100 tox
|
|-heal|p1a: Steelix|82/100|[from] item: Leftovers
|-damage|p2a: Silvally|0 fnt|[from] psn
|faint|p2a: Silvally
|upkeep
|
|switch|p2a: Virizion|Virizion|92/100
|turn|41
|
|switch|p1a: Snorlax|Snorlax, M|75/100
|move|p2a: Virizion|Calm Mind|p2a: Virizion
|-boost|p2a: Virizion|spa|1
|-boost|p2a: Virizion|spd|1
|
|-heal|p2a: Virizion|98/100|[from] item: Leftovers
|upkeep
|turn|42
|
|move|p2a: Virizion|Focus Blast|p1a: Snorlax
|-supereffective|p1a: Snorlax
|-damage|p1a: Snorlax|0 fnt
|faint|p1a: Snorlax
|
|-heal|p2a: Virizion|100/100|[from] item: Leftovers
|upkeep
|
|switch|p1a: Aromatisse|Aromatisse, F|52/100 tox
|turn|43
|
|move|p2a: Virizion|Giga Drain|p1a: Aromatisse
|-damage|p1a: Aromatisse|21/100 tox
|move|p1a: Aromatisse|Moonblast|p2a: Virizion
|-supereffective|p2a: Virizion
|-damage|p2a: Virizion|61/100
|-unboost|p2a: Virizion|spa|1
|
|-heal|p2a: Virizion|68/100|[from] item: Leftovers
|-damage|p1a: Aromatisse|15/100 tox|[from] psn
|upkeep
|turn|44
|
|move|p2a: Virizion|Giga Drain|p1a: Aromatisse
|-damage|p1a: Aromatisse|0 fnt
|-heal|p2a: Virizion|77/100|[from] drain|[of] p1a: Aromatisse
|faint|p1a: Aromatisse
|
|-heal|p2a: Virizion|83/100|[from] item: Leftovers
|upkeep
|
|switch|p1a: Steelix|Steelix, M|82/100
|turn|45
|-message|The Hut Games forfeited.
|
|win|laprascancer
|l|☆The Hut Games
|l| Pornhorn
||Ladder (probably) updated, but score could not be retrieved (Response not received).
