|j|☆Guybackstage
|j|☆freshprince777
|t:|1646354513
|gametype|singles
|player|p1|Guybackstage|cameraman|1351
|player|p2|freshprince777|265|1155
|teamsize|p1|6
|teamsize|p2|6
|gen|8
|tier|[Gen 8] RU
|rated|
|rule|Sleep Clause Mod: Limit one foe put to sleep
|rule|Species Clause: Limit one of each Pokémon
|rule|OHKO Clause: OHKO moves are banned
|rule|Evasion Moves Clause: Evasion moves are banned
|rule|Endless Battle Clause: Forcing endless battles is banned
|rule|HP Percentage Mod: HP is shown in percentages
|rule|Dynamax Clause: You cannot dynamax
|clearpoke
|poke|p1|Natu, M|
|poke|p1|Snorlax, M|
|poke|p1|Marowak-Alola, M|
|poke|p1|Porygon2|
|poke|p1|Pangoro, F|
|poke|p1|Whimsicott, M|
|poke|p2|Cloyster, F|
|poke|p2|Chandelure, F|
|poke|p2|Suicune|
|poke|p2|Klefki, F|
|poke|p2|Stakataka|
|poke|p2|Entei|
|teampreview
|inactive|Battle timer is ON: inactive players will automatically lose when time's up. (requested by Guybackstage)
|
|t:|1646354550
|start
|switch|p1a: Natu|Natu, M|100/100
|switch|p2a: Chandelure|Chandelure, F|100/100
|turn|1
|
|t:|1646354557
|move|p2a: Chandelure|Shadow Ball|p1a: Natu
|-supereffective|p1a: Natu
|-enditem|p1a: Natu|Focus Sash
|-damage|p1a: Natu|1/100
|move|p1a: Natu|Trick Room|p1a: Natu
|-fieldstart|move: Trick Room|[of] p1a: Natu
|
|upkeep
|turn|2
|
|t:|1646354564
|switch|p2a: Stakataka|Stakataka|100/100
|move|p1a: Natu|Psychic|p2a: Stakataka
|-resisted|p2a: Stakataka
|-damage|p2a: Stakataka|82/100
|
|upkeep
|turn|3
|
|t:|1646354571
|move|p2a: Stakataka|Gyro Ball|p1a: Natu
|-damage|p1a: Natu|0 fnt
|faint|p1a: Natu
|-ability|p2a: Stakataka|Beast Boost|boost
|-boost|p2a: Stakataka|atk|1
|-damage|p2a: Stakataka|72/100|[from] item: Life Orb
|
|upkeep
|
|t:|1646354580
|switch|p1a: Pangoro|Pangoro, F, shiny|100/100
|turn|4
|
|t:|1646354587
|move|p2a: Stakataka|Earthquake|p1a: Pangoro
|-damage|p1a: Pangoro|21/100
|-damage|p2a: Stakataka|62/100|[from] item: Life Orb
|move|p1a: Pangoro|Close Combat|p2a: Stakataka
|-supereffective|p2a: Stakataka
|-damage|p2a: Stakataka|0 fnt
|-unboost|p1a: Pangoro|def|1
|-unboost|p1a: Pangoro|spd|1
|faint|p2a: Stakataka
|-damage|p1a: Pangoro|11/100|[from] item: Life Orb
|
|upkeep
|
|t:|1646354597
|switch|p2a: Entei|Entei|100/100
|-ability|p2a: Entei|Pressure
|turn|5
|
|t:|1646354604
|switch|p1a: Marowak|Marowak-Alola, M|100/100
|move|p2a: Entei|Extreme Speed|p1a: Marowak
|-immune|p1a: Marowak
|
|-fieldend|move: Trick Room
|upkeep
|turn|6
|
|t:|1646354615
|switch|p2a: Suicune|Suicune|100/100
|-ability|p2a: Suicune|Pressure
|move|p1a: Marowak|Poltergeist|p2a: Suicune
|-activate|p2a: Suicune|move: Poltergeist|Leftovers
|-damage|p2a: Suicune|54/100
|
|-heal|p2a: Suicune|61/100|[from] item: Leftovers
|upkeep
|turn|7
|
|t:|1646354627
|switch|p1a: Porygon2|Porygon2, shiny|100/100
|-ability|p1a: Porygon2|Pressure|[from] ability: Trace|[of] p2a: Suicune
|-ability|p1a: Porygon2|Pressure
|move|p2a: Suicune|Scald|p1a: Porygon2
|-damage|p1a: Porygon2|87/100
|
|-heal|p2a: Suicune|67/100|[from] item: Leftovers
|upkeep
|turn|8
|
|t:|1646354646
|switch|p2a: Klefki|Klefki, F|100/100
|move|p1a: Porygon2|Trick Room|p1a: Porygon2
|-fieldstart|move: Trick Room|[of] p1a: Porygon2
|
|upkeep
|turn|9
|
|t:|1646354651
|move|p2a: Klefki|Switcheroo|p1a: Porygon2
|-activate|p2a: Klefki|move: Trick|[of] p1a: Porygon2
|-item|p1a: Porygon2|Choice Scarf|[from] move: Switcheroo
|-item|p2a: Klefki|Eviolite|[from] move: Switcheroo
|move|p1a: Porygon2|Teleport|p1a: Porygon2
|
|t:|1646354657
|switch|p1a: Marowak|Marowak-Alola, M|100/100|[from]move: Teleport
|
|upkeep
|turn|10
|
|t:|1646354667
|move|p2a: Klefki|Thunder Wave|p1a: Marowak
|-status|p1a: Marowak|par
|move|p1a: Marowak|Flare Blitz|p2a: Klefki
|-supereffective|p2a: Klefki
|-damage|p2a: Klefki|0 fnt
|faint|p2a: Klefki
|
|upkeep
|
|t:|1646354672
|switch|p2a: Suicune|Suicune|67/100
|-ability|p2a: Suicune|Pressure
|turn|11
|
|t:|1646354679
|move|p1a: Marowak|Poltergeist|p2a: Suicune
|-activate|p2a: Suicune|move: Poltergeist|Leftovers
|-damage|p2a: Suicune|19/100
|move|p2a: Suicune|Scald|p1a: Marowak
|-supereffective|p1a: Marowak
|-damage|p1a: Marowak|39/100 par
|
|-heal|p2a: Suicune|25/100|[from] item: Leftovers
|upkeep
|turn|12
|
|t:|1646354689
|move|p1a: Marowak|Poltergeist|p2a: Suicune|[miss]
|-miss|p1a: Marowak|p2a: Suicune
|move|p2a: Suicune|Rest|p2a: Suicune
|-status|p2a: Suicune|slp|[from] move: Rest
|-heal|p2a: Suicune|100/100 slp|[silent]
|
|-fieldend|move: Trick Room
|upkeep
|turn|13
|
|t:|1646354699
|switch|p1a: Whimsicott|Whimsicott, M, shiny|100/100
|cant|p2a: Suicune|slp
|move|p2a: Suicune|Sleep Talk|p2a: Suicune
|move|p2a: Suicune|Scald|p1a: Whimsicott|[from]move: Sleep Talk
|-resisted|p1a: Whimsicott
|-damage|p1a: Whimsicott|85/100
|
|-heal|p1a: Whimsicott|91/100|[from] item: Leftovers
|upkeep
|turn|14
|
|t:|1646354711
|cant|p2a: Suicune|slp
|move|p2a: Suicune|Sleep Talk|p2a: Suicune
|move|p2a: Suicune|Scald|p1a: Whimsicott|[from]move: Sleep Talk
|-resisted|p1a: Whimsicott
|-damage|p1a: Whimsicott|75/100
|-status|p1a: Whimsicott|brn
|move|p1a: Whimsicott|Trick Room|p1a: Whimsicott
|-fieldstart|move: Trick Room|[of] p1a: Whimsicott
|
|-heal|p1a: Whimsicott|82/100 brn|[from] item: Leftovers
|-damage|p1a: Whimsicott|75/100 brn|[from] brn
|upkeep
|turn|15
|
|t:|1646354726
|-curestatus|p2a: Suicune|slp|[msg]
|move|p2a: Suicune|Calm Mind|p2a: Suicune
|-boost|p2a: Suicune|spa|1
|-boost|p2a: Suicune|spd|1
|move|p1a: Whimsicott|U-turn|p2a: Suicune
|-damage|p2a: Suicune|98/100
|
|t:|1646354734
|switch|p1a: Pangoro|Pangoro, F, shiny|11/100|[from]move: U-turn
|
|-heal|p2a: Suicune|100/100|[from] item: Leftovers
|upkeep
|turn|16
|
|t:|1646354741
|move|p1a: Pangoro|Close Combat|p2a: Suicune
|-damage|p2a: Suicune|56/100
|-unboost|p1a: Pangoro|def|1
|-unboost|p1a: Pangoro|spd|1
|-damage|p1a: Pangoro|1/100|[from] item: Life Orb
|move|p2a: Suicune|Scald|p1a: Pangoro
|-damage|p1a: Pangoro|0 fnt
|faint|p1a: Pangoro
|
|-heal|p2a: Suicune|62/100|[from] item: Leftovers
|upkeep
|
|t:|1646354757
|switch|p1a: Snorlax|Snorlax, M, shiny|100/100
|turn|17
|
|t:|1646354762
|move|p1a: Snorlax|Darkest Lariat|p2a: Suicune
|-damage|p2a: Suicune|39/100
|move|p2a: Suicune|Scald|p1a: Snorlax
|-damage|p1a: Snorlax|76/100
|-status|p1a: Snorlax|brn
|
|-heal|p2a: Suicune|45/100|[from] item: Leftovers
|-damage|p1a: Snorlax|70/100 brn|[from] brn
|upkeep
|turn|18
|
|t:|1646354774
|switch|p1a: Whimsicott|Whimsicott, M, shiny|75/100 brn
|move|p2a: Suicune|Calm Mind|p2a: Suicune
|-boost|p2a: Suicune|spa|1
|-boost|p2a: Suicune|spd|1
|
|-heal|p2a: Suicune|51/100|[from] item: Leftovers
|-heal|p1a: Whimsicott|82/100 brn|[from] item: Leftovers
|-damage|p1a: Whimsicott|75/100 brn|[from] brn
|-fieldend|move: Trick Room
|upkeep
|turn|19
|
|t:|1646354785
|move|p2a: Suicune|Rest|p2a: Suicune
|-status|p2a: Suicune|slp|[from] move: Rest
|-heal|p2a: Suicune|100/100 slp|[silent]
|move|p1a: Whimsicott|Trick Room|p1a: Whimsicott
|-fieldstart|move: Trick Room|[of] p1a: Whimsicott
|
|-heal|p1a: Whimsicott|82/100 brn|[from] item: Leftovers
|-damage|p1a: Whimsicott|75/100 brn|[from] brn
|upkeep
|turn|20
|
|t:|1646354794
|cant|p2a: Suicune|slp
|move|p2a: Suicune|Sleep Talk|p2a: Suicune
|move|p2a: Suicune|Rest||[from]move: Sleep Talk|[still]
|-fail|p2a: Suicune
|move|p1a: Whimsicott|U-turn|p2a: Suicune
|-damage|p2a: Suicune|98/100 slp
|
|t:|1646354802
|switch|p1a: Snorlax|Snorlax, M, shiny|70/100 brn|[from]move: U-turn
|
|-heal|p2a: Suicune|100/100 slp|[from] item: Leftovers
|-damage|p1a: Snorlax|64/100 brn|[from] brn
|upkeep
|turn|21
|
|t:|1646354814
|move|p1a: Snorlax|Facade|p2a: Suicune
|-damage|p2a: Suicune|44/100 slp
|cant|p2a: Suicune|slp
|
|-heal|p2a: Suicune|50/100 slp|[from] item: Leftovers
|-damage|p1a: Snorlax|58/100 brn|[from] brn
|upkeep
|turn|22
|
|t:|1646354822
|move|p1a: Snorlax|Facade|p2a: Suicune
|-damage|p2a: Suicune|0 fnt
|faint|p2a: Suicune
|
|-damage|p1a: Snorlax|52/100 brn|[from] brn
|upkeep
|
|t:|1646354827
|switch|p2a: Chandelure|Chandelure, F|100/100
|turn|23
|
|t:|1646354849
|switch|p1a: Porygon2|Porygon2, shiny|87/100
|-ability|p1a: Porygon2|Flash Fire|[from] ability: Trace|[of] p2a: Chandelure
|switch|p2a: Entei|Entei|100/100
|-ability|p2a: Entei|Pressure
|
|-fieldend|move: Trick Room
|upkeep
|turn|24
|
|t:|1646354859
|move|p2a: Entei|Sacred Fire|p1a: Porygon2
|-start|p1a: Porygon2|ability: Flash Fire
|move|p1a: Porygon2|Trick Room|p1a: Porygon2
|-fieldstart|move: Trick Room|[of] p1a: Porygon2
|
|upkeep
|turn|25
|
|t:|1646354873
|-end|p1a: Porygon2|ability: Flash Fire|[silent]
|switch|p1a: Marowak|Marowak-Alola, M|39/100 par
|switch|p2a: Chandelure|Chandelure, F|100/100
|
|upkeep
|turn|26
|
|t:|1646354883
|move|p1a: Marowak|Poltergeist|p2a: Chandelure
|-activate|p2a: Chandelure|move: Poltergeist|Choice Specs
|-supereffective|p2a: Chandelure
|-damage|p2a: Chandelure|0 fnt
|faint|p2a: Chandelure
|
|upkeep
|
|t:|1646354889
|switch|p2a: Entei|Entei|100/100
|-ability|p2a: Entei|Pressure
|turn|27
|
|t:|1646354894
|cant|p1a: Marowak|par
|move|p2a: Entei|Stomping Tantrum|p1a: Marowak
|-supereffective|p1a: Marowak
|-damage|p1a: Marowak|0 fnt
|faint|p1a: Marowak
|
|upkeep
|
|t:|1646354903
|switch|p1a: Whimsicott|Whimsicott, M, shiny|75/100 brn
|turn|28
|
|t:|1646354908
|move|p1a: Whimsicott|Moonblast|p2a: Entei
|-resisted|p2a: Entei
|-damage|p2a: Entei|86/100
|move|p2a: Entei|Stomping Tantrum|p1a: Whimsicott
|-resisted|p1a: Whimsicott
|-damage|p1a: Whimsicott|61/100 brn
|
|-heal|p1a: Whimsicott|68/100 brn|[from] item: Leftovers
|-damage|p1a: Whimsicott|61/100 brn|[from] brn
|-fieldend|move: Trick Room
|upkeep
|turn|29
|
|t:|1646354918
|move|p2a: Entei|Stomping Tantrum|p1a: Whimsicott
|-resisted|p1a: Whimsicott
|-damage|p1a: Whimsicott|47/100 brn
|move|p1a: Whimsicott|Trick Room|p1a: Whimsicott
|-fieldstart|move: Trick Room|[of] p1a: Whimsicott
|
|-heal|p1a: Whimsicott|53/100 brn|[from] item: Leftovers
|-damage|p1a: Whimsicott|47/100 brn|[from] brn
|upkeep
|turn|30
|
|t:|1646354927
|move|p1a: Whimsicott|Memento|p2a: Entei
|-unboost|p2a: Entei|atk|2
|-unboost|p2a: Entei|spa|2
|faint|p1a: Whimsicott
|move|p2a: Entei|Stomping Tantrum|p1: Whimsicott|[notarget]
|-fail|p2a: Entei
|
|upkeep
|
|t:|1646354935
|switch|p1a: Snorlax|Snorlax, M, shiny|52/100 brn
|turn|31
|
|t:|1646354940
|move|p1a: Snorlax|Facade|p2a: Entei
|-damage|p2a: Entei|0 fnt
|faint|p2a: Entei
|
|-damage|p1a: Snorlax|46/100 brn|[from] brn
|upkeep
|
|t:|1646354943
|switch|p2a: Cloyster|Cloyster, F|100/100
|turn|32
|
|t:|1646354950
|move|p1a: Snorlax|Facade|p2a: Cloyster
|-damage|p2a: Cloyster|9/100
|move|p2a: Cloyster|Icicle Spear|p1a: Snorlax
|-damage|p1a: Snorlax|40/100 brn
|-damage|p1a: Snorlax|34/100 brn
|-damage|p1a: Snorlax|29/100 brn
|-crit|p1a: Snorlax
|-damage|p1a: Snorlax|21/100 brn
|-damage|p1a: Snorlax|16/100 brn
|-hitcount|p1a: Snorlax|5
|
|-damage|p1a: Snorlax|10/100 brn|[from] brn
|upkeep
|turn|33
|
|t:|1646354963
|move|p2a: Cloyster|Ice Shard|p1a: Snorlax
|-damage|p1a: Snorlax|1/100 brn
|move|p1a: Snorlax|Facade|p2a: Cloyster
|-damage|p2a: Cloyster|0 fnt
|faint|p2a: Cloyster
|
|win|Guybackstage
|raw|Guybackstage's rating: 1351 &rarr; <strong>1361</strong><br />(+10 for winning)
|raw|freshprince777's rating: 1155 &rarr; <strong>1143</strong><br />(-12 for losing)
|l|☆freshprince777
||Ladder isn't responding, score probably updated but might not have (Request timeout).
