|raw|<div class="broadcast-blue"><strong>This battle is required to be public due to a player having a name starting with 'rult50'.</div>
|j|☆The Benz Mafia
|j|☆RULT50K p
|t:|1626204028
|gametype|singles
|player|p1|The Benz Mafia|elesa|1281
|player|p2|RULT50K p|lucas|1541
|teamsize|p1|6
|teamsize|p2|6
|gen|8
|tier|[Gen 8] RU
|rated|
|rule|Sleep Clause Mod: Limit one foe put to sleep
|rule|Species Clause: Limit one of each Pokémon
|rule|OHKO Clause: OHKO moves are banned
|rule|Evasion Moves Clause: Evasion moves are banned
|rule|Endless Battle Clause: Forcing endless battles is banned
|rule|HP Percentage Mod: HP is shown in percentages
|rule|Dynamax Clause: You cannot dynamax
|clearpoke
|poke|p1|Tornadus, M|
|poke|p1|Metagross|
|poke|p1|Volcanion|
|poke|p1|Reuniclus, F|
|poke|p1|Raikou|
|poke|p1|Roserade, F|
|poke|p2|Obstagoon, F|
|poke|p2|Crobat, M|
|poke|p2|Vaporeon, M|
|poke|p2|Chandelure, F|
|poke|p2|Steelix, F|
|poke|p2|Reuniclus, M|
|teampreview
|inactive|Battle timer is ON: inactive players will automatically lose when time's up. (requested by RULT50K p)
|j| RULT50A Prod
|j| RULT50A hjkhj
|
|t:|1626204048
|start
|switch|p1a: Volcanion|Volcanion|100/100
|switch|p2a: Steelix|Steelix, F|100/100
|turn|1
|
|t:|1626204053
|switch|p2a: Reuniclus|Reuniclus, M|100/100
|move|p1a: Volcanion|Steam Eruption|p2a: Reuniclus
|-damage|p2a: Reuniclus|69/100
|
|upkeep
|turn|2
|
|t:|1626204067
|switch|p1a: Metagross|Metagross|100/100
|switch|p2a: Vaporeon|Vaporeon, M|100/100
|
|upkeep
|turn|3
|
|t:|1626204080
|move|p2a: Vaporeon|Protect|p2a: Vaporeon
|-singleturn|p2a: Vaporeon|Protect
|move|p1a: Metagross|Toxic|p2a: Vaporeon
|-activate|p2a: Vaporeon|move: Protect
|
|upkeep
|turn|4
|
|t:|1626204085
|switch|p2a: Steelix|Steelix, F|100/100
|move|p1a: Metagross|Stealth Rock|p2a: Steelix
|-sidestart|p2: RULT50K p|move: Stealth Rock
|
|upkeep
|turn|5
|
|t:|1626204095
|switch|p1a: Reuniclus|Reuniclus, F, shiny|100/100
|move|p2a: Steelix|Stealth Rock|p1a: Reuniclus
|-sidestart|p1: The Benz Mafia|move: Stealth Rock
|
|upkeep
|turn|6
|j| RULT50Z Tincho
|inactive|RULT50K p has 120 seconds left.
|
|t:|1626204128
|move|p1a: Reuniclus|Focus Blast|p2a: Steelix
|-supereffective|p2a: Steelix
|-damage|p2a: Steelix|42/100
|move|p2a: Steelix|Toxic|p1a: Reuniclus
|-status|p1a: Reuniclus|tox
|
|-heal|p2a: Steelix|48/100|[from] item: Leftovers
|upkeep
|turn|7
|
|t:|1626204138
|switch|p2a: Vaporeon|Vaporeon, M|100/100
|-damage|p2a: Vaporeon|88/100|[from] Stealth Rock
|move|p1a: Reuniclus|Psyshock|p2a: Vaporeon
|-damage|p2a: Vaporeon|66/100
|
|-heal|p2a: Vaporeon|72/100|[from] item: Leftovers
|upkeep
|turn|8
|
|t:|1626204157
|switch|p1a: Volcanion|Volcanion|100/100
|move|p2a: Vaporeon|Wish|p2a: Vaporeon
|
|-heal|p2a: Vaporeon|78/100|[from] item: Leftovers
|upkeep
|turn|9
|
|t:|1626204166
|move|p1a: Volcanion|Flamethrower|p2a: Vaporeon
|-resisted|p2a: Vaporeon
|-crit|p2a: Vaporeon
|-damage|p2a: Vaporeon|51/100
|move|p2a: Vaporeon|Toxic|p1a: Volcanion
|-status|p1a: Volcanion|tox
|
|-heal|p2a: Vaporeon|100/100|[from] move: Wish|[wisher] Vaporeon
|-damage|p1a: Volcanion|94/100 tox|[from] psn
|upkeep
|turn|10
|
|t:|1626204180
|move|p1a: Volcanion|Steam Eruption|p2a: Vaporeon
|-immune|p2a: Vaporeon|[from] ability: Water Absorb
|move|p2a: Vaporeon|Flip Turn|p1a: Volcanion
|-heal|p1a: Volcanion|100/100 tox|[from] ability: Water Absorb|[of] p2a: Vaporeon
|
|-damage|p1a: Volcanion|88/100 tox|[from] psn
|upkeep
|turn|11
|
|t:|1626204189
|move|p1a: Volcanion|Toxic|p2a: Vaporeon
|-status|p2a: Vaporeon|tox
|move|p2a: Vaporeon|Flip Turn|p1a: Volcanion
|-heal|p1a: Volcanion|100/100 tox|[from] ability: Water Absorb|[of] p2a: Vaporeon
|
|-damage|p1a: Volcanion|82/100 tox|[from] psn
|-damage|p2a: Vaporeon|94/100 tox|[from] psn
|upkeep
|turn|12
|
|t:|1626204200
|switch|p1a: Roserade|Roserade, F|100/100
|-damage|p1a: Roserade|88/100|[from] Stealth Rock
|move|p2a: Vaporeon|Flip Turn|p1a: Roserade
|-resisted|p1a: Roserade
|-crit|p1a: Roserade
|-damage|p1a: Roserade|70/100
|
|t:|1626204204
|switch|p2a: Crobat|Crobat, M|100/100|[from]move: Flip Turn
|
|-heal|p1a: Roserade|77/100|[from] item: Black Sludge
|upkeep
|turn|13
|
|t:|1626204209
|switch|p1a: Metagross|Metagross|100/100
|-damage|p1a: Metagross|94/100|[from] Stealth Rock
|move|p2a: Crobat|U-turn|p1a: Metagross
|-damage|p1a: Metagross|83/100
|
|t:|1626204211
|switch|p2a: Obstagoon|Obstagoon, F|100/100|[from]move: U-turn
|-damage|p2a: Obstagoon|88/100|[from] Stealth Rock
|
|-heal|p1a: Metagross|89/100|[from] item: Leftovers
|-status|p2a: Obstagoon|brn|[from] item: Flame Orb
|upkeep
|turn|14
|
|t:|1626204239
|switch|p1a: Roserade|Roserade, F|77/100
|-damage|p1a: Roserade|64/100|[from] Stealth Rock
|move|p2a: Obstagoon|Knock Off|p1a: Roserade
|-damage|p1a: Roserade|0 fnt
|-enditem|p1a: Roserade|Black Sludge|[from] move: Knock Off|[of] p2a: Obstagoon
|faint|p1a: Roserade
|
|-damage|p2a: Obstagoon|82/100 brn|[from] brn
|upkeep
|
|t:|1626204243
|switch|p1a: Raikou|Raikou|100/100
|-damage|p1a: Raikou|88/100|[from] Stealth Rock
|-ability|p1a: Raikou|Pressure
|turn|15
|
|t:|1626204248
|switch|p2a: Reuniclus|Reuniclus, M|100/100
|-damage|p2a: Reuniclus|88/100|[from] Stealth Rock
|move|p1a: Raikou|Aura Sphere|p2a: Reuniclus
|-resisted|p2a: Reuniclus
|-damage|p2a: Reuniclus|82/100
|
|upkeep
|turn|16
|
|t:|1626204254
|move|p1a: Raikou|Volt Switch|p2a: Reuniclus
|-damage|p2a: Reuniclus|66/100
|
|t:|1626204271
|switch|p1a: Metagross|Metagross|89/100|[from]move: Volt Switch
|-damage|p1a: Metagross|83/100|[from] Stealth Rock
|move|p2a: Reuniclus|Knock Off|p1a: Metagross
|-supereffective|p1a: Metagross
|-damage|p1a: Metagross|62/100
|-enditem|p1a: Metagross|Leftovers|[from] move: Knock Off|[of] p2a: Reuniclus
|
|upkeep
|turn|17
|inactive|RULT50K p has 120 seconds left.
|
|t:|1626204312
|move|p1a: Metagross|Meteor Mash|p2a: Reuniclus
|-damage|p2a: Reuniclus|13/100
|-boost|p1a: Metagross|atk|1
|move|p2a: Reuniclus|Focus Blast|p1a: Metagross
|-crit|p1a: Metagross
|-damage|p1a: Metagross|8/100
|
|upkeep
|turn|18
|
|t:|1626204325
|switch|p2a: Vaporeon|Vaporeon, M|94/100 tox
|-damage|p2a: Vaporeon|82/100 tox|[from] Stealth Rock
|move|p1a: Metagross|Earthquake|p2a: Vaporeon
|-damage|p2a: Vaporeon|40/100 tox
|
|-heal|p2a: Vaporeon|46/100 tox|[from] item: Leftovers
|-damage|p2a: Vaporeon|40/100 tox|[from] psn
|upkeep
|turn|19
|j| RULT50B GK
|l| RULT50B GK
|
|t:|1626204348
|move|p1a: Metagross|Meteor Mash|p2a: Vaporeon
|-resisted|p2a: Vaporeon
|-damage|p2a: Vaporeon|15/100 tox
|move|p2a: Vaporeon|Flip Turn|p1a: Metagross
|-damage|p1a: Metagross|0 fnt
|faint|p1a: Metagross
|
|t:|1626204352
|switch|p2a: Crobat|Crobat, M|100/100|[from]move: Flip Turn
|
|upkeep
|inactive|The Benz Mafia has 120 seconds left.
|
|t:|1626204374
|switch|p1a: Raikou|Raikou|88/100
|-damage|p1a: Raikou|76/100|[from] Stealth Rock
|-ability|p1a: Raikou|Pressure
|turn|20
|inactive|The Benz Mafia has 120 seconds left.
|
|t:|1626204386
|move|p2a: Crobat|U-turn|p1a: Raikou
|-damage|p1a: Raikou|56/100
|
|t:|1626204389
|switch|p2a: Reuniclus|Reuniclus, M|46/100|[from]move: U-turn
|-damage|p2a: Reuniclus|34/100|[from] Stealth Rock
|move|p1a: Raikou|Discharge|p2a: Reuniclus
|-damage|p2a: Reuniclus|15/100
|
|upkeep
|turn|21
|
|t:|1626204397
|switch|p2a: Vaporeon|Vaporeon, M|15/100 tox
|-damage|p2a: Vaporeon|2/100 tox|[from] Stealth Rock
|move|p1a: Raikou|Discharge|p2a: Vaporeon
|-supereffective|p2a: Vaporeon
|-damage|p2a: Vaporeon|0 fnt
|faint|p2a: Vaporeon
|
|upkeep
|
|t:|1626204416
|switch|p2a: Chandelure|Chandelure, F|100/100
|-damage|p2a: Chandelure|76/100|[from] Stealth Rock
|turn|22
|
|t:|1626204423
|move|p2a: Chandelure|Flamethrower|p1a: Raikou
|-damage|p1a: Raikou|21/100
|move|p1a: Raikou|Discharge|p2a: Chandelure
|-damage|p2a: Chandelure|20/100
|
|upkeep
|turn|23
|
|t:|1626204445
|switch|p1a: Volcanion|Volcanion|82/100 tox
|move|p2a: Chandelure|Flamethrower|p1a: Volcanion
|-resisted|p1a: Volcanion
|-damage|p1a: Volcanion|69/100 tox
|
|-damage|p1a: Volcanion|63/100 tox|[from] psn
|upkeep
|turn|24
|
|t:|1626204454
|move|p2a: Chandelure|Flamethrower|p1a: Volcanion
|-resisted|p1a: Volcanion
|-crit|p1a: Volcanion
|-damage|p1a: Volcanion|43/100 tox
|move|p1a: Volcanion|Steam Eruption|p2a: Chandelure
|-supereffective|p2a: Chandelure
|-damage|p2a: Chandelure|0 fnt
|faint|p2a: Chandelure
|
|-damage|p1a: Volcanion|31/100 tox|[from] psn
|upkeep
|inactive|RULT50K p has 120 seconds left.
|
|t:|1626204496
|switch|p2a: Obstagoon|Obstagoon, F|82/100 brn
|-damage|p2a: Obstagoon|70/100 brn|[from] Stealth Rock
|turn|25
|
|t:|1626204510
|move|p2a: Obstagoon|Knock Off|p1a: Volcanion
|-damage|p1a: Volcanion|0 fnt
|-enditem|p1a: Volcanion|Heavy-Duty Boots|[from] move: Knock Off|[of] p2a: Obstagoon
|faint|p1a: Volcanion
|
|-damage|p2a: Obstagoon|64/100 brn|[from] brn
|upkeep
|inactive|The Benz Mafia has 120 seconds left.
|
|t:|1626204544
|switch|p1a: Tornadus|Tornadus, M|100/100
|-damage|p1a: Tornadus|76/100|[from] Stealth Rock
|turn|26
|inactive|RULT50K p has 120 seconds left.
|
|t:|1626204557
|switch|p2a: Steelix|Steelix, F|48/100
|-damage|p2a: Steelix|45/100|[from] Stealth Rock
|move|p1a: Tornadus|Bulk Up|p1a: Tornadus
|-boost|p1a: Tornadus|atk|1
|-boost|p1a: Tornadus|def|1
|
|-heal|p2a: Steelix|51/100|[from] item: Leftovers
|upkeep
|turn|27
|
|t:|1626204566
|move|p1a: Tornadus|Bulk Up|p1a: Tornadus
|-boost|p1a: Tornadus|atk|1
|-boost|p1a: Tornadus|def|1
|move|p2a: Steelix|Toxic|p1a: Tornadus
|-status|p1a: Tornadus|tox
|
|-heal|p2a: Steelix|58/100|[from] item: Leftovers
|-damage|p1a: Tornadus|69/100 tox|[from] psn
|upkeep
|turn|28
|
|t:|1626204570
|move|p1a: Tornadus|Bulk Up|p1a: Tornadus
|-boost|p1a: Tornadus|atk|1
|-boost|p1a: Tornadus|def|1
|move|p2a: Steelix|Heavy Slam|p1a: Tornadus
|-damage|p1a: Tornadus|55/100 tox
|
|-heal|p2a: Steelix|64/100|[from] item: Leftovers
|-damage|p1a: Tornadus|43/100 tox|[from] psn
|upkeep
|turn|29
|
|t:|1626204574
|move|p1a: Tornadus|Rest|p1a: Tornadus
|-status|p1a: Tornadus|slp|[from] move: Rest
|-heal|p1a: Tornadus|100/100 slp|[silent]
|move|p2a: Steelix|Heavy Slam|p1a: Tornadus
|-damage|p1a: Tornadus|87/100 slp
|
|-heal|p2a: Steelix|70/100|[from] item: Leftovers
|upkeep
|turn|30
|
|t:|1626204580
|cant|p1a: Tornadus|slp
|move|p1a: Tornadus|Sleep Talk|p1a: Tornadus
|move|p1a: Tornadus|Bulk Up|p1a: Tornadus|[from]move: Sleep Talk
|-boost|p1a: Tornadus|atk|1
|-boost|p1a: Tornadus|def|1
|move|p2a: Steelix|Heavy Slam|p1a: Tornadus
|-damage|p1a: Tornadus|75/100 slp
|
|-heal|p2a: Steelix|76/100|[from] item: Leftovers
|upkeep
|turn|31
|
|t:|1626204585
|cant|p1a: Tornadus|slp
|move|p1a: Tornadus|Sleep Talk|p1a: Tornadus
|move|p1a: Tornadus|Rest||[from]move: Sleep Talk|[still]
|-fail|p1a: Tornadus
|move|p2a: Steelix|Heavy Slam|p1a: Tornadus
|-damage|p1a: Tornadus|63/100 slp
|
|-heal|p2a: Steelix|83/100|[from] item: Leftovers
|upkeep
|turn|32
|
|t:|1626204591
|-curestatus|p1a: Tornadus|slp|[msg]
|move|p1a: Tornadus|Bulk Up|p1a: Tornadus
|-boost|p1a: Tornadus|atk|1
|-boost|p1a: Tornadus|def|1
|move|p2a: Steelix|Toxic|p1a: Tornadus
|-status|p1a: Tornadus|tox
|
|-heal|p2a: Steelix|89/100|[from] item: Leftovers
|-damage|p1a: Tornadus|57/100 tox|[from] psn
|upkeep
|turn|33
|
|t:|1626204595
|move|p1a: Tornadus|Rest|p1a: Tornadus
|-status|p1a: Tornadus|slp|[from] move: Rest
|-heal|p1a: Tornadus|100/100 slp|[silent]
|move|p2a: Steelix|Heavy Slam|p1a: Tornadus
|-damage|p1a: Tornadus|90/100 slp
|
|-heal|p2a: Steelix|95/100|[from] item: Leftovers
|upkeep
|turn|34
|
|t:|1626204597
|cant|p1a: Tornadus|slp
|move|p1a: Tornadus|Sleep Talk|p1a: Tornadus
|move|p1a: Tornadus|Bulk Up|p1a: Tornadus|[from]move: Sleep Talk
|-boost|p1a: Tornadus|atk|1
|-boost|p1a: Tornadus|def|1
|move|p2a: Steelix|Heavy Slam|p1a: Tornadus
|-damage|p1a: Tornadus|81/100 slp
|
|-heal|p2a: Steelix|100/100|[from] item: Leftovers
|upkeep
|turn|35
|
|t:|1626204600
|cant|p1a: Tornadus|slp
|move|p1a: Tornadus|Sleep Talk|p1a: Tornadus
|move|p1a: Tornadus|Acrobatics|p2a: Steelix|[from]move: Sleep Talk
|-resisted|p2a: Steelix
|-damage|p2a: Steelix|56/100
|move|p2a: Steelix|Heavy Slam|p1a: Tornadus
|-damage|p1a: Tornadus|73/100 slp
|
|-heal|p2a: Steelix|62/100|[from] item: Leftovers
|upkeep
|turn|36
|
|t:|1626204609
|-curestatus|p1a: Tornadus|slp|[msg]
|move|p1a: Tornadus|Acrobatics|p2a: Steelix
|-resisted|p2a: Steelix
|-damage|p2a: Steelix|20/100
|move|p2a: Steelix|Toxic|p1a: Tornadus|[miss]
|-miss|p2a: Steelix|p1a: Tornadus
|
|-heal|p2a: Steelix|27/100|[from] item: Leftovers
|upkeep
|turn|37
|l|☆RULT50K p
|inactive|RULT50K p disconnected and has a minute to reconnect!
|player|p2|
|inactive|RULT50K p has 30 seconds to reconnect!
|inactive|RULT50K p has 20 seconds to reconnect!
|inactive|RULT50K p has 15 seconds to reconnect!
|inactive|RULT50K p has 10 seconds to reconnect!
|inactive|RULT50K p has 5 seconds to reconnect!
|-message|RULT50K p lost due to inactivity.
|
|win|The Benz Mafia
|raw|The Benz Mafia's rating: 1281 &rarr; <strong>1321</strong><br />(+40 for winning)
|raw|RULT50K p's rating: 1525 &rarr; <strong>1493</strong><br />(-32 for losing)
||Ladder isn't responding, score probably updated but might not have (Request timeout).
|l| RULT50A Prod
