|j|☆Its oyster time
|j|☆yOuRwElCoMeThAnk
|inactive|Battle timer is ON: inactive players will automatically lose when time's up.
|t:|1666484148
|gametype|singles
|player|p1|Its oyster time|birdkeeper-gen6|
|player|p2|yOuRwElCoMeThAnk|hiker-gen4|
|teamsize|p1|6
|teamsize|p2|6
|gen|8
|tier|[Gen 8] RU
|rated|Tournament battle
|rule|Sleep Clause Mod: Limit one foe put to sleep
|rule|Species Clause: Limit one of each Pokémon
|rule|OHKO Clause: OHKO moves are banned
|rule|Evasion Items Clause: Evasion items are banned
|rule|Evasion Moves Clause: Evasion moves are banned
|rule|Endless Battle Clause: Forcing endless battles is banned
|rule|HP Percentage Mod: HP is shown in percentages
|rule|Dynamax Clause: You cannot dynamax
|clearpoke
|poke|p1|Araquanid, F|
|poke|p1|Politoed, F|
|poke|p1|Reuniclus, M|
|poke|p1|Seismitoad, F|
|poke|p1|Klefki, M|
|poke|p1|Mantine, M|
|poke|p2|Reuniclus, F|
|poke|p2|Crobat, M|
|poke|p2|Milotic, F|
|poke|p2|Drapion, M|
|poke|p2|Registeel|
|poke|p2|Nidoqueen, F|
|teampreview
|inactive|Its oyster time also wants the timer to be on.
|c|☆yOuRwElCoMeThAnk|hf
|c|☆Its oyster time|2
|c|☆Its oyster time|u
|
|t:|1666484161
|start
|switch|p1a: Politoed|Politoed, F|100/100
|switch|p2a: Reuniclus|Reuniclus, F|100/100
|-weather|RainDance|[from] ability: Drizzle|[of] p1a: Politoed
|turn|1
|
|t:|1666484171
|switch|p1a: Araquanid|Araquanid, F|100/100
|move|p2a: Reuniclus|Knock Off|p1a: Araquanid
|-damage|p1a: Araquanid|85/100
|-enditem|p1a: Araquanid|Mystic Water|[from] move: Knock Off|[of] p2a: Reuniclus
|
|-weather|RainDance|[upkeep]
|upkeep
|turn|2
|
|t:|1666484180
|switch|p2a: Milotic|Milotic, F|100/100
|move|p1a: Araquanid|Substitute|p1a: Araquanid
|-start|p1a: Araquanid|Substitute
|-damage|p1a: Araquanid|60/100
|
|-weather|RainDance|[upkeep]
|upkeep
|turn|3
|
|t:|1666484191
|switch|p2a: Crobat|Crobat, M|100/100
|move|p1a: Araquanid|Toxic|p2a: Crobat
|-immune|p2a: Crobat
|
|-weather|RainDance|[upkeep]
|upkeep
|turn|4
|
|t:|1666484198
|switch|p1a: Klefki|Klefki, M|100/100
|move|p2a: Crobat|U-turn|p1a: Klefki
|-resisted|p1a: Klefki
|-damage|p1a: Klefki|96/100
|-enditem|p1a: Klefki|Eject Button
|
|t:|1666484209
|switch|p1a: Mantine|Mantine, M|100/100
|
|-weather|RainDance|[upkeep]
|upkeep
|turn|5
|
|t:|1666484214
|switch|p2a: Registeel|Registeel|100/100
|move|p1a: Mantine|Hurricane|p2a: Registeel
|-resisted|p2a: Registeel
|-crit|p2a: Registeel
|-damage|p2a: Registeel|75/100
|-damage|p1a: Mantine|91/100|[from] item: Life Orb
|
|-weather|RainDance|[upkeep]
|-heal|p2a: Registeel|81/100|[from] item: Leftovers
|upkeep
|turn|6
|
|t:|1666484224
|move|p1a: Mantine|Hydro Pump|p2a: Registeel
|-damage|p2a: Registeel|28/100
|-damage|p1a: Mantine|81/100|[from] item: Life Orb
|move|p2a: Registeel|Toxic|p1a: Mantine
|-status|p1a: Mantine|tox
|
|-weather|RainDance|[upkeep]
|-heal|p2a: Registeel|34/100|[from] item: Leftovers
|-damage|p1a: Mantine|74/100 tox|[from] psn
|upkeep
|turn|7
|
|t:|1666484232
|switch|p2a: Milotic|Milotic, F|100/100
|move|p1a: Mantine|Scald|p2a: Milotic
|-resisted|p2a: Milotic
|-damage|p2a: Milotic|77/100
|-damage|p1a: Mantine|64/100 tox|[from] item: Life Orb
|
|-weather|RainDance|[upkeep]
|-heal|p2a: Milotic|83/100|[from] item: Leftovers
|-damage|p1a: Mantine|52/100 tox|[from] psn
|upkeep
|turn|8
|
|t:|1666484242
|switch|p1a: Reuniclus|Reuniclus, M|100/100
|move|p2a: Milotic|Scald|p1a: Reuniclus
|-damage|p1a: Reuniclus|61/100
|-status|p1a: Reuniclus|brn
|
|-weather|none
|-heal|p2a: Milotic|89/100|[from] item: Leftovers
|-damage|p1a: Reuniclus|55/100 brn|[from] brn
|upkeep
|turn|9
|
|t:|1666484249
|switch|p2a: Drapion|Drapion, M|100/100
|move|p1a: Reuniclus|Trick Room|p1a: Reuniclus
|-fieldstart|move: Trick Room|[of] p1a: Reuniclus
|
|-damage|p1a: Reuniclus|49/100 brn|[from] brn
|upkeep
|turn|10
|
|t:|1666484263
|switch|p1a: Araquanid|Araquanid, F|60/100
|move|p2a: Drapion|Knock Off|p1a: Araquanid
|-damage|p1a: Araquanid|33/100
|
|upkeep
|turn|11
|
|t:|1666484270
|move|p1a: Araquanid|Liquidation|p2a: Drapion
|-damage|p2a: Drapion|30/100
|move|p2a: Drapion|Poison Jab|p1a: Araquanid
|-damage|p1a: Araquanid|0 fnt
|faint|p1a: Araquanid
|
|-heal|p2a: Drapion|36/100|[from] item: Black Sludge
|upkeep
|
|t:|1666484277
|switch|p1a: Seismitoad|Seismitoad, F|100/100
|turn|12
|
|t:|1666484285
|switch|p2a: Reuniclus|Reuniclus, F|100/100
|move|p1a: Seismitoad|Earth Power|p2a: Reuniclus
|-damage|p2a: Reuniclus|56/100
|-damage|p1a: Seismitoad|91/100|[from] item: Life Orb
|
|upkeep
|turn|13
|
|t:|1666484292
|switch|p1a: Politoed|Politoed, F|100/100
|-weather|RainDance|[from] ability: Drizzle|[of] p1a: Politoed
|move|p2a: Reuniclus|Recover|p2a: Reuniclus
|-heal|p2a: Reuniclus|100/100
|
|-weather|RainDance|[upkeep]
|-fieldend|move: Trick Room
|upkeep
|turn|14
|
|t:|1666484300
|switch|p2a: Nidoqueen|Nidoqueen, F|100/100
|move|p1a: Politoed|Encore||[still]
|-fail|p1a: Politoed
|
|-weather|RainDance|[upkeep]
|upkeep
|turn|15
|
|t:|1666484307
|move|p2a: Nidoqueen|Stealth Rock|p1a: Politoed
|-sidestart|p1: Its oyster time|move: Stealth Rock
|move|p1a: Politoed|Scald|p2a: Nidoqueen
|-supereffective|p2a: Nidoqueen
|-damage|p2a: Nidoqueen|46/100
|
|-weather|RainDance|[upkeep]
|-heal|p2a: Nidoqueen|52/100|[from] item: Black Sludge
|upkeep
|turn|16
|
|t:|1666484316
|switch|p2a: Registeel|Registeel|34/100
|move|p1a: Politoed|Scald|p2a: Registeel
|-damage|p2a: Registeel|12/100
|
|-weather|RainDance|[upkeep]
|-heal|p2a: Registeel|18/100|[from] item: Leftovers
|upkeep
|turn|17
|
|t:|1666484328
|switch|p2a: Reuniclus|Reuniclus, F|100/100
|move|p1a: Politoed|Scald|p2a: Reuniclus
|-damage|p2a: Reuniclus|62/100
|-status|p2a: Reuniclus|brn
|
|-weather|RainDance|[upkeep]
|upkeep
|turn|18
|
|t:|1666484335
|switch|p1a: Seismitoad|Seismitoad, F|91/100
|-damage|p1a: Seismitoad|85/100|[from] Stealth Rock
|move|p2a: Reuniclus|Recover|p2a: Reuniclus
|-heal|p2a: Reuniclus|100/100 brn
|
|-weather|RainDance|[upkeep]
|upkeep
|turn|19
|
|t:|1666484340
|move|p1a: Seismitoad|Weather Ball|p2a: Reuniclus
|-damage|p2a: Reuniclus|20/100 brn
|-damage|p1a: Seismitoad|75/100|[from] item: Life Orb
|move|p2a: Reuniclus|Knock Off|p1a: Seismitoad
|-damage|p1a: Seismitoad|65/100
|-enditem|p1a: Seismitoad|Life Orb|[from] move: Knock Off|[of] p2a: Reuniclus
|
|-weather|RainDance|[upkeep]
|upkeep
|turn|20
|
|t:|1666484349
|switch|p2a: Milotic|Milotic, F|89/100
|move|p1a: Seismitoad|Weather Ball|p2a: Milotic
|-resisted|p2a: Milotic
|-damage|p2a: Milotic|64/100
|
|-weather|none
|-heal|p2a: Milotic|70/100|[from] item: Leftovers
|upkeep
|turn|21
|
|t:|1666484354
|move|p1a: Seismitoad|Grass Knot|p2a: Milotic
|-supereffective|p2a: Milotic
|-damage|p2a: Milotic|26/100
|move|p2a: Milotic|Scald|p1a: Seismitoad
|-damage|p1a: Seismitoad|30/100
|
|-heal|p2a: Milotic|32/100|[from] item: Leftovers
|upkeep
|turn|22
|
|t:|1666484363
|switch|p2a: Crobat|Crobat, M|100/100
|move|p1a: Seismitoad|Stealth Rock|p2a: Crobat
|-sidestart|p2: yOuRwElCoMeThAnk|move: Stealth Rock
|
|upkeep
|turn|23
|
|t:|1666484369
|switch|p1a: Politoed|Politoed, F|100/100
|-damage|p1a: Politoed|88/100|[from] Stealth Rock
|-weather|RainDance|[from] ability: Drizzle|[of] p1a: Politoed
|move|p2a: Crobat|U-turn|p1a: Politoed
|-damage|p1a: Politoed|73/100
|
|t:|1666484384
|switch|p2a: Drapion|Drapion, M|36/100|[from]move: U-turn
|-damage|p2a: Drapion|24/100|[from] Stealth Rock
|
|-weather|RainDance|[upkeep]
|-heal|p2a: Drapion|30/100|[from] item: Black Sludge
|upkeep
|turn|24
|
|t:|1666484390
|switch|p1a: Klefki|Klefki, M|96/100
|-damage|p1a: Klefki|90/100|[from] Stealth Rock
|move|p2a: Drapion|Swords Dance|p2a: Drapion
|-boost|p2a: Drapion|atk|2
|
|-weather|RainDance|[upkeep]
|-heal|p2a: Drapion|36/100|[from] item: Black Sludge
|upkeep
|turn|25
|
|t:|1666484395
|move|p2a: Drapion|Aqua Tail|p1a: Klefki
|-damage|p1a: Klefki|3/100
|move|p1a: Klefki|Dazzling Gleam|p2a: Drapion
|-damage|p2a: Drapion|2/100
|
|-weather|RainDance|[upkeep]
|-heal|p2a: Drapion|8/100|[from] item: Black Sludge
|upkeep
|turn|26
|
|t:|1666484403
|move|p1a: Klefki|Spikes|p2a: Drapion
|-sidestart|p2: yOuRwElCoMeThAnk|Spikes
|move|p2a: Drapion|Knock Off|p1a: Klefki
|-resisted|p1a: Klefki
|-damage|p1a: Klefki|0 fnt
|faint|p1a: Klefki
|
|-weather|RainDance|[upkeep]
|-heal|p2a: Drapion|14/100|[from] item: Black Sludge
|upkeep
|
|t:|1666484407
|switch|p1a: Seismitoad|Seismitoad, F|30/100
|-damage|p1a: Seismitoad|24/100|[from] Stealth Rock
|turn|27
|
|t:|1666484413
|move|p1a: Seismitoad|Weather Ball|p2a: Drapion
|-damage|p2a: Drapion|0 fnt
|faint|p2a: Drapion
|
|-weather|RainDance|[upkeep]
|upkeep
|
|t:|1666484418
|switch|p2a: Crobat|Crobat, M|100/100
|turn|28
|
|t:|1666484423
|switch|p1a: Mantine|Mantine, M|52/100 tox
|-damage|p1a: Mantine|28/100 tox|[from] Stealth Rock
|move|p2a: Crobat|Brave Bird|p1a: Mantine
|-damage|p1a: Mantine|0 fnt
|faint|p1a: Mantine
|-damage|p2a: Crobat|93/100|[from] Recoil
|
|-weather|RainDance|[upkeep]
|upkeep
|
|t:|1666484426
|switch|p1a: Reuniclus|Reuniclus, M|82/100 brn
|-damage|p1a: Reuniclus|70/100 brn|[from] Stealth Rock
|turn|29
|
|t:|1666484438
|move|p2a: Crobat|Defog|p1a: Reuniclus
|-unboost|p1a: Reuniclus|evasion|1
|-sideend|p1: Its oyster time|Stealth Rock|[from] move: Defog|[of] p2a: Crobat
|-sideend|p2: yOuRwElCoMeThAnk|Spikes|[from] move: Defog|[of] p2a: Crobat
|-sideend|p2: yOuRwElCoMeThAnk|Stealth Rock|[from] move: Defog|[of] p2a: Crobat
|move|p1a: Reuniclus|Trick Room|p1a: Reuniclus
|-fieldstart|move: Trick Room|[of] p1a: Reuniclus
|
|-weather|RainDance|[upkeep]
|-damage|p1a: Reuniclus|64/100 brn|[from] brn
|upkeep
|turn|30
|
|t:|1666484452
|switch|p2a: Registeel|Registeel|18/100
|move|p1a: Reuniclus|Psychic|p2a: Registeel
|-resisted|p2a: Registeel
|-damage|p2a: Registeel|0 fnt
|faint|p2a: Registeel
|-damage|p1a: Reuniclus|54/100 brn|[from] item: Life Orb
|
|-weather|none
|-damage|p1a: Reuniclus|48/100 brn|[from] brn
|upkeep
|c|☆yOuRwElCoMeThAnk|The opposing Reuniclus lost some of its HP!
|c|☆yOuRwElCoMeThAnk|:kindasus:
|inactive|yOuRwElCoMeThAnk has 120 seconds left.
|c|☆Its oyster time|its regen
|c|☆Its oyster time|yea
|
|t:|1666484485
|switch|p2a: Nidoqueen|Nidoqueen, F|52/100
|turn|31
|
|t:|1666484488
|move|p1a: Reuniclus|Psychic|p2a: Nidoqueen
|-supereffective|p2a: Nidoqueen
|-damage|p2a: Nidoqueen|0 fnt
|faint|p2a: Nidoqueen
|-damage|p1a: Reuniclus|38/100 brn|[from] item: Life Orb
|
|-damage|p1a: Reuniclus|32/100 brn|[from] brn
|upkeep
|
|t:|1666484491
|switch|p2a: Reuniclus|Reuniclus, F|20/100 brn
|turn|32
|
|t:|1666484494
|move|p1a: Reuniclus|Psychic|p2a: Reuniclus
|-resisted|p2a: Reuniclus
|-damage|p2a: Reuniclus|0 fnt
|faint|p2a: Reuniclus
|-damage|p1a: Reuniclus|22/100 brn|[from] item: Life Orb
|
|-damage|p1a: Reuniclus|16/100 brn|[from] brn
|upkeep
|
|t:|1666484497
|switch|p2a: Crobat|Crobat, M|93/100
|turn|33
|
|t:|1666484503
|move|p1a: Reuniclus|Psychic|p2a: Crobat
|-supereffective|p2a: Crobat
|-damage|p2a: Crobat|0 fnt
|faint|p2a: Crobat
|-damage|p1a: Reuniclus|6/100 brn|[from] item: Life Orb
|
|-damage|p1a: Reuniclus|0 fnt|[from] brn
|faint|p1a: Reuniclus
|-fieldend|move: Trick Room
|upkeep
|
|t:|1666484511
|switch|p2a: Milotic|Milotic, F|32/100
|switch|p1a: Politoed|Politoed, F|73/100
|-weather|RainDance|[from] ability: Drizzle|[of] p1a: Politoed
|turn|34
|
|t:|1666484516
|move|p2a: Milotic|Recover|p2a: Milotic
|-heal|p2a: Milotic|82/100
|move|p1a: Politoed|Toxic|p2a: Milotic
|-status|p2a: Milotic|tox
|
|-weather|RainDance|[upkeep]
|-heal|p2a: Milotic|88/100 tox|[from] item: Leftovers
|-damage|p2a: Milotic|82/100 tox|[from] psn
|upkeep
|turn|35
|c|☆yOuRwElCoMeThAnk|gg
|c|☆Its oyster time|gg
|-message|yOuRwElCoMeThAnk forfeited.
|
|win|Its oyster time
|n|☆Its oyster time|itsoystertime
|n|☆yOuRwElCoMeThAnk|yourwelcomethank
