|j|☆Ru Heni
|j|☆tittiesXshoe
|t:|1599340698
|player|p1|Ru Heni|101|1493
|player|p2|tittiesXshoe|pokemonbreederf|1500
|teamsize|p1|6
|teamsize|p2|6
|gametype|singles
|gen|8
|tier|[Gen 8] RU
|rated|
|clearpoke
|poke|p1|Golurk|
|poke|p1|Heliolisk, F|
|poke|p1|Silvally-*|
|poke|p1|Mantine, M|
|poke|p1|Bronzong|
|poke|p1|Salazzle, F|
|poke|p2|Golisopod, F|
|poke|p2|Steelix, M|
|poke|p2|Umbreon, F|
|poke|p2|Espeon, F|
|poke|p2|Rotom|
|poke|p2|Blastoise, F|
|rule|Sleep Clause Mod: Limit one foe put to sleep
|rule|Species Clause: Limit one of each Pokémon
|rule|OHKO Clause: OHKO moves are banned
|rule|Evasion Moves Clause: Evasion moves are banned
|rule|Endless Battle Clause: Forcing endless battles is banned
|rule|HP Percentage Mod: HP is shown in percentages
|rule|Dynamax Clause: You cannot dynamax
|teampreview
|inactive|Battle timer is ON: inactive players will automatically lose when time's up. (requested by tittiesXshoe)
|
|t:|1599340709
|start
|switch|p1a: Golurk|Golurk|100/100
|switch|p2a: Rotom|Rotom|100/100
|turn|1
|
|t:|1599340715
|switch|p1a: Salazzle|Salazzle, F|100/100
|move|p2a: Rotom|Shadow Ball|p1a: Salazzle
|-damage|p1a: Salazzle|46/100
|-unboost|p1a: Salazzle|spd|1
|
|-heal|p1a: Salazzle|52/100|[from] item: Black Sludge
|upkeep
|turn|2
|j| Parnstar
|
|t:|1599340725
|switch|p1a: Heliolisk|Heliolisk, F|100/100
|move|p2a: Rotom|Shadow Ball|p1a: Heliolisk
|-immune|p1a: Heliolisk
|
|upkeep
|turn|3
|
|t:|1599340733
|switch|p2a: Wish Maker|Umbreon, F|100/100
|move|p1a: Heliolisk|Grass Knot|p2a: Wish Maker
|-damage|p2a: Wish Maker|90/100
|
|-heal|p2a: Wish Maker|97/100|[from] item: Leftovers
|upkeep
|turn|4
|
|t:|1599340738
|move|p1a: Heliolisk|Volt Switch|p2a: Wish Maker
|-damage|p2a: Wish Maker|79/100
|
|t:|1599340740
|switch|p1a: Silvally|Silvally-Fairy|100/100|[from]move: Volt Switch
|move|p2a: Wish Maker|Foul Play|p1a: Silvally
|-resisted|p1a: Silvally
|-damage|p1a: Silvally|80/100
|
|-heal|p2a: Wish Maker|86/100|[from] item: Leftovers
|upkeep
|turn|5
|
|t:|1599340744
|switch|p2a: Young Rocks|Steelix, M|100/100
|move|p1a: Silvally|Multi-Attack|p2a: Young Rocks
|-resisted|p2a: Young Rocks
|-damage|p2a: Young Rocks|90/100
|-damage|p1a: Silvally|63/100|[from] item: Rocky Helmet|[of] p2a: Young Rocks
|
|upkeep
|turn|6
|
|t:|1599340754
|switch|p1a: Golurk|Golurk|100/100
|move|p2a: Young Rocks|Stealth Rock|p1a: Golurk
|-sidestart|p1: Ru Heni|move: Stealth Rock
|
|upkeep
|turn|7
|
|t:|1599340765
|move|p1a: Golurk|Stone Edge|p2a: Young Rocks
|-resisted|p2a: Young Rocks
|-damage|p2a: Young Rocks|85/100
|move|p2a: Young Rocks|Toxic|p1a: Golurk
|-status|p1a: Golurk|tox
|
|-damage|p1a: Golurk|95/100 tox|[from] psn
|upkeep
|turn|8
|
|t:|1599340773
|switch|p1a: Mantine|Mantine, M|100/100
|move|p2a: Young Rocks|Earthquake|p1a: Mantine
|-immune|p1a: Mantine
|
|upkeep
|turn|9
|
|t:|1599340776
|move|p1a: Mantine|Scald|p2a: Young Rocks
|-supereffective|p2a: Young Rocks
|-damage|p2a: Young Rocks|16/100
|-status|p2a: Young Rocks|brn
|move|p2a: Young Rocks|Toxic|p1a: Mantine
|-status|p1a: Mantine|tox
|
|-damage|p1a: Mantine|94/100 tox|[from] psn
|-damage|p2a: Young Rocks|10/100 brn|[from] brn
|upkeep
|turn|10
|
|t:|1599340780
|move|p1a: Mantine|Defog|p2a: Young Rocks
|-unboost|p2a: Young Rocks|evasion|1
|-sideend|p1: Ru Heni|Stealth Rock|[from] move: Defog|[of] p1a: Mantine
|move|p2a: Young Rocks|Stealth Rock|p1a: Mantine
|-sidestart|p1: Ru Heni|move: Stealth Rock
|
|-damage|p1a: Mantine|82/100 tox|[from] psn
|-damage|p2a: Young Rocks|4/100 brn|[from] brn
|upkeep
|turn|11
|
|t:|1599340783
|switch|p2a: Rotom|Rotom|100/100
|move|p1a: Mantine|Scald|p2a: Rotom
|-damage|p2a: Rotom|58/100
|
|-damage|p1a: Mantine|64/100 tox|[from] psn
|upkeep
|turn|12
|
|t:|1599340788
|switch|p1a: Heliolisk|Heliolisk, F|100/100
|-damage|p1a: Heliolisk|88/100|[from] Stealth Rock
|move|p2a: Rotom|Volt Switch|p1a: Heliolisk
|-resisted|p1a: Heliolisk
|-damage|p1a: Heliolisk|69/100
|
|t:|1599340791
|switch|p2a: The Hive|Golisopod, F, shiny|100/100|[from]move: Volt Switch
|
|upkeep
|turn|13
|
|t:|1599340796
|switch|p1a: Bronzong|Bronzong|100/100
|-damage|p1a: Bronzong|94/100|[from] Stealth Rock
|move|p2a: The Hive|First Impression|p1a: Bronzong
|-damage|p1a: Bronzong|46/100
|
|-heal|p1a: Bronzong|52/100|[from] item: Leftovers
|upkeep
|turn|14
|
|t:|1599340809
|switch|p2a: God's Reflection|Espeon, F|100/100
|move|p1a: Bronzong|Toxic|p2a: God's Reflection
|move|p2a: God's Reflection|Toxic|p1a: Bronzong|[from]Magic Bounce
|-immune|p1a: Bronzong
|
|-heal|p1a: Bronzong|58/100|[from] item: Leftovers
|upkeep
|turn|15
|j| Lord_Enz
|
|t:|1599340819
|switch|p1a: Heliolisk|Heliolisk, F|69/100
|-damage|p1a: Heliolisk|56/100|[from] Stealth Rock
|move|p2a: God's Reflection|Calm Mind|p2a: God's Reflection
|-boost|p2a: God's Reflection|spa|1
|-boost|p2a: God's Reflection|spd|1
|
|upkeep
|turn|16
|
|t:|1599340827
|move|p1a: Heliolisk|Thunderbolt|p2a: God's Reflection
|-damage|p2a: God's Reflection|71/100
|move|p2a: God's Reflection|Psychic|p1a: Heliolisk
|-damage|p1a: Heliolisk|0 fnt
|faint|p1a: Heliolisk
|
|-heal|p2a: God's Reflection|77/100|[from] item: Leftovers
|upkeep
|inactive|Ru Heni has 120 seconds left.
|
|t:|1599340867
|switch|p1a: Golurk|Golurk|95/100 tox
|-damage|p1a: Golurk|89/100 tox|[from] Stealth Rock
|turn|17
|
|t:|1599340882
|switch|p2a: Young Rocks|Steelix, M|4/100 brn
|move|p1a: Golurk|Poltergeist|p2a: Young Rocks
|-activate|p2a: Young Rocks|move: Poltergeist|Rocky Helmet
|-damage|p2a: Young Rocks|0 fnt
|faint|p2a: Young Rocks
|
|-damage|p1a: Golurk|83/100 tox|[from] psn
|upkeep
|
|t:|1599340887
|switch|p2a: Rotom|Rotom|58/100
|turn|18
|j| Rakkoh
|
|t:|1599340894
|switch|p1a: Mantine|Mantine, M|64/100 tox
|move|p2a: Rotom|Shadow Ball|p1a: Mantine
|-damage|p1a: Mantine|42/100 tox
|
|-damage|p1a: Mantine|36/100 tox|[from] psn
|upkeep
|turn|19
|
|t:|1599340899
|move|p2a: Rotom|Shadow Ball|p1a: Mantine
|-damage|p1a: Mantine|14/100 tox
|move|p1a: Mantine|Roost|p1a: Mantine
|-heal|p1a: Mantine|64/100 tox
|-singleturn|p1a: Mantine|move: Roost
|
|-damage|p1a: Mantine|52/100 tox|[from] psn
|upkeep
|turn|20
|
|t:|1599340901
|move|p2a: Rotom|Shadow Ball|p1a: Mantine
|-damage|p1a: Mantine|30/100 tox
|-unboost|p1a: Mantine|spd|1
|move|p1a: Mantine|Scald|p2a: Rotom
|-damage|p2a: Rotom|18/100
|-status|p2a: Rotom|brn
|
|-damage|p2a: Rotom|12/100 brn|[from] brn
|-damage|p1a: Mantine|12/100 tox|[from] psn
|upkeep
|turn|21
|
|t:|1599340905
|move|p2a: Rotom|Shadow Ball|p1a: Mantine
|-damage|p1a: Mantine|0 fnt
|faint|p1a: Mantine
|
|-damage|p2a: Rotom|5/100 brn|[from] brn
|upkeep
|
|t:|1599340914
|switch|p1a: Salazzle|Salazzle, F|52/100
|-damage|p1a: Salazzle|27/100|[from] Stealth Rock
|turn|22
|
|t:|1599340916
|move|p1a: Salazzle|Protect|p1a: Salazzle
|-singleturn|p1a: Salazzle|Protect
|move|p2a: Rotom|Shadow Ball|p1a: Salazzle
|-activate|p1a: Salazzle|move: Protect
|
|-heal|p1a: Salazzle|33/100|[from] item: Black Sludge
|-damage|p2a: Rotom|0 fnt|[from] brn
|faint|p2a: Rotom
|upkeep
|
|t:|1599340920
|switch|p2a: The Hive|Golisopod, F, shiny|100/100
|turn|23
|
|t:|1599340934
|move|p2a: The Hive|Aqua Jet|p1a: Salazzle
|-supereffective|p1a: Salazzle
|-damage|p1a: Salazzle|0 fnt
|faint|p1a: Salazzle
|
|upkeep
|
|t:|1599340942
|switch|p1a: Golurk|Golurk|83/100 tox
|-damage|p1a: Golurk|77/100 tox|[from] Stealth Rock
|turn|24
|
|t:|1599340945
|move|p1a: Golurk|Stone Edge|p2a: The Hive
|-supereffective|p2a: The Hive
|-damage|p2a: The Hive|26/100
|-activate|p2a: The Hive|ability: Emergency Exit
|
|t:|1599340952
|switch|p2a: Blastoise|Blastoise, F|100/100
|
|-damage|p1a: Golurk|71/100 tox|[from] psn
|upkeep
|turn|25
|c|☆Ru Heni|gg
|
|t:|1599340958
|move|p1a: Golurk|Stone Edge|p2a: Blastoise
|-damage|p2a: Blastoise|50/100
|move|p2a: Blastoise|Shell Smash|p2a: Blastoise
|-unboost|p2a: Blastoise|def|1
|-unboost|p2a: Blastoise|spd|1
|-boost|p2a: Blastoise|atk|2
|-boost|p2a: Blastoise|spa|2
|-boost|p2a: Blastoise|spe|2
|-enditem|p2a: Blastoise|White Herb
|-clearnegativeboost|p2a: Blastoise|[silent]
|
|-damage|p1a: Golurk|59/100 tox|[from] psn
|upkeep
|turn|26
|
|t:|1599340962
|move|p2a: Blastoise|Surf|p1a: Golurk
|-supereffective|p1a: Golurk
|-damage|p1a: Golurk|0 fnt
|faint|p1a: Golurk
|
|upkeep
|
|t:|1599340965
|switch|p1a: Silvally|Silvally-Fairy|63/100
|-damage|p1a: Silvally|51/100|[from] Stealth Rock
|turn|27
|
|t:|1599340967
|move|p2a: Blastoise|Surf|p1a: Silvally
|-damage|p1a: Silvally|0 fnt
|faint|p1a: Silvally
|
|upkeep
|-message|Ru Heni forfeited.
|
|win|tittiesXshoe
|l|☆Ru Heni
|c|☆tittiesXshoe|gg
|l| Rakkoh
|raw|Ru Heni's rating: 1493 &rarr; <strong>1473</strong><br />(-20 for losing)
|raw|tittiesXshoe's rating: 1500 &rarr; <strong>1519</strong><br />(+19 for winning)
