|j|☆Burned_2812
|j|☆pealnatel
|t:|1606317871
|player|p1|Burned_2812|102|
|player|p2|pealnatel|1|
|teamsize|p1|6
|teamsize|p2|6
|gametype|singles
|gen|8
|tier|[Gen 8] RU
|rated|Tournament battle
|clearpoke
|poke|p1|Lycanroc-Dusk, F|
|poke|p1|Conkeldurr, M|
|poke|p1|Registeel|
|poke|p1|Slowking, F|
|poke|p1|Zarude|
|poke|p1|Crobat, F|
|poke|p2|Chandelure, M|
|poke|p2|Escavalier, M|
|poke|p2|Umbreon, M|
|poke|p2|Weezing-Galar, M|
|poke|p2|Polteageist|
|poke|p2|Haxorus, F|
|rule|Sleep Clause Mod: Limit one foe put to sleep
|rule|Species Clause: Limit one of each Pokémon
|rule|OHKO Clause: OHKO moves are banned
|rule|Evasion Moves Clause: Evasion moves are banned
|rule|Endless Battle Clause: Forcing endless battles is banned
|rule|HP Percentage Mod: HP is shown in percentages
|rule|Dynamax Clause: You cannot dynamax
|teampreview
|j|*Lady Monita
|j| Lordassasin445
|j| Doctor IR.
|c| Lordassasin445|vai queimado
|c| Lordassasin445|seu puto
|j| Vver1
|j| Heracross2.0
|
|t:|1606317911
|start
|switch|p1a: Registeel|Registeel|100/100
|switch|p2a: Escavalier|Escavalier, M|100/100
|turn|1
|
|t:|1606317918
|move|p1a: Registeel|Stealth Rock|p2a: Escavalier
|-sidestart|p2: pealnatel|move: Stealth Rock
|move|p2a: Escavalier|Knock Off|p1a: Registeel
|-damage|p1a: Registeel|62/100
|-enditem|p1a: Registeel|Leftovers|[from] move: Knock Off|[of] p2a: Escavalier
|
|upkeep
|turn|2
|j| Zpekeno_Ad2
|
|t:|1606317926
|move|p1a: Registeel|Protect|p1a: Registeel
|-singleturn|p1a: Registeel|Protect
|move|p2a: Escavalier|Knock Off|p1a: Registeel
|-activate|p1a: Registeel|move: Protect
|
|upkeep
|turn|3
|
|t:|1606317944
|switch|p1a: Zarude|Zarude|100/100
|switch|p2a: Weezing|Weezing-Galar, M|100/100
|-damage|p2a: Weezing|88/100|[from] Stealth Rock
|
|-heal|p2a: Weezing|94/100|[from] item: Black Sludge
|upkeep
|turn|4
|
|t:|1606317950
|move|p1a: Zarude|Bulk Up|p1a: Zarude
|-boost|p1a: Zarude|atk|1
|-boost|p1a: Zarude|def|1
|move|p2a: Weezing|Defog|p1a: Zarude
|-unboost|p1a: Zarude|evasion|1
|-sideend|p2: pealnatel|Stealth Rock|[from] move: Defog|[of] p2a: Weezing
|
|-heal|p2a: Weezing|99/100|[from] item: Black Sludge
|upkeep
|turn|5
|
|t:|1606317961
|move|p1a: Zarude|Bulk Up|p1a: Zarude
|-boost|p1a: Zarude|atk|1
|-boost|p1a: Zarude|def|1
|move|p2a: Weezing|Will-O-Wisp|p1a: Zarude
|-status|p1a: Zarude|brn
|
|-heal|p2a: Weezing|100/100|[from] item: Black Sludge
|-damage|p1a: Zarude|95/100 brn|[from] brn
|upkeep
|turn|6
|l| Zpekeno_Ad2
|
|t:|1606317967
|move|p1a: Zarude|Jungle Healing|p1a: Zarude
|-heal|p1a: Zarude|100/100 brn
|-curestatus|p1a: Zarude|brn|[msg]
|move|p2a: Weezing|Strange Steam|p1a: Zarude
|-supereffective|p1a: Zarude
|-damage|p1a: Zarude|42/100
|
|upkeep
|turn|7
|
|t:|1606317974
|move|p1a: Zarude|Darkest Lariat|p2a: Weezing
|-resisted|p2a: Weezing
|-damage|p2a: Weezing|71/100
|move|p2a: Weezing|Strange Steam|p1a: Zarude
|-supereffective|p1a: Zarude
|-damage|p1a: Zarude|0 fnt
|faint|p1a: Zarude
|
|-heal|p2a: Weezing|77/100|[from] item: Black Sludge
|upkeep
|j| challenger420
|c|☆pealnatel|Iron Tail
|j| RoFnA
|j| 123ss
|j| RafaBarry
|j| i miss u king
|
|t:|1606317999
|switch|p1a: Lycanroc|Lycanroc-Dusk, F|100/100
|turn|8
|
|t:|1606318002
|move|p1a: Lycanroc|Psychic Fangs|p2a: Weezing
|-supereffective|p2a: Weezing
|-damage|p2a: Weezing|16/100
|-damage|p1a: Lycanroc|91/100|[from] item: Life Orb
|move|p2a: Weezing|Will-O-Wisp|p1a: Lycanroc
|-status|p1a: Lycanroc|brn
|
|-heal|p2a: Weezing|22/100|[from] item: Black Sludge
|-damage|p1a: Lycanroc|84/100 brn|[from] brn
|upkeep
|turn|9
|c| Lordassasin445|weezing galar learn defog
|c| Lordassasin445|lul
|
|t:|1606318013
|switch|p2a: Umbreon|Umbreon, M|100/100
|move|p1a: Lycanroc|Psychic Fangs|p2a: Umbreon
|-immune|p2a: Umbreon
|
|-damage|p1a: Lycanroc|78/100 brn|[from] brn
|upkeep
|turn|10
|
|t:|1606318022
|move|p1a: Lycanroc|Close Combat|p2a: Umbreon
|-supereffective|p2a: Umbreon
|-damage|p2a: Umbreon|50/100
|-unboost|p1a: Lycanroc|def|1
|-unboost|p1a: Lycanroc|spd|1
|-damage|p1a: Lycanroc|68/100 brn|[from] item: Life Orb
|move|p2a: Umbreon|Wish|p2a: Umbreon
|
|-heal|p2a: Umbreon|56/100|[from] item: Leftovers
|-damage|p1a: Lycanroc|62/100 brn|[from] brn
|upkeep
|turn|11
|
|t:|1606318033
|switch|p1a: Conkeldurr|Conkeldurr, M|100/100
|move|p2a: Umbreon|Protect||[still]
|-fail|p2a: Umbreon
|
|-heal|p2a: Umbreon|100/100|[from] move: Wish|[wisher] Umbreon
|-status|p1a: Conkeldurr|brn|[from] item: Flame Orb
|upkeep
|turn|12
|
|t:|1606318040
|switch|p2a: Chandelure|Chandelure, M|100/100
|move|p1a: Conkeldurr|Drain Punch|p2a: Chandelure
|-immune|p2a: Chandelure
|
|-damage|p1a: Conkeldurr|95/100 brn|[from] brn
|upkeep
|turn|13
|
|t:|1606318044
|move|p2a: Chandelure|Fire Blast|p1a: Conkeldurr
|-damage|p1a: Conkeldurr|8/100 brn
|move|p1a: Conkeldurr|Knock Off|p2a: Chandelure
|-supereffective|p2a: Chandelure
|-damage|p2a: Chandelure|0 fnt
|-enditem|p2a: Chandelure|Choice Scarf|[from] move: Knock Off|[of] p1a: Conkeldurr
|faint|p2a: Chandelure
|
|-damage|p1a: Conkeldurr|2/100 brn|[from] brn
|upkeep
|j| Yuppy2A
|
|t:|1606318054
|switch|p2a: Haxorus|Haxorus, F|100/100
|-ability|p2a: Haxorus|Mold Breaker
|turn|14
|
|t:|1606318058
|move|p1a: Conkeldurr|Mach Punch|p2a: Haxorus
|-damage|p2a: Haxorus|56/100
|move|p2a: Haxorus|Scale Shot|p1a: Conkeldurr
|-damage|p1a: Conkeldurr|0 fnt
|-hitcount|p1a: Conkeldurr|1
|-unboost|p2a: Haxorus|def|1
|-boost|p2a: Haxorus|spe|1
|faint|p1a: Conkeldurr
|
|-heal|p2a: Haxorus|62/100|[from] item: Leftovers
|upkeep
|
|t:|1606318063
|switch|p1a: Lycanroc|Lycanroc-Dusk, F|62/100 brn
|turn|15
|
|t:|1606318071
|move|p1a: Lycanroc|Accelerock|p2a: Haxorus
|-damage|p2a: Haxorus|33/100
|-damage|p1a: Lycanroc|52/100 brn|[from] item: Life Orb
|move|p2a: Haxorus|Earthquake|p1a: Lycanroc
|-supereffective|p1a: Lycanroc
|-damage|p1a: Lycanroc|0 fnt
|faint|p1a: Lycanroc
|
|-heal|p2a: Haxorus|39/100|[from] item: Leftovers
|upkeep
|
|t:|1606318083
|switch|p1a: Crobat|Crobat, F|100/100
|turn|16
|
|t:|1606318089
|move|p2a: Haxorus|Scale Shot|p1a: Crobat
|-damage|p1a: Crobat|82/100
|-damage|p1a: Crobat|64/100
|-damage|p1a: Crobat|47/100
|-hitcount|p1a: Crobat|3
|-unboost|p2a: Haxorus|def|1
|-boost|p2a: Haxorus|spe|1
|move|p1a: Crobat|Brave Bird|p2a: Haxorus
|-damage|p2a: Haxorus|0 fnt
|-damage|p1a: Crobat|36/100|[from] Recoil
|faint|p2a: Haxorus
|
|upkeep
|l| challenger420
|
|t:|1606318112
|switch|p2a: Polteageist|Polteageist|100/100
|turn|17
|
|t:|1606318121
|move|p1a: Crobat|Brave Bird|p2a: Polteageist
|-damage|p2a: Polteageist|7/100
|-ability|p2a: Polteageist|Weak Armor|boost
|-unboost|p2a: Polteageist|def|1
|-boost|p2a: Polteageist|spe|2
|-damage|p1a: Crobat|11/100|[from] Recoil
|move|p2a: Polteageist|Shell Smash|p2a: Polteageist
|-unboost|p2a: Polteageist|def|1
|-unboost|p2a: Polteageist|spd|1
|-boost|p2a: Polteageist|atk|2
|-boost|p2a: Polteageist|spa|2
|-boost|p2a: Polteageist|spe|2
|
|upkeep
|turn|18
|l| 123ss
|
|t:|1606318139
|move|p2a: Polteageist|Shadow Ball|p1a: Crobat
|-damage|p1a: Crobat|0 fnt
|faint|p1a: Crobat
|
|upkeep
|
|t:|1606318141
|switch|p1a: Registeel|Registeel|62/100
|turn|19
|j| Breachingtrout
|l| RoFnA
|
|t:|1606318150
|move|p2a: Polteageist|Shadow Ball|p1a: Registeel
|-damage|p1a: Registeel|16/100
|move|p1a: Registeel|Heavy Slam|p2a: Polteageist
|-damage|p2a: Polteageist|0 fnt
|faint|p2a: Polteageist
|
|upkeep
|c| Lordassasin445|wow
|c| Vver1|this is gonna be close
|
|t:|1606318193
|switch|p2a: Escavalier|Escavalier, M|100/100
|turn|20
|c| Lordassasin445|registeel is so tank
|c| Lordassasin445|wow
|
|t:|1606318203
|move|p1a: Registeel|Protect|p1a: Registeel
|-singleturn|p1a: Registeel|Protect
|move|p2a: Escavalier|Knock Off|p1a: Registeel
|-activate|p1a: Registeel|move: Protect
|
|upkeep
|turn|21
|
|t:|1606318220
|switch|p1a: Slowking|Slowking, F|100/100
|move|p2a: Escavalier|Knock Off|p1a: Slowking
|-supereffective|p1a: Slowking
|-damage|p1a: Slowking|0 fnt
|-enditem|p1a: Slowking|Heavy-Duty Boots|[from] move: Knock Off|[of] p2a: Escavalier
|faint|p1a: Slowking
|
|upkeep
|c|☆Burned_2812|gg
|l| Breachingtrout
|
|t:|1606318225
|switch|p1a: Registeel|Registeel|16/100
|turn|22
|
|t:|1606318229
|move|p1a: Registeel|Heavy Slam|p2a: Escavalier
|-resisted|p2a: Escavalier
|-damage|p2a: Escavalier|84/100
|move|p2a: Escavalier|Knock Off|p1a: Registeel
|-damage|p1a: Registeel|0 fnt
|faint|p1a: Registeel
|
|win|pealnatel
