|j|☆ash lovers
|j|☆Cyan Rain
|player|p1|ash lovers|winona|1454
|player|p2|Cyan Rain|282|1415
|teamsize|p1|6
|teamsize|p2|6
|gametype|singles
|gen|8
|tier|[Gen 8] RU
|rated|
|clearpoke
|poke|p1|Ludicolo, F|
|poke|p1|Runerigus, F|
|poke|p1|Qwilfish, F|
|poke|p1|Silvally-*|
|poke|p1|Barraskewda, F|
|poke|p1|Xatu, M|
|poke|p2|Centiskorch, M|
|poke|p2|Virizion|
|poke|p2|Mudsdale, M|
|poke|p2|Aromatisse, M|
|poke|p2|Indeedee, M|
|poke|p2|Salazzle, F|
|rule|Sleep Clause Mod: Limit one foe put to sleep
|rule|Species Clause: Limit one of each Pokémon
|rule|OHKO Clause: OHKO moves are banned
|rule|Evasion Moves Clause: Evasion moves are banned
|rule|Endless Battle Clause: Forcing endless battles is banned
|rule|HP Percentage Mod: HP is shown in percentages
|rule|Dynamax Clause: You cannot dynamax
|teampreview
|
|start
|switch|p1a: Runerigus|Runerigus, F|100/100
|switch|p2a: Indeedee|Indeedee, M|100/100
|-fieldstart|move: Psychic Terrain|[from] ability: Psychic Surge|[of] p2a: Indeedee
|turn|1
|
|move|p2a: Indeedee|Psychic|p1a: Runerigus
|-damage|p1a: Runerigus|55/100
|-unboost|p1a: Runerigus|spd|1
|move|p1a: Runerigus|Stealth Rock|p2a: Indeedee
|-sidestart|p2: Cyan Rain|move: Stealth Rock
|
|upkeep
|turn|2
|
|switch|p1a: Silvally|Silvally-Steel|100/100
|move|p2a: Indeedee|Psychic|p1a: Silvally
|-resisted|p1a: Silvally
|-damage|p1a: Silvally|81/100
|
|upkeep
|turn|3
|
|switch|p2a: Mudsdale|Mudsdale, M|100/100
|-damage|p2a: Mudsdale|94/100|[from] Stealth Rock
|move|p1a: Silvally|Rain Dance|p1a: Silvally
|-weather|RainDance
|
|-weather|RainDance|[upkeep]
|-heal|p2a: Mudsdale|100/100|[from] item: Leftovers
|upkeep
|turn|4
|
|move|p1a: Silvally|Parting Shot|p2a: Mudsdale
|-unboost|p2a: Mudsdale|atk|1
|-unboost|p2a: Mudsdale|spa|1
|
|switch|p1a: Ludicolo|Ludicolo, F|100/100|[from]move: Parting Shot
|move|p2a: Mudsdale|Stealth Rock|p1a: Ludicolo
|-sidestart|p1: ash lovers|move: Stealth Rock
|
|-weather|RainDance|[upkeep]
|upkeep
|turn|5
|
|move|p2a: Mudsdale|Protect|p2a: Mudsdale
|-singleturn|p2a: Mudsdale|Protect
|move|p1a: Ludicolo|Surf|p2a: Mudsdale
|-activate|p2a: Mudsdale|move: Protect
|
|-weather|RainDance|[upkeep]
|-fieldend|move: Psychic Terrain
|upkeep
|turn|6
|
|switch|p2a: Aromatisse|Aromatisse, M|100/100
|-damage|p2a: Aromatisse|88/100|[from] Stealth Rock
|move|p1a: Ludicolo|Surf|p2a: Aromatisse
|-damage|p2a: Aromatisse|36/100
|-damage|p1a: Ludicolo|91/100|[from] item: Life Orb
|
|-weather|RainDance|[upkeep]
|-heal|p2a: Aromatisse|42/100|[from] item: Leftovers
|upkeep
|turn|7
|
|move|p2a: Aromatisse|Protect|p2a: Aromatisse
|-singleturn|p2a: Aromatisse|Protect
|move|p1a: Ludicolo|Surf|p2a: Aromatisse
|-activate|p2a: Aromatisse|move: Protect
|
|-weather|none
|-heal|p2a: Aromatisse|48/100|[from] item: Leftovers
|upkeep
|turn|8
|
|move|p1a: Ludicolo|Rain Dance|p1a: Ludicolo
|-weather|RainDance
|move|p2a: Aromatisse|Wish|p2a: Aromatisse
|
|-weather|RainDance|[upkeep]
|-heal|p2a: Aromatisse|54/100|[from] item: Leftovers
|upkeep
|turn|9
|
|move|p2a: Aromatisse|Protect|p2a: Aromatisse
|-singleturn|p2a: Aromatisse|Protect
|move|p1a: Ludicolo|Surf|p2a: Aromatisse
|-activate|p2a: Aromatisse|move: Protect
|
|-weather|RainDance|[upkeep]
|-heal|p2a: Aromatisse|100/100|[from] move: Wish|[wisher] Aromatisse
|upkeep
|turn|10
|
|move|p1a: Ludicolo|Surf|p2a: Aromatisse
|-damage|p2a: Aromatisse|46/100
|-damage|p1a: Ludicolo|81/100|[from] item: Life Orb
|move|p2a: Aromatisse|Wish|p2a: Aromatisse
|
|-weather|RainDance|[upkeep]
|-heal|p2a: Aromatisse|52/100|[from] item: Leftovers
|upkeep
|turn|11
|
|move|p2a: Aromatisse|Protect|p2a: Aromatisse
|-singleturn|p2a: Aromatisse|Protect
|move|p1a: Ludicolo|Surf|p2a: Aromatisse
|-activate|p2a: Aromatisse|move: Protect
|
|-weather|RainDance|[upkeep]
|-heal|p2a: Aromatisse|100/100|[from] move: Wish|[wisher] Aromatisse
|upkeep
|turn|12
|
|move|p1a: Ludicolo|Giga Drain|p2a: Aromatisse
|-damage|p2a: Aromatisse|74/100
|-heal|p1a: Ludicolo|99/100|[from] drain|[of] p2a: Aromatisse
|-damage|p1a: Ludicolo|89/100|[from] item: Life Orb
|move|p2a: Aromatisse|Wish|p2a: Aromatisse
|
|-weather|none
|-heal|p2a: Aromatisse|80/100|[from] item: Leftovers
|upkeep
|turn|13
|
|switch|p1a: Runerigus|Runerigus, F|55/100
|-damage|p1a: Runerigus|48/100|[from] Stealth Rock
|move|p2a: Aromatisse|Moonblast|p1a: Runerigus
|-damage|p1a: Runerigus|25/100
|
|-heal|p2a: Aromatisse|100/100|[from] move: Wish|[wisher] Aromatisse
|upkeep
|turn|14
|
|switch|p2a: Mudsdale|Mudsdale, M|100/100
|-damage|p2a: Mudsdale|94/100|[from] Stealth Rock
|move|p1a: Runerigus|Rain Dance|p1a: Runerigus
|-weather|RainDance
|
|-weather|RainDance|[upkeep]
|-heal|p2a: Mudsdale|100/100|[from] item: Leftovers
|upkeep
|turn|15
|
|move|p2a: Mudsdale|Earthquake|p1a: Runerigus
|-damage|p1a: Runerigus|0 fnt
|faint|p1a: Runerigus
|
|-weather|RainDance|[upkeep]
|upkeep
|
|switch|p1a: Ludicolo|Ludicolo, F|89/100
|-damage|p1a: Ludicolo|77/100|[from] Stealth Rock
|turn|16
|
|move|p2a: Mudsdale|Protect|p2a: Mudsdale
|-singleturn|p2a: Mudsdale|Protect
|move|p1a: Ludicolo|Surf|p2a: Mudsdale
|-activate|p2a: Mudsdale|move: Protect
|
|-weather|RainDance|[upkeep]
|upkeep
|turn|17
|inactive|Battle timer is ON: inactive players will automatically lose when time's up. (requested by ash lovers)
|
|switch|p2a: Salazzle|Salazzle, F|100/100
|move|p1a: Ludicolo|Surf|p2a: Salazzle
|-supereffective|p2a: Salazzle
|-damage|p2a: Salazzle|0 fnt
|-damage|p1a: Ludicolo|67/100|[from] item: Life Orb
|faint|p2a: Salazzle
|
|-weather|RainDance|[upkeep]
|upkeep
|
|switch|p2a: Virizion|Virizion|100/100
|-damage|p2a: Virizion|94/100|[from] Stealth Rock
|turn|18
|
|move|p1a: Ludicolo|Ice Beam|p2a: Virizion
|-supereffective|p2a: Virizion
|-damage|p2a: Virizion|33/100
|-damage|p1a: Ludicolo|57/100|[from] item: Life Orb
|move|p2a: Virizion|Close Combat|p1a: Ludicolo
|-damage|p1a: Ludicolo|0 fnt
|-unboost|p2a: Virizion|def|1
|-unboost|p2a: Virizion|spd|1
|-damage|p2a: Virizion|23/100|[from] item: Life Orb
|faint|p1a: Ludicolo
|
|-weather|RainDance|[upkeep]
|upkeep
|
|switch|p1a: Barraskewda|Barraskewda, F|100/100
|-damage|p1a: Barraskewda|88/100|[from] Stealth Rock
|turn|19
|
|move|p1a: Barraskewda|Liquidation|p2a: Virizion
|-resisted|p2a: Virizion
|-damage|p2a: Virizion|0 fnt
|-damage|p1a: Barraskewda|78/100|[from] item: Life Orb
|faint|p2a: Virizion
|
|-weather|RainDance|[upkeep]
|upkeep
|j| Darkomar
|
|switch|p2a: Aromatisse|Aromatisse, M|100/100
|-damage|p2a: Aromatisse|88/100|[from] Stealth Rock
|turn|20
|
|move|p2a: Aromatisse|Protect|p2a: Aromatisse
|-singleturn|p2a: Aromatisse|Protect
|move|p1a: Barraskewda|Liquidation|p2a: Aromatisse
|-activate|p2a: Aromatisse|move: Protect
|
|-weather|RainDance|[upkeep]
|-heal|p2a: Aromatisse|94/100|[from] item: Leftovers
|upkeep
|turn|21
|
|switch|p2a: Centiskorch|Centiskorch, M|100/100
|move|p1a: Barraskewda|Liquidation|p2a: Centiskorch
|-supereffective|p2a: Centiskorch
|-damage|p2a: Centiskorch|0 fnt
|-damage|p1a: Barraskewda|69/100|[from] item: Life Orb
|faint|p2a: Centiskorch
|
|-weather|none
|upkeep
|
|switch|p2a: Indeedee|Indeedee, M|100/100
|-damage|p2a: Indeedee|88/100|[from] Stealth Rock
|-fieldstart|move: Psychic Terrain|[from] ability: Psychic Surge|[of] p2a: Indeedee
|turn|22
|
|switch|p1a: Silvally|Silvally-Steel|81/100
|-damage|p1a: Silvally|75/100|[from] Stealth Rock
|move|p2a: Indeedee|Mystical Fire|p1a: Silvally
|-supereffective|p1a: Silvally
|-damage|p1a: Silvally|44/100
|-unboost|p1a: Silvally|spa|1
|
|upkeep
|turn|23
|
|move|p2a: Indeedee|Mystical Fire|p1a: Silvally
|-supereffective|p1a: Silvally
|-damage|p1a: Silvally|13/100
|-unboost|p1a: Silvally|spa|1
|move|p1a: Silvally|Defog|p2a: Indeedee
|-unboost|p2a: Indeedee|evasion|1
|-sideend|p2: Cyan Rain|Stealth Rock|[from] move: Defog|[of] p1a: Silvally
|-sideend|p1: ash lovers|Stealth Rock|[from] move: Defog|[of] p1a: Silvally
|-fieldend|move: Psychic Terrain
|
|upkeep
|turn|24
|
|move|p2a: Indeedee|Mystical Fire|p1a: Silvally
|-supereffective|p1a: Silvally
|-damage|p1a: Silvally|0 fnt
|faint|p1a: Silvally
|
|upkeep
|
|switch|p1a: Xatu|Xatu, M|100/100
|turn|25
|
|move|p2a: Indeedee|Mystical Fire|p1a: Xatu
|-damage|p1a: Xatu|65/100
|-unboost|p1a: Xatu|spa|1
|move|p1a: Xatu|Rain Dance|p1a: Xatu
|-weather|RainDance
|
|-weather|RainDance|[upkeep]
|upkeep
|turn|26
|l| Darkomar
|
|switch|p2a: Mudsdale|Mudsdale, M|100/100
|move|p1a: Xatu|Teleport|p1a: Xatu
|
|switch|p1a: Barraskewda|Barraskewda, F|69/100|[from]move: Teleport
|
|-weather|RainDance|[upkeep]
|upkeep
|turn|27
|
|move|p2a: Mudsdale|Protect|p2a: Mudsdale
|-singleturn|p2a: Mudsdale|Protect
|move|p1a: Barraskewda|Liquidation|p2a: Mudsdale
|-activate|p2a: Mudsdale|move: Protect
|
|-weather|RainDance|[upkeep]
|upkeep
|turn|28
|
|move|p1a: Barraskewda|Liquidation|p2a: Mudsdale
|-supereffective|p2a: Mudsdale
|-damage|p2a: Mudsdale|0 fnt
|-damage|p1a: Barraskewda|59/100|[from] item: Life Orb
|faint|p2a: Mudsdale
|
|-weather|RainDance|[upkeep]
|upkeep
|
|switch|p2a: Aromatisse|Aromatisse, M|94/100
|turn|29
|
|move|p2a: Aromatisse|Protect|p2a: Aromatisse
|-singleturn|p2a: Aromatisse|Protect
|move|p1a: Barraskewda|Liquidation|p2a: Aromatisse
|-activate|p2a: Aromatisse|move: Protect
|
|-weather|RainDance|[upkeep]
|-heal|p2a: Aromatisse|100/100|[from] item: Leftovers
|upkeep
|turn|30
|
|move|p1a: Barraskewda|Liquidation|p2a: Aromatisse
|-damage|p2a: Aromatisse|0 fnt
|-damage|p1a: Barraskewda|49/100|[from] item: Life Orb
|faint|p2a: Aromatisse
|
|-weather|RainDance|[upkeep]
|upkeep
|
|switch|p2a: Indeedee|Indeedee, M|88/100
|-fieldstart|move: Psychic Terrain|[from] ability: Psychic Surge|[of] p2a: Indeedee
|turn|31
|
|move|p1a: Barraskewda|Liquidation|p2a: Indeedee
|-damage|p2a: Indeedee|0 fnt
|-damage|p1a: Barraskewda|39/100|[from] item: Life Orb
|faint|p2a: Indeedee
|
|win|ash lovers
|l|☆Cyan Rain
|raw|ash lovers's rating: 1455 &rarr; <strong>1473</strong><br />(+18 for winning)
|raw|Cyan Rain's rating: 1415 &rarr; <strong>1398</strong><br />(-17 for losing)
