|j|☆RULT2at shiori
|j|☆Aquarius Ghost
|inactive|Battle timer is ON: inactive players will automatically lose when time's up.
|t:|1597336524
|player|p1|RULT2at shiori|shauntal|
|player|p2|Aquarius Ghost|101|
|teamsize|p1|6
|teamsize|p2|6
|gametype|singles
|gen|8
|tier|[Gen 8] RU
|rated|Tournament battle
|clearpoke
|poke|p1|Arctovish|
|poke|p1|Xatu, M|
|poke|p1|Steelix, F|
|poke|p1|Silvally-*|
|poke|p1|Umbreon, F|
|poke|p1|Goodra, F|
|poke|p2|Dragalge, F|
|poke|p2|Mantine, M|
|poke|p2|Vileplume, M|
|poke|p2|Umbreon, F|
|poke|p2|Bronzong|
|poke|p2|Quagsire, M|
|rule|Sleep Clause Mod: Limit one foe put to sleep
|rule|Species Clause: Limit one of each Pokémon
|rule|OHKO Clause: OHKO moves are banned
|rule|Evasion Moves Clause: Evasion moves are banned
|rule|Endless Battle Clause: Forcing endless battles is banned
|rule|HP Percentage Mod: HP is shown in percentages
|rule|Dynamax Clause: You cannot dynamax
|teampreview
|j| Finnick 0dair
|j| rult2at tacoman
|c|☆Aquarius Ghost|,
|c|☆Aquarius Ghost|Mk
|c| Finnick 0dair|yo
|
|t:|1597336540
|start
|switch|p1a: Xatu|Xatu, M|100/100
|switch|p2a: Bronzong|Bronzong|100/100
|turn|1
|c| Finnick 0dair|arctovish 6-0s
|
|t:|1597336545
|move|p2a: Bronzong|Protect|p2a: Bronzong
|-singleturn|p2a: Bronzong|Protect
|move|p1a: Xatu|Air Slash|p2a: Bronzong
|-activate|p2a: Bronzong|move: Protect
|
|upkeep
|turn|2
|j| skierdude101
|
|t:|1597336552
|switch|p2a: Umbreon|Umbreon, F|100/100
|move|p1a: Xatu|Air Slash|p2a: Umbreon
|-damage|p2a: Umbreon|88/100
|
|-heal|p2a: Umbreon|94/100|[from] item: Leftovers
|upkeep
|turn|3
|
|t:|1597336555
|switch|p2a: Bronzong|Bronzong|100/100
|move|p1a: Xatu|U-turn|p2a: Bronzong
|-damage|p2a: Bronzong|90/100
|
|t:|1597336563
|switch|p1a: Umbreon|Umbreon, F|100/100|[from]move: U-turn
|
|-heal|p2a: Bronzong|96/100|[from] item: Leftovers
|upkeep
|turn|4
|
|t:|1597336567
|move|p1a: Umbreon|Foul Play|p2a: Bronzong
|-supereffective|p2a: Bronzong
|-damage|p2a: Bronzong|52/100
|move|p2a: Bronzong|Stealth Rock|p1a: Umbreon
|-sidestart|p1: RULT2at shiori|move: Stealth Rock
|
|-heal|p2a: Bronzong|58/100|[from] item: Leftovers
|upkeep
|turn|5
|
|t:|1597336575
|switch|p2a: Dragalge|Dragalge, F|100/100
|move|p1a: Umbreon|Wish|p1a: Umbreon
|
|upkeep
|turn|6
|
|t:|1597336579
|move|p2a: Dragalge|Flip Turn|p1a: Umbreon
|-damage|p1a: Umbreon|92/100
|
|t:|1597336589
|switch|p2a: Umbreon|Umbreon, F|94/100|[from]move: Flip Turn
|move|p1a: Umbreon|Foul Play|p2a: Umbreon
|-resisted|p2a: Umbreon
|-damage|p2a: Umbreon|88/100
|
|-heal|p1a: Umbreon|100/100|[from] move: Wish|[wisher] Umbreon
|-heal|p2a: Umbreon|94/100|[from] item: Leftovers
|upkeep
|turn|7
|
|t:|1597336594
|switch|p2a: Dragalge|Dragalge, F|100/100
|switch|p1a: Silvally|Silvally-Fairy|100/100
|-damage|p1a: Silvally|88/100|[from] Stealth Rock
|
|upkeep
|turn|8
|
|t:|1597336602
|move|p1a: Silvally|Multi-Attack|p2a: Dragalge
|-damage|p2a: Dragalge|39/100
|move|p2a: Dragalge|Sludge Wave|p1a: Silvally
|-supereffective|p1a: Silvally
|-damage|p1a: Silvally|0 fnt
|faint|p1a: Silvally
|
|-heal|p2a: Dragalge|46/100|[from] item: Black Sludge
|upkeep
|
|t:|1597336608
|switch|p1a: Goodra|Goodra, F|100/100
|-damage|p1a: Goodra|88/100|[from] Stealth Rock
|turn|9
|c|☆Aquarius Ghost|R u max speed?
|c|☆Aquarius Ghost|I feel like u are
|
|t:|1597336632
|switch|p2a: Umbreon|Umbreon, F|94/100
|move|p1a: Goodra|Draco Meteor|p2a: Umbreon
|-damage|p2a: Umbreon|61/100
|-unboost|p1a: Goodra|spa|2
|
|-heal|p2a: Umbreon|67/100|[from] item: Leftovers
|upkeep
|turn|10
|
|t:|1597336637
|switch|p1a: Steelix|Steelix, F|100/100
|-damage|p1a: Steelix|97/100|[from] Stealth Rock
|move|p2a: Umbreon|Wish|p2a: Umbreon
|
|-heal|p2a: Umbreon|73/100|[from] item: Leftovers
|-heal|p1a: Steelix|100/100|[from] item: Leftovers
|upkeep
|turn|11
|c|☆Aquarius Ghost|K ur scarf
|
|t:|1597336645
|switch|p2a: Bronzong|Bronzong|58/100
|move|p1a: Steelix|Stealth Rock|p2a: Bronzong
|-sidestart|p2: Aquarius Ghost|move: Stealth Rock
|
|-heal|p2a: Bronzong|100/100|[from] move: Wish|[wisher] Umbreon
|upkeep
|turn|12
|j| Heracross2.0
|
|t:|1597336651
|switch|p2a: Mantine|Mantine, M|100/100
|move|p1a: Steelix|Earthquake|p2a: Mantine
|-immune|p2a: Mantine
|
|upkeep
|turn|13
|
|t:|1597336657
|switch|p2a: Bronzong|Bronzong|100/100
|-damage|p2a: Bronzong|94/100|[from] Stealth Rock
|move|p1a: Steelix|Toxic|p2a: Bronzong
|-immune|p2a: Bronzong
|
|-heal|p2a: Bronzong|100/100|[from] item: Leftovers
|upkeep
|turn|14
|l| Heracross2.0
|
|t:|1597336660
|move|p2a: Bronzong|Protect|p2a: Bronzong
|-singleturn|p2a: Bronzong|Protect
|move|p1a: Steelix|Earthquake|p2a: Bronzong
|-activate|p2a: Bronzong|move: Protect
|
|upkeep
|turn|15
|
|t:|1597336666
|move|p2a: Bronzong|Stealth Rock||[still]
|-fail|p2a: Bronzong
|move|p1a: Steelix|Earthquake|p2a: Bronzong
|-immune|p2a: Bronzong|[from] ability: Levitate
|
|upkeep
|turn|16
|
|t:|1597336672
|switch|p1a: Umbreon|Umbreon, F|100/100
|-damage|p1a: Umbreon|88/100|[from] Stealth Rock
|move|p2a: Bronzong|Toxic|p1a: Umbreon
|-status|p1a: Umbreon|tox
|-activate|p1a: Umbreon|ability: Synchronize
|-immune|p2a: Bronzong
|
|-heal|p1a: Umbreon|94/100 tox|[from] item: Leftovers
|-damage|p1a: Umbreon|88/100 tox|[from] psn
|upkeep
|turn|17
|
|t:|1597336675
|switch|p2a: Umbreon|Umbreon, F|73/100
|-damage|p2a: Umbreon|60/100|[from] Stealth Rock
|move|p1a: Umbreon|Wish|p1a: Umbreon
|
|-heal|p1a: Umbreon|94/100 tox|[from] item: Leftovers
|-heal|p2a: Umbreon|66/100|[from] item: Leftovers
|-damage|p1a: Umbreon|82/100 tox|[from] psn
|upkeep
|turn|18
|
|t:|1597336678
|switch|p1a: Arctovish|Arctovish|100/100
|move|p2a: Umbreon|Wish|p2a: Umbreon
|
|-heal|p2a: Umbreon|73/100|[from] item: Leftovers
|upkeep
|turn|19
|
|t:|1597336685
|move|p1a: Arctovish|Substitute|p1a: Arctovish
|-start|p1a: Arctovish|Substitute
|-damage|p1a: Arctovish|76/100
|move|p2a: Umbreon|Foul Play|p1a: Arctovish
|-end|p1a: Arctovish|Substitute
|
|-heal|p2a: Umbreon|100/100|[from] move: Wish|[wisher] Umbreon
|upkeep
|turn|20
|
|t:|1597336691
|move|p1a: Arctovish|Fishious Rend|p2a: Umbreon
|-damage|p2a: Umbreon|45/100
|move|p2a: Umbreon|Foul Play|p1a: Arctovish
|-damage|p1a: Arctovish|27/100
|
|-heal|p2a: Umbreon|51/100|[from] item: Leftovers
|upkeep
|turn|21
|
|t:|1597336709
|move|p1a: Arctovish|Fishious Rend|p2a: Umbreon
|-damage|p2a: Umbreon|0 fnt
|faint|p2a: Umbreon
|
|upkeep
|j| TripleCx3
|c|☆Aquarius Ghost|I fkin meant to protect
|c|☆Aquarius Ghost|Then wish
|inactive|Aquarius Ghost has 120 seconds left.
|
|t:|1597336736
|switch|p2a: Bronzong|Bronzong|100/100
|-damage|p2a: Bronzong|94/100|[from] Stealth Rock
|turn|22
|
|t:|1597336745
|switch|p1a: Umbreon|Umbreon, F|82/100 tox
|-damage|p1a: Umbreon|70/100 tox|[from] Stealth Rock
|move|p2a: Bronzong|Psychic|p1a: Umbreon
|-immune|p1a: Umbreon
|
|-heal|p1a: Umbreon|76/100 tox|[from] item: Leftovers
|-heal|p2a: Bronzong|100/100|[from] item: Leftovers
|-damage|p1a: Umbreon|70/100 tox|[from] psn
|upkeep
|turn|23
|
|t:|1597336753
|switch|p2a: Vileplume|Vileplume, M|100/100
|-damage|p2a: Vileplume|88/100|[from] Stealth Rock
|move|p1a: Umbreon|Heal Bell|p1a: Umbreon
|-activate|p1a: Umbreon|move: Heal Bell
|-curestatus|p1a: Umbreon|tox|[msg]
|
|-heal|p1a: Umbreon|76/100|[from] item: Leftovers
|-heal|p2a: Vileplume|94/100|[from] item: Black Sludge
|upkeep
|turn|24
|
|t:|1597336758
|move|p1a: Umbreon|Foul Play|p2a: Vileplume
|-damage|p2a: Vileplume|77/100
|move|p2a: Vileplume|Sludge Bomb|p1a: Umbreon
|-damage|p1a: Umbreon|59/100
|
|-heal|p1a: Umbreon|65/100|[from] item: Leftovers
|-heal|p2a: Vileplume|83/100|[from] item: Black Sludge
|upkeep
|turn|25
|
|t:|1597336761
|move|p1a: Umbreon|Wish|p1a: Umbreon
|move|p2a: Vileplume|Sludge Bomb|p1a: Umbreon
|-damage|p1a: Umbreon|48/100
|-status|p1a: Umbreon|psn
|-activate|p1a: Umbreon|ability: Synchronize
|-immune|p2a: Vileplume
|
|-heal|p1a: Umbreon|54/100 psn|[from] item: Leftovers
|-heal|p2a: Vileplume|89/100|[from] item: Black Sludge
|-damage|p1a: Umbreon|42/100 psn|[from] psn
|upkeep
|turn|26
|
|t:|1597336765
|move|p1a: Umbreon|Heal Bell|p1a: Umbreon
|-activate|p1a: Umbreon|move: Heal Bell
|-curestatus|p1a: Umbreon|psn|[msg]
|move|p2a: Vileplume|Sludge Bomb|p1a: Umbreon
|-damage|p1a: Umbreon|25/100
|
|-heal|p1a: Umbreon|75/100|[from] move: Wish|[wisher] Umbreon
|-heal|p1a: Umbreon|81/100|[from] item: Leftovers
|-heal|p2a: Vileplume|96/100|[from] item: Black Sludge
|upkeep
|turn|27
|
|t:|1597336768
|move|p1a: Umbreon|Wish|p1a: Umbreon
|move|p2a: Vileplume|Sludge Bomb|p1a: Umbreon
|-damage|p1a: Umbreon|64/100
|
|-heal|p1a: Umbreon|70/100|[from] item: Leftovers
|-heal|p2a: Vileplume|100/100|[from] item: Black Sludge
|upkeep
|turn|28
|
|t:|1597336773
|switch|p1a: Xatu|Xatu, M|100/100
|-damage|p1a: Xatu|76/100|[from] Stealth Rock
|move|p2a: Vileplume|Sludge Bomb|p1a: Xatu
|-damage|p1a: Xatu|29/100
|-status|p1a: Xatu|psn
|
|-heal|p1a: Xatu|88/100 psn|[from] move: Wish|[wisher] Umbreon
|-damage|p1a: Xatu|76/100 psn|[from] psn
|upkeep
|turn|29
|
|t:|1597336780
|switch|p2a: Bronzong|Bronzong|100/100
|-damage|p2a: Bronzong|94/100|[from] Stealth Rock
|move|p1a: Xatu|Air Slash|p2a: Bronzong
|-resisted|p2a: Bronzong
|-damage|p2a: Bronzong|86/100
|
|-heal|p2a: Bronzong|93/100|[from] item: Leftovers
|-damage|p1a: Xatu|64/100 psn|[from] psn
|upkeep
|turn|30
|
|t:|1597336786
|switch|p1a: Umbreon|Umbreon, F|70/100
|-damage|p1a: Umbreon|57/100|[from] Stealth Rock
|move|p2a: Bronzong|Protect||[still]
|-fail|p2a: Bronzong
|
|-heal|p1a: Umbreon|63/100|[from] item: Leftovers
|-heal|p2a: Bronzong|99/100|[from] item: Leftovers
|upkeep
|turn|31
|
|t:|1597336792
|switch|p2a: Mantine|Mantine, M|100/100
|move|p1a: Umbreon|Wish|p1a: Umbreon
|
|-heal|p1a: Umbreon|70/100|[from] item: Leftovers
|upkeep
|turn|32
|
|t:|1597336806
|switch|p1a: Arctovish|Arctovish|27/100
|move|p2a: Mantine|Defog|p1a: Arctovish
|-unboost|p1a: Arctovish|evasion|1
|-sideend|p1: RULT2at shiori|Stealth Rock|[from] move: Defog|[of] p2a: Mantine
|-sideend|p2: Aquarius Ghost|Stealth Rock|[from] move: Defog|[of] p2a: Mantine
|
|-heal|p1a: Arctovish|88/100|[from] move: Wish|[wisher] Umbreon
|upkeep
|turn|33
|c|☆Aquarius Ghost|I literally
|c|☆Aquarius Ghost|Could have toxiced
|
|t:|1597336821
|switch|p2a: Bronzong|Bronzong|99/100
|move|p1a: Arctovish|Substitute|p1a: Arctovish
|-start|p1a: Arctovish|Substitute
|-damage|p1a: Arctovish|63/100
|
|-heal|p2a: Bronzong|100/100|[from] item: Leftovers
|upkeep
|turn|34
|
|t:|1597336825
|move|p1a: Arctovish|Fishious Rend|p2a: Bronzong
|-damage|p2a: Bronzong|28/100
|move|p2a: Bronzong|Psychic|p1a: Arctovish
|-end|p1a: Arctovish|Substitute
|
|-heal|p2a: Bronzong|35/100|[from] item: Leftovers
|upkeep
|turn|35
|
|t:|1597336830
|move|p1a: Arctovish|Fishious Rend|p2a: Bronzong
|-damage|p2a: Bronzong|0 fnt
|faint|p2a: Bronzong
|
|upkeep
|
|t:|1597336832
|switch|p2a: Vileplume|Vileplume, M|100/100
|turn|36
|
|t:|1597336836
|switch|p1a: Goodra|Goodra, F|88/100
|move|p2a: Vileplume|Giga Drain|p1a: Goodra
|-ability|p1a: Goodra|Sap Sipper|boost
|-boost|p1a: Goodra|atk|1
|
|upkeep
|turn|37
|
|t:|1597336840
|switch|p2a: Mantine|Mantine, M|100/100
|move|p1a: Goodra|Fire Blast|p2a: Mantine
|-resisted|p2a: Mantine
|-damage|p2a: Mantine|92/100
|
|upkeep
|turn|38
|
|t:|1597336845
|switch|p2a: Dragalge|Dragalge, F|46/100
|move|p1a: Goodra|Fire Blast|p2a: Dragalge
|-resisted|p2a: Dragalge
|-damage|p2a: Dragalge|28/100
|
|-heal|p2a: Dragalge|35/100|[from] item: Black Sludge
|upkeep
|turn|39
|
|t:|1597336853
|switch|p1a: Steelix|Steelix, F|100/100
|move|p2a: Dragalge|Draco Meteor|p1a: Steelix
|-resisted|p1a: Steelix
|-damage|p1a: Steelix|70/100
|-unboost|p2a: Dragalge|spa|2
|
|-heal|p2a: Dragalge|41/100|[from] item: Black Sludge
|-heal|p1a: Steelix|76/100|[from] item: Leftovers
|upkeep
|turn|40
|
|t:|1597336863
|move|p2a: Dragalge|Toxic Spikes|p1a: Steelix
|-sidestart|p1: RULT2at shiori|move: Toxic Spikes
|move|p1a: Steelix|Stealth Rock|p2a: Dragalge
|-sidestart|p2: Aquarius Ghost|move: Stealth Rock
|
|-heal|p2a: Dragalge|47/100|[from] item: Black Sludge
|-heal|p1a: Steelix|82/100|[from] item: Leftovers
|upkeep
|turn|41
|
|t:|1597336868
|move|p2a: Dragalge|Flip Turn|p1a: Steelix
|-supereffective|p1a: Steelix
|-damage|p1a: Steelix|71/100
|
|t:|1597336874
|switch|p2a: Vileplume|Vileplume, M|100/100|[from]move: Flip Turn
|-damage|p2a: Vileplume|88/100|[from] Stealth Rock
|move|p1a: Steelix|Toxic|p2a: Vileplume
|-immune|p2a: Vileplume
|
|-heal|p2a: Vileplume|94/100|[from] item: Black Sludge
|-heal|p1a: Steelix|78/100|[from] item: Leftovers
|upkeep
|turn|42
|
|t:|1597336880
|move|p2a: Vileplume|Sludge Bomb|p1a: Steelix
|-immune|p1a: Steelix
|move|p1a: Steelix|Earthquake|p2a: Vileplume
|-damage|p2a: Vileplume|70/100
|
|-heal|p2a: Vileplume|76/100|[from] item: Black Sludge
|-heal|p1a: Steelix|84/100|[from] item: Leftovers
|upkeep
|turn|43
|
|t:|1597336882
|switch|p1a: Goodra|Goodra, F|88/100
|-status|p1a: Goodra|psn
|move|p2a: Vileplume|Giga Drain|p1a: Goodra
|-ability|p1a: Goodra|Sap Sipper|boost
|-boost|p1a: Goodra|atk|1
|
|-heal|p2a: Vileplume|83/100|[from] item: Black Sludge
|-damage|p1a: Goodra|76/100 psn|[from] psn
|upkeep
|turn|44
|
|t:|1597336888
|switch|p2a: Mantine|Mantine, M|92/100
|move|p1a: Goodra|Fire Blast|p2a: Mantine
|-resisted|p2a: Mantine
|-damage|p2a: Mantine|84/100
|
|-damage|p1a: Goodra|63/100 psn|[from] psn
|upkeep
|turn|45
|
|t:|1597336899
|switch|p1a: Umbreon|Umbreon, F|70/100
|-status|p1a: Umbreon|psn
|switch|p2a: Quagsire|Quagsire, M|100/100
|-damage|p2a: Quagsire|94/100|[from] Stealth Rock
|
|-heal|p1a: Umbreon|76/100 psn|[from] item: Leftovers
|-heal|p2a: Quagsire|100/100|[from] item: Leftovers
|-damage|p1a: Umbreon|63/100 psn|[from] psn
|upkeep
|turn|46
|
|t:|1597336906
|switch|p2a: Vileplume|Vileplume, M|83/100
|-damage|p2a: Vileplume|70/100|[from] Stealth Rock
|move|p1a: Umbreon|Wish|p1a: Umbreon
|
|-heal|p1a: Umbreon|69/100 psn|[from] item: Leftovers
|-heal|p2a: Vileplume|76/100|[from] item: Black Sludge
|-damage|p1a: Umbreon|57/100 psn|[from] psn
|upkeep
|turn|47
|
|t:|1597336913
|move|p1a: Umbreon|Heal Bell|p1a: Umbreon
|-activate|p1a: Umbreon|move: Heal Bell
|-curestatus|p1a: Umbreon|psn|[msg]
|-curestatus|p1: Goodra|psn|[msg]
|-curestatus|p1: Xatu|psn|[msg]
|move|p2a: Vileplume|Sludge Bomb|p1a: Umbreon
|-damage|p1a: Umbreon|41/100
|
|-heal|p1a: Umbreon|91/100|[from] move: Wish|[wisher] Umbreon
|-heal|p1a: Umbreon|97/100|[from] item: Leftovers
|-heal|p2a: Vileplume|83/100|[from] item: Black Sludge
|upkeep
|turn|48
|
|t:|1597336917
|move|p1a: Umbreon|Wish|p1a: Umbreon
|move|p2a: Vileplume|Strength Sap|p1a: Umbreon
|-unboost|p1a: Umbreon|atk|1
|-heal|p2a: Vileplume|100/100
|
|-heal|p1a: Umbreon|100/100|[from] item: Leftovers
|upkeep
|turn|49
|
|t:|1597336924
|switch|p1a: Xatu|Xatu, M|64/100
|move|p2a: Vileplume|Sludge Bomb|p1a: Xatu
|-damage|p1a: Xatu|20/100
|
|-heal|p1a: Xatu|79/100|[from] move: Wish|[wisher] Umbreon
|upkeep
|turn|50
|
|t:|1597336931
|move|p1a: Xatu|Air Slash|p2a: Vileplume
|-supereffective|p2a: Vileplume
|-damage|p2a: Vileplume|51/100
|cant|p2a: Vileplume|flinch
|
|-heal|p2a: Vileplume|57/100|[from] item: Black Sludge
|upkeep
|turn|51
|
|t:|1597336936
|switch|p2a: Mantine|Mantine, M|84/100
|move|p1a: Xatu|Air Slash|p2a: Mantine
|-damage|p2a: Mantine|71/100
|
|upkeep
|turn|52
|
|t:|1597336939
|move|p1a: Xatu|Air Slash|p2a: Mantine
|-damage|p2a: Mantine|59/100
|move|p2a: Mantine|Defog|p1a: Xatu
|move|p1a: Xatu|Defog|p2a: Mantine|[from]Magic Bounce
|-unboost|p2a: Mantine|evasion|1
|-sideend|p2: Aquarius Ghost|Stealth Rock|[from] move: Defog|[of] p1a: Xatu
|-sideend|p1: RULT2at shiori|Toxic Spikes|[from] move: Defog|[of] p1a: Xatu
|
|upkeep
|turn|53
|
|t:|1597336945
|switch|p2a: Dragalge|Dragalge, F|47/100
|move|p1a: Xatu|Air Slash|p2a: Dragalge|[miss]
|-miss|p1a: Xatu|p2a: Dragalge
|
|-heal|p2a: Dragalge|53/100|[from] item: Black Sludge
|upkeep
|turn|54
|
|t:|1597336954
|move|p1a: Xatu|U-turn|p2a: Dragalge
|-resisted|p2a: Dragalge
|-damage|p2a: Dragalge|46/100
|
|t:|1597336956
|switch|p1a: Steelix|Steelix, F|84/100|[from]move: U-turn
|move|p2a: Dragalge|Sludge Wave|p1a: Steelix
|-immune|p1a: Steelix
|
|-heal|p2a: Dragalge|53/100|[from] item: Black Sludge
|-heal|p1a: Steelix|90/100|[from] item: Leftovers
|upkeep
|turn|55
|
|t:|1597336959
|move|p2a: Dragalge|Toxic Spikes|p1a: Steelix
|-sidestart|p1: RULT2at shiori|move: Toxic Spikes
|move|p1a: Steelix|Stealth Rock|p2a: Dragalge
|-sidestart|p2: Aquarius Ghost|move: Stealth Rock
|
|-heal|p2a: Dragalge|59/100|[from] item: Black Sludge
|-heal|p1a: Steelix|96/100|[from] item: Leftovers
|upkeep
|turn|56
|
|t:|1597336966
|move|p2a: Dragalge|Flip Turn|p1a: Steelix
|-supereffective|p1a: Steelix
|-damage|p1a: Steelix|86/100
|
|t:|1597336970
|switch|p2a: Quagsire|Quagsire, M|100/100|[from]move: Flip Turn
|-damage|p2a: Quagsire|94/100|[from] Stealth Rock
|move|p1a: Steelix|Toxic|p2a: Quagsire
|-status|p2a: Quagsire|tox
|
|-heal|p2a: Quagsire|100/100 tox|[from] item: Leftovers
|-heal|p1a: Steelix|92/100|[from] item: Leftovers
|-damage|p2a: Quagsire|94/100 tox|[from] psn
|upkeep
|turn|57
|c|☆Aquarius Ghost|Ye gg
|-message|Aquarius Ghost forfeited.
|
|win|RULT2at shiori
|l|☆Aquarius Ghost
|l| skierdude101
|c|☆RULT2at shiori|gg
|l|☆RULT2at shiori
|l| Finnick 0dair
|l| rult2at tacoman
|l| TripleCx3
|j|☆RULT2at shiori
|player|p1|RULT2at shiori|shauntal
