|j|☆RULT50K p
|j|☆Aerodragon3
|t:|1625856764
|gametype|singles
|player|p1|RULT50K p|lucas|1347
|player|p2|Aerodragon3|dragontamer|1317
|teamsize|p1|6
|teamsize|p2|6
|gen|8
|tier|[Gen 8] RU
|rated|
|rule|Sleep Clause Mod: Limit one foe put to sleep
|rule|Species Clause: Limit one of each Pokémon
|rule|OHKO Clause: OHKO moves are banned
|rule|Evasion Moves Clause: Evasion moves are banned
|rule|Endless Battle Clause: Forcing endless battles is banned
|rule|HP Percentage Mod: HP is shown in percentages
|rule|Dynamax Clause: You cannot dynamax
|clearpoke
|poke|p1|Obstagoon, F|
|poke|p1|Crobat, M|
|poke|p1|Vaporeon, M|
|poke|p1|Chandelure, M|
|poke|p1|Steelix, M|
|poke|p1|Reuniclus, F|
|poke|p2|Mienshao, F|
|poke|p2|Togekiss, M|
|poke|p2|Cloyster, F|
|poke|p2|Raikou|
|poke|p2|Incineroar, F|
|poke|p2|Roserade, F|
|teampreview
|inactive|Battle timer is ON: inactive players will automatically lose when time's up. (requested by RULT50K p)
|
|t:|1625856774
|start
|switch|p1a: Crobat|Crobat, M|100/100
|switch|p2a: Incineroar|Incineroar, F|100/100
|-ability|p2a: Incineroar|Intimidate|boost
|-unboost|p1a: Crobat|atk|1
|turn|1
|
|t:|1625856796
|move|p1a: Crobat|Brave Bird|p2a: Incineroar
|-damage|p2a: Incineroar|77/100
|-damage|p1a: Crobat|92/100|[from] Recoil
|move|p2a: Incineroar|U-turn|p1a: Crobat
|-resisted|p1a: Crobat
|-damage|p1a: Crobat|85/100
|
|t:|1625856803
|switch|p2a: Raikou|Raikou|100/100|[from]move: U-turn
|-ability|p2a: Raikou|Pressure
|
|upkeep
|turn|2
|
|t:|1625856809
|move|p1a: Crobat|U-turn|p2a: Raikou
|-damage|p2a: Raikou|86/100
|
|t:|1625856811
|switch|p1a: Reuniclus|Reuniclus, F|100/100|[from]move: U-turn
|move|p2a: Raikou|Scald|p1a: Reuniclus
|-crit|p1a: Reuniclus
|-damage|p1a: Reuniclus|79/100
|-status|p1a: Reuniclus|brn
|
|-damage|p1a: Reuniclus|73/100 brn|[from] brn
|upkeep
|turn|3
|
|t:|1625856822
|move|p2a: Raikou|Volt Switch|p1a: Reuniclus
|-damage|p1a: Reuniclus|56/100 brn
|
|t:|1625856827
|switch|p2a: Incineroar|Incineroar, F|77/100|[from]move: Volt Switch
|-ability|p2a: Incineroar|Intimidate|boost
|-unboost|p1a: Reuniclus|atk|1
|move|p1a: Reuniclus|Knock Off|p2a: Incineroar
|-resisted|p2a: Incineroar
|-damage|p2a: Incineroar|75/100
|-enditem|p2a: Incineroar|Heavy-Duty Boots|[from] move: Knock Off|[of] p1a: Reuniclus
|
|-damage|p1a: Reuniclus|50/100 brn|[from] brn
|upkeep
|turn|4
|
|t:|1625856839
|switch|p1a: Crobat|Crobat, M|85/100
|move|p2a: Incineroar|Knock Off|p1a: Crobat
|-damage|p1a: Crobat|34/100
|-enditem|p1a: Crobat|Heavy-Duty Boots|[from] move: Knock Off|[of] p2a: Incineroar
|
|upkeep
|turn|5
|
|t:|1625856846
|move|p1a: Crobat|Roost|p1a: Crobat
|-heal|p1a: Crobat|84/100
|-singleturn|p1a: Crobat|move: Roost
|move|p2a: Incineroar|U-turn|p1a: Crobat
|-resisted|p1a: Crobat
|-damage|p1a: Crobat|71/100
|
|t:|1625856853
|switch|p2a: Raikou|Raikou|86/100|[from]move: U-turn
|-ability|p2a: Raikou|Pressure
|
|upkeep
|turn|6
|
|t:|1625856859
|move|p1a: Crobat|U-turn|p2a: Raikou
|-damage|p2a: Raikou|66/100
|
|t:|1625856862
|switch|p1a: Reuniclus|Reuniclus, F|83/100 brn|[from]move: U-turn
|move|p2a: Raikou|Volt Switch|p1a: Reuniclus
|-damage|p1a: Reuniclus|65/100 brn
|
|t:|1625856869
|switch|p2a: Incineroar|Incineroar, F|75/100|[from]move: Volt Switch
|-ability|p2a: Incineroar|Intimidate|boost
|-unboost|p1a: Reuniclus|atk|1
|
|-damage|p1a: Reuniclus|59/100 brn|[from] brn
|upkeep
|turn|7
|
|t:|1625856876
|switch|p1a: Crobat|Crobat, M|71/100
|move|p2a: Incineroar|U-turn|p1a: Crobat
|-resisted|p1a: Crobat
|-damage|p1a: Crobat|64/100
|
|t:|1625856887
|switch|p2a: Mienshao|Mienshao, F|100/100|[from]move: U-turn
|
|upkeep
|turn|8
|
|t:|1625856891
|switch|p1a: Steelix|Steelix, M|100/100
|move|p2a: Mienshao|Stone Edge|p1a: Steelix
|-resisted|p1a: Steelix
|-damage|p1a: Steelix|96/100
|
|-heal|p1a: Steelix|100/100|[from] item: Leftovers
|upkeep
|turn|9
|
|t:|1625856902
|switch|p2a: Incineroar|Incineroar, F|75/100
|-ability|p2a: Incineroar|Intimidate|boost
|-unboost|p1a: Steelix|atk|1
|move|p1a: Steelix|Stealth Rock|p2a: Incineroar
|-sidestart|p2: Aerodragon3|move: Stealth Rock
|
|upkeep
|turn|10
|
|t:|1625856909
|switch|p1a: Vaporeon|Vaporeon, M|100/100
|move|p2a: Incineroar|U-turn|p1a: Vaporeon
|-damage|p1a: Vaporeon|84/100
|
|t:|1625856913
|switch|p2a: Togekiss|Togekiss, M|100/100|[from]move: U-turn
|
|-heal|p1a: Vaporeon|90/100|[from] item: Leftovers
|upkeep
|turn|11
|
|t:|1625856920
|move|p2a: Togekiss|Defog|p1a: Vaporeon
|-unboost|p1a: Vaporeon|evasion|1
|-sideend|p2: Aerodragon3|Stealth Rock|[from] move: Defog|[of] p2a: Togekiss
|move|p1a: Vaporeon|Toxic|p2a: Togekiss
|-status|p2a: Togekiss|tox
|
|-heal|p1a: Vaporeon|96/100|[from] item: Leftovers
|-damage|p2a: Togekiss|94/100 tox|[from] psn
|upkeep
|turn|12
|
|t:|1625856930
|switch|p2a: Roserade|Roserade, F|100/100
|move|p1a: Vaporeon|Flip Turn|p2a: Roserade
|-resisted|p2a: Roserade
|-damage|p2a: Roserade|86/100
|
|t:|1625856933
|switch|p1a: Obstagoon|Obstagoon, F|100/100|[from]move: Flip Turn
|
|-heal|p2a: Roserade|92/100|[from] item: Black Sludge
|-status|p1a: Obstagoon|brn|[from] item: Flame Orb
|upkeep
|turn|13
|
|t:|1625856944
|switch|p2a: Incineroar|Incineroar, F|75/100
|-ability|p2a: Incineroar|Intimidate|boost
|-unboost|p1a: Obstagoon|atk|1
|move|p1a: Obstagoon|Facade|p2a: Incineroar
|-damage|p2a: Incineroar|24/100
|
|-damage|p1a: Obstagoon|94/100 brn|[from] brn
|upkeep
|turn|14
|
|t:|1625856955
|move|p1a: Obstagoon|Facade|p2a: Incineroar
|-damage|p2a: Incineroar|0 fnt
|faint|p2a: Incineroar
|
|-damage|p1a: Obstagoon|88/100 brn|[from] brn
|upkeep
|
|t:|1625856964
|switch|p2a: Mienshao|Mienshao, F|100/100
|turn|15
|
|t:|1625856967
|switch|p1a: Vaporeon|Vaporeon, M|96/100
|move|p2a: Mienshao|U-turn|p1a: Vaporeon
|-damage|p1a: Vaporeon|80/100
|
|t:|1625856973
|switch|p2a: Raikou|Raikou|66/100|[from]move: U-turn
|-ability|p2a: Raikou|Pressure
|
|-heal|p1a: Vaporeon|86/100|[from] item: Leftovers
|upkeep
|turn|16
|
|t:|1625856981
|move|p1a: Vaporeon|Protect|p1a: Vaporeon
|-singleturn|p1a: Vaporeon|Protect
|move|p2a: Raikou|Aura Sphere|p1a: Vaporeon
|-activate|p1a: Vaporeon|move: Protect
|
|-heal|p1a: Vaporeon|92/100|[from] item: Leftovers
|upkeep
|turn|17
|j| RULT50B GK
|
|t:|1625856989
|switch|p1a: Reuniclus|Reuniclus, F|92/100 brn
|move|p2a: Raikou|Volt Switch|p1a: Reuniclus
|-damage|p1a: Reuniclus|75/100 brn
|
|t:|1625856996
|switch|p2a: Mienshao|Mienshao, F|100/100|[from]move: Volt Switch
|
|-damage|p1a: Reuniclus|69/100 brn|[from] brn
|upkeep
|turn|18
|
|t:|1625857003
|switch|p1a: Steelix|Steelix, M|100/100
|move|p2a: Mienshao|U-turn|p1a: Steelix
|-resisted|p1a: Steelix
|-damage|p1a: Steelix|95/100
|
|t:|1625857009
|switch|p2a: Roserade|Roserade, F|92/100|[from]move: U-turn
|
|-heal|p2a: Roserade|98/100|[from] item: Black Sludge
|-heal|p1a: Steelix|100/100|[from] item: Leftovers
|upkeep
|turn|19
|
|t:|1625857017
|switch|p1a: Reuniclus|Reuniclus, F|100/100 brn
|move|p2a: Roserade|Spikes|p1a: Reuniclus
|-sidestart|p1: RULT50K p|Spikes
|
|-heal|p2a: Roserade|100/100|[from] item: Black Sludge
|-damage|p1a: Reuniclus|94/100 brn|[from] brn
|upkeep
|turn|20
|
|t:|1625857025
|move|p2a: Roserade|Spikes|p1a: Reuniclus
|-sidestart|p1: RULT50K p|Spikes
|move|p1a: Reuniclus|Psyshock|p2a: Roserade
|-supereffective|p2a: Roserade
|-damage|p2a: Roserade|0 fnt
|faint|p2a: Roserade
|
|-damage|p1a: Reuniclus|88/100 brn|[from] brn
|upkeep
|
|t:|1625857034
|switch|p2a: Cloyster|Cloyster, F|100/100
|turn|21
|
|t:|1625857038
|move|p2a: Cloyster|Shell Smash|p2a: Cloyster
|-unboost|p2a: Cloyster|def|1
|-unboost|p2a: Cloyster|spd|1
|-boost|p2a: Cloyster|atk|2
|-boost|p2a: Cloyster|spa|2
|-boost|p2a: Cloyster|spe|2
|move|p1a: Reuniclus|Focus Blast|p2a: Cloyster|[miss]
|-miss|p1a: Reuniclus|p2a: Cloyster
|
|-damage|p1a: Reuniclus|82/100 brn|[from] brn
|upkeep
|turn|22
|j| Fogbandit Lake
|j| rarelyusedplayer01
|inactive|RULT50K p has 120 seconds left.
|
|t:|1625857069
|switch|p1a: Chandelure|Chandelure, M|100/100
|-damage|p1a: Chandelure|84/100|[from] Spikes
|move|p2a: Cloyster|Icicle Spear|p1a: Chandelure
|-resisted|p1a: Chandelure
|-damage|p1a: Chandelure|67/100
|-resisted|p1a: Chandelure
|-damage|p1a: Chandelure|50/100
|-resisted|p1a: Chandelure
|-damage|p1a: Chandelure|33/100
|-resisted|p1a: Chandelure
|-damage|p1a: Chandelure|16/100
|-resisted|p1a: Chandelure
|-damage|p1a: Chandelure|0 fnt
|faint|p1a: Chandelure
|-hitcount|p1: Chandelure|5
|
|upkeep
|inactive|RULT50K p has 120 seconds left.
|
|t:|1625857077
|switch|p1a: Vaporeon|Vaporeon, M|92/100
|-damage|p1a: Vaporeon|75/100|[from] Spikes
|turn|23
|
|t:|1625857087
|move|p2a: Cloyster|Rock Blast|p1a: Vaporeon
|-crit|p1a: Vaporeon
|-damage|p1a: Vaporeon|57/100
|-damage|p1a: Vaporeon|47/100
|-damage|p1a: Vaporeon|35/100
|-crit|p1a: Vaporeon
|-damage|p1a: Vaporeon|20/100
|-damage|p1a: Vaporeon|9/100
|-hitcount|p1a: Vaporeon|5
|move|p1a: Vaporeon|Toxic|p2a: Cloyster
|-status|p2a: Cloyster|tox
|
|-heal|p1a: Vaporeon|15/100|[from] item: Leftovers
|-damage|p2a: Cloyster|94/100 tox|[from] psn
|upkeep
|turn|24
|
|t:|1625857101
|move|p1a: Vaporeon|Protect|p1a: Vaporeon
|-singleturn|p1a: Vaporeon|Protect
|move|p2a: Cloyster|Shell Smash|p2a: Cloyster
|-unboost|p2a: Cloyster|def|1
|-unboost|p2a: Cloyster|spd|1
|-boost|p2a: Cloyster|atk|2
|-boost|p2a: Cloyster|spa|2
|-boost|p2a: Cloyster|spe|2
|
|-heal|p1a: Vaporeon|21/100|[from] item: Leftovers
|-damage|p2a: Cloyster|82/100 tox|[from] psn
|upkeep
|turn|25
|
|t:|1625857123
|move|p1a: Vaporeon|Protect||[still]
|-fail|p1a: Vaporeon
|move|p2a: Cloyster|Icicle Spear|p1a: Vaporeon
|-resisted|p1a: Vaporeon
|-damage|p1a: Vaporeon|9/100
|-resisted|p1a: Vaporeon
|-damage|p1a: Vaporeon|0 fnt
|faint|p1a: Vaporeon
|-hitcount|p1: Vaporeon|2
|
|-damage|p2a: Cloyster|63/100 tox|[from] psn
|upkeep
|
|t:|1625857125
|switch|p1a: Steelix|Steelix, M|100/100
|-damage|p1a: Steelix|84/100|[from] Spikes
|turn|26
|j| Gt0x
|
|t:|1625857137
|move|p2a: Cloyster|Icicle Spear|p1a: Steelix
|-damage|p1a: Steelix|65/100
|-damage|p1a: Steelix|46/100
|-damage|p1a: Steelix|27/100
|-damage|p1a: Steelix|9/100
|-damage|p1a: Steelix|0 fnt
|faint|p1a: Steelix
|-hitcount|p1: Steelix|5
|
|-damage|p2a: Cloyster|38/100 tox|[from] psn
|upkeep
|
|t:|1625857146
|switch|p1a: Crobat|Crobat, M|64/100
|turn|27
|
|t:|1625857152
|switch|p1a: Obstagoon|Obstagoon, F|88/100 brn
|-damage|p1a: Obstagoon|72/100 brn|[from] Spikes
|move|p2a: Cloyster|Icicle Spear|p1a: Obstagoon
|-damage|p1a: Obstagoon|38/100 brn
|-damage|p1a: Obstagoon|1/100 brn
|-damage|p1a: Obstagoon|0 fnt
|faint|p1a: Obstagoon
|-hitcount|p1: Obstagoon|3
|
|-damage|p2a: Cloyster|7/100 tox|[from] psn
|upkeep
|
|t:|1625857164
|switch|p1a: Crobat|Crobat, M|64/100
|turn|28
|
|t:|1625857167
|switch|p1a: Reuniclus|Reuniclus, F|100/100 brn
|-damage|p1a: Reuniclus|84/100 brn|[from] Spikes
|move|p2a: Cloyster|Icicle Spear|p1a: Reuniclus
|-damage|p1a: Reuniclus|51/100 brn
|-damage|p1a: Reuniclus|18/100 brn
|-damage|p1a: Reuniclus|0 fnt
|faint|p1a: Reuniclus
|-hitcount|p1: Reuniclus|3
|
|-damage|p2a: Cloyster|0 fnt|[from] psn
|faint|p2a: Cloyster
|upkeep
|j| Lyliath♥
|l| Lyliath♥
|
|t:|1625857180
|switch|p2a: Raikou|Raikou|66/100
|switch|p1a: Crobat|Crobat, M|64/100
|-ability|p2a: Raikou|Pressure
|turn|29
|c|☆Aerodragon3|Gg
|
|t:|1625857189
|move|p1a: Crobat|Roost|p1a: Crobat
|-heal|p1a: Crobat|100/100
|-singleturn|p1a: Crobat|move: Roost
|move|p2a: Raikou|Thunderbolt|p1a: Crobat
|-damage|p1a: Crobat|46/100
|
|upkeep
|turn|30
|-message|RULT50K p forfeited.
|
|win|Aerodragon3
|l|☆RULT50K p
|raw|RULT50K p's rating: 1347 &rarr; <strong>1325</strong><br />(-22 for losing)
|raw|Aerodragon3's rating: 1318 &rarr; <strong>1340</strong><br />(+22 for winning)
|c|☆Aerodragon3|The protect reads
