|j|☆yung centibro
|j|☆Shiori Honda
|player|p1|yung centibro|1|1418
|player|p2|Shiori Honda|289|1264
|teamsize|p1|6
|teamsize|p2|6
|gametype|singles
|gen|8
|tier|[Gen 8] RU
|rated|
|rule|Sleep Clause Mod: Limit one foe put to sleep
|rule|Species Clause: Limit one of each Pokémon
|rule|OHKO Clause: OHKO moves are banned
|rule|Evasion Moves Clause: Evasion moves are banned
|rule|Endless Battle Clause: Forcing endless battles is banned
|rule|HP Percentage Mod: HP is shown in percentages
|clearpoke
|poke|p1|Galvantula, M|
|poke|p1|Sigilyph, F|
|poke|p1|Salazzle, F|
|poke|p1|Drednaw, M|
|poke|p1|Silvally-*|
|poke|p1|Rotom|
|poke|p2|Butterfree, F|
|poke|p2|Steelix, M|
|poke|p2|Garbodor, F|
|poke|p2|Vaporeon, F|
|poke|p2|Mr. Mime-Galar, M|
|poke|p2|Togedemaru, M|
|rule|Dynamax Clause: You cannot dynamax
|teampreview
|c|☆yung centibro|hf:)
|c|☆Shiori Honda|ill try
|c|☆yung centibro|no u will serp
|c|☆Shiori Honda|oh fuck who is this
|c|☆yung centibro|eifo
|
|start
|switch|p1a: Drednaw|Drednaw, M|100/100
|switch|p2a: Togedemaru|Togedemaru, M|100/100
|turn|1
|c|☆Shiori Honda|swag
|
|switch|p1a: Galvantula|Galvantula, M|100/100
|move|p2a: Togedemaru|U-turn|p1a: Galvantula
|-damage|p1a: Galvantula|64/100
|
|switch|p2a: Steelix|Steelix, M|100/100|[from]move: U-turn
|
|upkeep
|turn|2
|
|move|p1a: Galvantula|Energy Ball|p2a: Steelix
|-damage|p2a: Steelix|58/100
|-damage|p1a: Galvantula|54/100|[from] item: Life Orb
|move|p2a: Steelix|Stealth Rock|p1a: Galvantula
|-sidestart|p1: yung centibro|move: Stealth Rock
|
|-heal|p2a: Steelix|64/100|[from] item: Leftovers
|upkeep
|turn|3
|c|☆yung centibro|homeboy took some damage
|
|switch|p2a: Togedemaru|Togedemaru, M|100/100
|move|p1a: Galvantula|Sticky Web|p2a: Togedemaru
|-sidestart|p2: Shiori Honda|move: Sticky Web
|
|upkeep
|turn|4
|c|☆Shiori Honda|it may or may not be
|c|☆Shiori Honda|no spdef
|c|☆yung centibro|no way
|c|☆yung centibro|dang
|c|☆yung centibro|galv rly is that weak
|
|move|p2a: Togedemaru|Zing Zap|p1a: Galvantula
|-resisted|p1a: Galvantula
|-damage|p1a: Galvantula|24/100
|cant|p1a: Galvantula|flinch
|
|upkeep
|turn|5
|c|☆yung centibro|noo i wanted muh chip
|c|☆yung centibro|unok
|
|move|p2a: Togedemaru|Zing Zap|p1a: Galvantula
|-resisted|p1a: Galvantula
|-crit|p1a: Galvantula
|-damage|p1a: Galvantula|0 fnt
|faint|p1a: Galvantula
|
|upkeep
|c|☆Shiori Honda|no chip
|c|☆Shiori Honda|only flinch
|
|switch|p1a: Rotom|Rotom|100/100
|-damage|p1a: Rotom|88/100|[from] Stealth Rock
|turn|6
|
|move|p2a: Togedemaru|Zing Zap|p1a: Rotom
|-resisted|p1a: Rotom
|-damage|p1a: Rotom|60/100
|cant|p1a: Rotom|flinch
|
|upkeep
|turn|7
|c|☆yung centibro|stop
|
|switch|p2a: Vaporeon|Vaporeon, F|100/100
|-activate|p2a: Vaporeon|move: Sticky Web
|-unboost|p2a: Vaporeon|spe|1
|move|p1a: Rotom|Nasty Plot|p1a: Rotom
|-boost|p1a: Rotom|spa|2
|
|upkeep
|turn|8
|c|☆Shiori Honda|ok im scared
|
|switch|p2a: Steelix|Steelix, M|64/100
|-activate|p2a: Steelix|move: Sticky Web
|-unboost|p2a: Steelix|spe|1
|move|p1a: Rotom|Thunderbolt|p2a: Steelix
|-immune|p2a: Steelix
|
|-heal|p2a: Steelix|70/100|[from] item: Leftovers
|upkeep
|turn|9
|
|move|p1a: Rotom|Shadow Ball|p2a: Steelix
|-damage|p2a: Steelix|0 fnt
|faint|p2a: Steelix
|
|upkeep
|c|☆yung centibro|u best be
|
|switch|p2a: Mr. Mime|Mr. Mime-Galar, M|100/100
|turn|10
|
|move|p2a: Mr. Mime|Psychic|p1a: Rotom
|-damage|p1a: Rotom|1/100
|-unboost|p1a: Rotom|spd|1
|-enditem|p1a: Rotom|Salac Berry|[eat]
|-boost|p1a: Rotom|spe|1
|move|p1a: Rotom|Shadow Ball|p2a: Mr. Mime
|-supereffective|p2a: Mr. Mime
|-damage|p2a: Mr. Mime|0 fnt
|faint|p2a: Mr. Mime
|
|upkeep
|
|switch|p2a: Togedemaru|Togedemaru, M|100/100
|-activate|p2a: Togedemaru|move: Sticky Web
|-unboost|p2a: Togedemaru|spe|1
|turn|11
|
|move|p1a: Rotom|Shadow Ball|p2a: Togedemaru
|-crit|p2a: Togedemaru
|-damage|p2a: Togedemaru|0 fnt
|faint|p2a: Togedemaru
|
|upkeep
|-message|Shiori Honda forfeited.
|
|win|yung centibro
|l|☆Shiori Honda
