|j|☆Lips and fro
|j|☆Dancanmanfan
|t:|1601407343
|player|p1|Lips and fro|266|1392
|player|p2|Dancanmanfan|clay|1120
|teamsize|p1|6
|teamsize|p2|6
|gametype|singles
|gen|8
|tier|[Gen 8] RU
|rated|
|html|<div class="broadcast-blue"><strong>RU is currently suspecting Sigilyph! For information on how to participate check out the <a href="https://www.smogon.com/forums/threads/3671022/">suspect thread</a>.</strong></div>
|clearpoke
|poke|p1|Exploud, M|
|poke|p1|Golisopod, F|
|poke|p1|Hitmontop, M|
|poke|p1|Claydol|
|poke|p1|Sneasel, F|
|poke|p1|Boltund, M|
|poke|p2|Arcanine, F|
|poke|p2|Golisopod, M|
|poke|p2|Braviary, M|
|poke|p2|Comfey, F|
|poke|p2|Umbreon, M|
|poke|p2|Scrafty, F|
|rule|Sleep Clause Mod: Limit one foe put to sleep
|rule|Species Clause: Limit one of each Pokémon
|rule|OHKO Clause: OHKO moves are banned
|rule|Evasion Moves Clause: Evasion moves are banned
|rule|Endless Battle Clause: Forcing endless battles is banned
|rule|HP Percentage Mod: HP is shown in percentages
|rule|Dynamax Clause: You cannot dynamax
|teampreview
|
|t:|1601407377
|start
|switch|p1a: Claydol|Claydol|100/100
|switch|p2a: Braviary|Braviary, M|100/100
|turn|1
|
|t:|1601407388
|move|p2a: Braviary|U-turn|p1a: Claydol
|-supereffective|p1a: Claydol
|-damage|p1a: Claydol|50/100
|
|t:|1601407402
|switch|p2a: Golisopod|Golisopod, M|100/100|[from]move: U-turn
|move|p1a: Claydol|Stealth Rock|p2a: Golisopod
|-sidestart|p2: Dancanmanfan|move: Stealth Rock
|
|upkeep
|turn|2
|
|t:|1601407409
|switch|p1a: Hitmontop|Hitmontop, M|100/100
|-ability|p1a: Hitmontop|Intimidate|boost
|-unboost|p2a: Golisopod|atk|1
|move|p2a: Golisopod|First Impression|p1a: Hitmontop
|-resisted|p1a: Hitmontop
|-damage|p1a: Hitmontop|86/100
|
|-heal|p1a: Hitmontop|92/100|[from] item: Leftovers
|upkeep
|turn|3
|
|t:|1601407422
|move|p2a: Golisopod|Sucker Punch||[still]
|-fail|p2a: Golisopod
|move|p1a: Hitmontop|Toxic|p2a: Golisopod
|-status|p2a: Golisopod|tox
|
|-heal|p1a: Hitmontop|99/100|[from] item: Leftovers
|-damage|p2a: Golisopod|94/100 tox|[from] psn
|upkeep
|turn|4
|
|t:|1601407441
|switch|p2a: Arcanine|Arcanine, F|100/100
|-ability|p2a: Arcanine|Intimidate|boost
|-unboost|p1a: Hitmontop|atk|1
|move|p1a: Hitmontop|Toxic|p2a: Arcanine
|-status|p2a: Arcanine|tox
|
|-heal|p1a: Hitmontop|100/100|[from] item: Leftovers
|-damage|p2a: Arcanine|94/100 tox|[from] psn
|upkeep
|turn|5
|
|t:|1601407444
|move|p1a: Hitmontop|Protect|p1a: Hitmontop
|-singleturn|p1a: Hitmontop|Protect
|move|p2a: Arcanine|Will-O-Wisp|p1a: Hitmontop
|-activate|p1a: Hitmontop|move: Protect
|
|-damage|p2a: Arcanine|82/100 tox|[from] psn
|upkeep
|turn|6
|
|t:|1601407454
|switch|p1a: Claydol|Claydol|50/100
|move|p2a: Arcanine|Will-O-Wisp|p1a: Claydol
|-status|p1a: Claydol|brn
|
|-damage|p2a: Arcanine|63/100 tox|[from] psn
|-damage|p1a: Claydol|44/100 brn|[from] brn
|upkeep
|turn|7
|
|t:|1601407459
|switch|p2a: Umbreon|Umbreon, M|100/100
|-damage|p2a: Umbreon|88/100|[from] Stealth Rock
|switch|p1a: Hitmontop|Hitmontop, M|100/100
|-ability|p1a: Hitmontop|Intimidate|boost
|-unboost|p2a: Umbreon|atk|1
|
|-heal|p2a: Umbreon|94/100|[from] item: Leftovers
|upkeep
|turn|8
|
|t:|1601407473
|move|p1a: Hitmontop|High Jump Kick|p2a: Umbreon
|-supereffective|p2a: Umbreon
|-damage|p2a: Umbreon|27/100
|move|p2a: Umbreon|Wish|p2a: Umbreon
|
|-heal|p2a: Umbreon|33/100|[from] item: Leftovers
|upkeep
|turn|9
|
|t:|1601407489
|switch|p1a: Golisopod|Golisopod, F|100/100
|move|p2a: Umbreon|Protect||[still]
|-fail|p2a: Umbreon
|
|-heal|p2a: Umbreon|83/100|[from] move: Wish|[wisher] Umbreon
|-heal|p2a: Umbreon|89/100|[from] item: Leftovers
|upkeep
|turn|10
|
|t:|1601407498
|switch|p2a: Arcanine|Arcanine, F|63/100 tox
|-ability|p2a: Arcanine|Intimidate|boost
|-unboost|p1a: Golisopod|atk|1
|move|p1a: Golisopod|Spikes|p2a: Arcanine
|-sidestart|p2: Dancanmanfan|Spikes
|
|-damage|p2a: Arcanine|57/100 tox|[from] psn
|upkeep
|turn|11
|
|t:|1601407506
|switch|p1a: Claydol|Claydol|44/100 brn
|move|p2a: Arcanine|Will-O-Wisp|p1a: Claydol
|-fail|p1a: Claydol|brn
|
|-damage|p2a: Arcanine|44/100 tox|[from] psn
|-damage|p1a: Claydol|38/100 brn|[from] brn
|upkeep
|turn|12
|
|t:|1601407510
|move|p2a: Arcanine|Morning Sun|p2a: Arcanine
|-heal|p2a: Arcanine|94/100 tox
|move|p1a: Claydol|Teleport|p1a: Claydol
|
|t:|1601407516
|switch|p1a: Exploud|Exploud, M|100/100|[from]move: Teleport
|
|-damage|p2a: Arcanine|75/100 tox|[from] psn
|upkeep
|turn|13
|
|t:|1601407521
|switch|p2a: Umbreon|Umbreon, M|89/100
|-damage|p2a: Umbreon|77/100|[from] Spikes
|-damage|p2a: Umbreon|64/100|[from] Stealth Rock
|move|p1a: Exploud|Boomburst|p2a: Umbreon
|-damage|p2a: Umbreon|17/100
|
|-heal|p2a: Umbreon|23/100|[from] item: Leftovers
|upkeep
|turn|14
|
|t:|1601407529
|move|p2a: Umbreon|Protect|p2a: Umbreon
|-singleturn|p2a: Umbreon|Protect
|move|p1a: Exploud|Boomburst|p2a: Umbreon
|-activate|p2a: Umbreon|move: Protect
|
|-heal|p2a: Umbreon|29/100|[from] item: Leftovers
|upkeep
|turn|15
|
|t:|1601407538
|move|p1a: Exploud|Boomburst|p2a: Umbreon
|-damage|p2a: Umbreon|0 fnt
|faint|p2a: Umbreon
|
|upkeep
|
|t:|1601407575
|switch|p2a: Scrafty|Scrafty, F|100/100
|-damage|p2a: Scrafty|88/100|[from] Spikes
|-damage|p2a: Scrafty|82/100|[from] Stealth Rock
|turn|16
|
|t:|1601407592
|switch|p1a: Hitmontop|Hitmontop, M|100/100
|-ability|p1a: Hitmontop|Intimidate|boost
|-unboost|p2a: Scrafty|atk|1
|move|p2a: Scrafty|Dragon Dance|p2a: Scrafty
|-boost|p2a: Scrafty|atk|1
|-boost|p2a: Scrafty|spe|1
|
|upkeep
|turn|17
|
|t:|1601407599
|move|p2a: Scrafty|Drain Punch|p1a: Hitmontop
|-damage|p1a: Hitmontop|73/100
|-heal|p2a: Scrafty|97/100|[from] drain|[of] p1a: Hitmontop
|move|p1a: Hitmontop|High Jump Kick|p2a: Scrafty
|-supereffective|p2a: Scrafty
|-damage|p2a: Scrafty|0 fnt
|faint|p2a: Scrafty
|
|-heal|p1a: Hitmontop|79/100|[from] item: Leftovers
|upkeep
|
|t:|1601407606
|switch|p2a: Braviary|Braviary, M|100/100
|-damage|p2a: Braviary|76/100|[from] Stealth Rock
|turn|18
|
|t:|1601407611
|move|p1a: Hitmontop|Protect|p1a: Hitmontop
|-singleturn|p1a: Hitmontop|Protect
|move|p2a: Braviary|Brave Bird|p1a: Hitmontop
|-activate|p1a: Hitmontop|move: Protect
|
|-heal|p1a: Hitmontop|85/100|[from] item: Leftovers
|upkeep
|turn|19
|
|t:|1601407616
|switch|p1a: Claydol|Claydol|38/100 brn
|move|p2a: Braviary|Brave Bird|p1a: Claydol
|-damage|p1a: Claydol|0 fnt
|-damage|p2a: Braviary|64/100|[from] Recoil
|faint|p1a: Claydol
|
|upkeep
|
|t:|1601407620
|switch|p1a: Boltund|Boltund, M|100/100
|turn|20
|
|t:|1601407623
|move|p1a: Boltund|Volt Switch|p2a: Braviary
|-supereffective|p2a: Braviary
|-damage|p2a: Braviary|0 fnt
|faint|p2a: Braviary
|
|t:|1601407636
|switch|p1a: Exploud|Exploud, M|100/100|[from]move: Volt Switch
|
|upkeep
|
|t:|1601407638
|switch|p2a: Golisopod|Golisopod, M|94/100 tox
|-damage|p2a: Golisopod|82/100 tox|[from] Spikes
|-damage|p2a: Golisopod|57/100 tox|[from] Stealth Rock
|turn|21
|
|t:|1601407647
|switch|p1a: Hitmontop|Hitmontop, M|85/100
|-ability|p1a: Hitmontop|Intimidate|boost
|-unboost|p2a: Golisopod|atk|1
|move|p2a: Golisopod|First Impression|p1a: Hitmontop
|-resisted|p1a: Hitmontop
|-damage|p1a: Hitmontop|73/100
|
|-heal|p1a: Hitmontop|79/100|[from] item: Leftovers
|-damage|p2a: Golisopod|51/100 tox|[from] psn
|upkeep
|turn|22
|
|t:|1601407659
|move|p1a: Hitmontop|Rapid Spin|p2a: Golisopod
|-damage|p2a: Golisopod|43/100 tox
|-boost|p1a: Hitmontop|spe|1
|-enditem|p2a: Golisopod|Sitrus Berry|[eat]
|-heal|p2a: Golisopod|68/100 tox|[from] item: Sitrus Berry
|move|p2a: Golisopod|Swords Dance|p2a: Golisopod
|-boost|p2a: Golisopod|atk|2
|
|-heal|p1a: Hitmontop|85/100|[from] item: Leftovers
|-damage|p2a: Golisopod|56/100 tox|[from] psn
|upkeep
|turn|23
|
|t:|1601407666
|move|p2a: Golisopod|Aqua Jet|p1a: Hitmontop
|-damage|p1a: Hitmontop|54/100
|move|p1a: Hitmontop|High Jump Kick|p2a: Golisopod
|-resisted|p2a: Golisopod
|-damage|p2a: Golisopod|41/100 tox
|-activate|p2a: Golisopod|ability: Emergency Exit
|
|t:|1601407672
|switch|p2a: Comfey|Comfey, F|100/100
|-damage|p2a: Comfey|88/100|[from] Spikes
|-damage|p2a: Comfey|76/100|[from] Stealth Rock
|
|-heal|p1a: Hitmontop|61/100|[from] item: Leftovers
|upkeep
|turn|24
|
|t:|1601407682
|move|p1a: Hitmontop|Toxic|p2a: Comfey
|-status|p2a: Comfey|tox
|move|p2a: Comfey|Calm Mind|p2a: Comfey
|-boost|p2a: Comfey|spa|1
|-boost|p2a: Comfey|spd|1
|
|-heal|p1a: Hitmontop|67/100|[from] item: Leftovers
|-damage|p2a: Comfey|69/100 tox|[from] psn
|upkeep
|turn|25
|
|t:|1601407690
|switch|p1a: Golisopod|Golisopod, F|100/100
|move|p2a: Comfey|Calm Mind|p2a: Comfey
|-boost|p2a: Comfey|spa|1
|-boost|p2a: Comfey|spd|1
|
|-damage|p2a: Comfey|57/100 tox|[from] psn
|upkeep
|turn|26
|
|t:|1601407694
|move|p2a: Comfey|Giga Drain|p1a: Golisopod
|-damage|p1a: Golisopod|61/100
|-heal|p2a: Comfey|87/100 tox|[from] drain|[of] p1a: Golisopod
|move|p1a: Golisopod|Aqua Jet|p2a: Comfey
|-damage|p2a: Comfey|63/100 tox
|
|-heal|p1a: Golisopod|67/100|[from] item: Leftovers
|-damage|p2a: Comfey|44/100 tox|[from] psn
|upkeep
|turn|27
|
|t:|1601407701
|move|p2a: Comfey|Draining Kiss|p1a: Golisopod
|-damage|p1a: Golisopod|24/100
|-heal|p2a: Comfey|94/100 tox|[from] drain|[of] p1a: Golisopod
|-activate|p1a: Golisopod|ability: Emergency Exit
|
|t:|1601407709
|switch|p1a: Hitmontop|Hitmontop, M|67/100
|-ability|p1a: Hitmontop|Intimidate|boost
|-unboost|p2a: Comfey|atk|1
|
|-heal|p1a: Hitmontop|73/100|[from] item: Leftovers
|-damage|p2a: Comfey|69/100 tox|[from] psn
|upkeep
|turn|28
|
|t:|1601407710
|move|p1a: Hitmontop|Protect|p1a: Hitmontop
|-singleturn|p1a: Hitmontop|Protect
|move|p2a: Comfey|Draining Kiss|p1a: Hitmontop
|-activate|p1a: Hitmontop|move: Protect
|
|-heal|p1a: Hitmontop|79/100|[from] item: Leftovers
|-damage|p2a: Comfey|38/100 tox|[from] psn
|upkeep
|turn|29
|
|t:|1601407714
|switch|p1a: Golisopod|Golisopod, F|24/100
|move|p2a: Comfey|Draining Kiss|p1a: Golisopod
|-damage|p1a: Golisopod|0 fnt
|-heal|p2a: Comfey|64/100 tox|[from] drain|[of] p1a: Golisopod
|faint|p1a: Golisopod
|
|-damage|p2a: Comfey|27/100 tox|[from] psn
|upkeep
|
|t:|1601407719
|switch|p1a: Hitmontop|Hitmontop, M|79/100
|-ability|p1a: Hitmontop|Intimidate|boost
|-unboost|p2a: Comfey|atk|1
|turn|30
|
|t:|1601407723
|move|p1a: Hitmontop|Protect|p1a: Hitmontop
|-singleturn|p1a: Hitmontop|Protect
|move|p2a: Comfey|Synthesis|p2a: Comfey
|-heal|p2a: Comfey|77/100 tox
|
|-heal|p1a: Hitmontop|86/100|[from] item: Leftovers
|-damage|p2a: Comfey|34/100 tox|[from] psn
|upkeep
|turn|31
|
|t:|1601407742
|switch|p1a: Sneasel|Sneasel, F|100/100
|move|p2a: Comfey|Draining Kiss|p1a: Sneasel
|-supereffective|p1a: Sneasel
|-damage|p1a: Sneasel|0 fnt
|-heal|p2a: Comfey|100/100 tox|[from] drain|[of] p1a: Sneasel
|faint|p1a: Sneasel
|
|-damage|p2a: Comfey|51/100 tox|[from] psn
|upkeep
|
|t:|1601407749
|switch|p1a: Boltund|Boltund, M|100/100
|turn|32
|
|t:|1601407758
|switch|p2a: Golisopod|Golisopod, M|41/100 tox
|-damage|p2a: Golisopod|17/100 tox|[from] Stealth Rock
|-damage|p2a: Golisopod|4/100 tox|[from] Spikes
|move|p1a: Boltund|Volt Switch|p2a: Golisopod
|-supereffective|p2a: Golisopod
|-damage|p2a: Golisopod|0 fnt
|faint|p2a: Golisopod
|
|t:|1601407761
|switch|p1a: Exploud|Exploud, M|100/100|[from]move: Volt Switch
|
|upkeep
|
|t:|1601407765
|switch|p2a: Arcanine|Arcanine, F|75/100 tox
|-ability|p2a: Arcanine|Intimidate|boost
|-immune|p1a: Exploud|[from] ability: Scrappy
|turn|33
|
|t:|1601407773
|switch|p1a: Hitmontop|Hitmontop, M|86/100
|-ability|p1a: Hitmontop|Intimidate|boost
|-unboost|p2a: Arcanine|atk|1
|move|p2a: Arcanine|Flare Blitz|p1a: Hitmontop
|-damage|p1a: Hitmontop|61/100
|-damage|p2a: Arcanine|69/100 tox|[from] Recoil
|
|-heal|p1a: Hitmontop|67/100|[from] item: Leftovers
|-damage|p2a: Arcanine|63/100 tox|[from] psn
|upkeep
|turn|34
|
|t:|1601407779
|move|p2a: Arcanine|Morning Sun|p2a: Arcanine
|-heal|p2a: Arcanine|100/100 tox
|move|p1a: Hitmontop|High Jump Kick|p2a: Arcanine
|-damage|p2a: Arcanine|68/100 tox
|
|-heal|p1a: Hitmontop|73/100|[from] item: Leftovers
|-damage|p2a: Arcanine|56/100 tox|[from] psn
|upkeep
|turn|35
|
|t:|1601407784
|move|p1a: Hitmontop|Protect|p1a: Hitmontop
|-singleturn|p1a: Hitmontop|Protect
|move|p2a: Arcanine|Flare Blitz|p1a: Hitmontop
|-activate|p1a: Hitmontop|move: Protect
|
|-heal|p1a: Hitmontop|79/100|[from] item: Leftovers
|-damage|p2a: Arcanine|37/100 tox|[from] psn
|upkeep
|turn|36
|
|t:|1601407792
|switch|p1a: Boltund|Boltund, M|100/100
|move|p2a: Arcanine|Flare Blitz|p1a: Boltund
|-damage|p1a: Boltund|48/100
|-damage|p2a: Arcanine|24/100 tox|[from] Recoil
|
|-damage|p2a: Arcanine|0 fnt|[from] psn
|faint|p2a: Arcanine
|upkeep
|
|t:|1601407794
|switch|p2a: Comfey|Comfey, F|51/100 tox
|-damage|p2a: Comfey|38/100 tox|[from] Spikes
|-damage|p2a: Comfey|26/100 tox|[from] Stealth Rock
|turn|37
|
|t:|1601407798
|move|p2a: Comfey|Synthesis|p2a: Comfey
|-heal|p2a: Comfey|76/100 tox
|move|p1a: Boltund|Thunderbolt|p2a: Comfey
|-damage|p2a: Comfey|31/100 tox
|
|-damage|p2a: Comfey|25/100 tox|[from] psn
|upkeep
|turn|38
|
|t:|1601407801
|move|p2a: Comfey|Draining Kiss|p1a: Boltund
|-damage|p1a: Boltund|6/100
|-heal|p2a: Comfey|62/100 tox|[from] drain|[of] p1a: Boltund
|move|p1a: Boltund|Thunderbolt|p2a: Comfey
|-damage|p2a: Comfey|18/100 tox
|
|-damage|p2a: Comfey|5/100 tox|[from] psn
|upkeep
|turn|39
|
|t:|1601407804
|move|p2a: Comfey|Draining Kiss|p1a: Boltund
|-damage|p1a: Boltund|0 fnt
|-heal|p2a: Comfey|10/100 tox|[from] drain|[of] p1a: Boltund
|faint|p1a: Boltund
|
|-damage|p2a: Comfey|0 fnt|[from] psn
|faint|p2a: Comfey
|
|win|Lips and fro
|upkeep
|c|☆Dancanmanfan|gg
