|j|☆Eskraft34
|j|☆rult70dr
|t:|1626519196
|gametype|singles
|player|p1|Eskraft34|harlequin|1138
|player|p2|rult70dr|may-gen3rs|1372
|teamsize|p1|6
|teamsize|p2|6
|gen|8
|tier|[Gen 8] RU
|rated|
|rule|Sleep Clause Mod: Limit one foe put to sleep
|rule|Species Clause: Limit one of each Pokémon
|rule|OHKO Clause: OHKO moves are banned
|rule|Evasion Moves Clause: Evasion moves are banned
|rule|Endless Battle Clause: Forcing endless battles is banned
|rule|HP Percentage Mod: HP is shown in percentages
|rule|Dynamax Clause: You cannot dynamax
|clearpoke
|poke|p1|Druddigon, F|
|poke|p1|Sylveon, F|
|poke|p1|Raikou|
|poke|p1|Crobat, F|
|poke|p1|Chandelure, M|
|poke|p1|Sharpedo, M|
|poke|p2|Talonflame, F|
|poke|p2|Durant, M|
|poke|p2|Sharpedo, F|
|poke|p2|Necrozma|
|poke|p2|Mimikyu, F|
|poke|p2|Flygon, M|
|teampreview
|inactive|Battle timer is ON: inactive players will automatically lose when time's up. (requested by Eskraft34)
|
|t:|1626519213
|start
|switch|p1a: Druddigon|Druddigon, F|100/100
|switch|p2a: Durant|Durant, M|100/100
|turn|1
|
|t:|1626519225
|move|p2a: Durant|First Impression|p1a: Druddigon|[miss]
|-miss|p2a: Durant|p1a: Druddigon
|move|p1a: Druddigon|Dragon Tail|p2a: Durant
|-resisted|p2a: Durant
|-damage|p2a: Durant|86/100
|drag|p2a: Talonflame|Talonflame, F|100/100
|
|upkeep
|turn|2
|
|t:|1626519233
|switch|p2a: Durant|Durant, M|86/100
|move|p1a: Druddigon|Stealth Rock|p2a: Durant
|-sidestart|p2: rult70dr|move: Stealth Rock
|
|upkeep
|turn|3
|
|t:|1626519240
|move|p2a: Durant|Iron Head|p1a: Druddigon|[miss]
|-miss|p2a: Durant|p1a: Druddigon
|move|p1a: Druddigon|Earthquake|p2a: Durant
|-damage|p2a: Durant|53/100
|
|upkeep
|turn|4
|
|t:|1626519249
|move|p2a: Durant|Iron Head|p1a: Druddigon
|-damage|p1a: Druddigon|46/100
|-damage|p2a: Durant|41/100|[from] ability: Rough Skin|[of] p1a: Druddigon
|-damage|p2a: Durant|24/100|[from] item: Rocky Helmet|[of] p1a: Druddigon
|-damage|p2a: Durant|15/100|[from] item: Life Orb
|move|p1a: Druddigon|Earthquake|p2a: Durant
|-damage|p2a: Durant|0 fnt
|faint|p2a: Durant
|
|upkeep
|
|t:|1626519257
|switch|p2a: Necrozma|Necrozma|100/100
|-damage|p2a: Necrozma|88/100|[from] Stealth Rock
|turn|5
|
|t:|1626519266
|move|p2a: Necrozma|Photon Geyser|p1a: Druddigon
|-damage|p1a: Druddigon|0 fnt
|faint|p1a: Druddigon
|
|upkeep
|
|t:|1626519275
|switch|p1a: Sylveon|Sylveon, F|100/100
|turn|6
|
|t:|1626519290
|move|p2a: Necrozma|Meteor Beam||[still]
|-prepare|p2a: Necrozma|Meteor Beam
|-boost|p2a: Necrozma|spa|1
|-enditem|p2a: Necrozma|Power Herb
|-anim|p2a: Necrozma|Meteor Beam|p1a: Sylveon|[miss]
|-miss|p2a: Necrozma|p1a: Sylveon
|move|p1a: Sylveon|Toxic|p2a: Necrozma
|-status|p2a: Necrozma|tox
|
|-damage|p2a: Necrozma|82/100 tox|[from] psn
|upkeep
|turn|7
|
|t:|1626519302
|move|p2a: Necrozma|Stealth Rock|p1a: Sylveon
|-sidestart|p1: Eskraft34|move: Stealth Rock
|move|p1a: Sylveon|Wish|p1a: Sylveon
|
|-damage|p2a: Necrozma|70/100 tox|[from] psn
|upkeep
|turn|8
|
|t:|1626519308
|move|p2a: Necrozma|Meteor Beam||[still]
|-prepare|p2a: Necrozma|Meteor Beam
|-boost|p2a: Necrozma|spa|1
|move|p1a: Sylveon|Hyper Voice|p2a: Necrozma
|-damage|p2a: Necrozma|24/100 tox
|
|-damage|p2a: Necrozma|6/100 tox|[from] psn
|upkeep
|turn|9
|
|t:|1626519316
|move|p2a: Necrozma|Meteor Beam|p1a: Sylveon|[from]lockedmove
|-damage|p1a: Sylveon|56/100
|move|p1a: Sylveon|Wish|p1a: Sylveon
|
|-heal|p1a: Sylveon|62/100|[from] item: Leftovers
|-damage|p2a: Necrozma|0 fnt|[from] psn
|faint|p2a: Necrozma
|upkeep
|
|t:|1626519321
|switch|p2a: Talonflame|Talonflame, F|100/100
|turn|10
|
|t:|1626519332
|move|p2a: Talonflame|Swords Dance|p2a: Talonflame
|-boost|p2a: Talonflame|atk|2
|move|p1a: Sylveon|Hyper Voice|p2a: Talonflame
|-resisted|p2a: Talonflame
|-damage|p2a: Talonflame|72/100
|
|-heal|p1a: Sylveon|100/100|[from] move: Wish|[wisher] Sylveon
|upkeep
|turn|11
|
|t:|1626519342
|move|p2a: Talonflame|Brave Bird|p1a: Sylveon
|-damage|p1a: Sylveon|0 fnt
|faint|p1a: Sylveon
|-damage|p2a: Talonflame|28/100|[from] Recoil
|
|upkeep
|
|t:|1626519350
|switch|p1a: Crobat|Crobat, F|100/100
|turn|12
|
|t:|1626519354
|move|p1a: Crobat|Brave Bird|p2a: Talonflame
|-damage|p2a: Talonflame|0 fnt
|faint|p2a: Talonflame
|-damage|p1a: Crobat|92/100|[from] Recoil
|
|upkeep
|
|t:|1626519362
|switch|p2a: Sharpedo|Sharpedo, F|100/100
|-damage|p2a: Sharpedo|88/100|[from] Stealth Rock
|turn|13
|
|t:|1626519378
|move|p2a: Sharpedo|Protect|p2a: Sharpedo
|-singleturn|p2a: Sharpedo|Protect
|move|p1a: Crobat|Brave Bird|p2a: Sharpedo
|-activate|p2a: Sharpedo|move: Protect
|
|-ability|p2a: Sharpedo|Speed Boost|boost
|-boost|p2a: Sharpedo|spe|1
|upkeep
|turn|14
|
|t:|1626519386
|move|p2a: Sharpedo|Ice Beam|p1a: Crobat
|-supereffective|p1a: Crobat
|-damage|p1a: Crobat|0 fnt
|faint|p1a: Crobat
|-damage|p2a: Sharpedo|78/100|[from] item: Life Orb
|
|-ability|p2a: Sharpedo|Speed Boost|boost
|-boost|p2a: Sharpedo|spe|1
|upkeep
|
|t:|1626519393
|switch|p1a: Raikou|Raikou|100/100
|-damage|p1a: Raikou|88/100|[from] Stealth Rock
|-ability|p1a: Raikou|Pressure
|turn|15
|
|t:|1626519410
|move|p2a: Sharpedo|Hydro Pump|p1a: Raikou|[miss]
|-miss|p2a: Sharpedo|p1a: Raikou
|move|p1a: Raikou|Thunderbolt|p2a: Sharpedo
|-supereffective|p2a: Sharpedo
|-damage|p2a: Sharpedo|0 fnt
|faint|p2a: Sharpedo
|
|-heal|p1a: Raikou|94/100|[from] item: Leftovers
|upkeep
|
|t:|1626519414
|switch|p2a: Flygon|Flygon, M|100/100
|-damage|p2a: Flygon|95/100|[from] Stealth Rock
|turn|16
|
|t:|1626519430
|move|p1a: Raikou|Extrasensory|p2a: Flygon
|-damage|p2a: Flygon|61/100
|move|p2a: Flygon|Dragon Dance|p2a: Flygon
|-boost|p2a: Flygon|atk|1
|-boost|p2a: Flygon|spe|1
|
|-heal|p1a: Raikou|100/100|[from] item: Leftovers
|upkeep
|turn|17
|
|t:|1626519439
|move|p2a: Flygon|Earthquake|p1a: Raikou
|-supereffective|p1a: Raikou
|-damage|p1a: Raikou|0 fnt
|faint|p1a: Raikou
|-damage|p2a: Flygon|51/100|[from] item: Life Orb
|
|upkeep
|
|t:|1626519454
|switch|p1a: Chandelure|Chandelure, M|100/100
|-damage|p1a: Chandelure|76/100|[from] Stealth Rock
|turn|18
|
|t:|1626519465
|move|p2a: Flygon|Earthquake|p1a: Chandelure
|-supereffective|p1a: Chandelure
|-damage|p1a: Chandelure|0 fnt
|faint|p1a: Chandelure
|-damage|p2a: Flygon|41/100|[from] item: Life Orb
|
|upkeep
|
|t:|1626519471
|switch|p1a: Sharpedo|Sharpedo, M|100/100
|-damage|p1a: Sharpedo|88/100|[from] Stealth Rock
|turn|19
|
|t:|1626519480
|move|p2a: Flygon|Earthquake|p1a: Sharpedo
|-damage|p1a: Sharpedo|0 fnt
|faint|p1a: Sharpedo
|-damage|p2a: Flygon|31/100|[from] item: Life Orb
|
|win|rult70dr
|raw|Eskraft34's rating: 1138 &rarr; <strong>1128</strong><br />(-10 for losing)
|raw|rult70dr's rating: 1372 &rarr; <strong>1380</strong><br />(+8 for winning)
