|j|☆Its oyster time
|j|☆yOuRwElCoMeThAnK
|inactive|Battle timer is ON: inactive players will automatically lose when time's up.
|t:|1650764993
|gametype|singles
|player|p1|Its oyster time|ninjaboy|
|player|p2|yOuRwElCoMeThAnK|hiker-gen4|
|teamsize|p1|6
|teamsize|p2|6
|gen|8
|tier|[Gen 8] RU
|rated|Tournament battle
|rule|Sleep Clause Mod: Limit one foe put to sleep
|rule|Species Clause: Limit one of each Pokémon
|rule|OHKO Clause: OHKO moves are banned
|rule|Evasion Moves Clause: Evasion moves are banned
|rule|Endless Battle Clause: Forcing endless battles is banned
|rule|HP Percentage Mod: HP is shown in percentages
|rule|Dynamax Clause: You cannot dynamax
|clearpoke
|poke|p1|Ninetales, F|
|poke|p1|Rhyperior, M|
|poke|p1|Shiftry, F|
|poke|p1|Starmie|
|poke|p1|Copperajah, F|
|poke|p1|Talonflame, F|
|poke|p2|Toxicroak, M|
|poke|p2|Starmie|
|poke|p2|Entei|
|poke|p2|Flygon, M|
|poke|p2|Bronzong|
|poke|p2|Weezing-Galar, F|
|teampreview
|inactive|Its oyster time also wants the timer to be on.
|inactive|Its oyster time has 120 seconds left.
|inactive|yOuRwElCoMeThAnK has 120 seconds left.
|
|t:|1650765040
|start
|switch|p1a: Rhyperior|Rhyperior, M|100/100
|switch|p2a: Bronzong|Bronzong|100/100
|turn|1
|inactive|yOuRwElCoMeThAnK has 120 seconds left.
|inactive|yOuRwElCoMeThAnK has 90 seconds left.
|inactive|yOuRwElCoMeThAnK has 60 seconds left.
|
|t:|1650765131
|move|p1a: Rhyperior|Stealth Rock|p2a: Bronzong
|-sidestart|p2: yOuRwElCoMeThAnK|move: Stealth Rock
|move|p2a: Bronzong|Toxic|p1a: Rhyperior
|-status|p1a: Rhyperior|tox
|
|-damage|p1a: Rhyperior|94/100 tox|[from] psn
|upkeep
|turn|2
|
|t:|1650765138
|switch|p1a: Ninetales|Ninetales, F|100/100
|-weather|SunnyDay|[from] ability: Drought|[of] p1a: Ninetales
|move|p2a: Bronzong|Stealth Rock|p1a: Ninetales
|-sidestart|p1: Its oyster time|move: Stealth Rock
|
|-weather|SunnyDay|[upkeep]
|upkeep
|turn|3
|
|t:|1650765147
|switch|p2a: Starmie|Starmie|100/100
|move|p1a: Ninetales|Fire Blast|p2a: Starmie|[miss]
|-miss|p1a: Ninetales|p2a: Starmie
|
|-weather|SunnyDay|[upkeep]
|upkeep
|turn|4
|
|t:|1650765154
|move|p2a: Starmie|Rapid Spin|p1a: Ninetales
|-crit|p1a: Ninetales
|-damage|p1a: Ninetales|81/100
|-boost|p2a: Starmie|spe|1
|-sideend|p2: yOuRwElCoMeThAnK|Stealth Rock|[from] move: Rapid Spin|[of] p2a: Starmie
|move|p1a: Ninetales|Solar Beam||[still]
|-prepare|p1a: Ninetales|Solar Beam
|-anim|p1a: Ninetales|Solar Beam|p2a: Starmie
|-supereffective|p2a: Starmie
|-damage|p2a: Starmie|27/100
|
|-weather|SunnyDay|[upkeep]
|upkeep
|turn|5
|
|t:|1650765159
|switch|p2a: Toxicroak|Toxicroak, M|100/100
|switch|p1a: Starmie|Starmie|100/100
|
|-weather|SunnyDay|[upkeep]
|-damage|p2a: Toxicroak|88/100|[from] ability: Dry Skin|[of] p2a: Toxicroak
|upkeep
|turn|6
|
|t:|1650765167
|move|p1a: Starmie|Rapid Spin|p2a: Toxicroak
|-damage|p2a: Toxicroak|75/100
|-boost|p1a: Starmie|spe|1
|-sideend|p1: Its oyster time|Stealth Rock|[from] move: Rapid Spin|[of] p1a: Starmie
|move|p2a: Toxicroak|Gunk Shot|p1a: Starmie
|-damage|p1a: Starmie|12/100
|-damage|p2a: Toxicroak|65/100|[from] item: Life Orb
|
|-weather|SunnyDay|[upkeep]
|-damage|p2a: Toxicroak|53/100|[from] ability: Dry Skin|[of] p2a: Toxicroak
|upkeep
|turn|7
|inactive|yOuRwElCoMeThAnK has 90 seconds left.
|
|t:|1650765175
|move|p1a: Starmie|Recover|p1a: Starmie
|-heal|p1a: Starmie|62/100
|move|p2a: Toxicroak|Stone Edge|p1a: Starmie
|-damage|p1a: Starmie|19/100
|-damage|p2a: Toxicroak|43/100|[from] item: Life Orb
|
|-weather|SunnyDay|[upkeep]
|-damage|p2a: Toxicroak|30/100|[from] ability: Dry Skin|[of] p2a: Toxicroak
|upkeep
|turn|8
|
|t:|1650765187
|move|p1a: Starmie|Recover|p1a: Starmie
|-heal|p1a: Starmie|69/100
|move|p2a: Toxicroak|Drain Punch|p1a: Starmie
|-resisted|p1a: Starmie
|-damage|p1a: Starmie|41/100
|-heal|p2a: Toxicroak|45/100|[from] drain|[of] p1a: Starmie
|-damage|p2a: Toxicroak|35/100|[from] item: Life Orb
|
|-weather|SunnyDay|[upkeep]
|-damage|p2a: Toxicroak|23/100|[from] ability: Dry Skin|[of] p2a: Toxicroak
|upkeep
|turn|9
|inactive|yOuRwElCoMeThAnK has 90 seconds left.
|
|t:|1650765207
|move|p1a: Starmie|Recover|p1a: Starmie
|-heal|p1a: Starmie|91/100
|move|p2a: Toxicroak|Gunk Shot|p1a: Starmie
|-damage|p1a: Starmie|5/100
|-damage|p2a: Toxicroak|13/100|[from] item: Life Orb
|
|-weather|none
|upkeep
|turn|10
|
|t:|1650765215
|move|p1a: Starmie|Rapid Spin|p2a: Toxicroak
|-damage|p2a: Toxicroak|0 fnt
|-boost|p1a: Starmie|spe|1
|faint|p2a: Toxicroak
|
|upkeep
|
|t:|1650765223
|switch|p2a: Entei|Entei|100/100
|turn|11
|
|t:|1650765230
|switch|p1a: Rhyperior|Rhyperior, M|94/100 tox
|move|p2a: Entei|Extreme Speed|p1a: Rhyperior
|-resisted|p1a: Rhyperior
|-damage|p1a: Rhyperior|82/100 tox
|
|-heal|p1a: Rhyperior|88/100 tox|[from] item: Leftovers
|-damage|p1a: Rhyperior|82/100 tox|[from] psn
|upkeep
|turn|12
|
|t:|1650765240
|switch|p2a: Bronzong|Bronzong|100/100
|switch|p1a: Starmie|Starmie|5/100
|
|upkeep
|turn|13
|inactive|yOuRwElCoMeThAnK has 90 seconds left.
|
|t:|1650765289
|move|p1a: Starmie|Recover|p1a: Starmie
|-heal|p1a: Starmie|55/100
|move|p2a: Bronzong|Toxic|p1a: Starmie
|-status|p1a: Starmie|tox
|
|-damage|p1a: Starmie|48/100 tox|[from] psn
|upkeep
|turn|14
|
|t:|1650765293
|move|p1a: Starmie|Recover|p1a: Starmie
|-heal|p1a: Starmie|98/100 tox
|move|p2a: Bronzong|Stealth Rock|p1a: Starmie
|-sidestart|p1: Its oyster time|move: Stealth Rock
|
|-damage|p1a: Starmie|86/100 tox|[from] psn
|upkeep
|turn|15
|
|t:|1650765296
|move|p1a: Starmie|Rapid Spin|p2a: Bronzong
|-resisted|p2a: Bronzong
|-damage|p2a: Bronzong|97/100
|-boost|p1a: Starmie|spe|1
|-sideend|p1: Its oyster time|Stealth Rock|[from] move: Rapid Spin|[of] p1a: Starmie
|move|p2a: Bronzong|Stealth Rock|p1a: Starmie
|-sidestart|p1: Its oyster time|move: Stealth Rock
|
|-heal|p2a: Bronzong|100/100|[from] item: Leftovers
|-damage|p1a: Starmie|67/100 tox|[from] psn
|upkeep
|turn|16
|
|t:|1650765302
|switch|p2a: Entei|Entei|100/100
|move|p1a: Starmie|Teleport|p1a: Starmie
|
|t:|1650765309
|-curestatus|p1a: Starmie|tox|[from] ability: Natural Cure
|switch|p1a: Rhyperior|Rhyperior, M|82/100 tox|[from]move: Teleport
|-damage|p1a: Rhyperior|76/100 tox|[from] Stealth Rock
|
|-heal|p1a: Rhyperior|82/100 tox|[from] item: Leftovers
|-damage|p1a: Rhyperior|76/100 tox|[from] psn
|upkeep
|turn|17
|inactive|yOuRwElCoMeThAnK has 90 seconds left.
|
|t:|1650765355
|switch|p2a: Starmie|Starmie|27/100
|move|p1a: Rhyperior|Earthquake|p2a: Starmie
|-damage|p2a: Starmie|0 fnt
|faint|p2a: Starmie
|
|-heal|p1a: Rhyperior|82/100 tox|[from] item: Leftovers
|-damage|p1a: Rhyperior|70/100 tox|[from] psn
|upkeep
|
|t:|1650765364
|switch|p2a: Flygon|Flygon, M|100/100
|turn|18
|
|t:|1650765374
|switch|p1a: Starmie|Starmie|67/100
|move|p2a: Flygon|Earthquake|p1a: Starmie
|-damage|p1a: Starmie|15/100
|
|upkeep
|turn|19
|inactive|yOuRwElCoMeThAnK has 60 seconds left.
|
|t:|1650765421
|switch|p2a: Entei|Entei|100/100
|move|p1a: Starmie|Rapid Spin|p2a: Entei
|-crit|p2a: Entei
|-damage|p2a: Entei|88/100
|-boost|p1a: Starmie|spe|1
|-sideend|p1: Its oyster time|Stealth Rock|[from] move: Rapid Spin|[of] p1a: Starmie
|
|upkeep
|turn|20
|
|t:|1650765430
|move|p1a: Starmie|Recover|p1a: Starmie
|-heal|p1a: Starmie|65/100
|move|p2a: Entei|Crunch|p1a: Starmie
|-supereffective|p1a: Starmie
|-damage|p1a: Starmie|0 fnt
|faint|p1a: Starmie
|
|upkeep
|
|t:|1650765450
|switch|p1a: Rhyperior|Rhyperior, M|70/100 tox
|turn|21
|
|t:|1650765462
|switch|p2a: Bronzong|Bronzong|100/100
|move|p1a: Rhyperior|Stealth Rock|p2a: Bronzong
|-sidestart|p2: yOuRwElCoMeThAnK|move: Stealth Rock
|
|-heal|p1a: Rhyperior|76/100 tox|[from] item: Leftovers
|-damage|p1a: Rhyperior|70/100 tox|[from] psn
|upkeep
|turn|22
|
|t:|1650765467
|switch|p1a: Ninetales|Ninetales, F|81/100
|-weather|SunnyDay|[from] ability: Drought|[of] p1a: Ninetales
|move|p2a: Bronzong|Stealth Rock|p1a: Ninetales
|-sidestart|p1: Its oyster time|move: Stealth Rock
|
|-weather|SunnyDay|[upkeep]
|upkeep
|turn|23
|
|t:|1650765472
|switch|p2a: Flygon|Flygon, M|100/100
|-damage|p2a: Flygon|95/100|[from] Stealth Rock
|move|p1a: Ninetales|Fire Blast|p2a: Flygon|[miss]
|-miss|p1a: Ninetales|p2a: Flygon
|
|-weather|SunnyDay|[upkeep]
|upkeep
|turn|24
|
|t:|1650765479
|switch|p1a: Talonflame|Talonflame, F|100/100
|-damage|p1a: Talonflame|51/100|[from] Stealth Rock
|move|p2a: Flygon|Stone Edge|p1a: Talonflame
|-supereffective|p1a: Talonflame
|-damage|p1a: Talonflame|0 fnt
|faint|p1a: Talonflame
|
|-weather|SunnyDay|[upkeep]
|upkeep
|
|t:|1650765493
|switch|p1a: Shiftry|Shiftry, F|100/100
|-damage|p1a: Shiftry|88/100|[from] Stealth Rock
|turn|25
|
|t:|1650765496
|switch|p2a: Weezing|Weezing-Galar, F|100/100
|-ability|p2a: Weezing|Neutralizing Gas
|-damage|p2a: Weezing|88/100|[from] Stealth Rock
|move|p1a: Shiftry|Solar Beam||[still]
|-prepare|p1a: Shiftry|Solar Beam
|-anim|p1a: Shiftry|Solar Beam|p2a: Weezing
|-resisted|p2a: Weezing
|-damage|p2a: Weezing|42/100
|-damage|p1a: Shiftry|78/100|[from] item: Life Orb
|
|-weather|SunnyDay|[upkeep]
|-heal|p2a: Weezing|48/100|[from] item: Black Sludge
|upkeep
|turn|26
|inactive|yOuRwElCoMeThAnK has 90 seconds left.
|
|t:|1650765502
|move|p1a: Shiftry|Heat Wave|p2a: Weezing
|-damage|p2a: Weezing|0 fnt
|faint|p2a: Weezing
|-end|p2a: Weezing|ability: Neutralizing Gas
|-damage|p1a: Shiftry|68/100|[from] item: Life Orb
|
|-weather|SunnyDay|[upkeep]
|upkeep
|inactive|yOuRwElCoMeThAnK has 90 seconds left.
|
|t:|1650765511
|switch|p2a: Entei|Entei|88/100
|-damage|p2a: Entei|63/100|[from] Stealth Rock
|turn|27
|
|t:|1650765514
|move|p1a: Shiftry|Dark Pulse|p2a: Entei
|-damage|p2a: Entei|9/100
|-damage|p1a: Shiftry|58/100|[from] item: Life Orb
|move|p2a: Entei|Sacred Fire|p1a: Shiftry
|-supereffective|p1a: Shiftry
|-damage|p1a: Shiftry|0 fnt
|faint|p1a: Shiftry
|
|-weather|SunnyDay|[upkeep]
|upkeep
|
|t:|1650765520
|switch|p1a: Rhyperior|Rhyperior, M|70/100 tox
|-damage|p1a: Rhyperior|63/100 tox|[from] Stealth Rock
|turn|28
|
|t:|1650765525
|move|p2a: Entei|Sacred Fire|p1a: Rhyperior
|-resisted|p1a: Rhyperior
|-damage|p1a: Rhyperior|28/100 tox
|move|p1a: Rhyperior|Earthquake|p2a: Entei
|-supereffective|p2a: Entei
|-damage|p2a: Entei|0 fnt
|faint|p2a: Entei
|
|-weather|SunnyDay|[upkeep]
|-heal|p1a: Rhyperior|34/100 tox|[from] item: Leftovers
|-damage|p1a: Rhyperior|28/100 tox|[from] psn
|upkeep
|
|t:|1650765533
|switch|p2a: Flygon|Flygon, M|95/100
|-damage|p2a: Flygon|89/100|[from] Stealth Rock
|turn|29
|
|t:|1650765536
|move|p2a: Flygon|Earthquake|p1a: Rhyperior
|-supereffective|p1a: Rhyperior
|-damage|p1a: Rhyperior|0 fnt
|faint|p1a: Rhyperior
|
|-weather|none
|upkeep
|
|t:|1650765540
|switch|p1a: Copperajah|Copperajah, F|100/100
|-damage|p1a: Copperajah|94/100|[from] Stealth Rock
|turn|30
|
|t:|1650765543
|switch|p2a: Bronzong|Bronzong|100/100
|-damage|p2a: Bronzong|94/100|[from] Stealth Rock
|move|p1a: Copperajah|Heavy Slam|p2a: Bronzong
|-resisted|p2a: Bronzong
|-damage|p2a: Bronzong|69/100
|
|-heal|p2a: Bronzong|76/100|[from] item: Leftovers
|upkeep
|turn|31
|
|t:|1650765548
|switch|p1a: Ninetales|Ninetales, F|81/100
|-damage|p1a: Ninetales|57/100|[from] Stealth Rock
|-weather|SunnyDay|[from] ability: Drought|[of] p1a: Ninetales
|move|p2a: Bronzong|Body Press|p1a: Ninetales
|-damage|p1a: Ninetales|23/100
|
|-weather|SunnyDay|[upkeep]
|-heal|p2a: Bronzong|82/100|[from] item: Leftovers
|upkeep
|turn|32
|
|t:|1650765552
|switch|p2a: Flygon|Flygon, M|89/100
|-damage|p2a: Flygon|83/100|[from] Stealth Rock
|move|p1a: Ninetales|Fire Blast|p2a: Flygon
|-resisted|p2a: Flygon
|-damage|p2a: Flygon|38/100
|-status|p2a: Flygon|brn
|
|-weather|SunnyDay|[upkeep]
|-damage|p2a: Flygon|32/100 brn|[from] brn
|upkeep
|turn|33
|
|t:|1650765559
|move|p2a: Flygon|Earthquake|p1a: Ninetales
|-supereffective|p1a: Ninetales
|-damage|p1a: Ninetales|0 fnt
|faint|p1a: Ninetales
|
|-weather|SunnyDay|[upkeep]
|-damage|p2a: Flygon|26/100 brn|[from] brn
|upkeep
|
|t:|1650765561
|switch|p1a: Copperajah|Copperajah, F|94/100
|-damage|p1a: Copperajah|88/100|[from] Stealth Rock
|turn|34
|
|t:|1650765563
|move|p2a: Flygon|Earthquake|p1a: Copperajah
|-supereffective|p1a: Copperajah
|-damage|p1a: Copperajah|37/100
|move|p1a: Copperajah|Heavy Slam|p2a: Flygon
|-damage|p2a: Flygon|0 fnt
|faint|p2a: Flygon
|
|-weather|SunnyDay|[upkeep]
|upkeep
|
|t:|1650765565
|switch|p2a: Bronzong|Bronzong|82/100
|-damage|p2a: Bronzong|76/100|[from] Stealth Rock
|turn|35
|
|t:|1650765567
|move|p1a: Copperajah|Heat Crash|p2a: Bronzong
|-supereffective|p2a: Bronzong
|-damage|p2a: Bronzong|0 fnt
|faint|p2a: Bronzong
|
|win|Its oyster time
|n|☆Its oyster time|itsoystertime
|n|☆yOuRwElCoMeThAnK|yourwelcomethank
