|j|☆Sdsdffggff
|j|☆hoyssxo
|t:|1663962772
|gametype|singles
|player|p1|Sdsdffggff|169|1301
|player|p2|hoyssxo|channeler-gen1|1481
|teamsize|p1|6
|teamsize|p2|6
|gen|8
|tier|[Gen 8] RU
|rated|
|rule|Sleep Clause Mod: Limit one foe put to sleep
|rule|Species Clause: Limit one of each Pokémon
|rule|OHKO Clause: OHKO moves are banned
|rule|Evasion Items Clause: Evasion items are banned
|rule|Evasion Moves Clause: Evasion moves are banned
|rule|Endless Battle Clause: Forcing endless battles is banned
|rule|HP Percentage Mod: HP is shown in percentages
|rule|Dynamax Clause: You cannot dynamax
|clearpoke
|poke|p1|Golisopod, F|
|poke|p1|Rhyperior, F|
|poke|p1|Shedinja|
|poke|p1|Rotom-Mow|
|poke|p1|Umbreon, M|
|poke|p1|Xatu, M|
|poke|p2|Pangoro, F|
|poke|p2|Gardevoir, F|
|poke|p2|Registeel|
|poke|p2|Noivern, F|
|poke|p2|Dhelmise|
|poke|p2|Milotic, M|
|teampreview
|inactive|Battle timer is ON: inactive players will automatically lose when time's up. (requested by Sdsdffggff)
|inactive|hoyssxo has 120 seconds left.
|
|t:|1663962824
|start
|switch|p1a: Golisopod|Golisopod, F|100/100
|switch|p2a: Pangoro|Pangoro, F|100/100
|turn|1
|
|t:|1663962829
|switch|p2a: Milotic|Milotic, M|100/100
|move|p1a: Golisopod|First Impression|p2a: Milotic
|-damage|p2a: Milotic|67/100
|
|-heal|p2a: Milotic|73/100|[from] item: Leftovers
|upkeep
|turn|2
|
|t:|1663962836
|switch|p1a: Xatu|Xatu, M|100/100
|move|p2a: Milotic|Flip Turn|p1a: Xatu
|-damage|p1a: Xatu|84/100
|
|t:|1663962854
|switch|p2a: Noivern|Noivern, F|100/100|[from]move: Flip Turn
|
|-heal|p1a: Xatu|90/100|[from] item: Leftovers
|upkeep
|turn|3
|
|t:|1663962858
|move|p2a: Noivern|Hurricane|p1a: Xatu
|-damage|p1a: Xatu|30/100
|move|p1a: Xatu|Light Screen|p1a: Xatu
|-sidestart|p1: Sdsdffggff|move: Light Screen
|
|-heal|p1a: Xatu|36/100|[from] item: Leftovers
|upkeep
|turn|4
|
|t:|1663962866
|move|p2a: Noivern|U-turn|p1a: Xatu
|-damage|p1a: Xatu|23/100
|
|t:|1663962879
|switch|p2a: Dhelmise|Dhelmise|100/100|[from]move: U-turn
|move|p1a: Xatu|Roost|p1a: Xatu
|-heal|p1a: Xatu|73/100
|-singleturn|p1a: Xatu|move: Roost
|
|-heal|p1a: Xatu|79/100|[from] item: Leftovers
|upkeep
|turn|5
|
|t:|1663962886
|switch|p1a: Golisopod|Golisopod, F|100/100
|move|p2a: Dhelmise|Anchor Shot|p1a: Golisopod
|-resisted|p1a: Golisopod
|-damage|p1a: Golisopod|87/100
|-activate|p1a: Golisopod|trapped
|
|upkeep
|turn|6
|
|t:|1663962891
|move|p2a: Dhelmise|Poltergeist|p1a: Golisopod
|-activate|p1a: Golisopod|move: Poltergeist|Assault Vest
|-damage|p1a: Golisopod|51/100
|move|p1a: Golisopod|Knock Off|p2a: Dhelmise
|-supereffective|p2a: Dhelmise
|-damage|p2a: Dhelmise|52/100
|-enditem|p2a: Dhelmise|Leftovers|[from] move: Knock Off|[of] p1a: Golisopod
|
|upkeep
|turn|7
|
|t:|1663962909
|move|p2a: Dhelmise|Synthesis|p2a: Dhelmise
|-heal|p2a: Dhelmise|100/100
|move|p1a: Golisopod|Leech Life|p2a: Dhelmise
|-damage|p2a: Dhelmise|67/100
|-heal|p1a: Golisopod|70/100|[from] drain|[of] p2a: Dhelmise
|
|-sideend|p1: Sdsdffggff|move: Light Screen
|upkeep
|turn|8
|
|t:|1663962914
|move|p2a: Dhelmise|Poltergeist|p1a: Golisopod
|-activate|p1a: Golisopod|move: Poltergeist|Assault Vest
|-damage|p1a: Golisopod|33/100
|-activate|p1a: Golisopod|ability: Emergency Exit
|
|t:|1663962920
|switch|p1a: Umbreon|Umbreon, M|100/100
|
|upkeep
|turn|9
|
|t:|1663962929
|switch|p2a: Registeel|Registeel|100/100
|move|p1a: Umbreon|Foul Play|p2a: Registeel
|-damage|p2a: Registeel|83/100
|
|-heal|p2a: Registeel|89/100|[from] item: Leftovers
|upkeep
|turn|10
|
|t:|1663962936
|switch|p1a: Xatu|Xatu, M|79/100
|move|p2a: Registeel|Seismic Toss|p1a: Xatu
|-damage|p1a: Xatu|49/100
|
|-heal|p1a: Xatu|55/100|[from] item: Leftovers
|-heal|p2a: Registeel|95/100|[from] item: Leftovers
|upkeep
|turn|11
|
|t:|1663962941
|move|p1a: Xatu|Psychic|p2a: Registeel
|-resisted|p2a: Registeel
|-damage|p2a: Registeel|86/100
|move|p2a: Registeel|Heavy Slam|p1a: Xatu
|-damage|p1a: Xatu|11/100
|
|-heal|p1a: Xatu|17/100|[from] item: Leftovers
|-heal|p2a: Registeel|92/100|[from] item: Leftovers
|upkeep
|turn|12
|
|t:|1663962951
|switch|p2a: Noivern|Noivern, F|100/100
|move|p1a: Xatu|Roost|p1a: Xatu
|-heal|p1a: Xatu|67/100
|-singleturn|p1a: Xatu|move: Roost
|
|-heal|p1a: Xatu|73/100|[from] item: Leftovers
|upkeep
|turn|13
|
|t:|1663962954
|move|p2a: Noivern|Hurricane|p1a: Xatu|[miss]
|-miss|p2a: Noivern|p1a: Xatu
|move|p1a: Xatu|Light Screen|p1a: Xatu
|-sidestart|p1: Sdsdffggff|move: Light Screen
|
|-heal|p1a: Xatu|79/100|[from] item: Leftovers
|upkeep
|turn|14
|
|t:|1663962957
|move|p2a: Noivern|Hurricane|p1a: Xatu
|-damage|p1a: Xatu|22/100
|move|p1a: Xatu|Psychic|p2a: Noivern
|-damage|p2a: Noivern|57/100
|
|-heal|p1a: Xatu|28/100|[from] item: Leftovers
|upkeep
|turn|15
|
|t:|1663962966
|switch|p1a: Umbreon|Umbreon, M|100/100
|move|p2a: Noivern|Roost|p2a: Noivern
|-heal|p2a: Noivern|100/100
|-singleturn|p2a: Noivern|move: Roost
|
|upkeep
|turn|16
|
|t:|1663962969
|move|p2a: Noivern|U-turn|p1a: Umbreon
|-supereffective|p1a: Umbreon
|-damage|p1a: Umbreon|87/100
|
|t:|1663962977
|switch|p2a: Pangoro|Pangoro, F|100/100|[from]move: U-turn
|move|p1a: Umbreon|Wish|p1a: Umbreon
|
|-heal|p1a: Umbreon|93/100|[from] item: Leftovers
|upkeep
|turn|17
|
|t:|1663962984
|switch|p1a: Golisopod|Golisopod, F|33/100
|move|p2a: Pangoro|Knock Off|p1a: Golisopod
|-damage|p1a: Golisopod|0 fnt
|-enditem|p1a: Golisopod|Assault Vest|[from] move: Knock Off|[of] p2a: Pangoro
|faint|p1a: Golisopod
|
|-sideend|p1: Sdsdffggff|move: Light Screen
|upkeep
|
|t:|1663962993
|switch|p1a: Rotom|Rotom-Mow|100/100
|turn|18
|
|t:|1663962997
|switch|p2a: Registeel|Registeel|92/100
|move|p1a: Rotom|Volt Switch|p2a: Registeel
|-damage|p2a: Registeel|65/100
|
|t:|1663963003
|switch|p1a: Rhyperior|Rhyperior, F|100/100|[from]move: Volt Switch
|
|-heal|p2a: Registeel|71/100|[from] item: Leftovers
|upkeep
|turn|19
|
|t:|1663963029
|switch|p2a: Milotic|Milotic, M|73/100
|move|p1a: Rhyperior|Earthquake|p2a: Milotic
|-damage|p2a: Milotic|32/100
|
|-heal|p2a: Milotic|38/100|[from] item: Leftovers
|upkeep
|turn|20
|
|t:|1663963036
|move|p2a: Milotic|Recover|p2a: Milotic
|-heal|p2a: Milotic|88/100
|move|p1a: Rhyperior|Earthquake|p2a: Milotic
|-damage|p2a: Milotic|43/100
|
|-heal|p2a: Milotic|49/100|[from] item: Leftovers
|upkeep
|turn|21
|
|t:|1663963041
|switch|p1a: Shedinja|Shedinja|100/100
|move|p2a: Milotic|Scald|p1a: Shedinja
|-immune|p1a: Shedinja|[from] ability: Wonder Guard
|
|-heal|p2a: Milotic|55/100|[from] item: Leftovers
|upkeep
|turn|22
|
|t:|1663963048
|switch|p2a: Noivern|Noivern, F|100/100
|switch|p1a: Umbreon|Umbreon, M|93/100
|
|-heal|p1a: Umbreon|99/100|[from] item: Leftovers
|upkeep
|turn|23
|
|t:|1663963050
|move|p2a: Noivern|U-turn|p1a: Umbreon
|-supereffective|p1a: Umbreon
|-damage|p1a: Umbreon|86/100
|
|t:|1663963056
|switch|p2a: Milotic|Milotic, M|55/100|[from]move: U-turn
|move|p1a: Umbreon|Foul Play|p2a: Milotic
|-damage|p2a: Milotic|42/100
|
|-heal|p2a: Milotic|48/100|[from] item: Leftovers
|-heal|p1a: Umbreon|92/100|[from] item: Leftovers
|upkeep
|turn|24
|
|t:|1663963063
|move|p2a: Milotic|Recover|p2a: Milotic
|-heal|p2a: Milotic|98/100
|move|p1a: Umbreon|Wish|p1a: Umbreon
|
|-heal|p2a: Milotic|100/100|[from] item: Leftovers
|-heal|p1a: Umbreon|98/100|[from] item: Leftovers
|upkeep
|turn|25
|
|t:|1663963070
|switch|p1a: Rotom|Rotom-Mow|100/100
|move|p2a: Milotic|Flip Turn|p1a: Rotom
|-resisted|p1a: Rotom
|-damage|p1a: Rotom|91/100
|
|t:|1663963082
|switch|p2a: Registeel|Registeel|71/100|[from]move: Flip Turn
|
|-heal|p1a: Rotom|100/100|[from] move: Wish|[wisher] Umbreon
|-heal|p2a: Registeel|77/100|[from] item: Leftovers
|upkeep
|turn|26
|
|t:|1663963088
|move|p1a: Rotom|Trick|p2a: Registeel
|-activate|p1a: Rotom|move: Trick|[of] p2a: Registeel
|-item|p2a: Registeel|Choice Specs|[from] move: Trick
|-item|p1a: Rotom|Leftovers|[from] move: Trick
|move|p2a: Registeel|Seismic Toss|p1a: Rotom
|-damage|p1a: Rotom|59/100
|
|-heal|p1a: Rotom|65/100|[from] item: Leftovers
|upkeep
|turn|27
|
|t:|1663963094
|move|p1a: Rotom|Volt Switch|p2a: Registeel
|-damage|p2a: Registeel|59/100
|
|t:|1663963098
|switch|p1a: Umbreon|Umbreon, M|98/100|[from]move: Volt Switch
|move|p2a: Registeel|Seismic Toss|p1a: Umbreon
|-damage|p1a: Umbreon|73/100
|
|-heal|p1a: Umbreon|79/100|[from] item: Leftovers
|upkeep
|turn|28
|
|t:|1663963101
|switch|p2a: Pangoro|Pangoro, F|100/100
|move|p1a: Umbreon|Wish|p1a: Umbreon
|
|-heal|p1a: Umbreon|85/100|[from] item: Leftovers
|upkeep
|turn|29
|
|t:|1663963112
|move|p1a: Umbreon|Protect|p1a: Umbreon
|-singleturn|p1a: Umbreon|Protect
|move|p2a: Pangoro|Knock Off|p1a: Umbreon
|-activate|p1a: Umbreon|move: Protect
|
|-heal|p1a: Umbreon|100/100|[from] move: Wish|[wisher] Umbreon
|upkeep
|turn|30
|
|t:|1663963121
|move|p2a: Pangoro|Knock Off|p1a: Umbreon
|-resisted|p1a: Umbreon
|-damage|p1a: Umbreon|78/100
|-enditem|p1a: Umbreon|Leftovers|[from] move: Knock Off|[of] p2a: Pangoro
|move|p1a: Umbreon|Wish|p1a: Umbreon
|
|upkeep
|turn|31
|
|t:|1663963131
|switch|p2a: Registeel|Registeel|59/100
|switch|p1a: Rhyperior|Rhyperior, F|100/100
|
|upkeep
|turn|32
|
|t:|1663963140
|switch|p2a: Milotic|Milotic, M|100/100
|move|p1a: Rhyperior|Avalanche|p2a: Milotic
|-resisted|p2a: Milotic
|-damage|p2a: Milotic|92/100
|
|-heal|p2a: Milotic|98/100|[from] item: Leftovers
|upkeep
|turn|33
|
|t:|1663963147
|switch|p1a: Shedinja|Shedinja|100/100
|move|p2a: Milotic|Flip Turn|p1a: Shedinja
|-immune|p1a: Shedinja|[from] ability: Wonder Guard
|
|-heal|p2a: Milotic|100/100|[from] item: Leftovers
|upkeep
|turn|34
|
|t:|1663963153
|switch|p2a: Noivern|Noivern, F|100/100
|move|p1a: Shedinja|Protect||[still]
|-fail|p1a: Shedinja
|
|upkeep
|turn|35
|
|t:|1663963161
|switch|p1a: Umbreon|Umbreon, M|78/100
|move|p2a: Noivern|U-turn|p1a: Umbreon
|-supereffective|p1a: Umbreon
|-damage|p1a: Umbreon|64/100
|
|t:|1663963170
|switch|p2a: Gardevoir|Gardevoir, F|100/100|[from]move: U-turn
|-ability|p2a: Gardevoir|Synchronize|[from] ability: Trace|[of] p1a: Umbreon
|
|upkeep
|turn|36
|
|t:|1663963176
|switch|p1a: Shedinja|Shedinja|100/100
|move|p2a: Gardevoir|Trick|p1a: Shedinja
|-activate|p2a: Gardevoir|move: Trick|[of] p1a: Shedinja
|-item|p1a: Shedinja|Choice Scarf|[from] move: Trick
|-item|p2a: Gardevoir|Heavy-Duty Boots|[from] move: Trick
|
|upkeep
|turn|37
|
|t:|1663963192
|switch|p2a: Noivern|Noivern, F|100/100
|move|p1a: Shedinja|Shadow Sneak|p2a: Noivern
|-damage|p2a: Noivern|77/100
|
|upkeep
|turn|38
|
|t:|1663963199
|switch|p1a: Umbreon|Umbreon, M|64/100
|move|p2a: Noivern|U-turn|p1a: Umbreon
|-supereffective|p1a: Umbreon
|-damage|p1a: Umbreon|51/100
|
|t:|1663963206
|switch|p2a: Gardevoir|Gardevoir, F|100/100|[from]move: U-turn
|-ability|p2a: Gardevoir|Synchronize|[from] ability: Trace|[of] p1a: Umbreon
|
|upkeep
|turn|39
|
|t:|1663963212
|move|p2a: Gardevoir|Moonblast|p1a: Umbreon
|-supereffective|p1a: Umbreon
|-damage|p1a: Umbreon|0 fnt
|faint|p1a: Umbreon
|
|upkeep
|
|t:|1663963216
|switch|p1a: Rotom|Rotom-Mow|65/100
|turn|40
|
|t:|1663963221
|move|p2a: Gardevoir|Mystical Fire|p1a: Rotom
|-supereffective|p1a: Rotom
|-damage|p1a: Rotom|0 fnt
|faint|p1a: Rotom
|
|upkeep
|-message|Sdsdffggff forfeited.
|
|win|hoyssxo
|raw|Sdsdffggff's rating: 1301 &rarr; <strong>1291</strong><br />(-10 for losing)
|raw|hoyssxo's rating: 1481 &rarr; <strong>1491</strong><br />(+10 for winning)
|l|☆Sdsdffggff
