|raw|<div class="broadcast-blue"><strong>This battle is required to be public due to a player having a name starting with 'rult70'.</div>
|j|☆CodenameCAT
|j|☆rult70m mac3 ✝
|t:|1626547095
|gametype|singles
|player|p1|CodenameCAT|anabel|1379
|player|p2|rult70m mac3 ✝|roxie|1488
|teamsize|p1|6
|teamsize|p2|6
|gen|8
|tier|[Gen 8] RU
|rated|
|rule|Sleep Clause Mod: Limit one foe put to sleep
|rule|Species Clause: Limit one of each Pokémon
|rule|OHKO Clause: OHKO moves are banned
|rule|Evasion Moves Clause: Evasion moves are banned
|rule|Endless Battle Clause: Forcing endless battles is banned
|rule|HP Percentage Mod: HP is shown in percentages
|rule|Dynamax Clause: You cannot dynamax
|clearpoke
|poke|p1|Starmie|
|poke|p1|Togekiss, F|
|poke|p1|Reuniclus, M|
|poke|p1|Ninetales-Alola, F|
|poke|p1|Arctozolt|
|poke|p1|Flygon, F|
|poke|p2|Durant, M|
|poke|p2|Noivern, F|
|poke|p2|Roserade, M|
|poke|p2|Gastrodon, F|
|poke|p2|Golisopod, M|
|poke|p2|Diancie|
|teampreview
|j|+Feliburn
|c|☆CodenameCAT|glhf
|c|☆rult70m mac3 ✝|hf
|
|t:|1626547112
|start
|switch|p1a: Shrek 4-D|Flygon, F|100/100
|switch|p2a: Durant|Durant, M|100/100
|turn|1
|
|t:|1626547119
|move|p2a: Durant|First Impression|p1a: Shrek 4-D
|-damage|p1a: Shrek 4-D|0 fnt
|faint|p1a: Shrek 4-D
|-damage|p2a: Durant|91/100|[from] item: Life Orb
|
|upkeep
|
|t:|1626547130
|switch|p1a: Sinbad|Starmie|100/100
|turn|2
|
|t:|1626547140
|switch|p2a: Golisopod|Golisopod, M|100/100
|move|p1a: Sinbad|Scald|p2a: Golisopod
|-resisted|p2a: Golisopod
|-damage|p2a: Golisopod|84/100
|
|upkeep
|turn|3
|
|t:|1626547160
|switch|p1a: Prince of Egypt|Ninetales-Alola, F|100/100
|-weather|Hail|[from] ability: Snow Warning|[of] p1a: Prince of Egypt
|switch|p2a: Durant|Durant, M|91/100
|
|-weather|Hail|[upkeep]
|-damage|p2a: Durant|85/100|[from] Hail
|upkeep
|turn|4
|
|t:|1626547183
|switch|p1a: Sinbad|Starmie|100/100
|move|p2a: Durant|Iron Head|p1a: Sinbad
|-resisted|p1a: Sinbad
|-damage|p1a: Sinbad|59/100
|-damage|p2a: Durant|75/100|[from] item: Life Orb
|
|-weather|Hail|[upkeep]
|-damage|p1a: Sinbad|53/100|[from] Hail
|-damage|p2a: Durant|69/100|[from] Hail
|upkeep
|turn|5
|
|t:|1626547192
|switch|p2a: Golisopod|Golisopod, M|84/100
|move|p1a: Sinbad|Teleport|p1a: Sinbad
|
|t:|1626547194
|switch|p1a: The Were-Rabbit|Arctozolt|100/100|[from]move: Teleport
|
|-weather|Hail|[upkeep]
|-damage|p2a: Golisopod|78/100|[from] Hail
|upkeep
|turn|6
|
|t:|1626547212
|switch|p2a: Gastrodon|Gastrodon, F|100/100
|move|p1a: The Were-Rabbit|Bolt Beak|p2a: Gastrodon
|-immune|p2a: Gastrodon
|
|-weather|Hail|[upkeep]
|-damage|p2a: Gastrodon|94/100|[from] Hail
|upkeep
|turn|7
|
|t:|1626547218
|switch|p2a: Durant|Durant, M|69/100
|move|p1a: The Were-Rabbit|Freeze-Dry|p2a: Durant
|-resisted|p2a: Durant
|-damage|p2a: Durant|35/100
|-damage|p1a: The Were-Rabbit|91/100|[from] item: Life Orb
|
|-weather|Hail|[upkeep]
|-damage|p2a: Durant|29/100|[from] Hail
|upkeep
|turn|8
|
|t:|1626547226
|switch|p1a: Prince of Egypt|Ninetales-Alola, F|100/100
|move|p2a: Durant|First Impression|p1a: Prince of Egypt|[miss]
|-miss|p2a: Durant|p1a: Prince of Egypt
|
|-weather|Hail|[upkeep]
|-damage|p2a: Durant|23/100|[from] Hail
|upkeep
|turn|9
|
|t:|1626547241
|switch|p2a: Diancie|Diancie|100/100
|switch|p1a: Sinbad|Starmie|53/100
|
|-weather|Hail|[upkeep]
|-damage|p1a: Sinbad|47/100|[from] Hail
|-damage|p2a: Diancie|95/100|[from] Hail
|-heal|p2a: Diancie|100/100|[from] item: Leftovers
|upkeep
|turn|10
|
|t:|1626547248
|move|p1a: Sinbad|Scald|p2a: Diancie
|-supereffective|p2a: Diancie
|-damage|p2a: Diancie|64/100
|-status|p2a: Diancie|brn
|move|p2a: Diancie|Diamond Storm|p1a: Sinbad
|-damage|p1a: Sinbad|28/100
|
|-weather|none
|-heal|p2a: Diancie|70/100 brn|[from] item: Leftovers
|-damage|p2a: Diancie|64/100 brn|[from] brn
|upkeep
|turn|11
|
|t:|1626547255
|switch|p2a: Roserade|Roserade, M|100/100
|move|p1a: Sinbad|Teleport|p1a: Sinbad
|
|t:|1626547259
|switch|p1a: Prince of Egypt|Ninetales-Alola, F|100/100|[from]move: Teleport
|-weather|Hail|[from] ability: Snow Warning|[of] p1a: Prince of Egypt
|
|-weather|Hail|[upkeep]
|-damage|p2a: Roserade|94/100|[from] Hail
|upkeep
|turn|12
|
|t:|1626547267
|switch|p2a: Diancie|Diancie|64/100 brn
|move|p1a: Prince of Egypt|Aurora Veil|p1a: Prince of Egypt
|-sidestart|p1: CodenameCAT|move: Aurora Veil
|
|-weather|Hail|[upkeep]
|-damage|p2a: Diancie|58/100 brn|[from] Hail
|-heal|p2a: Diancie|64/100 brn|[from] item: Leftovers
|-damage|p2a: Diancie|58/100 brn|[from] brn
|upkeep
|turn|13
|
|t:|1626547273
|switch|p1a: Shrek 2|Reuniclus, M|100/100
|move|p2a: Diancie|Stealth Rock|p1a: Shrek 2
|-sidestart|p1: CodenameCAT|move: Stealth Rock
|
|-weather|Hail|[upkeep]
|-damage|p2a: Diancie|52/100 brn|[from] Hail
|-heal|p2a: Diancie|58/100 brn|[from] item: Leftovers
|-damage|p2a: Diancie|52/100 brn|[from] brn
|upkeep
|turn|14
|
|t:|1626547281
|switch|p2a: Golisopod|Golisopod, M|78/100
|move|p1a: Shrek 2|Calm Mind|p1a: Shrek 2
|-boost|p1a: Shrek 2|spa|1
|-boost|p1a: Shrek 2|spd|1
|
|-weather|Hail|[upkeep]
|-damage|p2a: Golisopod|72/100|[from] Hail
|upkeep
|turn|15
|
|t:|1626547285
|move|p2a: Golisopod|Leech Life|p1a: Shrek 2
|-supereffective|p1a: Shrek 2
|-damage|p1a: Shrek 2|67/100
|-heal|p2a: Golisopod|94/100|[from] drain|[of] p1a: Shrek 2
|move|p1a: Shrek 2|Calm Mind|p1a: Shrek 2
|-boost|p1a: Shrek 2|spa|1
|-boost|p1a: Shrek 2|spd|1
|
|-weather|Hail|[upkeep]
|-damage|p2a: Golisopod|88/100|[from] Hail
|-heal|p1a: Shrek 2|73/100|[from] item: Leftovers
|upkeep
|turn|16
|
|t:|1626547291
|move|p2a: Golisopod|Leech Life|p1a: Shrek 2
|-supereffective|p1a: Shrek 2
|-damage|p1a: Shrek 2|41/100
|-heal|p2a: Golisopod|100/100|[from] drain|[of] p1a: Shrek 2
|move|p1a: Shrek 2|Psyshock|p2a: Golisopod
|-damage|p2a: Golisopod|47/100
|-activate|p2a: Golisopod|ability: Emergency Exit
|
|t:|1626547301
|switch|p2a: Roserade|Roserade, M|94/100
|
|-weather|Hail|[upkeep]
|-damage|p2a: Roserade|88/100|[from] Hail
|-heal|p1a: Shrek 2|47/100|[from] item: Leftovers
|-sideend|p1: CodenameCAT|move: Aurora Veil
|upkeep
|turn|17
|
|t:|1626547308
|move|p2a: Roserade|Shadow Ball|p1a: Shrek 2
|-supereffective|p1a: Shrek 2
|-damage|p1a: Shrek 2|23/100
|move|p1a: Shrek 2|Recover|p1a: Shrek 2
|-heal|p1a: Shrek 2|73/100
|
|-weather|Hail|[upkeep]
|-damage|p2a: Roserade|82/100|[from] Hail
|-heal|p1a: Shrek 2|79/100|[from] item: Leftovers
|upkeep
|turn|18
|j|+Nat
|
|t:|1626547314
|move|p2a: Roserade|Shadow Ball|p1a: Shrek 2
|-supereffective|p1a: Shrek 2
|-damage|p1a: Shrek 2|55/100
|move|p1a: Shrek 2|Psyshock|p2a: Roserade
|-supereffective|p2a: Roserade
|-damage|p2a: Roserade|0 fnt
|faint|p2a: Roserade
|
|-weather|none
|-heal|p1a: Shrek 2|62/100|[from] item: Leftovers
|upkeep
|
|t:|1626547316
|switch|p2a: Golisopod|Golisopod, M|47/100
|turn|19
|
|t:|1626547334
|switch|p2a: Durant|Durant, M|23/100
|switch|p1a: Prince of Egypt|Ninetales-Alola, F|100/100
|-damage|p1a: Prince of Egypt|76/100|[from] Stealth Rock
|-weather|Hail|[from] ability: Snow Warning|[of] p1a: Prince of Egypt
|
|-weather|Hail|[upkeep]
|-damage|p2a: Durant|16/100|[from] Hail
|upkeep
|turn|20
|
|t:|1626547342
|move|p2a: Durant|Iron Head|p1a: Prince of Egypt
|-supereffective|p1a: Prince of Egypt
|-damage|p1a: Prince of Egypt|0 fnt
|faint|p1a: Prince of Egypt
|-damage|p2a: Durant|7/100|[from] item: Life Orb
|
|-weather|Hail|[upkeep]
|-damage|p2a: Durant|0 fnt|[from] Hail
|faint|p2a: Durant
|upkeep
|
|t:|1626547346
|switch|p2a: Golisopod|Golisopod, M|47/100
|switch|p1a: The Were-Rabbit|Arctozolt|91/100
|-damage|p1a: The Were-Rabbit|66/100|[from] Stealth Rock
|turn|21
|
|t:|1626547352
|switch|p2a: Diancie|Diancie|52/100 brn
|move|p1a: The Were-Rabbit|Bolt Beak|p2a: Diancie
|-damage|p2a: Diancie|0 fnt
|faint|p2a: Diancie
|-damage|p1a: The Were-Rabbit|56/100|[from] item: Life Orb
|
|-weather|Hail|[upkeep]
|upkeep
|j| GuyguyLaMenace
|
|t:|1626547375
|switch|p2a: Golisopod|Golisopod, M|47/100
|turn|22
|
|t:|1626547379
|move|p2a: Golisopod|First Impression|p1a: The Were-Rabbit
|-damage|p1a: The Were-Rabbit|0 fnt
|faint|p1a: The Were-Rabbit
|
|-weather|Hail|[upkeep]
|-damage|p2a: Golisopod|41/100|[from] Hail
|upkeep
|l| GuyguyLaMenace
|
|t:|1626547384
|switch|p1a: Shark Tale|Togekiss, F|100/100
|turn|23
|
|t:|1626547388
|switch|p2a: Gastrodon|Gastrodon, F|94/100
|move|p1a: Shark Tale|Air Slash|p2a: Gastrodon
|-damage|p2a: Gastrodon|65/100
|
|-weather|Hail|[upkeep]
|-damage|p1a: Shark Tale|94/100|[from] Hail
|-damage|p2a: Gastrodon|59/100|[from] Hail
|upkeep
|turn|24
|
|t:|1626547395
|move|p1a: Shark Tale|Air Slash|p2a: Gastrodon
|-damage|p2a: Gastrodon|31/100
|cant|p2a: Gastrodon|flinch
|
|-weather|Hail|[upkeep]
|-damage|p1a: Shark Tale|88/100|[from] Hail
|-damage|p2a: Gastrodon|25/100|[from] Hail
|upkeep
|turn|25
|
|t:|1626547399
|move|p1a: Shark Tale|Air Slash|p2a: Gastrodon
|-damage|p2a: Gastrodon|0 fnt
|faint|p2a: Gastrodon
|
|-weather|Hail|[upkeep]
|-damage|p1a: Shark Tale|82/100|[from] Hail
|upkeep
|
|t:|1626547401
|switch|p2a: Noivern|Noivern, F|100/100
|turn|26
|
|t:|1626547405
|move|p2a: Noivern|Flamethrower|p1a: Shark Tale
|-damage|p1a: Shark Tale|59/100
|move|p1a: Shark Tale|Air Slash|p2a: Noivern
|-damage|p2a: Noivern|61/100
|
|-weather|none
|upkeep
|turn|27
|
|t:|1626547411
|move|p2a: Noivern|Flamethrower|p1a: Shark Tale
|-damage|p1a: Shark Tale|39/100
|move|p1a: Shark Tale|Air Slash|p2a: Noivern
|-damage|p2a: Noivern|22/100
|
|upkeep
|turn|28
|
|t:|1626547416
|move|p2a: Noivern|Roost|p2a: Noivern
|-heal|p2a: Noivern|72/100
|-singleturn|p2a: Noivern|move: Roost
|move|p1a: Shark Tale|Roost|p1a: Shark Tale
|-heal|p1a: Shark Tale|89/100
|-singleturn|p1a: Shark Tale|move: Roost
|
|upkeep
|turn|29
|
|t:|1626547420
|move|p2a: Noivern|Flamethrower|p1a: Shark Tale
|-damage|p1a: Shark Tale|68/100
|move|p1a: Shark Tale|Nasty Plot|p1a: Shark Tale
|-boost|p1a: Shark Tale|spa|2
|
|upkeep
|turn|30
|
|t:|1626547423
|move|p2a: Noivern|Flamethrower|p1a: Shark Tale
|-damage|p1a: Shark Tale|48/100
|move|p1a: Shark Tale|Nasty Plot|p1a: Shark Tale
|-boost|p1a: Shark Tale|spa|2
|
|upkeep
|turn|31
|
|t:|1626547428
|move|p2a: Noivern|Flamethrower|p1a: Shark Tale
|-damage|p1a: Shark Tale|25/100
|move|p1a: Shark Tale|Roost|p1a: Shark Tale
|-heal|p1a: Shark Tale|75/100
|-singleturn|p1a: Shark Tale|move: Roost
|
|upkeep
|turn|32
|
|t:|1626547431
|move|p2a: Noivern|Flamethrower|p1a: Shark Tale
|-damage|p1a: Shark Tale|53/100
|move|p1a: Shark Tale|Nasty Plot|p1a: Shark Tale
|-boost|p1a: Shark Tale|spa|2
|
|upkeep
|turn|33
|
|t:|1626547433
|move|p2a: Noivern|Flamethrower|p1a: Shark Tale
|-damage|p1a: Shark Tale|32/100
|move|p1a: Shark Tale|Roost|p1a: Shark Tale
|-heal|p1a: Shark Tale|82/100
|-singleturn|p1a: Shark Tale|move: Roost
|
|upkeep
|turn|34
|
|t:|1626547436
|move|p2a: Noivern|Flamethrower|p1a: Shark Tale
|-damage|p1a: Shark Tale|62/100
|move|p1a: Shark Tale|Air Slash|p2a: Noivern
|-damage|p2a: Noivern|0 fnt
|faint|p2a: Noivern
|
|upkeep
|c|☆CodenameCAT|gg
|-message|rult70m mac3 ✝ forfeited.
|
|win|CodenameCAT
|l|☆rult70m mac3 ✝
|raw|CodenameCAT's rating: 1379 &rarr; <strong>1405</strong><br />(+26 for winning)
|raw|rult70m mac3 ✝'s rating: 1488 &rarr; <strong>1462</strong><br />(-26 for losing)
|l|+Feliburn
||Ladder isn't responding, score probably updated but might not have (Request timeout).
