|html|<div class="broadcast-blue"><strong>[Gen 8] RU is currently suspecting Zygarde-10%! For information on how to participate check out the <a href="https://www.smogon.com/forums/threads/np-ru-stage-6-i-wanna-be-your-dog-zygarde-10-suspect-test.3679181/#post-8768959">suspect thread</a>.</strong></div>
|j|‽ruz9 locked up
|j|☆dannythebeast
|t:|1614880750
|player|p1|ruz9 locked up|lucas|1466
|player|p2|dannythebeast|170|1291
|teamsize|p1|6
|teamsize|p2|6
|gametype|singles
|gen|8
|tier|[Gen 8] RU
|rated|
|clearpoke
|poke|p1|Togekiss, F|
|poke|p1|Zarude|
|poke|p1|Raikou|
|poke|p1|Registeel|
|poke|p1|Chandelure, F|
|poke|p1|Gastrodon, F|
|poke|p2|Stakataka|
|poke|p2|Salazzle, F|
|poke|p2|Togekiss, F|
|poke|p2|Gastrodon, F|
|poke|p2|Zarude|
|poke|p2|Mienshao, M|
|rule|Sleep Clause Mod: Limit one foe put to sleep
|rule|Species Clause: Limit one of each Pokémon
|rule|OHKO Clause: OHKO moves are banned
|rule|Evasion Moves Clause: Evasion moves are banned
|rule|Endless Battle Clause: Forcing endless battles is banned
|rule|HP Percentage Mod: HP is shown in percentages
|rule|Dynamax Clause: You cannot dynamax
|teampreview
|
|t:|1614880765
|start
|switch|p1a: Registeel|Registeel|100/100
|switch|p2a: Mienshao|Mienshao, M|100/100
|turn|1
|
|t:|1614880776
|move|p2a: Mienshao|U-turn|p1a: Registeel
|-resisted|p1a: Registeel
|-damage|p1a: Registeel|93/100
|
|t:|1614880779
|switch|p2a: Gastrodon|Gastrodon, F|100/100|[from]move: U-turn
|move|p1a: Registeel|Stealth Rock|p2a: Gastrodon
|-sidestart|p2: dannythebeast|move: Stealth Rock
|
|-heal|p1a: Registeel|99/100|[from] item: Leftovers
|upkeep
|turn|2
|
|t:|1614880783
|move|p1a: Registeel|Toxic|p2a: Gastrodon
|-status|p2a: Gastrodon|tox
|move|p2a: Gastrodon|Earth Power|p1a: Registeel
|-supereffective|p1a: Registeel
|-damage|p1a: Registeel|71/100
|
|-heal|p1a: Registeel|77/100|[from] item: Leftovers
|-damage|p2a: Gastrodon|94/100 tox|[from] psn
|upkeep
|turn|3
|
|t:|1614880794
|switch|p1a: Togekiss|Togekiss, F|100/100
|switch|p2a: Salazzle|Salazzle, F|100/100
|
|upkeep
|turn|4
|
|t:|1614880802
|switch|p1a: Gastrodon|Gastrodon, F|100/100
|move|p2a: Salazzle|Sludge Wave|p1a: Gastrodon
|-resisted|p1a: Gastrodon
|-damage|p1a: Gastrodon|82/100
|
|upkeep
|turn|5
|
|t:|1614880809
|switch|p2a: Zarude|Zarude|100/100
|move|p1a: Gastrodon|Earth Power|p2a: Zarude
|-resisted|p2a: Zarude
|-damage|p2a: Zarude|87/100
|
|upkeep
|turn|6
|
|t:|1614880818
|switch|p1a: Togekiss|Togekiss, F|100/100
|move|p2a: Zarude|Power Whip|p1a: Togekiss
|-resisted|p1a: Togekiss
|-damage|p1a: Togekiss|77/100
|
|upkeep
|turn|7
|
|t:|1614880824
|move|p2a: Zarude|U-turn|p1a: Togekiss
|-resisted|p1a: Togekiss
|-damage|p1a: Togekiss|73/100
|inactive|Battle timer is ON: inactive players will automatically lose when time's up. (requested by dannythebeast)
|
|t:|1614880832
|switch|p2a: Stakataka|Stakataka|100/100|[from]move: U-turn
|-damage|p2a: Stakataka|94/100|[from] Stealth Rock
|move|p1a: Togekiss|Thunder Wave|p2a: Stakataka
|-status|p2a: Stakataka|par
|
|-heal|p2a: Stakataka|100/100 par|[from] item: Leftovers
|upkeep
|turn|8
|
|t:|1614880846
|switch|p1a: Gastrodon|Gastrodon, F|82/100
|move|p2a: Stakataka|Gyro Ball|p1a: Gastrodon
|-resisted|p1a: Gastrodon
|-damage|p1a: Gastrodon|56/100
|
|upkeep
|turn|9
|
|t:|1614880859
|switch|p1a: Zarude|Zarude|100/100
|switch|p2a: Zarude|Zarude|87/100
|
|upkeep
|turn|10
|
|t:|1614880869
|switch|p2a: Togekiss|Togekiss, F|100/100
|move|p1a: Zarude|U-turn|p2a: Togekiss
|-resisted|p2a: Togekiss
|-damage|p2a: Togekiss|95/100
|
|t:|1614880874
|switch|p1a: Raikou|Raikou|100/100|[from]move: U-turn
|-ability|p1a: Raikou|Pressure
|
|upkeep
|turn|11
|
|t:|1614880888
|switch|p2a: Zarude|Zarude|87/100
|move|p1a: Raikou|Thunderbolt|p2a: Zarude
|-resisted|p2a: Zarude
|-damage|p2a: Zarude|65/100
|
|upkeep
|turn|12
|
|t:|1614880892
|move|p1a: Raikou|Aura Sphere|p2a: Zarude
|-supereffective|p2a: Zarude
|-damage|p2a: Zarude|14/100
|move|p2a: Zarude|Power Whip|p1a: Raikou
|-damage|p1a: Raikou|24/100
|
|upkeep
|turn|13
|
|t:|1614880904
|switch|p2a: Gastrodon|Gastrodon, F|94/100 tox
|-damage|p2a: Gastrodon|88/100 tox|[from] Stealth Rock
|move|p1a: Raikou|Scald|p2a: Gastrodon
|-ability|p2a: Gastrodon|Storm Drain|boost
|-boost|p2a: Gastrodon|spa|1
|
|-heal|p2a: Gastrodon|94/100 tox|[from] item: Leftovers
|-damage|p2a: Gastrodon|88/100 tox|[from] psn
|upkeep
|turn|14
|
|t:|1614880917
|switch|p1a: Zarude|Zarude|100/100
|move|p2a: Gastrodon|Ice Beam|p1a: Zarude
|-supereffective|p1a: Zarude
|-damage|p1a: Zarude|40/100
|
|-heal|p2a: Gastrodon|94/100 tox|[from] item: Leftovers
|-damage|p2a: Gastrodon|82/100 tox|[from] psn
|upkeep
|turn|15
|j| RUZ9 PLAYBOI CARTI
|
|t:|1614880925
|switch|p2a: Togekiss|Togekiss, F|95/100
|move|p1a: Zarude|Jungle Healing|p1a: Zarude
|-heal|p1a: Zarude|65/100
|
|upkeep
|turn|16
|
|t:|1614880936
|move|p1a: Zarude|U-turn|p2a: Togekiss
|-resisted|p2a: Togekiss
|-damage|p2a: Togekiss|90/100
|
|t:|1614880940
|switch|p1a: Registeel|Registeel|77/100|[from]move: U-turn
|move|p2a: Togekiss|Nasty Plot|p2a: Togekiss
|-boost|p2a: Togekiss|spa|2
|
|-heal|p1a: Registeel|83/100|[from] item: Leftovers
|upkeep
|turn|17
|
|t:|1614880945
|move|p2a: Togekiss|Flamethrower|p1a: Registeel
|-supereffective|p1a: Registeel
|-damage|p1a: Registeel|30/100
|move|p1a: Registeel|Toxic|p2a: Togekiss
|-status|p2a: Togekiss|tox
|
|-heal|p1a: Registeel|36/100|[from] item: Leftovers
|-damage|p2a: Togekiss|84/100 tox|[from] psn
|upkeep
|turn|18
|j| uu8t mygrein
|
|t:|1614880957
|switch|p1a: Chandelure|Chandelure, F|100/100
|move|p2a: Togekiss|Flamethrower|p1a: Chandelure
|-resisted|p1a: Chandelure
|-damage|p1a: Chandelure|68/100
|
|-damage|p2a: Togekiss|71/100 tox|[from] psn
|upkeep
|turn|19
|
|t:|1614880971
|switch|p1a: Registeel|Registeel|36/100
|move|p2a: Togekiss|Air Slash|p1a: Registeel
|-resisted|p1a: Registeel
|-damage|p1a: Registeel|21/100
|
|-heal|p1a: Registeel|27/100|[from] item: Leftovers
|-damage|p2a: Togekiss|53/100 tox|[from] psn
|upkeep
|turn|20
|
|t:|1614880989
|switch|p2a: Zarude|Zarude|14/100
|move|p1a: Registeel|Seismic Toss|p2a: Zarude
|-damage|p2a: Zarude|0 fnt
|faint|p2a: Zarude
|
|-heal|p1a: Registeel|33/100|[from] item: Leftovers
|upkeep
|
|t:|1614880998
|switch|p2a: Salazzle|Salazzle, F|100/100
|turn|21
|
|t:|1614881001
|move|p2a: Salazzle|Fire Blast|p1a: Registeel|[miss]
|-miss|p2a: Salazzle|p1a: Registeel
|move|p1a: Registeel|Thunder Wave|p2a: Salazzle
|-status|p2a: Salazzle|par
|
|-heal|p1a: Registeel|39/100|[from] item: Leftovers
|upkeep
|turn|22
|
|t:|1614881013
|switch|p1a: Gastrodon|Gastrodon, F|56/100
|move|p2a: Salazzle|Fire Blast|p1a: Gastrodon
|-resisted|p1a: Gastrodon
|-damage|p1a: Gastrodon|34/100
|
|upkeep
|turn|23
|
|t:|1614881019
|move|p2a: Salazzle|Toxic|p1a: Gastrodon
|-status|p1a: Gastrodon|tox
|move|p1a: Gastrodon|Recover|p1a: Gastrodon
|-heal|p1a: Gastrodon|84/100 tox
|
|-damage|p1a: Gastrodon|77/100 tox|[from] psn
|upkeep
|turn|24
|
|t:|1614881036
|switch|p2a: Gastrodon|Gastrodon, F|82/100 tox
|-damage|p2a: Gastrodon|76/100 tox|[from] Stealth Rock
|switch|p1a: Chandelure|Chandelure, F|68/100
|
|-heal|p2a: Gastrodon|82/100 tox|[from] item: Leftovers
|-damage|p2a: Gastrodon|76/100 tox|[from] psn
|upkeep
|turn|25
|inactive|ruz9 locked up has 120 seconds left.
|
|t:|1614881062
|switch|p1a: Zarude|Zarude|65/100
|move|p2a: Gastrodon|Earth Power|p1a: Zarude
|-resisted|p1a: Zarude
|-damage|p1a: Zarude|50/100
|-unboost|p1a: Zarude|spd|1
|
|-heal|p2a: Gastrodon|82/100 tox|[from] item: Leftovers
|-damage|p2a: Gastrodon|70/100 tox|[from] psn
|upkeep
|turn|26
|
|t:|1614881075
|switch|p2a: Togekiss|Togekiss, F|53/100 tox
|move|p1a: Zarude|U-turn|p2a: Togekiss
|-resisted|p2a: Togekiss
|-damage|p2a: Togekiss|47/100 tox
|
|t:|1614881080
|switch|p1a: Chandelure|Chandelure, F|68/100|[from]move: U-turn
|
|-damage|p2a: Togekiss|41/100 tox|[from] psn
|upkeep
|turn|27
|
|t:|1614881090
|switch|p2a: Salazzle|Salazzle, F|100/100 par
|move|p1a: Chandelure|Flamethrower|p2a: Salazzle
|-resisted|p2a: Salazzle
|-damage|p2a: Salazzle|50/100 par
|
|upkeep
|turn|28
|
|t:|1614881095
|move|p1a: Chandelure|Hex|p2a: Salazzle
|-damage|p2a: Salazzle|0 fnt
|faint|p2a: Salazzle
|
|upkeep
|
|t:|1614881101
|switch|p2a: Mienshao|Mienshao, M|100/100
|-damage|p2a: Mienshao|95/100|[from] Stealth Rock
|turn|29
|c| uu8t mygrein|gg
|
|t:|1614881109
|switch|p1a: Gastrodon|Gastrodon, F|77/100 tox
|move|p2a: Mienshao|Stone Edge|p1a: Gastrodon
|-resisted|p1a: Gastrodon
|-damage|p1a: Gastrodon|65/100 tox
|
|-damage|p1a: Gastrodon|59/100 tox|[from] psn
|upkeep
|turn|30
|
|t:|1614881116
|switch|p2a: Gastrodon|Gastrodon, F|70/100 tox
|-damage|p2a: Gastrodon|64/100 tox|[from] Stealth Rock
|move|p1a: Gastrodon|Recover|p1a: Gastrodon
|-heal|p1a: Gastrodon|100/100 tox
|
|-heal|p2a: Gastrodon|70/100 tox|[from] item: Leftovers
|-damage|p2a: Gastrodon|64/100 tox|[from] psn
|-damage|p1a: Gastrodon|88/100 tox|[from] psn
|upkeep
|turn|31
|
|t:|1614881120
|switch|p1a: Togekiss|Togekiss, F|73/100
|move|p2a: Gastrodon|Recover|p2a: Gastrodon
|-heal|p2a: Gastrodon|100/100 tox
|
|-damage|p2a: Gastrodon|88/100 tox|[from] psn
|upkeep
|turn|32
|
|t:|1614881125
|switch|p1a: Raikou|Raikou|24/100
|-ability|p1a: Raikou|Pressure
|move|p2a: Gastrodon|Ice Beam|p1a: Raikou
|-damage|p1a: Raikou|5/100
|
|-heal|p2a: Gastrodon|94/100 tox|[from] item: Leftovers
|-damage|p2a: Gastrodon|76/100 tox|[from] psn
|upkeep
|turn|33
|
|t:|1614881140
|switch|p1a: Registeel|Registeel|39/100
|move|p2a: Gastrodon|Ice Beam|p1a: Registeel
|-resisted|p1a: Registeel
|-damage|p1a: Registeel|35/100
|
|-heal|p1a: Registeel|41/100|[from] item: Leftovers
|-heal|p2a: Gastrodon|82/100 tox|[from] item: Leftovers
|-damage|p2a: Gastrodon|58/100 tox|[from] psn
|upkeep
|turn|34
|
|t:|1614881147
|switch|p2a: Stakataka|Stakataka|100/100 par
|-damage|p2a: Stakataka|94/100 par|[from] Stealth Rock
|move|p1a: Registeel|Seismic Toss|p2a: Stakataka
|-damage|p2a: Stakataka|64/100 par
|
|-heal|p1a: Registeel|47/100|[from] item: Leftovers
|-heal|p2a: Stakataka|70/100 par|[from] item: Leftovers
|upkeep
|turn|35
|
|t:|1614881154
|move|p1a: Registeel|Seismic Toss|p2a: Stakataka
|-damage|p2a: Stakataka|39/100 par
|move|p2a: Stakataka|Stealth Rock|p1a: Registeel
|-sidestart|p1: ruz9 locked up|move: Stealth Rock
|
|-heal|p1a: Registeel|53/100|[from] item: Leftovers
|-heal|p2a: Stakataka|45/100 par|[from] item: Leftovers
|upkeep
|turn|36
|
|t:|1614881159
|move|p1a: Registeel|Seismic Toss|p2a: Stakataka
|-damage|p2a: Stakataka|15/100 par
|move|p2a: Stakataka|Body Press|p1a: Registeel
|-supereffective|p1a: Registeel
|-crit|p1a: Registeel
|-damage|p1a: Registeel|0 fnt
|faint|p1a: Registeel
|-ability|p2a: Stakataka|Beast Boost|boost
|-boost|p2a: Stakataka|def|1
|
|-heal|p2a: Stakataka|21/100 par|[from] item: Leftovers
|upkeep
|
|t:|1614881163
|switch|p1a: Chandelure|Chandelure, F|68/100
|turn|37
|
|t:|1614881165
|move|p1a: Chandelure|Flamethrower|p2a: Stakataka
|-damage|p2a: Stakataka|0 fnt
|faint|p2a: Stakataka
|
|upkeep
|
|t:|1614881168
|switch|p2a: Mienshao|Mienshao, M|100/100
|-damage|p2a: Mienshao|95/100|[from] Stealth Rock
|turn|38
|
|t:|1614881175
|switch|p1a: Gastrodon|Gastrodon, F|88/100 tox
|move|p2a: Mienshao|Knock Off|p1a: Gastrodon
|-damage|p1a: Gastrodon|62/100 tox
|-enditem|p1a: Gastrodon|Heavy-Duty Boots|[from] move: Knock Off|[of] p2a: Mienshao
|
|-damage|p1a: Gastrodon|56/100 tox|[from] psn
|upkeep
|turn|39
|
|t:|1614881182
|switch|p2a: Gastrodon|Gastrodon, F|58/100 tox
|-damage|p2a: Gastrodon|52/100 tox|[from] Stealth Rock
|switch|p1a: Togekiss|Togekiss, F|73/100
|
|-heal|p2a: Gastrodon|58/100 tox|[from] item: Leftovers
|-damage|p2a: Gastrodon|52/100 tox|[from] psn
|upkeep
|turn|40
|
|t:|1614881185
|move|p1a: Togekiss|Air Slash|p2a: Gastrodon
|-damage|p2a: Gastrodon|22/100 tox
|move|p2a: Gastrodon|Recover|p2a: Gastrodon
|-heal|p2a: Gastrodon|72/100 tox
|
|-heal|p2a: Gastrodon|78/100 tox|[from] item: Leftovers
|-damage|p2a: Gastrodon|66/100 tox|[from] psn
|upkeep
|turn|41
|
|t:|1614881192
|switch|p2a: Togekiss|Togekiss, F|41/100 tox
|move|p1a: Togekiss|Air Slash|p2a: Togekiss
|-damage|p2a: Togekiss|18/100 tox
|
|-damage|p2a: Togekiss|12/100 tox|[from] psn
|upkeep
|turn|42
|
|t:|1614881195
|move|p2a: Togekiss|Air Slash|p1a: Togekiss
|-damage|p1a: Togekiss|46/100
|cant|p1a: Togekiss|flinch
|
|-damage|p2a: Togekiss|0 fnt|[from] psn
|faint|p2a: Togekiss
|upkeep
|
|t:|1614881202
|switch|p2a: Mienshao|Mienshao, M|100/100
|-damage|p2a: Mienshao|95/100|[from] Stealth Rock
|turn|43
|
|t:|1614881206
|switch|p1a: Gastrodon|Gastrodon, F|56/100 tox
|-damage|p1a: Gastrodon|50/100 tox|[from] Stealth Rock
|move|p2a: Mienshao|Stone Edge|p1a: Gastrodon|[miss]
|-miss|p2a: Mienshao|p1a: Gastrodon
|
|-damage|p1a: Gastrodon|44/100 tox|[from] psn
|upkeep
|turn|44
|
|t:|1614881212
|switch|p2a: Gastrodon|Gastrodon, F|66/100 tox
|-damage|p2a: Gastrodon|59/100 tox|[from] Stealth Rock
|move|p1a: Gastrodon|Earth Power|p2a: Gastrodon
|-damage|p2a: Gastrodon|34/100 tox
|
|-heal|p2a: Gastrodon|40/100 tox|[from] item: Leftovers
|-damage|p2a: Gastrodon|34/100 tox|[from] psn
|-damage|p1a: Gastrodon|32/100 tox|[from] psn
|upkeep
|turn|45
|
|t:|1614881216
|move|p2a: Gastrodon|Recover|p2a: Gastrodon
|-heal|p2a: Gastrodon|84/100 tox
|move|p1a: Gastrodon|Earth Power|p2a: Gastrodon
|-damage|p2a: Gastrodon|55/100 tox
|
|-heal|p2a: Gastrodon|61/100 tox|[from] item: Leftovers
|-damage|p2a: Gastrodon|49/100 tox|[from] psn
|-damage|p1a: Gastrodon|14/100 tox|[from] psn
|upkeep
|turn|46
|
|t:|1614881223
|move|p2a: Gastrodon|Recover|p2a: Gastrodon
|-heal|p2a: Gastrodon|99/100 tox
|move|p1a: Gastrodon|Earth Power|p2a: Gastrodon
|-damage|p2a: Gastrodon|71/100 tox
|
|-heal|p2a: Gastrodon|77/100 tox|[from] item: Leftovers
|-damage|p2a: Gastrodon|58/100 tox|[from] psn
|-damage|p1a: Gastrodon|0 fnt|[from] psn
|faint|p1a: Gastrodon
|upkeep
|
|t:|1614881228
|switch|p1a: Chandelure|Chandelure, F|68/100
|turn|47
|
|t:|1614881231
|move|p1a: Chandelure|Hex|p2a: Gastrodon
|-damage|p2a: Gastrodon|0 fnt
|faint|p2a: Gastrodon
|
|upkeep
|
|t:|1614881234
|switch|p2a: Mienshao|Mienshao, M|100/100
|-damage|p2a: Mienshao|95/100|[from] Stealth Rock
|turn|48
|
|t:|1614881242
|move|p2a: Mienshao|Stone Edge|p1a: Chandelure
|-supereffective|p1a: Chandelure
|-damage|p1a: Chandelure|0 fnt
|faint|p1a: Chandelure
|
|upkeep
|
|t:|1614881247
|switch|p1a: Zarude|Zarude|50/100
|turn|49
|
|t:|1614881250
|move|p2a: Mienshao|Stone Edge|p1a: Zarude
|-damage|p1a: Zarude|17/100
|move|p1a: Zarude|Power Whip|p2a: Mienshao
|-damage|p2a: Mienshao|0 fnt
|faint|p2a: Mienshao
|
|win|ruz9 locked up
|c|☆dannythebeast|gg
