|j|☆rezalb
|j|☆Splashinganteater
|t:|1617487733
|gametype|singles
|player|p1|rezalb|210|1344
|player|p2|Splashinganteater|palmer|1387
|teamsize|p1|6
|teamsize|p2|6
|gen|8
|tier|[Gen 8] RU
|rated|
|clearpoke
|poke|p1|Durant, F|
|poke|p1|Incineroar, F|
|poke|p1|Tsareena, F|
|poke|p1|Milotic, M|
|poke|p1|Xurkitree|
|poke|p1|Mudsdale, F|
|poke|p2|Dragalge, M|
|poke|p2|Zarude|
|poke|p2|Steelix, M|
|poke|p2|Mienshao, M|
|poke|p2|Togekiss, F|
|poke|p2|Volcanion|
|rule|Sleep Clause Mod: Limit one foe put to sleep
|rule|Species Clause: Limit one of each Pokémon
|rule|OHKO Clause: OHKO moves are banned
|rule|Evasion Moves Clause: Evasion moves are banned
|rule|Endless Battle Clause: Forcing endless battles is banned
|rule|HP Percentage Mod: HP is shown in percentages
|rule|Dynamax Clause: You cannot dynamax
|teampreview
|
|t:|1617487744
|start
|switch|p1a: Mudsdale|Mudsdale, F|100/100
|switch|p2a: Mienshao|Mienshao, M|100/100
|turn|1
|
|t:|1617487750
|move|p2a: Mienshao|Knock Off|p1a: Mudsdale
|-damage|p1a: Mudsdale|81/100
|-damage|p2a: Mienshao|84/100|[from] item: Rocky Helmet|[of] p1a: Mudsdale
|-ability|p1a: Mudsdale|Stamina|boost
|-boost|p1a: Mudsdale|def|1
|-enditem|p1a: Mudsdale|Rocky Helmet|[from] move: Knock Off|[of] p2a: Mienshao
|move|p1a: Mudsdale|Stealth Rock|p2a: Mienshao
|-sidestart|p2: Splashinganteater|move: Stealth Rock
|
|upkeep
|turn|2
|
|t:|1617487759
|switch|p2a: Volcanion|Volcanion|100/100
|move|p1a: Mudsdale|Heavy Slam|p2a: Volcanion
|-resisted|p2a: Volcanion
|-damage|p2a: Volcanion|94/100
|
|upkeep
|turn|3
|
|t:|1617487766
|switch|p1a: Milotic|Milotic, M|100/100
|move|p2a: Volcanion|Defog|p1a: Milotic
|-unboost|p1a: Milotic|evasion|1
|-sideend|p2: Splashinganteater|Stealth Rock|[from] move: Defog|[of] p2a: Volcanion
|
|upkeep
|turn|4
|
|t:|1617487772
|switch|p2a: Zarude|Zarude|100/100
|move|p1a: Milotic|Toxic|p2a: Zarude
|-status|p2a: Zarude|tox
|
|-damage|p2a: Zarude|95/100 tox|[from] psn
|upkeep
|turn|5
|
|t:|1617487782
|switch|p1a: Incineroar|Incineroar, F|100/100
|-ability|p1a: Incineroar|Intimidate|boost
|-unboost|p2a: Zarude|atk|1
|move|p2a: Zarude|Power Whip|p1a: Incineroar
|-resisted|p1a: Incineroar
|-damage|p1a: Incineroar|86/100
|
|-heal|p1a: Incineroar|92/100|[from] item: Leftovers
|-damage|p2a: Zarude|83/100 tox|[from] psn
|upkeep
|turn|6
|
|t:|1617487794
|move|p2a: Zarude|U-turn|p1a: Incineroar
|-damage|p1a: Incineroar|80/100
|
|t:|1617487799
|switch|p2a: Volcanion|Volcanion|94/100|[from]move: U-turn
|move|p1a: Incineroar|Parting Shot|p2a: Volcanion
|-unboost|p2a: Volcanion|atk|1
|-unboost|p2a: Volcanion|spa|1
|
|t:|1617487812
|switch|p1a: Xurkitree|Xurkitree|100/100|[from]move: Parting Shot
|
|upkeep
|turn|7
|
|t:|1617487816
|switch|p2a: Dragalge|Dragalge, M, shiny|100/100
|move|p1a: Xurkitree|Energy Ball|p2a: Dragalge
|-resisted|p2a: Dragalge
|-damage|p2a: Dragalge|92/100
|
|-heal|p2a: Dragalge|98/100|[from] item: Black Sludge
|upkeep
|turn|8
|
|t:|1617487826
|switch|p1a: Mudsdale|Mudsdale, F|81/100
|move|p2a: Dragalge|Draco Meteor|p1a: Mudsdale
|-damage|p1a: Mudsdale|6/100
|-unboost|p2a: Dragalge|spa|2
|-ability|p1a: Mudsdale|Stamina|boost
|-boost|p1a: Mudsdale|def|1
|
|-heal|p2a: Dragalge|100/100|[from] item: Black Sludge
|upkeep
|turn|9
|
|t:|1617487835
|move|p2a: Dragalge|Flip Turn|p1a: Mudsdale
|-supereffective|p1a: Mudsdale
|-damage|p1a: Mudsdale|0 fnt
|faint|p1a: Mudsdale
|
|t:|1617487840
|switch|p2a: Mienshao|Mienshao, M|100/100|[from]move: Flip Turn
|
|upkeep
|
|t:|1617487855
|switch|p1a: Incineroar|Incineroar, F|80/100
|-ability|p1a: Incineroar|Intimidate|boost
|-unboost|p2a: Mienshao|atk|1
|turn|10
|
|t:|1617487864
|move|p2a: Mienshao|U-turn|p1a: Incineroar
|-damage|p1a: Incineroar|67/100
|
|t:|1617487868
|switch|p2a: Volcanion|Volcanion|94/100|[from]move: U-turn
|move|p1a: Incineroar|Parting Shot|p2a: Volcanion
|-unboost|p2a: Volcanion|atk|1
|-unboost|p2a: Volcanion|spa|1
|
|t:|1617487890
|switch|p1a: Xurkitree|Xurkitree|100/100|[from]move: Parting Shot
|
|upkeep
|turn|11
|
|t:|1617487895
|switch|p2a: Steelix|Steelix, M|100/100
|move|p1a: Xurkitree|Volt Switch|p2a: Steelix
|-immune|p2a: Steelix
|
|upkeep
|turn|12
|
|t:|1617487903
|switch|p1a: Durant|Durant, F|100/100
|move|p2a: Steelix|Stealth Rock|p1a: Durant
|-sidestart|p1: rezalb|move: Stealth Rock
|
|upkeep
|turn|13
|
|t:|1617487912
|move|p1a: Durant|Superpower|p2a: Steelix
|-supereffective|p2a: Steelix
|-damage|p2a: Steelix|7/100
|-unboost|p1a: Durant|atk|1
|-unboost|p1a: Durant|def|1
|move|p2a: Steelix|Earthquake|p1a: Durant
|-damage|p1a: Durant|48/100
|
|-heal|p2a: Steelix|13/100|[from] item: Leftovers
|upkeep
|turn|14
|
|t:|1617487921
|switch|p2a: Togekiss|Togekiss, F|100/100
|move|p1a: Durant|Superpower|p2a: Togekiss|[miss]
|-miss|p1a: Durant|p2a: Togekiss
|
|upkeep
|turn|15
|
|t:|1617487936
|switch|p1a: Milotic|Milotic, M|100/100
|-damage|p1a: Milotic|88/100|[from] Stealth Rock
|move|p2a: Togekiss|Air Slash|p1a: Milotic
|-damage|p1a: Milotic|70/100
|
|-heal|p1a: Milotic|76/100|[from] item: Leftovers
|upkeep
|turn|16
|
|t:|1617487945
|switch|p2a: Zarude|Zarude|83/100 tox
|move|p1a: Milotic|Toxic|p2a: Zarude
|-fail|p2a: Zarude|tox
|
|-heal|p1a: Milotic|82/100|[from] item: Leftovers
|-damage|p2a: Zarude|77/100 tox|[from] psn
|upkeep
|turn|17
|
|t:|1617487955
|switch|p1a: Incineroar|Incineroar, F|67/100
|-damage|p1a: Incineroar|43/100|[from] Stealth Rock
|-ability|p1a: Incineroar|Intimidate|boost
|-unboost|p2a: Zarude|atk|1
|move|p2a: Zarude|Jungle Healing|p2a: Zarude
|-heal|p2a: Zarude|100/100 tox
|-curestatus|p2a: Zarude|tox|[msg]
|
|-heal|p1a: Incineroar|49/100|[from] item: Leftovers
|upkeep
|turn|18
|
|t:|1617487967
|move|p2a: Zarude|U-turn|p1a: Incineroar
|-damage|p1a: Incineroar|38/100
|
|t:|1617487980
|switch|p2a: Volcanion|Volcanion|94/100|[from]move: U-turn
|move|p1a: Incineroar|Will-O-Wisp|p2a: Volcanion|[miss]
|-miss|p1a: Incineroar|p2a: Volcanion
|
|-heal|p1a: Incineroar|44/100|[from] item: Leftovers
|upkeep
|turn|19
|
|t:|1617487987
|switch|p1a: Milotic|Milotic, M|82/100
|-damage|p1a: Milotic|70/100|[from] Stealth Rock
|move|p2a: Volcanion|Toxic|p1a: Milotic
|-status|p1a: Milotic|tox
|
|-heal|p1a: Milotic|76/100 tox|[from] item: Leftovers
|-damage|p1a: Milotic|70/100 tox|[from] psn
|upkeep
|turn|20
|
|t:|1617487997
|switch|p2a: Zarude|Zarude|100/100
|move|p1a: Milotic|Flip Turn|p2a: Zarude
|-resisted|p2a: Zarude
|-damage|p2a: Zarude|95/100
|
|t:|1617488004
|switch|p1a: Durant|Durant, F|48/100|[from]move: Flip Turn
|-damage|p1a: Durant|36/100|[from] Stealth Rock
|
|upkeep
|turn|21
|
|t:|1617488012
|switch|p2a: Togekiss|Togekiss, F|100/100
|move|p1a: Durant|First Impression|p2a: Togekiss
|-resisted|p2a: Togekiss
|-damage|p2a: Togekiss|84/100
|
|upkeep
|turn|22
|
|t:|1617488021
|switch|p1a: Milotic|Milotic, M|70/100 tox
|-damage|p1a: Milotic|57/100 tox|[from] Stealth Rock
|move|p2a: Togekiss|Air Slash|p1a: Milotic
|-damage|p1a: Milotic|40/100 tox
|
|-heal|p1a: Milotic|46/100 tox|[from] item: Leftovers
|-damage|p1a: Milotic|40/100 tox|[from] psn
|upkeep
|turn|23
|
|t:|1617488031
|switch|p2a: Zarude|Zarude|95/100
|move|p1a: Milotic|Recover|p1a: Milotic
|-heal|p1a: Milotic|90/100 tox
|
|-heal|p1a: Milotic|96/100 tox|[from] item: Leftovers
|-damage|p1a: Milotic|84/100 tox|[from] psn
|upkeep
|turn|24
|
|t:|1617488039
|switch|p1a: Incineroar|Incineroar, F|44/100
|-damage|p1a: Incineroar|19/100|[from] Stealth Rock
|-ability|p1a: Incineroar|Intimidate|boost
|-unboost|p2a: Zarude|atk|1
|move|p2a: Zarude|Power Whip|p1a: Incineroar
|-resisted|p1a: Incineroar
|-damage|p1a: Incineroar|2/100
|
|-heal|p1a: Incineroar|8/100|[from] item: Leftovers
|upkeep
|turn|25
|
|t:|1617488050
|move|p2a: Zarude|U-turn|p1a: Incineroar
|-damage|p1a: Incineroar|0 fnt
|faint|p1a: Incineroar
|
|t:|1617488054
|switch|p2a: Mienshao|Mienshao, M|100/100|[from]move: U-turn
|
|upkeep
|
|t:|1617488063
|switch|p1a: Milotic|Milotic, M|84/100 tox
|-damage|p1a: Milotic|72/100 tox|[from] Stealth Rock
|turn|26
|
|t:|1617488069
|move|p2a: Mienshao|U-turn|p1a: Milotic
|-damage|p1a: Milotic|57/100 tox
|
|t:|1617488073
|switch|p2a: Zarude|Zarude|95/100|[from]move: U-turn
|move|p1a: Milotic|Flip Turn|p2a: Zarude
|-resisted|p2a: Zarude
|-damage|p2a: Zarude|89/100
|
|t:|1617488080
|switch|p1a: Durant|Durant, F|36/100|[from]move: Flip Turn
|-damage|p1a: Durant|23/100|[from] Stealth Rock
|
|upkeep
|turn|27
|
|t:|1617488085
|switch|p2a: Volcanion|Volcanion|94/100
|move|p1a: Durant|Iron Head|p2a: Volcanion
|-resisted|p2a: Volcanion
|-damage|p2a: Volcanion|71/100
|
|upkeep
|turn|28
|
|t:|1617488093
|switch|p1a: Tsareena|Tsareena, F|100/100
|-damage|p1a: Tsareena|88/100|[from] Stealth Rock
|move|p2a: Volcanion|Flamethrower|p1a: Tsareena
|-supereffective|p1a: Tsareena
|-damage|p1a: Tsareena|15/100
|
|upkeep
|turn|29
|
|t:|1617488104
|move|p1a: Tsareena|U-turn|p2a: Volcanion
|-resisted|p2a: Volcanion
|-damage|p2a: Volcanion|59/100
|
|t:|1617488109
|switch|p1a: Milotic|Milotic, M|57/100 tox|[from]move: U-turn
|-damage|p1a: Milotic|45/100 tox|[from] Stealth Rock
|move|p2a: Volcanion|Flamethrower|p1a: Milotic
|-resisted|p1a: Milotic
|-damage|p1a: Milotic|31/100 tox
|
|-heal|p1a: Milotic|38/100 tox|[from] item: Leftovers
|-damage|p1a: Milotic|31/100 tox|[from] psn
|upkeep
|turn|30
|
|t:|1617488123
|move|p2a: Volcanion|Steam Eruption|p1a: Milotic
|-resisted|p1a: Milotic
|-damage|p1a: Milotic|14/100 tox
|move|p1a: Milotic|Recover|p1a: Milotic
|-heal|p1a: Milotic|64/100 tox
|
|-heal|p1a: Milotic|70/100 tox|[from] item: Leftovers
|-damage|p1a: Milotic|58/100 tox|[from] psn
|upkeep
|turn|31
|
|t:|1617488134
|move|p2a: Volcanion|Steam Eruption|p1a: Milotic
|-resisted|p1a: Milotic
|-damage|p1a: Milotic|42/100 tox
|move|p1a: Milotic|Toxic|p2a: Volcanion
|-status|p2a: Volcanion|tox
|
|-heal|p1a: Milotic|48/100 tox|[from] item: Leftovers
|-damage|p2a: Volcanion|53/100 tox|[from] psn
|-damage|p1a: Milotic|30/100 tox|[from] psn
|upkeep
|turn|32
|
|t:|1617488144
|switch|p2a: Zarude|Zarude|89/100
|move|p1a: Milotic|Recover|p1a: Milotic
|-heal|p1a: Milotic|80/100 tox
|
|-heal|p1a: Milotic|86/100 tox|[from] item: Leftovers
|-damage|p1a: Milotic|62/100 tox|[from] psn
|upkeep
|turn|33
|
|t:|1617488154
|move|p2a: Zarude|Darkest Lariat|p1a: Milotic
|-damage|p1a: Milotic|36/100 tox
|move|p1a: Milotic|Toxic|p2a: Zarude
|-status|p2a: Zarude|tox
|
|-heal|p1a: Milotic|42/100 tox|[from] item: Leftovers
|-damage|p2a: Zarude|83/100 tox|[from] psn
|-damage|p1a: Milotic|11/100 tox|[from] psn
|upkeep
|turn|34
|
|t:|1617488163
|move|p2a: Zarude|Darkest Lariat|p1a: Milotic
|-damage|p1a: Milotic|0 fnt
|faint|p1a: Milotic
|
|-damage|p2a: Zarude|71/100 tox|[from] psn
|upkeep
|
|t:|1617488179
|switch|p1a: Xurkitree|Xurkitree|100/100
|-damage|p1a: Xurkitree|88/100|[from] Stealth Rock
|turn|35
|
|t:|1617488184
|switch|p2a: Dragalge|Dragalge, M, shiny|100/100
|move|p1a: Xurkitree|Dazzling Gleam|p2a: Dragalge
|-damage|p2a: Dragalge|71/100
|
|-heal|p2a: Dragalge|77/100|[from] item: Black Sludge
|upkeep
|turn|36
|
|t:|1617488192
|move|p1a: Xurkitree|Dazzling Gleam|p2a: Dragalge
|-damage|p2a: Dragalge|48/100
|move|p2a: Dragalge|Flip Turn|p1a: Xurkitree
|-damage|p1a: Xurkitree|73/100
|
|t:|1617488196
|switch|p2a: Mienshao|Mienshao, M|100/100|[from]move: Flip Turn
|
|upkeep
|turn|37
|
|t:|1617488200
|move|p2a: Mienshao|Close Combat|p1a: Xurkitree
|-damage|p1a: Xurkitree|0 fnt
|-unboost|p2a: Mienshao|def|1
|-unboost|p2a: Mienshao|spd|1
|faint|p1a: Xurkitree
|
|upkeep
|
|t:|1617488206
|switch|p1a: Durant|Durant, F|23/100
|-damage|p1a: Durant|11/100|[from] Stealth Rock
|turn|38
|-message|rezalb forfeited.
|
|win|Splashinganteater
|raw|rezalb's rating: 1344 &rarr; <strong>1326</strong><br />(-18 for losing)
|raw|Splashinganteater's rating: 1387 &rarr; <strong>1405</strong><br />(+18 for winning)
|l|☆rezalb
