|j|☆jjjrjrjrjjrrj
|j|☆imanoobdontkillme
|t:|1602103841
|player|p1|jjjrjrjrjjrrj|aromalady|1093
|player|p2|imanoobdontkillme|172|1258
|teamsize|p1|6
|teamsize|p2|6
|gametype|singles
|gen|8
|tier|[Gen 8] RU
|rated|
|clearpoke
|poke|p1|Abomasnow, M|
|poke|p1|Salazzle, F|
|poke|p1|Braviary, M|
|poke|p1|Claydol|
|poke|p1|Virizion|
|poke|p1|Gigalith, M|
|poke|p2|Kingdra, M|
|poke|p2|Steelix, M|
|poke|p2|Xatu, M|
|poke|p2|Dragalge, F|
|poke|p2|Tangela, M|
|poke|p2|Passimian, F|
|rule|Sleep Clause Mod: Limit one foe put to sleep
|rule|Species Clause: Limit one of each Pokémon
|rule|OHKO Clause: OHKO moves are banned
|rule|Evasion Moves Clause: Evasion moves are banned
|rule|Endless Battle Clause: Forcing endless battles is banned
|rule|HP Percentage Mod: HP is shown in percentages
|rule|Dynamax Clause: You cannot dynamax
|teampreview
|inactive|Battle timer is ON: inactive players will automatically lose when time's up. (requested by imanoobdontkillme)
|
|t:|1602103877
|start
|switch|p1a: Claydol|Claydol|100/100
|switch|p2a: yeehaw|Passimian, F|100/100
|turn|1
|
|t:|1602103892
|move|p2a: yeehaw|U-turn|p1a: Claydol
|-supereffective|p1a: Claydol
|-damage|p1a: Claydol|57/100
|
|t:|1602103901
|switch|p2a: no u|Xatu, M|100/100|[from]move: U-turn
|move|p1a: Claydol|Trick|p2a: no u
|-activate|p1a: Claydol|move: Trick|[of] p2a: no u
|-item|p2a: no u|Choice Specs|[from] move: Trick
|-enditem|p1a: Claydol|Choice Specs|[silent]|[from] move: Trick
|
|upkeep
|turn|2
|
|t:|1602103913
|switch|p1a: Gigalith|Gigalith, M|100/100
|-weather|Sandstorm|[from] ability: Sand Stream|[of] p1a: Gigalith
|move|p2a: no u|Teleport|p2a: no u
|
|t:|1602103925
|switch|p2a: poey jokeyaim|Steelix, M|100/100|[from]move: Teleport
|
|-weather|Sandstorm|[upkeep]
|upkeep
|turn|3
|
|t:|1602103943
|switch|p1a: Salazzle|Salazzle, F|100/100
|move|p2a: poey jokeyaim|Stealth Rock|p1a: Salazzle
|-sidestart|p1: jjjrjrjrjjrrj|move: Stealth Rock
|
|-weather|Sandstorm|[upkeep]
|-damage|p1a: Salazzle|94/100|[from] Sandstorm
|-heal|p1a: Salazzle|100/100|[from] item: Black Sludge
|upkeep
|turn|4
|
|t:|1602103967
|switch|p2a: dead|Dragalge, F|100/100
|move|p1a: Salazzle|Substitute|p1a: Salazzle
|-start|p1a: Salazzle|Substitute
|-damage|p1a: Salazzle|76/100
|
|-weather|Sandstorm|[upkeep]
|-damage|p1a: Salazzle|70/100|[from] Sandstorm
|-damage|p2a: dead|94/100|[from] Sandstorm
|-heal|p1a: Salazzle|76/100|[from] item: Black Sludge
|upkeep
|turn|5
|
|t:|1602103971
|move|p1a: Salazzle|Toxic|p2a: dead
|-status|p2a: dead|tox
|move|p2a: dead|Sludge Bomb|p1a: Salazzle
|-resisted|p1a: Salazzle
|-end|p1a: Salazzle|Substitute
|
|-weather|Sandstorm|[upkeep]
|-damage|p1a: Salazzle|70/100|[from] Sandstorm
|-damage|p2a: dead|88/100 tox|[from] Sandstorm
|-heal|p1a: Salazzle|76/100|[from] item: Black Sludge
|-damage|p2a: dead|82/100 tox|[from] psn
|upkeep
|turn|6
|
|t:|1602103977
|move|p1a: Salazzle|Protect|p1a: Salazzle
|-singleturn|p1a: Salazzle|Protect
|move|p2a: dead|Flip Turn|p1a: Salazzle
|-activate|p1a: Salazzle|move: Protect
|
|-weather|none
|-heal|p1a: Salazzle|82/100|[from] item: Black Sludge
|-damage|p2a: dead|70/100 tox|[from] psn
|upkeep
|turn|7
|
|t:|1602103986
|move|p1a: Salazzle|Disable|p2a: dead
|-start|p2a: dead|Disable|Flip Turn
|move|p2a: dead|Sludge Bomb|p1a: Salazzle
|-resisted|p1a: Salazzle
|-crit|p1a: Salazzle
|-damage|p1a: Salazzle|29/100
|
|-heal|p1a: Salazzle|36/100|[from] item: Black Sludge
|-damage|p2a: dead|52/100 tox|[from] psn
|upkeep
|turn|8
|
|t:|1602103994
|move|p1a: Salazzle|Protect|p1a: Salazzle
|-singleturn|p1a: Salazzle|Protect
|move|p2a: dead|Sludge Bomb|p1a: Salazzle
|-activate|p1a: Salazzle|move: Protect
|
|-heal|p1a: Salazzle|42/100|[from] item: Black Sludge
|-damage|p2a: dead|28/100 tox|[from] psn
|upkeep
|turn|9
|
|t:|1602104022
|switch|p1a: Gigalith|Gigalith, M|100/100
|-damage|p1a: Gigalith|88/100|[from] Stealth Rock
|-weather|Sandstorm|[from] ability: Sand Stream|[of] p1a: Gigalith
|move|p2a: dead|Sludge Bomb|p1a: Gigalith
|-resisted|p1a: Gigalith
|-damage|p1a: Gigalith|75/100
|
|-weather|Sandstorm|[upkeep]
|-damage|p2a: dead|22/100 tox|[from] Sandstorm
|-heal|p1a: Gigalith|81/100|[from] item: Leftovers
|-damage|p2a: dead|0 fnt|[from] psn
|faint|p2a: dead
|upkeep
|
|t:|1602104028
|switch|p2a: sad times|Kingdra, M|100/100
|turn|10
|
|t:|1602104044
|move|p2a: sad times|Substitute|p2a: sad times
|-start|p2a: sad times|Substitute
|-damage|p2a: sad times|76/100
|move|p1a: Gigalith|Earthquake|p2a: sad times
|-end|p2a: sad times|Substitute
|
|-weather|Sandstorm|[upkeep]
|-damage|p2a: sad times|70/100|[from] Sandstorm
|-heal|p2a: sad times|76/100|[from] item: Leftovers
|-heal|p1a: Gigalith|87/100|[from] item: Leftovers
|upkeep
|turn|11
|
|t:|1602104051
|move|p2a: sad times|Liquidation|p1a: Gigalith
|-supereffective|p1a: Gigalith
|-damage|p1a: Gigalith|29/100
|move|p1a: Gigalith|Earthquake|p2a: sad times
|-damage|p2a: sad times|36/100
|
|-weather|Sandstorm|[upkeep]
|-damage|p2a: sad times|30/100|[from] Sandstorm
|-heal|p2a: sad times|36/100|[from] item: Leftovers
|-heal|p1a: Gigalith|35/100|[from] item: Leftovers
|upkeep
|turn|12
|
|t:|1602104058
|move|p1a: Gigalith|Protect|p1a: Gigalith
|-singleturn|p1a: Gigalith|Protect
|move|p2a: sad times|Liquidation|p1a: Gigalith
|-activate|p1a: Gigalith|move: Protect
|
|-weather|Sandstorm|[upkeep]
|-damage|p2a: sad times|30/100|[from] Sandstorm
|-heal|p2a: sad times|36/100|[from] item: Leftovers
|-heal|p1a: Gigalith|41/100|[from] item: Leftovers
|upkeep
|turn|13
|
|t:|1602104063
|switch|p1a: Abomasnow|Abomasnow, M|100/100
|-damage|p1a: Abomasnow|76/100|[from] Stealth Rock
|-weather|Hail|[from] ability: Snow Warning|[of] p1a: Abomasnow
|move|p2a: sad times|Liquidation|p1a: Abomasnow
|-resisted|p1a: Abomasnow
|-damage|p1a: Abomasnow|54/100
|
|-weather|Hail|[upkeep]
|-damage|p2a: sad times|30/100|[from] Hail
|-heal|p2a: sad times|36/100|[from] item: Leftovers
|upkeep
|turn|14
|
|t:|1602104067
|switch|p2a: poey jokeyaim|Steelix, M|100/100
|move|p1a: Abomasnow|Blizzard|p2a: poey jokeyaim
|-damage|p2a: poey jokeyaim|27/100
|
|-weather|Hail|[upkeep]
|-damage|p2a: poey jokeyaim|21/100|[from] Hail
|-heal|p2a: poey jokeyaim|27/100|[from] item: Leftovers
|upkeep
|turn|15
|-message|imanoobdontkillme forfeited.
|
|win|jjjrjrjrjjrrj
|l|☆imanoobdontkillme
