|j|☆Shiori Honda
|j|☆whistling
|player|p1|Shiori Honda|289|1447
|player|p2|whistling|proton|1417
|teamsize|p1|6
|teamsize|p2|6
|gametype|singles
|gen|8
|tier|[Gen 8] RU
|rated|
|clearpoke
|poke|p1|Mr. Rime, F|
|poke|p1|Passimian, F|
|poke|p1|Vikavolt, M|
|poke|p1|Silvally-*|
|poke|p1|Steelix, F|
|poke|p1|Mantine, F|
|poke|p2|Steelix, M|
|poke|p2|Passimian, M|
|poke|p2|Xatu, M|
|poke|p2|Flapple, M|
|poke|p2|Jellicent, M|
|poke|p2|Snorlax, M|
|rule|Sleep Clause Mod: Limit one foe put to sleep
|rule|Species Clause: Limit one of each Pokémon
|rule|OHKO Clause: OHKO moves are banned
|rule|Evasion Moves Clause: Evasion moves are banned
|rule|Endless Battle Clause: Forcing endless battles is banned
|rule|HP Percentage Mod: HP is shown in percentages
|rule|Dynamax Clause: You cannot dynamax
|teampreview
|c|☆whistling|oh
|c|☆Shiori Honda|speak of the devil
|j| bath of sekhmet
|j| poh
|c|☆whistling|flapple is about to
|c|☆whistling|pwn ur ass
|
|start
|switch|p1a: V Gundam|Vikavolt, M|100/100
|switch|p2a: Steelix|Steelix, M|100/100
|turn|1
|
|move|p1a: V Gundam|Volt Switch|p2a: Steelix
|-immune|p2a: Steelix
|move|p2a: Steelix|Toxic|p1a: V Gundam
|-status|p1a: V Gundam|tox
|
|-damage|p1a: V Gundam|94/100 tox|[from] psn
|upkeep
|turn|2
|
|move|p1a: V Gundam|Volt Switch|p2a: Steelix
|-immune|p2a: Steelix
|move|p2a: Steelix|Stealth Rock|p1a: V Gundam
|-sidestart|p1: Shiori Honda|move: Stealth Rock
|
|-damage|p1a: V Gundam|82/100 tox|[from] psn
|upkeep
|turn|3
|j| gorex
|
|move|p1a: V Gundam|Sticky Web|p2a: Steelix
|-sidestart|p2: whistling|move: Sticky Web
|move|p2a: Steelix|Toxic|p1a: V Gundam|[miss]
|-miss|p2a: Steelix|p1a: V Gundam
|
|-damage|p1a: V Gundam|64/100 tox|[from] psn
|upkeep
|turn|4
|c| bath of sekhmet|??/
|c| poh|,
|c|☆whistling|LOL
|
|switch|p1a: Overbite|Steelix, F|100/100
|-damage|p1a: Overbite|97/100|[from] Stealth Rock
|move|p2a: Steelix|Heavy Slam|p1a: Overbite
|-resisted|p1a: Overbite
|-damage|p1a: Overbite|94/100
|
|-heal|p1a: Overbite|99/100|[from] item: Leftovers
|upkeep
|turn|5
|
|switch|p2a: Xatu|Xatu, M|100/100
|move|p1a: Overbite|Stealth Rock|p2a: Xatu
|move|p2a: Xatu|Stealth Rock||[from]Magic Bounce|[still]
|-fail|p2a: Xatu
|
|-heal|p1a: Overbite|100/100|[from] item: Leftovers
|upkeep
|turn|6
|
|move|p2a: Xatu|Heat Wave|p1a: Overbite
|-supereffective|p1a: Overbite
|-damage|p1a: Overbite|64/100
|move|p1a: Overbite|Heavy Slam|p2a: Xatu
|-damage|p2a: Xatu|55/100
|-damage|p1a: Overbite|47/100|[from] item: Rocky Helmet|[of] p2a: Xatu
|
|-heal|p1a: Overbite|53/100|[from] item: Leftovers
|upkeep
|turn|7
|
|switch|p1a: Propaganda|Silvally-Ghost|100/100
|-damage|p1a: Propaganda|88/100|[from] Stealth Rock
|move|p2a: Xatu|Heat Wave|p1a: Propaganda
|-damage|p1a: Propaganda|66/100
|
|upkeep
|turn|8
|
|switch|p2a: Steelix|Steelix, M|100/100
|-activate|p2a: Steelix|move: Sticky Web
|-unboost|p2a: Steelix|spe|1
|move|p1a: Propaganda|Swords Dance|p1a: Propaganda
|-boost|p1a: Propaganda|atk|2
|
|upkeep
|turn|9
|
|move|p1a: Propaganda|Multi-Attack|p2a: Steelix
|-damage|p2a: Steelix|51/100
|move|p2a: Steelix|Earthquake|p1a: Propaganda
|-damage|p1a: Propaganda|31/100
|
|-heal|p2a: Steelix|57/100|[from] item: Leftovers
|upkeep
|turn|10
|j| bkdrew
|
|move|p1a: Propaganda|Reversal|p2a: Steelix
|-supereffective|p2a: Steelix
|-damage|p2a: Steelix|8/100
|move|p2a: Steelix|Earthquake|p1a: Propaganda
|-damage|p1a: Propaganda|0 fnt
|faint|p1a: Propaganda
|
|-heal|p2a: Steelix|14/100|[from] item: Leftovers
|upkeep
|
|switch|p1a: V Gundam|Vikavolt, M|64/100 tox
|turn|11
|
|move|p1a: V Gundam|Bug Buzz|p2a: Steelix
|-resisted|p2a: Steelix
|-damage|p2a: Steelix|0 fnt
|faint|p2a: Steelix
|
|-damage|p1a: V Gundam|57/100 tox|[from] psn
|upkeep
|l| bkdrew
|
|switch|p2a: Passimian|Passimian, M|100/100
|-activate|p2a: Passimian|move: Sticky Web
|-unboost|p2a: Passimian|spe|1
|-ability|p2a: Passimian|Defiant
|-boost|p2a: Passimian|atk|2
|turn|12
|
|move|p2a: Passimian|Close Combat|p1a: V Gundam
|-resisted|p1a: V Gundam
|-damage|p1a: V Gundam|17/100 tox
|-unboost|p2a: Passimian|def|1
|-unboost|p2a: Passimian|spd|1
|move|p1a: V Gundam|Volt Switch|p2a: Passimian
|-damage|p2a: Passimian|22/100
|c|☆whistling|excuse me
|c| poh|bruh
|c|☆whistling|is that max bold
|j| ban gravel
|c|☆Shiori Honda|yes
|c| poh|knock tho
|
|switch|p1a: Passive Aggressive|Passimian, F|100/100|[from]move: Volt Switch
|-damage|p1a: Passive Aggressive|94/100|[from] Stealth Rock
|
|upkeep
|turn|13
|
|switch|p2a: Xatu|Xatu, M|55/100
|move|p1a: Passive Aggressive|Knock Off|p2a: Xatu
|-supereffective|p2a: Xatu
|-damage|p2a: Xatu|0 fnt
|-damage|p1a: Passive Aggressive|78/100|[from] item: Rocky Helmet|[of] p2a: Xatu
|-enditem|p2a: Xatu|Rocky Helmet|[from] move: Knock Off|[of] p1a: Passive Aggressive
|faint|p2a: Xatu
|
|upkeep
|
|switch|p2a: Flapple|Flapple, M|100/100
|-activate|p2a: Flapple|move: Sticky Web
|-unboost|p2a: Flapple|spe|1
|turn|14
|
|switch|p1a: V Gundam|Vikavolt, M|17/100 tox
|move|p2a: Flapple|Dragon Dance|p2a: Flapple
|-boost|p2a: Flapple|atk|1
|-boost|p2a: Flapple|spe|1
|
|-damage|p1a: V Gundam|11/100 tox|[from] psn
|upkeep
|turn|15
|
|move|p2a: Flapple|Grav Apple|p1a: V Gundam|[miss]
|-miss|p2a: Flapple|p1a: V Gundam
|move|p1a: V Gundam|Bug Buzz|p2a: Flapple
|-supereffective|p2a: Flapple
|-damage|p2a: Flapple|0 fnt
|faint|p2a: Flapple
|
|-damage|p1a: V Gundam|0 fnt|[from] psn
|faint|p1a: V Gundam
|upkeep
|c| bath of sekhmet|give up
|c|☆whistling|thats WIDE LENS
|c| bath of sekhmet|this mon blows
|c| poh|LOL
|
|switch|p2a: Jellicent|Jellicent, M|100/100
|switch|p1a: Passive Aggressive|Passimian, F|78/100
|-damage|p1a: Passive Aggressive|72/100|[from] Stealth Rock
|-activate|p2a: Jellicent|move: Sticky Web
|-unboost|p2a: Jellicent|spe|1
|turn|16
|
|move|p1a: Passive Aggressive|U-turn|p2a: Jellicent
|-resisted|p2a: Jellicent
|-damage|p2a: Jellicent|92/100
|j| betterhopemyaimoff
|
|switch|p1a: Overbite|Steelix, F|53/100|[from]move: U-turn
|-damage|p1a: Overbite|50/100|[from] Stealth Rock
|move|p2a: Jellicent|Will-O-Wisp|p1a: Overbite|[miss]
|-miss|p2a: Jellicent|p1a: Overbite
|
|-heal|p1a: Overbite|56/100|[from] item: Leftovers
|upkeep
|turn|17
|
|move|p2a: Jellicent|Scald|p1a: Overbite
|-supereffective|p1a: Overbite
|-damage|p1a: Overbite|15/100
|move|p1a: Overbite|Toxic|p2a: Jellicent
|-status|p2a: Jellicent|tox
|
|-heal|p1a: Overbite|21/100|[from] item: Leftovers
|-damage|p2a: Jellicent|85/100 tox|[from] psn
|upkeep
|turn|18
|
|move|p2a: Jellicent|Scald|p1a: Overbite
|-supereffective|p1a: Overbite
|-damage|p1a: Overbite|0 fnt
|faint|p1a: Overbite
|
|-damage|p2a: Jellicent|73/100 tox|[from] psn
|upkeep
|
|switch|p1a: Bust a Rime|Mr. Rime, F, shiny|100/100
|-damage|p1a: Bust a Rime|76/100|[from] Stealth Rock
|turn|19
|c|☆Shiori Honda|In.
|
|switch|p2a: Snorlax|Snorlax, M|100/100
|-activate|p2a: Snorlax|move: Sticky Web
|-unboost|p2a: Snorlax|spe|1
|move|p1a: Bust a Rime|Nasty Plot|p1a: Bust a Rime
|-boost|p1a: Bust a Rime|spa|2
|
|upkeep
|turn|20
|
|move|p1a: Bust a Rime|Focus Blast|p2a: Snorlax
|-supereffective|p2a: Snorlax
|-damage|p2a: Snorlax|6/100
|-damage|p1a: Bust a Rime|66/100|[from] item: Life Orb
|move|p2a: Snorlax|Darkest Lariat|p1a: Bust a Rime
|-supereffective|p1a: Bust a Rime
|-damage|p1a: Bust a Rime|8/100
|
|-heal|p2a: Snorlax|12/100|[from] item: Leftovers
|upkeep
|turn|21
|
|move|p1a: Bust a Rime|Psychic|p2a: Snorlax
|-damage|p2a: Snorlax|0 fnt
|-damage|p1a: Bust a Rime|0 fnt|[from] item: Life Orb
|faint|p2a: Snorlax
|faint|p1a: Bust a Rime
|
|upkeep
|c| gorex|out
|
|switch|p1a: Passive Aggressive|Passimian, F|72/100
|switch|p2a: Passimian|Passimian, M|22/100
|-damage|p1a: Passive Aggressive|66/100|[from] Stealth Rock
|-activate|p2a: Passimian|move: Sticky Web
|-unboost|p2a: Passimian|spe|1
|-ability|p2a: Passimian|Defiant
|-boost|p2a: Passimian|atk|2
|turn|22
|
|switch|p2a: Jellicent|Jellicent, M|73/100 tox
|-activate|p2a: Jellicent|move: Sticky Web
|-unboost|p2a: Jellicent|spe|1
|move|p1a: Passive Aggressive|Knock Off|p2a: Jellicent
|-supereffective|p2a: Jellicent
|-enditem|p2a: Jellicent|Colbur Berry|[eat]
|-enditem|p2a: Jellicent|Colbur Berry|[weaken]
|-damage|p2a: Jellicent|45/100 tox
|
|-damage|p2a: Jellicent|39/100 tox|[from] psn
|upkeep
|turn|23
|
|move|p1a: Passive Aggressive|Knock Off|p2a: Jellicent
|-supereffective|p2a: Jellicent
|-damage|p2a: Jellicent|5/100 tox
|move|p2a: Jellicent|Scald|p1a: Passive Aggressive
|-damage|p1a: Passive Aggressive|30/100
|
|-damage|p2a: Jellicent|0 fnt|[from] psn
|faint|p2a: Jellicent
|upkeep
|
|switch|p2a: Passimian|Passimian, M|22/100
|-activate|p2a: Passimian|move: Sticky Web
|-unboost|p2a: Passimian|spe|1
|-ability|p2a: Passimian|Defiant
|-boost|p2a: Passimian|atk|2
|turn|24
|j| HaxxSel
|
|switch|p1a: Toot Toot|Mantine, F|100/100
|move|p2a: Passimian|Rock Slide|p1a: Toot Toot
|-supereffective|p1a: Toot Toot
|-damage|p1a: Toot Toot|0 fnt
|faint|p1a: Toot Toot
|
|upkeep
|
|switch|p1a: Passive Aggressive|Passimian, F|30/100
|-damage|p1a: Passive Aggressive|23/100|[from] Stealth Rock
|turn|25
|
|move|p1a: Passive Aggressive|Close Combat|p2a: Passimian
|-damage|p2a: Passimian|0 fnt
|-unboost|p1a: Passive Aggressive|def|1
|-unboost|p1a: Passive Aggressive|spd|1
|faint|p2a: Passimian
|
|win|Shiori Honda
|c|☆whistling|gg
|c|☆Shiori Honda|gg
|c|☆whistling|flapple won
|c|☆whistling|btw
|l|☆whistling
|c| bath of sekhmet|?
|c|☆Shiori Honda|uh huh
|c| bath of sekhmet|where
|l| bath of sekhmet
|l|☆Shiori Honda
