|j|☆AbsurdMind
|j|☆epicowl10
|t:|1631660608
|gametype|singles
|player|p1|AbsurdMind|170|1280
|player|p2|epicowl10|lucas|1476
|teamsize|p1|6
|teamsize|p2|6
|gen|8
|tier|[Gen 8] RU
|rated|
|rule|Sleep Clause Mod: Limit one foe put to sleep
|rule|Species Clause: Limit one of each Pokémon
|rule|OHKO Clause: OHKO moves are banned
|rule|Evasion Moves Clause: Evasion moves are banned
|rule|Endless Battle Clause: Forcing endless battles is banned
|rule|HP Percentage Mod: HP is shown in percentages
|rule|Dynamax Clause: You cannot dynamax
|clearpoke
|poke|p1|Regidrago|
|poke|p1|Vaporeon, F|
|poke|p1|Obstagoon, F|
|poke|p1|Weezing-Galar, M|
|poke|p1|Reuniclus, F|
|poke|p1|Steelix, F|
|poke|p2|Mimikyu, F|
|poke|p2|Darmanitan, M|
|poke|p2|Araquanid, F|
|poke|p2|Flygon, F|
|poke|p2|Regidrago|
|poke|p2|Toxtricity, M|
|teampreview
|inactive|Battle timer is ON: inactive players will automatically lose when time's up. (requested by AbsurdMind)
|
|t:|1631660644
|start
|switch|p1a: Regidrago|Regidrago|100/100
|switch|p2a: Darmanitan|Darmanitan, M|100/100
|turn|1
|
|t:|1631660666
|move|p1a: Regidrago|Dragon Energy|p2a: Darmanitan
|-damage|p2a: Darmanitan|0 fnt
|faint|p2a: Darmanitan
|
|upkeep
|
|t:|1631660667
|switch|p2a: Mimikyu|Mimikyu, F|100/100
|turn|2
|inactive|epicowl10 has 120 seconds left.
|
|t:|1631660693
|switch|p1a: Weezing|Weezing-Galar, M|100/100
|move|p2a: Mimikyu|Play Rough|p1a: Weezing
|-resisted|p1a: Weezing
|-damage|p1a: Weezing|86/100
|-damage|p2a: Mimikyu|84/100|[from] item: Rocky Helmet|[of] p1a: Weezing
|-damage|p2a: Mimikyu|74/100|[from] item: Life Orb
|
|upkeep
|turn|3
|
|t:|1631660716
|switch|p2a: Toxtricity|Toxtricity, M|100/100
|move|p1a: Weezing|Will-O-Wisp|p2a: Toxtricity|[miss]
|-miss|p1a: Weezing|p2a: Toxtricity
|
|upkeep
|turn|4
|
|t:|1631660721
|switch|p1a: Reuniclus|Reuniclus, F|100/100
|move|p2a: Toxtricity|Boomburst|p1a: Reuniclus
|-damage|p1a: Reuniclus|60/100
|-damage|p2a: Toxtricity|91/100|[from] item: Life Orb
|
|upkeep
|turn|5
|
|t:|1631660733
|switch|p2a: Regidrago|Regidrago|100/100
|move|p1a: Reuniclus|Psyshock|p2a: Regidrago
|-damage|p2a: Regidrago|58/100
|
|upkeep
|turn|6
|
|t:|1631660737
|move|p2a: Regidrago|Draco Meteor|p1a: Reuniclus
|-damage|p1a: Reuniclus|0 fnt
|-unboost|p2a: Regidrago|spa|2
|faint|p1a: Reuniclus
|
|upkeep
|
|t:|1631660745
|switch|p1a: Vaporeon|Vaporeon, F|100/100
|turn|7
|
|t:|1631660749
|move|p2a: Regidrago|Draco Meteor|p1a: Vaporeon
|-damage|p1a: Vaporeon|61/100
|-unboost|p2a: Regidrago|spa|2
|move|p1a: Vaporeon|Flip Turn|p2a: Regidrago
|-resisted|p2a: Regidrago
|-damage|p2a: Regidrago|50/100
|
|t:|1631660754
|switch|p1a: Obstagoon|Obstagoon, F|100/100|[from]move: Flip Turn
|
|-status|p1a: Obstagoon|brn|[from] item: Flame Orb
|upkeep
|turn|8
|
|t:|1631660760
|switch|p2a: Flygon|Flygon, F|100/100
|move|p1a: Obstagoon|Knock Off|p2a: Flygon
|-damage|p2a: Flygon|57/100
|-damage|p1a: Obstagoon|84/100 brn|[from] item: Rocky Helmet|[of] p2a: Flygon
|-enditem|p2a: Flygon|Rocky Helmet|[from] move: Knock Off|[of] p1a: Obstagoon
|
|-damage|p1a: Obstagoon|78/100 brn|[from] brn
|upkeep
|turn|9
|
|t:|1631660769
|switch|p1a: Weezing|Weezing-Galar, M|86/100
|move|p2a: Flygon|Roost|p2a: Flygon
|-heal|p2a: Flygon|100/100
|-singleturn|p2a: Flygon|move: Roost
|
|upkeep
|turn|10
|
|t:|1631660781
|switch|p2a: Toxtricity|Toxtricity, M|91/100
|move|p1a: Weezing|Strange Steam|p2a: Toxtricity
|-resisted|p2a: Toxtricity
|-damage|p2a: Toxtricity|71/100
|-start|p2a: Toxtricity|confusion
|
|upkeep
|turn|11
|
|t:|1631660791
|switch|p1a: Steelix|Steelix, F|100/100
|-activate|p2a: Toxtricity|confusion
|move|p2a: Toxtricity|Boomburst|p1a: Steelix
|-resisted|p1a: Steelix
|-damage|p1a: Steelix|40/100
|-damage|p2a: Toxtricity|61/100|[from] item: Life Orb
|
|-heal|p1a: Steelix|47/100|[from] item: Leftovers
|upkeep
|turn|12
|
|t:|1631660807
|switch|p2a: Flygon|Flygon, F|100/100
|move|p1a: Steelix|Stealth Rock|p2a: Flygon
|-sidestart|p2: epicowl10|move: Stealth Rock
|
|-heal|p1a: Steelix|53/100|[from] item: Leftovers
|upkeep
|turn|13
|
|t:|1631660814
|move|p2a: Flygon|Defog|p1a: Steelix
|-unboost|p1a: Steelix|evasion|1
|-sideend|p2: epicowl10|Stealth Rock|[from] move: Defog|[of] p2a: Flygon
|move|p1a: Steelix|Toxic|p2a: Flygon
|-status|p2a: Flygon|tox
|
|-heal|p1a: Steelix|59/100|[from] item: Leftovers
|-damage|p2a: Flygon|94/100 tox|[from] psn
|upkeep
|turn|14
|
|t:|1631660818
|switch|p1a: Weezing|Weezing-Galar, M|86/100
|move|p2a: Flygon|Earthquake|p1a: Weezing
|-immune|p1a: Weezing|[from] ability: Levitate
|
|-damage|p2a: Flygon|82/100 tox|[from] psn
|upkeep
|turn|15
|
|t:|1631660828
|switch|p2a: Toxtricity|Toxtricity, M|61/100
|switch|p1a: Regidrago|Regidrago|100/100
|
|upkeep
|turn|16
|
|t:|1631660836
|switch|p2a: Mimikyu|Mimikyu, F|74/100
|move|p1a: Regidrago|Ancient Power|p2a: Mimikyu
|-activate|p2a: Mimikyu|ability: Disguise
|-damage|p2a: Mimikyu|74/100
|detailschange|p2a: Mimikyu|Mimikyu-Busted, F
|-damage|p2a: Mimikyu|62/100|[from] pokemon: Mimikyu-Busted
|
|upkeep
|turn|17
|
|t:|1631660848
|switch|p1a: Weezing|Weezing-Galar, M|86/100
|move|p2a: Mimikyu|Play Rough|p1a: Weezing
|-resisted|p1a: Weezing
|-damage|p1a: Weezing|70/100
|-damage|p2a: Mimikyu|46/100|[from] item: Rocky Helmet|[of] p1a: Weezing
|-damage|p2a: Mimikyu|36/100|[from] item: Life Orb
|
|upkeep
|turn|18
|
|t:|1631660856
|switch|p2a: Toxtricity|Toxtricity, M|61/100
|move|p1a: Weezing|Sludge Bomb|p2a: Toxtricity
|-resisted|p2a: Toxtricity
|-damage|p2a: Toxtricity|39/100
|
|upkeep
|turn|19
|inactive|epicowl10 has 120 seconds left.
|
|t:|1631660892
|switch|p1a: Vaporeon|Vaporeon, F|61/100
|move|p2a: Toxtricity|Shift Gear|p2a: Toxtricity
|-boost|p2a: Toxtricity|spe|2
|-boost|p2a: Toxtricity|atk|1
|
|-heal|p1a: Vaporeon|67/100|[from] item: Leftovers
|upkeep
|turn|20
|inactive|epicowl10 has 120 seconds left.
|
|t:|1631660921
|move|p1a: Vaporeon|Protect|p1a: Vaporeon
|-singleturn|p1a: Vaporeon|Protect
|move|p2a: Toxtricity|Overdrive|p1a: Vaporeon
|-activate|p1a: Vaporeon|move: Protect
|
|-heal|p1a: Vaporeon|73/100|[from] item: Leftovers
|upkeep
|turn|21
|
|t:|1631660930
|move|p2a: Toxtricity|Drain Punch|p1a: Vaporeon
|-damage|p1a: Vaporeon|35/100
|-heal|p2a: Toxtricity|69/100|[from] drain|[of] p1a: Vaporeon
|-damage|p2a: Toxtricity|59/100|[from] item: Life Orb
|move|p1a: Vaporeon|Scald|p2a: Toxtricity
|-damage|p2a: Toxtricity|13/100
|
|-heal|p1a: Vaporeon|41/100|[from] item: Leftovers
|upkeep
|turn|22
|inactive|epicowl10 has 90 seconds left.
|
|t:|1631660980
|move|p1a: Vaporeon|Protect|p1a: Vaporeon
|-singleturn|p1a: Vaporeon|Protect
|move|p2a: Toxtricity|Boomburst|p1a: Vaporeon
|-activate|p1a: Vaporeon|move: Protect
|
|-heal|p1a: Vaporeon|47/100|[from] item: Leftovers
|upkeep
|turn|23
|
|t:|1631660994
|switch|p1a: Weezing|Weezing-Galar, M|70/100
|move|p2a: Toxtricity|Boomburst|p1a: Weezing
|-damage|p1a: Weezing|0 fnt
|faint|p1a: Weezing
|-damage|p2a: Toxtricity|3/100|[from] item: Life Orb
|
|upkeep
|
|t:|1631661000
|switch|p1a: Steelix|Steelix, F|59/100
|turn|24
|inactive|epicowl10 has 90 seconds left.
|inactive|epicowl10 has 60 seconds left.
|
|t:|1631661036
|move|p2a: Toxtricity|Boomburst|p1a: Steelix
|-resisted|p1a: Steelix
|-damage|p1a: Steelix|5/100
|-damage|p2a: Toxtricity|0 fnt|[from] item: Life Orb
|faint|p2a: Toxtricity
|move|p1a: Steelix|Stealth Rock|p2: Toxtricity
|-sidestart|p2: epicowl10|move: Stealth Rock
|
|-heal|p1a: Steelix|12/100|[from] item: Leftovers
|upkeep
|inactive|epicowl10 has 60 seconds left.
|
|t:|1631661047
|switch|p2a: Araquanid|Araquanid, F|100/100
|turn|25
|
|t:|1631661052
|move|p2a: Araquanid|Sticky Web|p1a: Steelix
|-sidestart|p1: AbsurdMind|move: Sticky Web
|move|p1a: Steelix|Toxic|p2a: Araquanid
|-status|p2a: Araquanid|tox
|
|-heal|p1a: Steelix|18/100|[from] item: Leftovers
|-damage|p2a: Araquanid|94/100 tox|[from] psn
|upkeep
|turn|26
|
|t:|1631661059
|switch|p1a: Vaporeon|Vaporeon, F|47/100
|-activate|p1a: Vaporeon|move: Sticky Web
|-unboost|p1a: Vaporeon|spe|1
|move|p2a: Araquanid|Lunge|p1a: Vaporeon
|-damage|p1a: Vaporeon|14/100
|-unboost|p1a: Vaporeon|atk|1
|
|-heal|p1a: Vaporeon|21/100|[from] item: Leftovers
|-damage|p2a: Araquanid|82/100 tox|[from] psn
|upkeep
|turn|27
|
|t:|1631661069
|move|p1a: Vaporeon|Protect|p1a: Vaporeon
|-singleturn|p1a: Vaporeon|Protect
|move|p2a: Araquanid|Lunge|p1a: Vaporeon
|-activate|p1a: Vaporeon|move: Protect
|
|-heal|p1a: Vaporeon|27/100|[from] item: Leftovers
|-damage|p2a: Araquanid|63/100 tox|[from] psn
|upkeep
|turn|28
|
|t:|1631661083
|switch|p1a: Steelix|Steelix, F|18/100
|-activate|p1a: Steelix|move: Sticky Web
|-unboost|p1a: Steelix|spe|1
|move|p2a: Araquanid|Lunge|p1a: Steelix
|-resisted|p1a: Steelix
|-damage|p1a: Steelix|11/100
|-unboost|p1a: Steelix|atk|1
|
|-heal|p1a: Steelix|17/100|[from] item: Leftovers
|-damage|p2a: Araquanid|39/100 tox|[from] psn
|upkeep
|turn|29
|
|t:|1631661090
|switch|p1a: Vaporeon|Vaporeon, F|27/100
|-activate|p1a: Vaporeon|move: Sticky Web
|-unboost|p1a: Vaporeon|spe|1
|move|p2a: Araquanid|Lunge|p1a: Vaporeon
|-damage|p1a: Vaporeon|0 fnt
|faint|p1a: Vaporeon
|
|-damage|p2a: Araquanid|8/100 tox|[from] psn
|upkeep
|
|t:|1631661099
|switch|p1a: Regidrago|Regidrago|100/100
|-activate|p1a: Regidrago|move: Sticky Web
|-unboost|p1a: Regidrago|spe|1
|turn|30
|
|t:|1631661103
|move|p1a: Regidrago|Ancient Power|p2a: Araquanid
|-supereffective|p2a: Araquanid
|-damage|p2a: Araquanid|0 fnt
|faint|p2a: Araquanid
|
|upkeep
|inactive|epicowl10 has 90 seconds left.
|
|t:|1631661131
|switch|p2a: Mimikyu|Mimikyu-Busted, F|36/100
|-damage|p2a: Mimikyu|23/100|[from] Stealth Rock
|turn|31
|
|t:|1631661135
|switch|p1a: Steelix|Steelix, F|17/100
|-activate|p1a: Steelix|move: Sticky Web
|-unboost|p1a: Steelix|spe|1
|move|p2a: Mimikyu|Play Rough|p1a: Steelix
|-resisted|p1a: Steelix
|-crit|p1a: Steelix
|-damage|p1a: Steelix|3/100
|-damage|p2a: Mimikyu|13/100|[from] item: Life Orb
|
|-heal|p1a: Steelix|10/100|[from] item: Leftovers
|upkeep
|turn|32
|
|t:|1631661144
|switch|p2a: Flygon|Flygon, F|82/100 tox
|-damage|p2a: Flygon|76/100 tox|[from] Stealth Rock
|move|p1a: Steelix|Heavy Slam|p2a: Flygon
|-damage|p2a: Flygon|54/100 tox
|
|-heal|p1a: Steelix|16/100|[from] item: Leftovers
|-damage|p2a: Flygon|48/100 tox|[from] psn
|upkeep
|turn|33
|
|t:|1631661154
|switch|p1a: Obstagoon|Obstagoon, F|78/100 brn
|-activate|p1a: Obstagoon|move: Sticky Web
|-unboost|p1a: Obstagoon|spe|1
|move|p2a: Flygon|Earthquake|p1a: Obstagoon
|-damage|p1a: Obstagoon|41/100 brn
|
|-damage|p2a: Flygon|36/100 tox|[from] psn
|-damage|p1a: Obstagoon|35/100 brn|[from] brn
|upkeep
|turn|34
|
|t:|1631661175
|move|p2a: Flygon|Earthquake|p1a: Obstagoon
|-damage|p1a: Obstagoon|0 fnt
|faint|p1a: Obstagoon
|
|-damage|p2a: Flygon|18/100 tox|[from] psn
|upkeep
|
|t:|1631661179
|switch|p1a: Steelix|Steelix, F|16/100
|-activate|p1a: Steelix|move: Sticky Web
|-unboost|p1a: Steelix|spe|1
|turn|35
|
|t:|1631661186
|move|p2a: Flygon|Earthquake|p1a: Steelix
|-supereffective|p1a: Steelix
|-damage|p1a: Steelix|0 fnt
|faint|p1a: Steelix
|
|-damage|p2a: Flygon|0 fnt|[from] psn
|faint|p2a: Flygon
|upkeep
|
|t:|1631661189
|switch|p2a: Mimikyu|Mimikyu-Busted, F|13/100
|switch|p1a: Regidrago|Regidrago|100/100
|-activate|p1a: Regidrago|move: Sticky Web
|-unboost|p1a: Regidrago|spe|1
|-damage|p2a: Mimikyu|1/100|[from] Stealth Rock
|turn|36
|
|t:|1631661194
|move|p2a: Mimikyu|Play Rough|p1a: Regidrago
|-supereffective|p1a: Regidrago
|-damage|p1a: Regidrago|0 fnt
|faint|p1a: Regidrago
|-damage|p2a: Mimikyu|0 fnt|[from] item: Life Orb
|faint|p2a: Mimikyu
|
|win|epicowl10
|raw|AbsurdMind's rating: 1280 &rarr; <strong>1268</strong><br />(-12 for losing)
|raw|epicowl10's rating: 1476 &rarr; <strong>1486</strong><br />(+10 for winning)
|c|☆epicowl10|gg
|c|☆AbsurdMind|gg
|c|☆epicowl10|close
|l|☆AbsurdMind
||Ladder isn't responding, score probably updated but might not have (Request timeout).
