|j|☆Hilda is viscous
|j|☆Testinganteater
|t:|1665245335
|gametype|singles
|player|p1|Hilda is viscous|hilda-wonderlauncher|1300
|player|p2|Testinganteater|harlequin|1336
|teamsize|p1|6
|teamsize|p2|6
|gen|8
|tier|[Gen 8] RU
|rated|
|rule|Sleep Clause Mod: Limit one foe put to sleep
|rule|Species Clause: Limit one of each Pokémon
|rule|OHKO Clause: OHKO moves are banned
|rule|Evasion Items Clause: Evasion items are banned
|rule|Evasion Moves Clause: Evasion moves are banned
|rule|Endless Battle Clause: Forcing endless battles is banned
|rule|HP Percentage Mod: HP is shown in percentages
|rule|Dynamax Clause: You cannot dynamax
|clearpoke
|poke|p1|Seismitoad, M|
|poke|p1|Marowak-Alola, F|
|poke|p1|Metagross|
|poke|p1|Noivern, F|
|poke|p1|Rotom-Mow|
|poke|p1|Goodra, M|
|poke|p2|Tentacruel, M|
|poke|p2|Bronzong|
|poke|p2|Crobat, M|
|poke|p2|Flygon, M|
|poke|p2|Rotom-Mow|
|poke|p2|Incineroar, M|
|teampreview
|
|t:|1665245351
|start
|switch|p1a: Rotom|Rotom-Mow|100/100
|switch|p2a: Incineroar|Incineroar, M|100/100
|-ability|p2a: Incineroar|Intimidate|boost
|-unboost|p1a: Rotom|atk|1
|turn|1
|
|t:|1665245356
|move|p1a: Rotom|Volt Switch|p2a: Incineroar
|-damage|p2a: Incineroar|68/100
|
|t:|1665245358
|switch|p1a: Goodra|Goodra, M|100/100|[from]move: Volt Switch
|move|p2a: Incineroar|U-turn|p1a: Goodra
|-damage|p1a: Goodra|81/100
|inactive|Battle timer is ON: inactive players will automatically lose when time's up. (requested by Hilda is viscous)
|
|t:|1665245380
|switch|p2a: Tentacruel|Tentacruel, M|100/100|[from]move: U-turn
|
|upkeep
|turn|2
|
|t:|1665245392
|move|p2a: Tentacruel|Knock Off|p1a: Goodra
|-damage|p1a: Goodra|70/100
|-enditem|p1a: Goodra|Sitrus Berry|[from] move: Knock Off|[of] p2a: Tentacruel
|move|p1a: Goodra|Draco Meteor|p2a: Tentacruel
|-damage|p2a: Tentacruel|62/100
|-unboost|p1a: Goodra|spa|2
|
|-heal|p2a: Tentacruel|68/100|[from] item: Black Sludge
|upkeep
|turn|3
|
|t:|1665245402
|switch|p1a: Metagross|Metagross|100/100
|move|p2a: Tentacruel|Knock Off|p1a: Metagross
|-supereffective|p1a: Metagross
|-damage|p1a: Metagross|85/100
|-enditem|p1a: Metagross|Lagging Tail|[from] move: Knock Off|[of] p2a: Tentacruel
|
|-heal|p2a: Tentacruel|74/100|[from] item: Black Sludge
|upkeep
|turn|4
|
|t:|1665245412
|switch|p2a: Bronzong|Bronzong|100/100
|move|p1a: Metagross|Stealth Rock|p2a: Bronzong
|-sidestart|p2: Testinganteater|move: Stealth Rock
|
|upkeep
|turn|5
|
|t:|1665245419
|switch|p1a: Marowak|Marowak-Alola, F|100/100
|move|p2a: Bronzong|Earthquake|p1a: Marowak
|-supereffective|p1a: Marowak
|-damage|p1a: Marowak|53/100
|
|upkeep
|turn|6
|
|t:|1665245423
|switch|p2a: Incineroar|Incineroar, M|68/100
|-ability|p2a: Incineroar|Intimidate|boost
|-unboost|p1a: Marowak|atk|1
|move|p1a: Marowak|Poltergeist|p2a: Incineroar
|-activate|p2a: Incineroar|move: Poltergeist|Heavy-Duty Boots
|-resisted|p2a: Incineroar
|-damage|p2a: Incineroar|35/100
|
|upkeep
|turn|7
|
|t:|1665245434
|move|p2a: Incineroar|Knock Off|p1a: Marowak
|-supereffective|p1a: Marowak
|-damage|p1a: Marowak|0 fnt
|-enditem|p1a: Marowak|Thick Club|[from] move: Knock Off|[of] p2a: Incineroar
|faint|p1a: Marowak
|
|upkeep
|
|t:|1665245436
|switch|p1a: Noivern|Noivern, F|100/100
|-item|p2a: Incineroar|Heavy-Duty Boots|[from] ability: Frisk|[of] p1a: Noivern|[identify]
|turn|8
|
|t:|1665245440
|switch|p2a: Bronzong|Bronzong|100/100
|-damage|p2a: Bronzong|94/100|[from] Stealth Rock
|move|p1a: Noivern|Hurricane|p2a: Bronzong|[miss]
|-miss|p1a: Noivern|p2a: Bronzong
|
|-heal|p2a: Bronzong|100/100|[from] item: Leftovers
|upkeep
|turn|9
|
|t:|1665245449
|move|p1a: Noivern|Hurricane|p2a: Bronzong
|-resisted|p2a: Bronzong
|-damage|p2a: Bronzong|86/100
|-start|p2a: Bronzong|confusion
|-activate|p2a: Bronzong|confusion
|-damage|p2a: Bronzong|79/100|[from] confusion
|
|-heal|p2a: Bronzong|85/100|[from] item: Leftovers
|upkeep
|turn|10
|
|t:|1665245460
|switch|p1a: Seismitoad|Seismitoad, M|100/100
|-activate|p2a: Bronzong|confusion
|move|p2a: Bronzong|Stealth Rock|p1a: Seismitoad
|-sidestart|p1: Hilda is viscous|move: Stealth Rock
|
|-heal|p2a: Bronzong|91/100|[from] item: Leftovers
|upkeep
|turn|11
|
|t:|1665245470
|move|p1a: Seismitoad|Knock Off|p2a: Bronzong
|-supereffective|p2a: Bronzong
|-damage|p2a: Bronzong|24/100
|-enditem|p2a: Bronzong|Leftovers|[from] move: Knock Off|[of] p1a: Seismitoad
|-end|p2a: Bronzong|confusion
|move|p2a: Bronzong|Toxic|p1a: Seismitoad
|-status|p1a: Seismitoad|tox
|
|-damage|p1a: Seismitoad|95/100 tox|[from] psn
|upkeep
|turn|12
|
|t:|1665245482
|switch|p2a: Tentacruel|Tentacruel, M|74/100
|-damage|p2a: Tentacruel|61/100|[from] Stealth Rock
|move|p1a: Seismitoad|Knock Off|p2a: Tentacruel
|-damage|p2a: Tentacruel|21/100
|-enditem|p2a: Tentacruel|Black Sludge|[from] move: Knock Off|[of] p1a: Seismitoad
|
|-damage|p1a: Seismitoad|83/100 tox|[from] psn
|upkeep
|turn|13
|
|t:|1665245497
|switch|p1a: Rotom|Rotom-Mow|100/100
|-damage|p1a: Rotom|88/100|[from] Stealth Rock
|move|p2a: Tentacruel|Rapid Spin|p1a: Rotom
|-damage|p1a: Rotom|80/100
|-boost|p2a: Tentacruel|spe|1
|-sideend|p2: Testinganteater|Stealth Rock|[from] move: Rapid Spin|[of] p2a: Tentacruel
|
|upkeep
|turn|14
|
|t:|1665245513
|switch|p1a: Noivern|Noivern, F|100/100
|switch|p2a: Rotom|Rotom-Mow|100/100
|
|upkeep
|turn|15
|inactive|Testinganteater has 120 seconds left.
|
|t:|1665245538
|move|p2a: Rotom|Volt Switch|p1a: Noivern
|-damage|p1a: Noivern|62/100
|
|t:|1665245546
|switch|p2a: Tentacruel|Tentacruel, M|21/100|[from]move: Volt Switch
|move|p1a: Noivern|Defog|p2a: Tentacruel
|-unboost|p2a: Tentacruel|evasion|1
|-sideend|p1: Hilda is viscous|Stealth Rock|[from] move: Defog|[of] p1a: Noivern
|
|upkeep
|turn|16
|inactive|Testinganteater has 120 seconds left.
|
|t:|1665245563
|move|p1a: Noivern|Hurricane|p2a: Tentacruel
|-damage|p2a: Tentacruel|0 fnt
|faint|p2a: Tentacruel
|
|upkeep
|inactive|Testinganteater has 90 seconds left.
|
|t:|1665245595
|switch|p2a: Bronzong|Bronzong|24/100
|turn|17
|
|t:|1665245600
|move|p1a: Noivern|Draco Meteor|p2a: Bronzong
|-resisted|p2a: Bronzong
|-damage|p2a: Bronzong|6/100
|-unboost|p1a: Noivern|spa|2
|move|p2a: Bronzong|Gyro Ball|p1a: Noivern
|-damage|p1a: Noivern|4/100
|
|upkeep
|turn|18
|
|t:|1665245609
|move|p1a: Noivern|Draco Meteor|p2a: Bronzong
|-resisted|p2a: Bronzong
|-damage|p2a: Bronzong|0 fnt
|-unboost|p1a: Noivern|spa|2
|faint|p2a: Bronzong
|
|upkeep
|
|t:|1665245619
|switch|p2a: Crobat|Crobat, M|100/100
|turn|19
|
|t:|1665245627
|switch|p1a: Rotom|Rotom-Mow|80/100
|move|p2a: Crobat|Brave Bird|p1a: Rotom
|-damage|p1a: Rotom|40/100
|-damage|p2a: Crobat|90/100|[from] Recoil
|
|upkeep
|turn|20
|
|t:|1665245632
|switch|p2a: Rotom|Rotom-Mow|100/100
|move|p1a: Rotom|Will-O-Wisp|p2a: Rotom|[miss]
|-miss|p1a: Rotom|p2a: Rotom
|
|upkeep
|turn|21
|inactive|Testinganteater has 120 seconds left.
|
|t:|1665245645
|switch|p1a: Goodra|Goodra, M|70/100
|move|p2a: Rotom|Volt Switch|p1a: Goodra
|-resisted|p1a: Goodra
|-damage|p1a: Goodra|60/100
|
|t:|1665245654
|switch|p2a: Flygon|Flygon, M, shiny|100/100|[from]move: Volt Switch
|
|upkeep
|turn|22
|
|t:|1665245659
|move|p2a: Flygon|Earthquake|p1a: Goodra
|-damage|p1a: Goodra|18/100
|-damage|p2a: Flygon|91/100|[from] item: Life Orb
|move|p1a: Goodra|Draco Meteor|p2a: Flygon
|-supereffective|p2a: Flygon
|-damage|p2a: Flygon|0 fnt
|-unboost|p1a: Goodra|spa|2
|faint|p2a: Flygon
|
|upkeep
|
|t:|1665245666
|switch|p2a: Crobat|Crobat, M|90/100
|turn|23
|
|t:|1665245670
|move|p2a: Crobat|Brave Bird|p1a: Goodra
|-damage|p1a: Goodra|0 fnt
|faint|p1a: Goodra
|-damage|p2a: Crobat|84/100|[from] Recoil
|
|upkeep
|
|t:|1665245674
|switch|p1a: Rotom|Rotom-Mow|40/100
|turn|24
|
|t:|1665245695
|move|p1a: Rotom|Volt Switch|p2a: Crobat
|-supereffective|p2a: Crobat
|-damage|p2a: Crobat|23/100
|
|t:|1665245699
|switch|p1a: Metagross|Metagross|85/100|[from]move: Volt Switch
|move|p2a: Crobat|Brave Bird|p1a: Metagross
|-resisted|p1a: Metagross
|-damage|p1a: Metagross|74/100
|-damage|p2a: Crobat|20/100|[from] Recoil
|
|upkeep
|turn|25
|
|t:|1665245708
|switch|p2a: Incineroar|Incineroar, M|35/100
|-ability|p2a: Incineroar|Intimidate|boost
|-fail|p1a: Metagross|unboost|[from] ability: Clear Body|[of] p1a: Metagross
|move|p1a: Metagross|Reflect|p1a: Metagross
|-sidestart|p1: Hilda is viscous|Reflect
|
|upkeep
|turn|26
|
|t:|1665245716
|move|p2a: Incineroar|Flare Blitz|p1a: Metagross
|-supereffective|p1a: Metagross
|-damage|p1a: Metagross|39/100
|-damage|p2a: Incineroar|22/100|[from] Recoil
|move|p1a: Metagross|Meteor Mash|p2a: Incineroar
|-resisted|p2a: Incineroar
|-damage|p2a: Incineroar|0 fnt
|faint|p2a: Incineroar
|
|upkeep
|
|t:|1665245721
|switch|p2a: Rotom|Rotom-Mow|100/100
|turn|27
|
|t:|1665245734
|move|p2a: Rotom|Thunderbolt|p1a: Metagross
|-damage|p1a: Metagross|0 fnt
|faint|p1a: Metagross
|
|upkeep
|
|t:|1665245747
|switch|p1a: Noivern|Noivern, F|4/100
|-item|p2a: Rotom|Choice Scarf|[from] ability: Frisk|[of] p1a: Noivern|[identify]
|turn|28
|
|t:|1665245754
|move|p2a: Rotom|Thunderbolt|p1a: Noivern
|-damage|p1a: Noivern|0 fnt
|faint|p1a: Noivern
|
|upkeep
|
|t:|1665245756
|switch|p1a: Seismitoad|Seismitoad, M|83/100 tox
|turn|29
|
|t:|1665245762
|switch|p2a: Crobat|Crobat, M|20/100
|move|p1a: Seismitoad|Liquidation|p2a: Crobat
|-damage|p2a: Crobat|0 fnt
|faint|p2a: Crobat
|
|-damage|p1a: Seismitoad|77/100 tox|[from] psn
|-sideend|p1: Hilda is viscous|Reflect
|upkeep
|
|t:|1665245767
|switch|p2a: Rotom|Rotom-Mow|100/100
|turn|30
|
|t:|1665245779
|switch|p1a: Rotom|Rotom-Mow|40/100
|move|p2a: Rotom|Leaf Storm|p1a: Rotom
|-resisted|p1a: Rotom
|-damage|p1a: Rotom|5/100
|-unboost|p2a: Rotom|spa|2
|
|upkeep
|turn|31
|
|t:|1665245784
|move|p1a: Rotom|Leaf Storm|p2a: Rotom
|-resisted|p2a: Rotom
|-damage|p2a: Rotom|71/100
|-unboost|p1a: Rotom|spa|2
|move|p2a: Rotom|Leaf Storm|p1a: Rotom
|-resisted|p1a: Rotom
|-damage|p1a: Rotom|0 fnt
|-unboost|p2a: Rotom|spa|2
|faint|p1a: Rotom
|
|upkeep
|
|t:|1665245787
|switch|p1a: Seismitoad|Seismitoad, M|77/100 tox
|turn|32
|inactive|Hilda is viscous has 120 seconds left.
|
|t:|1665245819
|move|p2a: Rotom|Leaf Storm|p1a: Seismitoad|[miss]
|-miss|p2a: Rotom|p1a: Seismitoad
|move|p1a: Seismitoad|Ice Punch|p2a: Rotom
|-supereffective|p2a: Rotom
|-damage|p2a: Rotom|0 fnt
|faint|p2a: Rotom
|
|win|Hilda is viscous
|raw|Hilda is viscous's rating: 1300 &rarr; <strong>1328</strong><br />(+28 for winning)
|raw|Testinganteater's rating: 1336 &rarr; <strong>1314</strong><br />(-22 for losing)
|c|☆Hilda is viscous|gg
|l|☆Testinganteater
||Ladder isn't responding, score probably updated but might not have (Request timeout).
