|html|<div class="broadcast-blue"><strong>[Gen 8] RU is currently suspecting Mienshao! For information on how to participate check out the <a href="https://www.smogon.com/forums/threads/np-ru-stage-8-nocturne-mienshao-suspect-test.3688330/">suspect thread</a>.</strong></div>
|j|☆rum7idkatthispoint
|j|☆whistling
|t:|1627926948
|gametype|singles
|player|p1|rum7idkatthispoint|nate|1297
|player|p2|whistling|red|1616
|teamsize|p1|6
|teamsize|p2|6
|gen|8
|tier|[Gen 8] RU
|rated|
|rule|Sleep Clause Mod: Limit one foe put to sleep
|rule|Species Clause: Limit one of each Pokémon
|rule|OHKO Clause: OHKO moves are banned
|rule|Evasion Moves Clause: Evasion moves are banned
|rule|Endless Battle Clause: Forcing endless battles is banned
|rule|HP Percentage Mod: HP is shown in percentages
|rule|Dynamax Clause: You cannot dynamax
|clearpoke
|poke|p1|Diancie|
|poke|p1|Vileplume, M|
|poke|p1|Durant, F|
|poke|p1|Flygon, F|
|poke|p1|Volcanion|
|poke|p1|Xurkitree|
|poke|p2|Diancie|
|poke|p2|Roserade, F|
|poke|p2|Lucario, M|
|poke|p2|Incineroar, M|
|poke|p2|Flygon, M|
|poke|p2|Jellicent, M|
|teampreview
|inactive|Battle timer is ON: inactive players will automatically lose when time's up. (requested by rum7idkatthispoint)
|
|t:|1627926963
|start
|switch|p1a: Diancie|Diancie|100/100
|switch|p2a: Roserade|Roserade, F|100/100
|turn|1
|
|t:|1627926972
|switch|p1a: Vileplume|Vileplume, M|100/100
|move|p2a: Roserade|Giga Drain|p1a: Vileplume
|-resisted|p1a: Vileplume
|-damage|p1a: Vileplume|91/100
|
|-heal|p1a: Vileplume|97/100|[from] item: Black Sludge
|upkeep
|turn|2
|
|t:|1627926980
|move|p2a: Roserade|Spikes|p1a: Vileplume
|-sidestart|p1: rum7idkatthispoint|Spikes
|move|p1a: Vileplume|Sludge Bomb|p2a: Roserade
|-damage|p2a: Roserade|59/100
|
|-heal|p1a: Vileplume|100/100|[from] item: Black Sludge
|upkeep
|turn|3
|
|t:|1627926987
|move|p2a: Roserade|Sludge Bomb|p1a: Vileplume
|-damage|p1a: Vileplume|55/100
|move|p1a: Vileplume|Corrosive Gas|p2a: Roserade
|-enditem|p2a: Roserade|Heavy-Duty Boots|[from] move: Corrosive Gas|[of] p1a: Vileplume
|
|-heal|p1a: Vileplume|61/100|[from] item: Black Sludge
|upkeep
|turn|4
|
|t:|1627926996
|move|p2a: Roserade|Sludge Bomb|p1a: Vileplume
|-damage|p1a: Vileplume|14/100
|move|p1a: Vileplume|Giga Drain|p2a: Roserade
|-resisted|p2a: Roserade
|-damage|p2a: Roserade|50/100
|-heal|p1a: Vileplume|17/100|[from] drain|[of] p2a: Roserade
|
|-heal|p1a: Vileplume|24/100|[from] item: Black Sludge
|upkeep
|turn|5
|
|t:|1627927001
|switch|p1a: Flygon|Flygon, F|100/100
|move|p2a: Roserade|Spikes|p1a: Flygon
|-sidestart|p1: rum7idkatthispoint|Spikes
|
|upkeep
|turn|6
|
|t:|1627927006
|switch|p2a: Lucario|Lucario, M|100/100
|move|p1a: Flygon|Earthquake|p2a: Lucario
|-supereffective|p2a: Lucario
|-damage|p2a: Lucario|0 fnt
|faint|p2a: Lucario
|
|upkeep
|
|t:|1627927012
|switch|p2a: Jellicent|Jellicent, M|100/100
|turn|7
|
|t:|1627927015
|switch|p1a: Volcanion|Volcanion|100/100
|move|p2a: Jellicent|Will-O-Wisp|p1a: Volcanion
|-immune|p1a: Volcanion
|
|upkeep
|turn|8
|
|t:|1627927024
|switch|p2a: Roserade|Roserade, F|50/100
|move|p1a: Volcanion|Defog|p2a: Roserade
|-unboost|p2a: Roserade|evasion|1
|-sideend|p1: rum7idkatthispoint|Spikes|[from] move: Defog|[of] p1a: Volcanion
|
|upkeep
|turn|9
|
|t:|1627927030
|move|p2a: Roserade|Sleep Powder|p1a: Volcanion
|-status|p1a: Volcanion|slp|[from] move: Sleep Powder
|cant|p1a: Volcanion|slp
|
|upkeep
|turn|10
|
|t:|1627927037
|switch|p1a: Durant|Durant, F|100/100
|move|p2a: Roserade|Sludge Bomb|p1a: Durant
|-immune|p1a: Durant
|
|upkeep
|turn|11
|
|t:|1627927044
|move|p1a: Durant|Iron Head|p2a: Roserade
|-damage|p2a: Roserade|0 fnt
|faint|p2a: Roserade
|-damage|p1a: Durant|91/100|[from] item: Life Orb
|
|upkeep
|
|t:|1627927047
|switch|p2a: Jellicent|Jellicent, M|100/100
|turn|12
|
|t:|1627927052
|switch|p1a: Volcanion|Volcanion|100/100 slp
|move|p2a: Jellicent|Hex|p1a: Volcanion
|-damage|p1a: Volcanion|49/100 slp
|
|upkeep
|turn|13
|
|t:|1627927058
|switch|p1a: Xurkitree|Xurkitree|100/100
|move|p2a: Jellicent|Hex|p1a: Xurkitree
|-damage|p1a: Xurkitree|71/100
|
|upkeep
|turn|14
|
|t:|1627927064
|move|p1a: Xurkitree|Dazzling Gleam|p2a: Jellicent
|-damage|p2a: Jellicent|71/100
|move|p2a: Jellicent|Hex|p1a: Xurkitree
|-damage|p1a: Xurkitree|43/100
|
|upkeep
|turn|15
|
|t:|1627927069
|switch|p2a: Flygon|Flygon, M|100/100
|move|p1a: Xurkitree|Thunderbolt|p2a: Flygon
|-immune|p2a: Flygon
|
|upkeep
|turn|16
|
|t:|1627927078
|switch|p1a: Vileplume|Vileplume, M|24/100
|move|p2a: Flygon|U-turn|p1a: Vileplume
|-damage|p1a: Vileplume|6/100
|
|t:|1627927082
|switch|p2a: Jellicent|Jellicent, M|71/100|[from]move: U-turn
|
|-heal|p1a: Vileplume|12/100|[from] item: Black Sludge
|upkeep
|turn|17
|
|t:|1627927086
|move|p2a: Jellicent|Hex|p1a: Vileplume
|-damage|p1a: Vileplume|0 fnt
|faint|p1a: Vileplume
|
|upkeep
|j| Grandmaschrute
|
|t:|1627927093
|switch|p1a: Diancie|Diancie|100/100
|turn|18
|
|t:|1627927096
|move|p2a: Jellicent|Taunt|p1a: Diancie
|-start|p1a: Diancie|move: Taunt
|cant|p1a: Diancie|move: Taunt|Stealth Rock
|
|upkeep
|turn|19
|
|t:|1627927101
|move|p2a: Jellicent|Will-O-Wisp|p1a: Diancie
|-status|p1a: Diancie|brn
|move|p1a: Diancie|Diamond Storm|p2a: Jellicent
|-damage|p2a: Jellicent|56/100
|
|-damage|p1a: Diancie|94/100 brn|[from] brn
|upkeep
|turn|20
|
|t:|1627927107
|switch|p1a: Xurkitree|Xurkitree|43/100
|move|p2a: Jellicent|Hex|p1a: Xurkitree
|-damage|p1a: Xurkitree|17/100
|
|upkeep
|turn|21
|
|t:|1627927112
|switch|p2a: Incineroar|Incineroar, M|100/100
|-ability|p2a: Incineroar|Intimidate|boost
|-unboost|p1a: Xurkitree|atk|1
|move|p1a: Xurkitree|Grass Knot|p2a: Incineroar
|-resisted|p2a: Incineroar
|-damage|p2a: Incineroar|88/100
|
|upkeep
|turn|22
|
|t:|1627927115
|move|p1a: Xurkitree|Volt Switch|p2a: Incineroar
|-damage|p2a: Incineroar|57/100
|
|t:|1627927122
|switch|p1a: Flygon|Flygon, F|100/100|[from]move: Volt Switch
|move|p2a: Incineroar|Knock Off|p1a: Flygon
|-damage|p1a: Flygon|45/100
|-enditem|p1a: Flygon|Choice Scarf|[from] move: Knock Off|[of] p2a: Incineroar
|
|upkeep
|turn|23
|
|t:|1627927130
|switch|p2a: Flygon|Flygon, M|100/100
|move|p1a: Flygon|Outrage|p2a: Flygon
|-supereffective|p2a: Flygon
|-damage|p2a: Flygon|0 fnt
|faint|p2a: Flygon
|
|upkeep
|
|t:|1627927132
|switch|p2a: Diancie|Diancie|100/100
|turn|24
|
|t:|1627927137
|move|p1a: Flygon|Outrage|p2a: Diancie|[from]lockedmove
|-immune|p2a: Diancie
|move|p2a: Diancie|Diamond Storm|p1a: Flygon
|-resisted|p1a: Flygon
|-damage|p1a: Flygon|23/100
|-boost|p2a: Diancie|def|2
|
|upkeep
|turn|25
|
|t:|1627927143
|move|p1a: Flygon|Earthquake|p2a: Diancie
|-supereffective|p2a: Diancie
|-damage|p2a: Diancie|69/100
|move|p2a: Diancie|Diamond Storm|p1a: Flygon
|-resisted|p1a: Flygon
|-damage|p1a: Flygon|0 fnt
|faint|p1a: Flygon
|
|-heal|p2a: Diancie|75/100|[from] item: Leftovers
|upkeep
|
|t:|1627927149
|switch|p1a: Durant|Durant, F|91/100
|turn|26
|
|t:|1627927152
|switch|p2a: Incineroar|Incineroar, M|57/100
|-ability|p2a: Incineroar|Intimidate|boost
|-unboost|p1a: Durant|atk|1
|move|p1a: Durant|Iron Head|p2a: Incineroar
|-resisted|p2a: Incineroar
|-damage|p2a: Incineroar|34/100
|-damage|p1a: Durant|81/100|[from] item: Life Orb
|
|upkeep
|turn|27
|
|t:|1627927161
|switch|p1a: Diancie|Diancie|94/100 brn
|move|p2a: Incineroar|Flare Blitz|p1a: Diancie
|-resisted|p1a: Diancie
|-damage|p1a: Diancie|75/100 brn
|-damage|p2a: Incineroar|29/100|[from] Recoil
|
|-heal|p1a: Diancie|82/100 brn|[from] item: Leftovers
|-damage|p1a: Diancie|75/100 brn|[from] brn
|upkeep
|turn|28
|
|t:|1627927164
|move|p2a: Incineroar|U-turn|p1a: Diancie
|-resisted|p1a: Diancie
|-damage|p1a: Diancie|68/100 brn
|
|t:|1627927167
|switch|p2a: Jellicent|Jellicent, M|56/100|[from]move: U-turn
|move|p1a: Diancie|Heal Bell|p1a: Diancie
|-activate|p1a: Diancie|move: Heal Bell
|-curestatus|p1a: Diancie|brn|[msg]
|-curestatus|p1: Volcanion|slp|[msg]
|
|-heal|p1a: Diancie|74/100|[from] item: Leftovers
|upkeep
|turn|29
|
|t:|1627927177
|switch|p1a: Volcanion|Volcanion|49/100
|move|p2a: Jellicent|Hex|p1a: Volcanion
|-damage|p1a: Volcanion|26/100
|
|upkeep
|turn|30
|
|t:|1627927183
|move|p1a: Volcanion|Toxic|p2a: Jellicent
|-status|p2a: Jellicent|tox
|move|p2a: Jellicent|Hex|p1a: Volcanion
|-crit|p1a: Volcanion
|-damage|p1a: Volcanion|0 fnt
|faint|p1a: Volcanion
|
|-damage|p2a: Jellicent|50/100 tox|[from] psn
|upkeep
|
|t:|1627927191
|switch|p1a: Xurkitree|Xurkitree|17/100
|turn|31
|
|t:|1627927194
|switch|p2a: Incineroar|Incineroar, M|29/100
|-ability|p2a: Incineroar|Intimidate|boost
|-unboost|p1a: Xurkitree|atk|1
|move|p1a: Xurkitree|Thunderbolt|p2a: Incineroar
|-damage|p2a: Incineroar|0 fnt
|faint|p2a: Incineroar
|-ability|p1a: Xurkitree|Beast Boost|boost
|-boost|p1a: Xurkitree|spa|1
|
|upkeep
|
|t:|1627927196
|switch|p2a: Diancie|Diancie|75/100
|turn|32
|
|t:|1627927200
|move|p1a: Xurkitree|Volt Switch|p2a: Diancie
|-damage|p2a: Diancie|30/100
|
|t:|1627927203
|switch|p1a: Diancie|Diancie|74/100|[from]move: Volt Switch
|move|p2a: Diancie|Diamond Storm|p1a: Diancie
|-damage|p1a: Diancie|49/100
|-boost|p2a: Diancie|def|2
|
|-heal|p1a: Diancie|55/100|[from] item: Leftovers
|-heal|p2a: Diancie|36/100|[from] item: Leftovers
|upkeep
|turn|33
|
|t:|1627927209
|move|p1a: Diancie|Diamond Storm|p2a: Diancie
|-damage|p2a: Diancie|24/100
|-boost|p1a: Diancie|def|2
|move|p2a: Diancie|Heal Bell|p2a: Diancie
|-activate|p2a: Diancie|move: Heal Bell
|-curestatus|p2: Jellicent|tox|[msg]
|
|-heal|p1a: Diancie|62/100|[from] item: Leftovers
|-heal|p2a: Diancie|30/100|[from] item: Leftovers
|upkeep
|turn|34
|
|t:|1627927215
|move|p1a: Diancie|Body Press|p2a: Diancie
|-damage|p2a: Diancie|13/100
|move|p2a: Diancie|Diamond Storm|p1a: Diancie
|-damage|p1a: Diancie|49/100
|-boost|p2a: Diancie|def|2
|
|-heal|p1a: Diancie|55/100|[from] item: Leftovers
|-heal|p2a: Diancie|19/100|[from] item: Leftovers
|upkeep
|turn|35
|
|t:|1627927220
|move|p1a: Diancie|Body Press|p2a: Diancie
|-damage|p2a: Diancie|7/100
|move|p2a: Diancie|Diamond Storm|p1a: Diancie
|-damage|p1a: Diancie|41/100
|
|-heal|p1a: Diancie|47/100|[from] item: Leftovers
|-heal|p2a: Diancie|13/100|[from] item: Leftovers
|upkeep
|turn|36
|
|t:|1627927226
|move|p1a: Diancie|Diamond Storm|p2a: Diancie
|-damage|p2a: Diancie|4/100
|move|p2a: Diancie|Body Press|p1a: Diancie
|-damage|p1a: Diancie|14/100
|
|-heal|p1a: Diancie|20/100|[from] item: Leftovers
|-heal|p2a: Diancie|10/100|[from] item: Leftovers
|upkeep
|turn|37
|
|t:|1627927230
|move|p1a: Diancie|Body Press|p2a: Diancie
|-damage|p2a: Diancie|0 fnt
|faint|p2a: Diancie
|
|-heal|p1a: Diancie|26/100|[from] item: Leftovers
|upkeep
|
|t:|1627927232
|switch|p2a: Jellicent|Jellicent, M|50/100
|turn|38
|
|t:|1627927234
|move|p2a: Jellicent|Will-O-Wisp|p1a: Diancie
|-status|p1a: Diancie|brn
|move|p1a: Diancie|Diamond Storm|p2a: Jellicent
|-damage|p2a: Jellicent|36/100
|
|-heal|p1a: Diancie|32/100 brn|[from] item: Leftovers
|-damage|p1a: Diancie|26/100 brn|[from] brn
|upkeep
|turn|39
|
|t:|1627927239
|move|p2a: Jellicent|Recover|p2a: Jellicent
|-heal|p2a: Jellicent|86/100
|move|p1a: Diancie|Diamond Storm|p2a: Jellicent
|-damage|p2a: Jellicent|73/100
|
|-heal|p1a: Diancie|32/100 brn|[from] item: Leftovers
|-damage|p1a: Diancie|26/100 brn|[from] brn
|upkeep
|turn|40
|
|t:|1627927243
|switch|p1a: Durant|Durant, F|81/100
|move|p2a: Jellicent|Taunt|p1a: Durant
|-start|p1a: Durant|move: Taunt
|
|upkeep
|turn|41
|
|t:|1627927248
|move|p1a: Durant|Iron Head|p2a: Jellicent
|-resisted|p2a: Jellicent
|-damage|p2a: Jellicent|47/100
|-damage|p1a: Durant|71/100|[from] item: Life Orb
|cant|p2a: Jellicent|flinch
|
|upkeep
|turn|42
|
|t:|1627927254
|move|p1a: Durant|Stomping Tantrum|p2a: Jellicent
|-damage|p2a: Jellicent|11/100
|-damage|p1a: Durant|62/100|[from] item: Life Orb
|move|p2a: Jellicent|Will-O-Wisp|p1a: Durant
|-status|p1a: Durant|brn
|
|-damage|p1a: Durant|55/100 brn|[from] brn
|-end|p1a: Durant|move: Taunt
|upkeep
|turn|43
|
|t:|1627927260
|move|p1a: Durant|Iron Head|p2a: Jellicent
|-resisted|p2a: Jellicent
|-damage|p2a: Jellicent|0 fnt
|faint|p2a: Jellicent
|-damage|p1a: Durant|46/100 brn|[from] item: Life Orb
|
|win|rum7idkatthispoint
|c|☆rum7idkatthispoint|gg
|raw|rum7idkatthispoint's rating: 1262 &rarr; <strong>1306</strong><br />(+44 for winning)
|raw|whistling's rating: 1616 &rarr; <strong>1581</strong><br />(-35 for losing)
|l|☆whistling
