|j|☆App_r0x
|j|☆Galileo Glalie 2
|inactive|Battle timer is ON: inactive players will automatically lose when time's up.
|t:|1660611432
|gametype|singles
|player|p1|App_r0x|idol|
|player|p2|Galileo Glalie 2|170|
|teamsize|p1|6
|teamsize|p2|6
|gen|8
|tier|[Gen 8] RU
|rated|Tournament battle
|rule|Sleep Clause Mod: Limit one foe put to sleep
|rule|Species Clause: Limit one of each Pokémon
|rule|OHKO Clause: OHKO moves are banned
|rule|Evasion Items Clause: Evasion items are banned
|rule|Evasion Moves Clause: Evasion moves are banned
|rule|Endless Battle Clause: Forcing endless battles is banned
|rule|HP Percentage Mod: HP is shown in percentages
|rule|Dynamax Clause: You cannot dynamax
|clearpoke
|poke|p1|Steelix, F|
|poke|p1|Articuno|
|poke|p1|Registeel|
|poke|p1|Quagsire, M|
|poke|p1|Gastrodon, M|
|poke|p1|Snorlax, M|
|poke|p2|Guzzlord|
|poke|p2|Doublade, F|
|poke|p2|Togekiss, F|
|poke|p2|Nidoqueen, F|
|poke|p2|Starmie|
|poke|p2|Heracross, F|
|teampreview
|inactive|App_r0x also wants the timer to be on.
|
|t:|1660611461
|start
|switch|p1a: Steelix|Steelix, F|100/100
|switch|p2a: Starmie|Starmie|100/100
|turn|1
|
|t:|1660611469
|switch|p1a: Gastrodon|Gastrodon, M|100/100
|move|p2a: Starmie|Scald|p1a: Gastrodon
|-ability|p1a: Gastrodon|Storm Drain|boost
|-boost|p1a: Gastrodon|spa|1
|
|upkeep
|turn|2
|
|t:|1660611475
|switch|p2a: Guzzlord|Guzzlord|100/100
|move|p1a: Gastrodon|Toxic|p2a: Guzzlord
|-status|p2a: Guzzlord|tox
|
|-damage|p2a: Guzzlord|94/100 tox|[from] psn
|upkeep
|turn|3
|
|t:|1660611480
|switch|p1a: Steelix|Steelix, F|100/100
|move|p2a: Guzzlord|Knock Off|p1a: Steelix
|-damage|p1a: Steelix|77/100
|-enditem|p1a: Steelix|Heavy-Duty Boots|[from] move: Knock Off|[of] p2a: Guzzlord
|
|-heal|p2a: Guzzlord|100/100 tox|[from] item: Leftovers
|-damage|p2a: Guzzlord|88/100 tox|[from] psn
|upkeep
|turn|4
|
|t:|1660611484
|switch|p2a: Heracross|Heracross, F|100/100
|move|p1a: Steelix|Stealth Rock|p2a: Heracross
|-sidestart|p2: Galileo Glalie 2|move: Stealth Rock
|
|-status|p2a: Heracross|brn|[from] item: Flame Orb
|upkeep
|turn|5
|
|t:|1660611499
|switch|p1a: Quagsire|Quagsire, M, shiny|100/100
|move|p2a: Heracross|Close Combat|p1a: Quagsire
|-damage|p1a: Quagsire|38/100
|-unboost|p2a: Heracross|def|1
|-unboost|p2a: Heracross|spd|1
|
|-damage|p2a: Heracross|95/100 brn|[from] brn
|upkeep
|turn|6
|
|t:|1660611504
|move|p2a: Heracross|Close Combat|p1a: Quagsire
|-damage|p1a: Quagsire|0 fnt
|-unboost|p2a: Heracross|def|1
|-unboost|p2a: Heracross|spd|1
|faint|p1a: Quagsire
|
|-damage|p2a: Heracross|89/100 brn|[from] brn
|upkeep
|
|t:|1660611514
|switch|p1a: Gastrodon|Gastrodon, M|100/100
|turn|7
|
|t:|1660611520
|switch|p2a: Starmie|Starmie|100/100
|move|p1a: Gastrodon|Scald|p2a: Starmie
|-resisted|p2a: Starmie
|-damage|p2a: Starmie|86/100
|-status|p2a: Starmie|brn
|
|-damage|p2a: Starmie|80/100 brn|[from] brn
|upkeep
|turn|8
|
|t:|1660611522
|move|p2a: Starmie|Rapid Spin|p1a: Gastrodon
|-damage|p1a: Gastrodon|96/100
|-boost|p2a: Starmie|spe|1
|-sideend|p2: Galileo Glalie 2|Stealth Rock|[from] move: Rapid Spin|[of] p2a: Starmie
|move|p1a: Gastrodon|Earthquake|p2a: Starmie
|-damage|p2a: Starmie|46/100 brn
|
|-damage|p2a: Starmie|40/100 brn|[from] brn
|upkeep
|turn|9
|
|t:|1660611525
|move|p2a: Starmie|Recover|p2a: Starmie
|-heal|p2a: Starmie|90/100 brn
|move|p1a: Gastrodon|Earthquake|p2a: Starmie
|-damage|p2a: Starmie|54/100 brn
|
|-damage|p2a: Starmie|48/100 brn|[from] brn
|upkeep
|turn|10
|-message|App_r0x forfeited.
|
|win|Galileo Glalie 2
|n|☆App_r0x|appr0x
|n|☆Galileo Glalie 2|galileoglalie2
