|j|☆bdrizzle
|j|☆DDD Reveal
|player|p1|bdrizzle|102|1359
|player|p2|DDD Reveal|winona-gen6|1511
|teamsize|p1|6
|teamsize|p2|6
|gametype|singles
|gen|8
|tier|[Gen 8] RU
|rated|
|clearpoke
|poke|p1|Bewear, M|
|poke|p1|Indeedee, M|
|poke|p1|Vaporeon, M|
|poke|p1|Rillaboom, F|
|poke|p1|Rhydon, M|
|poke|p1|Charizard, F|
|poke|p2|Rillaboom, M|
|poke|p2|Raichu-Alola, M|
|poke|p2|Hitmonlee, M|
|poke|p2|Charizard, F|
|poke|p2|Steelix, F|
|poke|p2|Vaporeon, M|
|rule|Sleep Clause Mod: Limit one foe put to sleep
|rule|Species Clause: Limit one of each Pokémon
|rule|OHKO Clause: OHKO moves are banned
|rule|Evasion Moves Clause: Evasion moves are banned
|rule|Endless Battle Clause: Forcing endless battles is banned
|rule|HP Percentage Mod: HP is shown in percentages
|rule|Dynamax Clause: You cannot dynamax
|teampreview
|
|start
|switch|p1a: Rillaboom|Rillaboom, F|100/100
|switch|p2a: Rillaboom|Rillaboom, M|100/100
|-fieldstart|move: Grassy Terrain|[from] ability: Grassy Surge|[of] p2a: Rillaboom
|turn|1
|inactive|Battle timer is ON: inactive players will automatically lose when time's up. (requested by bdrizzle)
|
|move|p1a: Rillaboom|U-turn|p2a: Rillaboom
|-supereffective|p2a: Rillaboom
|-damage|p2a: Rillaboom|44/100
|
|switch|p1a: Charizard|Charizard, F|100/100|[from]move: U-turn
|move|p2a: Rillaboom|U-turn|p1a: Charizard
|-resisted|p1a: Charizard
|-damage|p1a: Charizard|92/100
|
|switch|p2a: Raichu|Raichu-Alola, M|100/100|[from]move: U-turn
|
|upkeep
|turn|2
|
|switch|p1a: Rillaboom|Rillaboom, F|100/100
|move|p2a: Raichu|Volt Switch|p1a: Rillaboom
|-resisted|p1a: Rillaboom
|-damage|p1a: Rillaboom|74/100
|-damage|p2a: Raichu|91/100|[from] item: Life Orb
|
|switch|p2a: Charizard|Charizard, F|100/100|[from]move: Volt Switch
|
|-heal|p1a: Rillaboom|80/100|[from] Grassy Terrain
|upkeep
|turn|3
|
|move|p1a: Rillaboom|U-turn|p2a: Charizard
|-resisted|p2a: Charizard
|-damage|p2a: Charizard|94/100
|
|switch|p1a: Rhydon|Rhydon, M|100/100|[from]move: U-turn
|move|p2a: Charizard|Toxic|p1a: Rhydon
|-status|p1a: Rhydon|tox
|
|-damage|p1a: Rhydon|94/100 tox|[from] psn
|upkeep
|turn|4
|
|switch|p2a: Steelix|Steelix, F|100/100
|move|p1a: Rhydon|Stealth Rock|p2a: Steelix
|-sidestart|p2: DDD Reveal|move: Stealth Rock
|
|-heal|p1a: Rhydon|100/100 tox|[from] Grassy Terrain
|-damage|p1a: Rhydon|88/100 tox|[from] psn
|upkeep
|turn|5
|
|switch|p1a: Bewear|Bewear, M|100/100
|move|p2a: Steelix|Stealth Rock|p1a: Bewear
|-sidestart|p1: bdrizzle|move: Stealth Rock
|
|-fieldend|move: Grassy Terrain
|upkeep
|turn|6
|
|switch|p2a: Charizard|Charizard, F|94/100
|move|p1a: Bewear|Swords Dance|p1a: Bewear
|-boost|p1a: Bewear|atk|2
|
|upkeep
|turn|7
|
|switch|p1a: Vaporeon|Vaporeon, M|100/100
|-damage|p1a: Vaporeon|88/100|[from] Stealth Rock
|move|p2a: Charizard|Flamethrower|p1a: Vaporeon
|-resisted|p1a: Vaporeon
|-crit|p1a: Vaporeon
|-damage|p1a: Vaporeon|68/100
|
|-heal|p1a: Vaporeon|74/100|[from] item: Leftovers
|upkeep
|turn|8
|
|switch|p2a: Vaporeon|Vaporeon, M|100/100
|-damage|p2a: Vaporeon|88/100|[from] Stealth Rock
|move|p1a: Vaporeon|Heal Bell|p1a: Vaporeon
|-activate|p1a: Vaporeon|move: Heal Bell
|-curestatus|p1: Rhydon|tox|[msg]
|
|-heal|p1a: Vaporeon|80/100|[from] item: Leftovers
|-heal|p2a: Vaporeon|94/100|[from] item: Leftovers
|upkeep
|turn|9
|
|move|p1a: Vaporeon|Wish|p1a: Vaporeon
|move|p2a: Vaporeon|Wish|p2a: Vaporeon
|
|-heal|p1a: Vaporeon|86/100|[from] item: Leftovers
|-heal|p2a: Vaporeon|99/100|[from] item: Leftovers
|upkeep
|turn|10
|
|switch|p1a: Rillaboom|Rillaboom, F|80/100
|-damage|p1a: Rillaboom|68/100|[from] Stealth Rock
|switch|p2a: Rillaboom|Rillaboom, M|44/100
|-damage|p2a: Rillaboom|31/100|[from] Stealth Rock
|-fieldstart|move: Grassy Terrain|[from] ability: Grassy Surge|[of] p2a: Rillaboom
|
|-heal|p2a: Rillaboom|99/100|[from] move: Wish|[wisher] Vaporeon
|-heal|p1a: Rillaboom|100/100|[from] move: Wish|[wisher] Vaporeon
|-heal|p2a: Rillaboom|100/100|[from] Grassy Terrain
|upkeep
|turn|11
|
|move|p1a: Rillaboom|U-turn|p2a: Rillaboom
|-supereffective|p2a: Rillaboom
|-damage|p2a: Rillaboom|47/100
|
|switch|p1a: Charizard|Charizard, F|92/100|[from]move: U-turn
|move|p2a: Rillaboom|Knock Off|p1a: Charizard
|-damage|p1a: Charizard|45/100
|-enditem|p1a: Charizard|Heavy-Duty Boots|[from] move: Knock Off|[of] p2a: Rillaboom
|
|-heal|p2a: Rillaboom|53/100|[from] Grassy Terrain
|upkeep
|turn|12
|
|switch|p2a: Vaporeon|Vaporeon, M|99/100
|-damage|p2a: Vaporeon|88/100|[from] Stealth Rock
|move|p1a: Charizard|Roost|p1a: Charizard
|-heal|p1a: Charizard|95/100
|-singleturn|p1a: Charizard|move: Roost
|
|-heal|p1a: Charizard|100/100|[from] Grassy Terrain
|-heal|p2a: Vaporeon|94/100|[from] item: Leftovers
|-heal|p2a: Vaporeon|99/100|[from] Grassy Terrain
|upkeep
|turn|13
|
|switch|p1a: Rillaboom|Rillaboom, F|100/100
|-damage|p1a: Rillaboom|88/100|[from] Stealth Rock
|move|p2a: Vaporeon|Wish|p2a: Vaporeon
|
|-heal|p1a: Rillaboom|94/100|[from] Grassy Terrain
|-heal|p2a: Vaporeon|100/100|[from] item: Leftovers
|upkeep
|turn|14
|
|move|p2a: Vaporeon|Protect|p2a: Vaporeon
|-singleturn|p2a: Vaporeon|Protect
|move|p1a: Rillaboom|U-turn|p2a: Vaporeon
|-activate|p2a: Vaporeon|move: Protect
|
|-heal|p1a: Rillaboom|100/100|[from] Grassy Terrain
|-fieldend|move: Grassy Terrain
|upkeep
|turn|15
|
|move|p1a: Rillaboom|U-turn|p2a: Vaporeon
|-damage|p2a: Vaporeon|83/100
|
|switch|p1a: Vaporeon|Vaporeon, M|86/100|[from]move: U-turn
|-damage|p1a: Vaporeon|74/100|[from] Stealth Rock
|move|p2a: Vaporeon|Wish|p2a: Vaporeon
|
|-heal|p2a: Vaporeon|89/100|[from] item: Leftovers
|-heal|p1a: Vaporeon|80/100|[from] item: Leftovers
|upkeep
|turn|16
|
|switch|p2a: Rillaboom|Rillaboom, M|53/100
|-damage|p2a: Rillaboom|41/100|[from] Stealth Rock
|-fieldstart|move: Grassy Terrain|[from] ability: Grassy Surge|[of] p2a: Rillaboom
|move|p1a: Vaporeon|Wish|p1a: Vaporeon
|
|-heal|p2a: Rillaboom|100/100|[from] move: Wish|[wisher] Vaporeon
|-heal|p1a: Vaporeon|86/100|[from] item: Leftovers
|-heal|p1a: Vaporeon|93/100|[from] Grassy Terrain
|upkeep
|turn|17
|j| Silent Zero
|
|move|p1a: Vaporeon|Protect|p1a: Vaporeon
|-singleturn|p1a: Vaporeon|Protect
|move|p2a: Rillaboom|U-turn|p1a: Vaporeon
|-activate|p1a: Vaporeon|move: Protect
|
|-heal|p1a: Vaporeon|100/100|[from] move: Wish|[wisher] Vaporeon
|upkeep
|turn|18
|
|move|p2a: Rillaboom|U-turn|p1a: Vaporeon
|-damage|p1a: Vaporeon|82/100
|j| Hell's Incarnate
|
|switch|p2a: Vaporeon|Vaporeon, M|89/100|[from]move: U-turn
|-damage|p2a: Vaporeon|77/100|[from] Stealth Rock
|move|p1a: Vaporeon|Wish|p1a: Vaporeon
|
|-heal|p2a: Vaporeon|83/100|[from] item: Leftovers
|-heal|p2a: Vaporeon|89/100|[from] Grassy Terrain
|-heal|p1a: Vaporeon|89/100|[from] item: Leftovers
|-heal|p1a: Vaporeon|95/100|[from] Grassy Terrain
|upkeep
|turn|19
|l| Hell's Incarnate
|
|switch|p1a: Indeedee|Indeedee, M|100/100
|-damage|p1a: Indeedee|88/100|[from] Stealth Rock
|-fieldstart|move: Psychic Terrain|[from] ability: Psychic Surge|[of] p1a: Indeedee
|move|p2a: Vaporeon|Wish|p2a: Vaporeon
|
|-heal|p1a: Indeedee|100/100|[from] move: Wish|[wisher] Vaporeon
|-heal|p2a: Vaporeon|95/100|[from] item: Leftovers
|upkeep
|turn|20
|
|move|p1a: Indeedee|Psychic|p2a: Vaporeon
|-damage|p2a: Vaporeon|40/100
|move|p2a: Vaporeon|Scald|p1a: Indeedee
|-damage|p1a: Indeedee|60/100
|
|-heal|p2a: Vaporeon|90/100|[from] move: Wish|[wisher] Vaporeon
|-heal|p2a: Vaporeon|96/100|[from] item: Leftovers
|upkeep
|turn|21
|
|move|p1a: Indeedee|Psychic|p2a: Vaporeon
|-damage|p2a: Vaporeon|37/100
|-unboost|p2a: Vaporeon|spd|1
|move|p2a: Vaporeon|Wish|p2a: Vaporeon
|
|-heal|p2a: Vaporeon|43/100|[from] item: Leftovers
|upkeep
|turn|22
|
|move|p2a: Vaporeon|Protect|p2a: Vaporeon
|-singleturn|p2a: Vaporeon|Protect
|move|p1a: Indeedee|Psychic|p2a: Vaporeon
|-activate|p2a: Vaporeon|move: Protect
|
|-heal|p2a: Vaporeon|93/100|[from] move: Wish|[wisher] Vaporeon
|-heal|p2a: Vaporeon|99/100|[from] item: Leftovers
|upkeep
|turn|23
|
|switch|p2a: Steelix|Steelix, F|100/100
|-damage|p2a: Steelix|97/100|[from] Stealth Rock
|move|p1a: Indeedee|Psychic|p2a: Steelix
|-resisted|p2a: Steelix
|-damage|p2a: Steelix|57/100
|
|-heal|p2a: Steelix|63/100|[from] item: Leftovers
|-fieldend|move: Psychic Terrain
|upkeep
|turn|24
|
|switch|p1a: Rhydon|Rhydon, M|88/100
|-damage|p1a: Rhydon|82/100|[from] Stealth Rock
|switch|p2a: Raichu|Raichu-Alola, M|91/100
|-damage|p2a: Raichu|78/100|[from] Stealth Rock
|
|upkeep
|turn|25
|
|switch|p1a: Rillaboom|Rillaboom, F|100/100
|-damage|p1a: Rillaboom|88/100|[from] Stealth Rock
|move|p2a: Raichu|Surf|p1a: Rillaboom
|-resisted|p1a: Rillaboom
|-damage|p1a: Rillaboom|65/100
|-damage|p2a: Raichu|68/100|[from] item: Life Orb
|
|upkeep
|turn|26
|
|switch|p2a: Charizard|Charizard, F|94/100
|move|p1a: Rillaboom|U-turn|p2a: Charizard
|-resisted|p2a: Charizard
|-damage|p2a: Charizard|87/100
|
|switch|p1a: Rhydon|Rhydon, M|82/100|[from]move: U-turn
|-damage|p1a: Rhydon|76/100|[from] Stealth Rock
|
|upkeep
|turn|27
|
|switch|p2a: Rillaboom|Rillaboom, M|100/100
|-damage|p2a: Rillaboom|88/100|[from] Stealth Rock
|-fieldstart|move: Grassy Terrain|[from] ability: Grassy Surge|[of] p2a: Rillaboom
|move|p1a: Rhydon|Toxic|p2a: Rillaboom
|-status|p2a: Rillaboom|tox
|
|-heal|p2a: Rillaboom|94/100 tox|[from] Grassy Terrain
|-heal|p1a: Rhydon|82/100|[from] Grassy Terrain
|-damage|p2a: Rillaboom|88/100 tox|[from] psn
|upkeep
|turn|28
|
|switch|p1a: Bewear|Bewear, M|100/100
|-damage|p1a: Bewear|94/100|[from] Stealth Rock
|move|p2a: Rillaboom|Wood Hammer|p1a: Bewear
|-damage|p1a: Bewear|54/100
|-damage|p2a: Rillaboom|74/100 tox|[from] Recoil
|
|-heal|p2a: Rillaboom|80/100 tox|[from] Grassy Terrain
|-heal|p1a: Bewear|60/100|[from] Grassy Terrain
|-damage|p2a: Rillaboom|67/100 tox|[from] psn
|upkeep
|turn|29
|
|switch|p2a: Charizard|Charizard, F|87/100
|move|p1a: Bewear|Drain Punch|p2a: Charizard
|-resisted|p2a: Charizard
|-damage|p2a: Charizard|65/100
|-heal|p1a: Bewear|71/100|[from] drain|[of] p2a: Charizard
|
|-heal|p1a: Bewear|77/100|[from] Grassy Terrain
|upkeep
|turn|30
|
|switch|p1a: Vaporeon|Vaporeon, M|95/100
|-damage|p1a: Vaporeon|82/100|[from] Stealth Rock
|move|p2a: Charizard|Toxic|p1a: Vaporeon|[miss]
|-miss|p2a: Charizard|p1a: Vaporeon
|
|-heal|p1a: Vaporeon|89/100|[from] item: Leftovers
|-heal|p1a: Vaporeon|95/100|[from] Grassy Terrain
|upkeep
|turn|31
|
|switch|p2a: Vaporeon|Vaporeon, M|99/100
|-damage|p2a: Vaporeon|87/100|[from] Stealth Rock
|switch|p1a: Rillaboom|Rillaboom, F|65/100
|-damage|p1a: Rillaboom|53/100|[from] Stealth Rock
|
|-heal|p1a: Rillaboom|59/100|[from] Grassy Terrain
|-heal|p2a: Vaporeon|93/100|[from] item: Leftovers
|-heal|p2a: Vaporeon|99/100|[from] Grassy Terrain
|-fieldend|move: Grassy Terrain
|upkeep
|turn|32
|
|move|p2a: Vaporeon|Protect|p2a: Vaporeon
|-singleturn|p2a: Vaporeon|Protect
|move|p1a: Rillaboom|Wood Hammer|p2a: Vaporeon
|-activate|p2a: Vaporeon|move: Protect
|
|-heal|p2a: Vaporeon|100/100|[from] item: Leftovers
|upkeep
|turn|33
|
|switch|p2a: Charizard|Charizard, F|65/100
|move|p1a: Rillaboom|Wood Hammer|p2a: Charizard
|-resisted|p2a: Charizard
|-damage|p2a: Charizard|46/100
|-damage|p1a: Rillaboom|52/100|[from] Recoil
|
|upkeep
|turn|34
|
|switch|p1a: Vaporeon|Vaporeon, M|95/100
|-damage|p1a: Vaporeon|82/100|[from] Stealth Rock
|move|p2a: Charizard|Roost|p2a: Charizard
|-heal|p2a: Charizard|96/100
|-singleturn|p2a: Charizard|move: Roost
|
|-heal|p1a: Vaporeon|89/100|[from] item: Leftovers
|upkeep
|turn|35
|
|switch|p2a: Vaporeon|Vaporeon, M|100/100
|-damage|p2a: Vaporeon|88/100|[from] Stealth Rock
|move|p1a: Vaporeon|Wish|p1a: Vaporeon
|
|-heal|p1a: Vaporeon|95/100|[from] item: Leftovers
|-heal|p2a: Vaporeon|94/100|[from] item: Leftovers
|upkeep
|turn|36
|
|switch|p1a: Rillaboom|Rillaboom, F|52/100
|-damage|p1a: Rillaboom|40/100|[from] Stealth Rock
|move|p2a: Vaporeon|Heal Bell|p2a: Vaporeon
|-activate|p2a: Vaporeon|move: Heal Bell
|-curestatus|p2: Rillaboom|tox|[msg]
|
|-heal|p1a: Rillaboom|100/100|[from] move: Wish|[wisher] Vaporeon
|-heal|p2a: Vaporeon|99/100|[from] item: Leftovers
|upkeep
|turn|37
|
|move|p2a: Vaporeon|Protect|p2a: Vaporeon
|-singleturn|p2a: Vaporeon|Protect
|move|p1a: Rillaboom|Knock Off|p2a: Vaporeon
|-activate|p2a: Vaporeon|move: Protect
|
|-heal|p2a: Vaporeon|100/100|[from] item: Leftovers
|upkeep
|turn|38
|
|move|p1a: Rillaboom|Knock Off|p2a: Vaporeon
|-damage|p2a: Vaporeon|77/100
|-enditem|p2a: Vaporeon|Leftovers|[from] move: Knock Off|[of] p1a: Rillaboom
|move|p2a: Vaporeon|Scald|p1a: Rillaboom
|-resisted|p1a: Rillaboom
|-damage|p1a: Rillaboom|81/100
|
|upkeep
|turn|39
|
|switch|p1a: Vaporeon|Vaporeon, M|95/100
|-damage|p1a: Vaporeon|82/100|[from] Stealth Rock
|move|p2a: Vaporeon|Wish|p2a: Vaporeon
|
|-heal|p1a: Vaporeon|89/100|[from] item: Leftovers
|upkeep
|turn|40
|
|switch|p2a: Rillaboom|Rillaboom, M|67/100
|-damage|p2a: Rillaboom|55/100|[from] Stealth Rock
|-fieldstart|move: Grassy Terrain|[from] ability: Grassy Surge|[of] p2a: Rillaboom
|move|p1a: Vaporeon|Wish|p1a: Vaporeon
|
|-heal|p2a: Rillaboom|100/100|[from] move: Wish|[wisher] Vaporeon
|-heal|p1a: Vaporeon|95/100|[from] item: Leftovers
|-heal|p1a: Vaporeon|100/100|[from] Grassy Terrain
|upkeep
|turn|41
|inactive|bdrizzle has 120 seconds left.
|
|switch|p1a: Charizard|Charizard, F|100/100
|-damage|p1a: Charizard|51/100|[from] Stealth Rock
|move|p2a: Rillaboom|U-turn|p1a: Charizard
|-resisted|p1a: Charizard
|-damage|p1a: Charizard|42/100
|
|switch|p2a: Raichu|Raichu-Alola, M|68/100|[from]move: U-turn
|-damage|p2a: Raichu|56/100|[from] Stealth Rock
|
|-heal|p1a: Charizard|100/100|[from] move: Wish|[wisher] Vaporeon
|-heal|p2a: Raichu|62/100|[from] Grassy Terrain
|upkeep
|turn|42
|
|switch|p1a: Rhydon|Rhydon, M|82/100
|-damage|p1a: Rhydon|76/100|[from] Stealth Rock
|move|p2a: Raichu|Volt Switch|p1a: Rhydon
|-immune|p1a: Rhydon
|
|-heal|p2a: Raichu|68/100|[from] Grassy Terrain
|-heal|p1a: Rhydon|82/100|[from] Grassy Terrain
|upkeep
|turn|43
|
|switch|p1a: Vaporeon|Vaporeon, M|100/100
|-damage|p1a: Vaporeon|88/100|[from] Stealth Rock
|move|p2a: Raichu|Volt Switch|p1a: Vaporeon
|-supereffective|p1a: Vaporeon
|-damage|p1a: Vaporeon|29/100
|-damage|p2a: Raichu|58/100|[from] item: Life Orb
|
|switch|p2a: Hitmonlee|Hitmonlee, M|100/100|[from]move: Volt Switch
|-damage|p2a: Hitmonlee|94/100|[from] Stealth Rock
|-enditem|p2a: Hitmonlee|Grassy Seed
|-boost|p2a: Hitmonlee|def|1|[from] item: Grassy Seed
|
|-heal|p2a: Hitmonlee|100/100|[from] Grassy Terrain
|-heal|p1a: Vaporeon|35/100|[from] item: Leftovers
|-heal|p1a: Vaporeon|41/100|[from] Grassy Terrain
|upkeep
|turn|44
|
|move|p1a: Vaporeon|Protect|p1a: Vaporeon
|-singleturn|p1a: Vaporeon|Protect
|move|p2a: Hitmonlee|Bulk Up|p2a: Hitmonlee
|-boost|p2a: Hitmonlee|atk|1
|-boost|p2a: Hitmonlee|def|1
|
|-heal|p1a: Vaporeon|47/100|[from] item: Leftovers
|-heal|p1a: Vaporeon|54/100|[from] Grassy Terrain
|-fieldend|move: Grassy Terrain
|upkeep
|turn|45
|
|move|p2a: Hitmonlee|Close Combat|p1a: Vaporeon
|-damage|p1a: Vaporeon|0 fnt
|-unboost|p2a: Hitmonlee|def|1
|-unboost|p2a: Hitmonlee|spd|1
|faint|p1a: Vaporeon
|
|upkeep
|
|switch|p1a: Rillaboom|Rillaboom, F|81/100
|-damage|p1a: Rillaboom|69/100|[from] Stealth Rock
|turn|46
|
|move|p2a: Hitmonlee|Poison Jab|p1a: Rillaboom
|-supereffective|p1a: Rillaboom
|-crit|p1a: Rillaboom
|-damage|p1a: Rillaboom|0 fnt
|faint|p1a: Rillaboom
|
|upkeep
|c|☆bdrizzle|gg
|c|☆DDD Reveal|gg
|-message|bdrizzle forfeited.
|
|win|DDD Reveal
|l|☆bdrizzle
|raw|bdrizzle's rating: 1360 &rarr; <strong>1348</strong><br />(-12 for losing)
|raw|DDD Reveal's rating: 1511 &rarr; <strong>1523</strong><br />(+12 for winning)
|l|☆DDD Reveal
