|j|☆big bad alolem
|j|☆Everybo-D
|t:|1605655246
|player|p1|big bad alolem|hiker-gen4|1598
|player|p2|Everybo-D|2|1587
|teamsize|p1|6
|teamsize|p2|6
|gametype|singles
|gen|8
|tier|[Gen 8] RU
|rated|
|clearpoke
|poke|p1|Tangrowth, F|
|poke|p1|Suicune|
|poke|p1|Crobat, F|
|poke|p1|Metagross|
|poke|p1|Ditto|
|poke|p1|Diancie|
|poke|p2|Scolipede, F|
|poke|p2|Gengar, F|
|poke|p2|Whimsicott, M|
|poke|p2|Terrakion|
|poke|p2|Piloswine, M|
|poke|p2|Malamar, M|
|rule|Sleep Clause Mod: Limit one foe put to sleep
|rule|Species Clause: Limit one of each Pokémon
|rule|OHKO Clause: OHKO moves are banned
|rule|Evasion Moves Clause: Evasion moves are banned
|rule|Endless Battle Clause: Forcing endless battles is banned
|rule|HP Percentage Mod: HP is shown in percentages
|rule|Dynamax Clause: You cannot dynamax
|teampreview
|inactive|Battle timer is ON: inactive players will automatically lose when time's up. (requested by Everybo-D)
|inactive|big bad alolem has 120 seconds left.
|inactive|big bad alolem has 90 seconds left.
|j|+JustªRandomNick
|
|t:|1605655328
|start
|switch|p1a: Diancie|Diancie|100/100
|switch|p2a: Scolipede|Scolipede, F|100/100
|turn|1
|
|t:|1605655335
|move|p2a: Scolipede|Toxic Spikes|p1a: Diancie
|-sidestart|p1: big bad alolem|move: Toxic Spikes
|move|p1a: Diancie|Moonblast|p2a: Scolipede
|-resisted|p2a: Scolipede
|-damage|p2a: Scolipede|71/100
|
|-ability|p2a: Scolipede|Speed Boost|boost
|-boost|p2a: Scolipede|spe|1
|upkeep
|turn|2
|
|t:|1605655342
|move|p2a: Scolipede|Endeavor|p1a: Diancie
|-damage|p1a: Diancie|61/100
|move|p1a: Diancie|Diamond Storm|p2a: Scolipede
|-supereffective|p2a: Scolipede
|-damage|p2a: Scolipede|0 fnt
|-boost|p1a: Diancie|def|2
|faint|p2a: Scolipede
|
|-heal|p1a: Diancie|68/100|[from] item: Leftovers
|upkeep
|c|☆big bad alolem|hf
|
|t:|1605655369
|switch|p2a: Piloswine|Piloswine, M|100/100
|turn|3
|
|t:|1605655387
|move|p2a: Piloswine|Earthquake|p1a: Diancie
|-supereffective|p1a: Diancie
|-damage|p1a: Diancie|25/100
|move|p1a: Diancie|Body Press|p2a: Piloswine
|-supereffective|p2a: Piloswine
|-damage|p2a: Piloswine|26/100
|
|-heal|p1a: Diancie|32/100|[from] item: Leftovers
|upkeep
|turn|4
|
|t:|1605655399
|switch|p1a: Crobat|Crobat, F|100/100
|move|p2a: Piloswine|Earthquake|p1a: Crobat
|-immune|p1a: Crobat
|
|upkeep
|turn|5
|
|t:|1605655405
|move|p1a: Crobat|Defog|p2a: Piloswine
|-unboost|p2a: Piloswine|evasion|1
|-sideend|p1: big bad alolem|Toxic Spikes|[from] move: Defog|[of] p1a: Crobat
|move|p2a: Piloswine|Icicle Crash|p1a: Crobat
|-supereffective|p1a: Crobat
|-damage|p1a: Crobat|10/100
|
|upkeep
|turn|6
|
|t:|1605655416
|switch|p1a: Suicune|Suicune|100/100
|-ability|p1a: Suicune|Pressure
|move|p2a: Piloswine|Ice Shard|p1a: Suicune
|-resisted|p1a: Suicune
|-damage|p1a: Suicune|93/100
|
|-heal|p1a: Suicune|99/100|[from] item: Leftovers
|upkeep
|turn|7
|
|t:|1605655424
|switch|p2a: Whimsicott|Whimsicott, M|100/100
|move|p1a: Suicune|Scald|p2a: Whimsicott
|-resisted|p2a: Whimsicott
|-damage|p2a: Whimsicott|79/100
|-status|p2a: Whimsicott|brn
|
|-heal|p2a: Whimsicott|85/100 brn|[from] item: Leftovers
|-heal|p1a: Suicune|100/100|[from] item: Leftovers
|-damage|p2a: Whimsicott|79/100 brn|[from] brn
|upkeep
|turn|8
|
|t:|1605655443
|switch|p1a: Diancie|Diancie|32/100
|move|p2a: Whimsicott|Moonblast|p1a: Diancie
|-damage|p1a: Diancie|10/100
|
|-heal|p2a: Whimsicott|85/100 brn|[from] item: Leftovers
|-heal|p1a: Diancie|16/100|[from] item: Leftovers
|-damage|p2a: Whimsicott|79/100 brn|[from] brn
|upkeep
|turn|9
|
|t:|1605655451
|switch|p1a: Metagross|Metagross|100/100
|move|p2a: Whimsicott|Moonblast|p1a: Metagross
|-resisted|p1a: Metagross
|-damage|p1a: Metagross|78/100
|
|-heal|p2a: Whimsicott|85/100 brn|[from] item: Leftovers
|-damage|p2a: Whimsicott|79/100 brn|[from] brn
|upkeep
|turn|10
|
|t:|1605655476
|switch|p2a: Piloswine|Piloswine, M|26/100
|move|p1a: Metagross|Meteor Mash|p2a: Piloswine
|-supereffective|p2a: Piloswine
|-damage|p2a: Piloswine|0 fnt
|-boost|p1a: Metagross|atk|1
|faint|p2a: Piloswine
|
|upkeep
|
|t:|1605655483
|switch|p2a: Gengar|Gengar, F|100/100
|turn|11
|
|t:|1605655487
|move|p1a: Metagross|Meteor Mash|p2a: Gengar
|-damage|p2a: Gengar|0 fnt
|faint|p2a: Gengar
|
|upkeep
|
|t:|1605655492
|switch|p2a: Malamar|Malamar, M|100/100
|turn|12
|
|t:|1605655500
|move|p1a: Metagross|Meteor Mash|p2a: Malamar
|-damage|p2a: Malamar|28/100
|move|p2a: Malamar|Superpower|p1a: Metagross
|-crit|p1a: Metagross
|-damage|p1a: Metagross|45/100
|-boost|p2a: Malamar|atk|1
|-boost|p2a: Malamar|def|1
|
|upkeep
|turn|13
|
|t:|1605655508
|move|p1a: Metagross|Meteor Mash|p2a: Malamar
|-damage|p2a: Malamar|0 fnt
|-boost|p1a: Metagross|atk|1
|faint|p2a: Malamar
|
|upkeep
|-message|Everybo-D forfeited.
|
|win|big bad alolem
|l|☆Everybo-D
|c|☆big bad alolem|gg
