|j|☆quimbs
|j|☆Yellowshiny
|player|p1|quimbs|harlequin|1361
|player|p2|Yellowshiny|2|1399
|teamsize|p1|6
|teamsize|p2|6
|gametype|singles
|gen|8
|tier|[Gen 8] RU
|rated|
|clearpoke
|poke|p1|Inteleon, M|
|poke|p1|Vanilluxe, F|
|poke|p1|Accelgor, M|
|poke|p1|Duraludon, F|
|poke|p1|Whimsicott, M|
|poke|p1|Gallade, M|
|poke|p2|Drampa, F|
|poke|p2|Rillaboom, F|
|poke|p2|Vaporeon, M|
|poke|p2|Mudsdale, M|
|poke|p2|Weezing, F|
|poke|p2|Silvally-*|
|rule|Sleep Clause Mod: Limit one foe put to sleep
|rule|Species Clause: Limit one of each Pokémon
|rule|OHKO Clause: OHKO moves are banned
|rule|Evasion Moves Clause: Evasion moves are banned
|rule|Endless Battle Clause: Forcing endless battles is banned
|rule|HP Percentage Mod: HP is shown in percentages
|rule|Dynamax Clause: You cannot dynamax
|teampreview
|inactive|Battle timer is ON: inactive players will automatically lose when time's up. (requested by Yellowshiny)
|
|start
|switch|p1a: Duraludon|Duraludon, F|100/100
|switch|p2a: Rillaboom|Rillaboom, F|100/100
|turn|1
|
|move|p2a: Rillaboom|U-turn|p1a: Duraludon
|-resisted|p1a: Duraludon
|-damage|p1a: Duraludon|87/100
|
|switch|p2a: Silvally|Silvally-Fairy|100/100|[from]move: U-turn
|move|p1a: Duraludon|Thunderbolt|p2a: Silvally
|-damage|p2a: Silvally|62/100
|
|upkeep
|turn|2
|
|switch|p1a: Whimsicott|Whimsicott, M|100/100
|move|p2a: Silvally|Thunder Wave|p1a: Whimsicott
|-status|p1a: Whimsicott|par
|
|upkeep
|turn|3
|
|move|p2a: Silvally|U-turn|p1a: Whimsicott
|-damage|p1a: Whimsicott|77/100 par
|
|switch|p2a: Weezing|Weezing, F|100/100|[from]move: U-turn
|cant|p1a: Whimsicott|par
|
|upkeep
|turn|4
|
|switch|p2a: Silvally|Silvally-Fairy|62/100
|move|p1a: Whimsicott|Psychic|p2a: Silvally
|-damage|p2a: Silvally|31/100
|
|upkeep
|turn|5
|
|move|p2a: Silvally|Multi-Attack|p1a: Whimsicott
|-damage|p1a: Whimsicott|14/100 par
|cant|p1a: Whimsicott|par
|
|upkeep
|turn|6
|
|move|p2a: Silvally|Multi-Attack|p1a: Whimsicott
|-damage|p1a: Whimsicott|0 fnt
|faint|p1a: Whimsicott
|
|upkeep
|
|switch|p1a: Inteleon|Inteleon, M|100/100
|turn|7
|
|switch|p2a: Vaporeon|Vaporeon, M|100/100
|move|p1a: Inteleon|Hydro Pump|p2a: Vaporeon
|-immune|p2a: Vaporeon|[from] ability: Water Absorb
|
|upkeep
|turn|8
|
|switch|p1a: Vanilluxe|Vanilluxe, F|100/100
|-weather|Hail|[from] ability: Snow Warning|[of] p1a: Vanilluxe
|move|p2a: Vaporeon|Wish|p2a: Vaporeon
|
|-weather|Hail|[upkeep]
|-damage|p2a: Vaporeon|94/100|[from] Hail
|-heal|p2a: Vaporeon|100/100|[from] item: Leftovers
|upkeep
|turn|9
|
|switch|p2a: Silvally|Silvally-Fairy|31/100
|move|p1a: Vanilluxe|Freeze-Dry|p2a: Silvally
|-damage|p2a: Silvally|0 fnt
|faint|p2a: Silvally
|
|-weather|Hail|[upkeep]
|upkeep
|
|switch|p2a: Rillaboom|Rillaboom, F|100/100
|turn|10
|inactive|quimbs has 120 seconds left.
|inactive|quimbs has 90 seconds left.
|
|switch|p1a: Accelgor|Accelgor, M|100/100
|move|p2a: Rillaboom|U-turn|p1a: Accelgor
|-damage|p1a: Accelgor|45/100
|
|switch|p2a: Drampa|Drampa, F|100/100|[from]move: U-turn
|
|-weather|Hail|[upkeep]
|-damage|p1a: Accelgor|39/100|[from] Hail
|-damage|p2a: Drampa|94/100|[from] Hail
|upkeep
|turn|11
|
|move|p1a: Accelgor|Focus Blast|p2a: Drampa
|-supereffective|p2a: Drampa
|-damage|p2a: Drampa|0 fnt
|faint|p2a: Drampa
|
|-weather|Hail|[upkeep]
|-damage|p1a: Accelgor|33/100|[from] Hail
|upkeep
|
|switch|p2a: Rillaboom|Rillaboom, F|100/100
|turn|12
|
|switch|p1a: Duraludon|Duraludon, F|87/100
|move|p2a: Rillaboom|Knock Off|p1a: Duraludon
|-damage|p1a: Duraludon|55/100
|-enditem|p1a: Duraludon|Choice Specs|[from] move: Knock Off|[of] p2a: Rillaboom
|
|-weather|none
|upkeep
|turn|13
|
|switch|p2a: Vaporeon|Vaporeon, M|100/100
|move|p1a: Duraludon|Dragon Pulse|p2a: Vaporeon
|-damage|p2a: Vaporeon|73/100
|
|-heal|p2a: Vaporeon|79/100|[from] item: Leftovers
|upkeep
|turn|14
|
|move|p1a: Duraludon|Thunderbolt|p2a: Vaporeon
|-supereffective|p2a: Vaporeon
|-damage|p2a: Vaporeon|35/100
|move|p2a: Vaporeon|Wish|p2a: Vaporeon
|
|-heal|p2a: Vaporeon|41/100|[from] item: Leftovers
|upkeep
|turn|15
|
|switch|p1a: Vanilluxe|Vanilluxe, F|100/100
|-weather|Hail|[from] ability: Snow Warning|[of] p1a: Vanilluxe
|move|p2a: Vaporeon|Protect||[still]
|-fail|p2a: Vaporeon
|
|-weather|Hail|[upkeep]
|-damage|p2a: Vaporeon|35/100|[from] Hail
|-heal|p2a: Vaporeon|85/100|[from] move: Wish|[wisher] Vaporeon
|-heal|p2a: Vaporeon|91/100|[from] item: Leftovers
|upkeep
|turn|16
|
|move|p2a: Vaporeon|Protect|p2a: Vaporeon
|-singleturn|p2a: Vaporeon|Protect
|move|p1a: Vanilluxe|Freeze-Dry|p2a: Vaporeon
|-activate|p2a: Vaporeon|move: Protect
|
|-weather|Hail|[upkeep]
|-damage|p2a: Vaporeon|85/100|[from] Hail
|-heal|p2a: Vaporeon|91/100|[from] item: Leftovers
|upkeep
|turn|17
|
|move|p1a: Vanilluxe|Freeze-Dry|p2a: Vaporeon
|-supereffective|p2a: Vaporeon
|-damage|p2a: Vaporeon|14/100
|-status|p2a: Vaporeon|frz
|-curestatus|p2a: Vaporeon|frz|[from] move: Scald
|move|p2a: Vaporeon|Scald|p1a: Vanilluxe
|-damage|p1a: Vanilluxe|65/100
|-status|p1a: Vanilluxe|brn
|
|-weather|Hail|[upkeep]
|-damage|p2a: Vaporeon|7/100|[from] Hail
|-heal|p2a: Vaporeon|14/100|[from] item: Leftovers
|-damage|p1a: Vanilluxe|59/100 brn|[from] brn
|upkeep
|turn|18
|
|move|p2a: Vaporeon|Protect|p2a: Vaporeon
|-singleturn|p2a: Vaporeon|Protect
|move|p1a: Vanilluxe|Freeze-Dry|p2a: Vaporeon
|-activate|p2a: Vaporeon|move: Protect
|
|-weather|Hail|[upkeep]
|-damage|p2a: Vaporeon|7/100|[from] Hail
|-heal|p2a: Vaporeon|14/100|[from] item: Leftovers
|-damage|p1a: Vanilluxe|53/100 brn|[from] brn
|upkeep
|turn|19
|
|switch|p2a: Weezing|Weezing, F|100/100
|move|p1a: Vanilluxe|Freeze-Dry|p2a: Weezing
|-damage|p2a: Weezing|24/100
|-status|p2a: Weezing|frz
|
|-weather|none
|-heal|p2a: Weezing|30/100 frz|[from] item: Black Sludge
|-damage|p1a: Vanilluxe|47/100 brn|[from] brn
|upkeep
|turn|20
|
|switch|p1a: Duraludon|Duraludon, F|55/100
|cant|p2a: Weezing|frz
|
|-heal|p2a: Weezing|36/100 frz|[from] item: Black Sludge
|upkeep
|turn|21
|
|move|p1a: Duraludon|Flash Cannon|p2a: Weezing
|-damage|p2a: Weezing|0 fnt
|faint|p2a: Weezing
|
|upkeep
|
|switch|p2a: Mudsdale|Mudsdale, M|100/100
|turn|22
|
|switch|p1a: Gallade|Gallade, M|100/100
|move|p2a: Mudsdale|Earthquake|p1a: Gallade
|-damage|p1a: Gallade|58/100
|
|-heal|p1a: Gallade|64/100|[from] item: Leftovers
|upkeep
|turn|23
|
|move|p1a: Gallade|Wish|p1a: Gallade
|move|p2a: Mudsdale|Earthquake|p1a: Gallade
|-damage|p1a: Gallade|19/100
|
|-heal|p1a: Gallade|25/100|[from] item: Leftovers
|upkeep
|turn|24
|
|switch|p1a: Accelgor|Accelgor, M|33/100
|move|p2a: Mudsdale|Earthquake|p1a: Accelgor
|-resisted|p1a: Accelgor
|-damage|p1a: Accelgor|0 fnt
|faint|p1a: Accelgor
|
|upkeep
|
|switch|p1a: Vanilluxe|Vanilluxe, F|47/100 brn
|-weather|Hail|[from] ability: Snow Warning|[of] p1a: Vanilluxe
|turn|25
|
|move|p1a: Vanilluxe|Freeze-Dry|p2a: Mudsdale
|-supereffective|p2a: Mudsdale
|-damage|p2a: Mudsdale|0 fnt
|faint|p2a: Mudsdale
|
|-weather|Hail|[upkeep]
|-damage|p1a: Vanilluxe|41/100 brn|[from] brn
|upkeep
|
|switch|p2a: Rillaboom|Rillaboom, F|100/100
|turn|26
|
|switch|p1a: Gallade|Gallade, M|25/100
|move|p2a: Rillaboom|Earthquake|p1a: Gallade
|-damage|p1a: Gallade|0 fnt
|faint|p1a: Gallade
|
|-weather|Hail|[upkeep]
|-damage|p2a: Rillaboom|94/100|[from] Hail
|upkeep
|
|switch|p1a: Duraludon|Duraludon, F|55/100
|turn|27
|
|move|p2a: Rillaboom|Earthquake|p1a: Duraludon
|-supereffective|p1a: Duraludon
|-damage|p1a: Duraludon|0 fnt
|faint|p1a: Duraludon
|
|-weather|Hail|[upkeep]
|-damage|p2a: Rillaboom|88/100|[from] Hail
|upkeep
|
|switch|p1a: Inteleon|Inteleon, M|100/100
|turn|28
|
|switch|p2a: Vaporeon|Vaporeon, M|14/100
|move|p1a: Inteleon|Ice Beam|p2a: Vaporeon
|-resisted|p2a: Vaporeon
|-damage|p2a: Vaporeon|0 fnt
|faint|p2a: Vaporeon
|
|-weather|Hail|[upkeep]
|-damage|p1a: Inteleon|94/100|[from] Hail
|upkeep
|
|switch|p2a: Rillaboom|Rillaboom, F|88/100
|turn|29
|
|switch|p1a: Vanilluxe|Vanilluxe, F|41/100 brn
|move|p2a: Rillaboom|Wood Hammer|p1a: Vanilluxe
|-damage|p1a: Vanilluxe|0 fnt
|-damage|p2a: Rillaboom|77/100|[from] Recoil
|faint|p1a: Vanilluxe
|
|-weather|none
|upkeep
|
|switch|p1a: Inteleon|Inteleon, M|94/100
|turn|30
|
|move|p2a: Rillaboom|Wood Hammer|p1a: Inteleon
|-supereffective|p1a: Inteleon
|-damage|p1a: Inteleon|0 fnt
|-damage|p2a: Rillaboom|52/100|[from] Recoil
|faint|p1a: Inteleon
|
|win|Yellowshiny
|l|☆quimbs
|raw|quimbs's rating: 1361 &rarr; <strong>1343</strong><br />(-18 for losing)
|raw|Yellowshiny's rating: 1399 &rarr; <strong>1417</strong><br />(+18 for winning)
