|j|☆abemaster5
|j|☆Opela
|t:|1642262530
|gametype|singles
|player|p1|abemaster5|steven|1318
|player|p2|Opela|169|1346
|teamsize|p1|6
|teamsize|p2|6
|gen|8
|tier|[Gen 8] RU
|rated|
|rule|Sleep Clause Mod: Limit one foe put to sleep
|rule|Species Clause: Limit one of each Pokémon
|rule|OHKO Clause: OHKO moves are banned
|rule|Evasion Moves Clause: Evasion moves are banned
|rule|Endless Battle Clause: Forcing endless battles is banned
|rule|HP Percentage Mod: HP is shown in percentages
|rule|Dynamax Clause: You cannot dynamax
|clearpoke
|poke|p1|Togekiss, F|
|poke|p1|Porygon-Z|
|poke|p1|Golisopod, F|
|poke|p1|Dhelmise|
|poke|p1|Ninjask, M|
|poke|p1|Magneton|
|poke|p2|Snorlax, M|
|poke|p2|Dhelmise|
|poke|p2|Togekiss, M|
|poke|p2|Golisopod, F|
|poke|p2|Salazzle, F|
|poke|p2|Steelix, M|
|teampreview
|inactive|Battle timer is ON: inactive players will automatically lose when time's up. (requested by Opela)
|inactive|abemaster5 has 120 seconds left.
|
|t:|1642262574
|start
|switch|p1a: Golisopod|Golisopod, F|100/100
|switch|p2a: Steelix|Steelix, M|100/100
|turn|1
|inactive|Opela has 120 seconds left.
|
|t:|1642262625
|switch|p2a: Dhelmise|Dhelmise|100/100
|move|p1a: Golisopod|Spikes|p2a: Dhelmise
|-sidestart|p2: Opela|Spikes
|
|upkeep
|turn|2
|inactive|abemaster5 has 120 seconds left.
|
|t:|1642262672
|move|p2a: Dhelmise|Power Whip|p1a: Golisopod
|-damage|p1a: Golisopod|71/100
|move|p1a: Golisopod|Knock Off|p2a: Dhelmise
|-supereffective|p2a: Dhelmise
|-damage|p2a: Dhelmise|44/100
|-enditem|p2a: Dhelmise|Leftovers|[from] move: Knock Off|[of] p1a: Golisopod
|
|upkeep
|turn|3
|
|t:|1642262688
|move|p2a: Dhelmise|Rapid Spin|p1a: Golisopod
|-damage|p1a: Golisopod|63/100
|-boost|p2a: Dhelmise|spe|1
|-sideend|p2: Opela|Spikes|[from] move: Rapid Spin|[of] p2a: Dhelmise
|move|p1a: Golisopod|Spikes|p2a: Dhelmise
|-sidestart|p2: Opela|Spikes
|
|upkeep
|turn|4
|
|t:|1642262698
|switch|p1a: Dhelmise|Dhelmise|100/100
|move|p2a: Dhelmise|Power Whip|p1a: Dhelmise
|-resisted|p1a: Dhelmise
|-damage|p1a: Dhelmise|73/100
|
|upkeep
|turn|5
|
|t:|1642262710
|switch|p2a: Snorlax|Snorlax, M|100/100
|-damage|p2a: Snorlax|88/100|[from] Spikes
|switch|p1a: Porygon-Z|Porygon-Z|100/100
|
|-heal|p2a: Snorlax|94/100|[from] item: Leftovers
|upkeep
|turn|6
|
|t:|1642262723
|move|p1a: Porygon-Z|Nasty Plot|p1a: Porygon-Z
|-boost|p1a: Porygon-Z|spa|2
|move|p2a: Snorlax|Body Slam|p1a: Porygon-Z
|-damage|p1a: Porygon-Z|55/100
|
|-heal|p2a: Snorlax|100/100|[from] item: Leftovers
|upkeep
|turn|7
|
|t:|1642262729
|move|p1a: Porygon-Z|Tri Attack|p2a: Snorlax
|-damage|p2a: Snorlax|44/100
|move|p2a: Snorlax|Body Slam|p1a: Porygon-Z
|-damage|p1a: Porygon-Z|5/100
|-status|p1a: Porygon-Z|par
|
|-heal|p2a: Snorlax|50/100|[from] item: Leftovers
|upkeep
|turn|8
|
|t:|1642262737
|cant|p1a: Porygon-Z|par
|move|p2a: Snorlax|Earthquake|p1a: Porygon-Z
|-damage|p1a: Porygon-Z|0 fnt
|faint|p1a: Porygon-Z
|
|-heal|p2a: Snorlax|56/100|[from] item: Leftovers
|upkeep
|inactive|abemaster5 has 120 seconds left.
|
|t:|1642262758
|switch|p1a: Ninjask|Ninjask, M|100/100
|turn|9
|
|t:|1642262763
|switch|p2a: Steelix|Steelix, M|100/100
|-damage|p2a: Steelix|88/100|[from] Spikes
|move|p1a: Ninjask|Swords Dance|p1a: Ninjask
|-boost|p1a: Ninjask|atk|2
|
|-heal|p2a: Steelix|94/100|[from] item: Leftovers
|-ability|p1a: Ninjask|Speed Boost|boost
|-boost|p1a: Ninjask|spe|1
|upkeep
|turn|10
|
|t:|1642262768
|move|p1a: Ninjask|Dig||[still]
|-prepare|p1a: Ninjask|Dig
|-enditem|p1a: Ninjask|Power Herb
|-anim|p1a: Ninjask|Dig|p2a: Steelix
|-supereffective|p2a: Steelix
|-damage|p2a: Steelix|49/100
|move|p2a: Steelix|Heavy Slam|p1a: Ninjask
|-damage|p1a: Ninjask|12/100
|
|-heal|p2a: Steelix|55/100|[from] item: Leftovers
|-ability|p1a: Ninjask|Speed Boost|boost
|-boost|p1a: Ninjask|spe|1
|upkeep
|turn|11
|
|t:|1642262781
|switch|p1a: Golisopod|Golisopod, F|63/100
|move|p2a: Steelix|Earthquake|p1a: Golisopod
|-resisted|p1a: Golisopod
|-damage|p1a: Golisopod|55/100
|
|-heal|p2a: Steelix|61/100|[from] item: Leftovers
|upkeep
|turn|12
|
|t:|1642262787
|switch|p2a: Togekiss|Togekiss, M|100/100
|move|p1a: Golisopod|Spikes|p2a: Togekiss
|-sidestart|p2: Opela|Spikes
|
|upkeep
|turn|13
|
|t:|1642262794
|switch|p1a: Togekiss|Togekiss, F|100/100
|move|p2a: Togekiss|Wish|p2a: Togekiss
|
|upkeep
|turn|14
|
|t:|1642262802
|-singleturn|p1a: Togekiss|move: Focus Punch
|switch|p2a: Steelix|Steelix, M|61/100
|-damage|p2a: Steelix|44/100|[from] Spikes
|move|p1a: Togekiss|Focus Punch|p2a: Steelix
|-supereffective|p2a: Steelix
|-damage|p2a: Steelix|0 fnt
|faint|p2a: Steelix
|
|upkeep
|
|t:|1642262811
|switch|p2a: Salazzle|Salazzle, F|100/100
|turn|15
|
|t:|1642262818
|switch|p1a: Golisopod|Golisopod, F|55/100
|move|p2a: Salazzle|Sludge Wave|p1a: Golisopod
|-damage|p1a: Golisopod|4/100
|-activate|p1a: Golisopod|ability: Emergency Exit
|
|t:|1642262825
|switch|p1a: Ninjask|Ninjask, M|12/100
|
|upkeep
|turn|16
|
|t:|1642262834
|move|p1a: Ninjask|Acrobatics|p2a: Salazzle
|-damage|p2a: Salazzle|7/100
|move|p2a: Salazzle|Knock Off|p1a: Ninjask
|-damage|p1a: Ninjask|0 fnt
|faint|p1a: Ninjask
|
|upkeep
|
|t:|1642262840
|switch|p1a: Togekiss|Togekiss, F|100/100
|turn|17
|
|t:|1642262847
|move|p1a: Togekiss|Extreme Speed|p2a: Salazzle
|-damage|p2a: Salazzle|0 fnt
|faint|p2a: Salazzle
|
|upkeep
|
|t:|1642262858
|switch|p2a: Togekiss|Togekiss, M|100/100
|turn|18
|
|t:|1642262865
|switch|p1a: Magneton|Magneton|100/100
|move|p2a: Togekiss|Wish|p2a: Togekiss
|
|upkeep
|turn|19
|
|t:|1642262887
|switch|p2a: Snorlax|Snorlax, M|56/100
|-damage|p2a: Snorlax|39/100|[from] Spikes
|move|p1a: Magneton|Thunderbolt|p2a: Snorlax
|-damage|p2a: Snorlax|8/100
|
|-heal|p2a: Snorlax|46/100|[from] move: Wish|[wisher] Togekiss
|-heal|p2a: Snorlax|52/100|[from] item: Leftovers
|upkeep
|turn|20
|
|t:|1642262893
|switch|p1a: Golisopod|Golisopod, F|4/100
|move|p2a: Snorlax|Earthquake|p1a: Golisopod
|-resisted|p1a: Golisopod
|-damage|p1a: Golisopod|0 fnt
|faint|p1a: Golisopod
|
|-heal|p2a: Snorlax|58/100|[from] item: Leftovers
|upkeep
|
|t:|1642262897
|switch|p1a: Dhelmise|Dhelmise|73/100
|turn|21
|
|t:|1642262908
|switch|p2a: Dhelmise|Dhelmise|44/100
|-damage|p2a: Dhelmise|28/100|[from] Spikes
|move|p1a: Dhelmise|Anchor Shot|p2a: Dhelmise
|-damage|p2a: Dhelmise|0 fnt
|faint|p2a: Dhelmise
|
|upkeep
|
|t:|1642262911
|switch|p2a: Golisopod|Golisopod, F|100/100
|turn|22
|
|t:|1642262920
|switch|p1a: Magneton|Magneton|100/100
|move|p2a: Golisopod|Knock Off|p1a: Magneton
|-damage|p1a: Magneton|52/100
|-enditem|p1a: Magneton|Choice Specs|[from] move: Knock Off|[of] p2a: Golisopod
|
|upkeep
|turn|23
|
|t:|1642262939
|switch|p2a: Snorlax|Snorlax, M|58/100
|-damage|p2a: Snorlax|41/100|[from] Spikes
|move|p1a: Magneton|Volt Switch|p2a: Snorlax
|-damage|p2a: Snorlax|27/100
|
|t:|1642262956
|switch|p1a: Dhelmise|Dhelmise|73/100|[from]move: Volt Switch
|
|-heal|p2a: Snorlax|33/100|[from] item: Leftovers
|upkeep
|turn|24
|
|t:|1642262966
|switch|p2a: Golisopod|Golisopod, F|100/100
|move|p1a: Dhelmise|Anchor Shot|p2a: Golisopod
|-resisted|p2a: Golisopod
|-damage|p2a: Golisopod|84/100
|-activate|p2a: Golisopod|trapped
|
|upkeep
|turn|25
|
|t:|1642262975
|move|p2a: Golisopod|Liquidation|p1a: Dhelmise
|-resisted|p1a: Dhelmise
|-damage|p1a: Dhelmise|52/100
|-unboost|p1a: Dhelmise|def|1
|move|p1a: Dhelmise|Power Whip|p2a: Golisopod
|-damage|p2a: Golisopod|33/100
|-activate|p2a: Golisopod|ability: Emergency Exit
|
|t:|1642262984
|switch|p2a: Togekiss|Togekiss, M|100/100
|
|upkeep
|turn|26
|
|t:|1642262986
|move|p2a: Togekiss|Air Slash|p1a: Dhelmise
|-supereffective|p1a: Dhelmise
|-damage|p1a: Dhelmise|7/100
|move|p1a: Dhelmise|Anchor Shot|p2a: Togekiss
|-supereffective|p2a: Togekiss
|-crit|p2a: Togekiss
|-damage|p2a: Togekiss|0 fnt
|faint|p2a: Togekiss
|
|upkeep
|-message|Opela forfeited.
|
|win|abemaster5
|raw|abemaster5's rating: 1318 &rarr; <strong>1340</strong><br />(+22 for winning)
|raw|Opela's rating: 1346 &rarr; <strong>1324</strong><br />(-22 for losing)
|l|☆Opela
