|j|☆algoton
|j|☆woodsplinted
|t:|1639088682
|gametype|singles
|player|p1|algoton|265|1299
|player|p2|woodsplinted|169|1329
|teamsize|p1|6
|teamsize|p2|6
|gen|8
|tier|[Gen 8] RU
|rated|
|rule|Sleep Clause Mod: Limit one foe put to sleep
|rule|Species Clause: Limit one of each Pokémon
|rule|OHKO Clause: OHKO moves are banned
|rule|Evasion Moves Clause: Evasion moves are banned
|rule|Endless Battle Clause: Forcing endless battles is banned
|rule|HP Percentage Mod: HP is shown in percentages
|rule|Dynamax Clause: You cannot dynamax
|clearpoke
|poke|p1|Umbreon, F|
|poke|p1|Darmanitan, M|
|poke|p1|Celebi|
|poke|p1|Metagross|
|poke|p1|Mudsdale, M|
|poke|p1|Crobat, F|
|poke|p2|Registeel|
|poke|p2|Flygon, M|
|poke|p2|Volcanion|
|poke|p2|Weezing-Galar, M|
|poke|p2|Xurkitree|
|poke|p2|Golisopod, M|
|teampreview
|inactive|Battle timer is ON: inactive players will automatically lose when time's up. (requested by algoton)
|
|t:|1639088729
|start
|switch|p1a: Darmanitan|Darmanitan, M|100/100
|switch|p2a: Weezing|Weezing-Galar, M|100/100
|turn|1
|
|t:|1639088736
|move|p1a: Darmanitan|U-turn|p2a: Weezing
|-resisted|p2a: Weezing
|-damage|p2a: Weezing|96/100
|-damage|p1a: Darmanitan|84/100|[from] item: Rocky Helmet|[of] p2a: Weezing
|
|t:|1639088748
|switch|p1a: Metagross|Metagross|100/100|[from]move: U-turn
|move|p2a: Weezing|Strange Steam|p1a: Metagross
|-resisted|p1a: Metagross
|-damage|p1a: Metagross|86/100
|
|upkeep
|turn|2
|inactive|algoton has 120 seconds left.
|
|t:|1639088794
|switch|p1a: Mudsdale|Mudsdale, M|100/100
|move|p2a: Weezing|Will-O-Wisp|p1a: Mudsdale
|-status|p1a: Mudsdale|brn
|
|-damage|p1a: Mudsdale|94/100 brn|[from] brn
|upkeep
|turn|3
|
|t:|1639088803
|move|p2a: Weezing|Strange Steam|p1a: Mudsdale
|-damage|p1a: Mudsdale|70/100 brn
|-ability|p1a: Mudsdale|Stamina|boost
|-boost|p1a: Mudsdale|def|1
|move|p1a: Mudsdale|Stealth Rock|p2a: Weezing
|-sidestart|p2: woodsplinted|move: Stealth Rock
|
|-heal|p1a: Mudsdale|76/100 brn|[from] item: Leftovers
|-damage|p1a: Mudsdale|70/100 brn|[from] brn
|upkeep
|turn|4
|
|t:|1639088820
|switch|p1a: Metagross|Metagross|86/100
|move|p2a: Weezing|Defog|p1a: Metagross
|-fail|p1a: Metagross|unboost|[from] ability: Clear Body|[of] p1a: Metagross
|-sideend|p2: woodsplinted|Stealth Rock|[from] move: Defog|[of] p2a: Weezing
|
|upkeep
|turn|5
|
|t:|1639088827
|move|p1a: Metagross|Meteor Mash|p2a: Weezing
|-supereffective|p2a: Weezing
|-damage|p2a: Weezing|0 fnt
|-damage|p1a: Metagross|69/100|[from] item: Rocky Helmet|[of] p2a: Weezing
|faint|p2a: Weezing
|
|upkeep
|
|t:|1639088836
|switch|p2a: Volcanion|Volcanion|100/100
|turn|6
|inactive|algoton has 120 seconds left.
|
|t:|1639088864
|switch|p1a: Umbreon|Umbreon, F|100/100
|move|p2a: Volcanion|Steam Eruption|p1a: Umbreon
|-damage|p1a: Umbreon|68/100
|
|-heal|p1a: Umbreon|74/100|[from] item: Leftovers
|upkeep
|turn|7
|
|t:|1639088878
|switch|p1a: Mudsdale|Mudsdale, M|70/100 brn
|move|p2a: Volcanion|Steam Eruption|p1a: Mudsdale
|-supereffective|p1a: Mudsdale
|-damage|p1a: Mudsdale|0 fnt
|faint|p1a: Mudsdale
|
|upkeep
|
|t:|1639088887
|switch|p1a: Celebi|Celebi|100/100
|turn|8
|
|t:|1639088899
|move|p1a: Celebi|Earth Power|p2a: Volcanion
|-supereffective|p2a: Volcanion
|-damage|p2a: Volcanion|53/100
|-damage|p1a: Celebi|91/100|[from] item: Life Orb
|move|p2a: Volcanion|Flamethrower|p1a: Celebi
|-supereffective|p1a: Celebi
|-damage|p1a: Celebi|0 fnt
|faint|p1a: Celebi
|
|upkeep
|inactive|algoton has 90 seconds left.
|
|t:|1639088916
|switch|p1a: Darmanitan|Darmanitan, M|84/100
|turn|9
|inactive|algoton has 90 seconds left.
|
|t:|1639088927
|switch|p2a: Flygon|Flygon, M|100/100
|move|p1a: Darmanitan|U-turn|p2a: Flygon
|-damage|p2a: Flygon|65/100
|
|t:|1639088932
|switch|p1a: Metagross|Metagross|69/100|[from]move: U-turn
|
|-heal|p2a: Flygon|71/100|[from] item: Leftovers
|upkeep
|turn|10
|
|t:|1639088938
|move|p1a: Metagross|Bullet Punch|p2a: Flygon
|-crit|p2a: Flygon
|-damage|p2a: Flygon|3/100
|move|p2a: Flygon|Earthquake|p1a: Metagross
|-supereffective|p1a: Metagross
|-damage|p1a: Metagross|0 fnt
|faint|p1a: Metagross
|
|-heal|p2a: Flygon|9/100|[from] item: Leftovers
|upkeep
|-message|algoton forfeited.
|
|win|woodsplinted
|raw|algoton's rating: 1299 &rarr; <strong>1276</strong><br />(-23 for losing)
|raw|woodsplinted's rating: 1329 &rarr; <strong>1347</strong><br />(+18 for winning)
|l|☆algoton
