|j|☆thievul is good
|j|☆Frito135
|player|p1|thievul is good|lucas|1485
|player|p2|Frito135|shadowtriad|1381
|teamsize|p1|6
|teamsize|p2|6
|gametype|singles
|gen|8
|tier|[Gen 8] RU
|rated|
|clearpoke
|poke|p1|Thievul, M|
|poke|p1|Indeedee-F, F|
|poke|p1|Gigalith, F|
|poke|p1|Silvally-*|
|poke|p1|Gurdurr, F|
|poke|p1|Whimsicott, F|
|poke|p2|Rillaboom, F|
|poke|p2|Passimian, F|
|poke|p2|Gigalith, F|
|poke|p2|Aromatisse, F|
|poke|p2|Mr. Rime, F|
|poke|p2|Sigilyph, F|
|rule|Sleep Clause Mod: Limit one foe put to sleep
|rule|Species Clause: Limit one of each Pokémon
|rule|OHKO Clause: OHKO moves are banned
|rule|Evasion Moves Clause: Evasion moves are banned
|rule|Endless Battle Clause: Forcing endless battles is banned
|rule|HP Percentage Mod: HP is shown in percentages
|rule|Dynamax Clause: You cannot dynamax
|teampreview
|c|☆Frito135|hello again
|
|start
|switch|p1a: Whimsicott|Whimsicott, F|100/100
|switch|p2a: Rillaboom|Rillaboom, F|100/100
|turn|1
|c|☆thievul is good|hi
|
|move|p2a: Rillaboom|U-turn|p1a: Whimsicott
|-damage|p1a: Whimsicott|63/100
|
|switch|p2a: Mr. Rime|Mr. Rime, F|100/100|[from]move: U-turn
|move|p1a: Whimsicott|U-turn|p2a: Mr. Rime
|-supereffective|p2a: Mr. Rime
|-damage|p2a: Mr. Rime|71/100
|
|switch|p1a: Silvally|Silvally-Ghost|100/100|[from]move: U-turn
|
|upkeep
|turn|2
|
|switch|p2a: Gigalith|Gigalith, F|100/100
|-weather|Sandstorm|[from] ability: Sand Stream|[of] p2a: Gigalith
|move|p1a: Silvally|Multi-Attack|p2a: Gigalith
|-damage|p2a: Gigalith|66/100
|
|-weather|Sandstorm|[upkeep]
|-damage|p1a: Silvally|94/100|[from] Sandstorm
|-heal|p2a: Gigalith|72/100|[from] item: Leftovers
|upkeep
|turn|3
|
|move|p1a: Silvally|U-turn|p2a: Gigalith
|-damage|p2a: Gigalith|57/100
|
|switch|p1a: Whimsicott|Whimsicott, F|63/100|[from]move: U-turn
|move|p2a: Gigalith|Stone Edge|p1a: Whimsicott|[miss]
|-miss|p2a: Gigalith|p1a: Whimsicott
|
|-weather|Sandstorm|[upkeep]
|-damage|p1a: Whimsicott|56/100|[from] Sandstorm
|-heal|p2a: Gigalith|64/100|[from] item: Leftovers
|upkeep
|turn|4
|c|☆thievul is good|srry
|
|move|p1a: Whimsicott|Giga Drain|p2a: Gigalith
|-supereffective|p2a: Gigalith
|-damage|p2a: Gigalith|17/100
|-heal|p1a: Whimsicott|90/100|[from] drain|[of] p2a: Gigalith
|move|p2a: Gigalith|Stone Edge|p1a: Whimsicott
|-damage|p1a: Whimsicott|0 fnt
|faint|p1a: Whimsicott
|
|-weather|Sandstorm|[upkeep]
|-heal|p2a: Gigalith|23/100|[from] item: Leftovers
|upkeep
|
|switch|p1a: Silvally|Silvally-Ghost|94/100
|turn|5
|c|☆Frito135|np, shit happens
|
|move|p1a: Silvally|Multi-Attack|p2a: Gigalith
|-damage|p2a: Gigalith|0 fnt
|faint|p2a: Gigalith
|
|-weather|Sandstorm|[upkeep]
|-damage|p1a: Silvally|88/100|[from] Sandstorm
|upkeep
|
|switch|p2a: Rillaboom|Rillaboom, F|100/100
|turn|6
|
|switch|p1a: Gurdurr|Gurdurr, F|100/100
|move|p2a: Rillaboom|Wood Hammer|p1a: Gurdurr
|-damage|p1a: Gurdurr|67/100
|-damage|p2a: Rillaboom|88/100|[from] Recoil
|
|-weather|none
|upkeep
|turn|7
|
|switch|p2a: Aromatisse|Aromatisse, F|100/100
|move|p1a: Gurdurr|Stone Edge|p2a: Aromatisse
|-damage|p2a: Aromatisse|72/100
|
|-heal|p2a: Aromatisse|79/100|[from] item: Leftovers
|upkeep
|turn|8
|
|switch|p1a: Gigalith|Gigalith, F|100/100
|-weather|Sandstorm|[from] ability: Sand Stream|[of] p1a: Gigalith
|move|p2a: Aromatisse|Moonblast|p1a: Gigalith
|-damage|p1a: Gigalith|80/100
|
|-weather|Sandstorm|[upkeep]
|-damage|p2a: Aromatisse|72/100|[from] Sandstorm
|-heal|p1a: Gigalith|87/100|[from] item: Leftovers
|-heal|p2a: Aromatisse|79/100|[from] item: Leftovers
|upkeep
|turn|9
|
|move|p1a: Gigalith|Stealth Rock|p2a: Aromatisse
|-sidestart|p2: Frito135|move: Stealth Rock
|move|p2a: Aromatisse|Wish|p2a: Aromatisse
|
|-weather|Sandstorm|[upkeep]
|-damage|p2a: Aromatisse|72/100|[from] Sandstorm
|-heal|p1a: Gigalith|93/100|[from] item: Leftovers
|-heal|p2a: Aromatisse|79/100|[from] item: Leftovers
|upkeep
|turn|10
|
|switch|p1a: Silvally|Silvally-Ghost|88/100
|move|p2a: Aromatisse|Moonblast|p1a: Silvally
|-damage|p1a: Silvally|53/100
|
|-weather|Sandstorm|[upkeep]
|-damage|p1a: Silvally|47/100|[from] Sandstorm
|-damage|p2a: Aromatisse|72/100|[from] Sandstorm
|-heal|p2a: Aromatisse|100/100|[from] move: Wish|[wisher] Aromatisse
|upkeep
|turn|11
|l|☆thievul is good
|player|p1|
|j|☆thievul is good
|player|p1|thievul is good|lucas
|
|move|p1a: Silvally|Multi-Attack|p2a: Aromatisse
|-damage|p2a: Aromatisse|49/100
|move|p2a: Aromatisse|Wish|p2a: Aromatisse
|
|-weather|Sandstorm|[upkeep]
|-damage|p1a: Silvally|41/100|[from] Sandstorm
|-damage|p2a: Aromatisse|43/100|[from] Sandstorm
|-heal|p2a: Aromatisse|49/100|[from] item: Leftovers
|upkeep
|turn|12
|
|move|p2a: Aromatisse|Protect|p2a: Aromatisse
|-singleturn|p2a: Aromatisse|Protect
|move|p1a: Silvally|Swords Dance|p1a: Silvally
|-boost|p1a: Silvally|atk|2
|
|-weather|none
|-heal|p2a: Aromatisse|99/100|[from] move: Wish|[wisher] Aromatisse
|-heal|p2a: Aromatisse|100/100|[from] item: Leftovers
|upkeep
|turn|13
|
|move|p1a: Silvally|Multi-Attack|p2a: Aromatisse
|-damage|p2a: Aromatisse|0 fnt
|faint|p2a: Aromatisse
|
|upkeep
|
|switch|p2a: Sigilyph|Sigilyph, F|100/100
|turn|14
|
|switch|p1a: Gigalith|Gigalith, F|93/100
|-weather|Sandstorm|[from] ability: Sand Stream|[of] p1a: Gigalith
|move|p2a: Sigilyph|Psychic|p1a: Gigalith
|-damage|p1a: Gigalith|61/100
|
|-weather|Sandstorm|[upkeep]
|-heal|p1a: Gigalith|68/100|[from] item: Leftovers
|upkeep
|turn|15
|
|switch|p2a: Rillaboom|Rillaboom, F|88/100
|-damage|p2a: Rillaboom|76/100|[from] Stealth Rock
|move|p1a: Gigalith|Rock Blast|p2a: Rillaboom|[miss]
|-miss|p1a: Gigalith|p2a: Rillaboom
|
|-weather|Sandstorm|[upkeep]
|-damage|p2a: Rillaboom|70/100|[from] Sandstorm
|-heal|p1a: Gigalith|74/100|[from] item: Leftovers
|upkeep
|turn|16
|c|☆Frito135|srry
|
|switch|p1a: Gurdurr|Gurdurr, F|67/100
|move|p2a: Rillaboom|Wood Hammer|p1a: Gurdurr
|-damage|p1a: Gurdurr|33/100
|-damage|p2a: Rillaboom|58/100|[from] Recoil
|
|-weather|Sandstorm|[upkeep]
|-damage|p2a: Rillaboom|52/100|[from] Sandstorm
|-damage|p1a: Gurdurr|27/100|[from] Sandstorm
|upkeep
|turn|17
|c|☆thievul is good|np
|c|☆thievul is good|sshit happens
|
|move|p1a: Gurdurr|Mach Punch|p2a: Rillaboom
|-damage|p2a: Rillaboom|35/100
|move|p2a: Rillaboom|Wood Hammer|p1a: Gurdurr
|-damage|p1a: Gurdurr|0 fnt
|-damage|p2a: Rillaboom|25/100|[from] Recoil
|faint|p1a: Gurdurr
|
|-weather|Sandstorm|[upkeep]
|-damage|p2a: Rillaboom|19/100|[from] Sandstorm
|upkeep
|
|switch|p1a: Indeedee|Indeedee-F, F|100/100
|-fieldstart|move: Psychic Terrain|[from] ability: Psychic Surge|[of] p1a: Indeedee
|turn|18
|
|move|p1a: Indeedee|Psychic|p2a: Rillaboom
|-damage|p2a: Rillaboom|0 fnt
|faint|p2a: Rillaboom
|
|-weather|none
|upkeep
|c|☆Frito135|ahh speed ties
|
|switch|p2a: Sigilyph|Sigilyph, F|100/100
|turn|19
|c|☆thievul is good|ye
|
|switch|p1a: Thievul|Thievul, M|100/100
|-enditem|p1a: Thievul|Psychic Seed
|-boost|p1a: Thievul|spd|1|[from] item: Psychic Seed
|move|p2a: Sigilyph|Air Slash|p1a: Thievul
|-damage|p1a: Thievul|59/100
|
|upkeep
|turn|20
|
|move|p1a: Thievul|Dark Pulse|p2a: Sigilyph
|-supereffective|p2a: Sigilyph
|-damage|p2a: Sigilyph|4/100
|move|p2a: Sigilyph|Air Slash|p1a: Thievul
|-damage|p1a: Thievul|20/100
|
|upkeep
|turn|21
|
|move|p1a: Thievul|Dark Pulse|p2a: Sigilyph
|-supereffective|p2a: Sigilyph
|-damage|p2a: Sigilyph|0 fnt
|faint|p2a: Sigilyph
|
|upkeep
|
|switch|p2a: Passimian|Passimian, F|100/100
|-damage|p2a: Passimian|94/100|[from] Stealth Rock
|turn|22
|
|move|p1a: Thievul|Psychic|p2a: Passimian
|-supereffective|p2a: Passimian
|-damage|p2a: Passimian|0 fnt
|faint|p2a: Passimian
|
|-fieldend|move: Psychic Terrain
|upkeep
|c|☆Frito135|gg
|c|☆thievul is good|gg
|
|switch|p2a: Mr. Rime|Mr. Rime, F|71/100
|turn|23
|
|move|p1a: Thievul|Dark Pulse|p2a: Mr. Rime
|-supereffective|p2a: Mr. Rime
|-damage|p2a: Mr. Rime|6/100
|move|p2a: Mr. Rime|Freeze-Dry|p1a: Thievul
|-damage|p1a: Thievul|0 fnt
|faint|p1a: Thievul
|
|upkeep
|
|switch|p1a: Silvally|Silvally-Ghost|41/100
|turn|24
|
|move|p1a: Silvally|U-turn|p2a: Mr. Rime
|-supereffective|p2a: Mr. Rime
|-damage|p2a: Mr. Rime|0 fnt
|faint|p2a: Mr. Rime
|
|win|thievul is good
|l|☆Frito135
|raw|thievul is good's rating: 1462 &rarr; <strong>1476</strong><br />(+14 for winning)
|raw|Frito135's rating: 1359 &rarr; <strong>1345</strong><br />(-14 for losing)
