|html|<div class="broadcast-blue"><strong>[Gen 8] RU is currently suspecting Mienshao! For information on how to participate check out the <a href="https://www.smogon.com/forums/threads/np-ru-stage-8-nocturne-mienshao-suspect-test.3688330/">suspect thread</a>.</strong></div>
|j|☆venusaurusrex
|j|☆Splashinganteater
|t:|1627777560
|gametype|singles
|player|p1|venusaurusrex|102|1327
|player|p2|Splashinganteater|boarder|1297
|teamsize|p1|6
|teamsize|p2|6
|gen|8
|tier|[Gen 8] RU
|rated|
|rule|Sleep Clause Mod: Limit one foe put to sleep
|rule|Species Clause: Limit one of each Pokémon
|rule|OHKO Clause: OHKO moves are banned
|rule|Evasion Moves Clause: Evasion moves are banned
|rule|Endless Battle Clause: Forcing endless battles is banned
|rule|HP Percentage Mod: HP is shown in percentages
|rule|Dynamax Clause: You cannot dynamax
|clearpoke
|poke|p1|Incineroar, F|
|poke|p1|Crobat, M|
|poke|p1|Xurkitree|
|poke|p1|Mienshao, M|
|poke|p1|Steelix, M|
|poke|p1|Milotic, F|
|poke|p2|Sylveon, F|
|poke|p2|Milotic, F|
|poke|p2|Steelix, M|
|poke|p2|Virizion|
|poke|p2|Incineroar, M|
|poke|p2|Noivern, M|
|teampreview
|
|t:|1627777581
|start
|switch|p1a: Milotic|Milotic, F|100/100
|switch|p2a: Milotic|Milotic, F|100/100
|turn|1
|
|t:|1627777589
|move|p2a: Milotic|Toxic|p1a: Milotic
|-status|p1a: Milotic|tox
|move|p1a: Milotic|Toxic|p2a: Milotic
|-status|p2a: Milotic|tox
|
|-damage|p1a: Milotic|94/100 tox|[from] psn
|-damage|p2a: Milotic|94/100 tox|[from] psn
|upkeep
|turn|2
|
|t:|1627777595
|move|p1a: Milotic|Scald|p2a: Milotic
|-resisted|p2a: Milotic
|-damage|p2a: Milotic|84/100 tox
|move|p2a: Milotic|Flip Turn|p1a: Milotic
|-resisted|p1a: Milotic
|-damage|p1a: Milotic|91/100 tox
|
|t:|1627777622
|switch|p2a: Virizion|Virizion, shiny|100/100|[from]move: Flip Turn
|
|-heal|p1a: Milotic|97/100 tox|[from] item: Leftovers
|-damage|p1a: Milotic|85/100 tox|[from] psn
|upkeep
|turn|3
|
|t:|1627777632
|switch|p1a: Crobat|Crobat, M|100/100
|move|p2a: Virizion|Stone Edge|p1a: Crobat
|-supereffective|p1a: Crobat
|-damage|p1a: Crobat|23/100
|
|upkeep
|turn|4
|
|t:|1627777638
|switch|p2a: Steelix|Steelix, M|100/100
|move|p1a: Crobat|Roost|p1a: Crobat
|-heal|p1a: Crobat|73/100
|-singleturn|p1a: Crobat|move: Roost
|
|upkeep
|turn|5
|
|t:|1627777644
|move|p1a: Crobat|U-turn|p2a: Steelix
|-resisted|p2a: Steelix
|-damage|p2a: Steelix|96/100
|
|t:|1627777647
|switch|p1a: Mienshao|Mienshao, M|100/100|[from]move: U-turn
|move|p2a: Steelix|Stealth Rock|p1a: Mienshao
|-sidestart|p1: venusaurusrex|move: Stealth Rock
|
|-heal|p2a: Steelix|100/100|[from] item: Leftovers
|upkeep
|turn|6
|inactive|Battle timer is ON: inactive players will automatically lose when time's up. (requested by venusaurusrex)
|
|t:|1627777688
|switch|p2a: Sylveon|Sylveon, F, shiny|100/100
|move|p1a: Mienshao|Knock Off|p2a: Sylveon
|-resisted|p2a: Sylveon
|-damage|p2a: Sylveon|84/100
|-enditem|p2a: Sylveon|Leftovers|[from] move: Knock Off|[of] p1a: Mienshao
|-damage|p1a: Mienshao|91/100|[from] item: Life Orb
|
|upkeep
|turn|7
|
|t:|1627777700
|move|p1a: Mienshao|U-turn|p2a: Sylveon
|-resisted|p2a: Sylveon
|-damage|p2a: Sylveon|72/100
|-damage|p1a: Mienshao|81/100|[from] item: Life Orb
|
|t:|1627777706
|switch|p1a: Crobat|Crobat, M|73/100|[from]move: U-turn
|move|p2a: Sylveon|Heal Bell|p2a: Sylveon
|-activate|p2a: Sylveon|move: Heal Bell
|-curestatus|p2: Milotic|tox|[msg]
|
|upkeep
|turn|8
|
|t:|1627777723
|switch|p2a: Steelix|Steelix, M|100/100
|move|p1a: Crobat|Defog|p2a: Steelix
|-unboost|p2a: Steelix|evasion|1
|-sideend|p1: venusaurusrex|Stealth Rock|[from] move: Defog|[of] p1a: Crobat
|
|upkeep
|turn|9
|
|t:|1627777729
|move|p1a: Crobat|U-turn|p2a: Steelix
|-resisted|p2a: Steelix
|-crit|p2a: Steelix
|-damage|p2a: Steelix|93/100
|
|t:|1627777732
|switch|p1a: Mienshao|Mienshao, M|100/100|[from]move: U-turn
|move|p2a: Steelix|Stealth Rock|p1a: Mienshao
|-sidestart|p1: venusaurusrex|move: Stealth Rock
|
|-heal|p2a: Steelix|99/100|[from] item: Leftovers
|upkeep
|turn|10
|
|t:|1627777739
|switch|p2a: Noivern|Noivern, M|100/100
|move|p1a: Mienshao|Close Combat|p2a: Noivern
|-resisted|p2a: Noivern
|-damage|p2a: Noivern|47/100
|-unboost|p1a: Mienshao|def|1
|-unboost|p1a: Mienshao|spd|1
|-damage|p1a: Mienshao|91/100|[from] item: Life Orb
|
|upkeep
|turn|11
|
|t:|1627777753
|switch|p1a: Steelix|Steelix, M|100/100
|-damage|p1a: Steelix|97/100|[from] Stealth Rock
|move|p2a: Noivern|Roost|p2a: Noivern
|-heal|p2a: Noivern|98/100
|-singleturn|p2a: Noivern|move: Roost
|
|-heal|p1a: Steelix|100/100|[from] item: Leftovers
|upkeep
|turn|12
|
|t:|1627777756
|move|p2a: Noivern|Flamethrower|p1a: Steelix
|-supereffective|p1a: Steelix
|-damage|p1a: Steelix|55/100
|move|p1a: Steelix|Stealth Rock|p2a: Noivern
|-sidestart|p2: Splashinganteater|move: Stealth Rock
|
|-heal|p1a: Steelix|61/100|[from] item: Leftovers
|upkeep
|turn|13
|
|t:|1627777761
|switch|p1a: Milotic|Milotic, F|85/100 tox
|-damage|p1a: Milotic|73/100 tox|[from] Stealth Rock
|move|p2a: Noivern|Flamethrower|p1a: Milotic
|-resisted|p1a: Milotic
|-damage|p1a: Milotic|63/100 tox
|
|-heal|p1a: Milotic|69/100 tox|[from] item: Leftovers
|-damage|p1a: Milotic|63/100 tox|[from] psn
|upkeep
|turn|14
|
|t:|1627777766
|switch|p2a: Virizion|Virizion, shiny|100/100
|-damage|p2a: Virizion|94/100|[from] Stealth Rock
|move|p1a: Milotic|Toxic|p2a: Virizion
|-status|p2a: Virizion|tox
|
|-heal|p2a: Virizion|100/100 tox|[from] item: Leftovers
|-heal|p1a: Milotic|69/100 tox|[from] item: Leftovers
|-damage|p2a: Virizion|94/100 tox|[from] psn
|-damage|p1a: Milotic|57/100 tox|[from] psn
|upkeep
|turn|15
|
|t:|1627777772
|switch|p1a: Crobat|Crobat, M|73/100
|move|p2a: Virizion|Stone Edge|p1a: Crobat
|-supereffective|p1a: Crobat
|-damage|p1a: Crobat|0 fnt
|faint|p1a: Crobat
|
|-heal|p2a: Virizion|100/100 tox|[from] item: Leftovers
|-damage|p2a: Virizion|88/100 tox|[from] psn
|upkeep
|
|t:|1627777776
|switch|p1a: Mienshao|Mienshao, M|100/100
|-damage|p1a: Mienshao|95/100|[from] Stealth Rock
|turn|16
|
|t:|1627777792
|switch|p2a: Sylveon|Sylveon, F, shiny|72/100
|-damage|p2a: Sylveon|59/100|[from] Stealth Rock
|move|p1a: Mienshao|Stone Edge|p2a: Sylveon
|-damage|p2a: Sylveon|23/100
|-damage|p1a: Mienshao|85/100|[from] item: Life Orb
|
|upkeep
|turn|17
|
|t:|1627777802
|move|p1a: Mienshao|Stone Edge|p2a: Sylveon
|-damage|p2a: Sylveon|0 fnt
|faint|p2a: Sylveon
|-damage|p1a: Mienshao|75/100|[from] item: Life Orb
|
|upkeep
|
|t:|1627777804
|switch|p2a: Virizion|Virizion, shiny|88/100 tox
|-damage|p2a: Virizion|82/100 tox|[from] Stealth Rock
|turn|18
|
|t:|1627777811
|move|p2a: Virizion|Close Combat|p1a: Mienshao
|-damage|p1a: Mienshao|0 fnt
|-unboost|p2a: Virizion|def|1
|-unboost|p2a: Virizion|spd|1
|faint|p1a: Mienshao
|
|-heal|p2a: Virizion|88/100 tox|[from] item: Leftovers
|-damage|p2a: Virizion|82/100 tox|[from] psn
|upkeep
|
|t:|1627777817
|switch|p1a: Milotic|Milotic, F|57/100 tox
|-damage|p1a: Milotic|44/100 tox|[from] Stealth Rock
|turn|19
|
|t:|1627777830
|move|p2a: Virizion|Leaf Blade|p1a: Milotic
|-supereffective|p1a: Milotic
|-damage|p1a: Milotic|8/100 tox
|move|p1a: Milotic|Recover|p1a: Milotic
|-heal|p1a: Milotic|58/100 tox
|
|-heal|p2a: Virizion|88/100 tox|[from] item: Leftovers
|-heal|p1a: Milotic|64/100 tox|[from] item: Leftovers
|-damage|p2a: Virizion|76/100 tox|[from] psn
|-damage|p1a: Milotic|58/100 tox|[from] psn
|upkeep
|turn|20
|
|t:|1627777841
|move|p2a: Virizion|Swords Dance|p2a: Virizion
|-boost|p2a: Virizion|atk|2
|move|p1a: Milotic|Recover|p1a: Milotic
|-heal|p1a: Milotic|100/100 tox
|
|-heal|p2a: Virizion|82/100 tox|[from] item: Leftovers
|-damage|p2a: Virizion|63/100 tox|[from] psn
|-damage|p1a: Milotic|88/100 tox|[from] psn
|upkeep
|turn|21
|
|t:|1627777845
|move|p2a: Virizion|Leaf Blade|p1a: Milotic
|-supereffective|p1a: Milotic
|-damage|p1a: Milotic|20/100 tox
|move|p1a: Milotic|Haze|p1a: Milotic
|-clearallboost
|
|-heal|p2a: Virizion|70/100 tox|[from] item: Leftovers
|-heal|p1a: Milotic|26/100 tox|[from] item: Leftovers
|-damage|p2a: Virizion|45/100 tox|[from] psn
|-damage|p1a: Milotic|8/100 tox|[from] psn
|upkeep
|turn|22
|
|t:|1627777851
|move|p2a: Virizion|Leaf Blade|p1a: Milotic
|-supereffective|p1a: Milotic
|-damage|p1a: Milotic|0 fnt
|faint|p1a: Milotic
|
|-heal|p2a: Virizion|51/100 tox|[from] item: Leftovers
|-damage|p2a: Virizion|20/100 tox|[from] psn
|upkeep
|
|t:|1627777856
|switch|p1a: Xurkitree|Xurkitree|100/100
|-damage|p1a: Xurkitree|88/100|[from] Stealth Rock
|turn|23
|
|t:|1627777860
|switch|p2a: Steelix|Steelix, M|99/100
|-damage|p2a: Steelix|96/100|[from] Stealth Rock
|move|p1a: Xurkitree|Dazzling Gleam|p2a: Steelix
|-resisted|p2a: Steelix
|-damage|p2a: Steelix|79/100
|
|-heal|p2a: Steelix|85/100|[from] item: Leftovers
|upkeep
|turn|24
|
|t:|1627777867
|switch|p1a: Steelix|Steelix, M|61/100
|-damage|p1a: Steelix|58/100|[from] Stealth Rock
|move|p2a: Steelix|Earthquake|p1a: Steelix
|-supereffective|p1a: Steelix
|-damage|p1a: Steelix|27/100
|
|-heal|p1a: Steelix|34/100|[from] item: Leftovers
|-heal|p2a: Steelix|91/100|[from] item: Leftovers
|upkeep
|turn|25
|
|t:|1627777874
|switch|p2a: Noivern|Noivern, M|98/100
|move|p1a: Steelix|Earthquake|p2a: Noivern
|-immune|p2a: Noivern
|
|-heal|p1a: Steelix|40/100|[from] item: Leftovers
|upkeep
|turn|26
|
|t:|1627777879
|switch|p1a: Incineroar|Incineroar, F|100/100
|-ability|p1a: Incineroar|Intimidate|boost
|-unboost|p2a: Noivern|atk|1
|move|p2a: Noivern|Flamethrower|p1a: Incineroar
|-resisted|p1a: Incineroar
|-damage|p1a: Incineroar|93/100
|
|upkeep
|turn|27
|
|t:|1627777886
|switch|p2a: Incineroar|Incineroar, M|100/100
|-ability|p2a: Incineroar|Intimidate|boost
|-unboost|p1a: Incineroar|atk|1
|move|p1a: Incineroar|Swords Dance|p1a: Incineroar
|-boost|p1a: Incineroar|atk|2
|
|upkeep
|turn|28
|
|t:|1627777891
|move|p2a: Incineroar|Knock Off|p1a: Incineroar
|-resisted|p1a: Incineroar
|-damage|p1a: Incineroar|74/100
|-enditem|p1a: Incineroar|Heavy-Duty Boots|[from] move: Knock Off|[of] p2a: Incineroar
|move|p1a: Incineroar|Knock Off|p2a: Incineroar
|-resisted|p2a: Incineroar
|-damage|p2a: Incineroar|75/100
|-enditem|p2a: Incineroar|Heavy-Duty Boots|[from] move: Knock Off|[of] p1a: Incineroar
|
|upkeep
|turn|29
|
|t:|1627777898
|move|p2a: Incineroar|U-turn|p1a: Incineroar
|-damage|p1a: Incineroar|58/100
|
|t:|1627777901
|switch|p2a: Milotic|Milotic, F|84/100|[from]move: U-turn
|-damage|p2a: Milotic|72/100|[from] Stealth Rock
|move|p1a: Incineroar|Knock Off|p2a: Milotic
|-damage|p2a: Milotic|28/100
|-enditem|p2a: Milotic|Leftovers|[from] move: Knock Off|[of] p1a: Incineroar
|
|upkeep
|turn|30
|
|t:|1627777907
|move|p2a: Milotic|Recover|p2a: Milotic
|-heal|p2a: Milotic|78/100
|move|p1a: Incineroar|Knock Off|p2a: Milotic
|-damage|p2a: Milotic|51/100
|
|upkeep
|turn|31
|
|t:|1627777910
|switch|p1a: Xurkitree|Xurkitree|88/100
|-damage|p1a: Xurkitree|76/100|[from] Stealth Rock
|move|p2a: Milotic|Scald|p1a: Xurkitree
|-damage|p1a: Xurkitree|33/100
|-status|p1a: Xurkitree|brn
|
|-damage|p1a: Xurkitree|27/100 brn|[from] brn
|upkeep
|turn|32
|
|t:|1627777919
|switch|p2a: Noivern|Noivern, M|98/100
|move|p1a: Xurkitree|Energy Ball|p2a: Noivern
|-resisted|p2a: Noivern
|-damage|p2a: Noivern|84/100
|
|-damage|p1a: Xurkitree|21/100 brn|[from] brn
|upkeep
|turn|33
|-message|venusaurusrex forfeited.
|
|win|Splashinganteater
|raw|venusaurusrex's rating: 1327 &rarr; <strong>1305</strong><br />(-22 for losing)
|raw|Splashinganteater's rating: 1297 &rarr; <strong>1324</strong><br />(+27 for winning)
|l|☆venusaurusrex
