|j|☆hjkhj
|j|☆guille14
|t:|1667765721
|gametype|singles
|player|p1|hjkhj|170|
|player|p2|guille14|gambler|
|teamsize|p1|6
|teamsize|p2|6
|gen|8
|tier|[Gen 8] RU
|rule|Sleep Clause Mod: Limit one foe put to sleep
|rule|Species Clause: Limit one of each Pokémon
|rule|OHKO Clause: OHKO moves are banned
|rule|Evasion Items Clause: Evasion items are banned
|rule|Evasion Moves Clause: Evasion moves are banned
|rule|Endless Battle Clause: Forcing endless battles is banned
|rule|HP Percentage Mod: HP is shown in percentages
|rule|Dynamax Clause: You cannot dynamax
|clearpoke
|poke|p1|Audino, F|
|poke|p1|Milotic, M|
|poke|p1|Articuno|
|poke|p1|Crobat, F|
|poke|p1|Weezing-Galar, M|
|poke|p1|Registeel|
|poke|p2|Crobat, F|
|poke|p2|Jellicent, M|
|poke|p2|Stakataka|
|poke|p2|Quagsire, F|
|poke|p2|Drapion, F|
|poke|p2|Sylveon, F|
|teampreview
|inactive|Battle timer is ON: inactive players will automatically lose when time's up. (requested by hjkhj)
|c|☆guille14|hf
|c|☆hjkhj|u2
|j| BigFatMantis
|c|☆guille14|/log guille14 made this room public.
|inactive|hjkhj has 270 seconds left.
|inactive|guille14 has 270 seconds left.
|j| btboy
|inactive|guille14 has 240 seconds left.
|j| Pampu Lord
|j| baLOOR
|j| entrocefalo
|
|t:|1667765801
|start
|switch|p1a: Weezing|Weezing-Galar, M|100/100
|switch|p2a: Drapion|Drapion, F|100/100
|-ability|p1a: Weezing|Neutralizing Gas
|turn|1
|j| Ninja
|
|t:|1667765809
|move|p2a: Drapion|Knock Off|p1a: Weezing
|-resisted|p1a: Weezing
|-crit|p1a: Weezing
|-damage|p1a: Weezing|84/100
|-damage|p2a: Drapion|84/100|[from] item: Rocky Helmet|[of] p1a: Weezing
|-enditem|p1a: Weezing|Rocky Helmet|[from] move: Knock Off|[of] p2a: Drapion
|move|p1a: Weezing|Strange Steam|p2a: Drapion
|-damage|p2a: Drapion|49/100
|
|-heal|p2a: Drapion|55/100|[from] item: Black Sludge
|upkeep
|turn|2
|j| sasha n_n
|j| KeldeoCrowned
|
|t:|1667765823
|switch|p2a: Crobat|Crobat, F|100/100
|move|p1a: Weezing|Corrosive Gas|p2a: Crobat
|-enditem|p2a: Crobat|Heavy-Duty Boots|[from] move: Corrosive Gas|[of] p1a: Weezing
|
|upkeep
|turn|3
|j| haxlolo
|j| amir
|
|t:|1667765838
|-end|p1a: Weezing|ability: Neutralizing Gas
|switch|p1a: Articuno|Articuno|100/100
|-ability|p1a: Articuno|Pressure
|move|p2a: Crobat|Hurricane|p1a: Articuno
|-damage|p1a: Articuno|75/100
|-start|p1a: Articuno|confusion
|
|upkeep
|turn|4
|j| pokeslice
|j| Ikaishi
|j| Olios
|
|t:|1667765850
|switch|p2a: Stakataka|Stakataka|100/100
|-activate|p1a: Articuno|confusion
|move|p1a: Articuno|Freeze-Dry|p2a: Stakataka
|-resisted|p2a: Stakataka
|-damage|p2a: Stakataka|92/100
|
|-heal|p2a: Stakataka|98/100|[from] item: Leftovers
|upkeep
|turn|5
|j| 3d
|c| amir|Did you know Quagsire's ability unaware is amazing
|c| KeldeoCrowned|God, Homeland, Family and Freedom
|j| Dunoks
|c| 3d|which ones us
|c| KeldeoCrowned|guille
|j| TREMO MENTRE CANTO
|c| amir|Quagsire
|l| pokeslice
|c| KeldeoCrowned|quagsire.
|l| Pampu Lord
|c| 3d|the game is over
|c| 3d|quag 6-0s
|
|t:|1667765879
|switch|p1a: Registeel|Registeel|100/100
|move|p2a: Stakataka|Stealth Rock|p1a: Registeel
|-sidestart|p1: hjkhj|move: Stealth Rock
|
|-heal|p2a: Stakataka|100/100|[from] item: Leftovers
|upkeep
|turn|6
|c| 3d|gg
|c| KeldeoCrowned|nao zika porra
|l| sasha n_n
|
|t:|1667765892
|switch|p2a: Drapion|Drapion, F|55/100
|move|p1a: Registeel|Stealth Rock|p2a: Drapion
|-sidestart|p2: guille14|move: Stealth Rock
|
|-heal|p2a: Drapion|61/100|[from] item: Black Sludge
|upkeep
|turn|7
|j| Dazzling OLK❤
|
|t:|1667765896
|switch|p1a: Weezing|Weezing-Galar, M|84/100
|-ability|p1a: Weezing|Neutralizing Gas
|-damage|p1a: Weezing|72/100|[from] Stealth Rock
|move|p2a: Drapion|Knock Off|p1a: Weezing
|-resisted|p1a: Weezing
|-crit|p1a: Weezing
|-damage|p1a: Weezing|62/100
|
|-heal|p2a: Drapion|67/100|[from] item: Black Sludge
|upkeep
|turn|8
|j| beto cachinhos†
|c| beto cachinhos†|KeldeoCrowned ganhe este caralho
|l| Dunoks
|l| entrocefalo
|c| KeldeoCrowned|EU ESPERO!
|c| KeldeoCrowned|VAMOS PORRA
|inactive|guille14 has 270 seconds left.
|c| KeldeoCrowned|beto
|c| KeldeoCrowned|se a gente ganhar esse
|j| Beraldinhoo
|j| lighthouses
|c| KeldeoCrowned|a week é nossa
|c| baLOOR|theo modchat if u wanna keep your sanity
|l| Beraldinhoo
|c| Dazzling OLK❤|modcgat
|c| amir|No modchat
|c| KeldeoCrowned|modchat guille
|c| KeldeoCrowned|pls
|c| amir|Only tears of opponent
|raw|<div class="broadcast-red"><strong>Moderated chat was set to +!</strong><br />Only users of rank + and higher can talk.</div>
|inactive|guille14 has 240 seconds left.
|
|t:|1667765957
|switch|p2a: Stakataka|Stakataka|100/100
|-damage|p2a: Stakataka|94/100|[from] Stealth Rock
|move|p1a: Weezing|Corrosive Gas|p2a: Stakataka
|-enditem|p2a: Stakataka|Leftovers|[from] move: Corrosive Gas|[of] p1a: Weezing
|
|upkeep
|turn|9
|inactive|guille14 has 240 seconds left.
|
|t:|1667765969
|-end|p1a: Weezing|ability: Neutralizing Gas
|switch|p1a: Milotic|Milotic, M|100/100
|move|p2a: Stakataka|Gyro Ball|p1a: Milotic
|-resisted|p1a: Milotic
|-damage|p1a: Milotic|73/100
|
|upkeep
|turn|10
|
|t:|1667765978
|switch|p2a: Jellicent|Jellicent, M|100/100
|-damage|p2a: Jellicent|88/100|[from] Stealth Rock
|move|p1a: Milotic|Scald|p2a: Jellicent
|-heal|p2a: Jellicent|100/100|[from] ability: Water Absorb|[of] p1a: Milotic
|
|upkeep
|turn|11
|
|t:|1667765982
|move|p2a: Jellicent|Taunt|p1a: Milotic
|-start|p1a: Milotic|move: Taunt
|cant|p1a: Milotic|move: Taunt|Toxic
|
|upkeep
|turn|12
|
|t:|1667765986
|switch|p1a: Articuno|Articuno|75/100
|-ability|p1a: Articuno|Pressure
|move|p2a: Jellicent|Will-O-Wisp|p1a: Articuno
|-status|p1a: Articuno|brn
|
|-damage|p1a: Articuno|69/100 brn|[from] brn
|upkeep
|turn|13
|inactive|guille14 has 270 seconds left.
|
|t:|1667765991
|move|p1a: Articuno|Roost|p1a: Articuno
|-heal|p1a: Articuno|100/100 brn
|-singleturn|p1a: Articuno|move: Roost
|move|p2a: Jellicent|Hex|p1a: Articuno
|-damage|p1a: Articuno|73/100 brn
|
|-damage|p1a: Articuno|67/100 brn|[from] brn
|upkeep
|turn|14
|
|t:|1667765994
|move|p1a: Articuno|Freeze-Dry|p2a: Jellicent
|-supereffective|p2a: Jellicent
|-damage|p2a: Jellicent|59/100
|move|p2a: Jellicent|Taunt|p1a: Articuno
|-start|p1a: Articuno|move: Taunt
|
|-damage|p1a: Articuno|61/100 brn|[from] brn
|upkeep
|turn|15
|
|t:|1667766009
|switch|p2a: Sylveon|Sylveon, F|100/100
|-damage|p2a: Sylveon|88/100|[from] Stealth Rock
|move|p1a: Articuno|Freeze-Dry|p2a: Sylveon
|-damage|p2a: Sylveon|71/100
|-status|p2a: Sylveon|frz
|
|-heal|p2a: Sylveon|77/100 frz|[from] item: Leftovers
|-damage|p1a: Articuno|55/100 brn|[from] brn
|upkeep
|turn|16
|
|t:|1667766011
|move|p1a: Articuno|Freeze-Dry|p2a: Sylveon
|-crit|p2a: Sylveon
|-damage|p2a: Sylveon|51/100 frz
|cant|p2a: Sylveon|frz
|
|-heal|p2a: Sylveon|57/100 frz|[from] item: Leftovers
|-damage|p1a: Articuno|49/100 brn|[from] brn
|upkeep
|turn|17
|
|t:|1667766015
|switch|p2a: Stakataka|Stakataka|94/100
|-damage|p2a: Stakataka|88/100|[from] Stealth Rock
|move|p1a: Articuno|Freeze-Dry|p2a: Stakataka
|-resisted|p2a: Stakataka
|-damage|p2a: Stakataka|80/100
|
|-damage|p1a: Articuno|43/100 brn|[from] brn
|-end|p1a: Articuno|move: Taunt
|upkeep
|turn|18
|
|t:|1667766020
|switch|p1a: Milotic|Milotic, M|73/100
|move|p2a: Stakataka|Gyro Ball|p1a: Milotic
|-resisted|p1a: Milotic
|-damage|p1a: Milotic|48/100
|
|upkeep
|turn|19
|j|+heroictobias
|
|t:|1667766023
|move|p1a: Milotic|Recover|p1a: Milotic
|-heal|p1a: Milotic|98/100
|move|p2a: Stakataka|Toxic|p1a: Milotic
|-status|p1a: Milotic|tox
|
|-damage|p1a: Milotic|92/100 tox|[from] psn
|upkeep
|turn|20
|
|t:|1667766031
|switch|p2a: Crobat|Crobat, F|100/100
|-damage|p2a: Crobat|76/100|[from] Stealth Rock
|move|p1a: Milotic|Toxic|p2a: Crobat
|-immune|p2a: Crobat
|
|-damage|p1a: Milotic|80/100 tox|[from] psn
|upkeep
|turn|21
|
|t:|1667766045
|switch|p1a: Registeel|Registeel|100/100
|-damage|p1a: Registeel|94/100|[from] Stealth Rock
|move|p2a: Crobat|Nasty Plot|p2a: Crobat
|-boost|p2a: Crobat|spa|2
|
|-heal|p1a: Registeel|100/100|[from] item: Leftovers
|upkeep
|turn|22
|
|t:|1667766049
|move|p2a: Crobat|Taunt|p1a: Registeel
|-start|p1a: Registeel|move: Taunt
|move|p1a: Registeel|Seismic Toss|p2a: Crobat
|-damage|p2a: Crobat|48/100
|
|upkeep
|turn|23
|
|t:|1667766052
|move|p2a: Crobat|Roost|p2a: Crobat
|-heal|p2a: Crobat|98/100
|-singleturn|p2a: Crobat|move: Roost
|move|p1a: Registeel|Seismic Toss|p2a: Crobat
|-damage|p2a: Crobat|70/100
|
|upkeep
|turn|24
|
|t:|1667766062
|switch|p2a: Jellicent|Jellicent, M|59/100
|-damage|p2a: Jellicent|46/100|[from] Stealth Rock
|move|p1a: Registeel|Seismic Toss|p2a: Jellicent
|-immune|p2a: Jellicent
|
|-end|p1a: Registeel|move: Taunt
|upkeep
|turn|25
|
|t:|1667766086
|move|p2a: Jellicent|Taunt|p1a: Registeel
|-start|p1a: Registeel|move: Taunt
|cant|p1a: Registeel|move: Taunt|Toxic
|
|upkeep
|turn|26
|
|t:|1667766104
|switch|p1a: Articuno|Articuno|43/100 brn
|-ability|p1a: Articuno|Pressure
|move|p2a: Jellicent|Recover|p2a: Jellicent
|-heal|p2a: Jellicent|97/100
|
|-damage|p1a: Articuno|37/100 brn|[from] brn
|upkeep
|turn|27
|
|t:|1667766113
|switch|p2a: Drapion|Drapion, F|67/100
|-damage|p2a: Drapion|55/100|[from] Stealth Rock
|move|p1a: Articuno|Roost|p1a: Articuno
|-heal|p1a: Articuno|87/100 brn
|-singleturn|p1a: Articuno|move: Roost
|
|-heal|p2a: Drapion|61/100|[from] item: Black Sludge
|-damage|p1a: Articuno|81/100 brn|[from] brn
|upkeep
|turn|28
|
|t:|1667766117
|switch|p1a: Weezing|Weezing-Galar, M|62/100
|-ability|p1a: Weezing|Neutralizing Gas
|-damage|p1a: Weezing|50/100|[from] Stealth Rock
|move|p2a: Drapion|Knock Off|p1a: Weezing
|-resisted|p1a: Weezing
|-damage|p1a: Weezing|43/100
|
|-heal|p2a: Drapion|67/100|[from] item: Black Sludge
|upkeep
|turn|29
|
|t:|1667766124
|move|p2a: Drapion|Protect|p2a: Drapion
|-singleturn|p2a: Drapion|Protect
|move|p1a: Weezing|Rest|p1a: Weezing
|-status|p1a: Weezing|slp|[from] move: Rest
|-heal|p1a: Weezing|100/100 slp|[silent]
|
|-heal|p2a: Drapion|73/100|[from] item: Black Sludge
|upkeep
|turn|30
|
|t:|1667766139
|switch|p2a: Crobat|Crobat, F|70/100
|-damage|p2a: Crobat|45/100|[from] Stealth Rock
|cant|p1a: Weezing|slp
|
|upkeep
|turn|31
|
|t:|1667766141
|-end|p1a: Weezing|ability: Neutralizing Gas
|switch|p1a: Registeel|Registeel|100/100
|-damage|p1a: Registeel|94/100|[from] Stealth Rock
|move|p2a: Crobat|Roost|p2a: Crobat
|-heal|p2a: Crobat|95/100
|-singleturn|p2a: Crobat|move: Roost
|
|-heal|p1a: Registeel|100/100|[from] item: Leftovers
|upkeep
|turn|32
|
|t:|1667766151
|move|p2a: Crobat|Taunt|p1a: Registeel
|-start|p1a: Registeel|move: Taunt
|move|p1a: Registeel|Seismic Toss|p2a: Crobat
|-damage|p2a: Crobat|67/100
|
|upkeep
|turn|33
|
|t:|1667766154
|move|p2a: Crobat|Nasty Plot|p2a: Crobat
|-boost|p2a: Crobat|spa|2
|move|p1a: Registeel|Seismic Toss|p2a: Crobat
|-damage|p2a: Crobat|39/100
|
|upkeep
|turn|34
|
|t:|1667766157
|move|p2a: Crobat|Roost|p2a: Crobat
|-heal|p2a: Crobat|89/100
|-singleturn|p2a: Crobat|move: Roost
|move|p1a: Registeel|Seismic Toss|p2a: Crobat
|-damage|p2a: Crobat|61/100
|
|-end|p1a: Registeel|move: Taunt
|upkeep
|turn|35
|
|t:|1667766172
|move|p2a: Crobat|Nasty Plot|p2a: Crobat
|-boost|p2a: Crobat|spa|2
|move|p1a: Registeel|Seismic Toss|p2a: Crobat
|-damage|p2a: Crobat|33/100
|
|upkeep
|turn|36
|
|t:|1667766174
|move|p2a: Crobat|Roost|p2a: Crobat
|-heal|p2a: Crobat|83/100
|-singleturn|p2a: Crobat|move: Roost
|move|p1a: Registeel|Seismic Toss|p2a: Crobat
|-damage|p2a: Crobat|55/100
|
|upkeep
|turn|37
|
|t:|1667766177
|move|p2a: Crobat|Roost|p2a: Crobat
|-heal|p2a: Crobat|100/100
|-singleturn|p2a: Crobat|move: Roost
|move|p1a: Registeel|Seismic Toss|p2a: Crobat
|-damage|p2a: Crobat|72/100
|
|upkeep
|turn|38
|
|t:|1667766180
|move|p2a: Crobat|Nasty Plot|p2a: Crobat
|-boost|p2a: Crobat|spa|2
|move|p1a: Registeel|Seismic Toss|p2a: Crobat
|-damage|p2a: Crobat|44/100
|
|upkeep
|turn|39
|
|t:|1667766182
|move|p2a: Crobat|Roost|p2a: Crobat
|-heal|p2a: Crobat|95/100
|-singleturn|p2a: Crobat|move: Roost
|move|p1a: Registeel|Seismic Toss|p2a: Crobat
|-damage|p2a: Crobat|67/100
|
|upkeep
|turn|40
|
|t:|1667766184
|move|p2a: Crobat|Hurricane|p1a: Registeel
|-resisted|p1a: Registeel
|-damage|p1a: Registeel|67/100
|move|p1a: Registeel|Seismic Toss|p2a: Crobat
|-damage|p2a: Crobat|39/100
|
|-heal|p1a: Registeel|73/100|[from] item: Leftovers
|upkeep
|turn|41
|
|t:|1667766191
|move|p2a: Crobat|Roost|p2a: Crobat
|-heal|p2a: Crobat|89/100
|-singleturn|p2a: Crobat|move: Roost
|move|p1a: Registeel|Seismic Toss|p2a: Crobat
|-damage|p2a: Crobat|61/100
|
|-heal|p1a: Registeel|79/100|[from] item: Leftovers
|upkeep
|turn|42
|
|t:|1667766194
|move|p2a: Crobat|Hurricane|p1a: Registeel
|-resisted|p1a: Registeel
|-damage|p1a: Registeel|48/100
|-start|p1a: Registeel|confusion
|-activate|p1a: Registeel|confusion
|move|p1a: Registeel|Seismic Toss|p2a: Crobat
|-damage|p2a: Crobat|33/100
|
|-heal|p1a: Registeel|54/100|[from] item: Leftovers
|upkeep
|turn|43
|
|t:|1667766204
|move|p2a: Crobat|Taunt|p1a: Registeel
|-start|p1a: Registeel|move: Taunt
|-end|p1a: Registeel|confusion
|move|p1a: Registeel|Seismic Toss|p2a: Crobat
|-damage|p2a: Crobat|5/100
|
|-heal|p1a: Registeel|61/100|[from] item: Leftovers
|upkeep
|turn|44
|
|t:|1667766206
|move|p2a: Crobat|Roost|p2a: Crobat
|-heal|p2a: Crobat|55/100
|-singleturn|p2a: Crobat|move: Roost
|move|p1a: Registeel|Seismic Toss|p2a: Crobat
|-damage|p2a: Crobat|27/100
|
|-heal|p1a: Registeel|67/100|[from] item: Leftovers
|upkeep
|turn|45
|
|t:|1667766208
|move|p2a: Crobat|Roost|p2a: Crobat
|-heal|p2a: Crobat|77/100
|-singleturn|p2a: Crobat|move: Roost
|move|p1a: Registeel|Seismic Toss|p2a: Crobat
|-damage|p2a: Crobat|49/100
|
|-heal|p1a: Registeel|73/100|[from] item: Leftovers
|-end|p1a: Registeel|move: Taunt
|upkeep
|turn|46
|
|t:|1667766212
|move|p2a: Crobat|Hurricane|p1a: Registeel|[miss]
|-miss|p2a: Crobat|p1a: Registeel
|move|p1a: Registeel|Seismic Toss|p2a: Crobat
|-damage|p2a: Crobat|21/100
|
|-heal|p1a: Registeel|79/100|[from] item: Leftovers
|upkeep
|turn|47
|
|t:|1667766217
|move|p2a: Crobat|Roost|p2a: Crobat
|-heal|p2a: Crobat|71/100
|-singleturn|p2a: Crobat|move: Roost
|move|p1a: Registeel|Seismic Toss|p2a: Crobat
|-damage|p2a: Crobat|43/100
|
|-heal|p1a: Registeel|85/100|[from] item: Leftovers
|upkeep
|turn|48
|
|t:|1667766223
|switch|p2a: Jellicent|Jellicent, M|97/100
|-damage|p2a: Jellicent|84/100|[from] Stealth Rock
|move|p1a: Registeel|Seismic Toss|p2a: Jellicent
|-immune|p2a: Jellicent
|
|-heal|p1a: Registeel|91/100|[from] item: Leftovers
|upkeep
|turn|49
|
|t:|1667766236
|move|p2a: Jellicent|Will-O-Wisp|p1a: Registeel
|-status|p1a: Registeel|brn
|move|p1a: Registeel|Toxic|p2a: Jellicent
|-status|p2a: Jellicent|tox
|
|-heal|p1a: Registeel|97/100 brn|[from] item: Leftovers
|-damage|p2a: Jellicent|78/100 tox|[from] psn
|-damage|p1a: Registeel|91/100 brn|[from] brn
|upkeep
|turn|50
|
|t:|1667766246
|switch|p2a: Drapion|Drapion, F|73/100
|-damage|p2a: Drapion|60/100|[from] Stealth Rock
|switch|p1a: Audino|Audino, F|100/100
|
|-heal|p2a: Drapion|66/100|[from] item: Black Sludge
|upkeep
|turn|51
|
|t:|1667766250
|move|p2a: Drapion|Knock Off|p1a: Audino
|-damage|p1a: Audino|69/100
|-enditem|p1a: Audino|Heavy-Duty Boots|[from] move: Knock Off|[of] p2a: Drapion
|move|p1a: Audino|Knock Off|p2a: Drapion
|-resisted|p2a: Drapion
|-damage|p2a: Drapion|62/100
|-enditem|p2a: Drapion|Black Sludge|[from] move: Knock Off|[of] p1a: Audino
|
|upkeep
|turn|52
|l|+heroictobias
|
|t:|1667766254
|move|p2a: Drapion|Taunt|p1a: Audino
|-start|p1a: Audino|move: Taunt
|cant|p1a: Audino|move: Taunt|Heal Bell
|
|upkeep
|turn|53
|inactive|guille14 has 270 seconds left.
|
|t:|1667766308
|switch|p2a: Sylveon|Sylveon, F|57/100 frz
|-damage|p2a: Sylveon|45/100 frz|[from] Stealth Rock
|move|p1a: Audino|Knock Off|p2a: Sylveon
|-resisted|p2a: Sylveon
|-damage|p2a: Sylveon|38/100 frz
|-enditem|p2a: Sylveon|Leftovers|[from] move: Knock Off|[of] p1a: Audino
|
|upkeep
|turn|54
|
|t:|1667766311
|cant|p2a: Sylveon|frz
|move|p1a: Audino|Knock Off|p2a: Sylveon
|-resisted|p2a: Sylveon
|-damage|p2a: Sylveon|35/100 frz
|
|-end|p1a: Audino|move: Taunt
|upkeep
|turn|55
|
|t:|1667766314
|cant|p2a: Sylveon|frz
|move|p1a: Audino|Heal Bell|p1a: Audino
|-activate|p1a: Audino|move: Heal Bell
|-curestatus|p1: Articuno|brn|[msg]
|-curestatus|p1: Milotic|tox|[msg]
|-curestatus|p1: Registeel|brn|[msg]
|-curestatus|p1: Weezing|slp|[msg]
|
|upkeep
|turn|56
|
|t:|1667766316
|switch|p1a: Registeel|Registeel|91/100
|-damage|p1a: Registeel|85/100|[from] Stealth Rock
|cant|p2a: Sylveon|frz
|
|-heal|p1a: Registeel|91/100|[from] item: Leftovers
|upkeep
|turn|57
|inactive|guille14 has 270 seconds left.
|inactive|guille14 has 240 seconds left.
|inactive|guille14 has 210 seconds left.
|inactive|guille14 has 180 seconds left.
|
|t:|1667766446
|cant|p2a: Sylveon|frz
|move|p1a: Registeel|Seismic Toss|p2a: Sylveon
|-damage|p2a: Sylveon|9/100 frz
|
|-heal|p1a: Registeel|97/100|[from] item: Leftovers
|upkeep
|turn|58
|inactive|guille14 has 150 seconds left.
|
|t:|1667766487
|-curestatus|p2a: Sylveon|frz|[msg]
|move|p2a: Sylveon|Wish|p2a: Sylveon
|move|p1a: Registeel|Seismic Toss|p2a: Sylveon
|-damage|p2a: Sylveon|0 fnt
|faint|p2a: Sylveon
|
|-heal|p1a: Registeel|100/100|[from] item: Leftovers
|upkeep
|inactive|guille14 has 120 seconds left.
|
|t:|1667766522
|switch|p2a: Crobat|Crobat, F|43/100
|-damage|p2a: Crobat|18/100|[from] Stealth Rock
|turn|59
|
|t:|1667766529
|switch|p1a: Articuno|Articuno|81/100
|-ability|p1a: Articuno|Pressure
|move|p2a: Crobat|Roost|p2a: Crobat
|-heal|p2a: Crobat|68/100
|-singleturn|p2a: Crobat|move: Roost
|
|-heal|p2a: Crobat|100/100|[from] move: Wish|[wisher] Sylveon
|upkeep
|turn|60
|
|t:|1667766531
|switch|p2a: Stakataka|Stakataka|80/100
|-damage|p2a: Stakataka|74/100|[from] Stealth Rock
|move|p1a: Articuno|Freeze-Dry|p2a: Stakataka
|-resisted|p2a: Stakataka
|-damage|p2a: Stakataka|65/100
|
|upkeep
|turn|61
|
|t:|1667766535
|switch|p1a: Milotic|Milotic, M|80/100
|move|p2a: Stakataka|Toxic|p1a: Milotic
|-status|p1a: Milotic|tox
|
|-damage|p1a: Milotic|74/100 tox|[from] psn
|upkeep
|turn|62
|
|t:|1667766545
|switch|p2a: Jellicent|Jellicent, M|78/100 tox
|-damage|p2a: Jellicent|66/100 tox|[from] Stealth Rock
|move|p1a: Milotic|Recover|p1a: Milotic
|-heal|p1a: Milotic|100/100 tox
|
|-damage|p2a: Jellicent|59/100 tox|[from] psn
|-damage|p1a: Milotic|88/100 tox|[from] psn
|upkeep
|turn|63
|
|t:|1667766551
|switch|p1a: Audino|Audino, F|100/100
|-damage|p1a: Audino|88/100|[from] Stealth Rock
|move|p2a: Jellicent|Recover|p2a: Jellicent
|-heal|p2a: Jellicent|100/100 tox
|
|-damage|p2a: Jellicent|88/100 tox|[from] psn
|upkeep
|turn|64
|
|t:|1667766557
|move|p1a: Audino|Protect|p1a: Audino
|-singleturn|p1a: Audino|Protect
|move|p2a: Jellicent|Taunt|p1a: Audino
|-activate|p1a: Audino|move: Protect
|
|-damage|p2a: Jellicent|69/100 tox|[from] psn
|upkeep
|turn|65
|
|t:|1667766561
|move|p2a: Jellicent|Taunt|p1a: Audino
|-start|p1a: Audino|move: Taunt
|move|p1a: Audino|Knock Off|p2a: Jellicent
|-supereffective|p2a: Jellicent
|-enditem|p2a: Jellicent|Colbur Berry|[eat]
|-enditem|p2a: Jellicent|Colbur Berry|[weaken]
|-damage|p2a: Jellicent|54/100 tox
|
|-damage|p2a: Jellicent|30/100 tox|[from] psn
|upkeep
|turn|66
|
|t:|1667766566
|move|p2a: Jellicent|Recover|p2a: Jellicent
|-heal|p2a: Jellicent|80/100 tox
|move|p1a: Audino|Knock Off|p2a: Jellicent
|-supereffective|p2a: Jellicent
|-damage|p2a: Jellicent|60/100 tox
|
|-damage|p2a: Jellicent|29/100 tox|[from] psn
|upkeep
|turn|67
|
|t:|1667766570
|switch|p2a: Stakataka|Stakataka|65/100
|-damage|p2a: Stakataka|59/100|[from] Stealth Rock
|move|p1a: Audino|Knock Off|p2a: Stakataka
|-damage|p2a: Stakataka|53/100
|
|-end|p1a: Audino|move: Taunt
|upkeep
|turn|68
|
|t:|1667766573
|switch|p1a: Milotic|Milotic, M|88/100 tox
|move|p2a: Stakataka|Body Press|p1a: Milotic
|-damage|p1a: Milotic|70/100 tox
|
|-damage|p1a: Milotic|64/100 tox|[from] psn
|upkeep
|turn|69
|
|t:|1667766581
|switch|p2a: Drapion|Drapion, F|62/100
|-damage|p2a: Drapion|49/100|[from] Stealth Rock
|move|p1a: Milotic|Recover|p1a: Milotic
|-heal|p1a: Milotic|100/100 tox
|
|-damage|p1a: Milotic|88/100 tox|[from] psn
|upkeep
|turn|70
|
|t:|1667766584
|switch|p1a: Weezing|Weezing-Galar, M|100/100
|-ability|p1a: Weezing|Neutralizing Gas
|-damage|p1a: Weezing|88/100|[from] Stealth Rock
|move|p2a: Drapion|Protect||[still]
|-fail|p2a: Drapion
|
|upkeep
|turn|71
|inactive|guille14 has 210 seconds left.
|
|t:|1667766591
|switch|p2a: Quagsire|Quagsire, F|100/100
|move|p1a: Weezing|Strange Steam|p2a: Quagsire
|-damage|p2a: Quagsire|64/100
|
|upkeep
|turn|72
|
|t:|1667766596
|move|p1a: Weezing|Corrosive Gas|p2a: Quagsire
|-enditem|p2a: Quagsire|Heavy-Duty Boots|[from] move: Corrosive Gas|[of] p1a: Weezing
|move|p2a: Quagsire|Recover|p2a: Quagsire
|-heal|p2a: Quagsire|100/100
|
|upkeep
|turn|73
|
|t:|1667766608
|-end|p1a: Weezing|ability: Neutralizing Gas
|switch|p1a: Audino|Audino, F|100/100
|-damage|p1a: Audino|88/100|[from] Stealth Rock
|move|p2a: Quagsire|Earthquake|p1a: Audino
|-damage|p1a: Audino|60/100
|
|upkeep
|turn|74
|
|t:|1667766614
|switch|p2a: Drapion|Drapion, F|49/100
|-damage|p2a: Drapion|37/100|[from] Stealth Rock
|move|p1a: Audino|Heal Bell|p1a: Audino
|-activate|p1a: Audino|move: Heal Bell
|-curestatus|p1: Milotic|tox|[msg]
|
|upkeep
|turn|75
|
|t:|1667766620
|switch|p2a: Quagsire|Quagsire, F|100/100
|-damage|p2a: Quagsire|94/100|[from] Stealth Rock
|switch|p1a: Weezing|Weezing-Galar, M|88/100
|-ability|p1a: Weezing|Neutralizing Gas
|-damage|p1a: Weezing|76/100|[from] Stealth Rock
|
|upkeep
|turn|76
|
|t:|1667766628
|-end|p1a: Weezing|ability: Neutralizing Gas
|switch|p1a: Audino|Audino, F|93/100
|-damage|p1a: Audino|81/100|[from] Stealth Rock
|switch|p2a: Stakataka|Stakataka|53/100
|-damage|p2a: Stakataka|47/100|[from] Stealth Rock
|
|upkeep
|turn|77
|
|t:|1667766632
|move|p1a: Audino|Protect|p1a: Audino
|-singleturn|p1a: Audino|Protect
|move|p2a: Stakataka|Toxic|p1a: Audino
|-activate|p1a: Audino|move: Protect
|
|upkeep
|turn|78
|
|t:|1667766636
|switch|p1a: Milotic|Milotic, M|88/100
|move|p2a: Stakataka|Toxic|p1a: Milotic
|-status|p1a: Milotic|tox
|
|-damage|p1a: Milotic|82/100 tox|[from] psn
|upkeep
|turn|79
|
|t:|1667766642
|switch|p2a: Jellicent|Jellicent, M|29/100 tox
|-damage|p2a: Jellicent|17/100 tox|[from] Stealth Rock
|move|p1a: Milotic|Recover|p1a: Milotic
|-heal|p1a: Milotic|100/100 tox
|
|-damage|p2a: Jellicent|11/100 tox|[from] psn
|-damage|p1a: Milotic|88/100 tox|[from] psn
|upkeep
|turn|80
|
|t:|1667766647
|switch|p1a: Articuno|Articuno|81/100
|-ability|p1a: Articuno|Pressure
|move|p2a: Jellicent|Recover|p2a: Jellicent
|-heal|p2a: Jellicent|61/100 tox
|
|-damage|p2a: Jellicent|48/100 tox|[from] psn
|upkeep
|turn|81
|
|t:|1667766652
|switch|p2a: Stakataka|Stakataka|47/100
|-damage|p2a: Stakataka|41/100|[from] Stealth Rock
|move|p1a: Articuno|Freeze-Dry|p2a: Stakataka
|-resisted|p2a: Stakataka
|-damage|p2a: Stakataka|32/100
|
|upkeep
|turn|82
|
|t:|1667766671
|switch|p1a: Milotic|Milotic, M|88/100 tox
|switch|p2a: Drapion|Drapion, F|37/100
|-damage|p2a: Drapion|24/100|[from] Stealth Rock
|
|-damage|p1a: Milotic|82/100 tox|[from] psn
|upkeep
|turn|83
|
|t:|1667766676
|switch|p1a: Weezing|Weezing-Galar, M|76/100
|-ability|p1a: Weezing|Neutralizing Gas
|-damage|p1a: Weezing|64/100|[from] Stealth Rock
|move|p2a: Drapion|Knock Off|p1a: Weezing
|-resisted|p1a: Weezing
|-damage|p1a: Weezing|57/100
|
|upkeep
|turn|84
|
|t:|1667766681
|switch|p2a: Quagsire|Quagsire, F|94/100
|-damage|p2a: Quagsire|88/100|[from] Stealth Rock
|move|p1a: Weezing|Toxic Spikes|p2a: Quagsire
|-sidestart|p2: guille14|move: Toxic Spikes
|
|upkeep
|turn|85
|
|t:|1667766697
|-end|p1a: Weezing|ability: Neutralizing Gas
|switch|p1a: Audino|Audino, F|100/100
|-damage|p1a: Audino|88/100|[from] Stealth Rock
|switch|p2a: Drapion|Drapion, F|24/100
|-damage|p2a: Drapion|12/100|[from] Stealth Rock
|-sideend|p2: guille14|move: Toxic Spikes|[of] p2a: Drapion
|
|upkeep
|turn|86
|
|t:|1667766711
|move|p2a: Drapion|Toxic Spikes|p1a: Audino
|-sidestart|p1: hjkhj|move: Toxic Spikes
|move|p1a: Audino|Knock Off|p2a: Drapion
|-resisted|p2a: Drapion
|-damage|p2a: Drapion|8/100
|
|upkeep
|turn|87
|
|t:|1667766716
|switch|p2a: Stakataka|Stakataka|32/100
|-damage|p2a: Stakataka|26/100|[from] Stealth Rock
|move|p1a: Audino|Wish|p1a: Audino
|
|upkeep
|turn|88
|
|t:|1667766721
|switch|p1a: Milotic|Milotic, M|82/100 tox
|move|p2a: Stakataka|Gyro Ball|p1a: Milotic
|-resisted|p1a: Milotic
|-damage|p1a: Milotic|64/100 tox
|
|-heal|p1a: Milotic|100/100 tox|[from] move: Wish|[wisher] Audino
|-damage|p1a: Milotic|94/100 tox|[from] psn
|upkeep
|turn|89
|
|t:|1667766726
|switch|p2a: Jellicent|Jellicent, M|48/100 tox
|-damage|p2a: Jellicent|36/100 tox|[from] Stealth Rock
|move|p1a: Milotic|Scald|p2a: Jellicent
|-heal|p2a: Jellicent|61/100 tox|[from] ability: Water Absorb|[of] p1a: Milotic
|
|-damage|p2a: Jellicent|55/100 tox|[from] psn
|-damage|p1a: Milotic|82/100 tox|[from] psn
|upkeep
|turn|90
|inactive|guille14 has 270 seconds left.
|
|t:|1667766757
|switch|p1a: Weezing|Weezing-Galar, M|57/100
|-ability|p1a: Weezing|Neutralizing Gas
|-damage|p1a: Weezing|45/100|[from] Stealth Rock
|-sideend|p1: hjkhj|move: Toxic Spikes|[of] p1a: Weezing
|move|p2a: Jellicent|Recover|p2a: Jellicent
|-heal|p2a: Jellicent|100/100 tox
|
|-damage|p2a: Jellicent|88/100 tox|[from] psn
|upkeep
|turn|91
|
|t:|1667766762
|move|p2a: Jellicent|Taunt|p1a: Weezing
|-start|p1a: Weezing|move: Taunt
|move|p1a: Weezing|Strange Steam|p2a: Jellicent
|-damage|p2a: Jellicent|67/100 tox
|
|-damage|p2a: Jellicent|48/100 tox|[from] psn
|upkeep
|turn|92
|
|t:|1667766770
|switch|p2a: Stakataka|Stakataka|26/100
|-damage|p2a: Stakataka|20/100|[from] Stealth Rock
|move|p1a: Weezing|Strange Steam|p2a: Stakataka|[miss]
|-miss|p1a: Weezing|p2a: Stakataka
|
|upkeep
|turn|93
|
|t:|1667766784
|-end|p1a: Weezing|ability: Neutralizing Gas
|switch|p1a: Milotic|Milotic, M|82/100 tox
|move|p2a: Stakataka|Gyro Ball|p1a: Milotic
|-resisted|p1a: Milotic
|-damage|p1a: Milotic|65/100 tox
|
|-damage|p1a: Milotic|59/100 tox|[from] psn
|upkeep
|turn|94
|j|+Frixel
|
|t:|1667766789
|switch|p2a: Jellicent|Jellicent, M|48/100 tox
|-damage|p2a: Jellicent|35/100 tox|[from] Stealth Rock
|move|p1a: Milotic|Recover|p1a: Milotic
|-heal|p1a: Milotic|100/100 tox
|
|-damage|p2a: Jellicent|29/100 tox|[from] psn
|-damage|p1a: Milotic|88/100 tox|[from] psn
|upkeep
|turn|95
|
|t:|1667766797
|switch|p1a: Audino|Audino, F|100/100
|-damage|p1a: Audino|88/100|[from] Stealth Rock
|move|p2a: Jellicent|Recover|p2a: Jellicent
|-heal|p2a: Jellicent|79/100 tox
|
|-damage|p2a: Jellicent|67/100 tox|[from] psn
|upkeep
|turn|96
|
|t:|1667766809
|switch|p2a: Stakataka|Stakataka|20/100
|-damage|p2a: Stakataka|13/100|[from] Stealth Rock
|move|p1a: Audino|Wish|p1a: Audino
|
|upkeep
|turn|97
|
|t:|1667766815
|switch|p1a: Milotic|Milotic, M|88/100 tox
|move|p2a: Stakataka|Body Press|p1a: Milotic
|-damage|p1a: Milotic|70/100 tox
|
|-heal|p1a: Milotic|100/100 tox|[from] move: Wish|[wisher] Audino
|-damage|p1a: Milotic|94/100 tox|[from] psn
|upkeep
|turn|98
|
|t:|1667766818
|switch|p2a: Jellicent|Jellicent, M|67/100 tox
|-damage|p2a: Jellicent|55/100 tox|[from] Stealth Rock
|move|p1a: Milotic|Scald|p2a: Jellicent
|-heal|p2a: Jellicent|79/100 tox|[from] ability: Water Absorb|[of] p1a: Milotic
|
|-damage|p2a: Jellicent|73/100 tox|[from] psn
|-damage|p1a: Milotic|82/100 tox|[from] psn
|upkeep
|turn|99
|l|+Frixel
|inactive|guille14 has 270 seconds left.
|
|t:|1667766852
|switch|p1a: Articuno|Articuno|81/100
|-ability|p1a: Articuno|Pressure
|move|p2a: Jellicent|Will-O-Wisp|p1a: Articuno
|-status|p1a: Articuno|brn
|
|-damage|p2a: Jellicent|61/100 tox|[from] psn
|-damage|p1a: Articuno|75/100 brn|[from] brn
|upkeep
|turn|100
|
|t:|1667766856
|switch|p2a: Drapion|Drapion, F|8/100
|-damage|p2a: Drapion|0 fnt|[from] Stealth Rock
|faint|p2a: Drapion
|move|p1a: Articuno|Roost|p1a: Articuno
|-heal|p1a: Articuno|100/100 brn
|-singleturn|p1a: Articuno|move: Roost
|
|-damage|p1a: Articuno|94/100 brn|[from] brn
|upkeep
|inactive|guille14 has 270 seconds left.
|
|t:|1667766874
|switch|p2a: Jellicent|Jellicent, M|61/100 tox
|-damage|p2a: Jellicent|48/100 tox|[from] Stealth Rock
|turn|101
|
|t:|1667766877
|switch|p1a: Audino|Audino, F|100/100
|-damage|p1a: Audino|88/100|[from] Stealth Rock
|move|p2a: Jellicent|Recover|p2a: Jellicent
|-heal|p2a: Jellicent|99/100 tox
|
|-damage|p2a: Jellicent|92/100 tox|[from] psn
|upkeep
|turn|102
|
|t:|1667766880
|move|p2a: Jellicent|Taunt|p1a: Audino
|-start|p1a: Audino|move: Taunt
|move|p1a: Audino|Knock Off|p2a: Jellicent
|-supereffective|p2a: Jellicent
|-damage|p2a: Jellicent|73/100 tox
|
|-damage|p2a: Jellicent|61/100 tox|[from] psn
|upkeep
|turn|103
|
|t:|1667766885
|switch|p2a: Stakataka|Stakataka|13/100
|-damage|p2a: Stakataka|7/100|[from] Stealth Rock
|move|p1a: Audino|Knock Off|p2a: Stakataka
|-crit|p2a: Stakataka
|-damage|p2a: Stakataka|0 fnt
|faint|p2a: Stakataka
|
|upkeep
|
|t:|1667766888
|switch|p2a: Crobat|Crobat, F|100/100
|-damage|p2a: Crobat|76/100|[from] Stealth Rock
|turn|104
|j|+Frixel
|
|t:|1667766898
|switch|p1a: Registeel|Registeel|100/100
|-damage|p1a: Registeel|94/100|[from] Stealth Rock
|move|p2a: Crobat|Nasty Plot|p2a: Crobat
|-boost|p2a: Crobat|spa|2
|
|-heal|p1a: Registeel|100/100|[from] item: Leftovers
|upkeep
|turn|105
|
|t:|1667766900
|move|p2a: Crobat|Nasty Plot|p2a: Crobat
|-boost|p2a: Crobat|spa|2
|move|p1a: Registeel|Seismic Toss|p2a: Crobat
|-damage|p2a: Crobat|48/100
|
|upkeep
|turn|106
|
|t:|1667766910
|move|p2a: Crobat|Nasty Plot|p2a: Crobat
|-boost|p2a: Crobat|spa|2
|move|p1a: Registeel|Seismic Toss|p2a: Crobat
|-damage|p2a: Crobat|20/100
|
|upkeep
|turn|107
|
|t:|1667766915
|move|p2a: Crobat|Roost|p2a: Crobat
|-heal|p2a: Crobat|70/100
|-singleturn|p2a: Crobat|move: Roost
|move|p1a: Registeel|Seismic Toss|p2a: Crobat
|-damage|p2a: Crobat|42/100
|
|upkeep
|turn|108
|
|t:|1667766940
|move|p2a: Crobat|Roost|p2a: Crobat
|-heal|p2a: Crobat|92/100
|-singleturn|p2a: Crobat|move: Roost
|move|p1a: Registeel|Seismic Toss|p2a: Crobat
|-damage|p2a: Crobat|64/100
|
|upkeep
|turn|109
|
|t:|1667766953
|move|p2a: Crobat|Taunt|p1a: Registeel
|-start|p1a: Registeel|move: Taunt
|move|p1a: Registeel|Seismic Toss|p2a: Crobat
|-damage|p2a: Crobat|36/100
|
|upkeep
|turn|110
|
|t:|1667766957
|move|p2a: Crobat|Roost|p2a: Crobat
|-heal|p2a: Crobat|86/100
|-singleturn|p2a: Crobat|move: Roost
|move|p1a: Registeel|Seismic Toss|p2a: Crobat
|-damage|p2a: Crobat|58/100
|
|upkeep
|turn|111
|
|t:|1667766965
|move|p2a: Crobat|Taunt||[still]
|-fail|p2a: Crobat
|move|p1a: Registeel|Seismic Toss|p2a: Crobat
|-damage|p2a: Crobat|30/100
|
|-end|p1a: Registeel|move: Taunt
|upkeep
|turn|112
|
|t:|1667766971
|move|p2a: Crobat|Roost|p2a: Crobat
|-heal|p2a: Crobat|80/100
|-singleturn|p2a: Crobat|move: Roost
|move|p1a: Registeel|Seismic Toss|p2a: Crobat
|-damage|p2a: Crobat|52/100
|
|upkeep
|turn|113
|
|t:|1667766987
|move|p2a: Crobat|Taunt|p1a: Registeel
|-start|p1a: Registeel|move: Taunt
|move|p1a: Registeel|Seismic Toss|p2a: Crobat
|-damage|p2a: Crobat|24/100
|
|upkeep
|turn|114
|
|t:|1667766989
|move|p2a: Crobat|Roost|p2a: Crobat
|-heal|p2a: Crobat|74/100
|-singleturn|p2a: Crobat|move: Roost
|move|p1a: Registeel|Seismic Toss|p2a: Crobat
|-damage|p2a: Crobat|46/100
|
|upkeep
|turn|115
|l|+Frixel
|
|t:|1667766993
|move|p2a: Crobat|Hurricane|p1a: Registeel
|-resisted|p1a: Registeel
|-damage|p1a: Registeel|67/100
|-activate|p1a: Registeel|move: Struggle
|move|p1a: Registeel|Struggle|p2a: Crobat
|-damage|p2a: Crobat|38/100
|-damage|p1a: Registeel|42/100|[from] recoil
|
|-heal|p1a: Registeel|48/100|[from] item: Leftovers
|-end|p1a: Registeel|move: Taunt
|upkeep
|turn|116
|
|t:|1667766996
|move|p2a: Crobat|Hurricane|p1a: Registeel
|-resisted|p1a: Registeel
|-damage|p1a: Registeel|13/100
|-start|p1a: Registeel|confusion
|-activate|p1a: Registeel|confusion
|move|p1a: Registeel|Rest|p1a: Registeel
|-status|p1a: Registeel|slp|[from] move: Rest
|-heal|p1a: Registeel|100/100 slp|[silent]
|
|upkeep
|turn|117
|
|t:|1667767006
|move|p2a: Crobat|Hurricane|p1a: Registeel
|-resisted|p1a: Registeel
|-damage|p1a: Registeel|66/100 slp
|cant|p1a: Registeel|slp
|
|-heal|p1a: Registeel|72/100 slp|[from] item: Leftovers
|upkeep
|turn|118
|
|t:|1667767009
|move|p2a: Crobat|Hurricane|p1a: Registeel
|-resisted|p1a: Registeel
|-damage|p1a: Registeel|39/100 slp
|cant|p1a: Registeel|slp
|
|-heal|p1a: Registeel|45/100 slp|[from] item: Leftovers
|upkeep
|turn|119
|
|t:|1667767012
|move|p2a: Crobat|Taunt|p1a: Registeel
|-start|p1a: Registeel|move: Taunt
|-curestatus|p1a: Registeel|slp|[msg]
|cant|p1a: Registeel|move: Taunt|Rest
|
|-heal|p1a: Registeel|51/100|[from] item: Leftovers
|upkeep
|turn|120
|
|t:|1667767015
|move|p2a: Crobat|Hurricane|p1a: Registeel
|-resisted|p1a: Registeel
|-damage|p1a: Registeel|17/100
|-activate|p1a: Registeel|confusion
|-activate|p1a: Registeel|move: Struggle
|move|p1a: Registeel|Struggle|p2a: Crobat
|-damage|p2a: Crobat|30/100
|-damage|p1a: Registeel|0 fnt|[from] recoil
|faint|p1a: Registeel
|
|upkeep
|
|t:|1667767018
|switch|p1a: Articuno|Articuno|94/100 brn
|-ability|p1a: Articuno|Pressure
|turn|121
|
|t:|1667767024
|move|p2a: Crobat|Hurricane|p1a: Articuno
|-damage|p1a: Articuno|0 fnt
|faint|p1a: Articuno
|
|upkeep
|
|t:|1667767034
|switch|p1a: Audino|Audino, F|100/100
|-damage|p1a: Audino|88/100|[from] Stealth Rock
|turn|122
|
|t:|1667767039
|move|p1a: Audino|Protect|p1a: Audino
|-singleturn|p1a: Audino|Protect
|move|p2a: Crobat|Taunt|p1a: Audino
|-activate|p1a: Audino|move: Protect
|
|upkeep
|turn|123
|
|t:|1667767044
|move|p2a: Crobat|Hurricane|p1a: Audino|[miss]
|-miss|p2a: Crobat|p1a: Audino
|move|p1a: Audino|Knock Off|p2a: Crobat
|-damage|p2a: Crobat|18/100
|
|upkeep
|turn|124
|
|t:|1667767048
|move|p2a: Crobat|Taunt|p1a: Audino
|-start|p1a: Audino|move: Taunt
|move|p1a: Audino|Knock Off|p2a: Crobat
|-damage|p2a: Crobat|8/100
|
|upkeep
|turn|125
|
|t:|1667767051
|switch|p1a: Weezing|Weezing-Galar, M|45/100
|-ability|p1a: Weezing|Neutralizing Gas
|-damage|p1a: Weezing|33/100|[from] Stealth Rock
|move|p2a: Crobat|Hurricane|p1a: Weezing|[miss]
|-miss|p2a: Crobat|p1a: Weezing
|
|upkeep
|turn|126
|
|t:|1667767054
|move|p2a: Crobat|Hurricane|p1a: Weezing
|-damage|p1a: Weezing|0 fnt
|faint|p1a: Weezing
|-end|p1a: Weezing|ability: Neutralizing Gas
|
|upkeep
|
|t:|1667767056
|switch|p1a: Audino|Audino, F|100/100
|-damage|p1a: Audino|88/100|[from] Stealth Rock
|turn|127
|
|t:|1667767061
|move|p1a: Audino|Protect|p1a: Audino
|-singleturn|p1a: Audino|Protect
|move|p2a: Crobat|Taunt|p1a: Audino
|-activate|p1a: Audino|move: Protect
|
|upkeep
|turn|128
|
|t:|1667767063
|move|p2a: Crobat|Hurricane|p1a: Audino
|-damage|p1a: Audino|3/100
|move|p1a: Audino|Knock Off|p2a: Crobat
|-damage|p2a: Crobat|0 fnt
|faint|p2a: Crobat
|
|upkeep
|inactive|guille14 has 270 seconds left.
|inactive|guille14 has 240 seconds left.
|
|t:|1667767126
|switch|p2a: Quagsire|Quagsire, F|88/100
|-damage|p2a: Quagsire|82/100|[from] Stealth Rock
|turn|129
|
|t:|1667767134
|switch|p1a: Milotic|Milotic, M|82/100 tox
|move|p2a: Quagsire|Earthquake|p1a: Milotic
|-damage|p1a: Milotic|65/100 tox
|
|-damage|p1a: Milotic|59/100 tox|[from] psn
|upkeep
|turn|130
|
|t:|1667767139
|move|p1a: Milotic|Recover|p1a: Milotic
|-heal|p1a: Milotic|100/100 tox
|move|p2a: Quagsire|Earthquake|p1a: Milotic
|-damage|p1a: Milotic|84/100 tox
|
|-damage|p1a: Milotic|71/100 tox|[from] psn
|upkeep
|turn|131
|
|t:|1667767141
|switch|p2a: Jellicent|Jellicent, M|61/100 tox
|-damage|p2a: Jellicent|49/100 tox|[from] Stealth Rock
|move|p1a: Milotic|Toxic|p2a: Jellicent
|-fail|p2a: Jellicent|tox
|
|-damage|p2a: Jellicent|42/100 tox|[from] psn
|-damage|p1a: Milotic|53/100 tox|[from] psn
|upkeep
|turn|132
|
|t:|1667767145
|switch|p1a: Audino|Audino, F|37/100
|-damage|p1a: Audino|24/100|[from] Stealth Rock
|move|p2a: Jellicent|Will-O-Wisp|p1a: Audino
|-status|p1a: Audino|brn
|
|-damage|p2a: Jellicent|30/100 tox|[from] psn
|-damage|p1a: Audino|18/100 brn|[from] brn
|upkeep
|turn|133
|inactive|guille14 has 270 seconds left.
|
|t:|1667767184
|switch|p1a: Crobat|Crobat, F|100/100
|move|p2a: Jellicent|Recover|p2a: Jellicent
|-heal|p2a: Jellicent|80/100 tox
|
|-damage|p2a: Jellicent|62/100 tox|[from] psn
|upkeep
|turn|134
|
|t:|1667767191
|switch|p2a: Quagsire|Quagsire, F|82/100
|-damage|p2a: Quagsire|76/100|[from] Stealth Rock
|move|p1a: Crobat|Air Slash|p2a: Quagsire
|-damage|p2a: Quagsire|46/100
|
|upkeep
|turn|135
|
|t:|1667767195
|move|p1a: Crobat|Air Slash|p2a: Quagsire
|-damage|p2a: Quagsire|16/100
|move|p2a: Quagsire|Recover|p2a: Quagsire
|-heal|p2a: Quagsire|66/100
|
|upkeep
|turn|136
|
|t:|1667767197
|move|p1a: Crobat|Sludge Bomb|p2a: Quagsire
|-resisted|p2a: Quagsire
|-damage|p2a: Quagsire|48/100
|move|p2a: Quagsire|Recover|p2a: Quagsire
|-heal|p2a: Quagsire|98/100
|
|upkeep
|turn|137
|inactive|guille14 has 270 seconds left.
|
|t:|1667767214
|switch|p1a: Milotic|Milotic, M|53/100 tox
|move|p2a: Quagsire|Earthquake|p1a: Milotic
|-damage|p1a: Milotic|36/100 tox
|
|-damage|p1a: Milotic|30/100 tox|[from] psn
|upkeep
|turn|138
|inactive|guille14 has 270 seconds left.
|
|t:|1667767226
|switch|p2a: Jellicent|Jellicent, M|62/100 tox
|-damage|p2a: Jellicent|49/100 tox|[from] Stealth Rock
|move|p1a: Milotic|Recover|p1a: Milotic
|-heal|p1a: Milotic|80/100 tox
|
|-damage|p2a: Jellicent|43/100 tox|[from] psn
|-damage|p1a: Milotic|68/100 tox|[from] psn
|upkeep
|turn|139
|
|t:|1667767231
|switch|p1a: Audino|Audino, F|52/100 brn
|-damage|p1a: Audino|39/100 brn|[from] Stealth Rock
|move|p2a: Jellicent|Recover|p2a: Jellicent
|-heal|p2a: Jellicent|93/100 tox
|
|-damage|p2a: Jellicent|81/100 tox|[from] psn
|-damage|p1a: Audino|33/100 brn|[from] brn
|upkeep
|turn|140
|
|t:|1667767235
|move|p2a: Jellicent|Taunt|p1a: Audino
|-start|p1a: Audino|move: Taunt
|cant|p1a: Audino|move: Taunt|Wish
|
|-damage|p2a: Jellicent|62/100 tox|[from] psn
|-damage|p1a: Audino|27/100 brn|[from] brn
|upkeep
|turn|141
|
|t:|1667767241
|switch|p1a: Crobat|Crobat, F|100/100
|move|p2a: Jellicent|Will-O-Wisp|p1a: Crobat
|-status|p1a: Crobat|brn
|
|-damage|p2a: Jellicent|37/100 tox|[from] psn
|-damage|p1a: Crobat|94/100 brn|[from] brn
|upkeep
|turn|142
|
|t:|1667767246
|switch|p2a: Quagsire|Quagsire, F|98/100
|-damage|p2a: Quagsire|92/100|[from] Stealth Rock
|move|p1a: Crobat|Sludge Bomb|p2a: Quagsire
|-resisted|p2a: Quagsire
|-damage|p2a: Quagsire|75/100
|
|-damage|p1a: Crobat|88/100 brn|[from] brn
|upkeep
|turn|143
|
|t:|1667767257
|switch|p1a: Milotic|Milotic, M|68/100 tox
|move|p2a: Quagsire|Earthquake|p1a: Milotic
|-damage|p1a: Milotic|53/100 tox
|
|-damage|p1a: Milotic|47/100 tox|[from] psn
|upkeep
|turn|144
|
|t:|1667767263
|switch|p2a: Jellicent|Jellicent, M|37/100 tox
|-damage|p2a: Jellicent|25/100 tox|[from] Stealth Rock
|move|p1a: Milotic|Recover|p1a: Milotic
|-heal|p1a: Milotic|97/100 tox
|
|-damage|p2a: Jellicent|19/100 tox|[from] psn
|-damage|p1a: Milotic|85/100 tox|[from] psn
|upkeep
|turn|145
|
|t:|1667767266
|switch|p1a: Audino|Audino, F|60/100 brn
|-damage|p1a: Audino|48/100 brn|[from] Stealth Rock
|move|p2a: Jellicent|Recover|p2a: Jellicent
|-heal|p2a: Jellicent|69/100 tox
|
|-damage|p2a: Jellicent|56/100 tox|[from] psn
|-damage|p1a: Audino|42/100 brn|[from] brn
|upkeep
|turn|146
|
|t:|1667767269
|switch|p1a: Crobat|Crobat, F|88/100 brn
|move|p2a: Jellicent|Taunt|p1a: Crobat
|-start|p1a: Crobat|move: Taunt
|
|-damage|p2a: Jellicent|38/100 tox|[from] psn
|-damage|p1a: Crobat|82/100 brn|[from] brn
|upkeep
|turn|147
|
|t:|1667767271
|switch|p1a: Audino|Audino, F|75/100 brn
|-damage|p1a: Audino|63/100 brn|[from] Stealth Rock
|switch|p2a: Quagsire|Quagsire, F|75/100
|-damage|p2a: Quagsire|69/100|[from] Stealth Rock
|
|-damage|p1a: Audino|57/100 brn|[from] brn
|upkeep
|turn|148
|
|t:|1667767275
|move|p1a: Audino|Heal Bell|p1a: Audino
|-activate|p1a: Audino|move: Heal Bell
|-curestatus|p1a: Audino|brn|[msg]
|-curestatus|p1: Milotic|tox|[msg]
|-curestatus|p1: Crobat|brn|[msg]
|move|p2a: Quagsire|Earthquake|p1a: Audino
|-damage|p1a: Audino|30/100
|
|upkeep
|turn|149
|
|t:|1667767284
|switch|p1a: Crobat|Crobat, F|82/100
|move|p2a: Quagsire|Toxic|p1a: Crobat
|-immune|p1a: Crobat
|
|upkeep
|turn|150
|
|t:|1667767287
|move|p1a: Crobat|Sludge Bomb|p2a: Quagsire
|-resisted|p2a: Quagsire
|-damage|p2a: Quagsire|50/100
|-status|p2a: Quagsire|psn
|move|p2a: Quagsire|Recover|p2a: Quagsire
|-heal|p2a: Quagsire|100/100 psn
|
|-damage|p2a: Quagsire|88/100 psn|[from] psn
|upkeep
|turn|151
|
|t:|1667767298
|move|p1a: Crobat|Air Slash|p2a: Quagsire
|-damage|p2a: Quagsire|59/100 psn
|move|p2a: Quagsire|Haze|p2a: Quagsire
|-clearallboost
|
|-damage|p2a: Quagsire|46/100 psn|[from] psn
|upkeep
|turn|152
|
|t:|1667767301
|move|p1a: Crobat|Air Slash|p2a: Quagsire|[miss]
|-miss|p1a: Crobat|p2a: Quagsire
|move|p2a: Quagsire|Recover|p2a: Quagsire
|-heal|p2a: Quagsire|96/100 psn
|
|-damage|p2a: Quagsire|84/100 psn|[from] psn
|upkeep
|turn|153
|c|☆hjkhj|gg
|c|☆guille14|gg
|-message|guille14 forfeited.
|
|win|hjkhj
