|j|☆Its oyster time
|j|☆BigBoootyBuddha
|inactive|Battle timer is ON: inactive players will automatically lose when time's up.
|t:|1662159664
|gametype|singles
|player|p1|Its oyster time|birdkeeper-gen6|
|player|p2|BigBoootyBuddha|pokekid|
|teamsize|p1|6
|teamsize|p2|6
|gen|8
|tier|[Gen 8] RU
|rated|Tournament battle
|rule|Sleep Clause Mod: Limit one foe put to sleep
|rule|Species Clause: Limit one of each Pokémon
|rule|OHKO Clause: OHKO moves are banned
|rule|Evasion Items Clause: Evasion items are banned
|rule|Evasion Moves Clause: Evasion moves are banned
|rule|Endless Battle Clause: Forcing endless battles is banned
|rule|HP Percentage Mod: HP is shown in percentages
|rule|Dynamax Clause: You cannot dynamax
|clearpoke
|poke|p1|Eiscue, M|
|poke|p1|Noivern, F|
|poke|p1|Reuniclus, F|
|poke|p1|Heracross, F|
|poke|p1|Steelix, M|
|poke|p1|Mimikyu, M|
|poke|p2|Xurkitree|
|poke|p2|Porygon2|
|poke|p2|Rhyperior, F|
|poke|p2|Golisopod, F|
|poke|p2|Umbreon, F|
|poke|p2|Togekiss, M|
|teampreview
|inactive|Its oyster time also wants the timer to be on.
|j| LocalMetagross
|
|t:|1662159686
|start
|switch|p1a: Noivern|Noivern, F|100/100
|switch|p2a: Rhyperior|Rhyperior, F|100/100
|turn|1
|
|t:|1662159692
|move|p1a: Noivern|Taunt|p2a: Rhyperior
|-start|p2a: Rhyperior|move: Taunt
|cant|p2a: Rhyperior|move: Taunt|Stealth Rock
|
|upkeep
|turn|2
|
|t:|1662159700
|move|p1a: Noivern|U-turn|p2a: Rhyperior
|-damage|p2a: Rhyperior|95/100
|
|t:|1662159703
|switch|p1a: Steelix|Steelix, M|100/100|[from]move: U-turn
|move|p2a: Rhyperior|Stone Edge|p1a: Steelix
|-resisted|p1a: Steelix
|-damage|p1a: Steelix|95/100
|
|-heal|p2a: Rhyperior|100/100|[from] item: Leftovers
|-heal|p1a: Steelix|100/100|[from] item: Leftovers
|upkeep
|turn|3
|
|t:|1662159708
|move|p2a: Rhyperior|Earthquake|p1a: Steelix
|-supereffective|p1a: Steelix
|-damage|p1a: Steelix|53/100
|move|p1a: Steelix|Toxic|p2a: Rhyperior
|-status|p2a: Rhyperior|tox
|
|-heal|p1a: Steelix|59/100|[from] item: Leftovers
|-damage|p2a: Rhyperior|94/100 tox|[from] psn
|-end|p2a: Rhyperior|move: Taunt
|upkeep
|turn|4
|
|t:|1662159711
|switch|p1a: Heracross|Heracross, F|100/100
|move|p2a: Rhyperior|Stealth Rock|p1a: Heracross
|-sidestart|p1: Its oyster time|move: Stealth Rock
|
|-heal|p2a: Rhyperior|100/100 tox|[from] item: Leftovers
|-damage|p2a: Rhyperior|88/100 tox|[from] psn
|upkeep
|turn|5
|
|t:|1662159720
|switch|p2a: Togekiss|Togekiss, M|100/100
|move|p1a: Heracross|Close Combat|p2a: Togekiss
|-resisted|p2a: Togekiss
|-damage|p2a: Togekiss|84/100
|-unboost|p1a: Heracross|def|1
|-unboost|p1a: Heracross|spd|1
|
|upkeep
|turn|6
|
|t:|1662159730
|switch|p1a: Steelix|Steelix, M|59/100
|-damage|p1a: Steelix|56/100|[from] Stealth Rock
|move|p2a: Togekiss|Dazzling Gleam|p1a: Steelix
|-resisted|p1a: Steelix
|-damage|p1a: Steelix|39/100
|
|-heal|p1a: Steelix|45/100|[from] item: Leftovers
|upkeep
|turn|7
|
|t:|1662159736
|move|p2a: Togekiss|Air Slash|p1a: Steelix
|-resisted|p1a: Steelix
|-damage|p1a: Steelix|27/100
|move|p1a: Steelix|Stealth Rock|p2a: Togekiss
|-sidestart|p2: BigBoootyBuddha|move: Stealth Rock
|
|-heal|p1a: Steelix|33/100|[from] item: Leftovers
|upkeep
|turn|8
|
|t:|1662159741
|move|p2a: Togekiss|Air Slash|p1a: Steelix
|-resisted|p1a: Steelix
|-damage|p1a: Steelix|15/100
|move|p1a: Steelix|Heavy Slam|p2a: Togekiss
|-supereffective|p2a: Togekiss
|-damage|p2a: Togekiss|0 fnt
|faint|p2a: Togekiss
|
|-heal|p1a: Steelix|22/100|[from] item: Leftovers
|upkeep
|
|t:|1662159744
|switch|p2a: Umbreon|Umbreon, F|100/100
|-damage|p2a: Umbreon|88/100|[from] Stealth Rock
|turn|9
|
|t:|1662159747
|move|p2a: Umbreon|Heal Bell|p2a: Umbreon
|-activate|p2a: Umbreon|move: Heal Bell
|-curestatus|p2: Rhyperior|tox|[msg]
|move|p1a: Steelix|Toxic|p2a: Umbreon
|-status|p2a: Umbreon|tox
|-activate|p2a: Umbreon|ability: Synchronize
|-immune|p1a: Steelix
|
|-heal|p2a: Umbreon|94/100 tox|[from] item: Leftovers
|-heal|p1a: Steelix|28/100|[from] item: Leftovers
|-damage|p2a: Umbreon|88/100 tox|[from] psn
|upkeep
|turn|10
|
|t:|1662159753
|switch|p2a: Golisopod|Golisopod, F|100/100
|move|p1a: Steelix|Heavy Slam|p2a: Golisopod
|-resisted|p2a: Golisopod
|-crit|p2a: Golisopod
|-damage|p2a: Golisopod|87/100
|
|-heal|p1a: Steelix|34/100|[from] item: Leftovers
|upkeep
|turn|11
|
|t:|1662159761
|switch|p1a: Noivern|Noivern, F|100/100
|move|p2a: Golisopod|Spikes|p1a: Noivern
|-sidestart|p1: Its oyster time|Spikes
|
|upkeep
|turn|12
|
|t:|1662159768
|switch|p2a: Porygon2|Porygon2|100/100
|-damage|p2a: Porygon2|88/100|[from] Stealth Rock
|-ability|p2a: Porygon2|Infiltrator|[from] ability: Trace|[of] p1a: Noivern
|move|p1a: Noivern|Hurricane|p2a: Porygon2
|-damage|p2a: Porygon2|68/100
|
|upkeep
|turn|13
|
|t:|1662159772
|switch|p2a: Rhyperior|Rhyperior, F|88/100
|-damage|p2a: Rhyperior|82/100|[from] Stealth Rock
|move|p1a: Noivern|Taunt|p2a: Rhyperior
|-start|p2a: Rhyperior|move: Taunt
|
|-heal|p2a: Rhyperior|88/100|[from] item: Leftovers
|upkeep
|turn|14
|
|t:|1662159781
|move|p1a: Noivern|U-turn|p2a: Rhyperior
|-damage|p2a: Rhyperior|83/100
|
|t:|1662159783
|switch|p1a: Steelix|Steelix, M|34/100|[from]move: U-turn
|-damage|p1a: Steelix|31/100|[from] Stealth Rock
|-damage|p1a: Steelix|19/100|[from] Spikes
|move|p2a: Rhyperior|Dragon Tail|p1a: Steelix
|-resisted|p1a: Steelix
|-damage|p1a: Steelix|14/100
|drag|p1a: Reuniclus|Reuniclus, F|100/100
|-damage|p1a: Reuniclus|88/100|[from] Stealth Rock
|-damage|p1a: Reuniclus|76/100|[from] Spikes
|
|-heal|p2a: Rhyperior|89/100|[from] item: Leftovers
|upkeep
|turn|15
|
|t:|1662159795
|switch|p2a: Umbreon|Umbreon, F|88/100 tox
|-damage|p2a: Umbreon|76/100 tox|[from] Stealth Rock
|move|p1a: Reuniclus|Focus Blast|p2a: Umbreon
|-supereffective|p2a: Umbreon
|-damage|p2a: Umbreon|35/100 tox
|
|-heal|p2a: Umbreon|41/100 tox|[from] item: Leftovers
|-damage|p2a: Umbreon|35/100 tox|[from] psn
|upkeep
|turn|16
|
|t:|1662159801
|switch|p1a: Ice Ice Baby|Eiscue, M|100/100
|-damage|p1a: Ice Ice Baby|75/100|[from] Stealth Rock
|-damage|p1a: Ice Ice Baby|63/100|[from] Spikes
|move|p2a: Umbreon|Heal Bell|p2a: Umbreon
|-activate|p2a: Umbreon|move: Heal Bell
|-curestatus|p2a: Umbreon|tox|[msg]
|
|-heal|p2a: Umbreon|41/100|[from] item: Leftovers
|upkeep
|turn|17
|
|t:|1662159807
|move|p1a: Ice Ice Baby|Belly Drum|p1a: Ice Ice Baby
|-damage|p1a: Ice Ice Baby|13/100
|-setboost|p1a: Ice Ice Baby|atk|6|[from] move: Belly Drum
|-enditem|p1a: Ice Ice Baby|Salac Berry|[eat]
|-boost|p1a: Ice Ice Baby|spe|1|[from] item: Salac Berry
|move|p2a: Umbreon|Foul Play|p1a: Ice Ice Baby
|-activate|p1a: Ice Ice Baby|ability: Ice Face
|-damage|p1a: Ice Ice Baby|13/100
|detailschange|p1a: Ice Ice Baby|Eiscue-Noice, M
|
|-heal|p2a: Umbreon|47/100|[from] item: Leftovers
|upkeep
|turn|18
|
|t:|1662159814
|move|p2a: Umbreon|Protect|p2a: Umbreon
|-singleturn|p2a: Umbreon|Protect
|move|p1a: Ice Ice Baby|Icicle Spear|p2a: Umbreon
|-activate|p2a: Umbreon|move: Protect
|
|-heal|p2a: Umbreon|53/100|[from] item: Leftovers
|upkeep
|turn|19
|
|t:|1662159819
|switch|p2a: Porygon2|Porygon2|68/100
|-damage|p2a: Porygon2|56/100|[from] Stealth Rock
|move|p1a: Ice Ice Baby|Reversal|p2a: Porygon2
|-supereffective|p2a: Porygon2
|-damage|p2a: Porygon2|0 fnt
|faint|p2a: Porygon2
|
|upkeep
|
|t:|1662159821
|switch|p2a: Golisopod|Golisopod, F|87/100
|turn|20
|
|t:|1662159824
|switch|p1a: Noivern|Noivern, F|100/100
|move|p2a: Golisopod|First Impression|p1a: Noivern
|-resisted|p1a: Noivern
|-damage|p1a: Noivern|68/100
|
|upkeep
|turn|21
|
|t:|1662159831
|move|p1a: Noivern|U-turn|p2a: Golisopod
|-damage|p2a: Golisopod|79/100
|
|t:|1662159834
|switch|p1a: Ice Ice Baby|Eiscue-Noice, M|13/100|[from]move: U-turn
|-damage|p1a: Ice Ice Baby|0 fnt|[from] Stealth Rock
|faint|p1a: Ice Ice Baby
|move|p2a: Golisopod|Liquidation|p1: Ice Ice Baby|[notarget]
|-fail|p2a: Golisopod
|
|upkeep
|
|t:|1662159841
|switch|p1a: Noivern|Noivern, F|68/100
|turn|22
|
|t:|1662159846
|switch|p2a: Umbreon|Umbreon, F|53/100
|-damage|p2a: Umbreon|41/100|[from] Stealth Rock
|move|p1a: Noivern|Hurricane|p2a: Umbreon
|-damage|p2a: Umbreon|15/100
|
|-heal|p2a: Umbreon|21/100|[from] item: Leftovers
|upkeep
|turn|23
|
|t:|1662159848
|move|p2a: Umbreon|Protect|p2a: Umbreon
|-singleturn|p2a: Umbreon|Protect
|move|p1a: Noivern|Taunt|p2a: Umbreon
|-activate|p2a: Umbreon|move: Protect
|
|-heal|p2a: Umbreon|27/100|[from] item: Leftovers
|upkeep
|turn|24
|
|t:|1662159850
|move|p1a: Noivern|Taunt|p2a: Umbreon
|-start|p2a: Umbreon|move: Taunt
|cant|p2a: Umbreon|move: Taunt|Wish
|
|-heal|p2a: Umbreon|33/100|[from] item: Leftovers
|upkeep
|turn|25
|
|t:|1662159856
|switch|p2a: Rhyperior|Rhyperior, F|89/100
|-damage|p2a: Rhyperior|83/100|[from] Stealth Rock
|move|p1a: Noivern|Hurricane|p2a: Rhyperior
|-resisted|p2a: Rhyperior
|-damage|p2a: Rhyperior|52/100
|
|-heal|p2a: Rhyperior|58/100|[from] item: Leftovers
|upkeep
|turn|26
|
|t:|1662159862
|move|p1a: Noivern|U-turn|p2a: Rhyperior
|-damage|p2a: Rhyperior|53/100
|
|t:|1662159864
|switch|p1a: Steelix|Steelix, M|14/100|[from]move: U-turn
|-damage|p1a: Steelix|11/100|[from] Stealth Rock
|-damage|p1a: Steelix|0 fnt|[from] Spikes
|faint|p1a: Steelix
|move|p2a: Rhyperior|Stone Edge|p1: Steelix|[notarget]
|-fail|p2a: Rhyperior
|
|-heal|p2a: Rhyperior|59/100|[from] item: Leftovers
|upkeep
|
|t:|1662159868
|switch|p1a: Heracross|Heracross, F|100/100
|-damage|p1a: Heracross|88/100|[from] Stealth Rock
|-damage|p1a: Heracross|76/100|[from] Spikes
|turn|27
|
|t:|1662159877
|switch|p2a: Umbreon|Umbreon, F|33/100
|-damage|p2a: Umbreon|21/100|[from] Stealth Rock
|move|p1a: Heracross|Close Combat|p2a: Umbreon
|-supereffective|p2a: Umbreon
|-damage|p2a: Umbreon|0 fnt
|-unboost|p1a: Heracross|def|1
|-unboost|p1a: Heracross|spd|1
|faint|p2a: Umbreon
|-ability|p1a: Heracross|Moxie|boost
|-boost|p1a: Heracross|atk|1
|
|upkeep
|
|t:|1662159879
|switch|p2a: Golisopod|Golisopod, F|79/100
|turn|28
|
|t:|1662159882
|move|p2a: Golisopod|First Impression|p1a: Heracross
|-resisted|p1a: Heracross
|-damage|p1a: Heracross|25/100
|move|p1a: Heracross|Close Combat|p2a: Golisopod
|-resisted|p2a: Golisopod
|-damage|p2a: Golisopod|45/100
|-unboost|p1a: Heracross|def|1
|-unboost|p1a: Heracross|spd|1
|-activate|p2a: Golisopod|ability: Emergency Exit
|j|#Feliburn
|
|t:|1662159896
|switch|p2a: Xurkitree|Xurkitree|100/100
|-damage|p2a: Xurkitree|88/100|[from] Stealth Rock
|
|upkeep
|turn|29
|
|t:|1662159900
|move|p1a: Heracross|Close Combat|p2a: Xurkitree
|-damage|p2a: Xurkitree|0 fnt
|-unboost|p1a: Heracross|def|1
|-unboost|p1a: Heracross|spd|1
|faint|p2a: Xurkitree
|-ability|p1a: Heracross|Moxie|boost
|-boost|p1a: Heracross|atk|1
|
|upkeep
|
|t:|1662159902
|switch|p2a: Golisopod|Golisopod, F|45/100
|turn|30
|
|t:|1662159907
|switch|p1a: Noivern|Noivern, F|68/100
|move|p2a: Golisopod|First Impression|p1a: Noivern
|-resisted|p1a: Noivern
|-damage|p1a: Noivern|37/100
|
|upkeep
|turn|31
|
|t:|1662159911
|switch|p2a: Rhyperior|Rhyperior, F|59/100
|-damage|p2a: Rhyperior|53/100|[from] Stealth Rock
|move|p1a: Noivern|Roost|p1a: Noivern
|-heal|p1a: Noivern|87/100
|-singleturn|p1a: Noivern|move: Roost
|
|-heal|p2a: Rhyperior|59/100|[from] item: Leftovers
|upkeep
|turn|32
|
|t:|1662159917
|move|p1a: Noivern|U-turn|p2a: Rhyperior
|-crit|p2a: Rhyperior
|-damage|p2a: Rhyperior|52/100
|
|t:|1662159919
|switch|p1a: Reuniclus|Reuniclus, F|100/100|[from]move: U-turn
|-damage|p1a: Reuniclus|88/100|[from] Stealth Rock
|-damage|p1a: Reuniclus|76/100|[from] Spikes
|move|p2a: Rhyperior|Dragon Tail|p1a: Reuniclus
|-damage|p1a: Reuniclus|58/100
|drag|p1a: Mimikyu|Mimikyu, M|100/100
|-damage|p1a: Mimikyu|88/100|[from] Stealth Rock
|-damage|p1a: Mimikyu|76/100|[from] Spikes
|
|-heal|p2a: Rhyperior|58/100|[from] item: Leftovers
|upkeep
|turn|33
|
|t:|1662159926
|move|p1a: Mimikyu|Swords Dance|p1a: Mimikyu
|-boost|p1a: Mimikyu|atk|2
|move|p2a: Rhyperior|Earthquake|p1a: Mimikyu
|-activate|p1a: Mimikyu|ability: Disguise
|-damage|p1a: Mimikyu|76/100
|detailschange|p1a: Mimikyu|Mimikyu-Busted, M
|-damage|p1a: Mimikyu|63/100|[from] pokemon: Mimikyu-Busted
|
|-heal|p2a: Rhyperior|64/100|[from] item: Leftovers
|upkeep
|turn|34
|
|t:|1662159928
|move|p1a: Mimikyu|Play Rough|p2a: Rhyperior
|-damage|p2a: Rhyperior|19/100
|-damage|p1a: Mimikyu|53/100|[from] item: Life Orb
|move|p2a: Rhyperior|Earthquake|p1a: Mimikyu
|-damage|p1a: Mimikyu|0 fnt
|faint|p1a: Mimikyu
|
|-heal|p2a: Rhyperior|25/100|[from] item: Leftovers
|upkeep
|
|t:|1662159936
|switch|p1a: Heracross|Heracross, F|25/100
|-damage|p1a: Heracross|12/100|[from] Stealth Rock
|-damage|p1a: Heracross|0 fnt|[from] Spikes
|faint|p1a: Heracross
|
|t:|1662159941
|switch|p1a: Reuniclus|Reuniclus, F|92/100
|-damage|p1a: Reuniclus|79/100|[from] Stealth Rock
|-damage|p1a: Reuniclus|67/100|[from] Spikes
|turn|35
|
|t:|1662159948
|move|p2a: Rhyperior|Earthquake|p1a: Reuniclus
|-damage|p1a: Reuniclus|21/100
|move|p1a: Reuniclus|Psyshock|p2a: Rhyperior
|-damage|p2a: Rhyperior|7/100
|
|-heal|p2a: Rhyperior|13/100|[from] item: Leftovers
|upkeep
|turn|36
|
|t:|1662159955
|move|p2a: Rhyperior|Earthquake|p1a: Reuniclus
|-damage|p1a: Reuniclus|0 fnt
|faint|p1a: Reuniclus
|
|-heal|p2a: Rhyperior|19/100|[from] item: Leftovers
|upkeep
|
|t:|1662159958
|switch|p1a: Noivern|Noivern, F|87/100
|turn|37
|
|t:|1662159960
|move|p1a: Noivern|Hurricane|p2a: Rhyperior
|-resisted|p2a: Rhyperior
|-damage|p2a: Rhyperior|0 fnt
|faint|p2a: Rhyperior
|
|upkeep
|
|t:|1662159962
|switch|p2a: Golisopod|Golisopod, F|45/100
|turn|38
|
|t:|1662159964
|move|p1a: Noivern|Hurricane|p2a: Golisopod|[miss]
|-miss|p1a: Noivern|p2a: Golisopod
|move|p2a: Golisopod|Liquidation|p1a: Noivern
|-resisted|p1a: Noivern
|-damage|p1a: Noivern|57/100
|
|upkeep
|turn|39
|
|t:|1662159970
|move|p1a: Noivern|Hurricane|p2a: Golisopod|[miss]
|-miss|p1a: Noivern|p2a: Golisopod
|move|p2a: Golisopod|Knock Off|p1a: Noivern
|-damage|p1a: Noivern|7/100
|-enditem|p1a: Noivern|Heavy-Duty Boots|[from] move: Knock Off|[of] p2a: Golisopod
|
|upkeep
|turn|40
|
|t:|1662159981
|move|p1a: Noivern|Roost|p1a: Noivern
|-heal|p1a: Noivern|57/100
|-singleturn|p1a: Noivern|move: Roost
|move|p2a: Golisopod|Liquidation|p1a: Noivern
|-resisted|p1a: Noivern
|-damage|p1a: Noivern|26/100
|-unboost|p1a: Noivern|def|1
|
|upkeep
|turn|41
|
|t:|1662159988
|move|p1a: Noivern|Roost|p1a: Noivern
|-heal|p1a: Noivern|76/100
|-singleturn|p1a: Noivern|move: Roost
|move|p2a: Golisopod|Liquidation|p1a: Noivern
|-resisted|p1a: Noivern
|-damage|p1a: Noivern|32/100
|
|upkeep
|turn|42
|
|t:|1662159994
|move|p1a: Noivern|Roost|p1a: Noivern
|-heal|p1a: Noivern|82/100
|-singleturn|p1a: Noivern|move: Roost
|move|p2a: Golisopod|Liquidation|p1a: Noivern
|-resisted|p1a: Noivern
|-damage|p1a: Noivern|32/100
|
|upkeep
|turn|43
|
|t:|1662159998
|move|p1a: Noivern|Hurricane|p2a: Golisopod
|-supereffective|p2a: Golisopod
|-damage|p2a: Golisopod|0 fnt
|faint|p2a: Golisopod
|
|win|Its oyster time
|n|☆Its oyster time|itsoystertime
|n|☆BigBoootyBuddha|bigboootybuddha
|n| LocalMetagross|localmetagross
|n|+Feliburn|feliburn
