|j|☆Aggron
|j|☆Dynomyte07
|t:|1605472567
|player|p1|Aggron|janitor|1589
|player|p2|Dynomyte07|pokefan-gen4|1406
|teamsize|p1|6
|teamsize|p2|6
|gametype|singles
|gen|8
|tier|[Gen 8] RU
|rated|
|clearpoke
|poke|p1|Vikavolt, M|
|poke|p1|Kabutops, F|
|poke|p1|Exploud, M|
|poke|p1|Golurk|
|poke|p1|Gardevoir, F|
|poke|p1|Virizion|
|poke|p2|Conkeldurr, M|
|poke|p2|Gengar, M|
|poke|p2|Tangrowth, F|
|poke|p2|Kyurem|
|poke|p2|Registeel|
|poke|p2|Togekiss, M|
|rule|Sleep Clause Mod: Limit one foe put to sleep
|rule|Species Clause: Limit one of each Pokémon
|rule|OHKO Clause: OHKO moves are banned
|rule|Evasion Moves Clause: Evasion moves are banned
|rule|Endless Battle Clause: Forcing endless battles is banned
|rule|HP Percentage Mod: HP is shown in percentages
|rule|Dynamax Clause: You cannot dynamax
|teampreview
|inactive|Battle timer is ON: inactive players will automatically lose when time's up. (requested by Dynomyte07)
|j| Mystras Leoxses
|j| Ivan Sv
|c|☆Aggron|well
|c|☆Aggron|im fucked lmao
|c| Mystras Leoxses|its so depressing
|c| Mystras Leoxses|seeing gengar
|c| Mystras Leoxses|conk
|j| Scarfed krookodile
|c| Mystras Leoxses|tang
|inactive|Aggron has 120 seconds left.
|c| Mystras Leoxses|and toge
|c| Mystras Leoxses|be considered
|c| Mystras Leoxses|RU
|c|☆Aggron|half his team getting banned tbh
|
|t:|1605472608
|start
|switch|p1a: Vikavolt|Vikavolt, M|100/100
|switch|p2a: Kyurem|Kyurem|100/100
|-ability|p2a: Kyurem|Pressure
|turn|1
|c|☆Aggron|especially this
|
|t:|1605472618
|switch|p1a: Gardevoir|Gardevoir, F|100/100
|-ability|p1a: Gardevoir|Pressure|[from] ability: Trace|[of] p2a: Kyurem
|-ability|p1a: Gardevoir|Pressure
|move|p2a: Kyurem|Draco Meteor|p1a: Gardevoir
|-immune|p1a: Gardevoir
|
|upkeep
|turn|2
|
|t:|1605472624
|switch|p1a: Vikavolt|Vikavolt, M|100/100
|switch|p2a: Togekiss|Togekiss, M|100/100
|
|upkeep
|turn|3
|
|t:|1605472629
|switch|p2a: Kyurem|Kyurem|100/100
|-ability|p2a: Kyurem|Pressure
|move|p1a: Vikavolt|Sticky Web|p2a: Kyurem
|-sidestart|p2: Dynomyte07|move: Sticky Web
|
|upkeep
|turn|4
|
|t:|1605472634
|move|p2a: Kyurem|Draco Meteor|p1a: Vikavolt
|-damage|p1a: Vikavolt|0 fnt
|-unboost|p2a: Kyurem|spa|2
|faint|p1a: Vikavolt
|
|upkeep
|
|t:|1605472651
|switch|p1a: Golurk|Golurk|100/100
|turn|5
|
|t:|1605472657
|switch|p2a: Tangrowth|Tangrowth, F|100/100
|-activate|p2a: Tangrowth|move: Sticky Web
|-unboost|p2a: Tangrowth|spe|1
|move|p1a: Golurk|Poltergeist|p2a: Tangrowth
|-activate|p2a: Tangrowth|move: Poltergeist|Rocky Helmet
|-crit|p2a: Tangrowth
|-damage|p2a: Tangrowth|56/100
|
|upkeep
|turn|6
|
|t:|1605472664
|switch|p1a: Exploud|Exploud, M|100/100
|move|p2a: Tangrowth|Giga Drain|p1a: Exploud
|-damage|p1a: Exploud|67/100
|-heal|p2a: Tangrowth|71/100|[from] drain|[of] p1a: Exploud
|
|upkeep
|turn|7
|
|t:|1605472674
|switch|p2a: Registeel|Registeel|100/100
|-activate|p2a: Registeel|move: Sticky Web
|-fail|p2a: Registeel|unboost|[from] ability: Clear Body|[of] p2a: Registeel
|move|p1a: Exploud|Fire Blast|p2a: Registeel
|-supereffective|p2a: Registeel
|-damage|p2a: Registeel|49/100
|
|-heal|p2a: Registeel|55/100|[from] item: Leftovers
|upkeep
|turn|8
|
|t:|1605472687
|switch|p1a: Golurk|Golurk|100/100
|move|p2a: Registeel|Toxic|p1a: Golurk
|-status|p1a: Golurk|tox
|
|-heal|p2a: Registeel|61/100|[from] item: Leftovers
|-damage|p1a: Golurk|95/100 tox|[from] psn
|upkeep
|turn|9
|
|t:|1605472692
|move|p2a: Registeel|Protect|p2a: Registeel
|-singleturn|p2a: Registeel|Protect
|move|p1a: Golurk|Stealth Rock|p2a: Registeel
|-sidestart|p2: Dynomyte07|move: Stealth Rock
|
|-heal|p2a: Registeel|67/100|[from] item: Leftovers
|-damage|p1a: Golurk|83/100 tox|[from] psn
|upkeep
|turn|10
|
|t:|1605472701
|switch|p1a: Exploud|Exploud, M|67/100
|switch|p2a: Tangrowth|Tangrowth, F|100/100
|-damage|p2a: Tangrowth|88/100|[from] Stealth Rock
|-activate|p2a: Tangrowth|move: Sticky Web
|-unboost|p2a: Tangrowth|spe|1
|
|upkeep
|turn|11
|
|t:|1605472711
|switch|p2a: Registeel|Registeel|67/100
|-activate|p2a: Registeel|move: Sticky Web
|-fail|p2a: Registeel|unboost|[from] ability: Clear Body|[of] p2a: Registeel
|-damage|p2a: Registeel|61/100|[from] Stealth Rock
|move|p1a: Exploud|Boomburst|p2a: Registeel
|-resisted|p2a: Registeel
|-damage|p2a: Registeel|37/100
|
|-heal|p2a: Registeel|43/100|[from] item: Leftovers
|upkeep
|turn|12
|
|t:|1605472718
|switch|p1a: Virizion|Virizion|100/100
|switch|p2a: Togekiss|Togekiss, M|100/100
|
|upkeep
|turn|13
|
|t:|1605472730
|move|p1a: Virizion|Taunt|p2a: Togekiss
|-start|p2a: Togekiss|move: Taunt
|cant|p2a: Togekiss|move: Taunt|Defog
|
|upkeep
|turn|14
|
|t:|1605472734
|switch|p1a: Kabutops|Kabutops, F|100/100
|move|p2a: Togekiss|Air Slash|p1a: Kabutops
|-resisted|p1a: Kabutops
|-damage|p1a: Kabutops|72/100
|
|upkeep
|turn|15
|
|t:|1605472739
|switch|p2a: Tangrowth|Tangrowth, F|100/100
|-damage|p2a: Tangrowth|88/100|[from] Stealth Rock
|-activate|p2a: Tangrowth|move: Sticky Web
|-unboost|p2a: Tangrowth|spe|1
|move|p1a: Kabutops|Flip Turn|p2a: Tangrowth
|-resisted|p2a: Tangrowth
|-damage|p2a: Tangrowth|79/100
|-damage|p1a: Kabutops|56/100|[from] item: Rocky Helmet|[of] p2a: Tangrowth
|
|t:|1605472742
|switch|p1a: Exploud|Exploud, M|67/100|[from]move: Flip Turn
|
|upkeep
|turn|16
|
|t:|1605472753
|switch|p2a: Registeel|Registeel|43/100
|-damage|p2a: Registeel|37/100|[from] Stealth Rock
|-activate|p2a: Registeel|move: Sticky Web
|-fail|p2a: Registeel|unboost|[from] ability: Clear Body|[of] p2a: Registeel
|move|p1a: Exploud|Boomburst|p2a: Registeel
|-resisted|p2a: Registeel
|-crit|p2a: Registeel
|-damage|p2a: Registeel|0 fnt
|faint|p2a: Registeel
|
|upkeep
|
|t:|1605472763
|switch|p2a: Togekiss|Togekiss, M|100/100
|turn|17
|
|t:|1605472767
|move|p2a: Togekiss|Defog|p1a: Exploud
|-unboost|p1a: Exploud|evasion|1
|-sideend|p2: Dynomyte07|Stealth Rock|[from] move: Defog|[of] p2a: Togekiss
|-sideend|p2: Dynomyte07|Sticky Web|[from] move: Defog|[of] p2a: Togekiss
|move|p1a: Exploud|Boomburst|p2a: Togekiss
|-damage|p2a: Togekiss|26/100
|
|upkeep
|turn|18
|
|t:|1605472774
|move|p2a: Togekiss|Air Slash|p1a: Exploud
|-damage|p1a: Exploud|32/100
|cant|p1a: Exploud|flinch
|
|upkeep
|turn|19
|
|t:|1605472778
|switch|p1a: Kabutops|Kabutops, F|56/100
|move|p2a: Togekiss|Air Slash|p1a: Kabutops
|-resisted|p1a: Kabutops
|-damage|p1a: Kabutops|29/100
|
|upkeep
|turn|20
|c| Mystras Leoxses|classic togekiss
|
|t:|1605472785
|move|p2a: Togekiss|Roost|p2a: Togekiss
|-heal|p2a: Togekiss|76/100
|-singleturn|p2a: Togekiss|move: Roost
|move|p1a: Kabutops|Flip Turn|p2a: Togekiss
|-crit|p2a: Togekiss
|-damage|p2a: Togekiss|23/100
|
|t:|1605472789
|switch|p1a: Gardevoir|Gardevoir, F|100/100|[from]move: Flip Turn
|-ability|p1a: Gardevoir|Serene Grace|[from] ability: Trace|[of] p2a: Togekiss
|
|upkeep
|turn|21
|c|☆Aggron|i lost from the start tbh
|j| Geertos
|
|t:|1605472805
|move|p1a: Gardevoir|Psychic|p2a: Togekiss
|-damage|p2a: Togekiss|0 fnt
|faint|p2a: Togekiss
|
|upkeep
|c|☆Aggron|but good to see ladder updated
|
|t:|1605472809
|switch|p2a: Kyurem|Kyurem|100/100
|-ability|p2a: Kyurem|Pressure
|turn|22
|
|t:|1605472816
|switch|p1a: Kabutops|Kabutops, F|29/100
|move|p2a: Kyurem|Ice Beam|p1a: Kabutops
|-resisted|p1a: Kabutops
|-damage|p1a: Kabutops|0 fnt
|faint|p1a: Kabutops
|
|upkeep
|c| Geertos|wow
|c| Mystras Leoxses|u still have a chance tbh
|c|☆Aggron|he has to play terribly
|c| Mystras Leoxses|admittedly pretty low chance
|
|t:|1605472839
|switch|p1a: Gardevoir|Gardevoir, F|100/100
|-ability|p1a: Gardevoir|Pressure|[from] ability: Trace|[of] p2a: Kyurem
|-ability|p1a: Gardevoir|Pressure
|turn|23
|c| Mystras Leoxses|i didnt say it was a high one
|c| Geertos|hopefully the list gets updated soon as well
|
|t:|1605472861
|move|p1a: Gardevoir|Psychic|p2a: Kyurem
|-damage|p2a: Kyurem|53/100
|move|p2a: Kyurem|Ice Beam|p1a: Gardevoir
|-damage|p1a: Gardevoir|23/100
|
|upkeep
|turn|24
|
|t:|1605472874
|switch|p1a: Golurk|Golurk|83/100 tox
|move|p2a: Kyurem|Ice Beam|p1a: Golurk
|-supereffective|p1a: Golurk
|-damage|p1a: Golurk|0 fnt
|faint|p1a: Golurk
|
|upkeep
|
|t:|1605472876
|switch|p1a: Gardevoir|Gardevoir, F|23/100
|-ability|p1a: Gardevoir|Pressure|[from] ability: Trace|[of] p2a: Kyurem
|-ability|p1a: Gardevoir|Pressure
|turn|25
|
|t:|1605472884
|switch|p2a: Tangrowth|Tangrowth, F|100/100
|move|p1a: Gardevoir|Psychic|p2a: Tangrowth
|-damage|p2a: Tangrowth|37/100
|
|upkeep
|turn|26
|
|t:|1605472901
|switch|p2a: Conkeldurr|Conkeldurr, M|100/100
|move|p1a: Gardevoir|Psychic|p2a: Conkeldurr
|-supereffective|p2a: Conkeldurr
|-damage|p2a: Conkeldurr|0 fnt
|faint|p2a: Conkeldurr
|
|upkeep
|
|t:|1605472903
|switch|p2a: Gengar|Gengar, M|100/100
|turn|27
|j| JonAmon 25
|
|t:|1605472909
|move|p2a: Gengar|Sludge Wave|p1a: Gardevoir
|-supereffective|p1a: Gardevoir
|-damage|p1a: Gardevoir|0 fnt
|faint|p1a: Gardevoir
|
|upkeep
|
|t:|1605472912
|switch|p1a: Virizion|Virizion|100/100
|turn|28
|c| Mystras Leoxses|nvm
|c|☆Aggron|gg
|-message|Aggron forfeited.
|
|win|Dynomyte07
|l|☆Aggron
