|raw|<div class="broadcast-blue"><strong>This battle is required to be public due to a player having a name starting with 'rult70'.</div>
|j|☆Rult70d ani
|j|‽toxrus1
|t:|1626575515
|gametype|singles
|player|p1|Rult70d ani|pokemonrangerf-gen4|1448
|player|p2|toxrus1|beauty-gen4dp|1393
|teamsize|p1|6
|teamsize|p2|6
|gen|8
|tier|[Gen 8] RU
|rated|
|rule|Sleep Clause Mod: Limit one foe put to sleep
|rule|Species Clause: Limit one of each Pokémon
|rule|OHKO Clause: OHKO moves are banned
|rule|Evasion Moves Clause: Evasion moves are banned
|rule|Endless Battle Clause: Forcing endless battles is banned
|rule|HP Percentage Mod: HP is shown in percentages
|rule|Dynamax Clause: You cannot dynamax
|clearpoke
|poke|p1|Pangoro, F|
|poke|p1|Roserade, M|
|poke|p1|Golisopod, M|
|poke|p1|Flygon, F|
|poke|p1|Bronzong|
|poke|p1|Togekiss, F|
|poke|p2|Gastrodon, M|
|poke|p2|Ditto|
|poke|p2|Umbreon, M|
|poke|p2|Stakataka|
|poke|p2|Reuniclus, M|
|poke|p2|Togekiss, F|
|teampreview
|j| LT83AQ Xuxiyo
|inactive|Battle timer is ON: inactive players will automatically lose when time's up. (requested by Rult70d ani)
|j|+Nat
|
|t:|1626575550
|start
|switch|p1a: Bronzong|Bronzong|100/100
|switch|p2a: Ditto|Ditto|100/100
|-transform|p2a: Ditto|p1a: Bronzong|[from] ability: Imposter
|turn|1
|
|t:|1626575572
|move|p2a: Ditto|Stealth Rock|p1a: Bronzong
|-sidestart|p1: Rult70d ani|move: Stealth Rock
|move|p1a: Bronzong|Stealth Rock|p2a: Ditto
|-sidestart|p2: toxrus1|move: Stealth Rock
|
|upkeep
|turn|2
|
|t:|1626575581
|move|p2a: Ditto|Protect|p2a: Ditto
|-singleturn|p2a: Ditto|Protect
|move|p1a: Bronzong|Toxic|p2a: Ditto
|-activate|p2a: Ditto|move: Protect
|
|upkeep
|turn|3
|
|t:|1626575595
|switch|p1a: Roserade|Roserade, M|100/100
|switch|p2a: Reuniclus|Reuniclus, M, shiny|100/100
|-damage|p2a: Reuniclus|88/100|[from] Stealth Rock
|
|upkeep
|turn|4
|
|t:|1626575603
|move|p1a: Roserade|Sleep Powder|p2a: Reuniclus
|-status|p2a: Reuniclus|slp|[from] move: Sleep Powder
|cant|p2a: Reuniclus|slp
|
|upkeep
|turn|5
|
|t:|1626575612
|switch|p1a: Golisopod|Golisopod, M|100/100
|switch|p2a: Ditto|Ditto|100/100
|-damage|p2a: Ditto|88/100|[from] Stealth Rock
|-transform|p2a: Ditto|p1a: Golisopod|[from] ability: Imposter
|
|upkeep
|turn|6
|
|t:|1626575626
|switch|p1a: Togekiss|Togekiss, F|100/100
|move|p2a: Ditto|Knock Off|p1a: Togekiss
|-resisted|p1a: Togekiss
|-damage|p1a: Togekiss|88/100
|-enditem|p1a: Togekiss|Heavy-Duty Boots|[from] move: Knock Off|[of] p2a: Ditto
|
|upkeep
|turn|7
|
|t:|1626575637
|switch|p1a: Pangoro|Pangoro, F, shiny|100/100
|-damage|p1a: Pangoro|94/100|[from] Stealth Rock
|switch|p2a: Stakataka|Stakataka|100/100
|-damage|p2a: Stakataka|94/100|[from] Stealth Rock
|
|-heal|p2a: Stakataka|100/100|[from] item: Leftovers
|upkeep
|turn|8
|
|t:|1626575662
|switch|p2a: Togekiss|Togekiss, F|100/100
|move|p1a: Pangoro|Knock Off|p2a: Togekiss
|-resisted|p2a: Togekiss
|-damage|p2a: Togekiss|77/100
|-enditem|p2a: Togekiss|Heavy-Duty Boots|[from] move: Knock Off|[of] p1a: Pangoro
|-damage|p1a: Pangoro|85/100|[from] item: Life Orb
|
|upkeep
|turn|9
|
|t:|1626575672
|switch|p1a: Bronzong|Bronzong|100/100
|-damage|p1a: Bronzong|94/100|[from] Stealth Rock
|move|p2a: Togekiss|Thunder Wave|p1a: Bronzong
|-status|p1a: Bronzong|par
|
|-heal|p1a: Bronzong|100/100 par|[from] item: Leftovers
|upkeep
|turn|10
|
|t:|1626575678
|move|p2a: Togekiss|Roost|p2a: Togekiss
|-heal|p2a: Togekiss|100/100
|-singleturn|p2a: Togekiss|move: Roost
|move|p1a: Bronzong|Toxic|p2a: Togekiss
|-status|p2a: Togekiss|tox
|
|-damage|p2a: Togekiss|94/100 tox|[from] psn
|upkeep
|turn|11
|
|t:|1626575682
|switch|p2a: Reuniclus|Reuniclus, M, shiny|100/100 slp
|-damage|p2a: Reuniclus|88/100 slp|[from] Stealth Rock
|switch|p1a: Roserade|Roserade, M|100/100
|
|upkeep
|turn|12
|
|t:|1626575687
|switch|p1a: Golisopod|Golisopod, M|100/100
|cant|p2a: Reuniclus|slp
|
|upkeep
|turn|13
|
|t:|1626575697
|switch|p1a: Roserade|Roserade, M|100/100
|switch|p2a: Stakataka|Stakataka|100/100
|-damage|p2a: Stakataka|94/100|[from] Stealth Rock
|
|-heal|p2a: Stakataka|100/100|[from] item: Leftovers
|upkeep
|turn|14
|
|t:|1626575704
|switch|p1a: Bronzong|Bronzong|100/100 par
|-damage|p1a: Bronzong|94/100 par|[from] Stealth Rock
|move|p2a: Stakataka|Gyro Ball|p1a: Bronzong
|-resisted|p1a: Bronzong
|-damage|p1a: Bronzong|85/100 par
|
|-heal|p1a: Bronzong|92/100 par|[from] item: Leftovers
|upkeep
|turn|15
|
|t:|1626575714
|switch|p1a: Pangoro|Pangoro, F, shiny|85/100
|-damage|p1a: Pangoro|79/100|[from] Stealth Rock
|move|p2a: Stakataka|Body Press|p1a: Pangoro
|-supereffective|p1a: Pangoro
|-damage|p1a: Pangoro|0 fnt
|faint|p1a: Pangoro
|-ability|p2a: Stakataka|Beast Boost|boost
|-boost|p2a: Stakataka|def|1
|
|upkeep
|
|t:|1626575724
|switch|p1a: Flygon|Flygon, F|100/100
|-damage|p1a: Flygon|95/100|[from] Stealth Rock
|turn|16
|
|t:|1626575729
|move|p1a: Flygon|Earthquake|p2a: Stakataka
|-supereffective|p2a: Stakataka
|-damage|p2a: Stakataka|37/100
|move|p2a: Stakataka|Body Press|p1a: Flygon
|-damage|p1a: Flygon|16/100
|
|-heal|p2a: Stakataka|43/100|[from] item: Leftovers
|upkeep
|turn|17
|
|t:|1626575737
|switch|p1a: Roserade|Roserade, M|100/100
|switch|p2a: Ditto|Ditto|88/100
|-damage|p2a: Ditto|76/100|[from] Stealth Rock
|-transform|p2a: Ditto|p1a: Roserade|[from] ability: Imposter
|
|upkeep
|turn|18
|
|t:|1626575747
|switch|p1a: Bronzong|Bronzong|92/100 par
|-damage|p1a: Bronzong|85/100 par|[from] Stealth Rock
|switch|p2a: Umbreon|Umbreon, M|100/100
|-damage|p2a: Umbreon|88/100|[from] Stealth Rock
|
|-heal|p2a: Umbreon|94/100|[from] item: Leftovers
|-heal|p1a: Bronzong|92/100 par|[from] item: Leftovers
|upkeep
|turn|19
|
|t:|1626575752
|switch|p1a: Golisopod|Golisopod, M|100/100
|move|p2a: Umbreon|Heal Bell|p2a: Umbreon
|-activate|p2a: Umbreon|move: Heal Bell
|-curestatus|p2: Togekiss|tox|[msg]
|-curestatus|p2: Reuniclus|slp|[msg]
|
|-heal|p2a: Umbreon|99/100|[from] item: Leftovers
|upkeep
|turn|20
|
|t:|1626575765
|switch|p2a: Gastrodon|Gastrodon, M|100/100
|-damage|p2a: Gastrodon|94/100|[from] Stealth Rock
|switch|p1a: Roserade|Roserade, M|100/100
|
|-heal|p2a: Gastrodon|100/100|[from] item: Leftovers
|upkeep
|turn|21
|
|t:|1626575773
|switch|p2a: Umbreon|Umbreon, M|99/100
|-damage|p2a: Umbreon|88/100|[from] Stealth Rock
|move|p1a: Roserade|Sleep Powder|p2a: Umbreon
|-status|p2a: Umbreon|slp|[from] move: Sleep Powder
|
|-heal|p2a: Umbreon|94/100 slp|[from] item: Leftovers
|upkeep
|turn|22
|
|t:|1626575778
|switch|p1a: Golisopod|Golisopod, M|100/100
|switch|p2a: Reuniclus|Reuniclus, M, shiny|100/100
|-damage|p2a: Reuniclus|88/100|[from] Stealth Rock
|
|upkeep
|turn|23
|
|t:|1626575785
|switch|p1a: Roserade|Roserade, M|100/100
|switch|p2a: Gastrodon|Gastrodon, M|100/100
|-damage|p2a: Gastrodon|94/100|[from] Stealth Rock
|
|-heal|p2a: Gastrodon|100/100|[from] item: Leftovers
|upkeep
|turn|24
|
|t:|1626575790
|switch|p2a: Reuniclus|Reuniclus, M, shiny|100/100
|-damage|p2a: Reuniclus|88/100|[from] Stealth Rock
|move|p1a: Roserade|Spikes|p2a: Reuniclus
|-sidestart|p2: toxrus1|Spikes
|
|upkeep
|turn|25
|
|t:|1626575795
|switch|p1a: Golisopod|Golisopod, M|100/100
|move|p2a: Reuniclus|Knock Off|p1a: Golisopod
|-damage|p1a: Golisopod|89/100
|-enditem|p1a: Golisopod|Heavy-Duty Boots|[from] move: Knock Off|[of] p2a: Reuniclus
|
|upkeep
|turn|26
|
|t:|1626575802
|switch|p1a: Roserade|Roserade, M|100/100
|switch|p2a: Gastrodon|Gastrodon, M|100/100
|-damage|p2a: Gastrodon|94/100|[from] Stealth Rock
|-damage|p2a: Gastrodon|82/100|[from] Spikes
|
|-heal|p2a: Gastrodon|88/100|[from] item: Leftovers
|upkeep
|turn|27
|
|t:|1626575807
|switch|p2a: Reuniclus|Reuniclus, M, shiny|100/100
|-damage|p2a: Reuniclus|88/100|[from] Stealth Rock
|-damage|p2a: Reuniclus|76/100|[from] Spikes
|move|p1a: Roserade|Sludge Bomb|p2a: Reuniclus
|-damage|p2a: Reuniclus|55/100
|
|upkeep
|turn|28
|
|t:|1626575812
|switch|p1a: Golisopod|Golisopod, M|89/100
|-damage|p1a: Golisopod|65/100|[from] Stealth Rock
|move|p2a: Reuniclus|Future Sight|p1a: Golisopod
|-start|p2a: Reuniclus|move: Future Sight
|
|upkeep
|turn|29
|
|t:|1626575817
|switch|p1a: Roserade|Roserade, M|100/100
|switch|p2a: Togekiss|Togekiss, F|94/100
|-damage|p2a: Togekiss|69/100|[from] Stealth Rock
|
|upkeep
|turn|30
|
|t:|1626575824
|switch|p1a: Bronzong|Bronzong|92/100 par
|-damage|p1a: Bronzong|85/100 par|[from] Stealth Rock
|switch|p2a: Reuniclus|Reuniclus, M, shiny|88/100
|-damage|p2a: Reuniclus|76/100|[from] Spikes
|-damage|p2a: Reuniclus|64/100|[from] Stealth Rock
|
|-end|p1a: Bronzong|move: Future Sight
|-resisted|p1a: Bronzong
|-damage|p1a: Bronzong|77/100 par
|-heal|p1a: Bronzong|83/100 par|[from] item: Leftovers
|upkeep
|turn|31
|
|t:|1626575836
|switch|p2a: Stakataka|Stakataka|43/100
|-damage|p2a: Stakataka|31/100|[from] Spikes
|-damage|p2a: Stakataka|24/100|[from] Stealth Rock
|cant|p1a: Bronzong|par
|
|-heal|p1a: Bronzong|89/100 par|[from] item: Leftovers
|-heal|p2a: Stakataka|31/100|[from] item: Leftovers
|upkeep
|turn|32
|
|t:|1626575847
|move|p1a: Bronzong|Body Press|p2a: Stakataka
|-supereffective|p2a: Stakataka
|-damage|p2a: Stakataka|0 fnt
|faint|p2a: Stakataka
|
|-heal|p1a: Bronzong|95/100 par|[from] item: Leftovers
|upkeep
|
|t:|1626575854
|switch|p2a: Umbreon|Umbreon, M|94/100 slp
|-damage|p2a: Umbreon|81/100 slp|[from] Spikes
|-damage|p2a: Umbreon|69/100 slp|[from] Stealth Rock
|turn|33
|
|t:|1626575858
|cant|p2a: Umbreon|slp
|cant|p1a: Bronzong|par
|
|-heal|p2a: Umbreon|75/100 slp|[from] item: Leftovers
|-heal|p1a: Bronzong|100/100 par|[from] item: Leftovers
|upkeep
|turn|34
|
|t:|1626575865
|cant|p2a: Umbreon|slp
|move|p1a: Bronzong|Body Press|p2a: Umbreon
|-supereffective|p2a: Umbreon
|-damage|p2a: Umbreon|41/100 slp
|
|-heal|p2a: Umbreon|47/100 slp|[from] item: Leftovers
|upkeep
|turn|35
|
|t:|1626575878
|-curestatus|p2a: Umbreon|slp|[msg]
|move|p2a: Umbreon|Wish|p2a: Umbreon
|cant|p1a: Bronzong|par
|
|-heal|p2a: Umbreon|53/100|[from] item: Leftovers
|upkeep
|turn|36
|
|t:|1626575884
|move|p2a: Umbreon|Foul Play|p1a: Bronzong
|-supereffective|p1a: Bronzong
|-damage|p1a: Bronzong|57/100 par
|move|p1a: Bronzong|Toxic|p2a: Umbreon|[miss]
|-miss|p1a: Bronzong|p2a: Umbreon
|
|-heal|p2a: Umbreon|100/100|[from] move: Wish|[wisher] Umbreon
|-heal|p1a: Bronzong|64/100 par|[from] item: Leftovers
|upkeep
|turn|37
|
|t:|1626575891
|switch|p1a: Roserade|Roserade, M|100/100
|move|p2a: Umbreon|Wish|p2a: Umbreon
|
|upkeep
|turn|38
|
|t:|1626575901
|switch|p2a: Togekiss|Togekiss, F|69/100
|-damage|p2a: Togekiss|44/100|[from] Stealth Rock
|move|p1a: Roserade|Sludge Bomb|p2a: Togekiss
|-supereffective|p2a: Togekiss
|-damage|p2a: Togekiss|0 fnt
|faint|p2a: Togekiss
|
|upkeep
|
|t:|1626575911
|switch|p2a: Reuniclus|Reuniclus, M, shiny|97/100
|-damage|p2a: Reuniclus|85/100|[from] Spikes
|-damage|p2a: Reuniclus|73/100|[from] Stealth Rock
|turn|39
|
|t:|1626575919
|switch|p1a: Togekiss|Togekiss, F|88/100
|-damage|p1a: Togekiss|63/100|[from] Stealth Rock
|move|p2a: Reuniclus|Psyshock|p1a: Togekiss
|-damage|p1a: Togekiss|37/100
|
|upkeep
|turn|40
|
|t:|1626575926
|move|p1a: Togekiss|Roost|p1a: Togekiss
|-heal|p1a: Togekiss|87/100
|-singleturn|p1a: Togekiss|move: Roost
|move|p2a: Reuniclus|Future Sight|p1a: Togekiss
|-start|p2a: Reuniclus|move: Future Sight
|
|upkeep
|turn|41
|inactive|toxrus1 has 120 seconds left.
|inactive|toxrus1 has 90 seconds left.
|
|t:|1626575991
|switch|p2a: Umbreon|Umbreon, M|100/100
|-damage|p2a: Umbreon|88/100|[from] Stealth Rock
|-damage|p2a: Umbreon|76/100|[from] Spikes
|move|p1a: Togekiss|Air Slash|p2a: Umbreon
|-damage|p2a: Umbreon|60/100
|
|-heal|p2a: Umbreon|66/100|[from] item: Leftovers
|upkeep
|turn|42
|inactive|toxrus1 has 90 seconds left.
|
|t:|1626576003
|move|p1a: Togekiss|Air Slash|p2a: Umbreon
|-crit|p2a: Umbreon
|-damage|p2a: Umbreon|41/100
|cant|p2a: Umbreon|flinch
|
|-end|p1a: Togekiss|move: Future Sight
|-damage|p1a: Togekiss|42/100
|-heal|p2a: Umbreon|47/100|[from] item: Leftovers
|upkeep
|turn|43
|
|t:|1626576009
|move|p1a: Togekiss|Air Slash|p2a: Umbreon
|-damage|p2a: Umbreon|32/100
|cant|p2a: Umbreon|flinch
|
|-heal|p2a: Umbreon|38/100|[from] item: Leftovers
|upkeep
|turn|44
|
|t:|1626576013
|move|p2a: Umbreon|Protect|p2a: Umbreon
|-singleturn|p2a: Umbreon|Protect
|move|p1a: Togekiss|Air Slash|p2a: Umbreon
|-activate|p2a: Umbreon|move: Protect
|
|-heal|p2a: Umbreon|44/100|[from] item: Leftovers
|upkeep
|turn|45
|
|t:|1626576015
|move|p1a: Togekiss|Air Slash|p2a: Umbreon
|-damage|p2a: Umbreon|29/100
|move|p2a: Umbreon|Wish|p2a: Umbreon
|
|-heal|p2a: Umbreon|35/100|[from] item: Leftovers
|upkeep
|turn|46
|inactive|toxrus1 has 120 seconds left.
|
|t:|1626576022
|move|p1a: Togekiss|Roost|p1a: Togekiss
|-heal|p1a: Togekiss|92/100
|-singleturn|p1a: Togekiss|move: Roost
|move|p2a: Umbreon|Foul Play|p1a: Togekiss
|-resisted|p1a: Togekiss
|-damage|p1a: Togekiss|87/100
|
|-heal|p2a: Umbreon|85/100|[from] move: Wish|[wisher] Umbreon
|-heal|p2a: Umbreon|91/100|[from] item: Leftovers
|upkeep
|turn|47
|
|t:|1626576038
|switch|p1a: Roserade|Roserade, M|100/100
|move|p2a: Umbreon|Wish|p2a: Umbreon
|
|-heal|p2a: Umbreon|97/100|[from] item: Leftovers
|upkeep
|turn|48
|
|t:|1626576049
|move|p1a: Roserade|Spikes|p2a: Umbreon
|-sidestart|p2: toxrus1|Spikes
|move|p2a: Umbreon|Foul Play|p1a: Roserade
|-damage|p1a: Roserade|69/100
|
|-heal|p2a: Umbreon|100/100|[from] move: Wish|[wisher] Umbreon
|upkeep
|turn|49
|
|t:|1626576058
|switch|p2a: Gastrodon|Gastrodon, M|88/100
|-damage|p2a: Gastrodon|71/100|[from] Spikes
|-damage|p2a: Gastrodon|65/100|[from] Stealth Rock
|move|p1a: Roserade|Sleep Powder|p2a: Gastrodon
|-status|p2a: Gastrodon|slp|[from] move: Sleep Powder
|
|-heal|p2a: Gastrodon|71/100 slp|[from] item: Leftovers
|upkeep
|turn|50
|l|+Nat
|
|t:|1626576068
|switch|p2a: Umbreon|Umbreon, M|100/100
|-damage|p2a: Umbreon|84/100|[from] Spikes
|-damage|p2a: Umbreon|72/100|[from] Stealth Rock
|move|p1a: Roserade|Sludge Bomb|p2a: Umbreon
|-damage|p2a: Umbreon|49/100
|
|-heal|p2a: Umbreon|56/100|[from] item: Leftovers
|upkeep
|turn|51
|
|t:|1626576073
|move|p2a: Umbreon|Protect|p2a: Umbreon
|-singleturn|p2a: Umbreon|Protect
|move|p1a: Roserade|Sludge Bomb|p2a: Umbreon
|-activate|p2a: Umbreon|move: Protect
|
|-heal|p2a: Umbreon|62/100|[from] item: Leftovers
|upkeep
|turn|52
|
|t:|1626576088
|move|p1a: Roserade|Sludge Bomb|p2a: Umbreon
|-damage|p2a: Umbreon|38/100
|move|p2a: Umbreon|Wish|p2a: Umbreon
|
|-heal|p2a: Umbreon|44/100|[from] item: Leftovers
|upkeep
|turn|53
|
|t:|1626576092
|move|p1a: Roserade|Sludge Bomb|p2a: Umbreon
|-damage|p2a: Umbreon|20/100
|move|p2a: Umbreon|Foul Play|p1a: Roserade
|-damage|p1a: Roserade|34/100
|
|-heal|p2a: Umbreon|70/100|[from] move: Wish|[wisher] Umbreon
|-heal|p2a: Umbreon|76/100|[from] item: Leftovers
|upkeep
|turn|54
|
|t:|1626576104
|switch|p1a: Togekiss|Togekiss, F|87/100
|-damage|p1a: Togekiss|62/100|[from] Stealth Rock
|move|p2a: Umbreon|Wish|p2a: Umbreon
|
|-heal|p2a: Umbreon|82/100|[from] item: Leftovers
|upkeep
|turn|55
|
|t:|1626576114
|switch|p2a: Ditto|Ditto|76/100
|-damage|p2a: Ditto|59/100|[from] Spikes
|-damage|p2a: Ditto|47/100|[from] Stealth Rock
|-transform|p2a: Ditto|p1a: Togekiss|[from] ability: Imposter
|move|p1a: Togekiss|Roost|p1a: Togekiss
|-heal|p1a: Togekiss|100/100
|-singleturn|p1a: Togekiss|move: Roost
|
|-heal|p2a: Ditto|100/100|[from] move: Wish|[wisher] Umbreon
|upkeep
|turn|56
|
|t:|1626576130
|move|p1a: Togekiss|Wish|p1a: Togekiss
|move|p2a: Ditto|Wish|p2a: Ditto
|
|upkeep
|turn|57
|
|t:|1626576137
|move|p2a: Ditto|Air Slash|p1a: Togekiss
|-damage|p1a: Togekiss|78/100
|cant|p1a: Togekiss|flinch
|
|-heal|p1a: Togekiss|100/100|[from] move: Wish|[wisher] Togekiss
|upkeep
|turn|58
|
|t:|1626576142
|move|p1a: Togekiss|Heal Bell|p1a: Togekiss
|-activate|p1a: Togekiss|move: Heal Bell
|-curestatus|p1: Bronzong|par|[msg]
|move|p2a: Ditto|Air Slash|p1a: Togekiss
|-damage|p1a: Togekiss|76/100
|
|upkeep
|turn|59
|
|t:|1626576147
|move|p2a: Ditto|Wish|p2a: Ditto
|move|p1a: Togekiss|Wish|p1a: Togekiss
|
|upkeep
|turn|60
|
|t:|1626576161
|switch|p1a: Bronzong|Bronzong|64/100
|-damage|p1a: Bronzong|57/100|[from] Stealth Rock
|switch|p2a: Umbreon|Umbreon, M|82/100
|-damage|p2a: Umbreon|70/100|[from] Stealth Rock
|-damage|p2a: Umbreon|54/100|[from] Spikes
|
|-heal|p1a: Bronzong|100/100|[from] move: Wish|[wisher] Togekiss
|-heal|p2a: Umbreon|91/100|[from] move: Wish|[wisher] Ditto
|-heal|p2a: Umbreon|97/100|[from] item: Leftovers
|upkeep
|turn|61
|
|t:|1626576174
|switch|p1a: Togekiss|Togekiss, F|76/100
|-damage|p1a: Togekiss|51/100|[from] Stealth Rock
|move|p2a: Umbreon|Foul Play|p1a: Togekiss
|-resisted|p1a: Togekiss
|-damage|p1a: Togekiss|47/100
|
|-heal|p2a: Umbreon|100/100|[from] item: Leftovers
|upkeep
|turn|62
|
|t:|1626576188
|move|p1a: Togekiss|Roost|p1a: Togekiss
|-heal|p1a: Togekiss|97/100
|-singleturn|p1a: Togekiss|move: Roost
|move|p2a: Umbreon|Wish|p2a: Umbreon
|
|upkeep
|turn|63
|
|t:|1626576192
|switch|p2a: Reuniclus|Reuniclus, M, shiny|100/100
|-damage|p2a: Reuniclus|84/100|[from] Spikes
|-damage|p2a: Reuniclus|72/100|[from] Stealth Rock
|move|p1a: Togekiss|Wish|p1a: Togekiss
|
|-heal|p2a: Reuniclus|100/100|[from] move: Wish|[wisher] Umbreon
|upkeep
|turn|64
|
|t:|1626576207
|move|p1a: Togekiss|Air Slash|p2a: Reuniclus
|-damage|p2a: Reuniclus|85/100
|cant|p2a: Reuniclus|flinch
|
|-heal|p1a: Togekiss|100/100|[from] move: Wish|[wisher] Togekiss
|upkeep
|turn|65
|
|t:|1626576212
|move|p1a: Togekiss|Air Slash|p2a: Reuniclus|[miss]
|-miss|p1a: Togekiss|p2a: Reuniclus
|move|p2a: Reuniclus|Future Sight|p1a: Togekiss
|-start|p2a: Reuniclus|move: Future Sight
|
|upkeep
|turn|66
|
|t:|1626576220
|move|p1a: Togekiss|Wish|p1a: Togekiss
|move|p2a: Reuniclus|Psyshock|p1a: Togekiss
|-damage|p1a: Togekiss|73/100
|
|upkeep
|turn|67
|
|t:|1626576228
|move|p1a: Togekiss|Roost|p1a: Togekiss
|-heal|p1a: Togekiss|100/100
|-singleturn|p1a: Togekiss|move: Roost
|move|p2a: Reuniclus|Psyshock|p1a: Togekiss
|-damage|p1a: Togekiss|72/100
|
|-end|p1a: Togekiss|move: Future Sight
|-crit|p1a: Togekiss
|-damage|p1a: Togekiss|8/100
|-heal|p1a: Togekiss|58/100|[from] move: Wish|[wisher] Togekiss
|upkeep
|turn|68
|
|t:|1626576243
|move|p1a: Togekiss|Roost|p1a: Togekiss
|-heal|p1a: Togekiss|100/100
|-singleturn|p1a: Togekiss|move: Roost
|move|p2a: Reuniclus|Future Sight|p1a: Togekiss
|-start|p2a: Reuniclus|move: Future Sight
|
|upkeep
|turn|69
|
|t:|1626576246
|move|p1a: Togekiss|Air Slash|p2a: Reuniclus
|-damage|p2a: Reuniclus|70/100
|cant|p2a: Reuniclus|flinch
|
|upkeep
|turn|70
|
|t:|1626576251
|switch|p2a: Umbreon|Umbreon, M|100/100
|-damage|p2a: Umbreon|84/100|[from] Spikes
|-damage|p2a: Umbreon|72/100|[from] Stealth Rock
|move|p1a: Togekiss|Air Slash|p2a: Umbreon
|-damage|p2a: Umbreon|56/100
|
|-end|p1a: Togekiss|move: Future Sight
|-damage|p1a: Togekiss|53/100
|-heal|p2a: Umbreon|62/100|[from] item: Leftovers
|upkeep
|turn|71
|
|t:|1626576259
|move|p1a: Togekiss|Roost|p1a: Togekiss
|-heal|p1a: Togekiss|100/100
|-singleturn|p1a: Togekiss|move: Roost
|move|p2a: Umbreon|Wish|p2a: Umbreon
|
|-heal|p2a: Umbreon|68/100|[from] item: Leftovers
|upkeep
|turn|72
|
|t:|1626576271
|move|p2a: Umbreon|Protect|p2a: Umbreon
|-singleturn|p2a: Umbreon|Protect
|move|p1a: Togekiss|Wish|p1a: Togekiss
|
|-heal|p2a: Umbreon|100/100|[from] move: Wish|[wisher] Umbreon
|upkeep
|turn|73
|
|t:|1626576276
|switch|p1a: Golisopod|Golisopod, M|65/100
|-damage|p1a: Golisopod|40/100|[from] Stealth Rock
|-activate|p1a: Golisopod|ability: Emergency Exit
|
|t:|1626576282
|switch|p1a: Roserade|Roserade, M|34/100
|move|p2a: Umbreon|Wish|p2a: Umbreon
|
|-heal|p1a: Roserade|100/100|[from] move: Wish|[wisher] Togekiss
|upkeep
|turn|74
|
|t:|1626576295
|move|p1a: Roserade|Spikes|p2a: Umbreon
|-sidestart|p2: toxrus1|Spikes
|move|p2a: Umbreon|Foul Play|p1a: Roserade
|-damage|p1a: Roserade|66/100
|
|upkeep
|turn|75
|
|t:|1626576300
|move|p1a: Roserade|Sludge Bomb|p2a: Umbreon
|-damage|p2a: Umbreon|77/100
|move|p2a: Umbreon|Foul Play|p1a: Roserade
|-damage|p1a: Roserade|33/100
|
|-heal|p2a: Umbreon|83/100|[from] item: Leftovers
|upkeep
|turn|76
|j| iceking31
|j|+Nat
|inactive|Rult70d ani has 120 seconds left.
|
|t:|1626576331
|switch|p1a: Togekiss|Togekiss, F|100/100
|-damage|p1a: Togekiss|76/100|[from] Stealth Rock
|switch|p2a: Ditto|Ditto|100/100
|-damage|p2a: Ditto|76/100|[from] Spikes
|-damage|p2a: Ditto|63/100|[from] Stealth Rock
|-transform|p2a: Ditto|p1a: Togekiss|[from] ability: Imposter
|
|upkeep
|turn|77
|
|t:|1626576342
|move|p2a: Ditto|Wish|p2a: Ditto
|move|p1a: Togekiss|Wish|p1a: Togekiss
|
|upkeep
|turn|78
|
|t:|1626576348
|switch|p1a: Bronzong|Bronzong|100/100
|-damage|p1a: Bronzong|94/100|[from] Stealth Rock
|move|p2a: Ditto|Air Slash|p1a: Bronzong
|-resisted|p1a: Bronzong
|-damage|p1a: Bronzong|84/100
|
|-heal|p2a: Ditto|100/100|[from] move: Wish|[wisher] Ditto
|-heal|p1a: Bronzong|100/100|[from] move: Wish|[wisher] Togekiss
|upkeep
|turn|79
|
|t:|1626576355
|move|p2a: Ditto|Wish|p2a: Ditto
|move|p1a: Bronzong|Toxic|p2a: Ditto
|-status|p2a: Ditto|tox
|
|-damage|p2a: Ditto|94/100 tox|[from] psn
|upkeep
|turn|80
|
|t:|1626576360
|move|p2a: Ditto|Heal Bell|p2a: Ditto
|-activate|p2a: Ditto|move: Heal Bell
|-curestatus|p2a: Ditto|tox|[msg]
|-curestatus|p2: Gastrodon|slp|[msg]
|move|p1a: Bronzong|Toxic|p2a: Ditto
|-status|p2a: Ditto|tox
|
|-heal|p2a: Ditto|100/100 tox|[from] move: Wish|[wisher] Ditto
|-damage|p2a: Ditto|94/100 tox|[from] psn
|upkeep
|turn|81
|
|t:|1626576366
|move|p2a: Ditto|Heal Bell|p2a: Ditto
|-activate|p2a: Ditto|move: Heal Bell
|-curestatus|p2a: Ditto|tox|[msg]
|move|p1a: Bronzong|Toxic|p2a: Ditto
|-status|p2a: Ditto|tox
|
|-damage|p2a: Ditto|88/100 tox|[from] psn
|upkeep
|turn|82
|
|t:|1626576385
|switch|p1a: Roserade|Roserade, M|33/100
|move|p2a: Ditto|Air Slash|p1a: Roserade
|-supereffective|p1a: Roserade
|-damage|p1a: Roserade|0 fnt
|faint|p1a: Roserade
|
|-damage|p2a: Ditto|76/100 tox|[from] psn
|upkeep
|
|t:|1626576388
|switch|p1a: Bronzong|Bronzong|100/100
|-damage|p1a: Bronzong|94/100|[from] Stealth Rock
|turn|83
|
|t:|1626576395
|move|p2a: Ditto|Heal Bell|p2a: Ditto
|-activate|p2a: Ditto|move: Heal Bell
|-curestatus|p2a: Ditto|tox|[msg]
|move|p1a: Bronzong|Toxic|p2a: Ditto
|-status|p2a: Ditto|tox
|
|-heal|p1a: Bronzong|100/100|[from] item: Leftovers
|-damage|p2a: Ditto|70/100 tox|[from] psn
|upkeep
|turn|84
|
|t:|1626576402
|move|p2a: Ditto|Wish|p2a: Ditto
|move|p1a: Bronzong|Toxic|p2a: Ditto
|-fail|p2a: Ditto|tox
|
|-damage|p2a: Ditto|58/100 tox|[from] psn
|upkeep
|turn|85
|
|t:|1626576405
|move|p2a: Ditto|Heal Bell|p2a: Ditto
|-activate|p2a: Ditto|move: Heal Bell
|-curestatus|p2a: Ditto|tox|[msg]
|move|p1a: Bronzong|Toxic|p2a: Ditto
|-status|p2a: Ditto|tox
|
|-heal|p2a: Ditto|100/100 tox|[from] move: Wish|[wisher] Ditto
|-damage|p2a: Ditto|94/100 tox|[from] psn
|upkeep
|turn|86
|
|t:|1626576420
|move|p2a: Ditto|Wish|p2a: Ditto
|move|p1a: Bronzong|Body Press|p2a: Ditto
|-resisted|p2a: Ditto
|-damage|p2a: Ditto|90/100 tox
|
|-damage|p2a: Ditto|78/100 tox|[from] psn
|upkeep
|turn|87
|
|t:|1626576427
|move|p2a: Ditto|Heal Bell|p2a: Ditto
|-activate|p2a: Ditto|move: Heal Bell
|-curestatus|p2a: Ditto|tox|[msg]
|move|p1a: Bronzong|Toxic|p2a: Ditto
|-status|p2a: Ditto|tox
|
|-heal|p2a: Ditto|100/100 tox|[from] move: Wish|[wisher] Ditto
|-damage|p2a: Ditto|94/100 tox|[from] psn
|upkeep
|turn|88
|
|t:|1626576437
|move|p2a: Ditto|Wish|p2a: Ditto
|move|p1a: Bronzong|Body Press|p2a: Ditto
|-resisted|p2a: Ditto
|-damage|p2a: Ditto|90/100 tox
|
|-damage|p2a: Ditto|78/100 tox|[from] psn
|upkeep
|turn|89
|
|t:|1626576443
|switch|p2a: Umbreon|Umbreon, M|83/100
|-damage|p2a: Umbreon|70/100|[from] Stealth Rock
|-damage|p2a: Umbreon|45/100|[from] Spikes
|switch|p1a: Golisopod|Golisopod, M|40/100
|-damage|p1a: Golisopod|15/100|[from] Stealth Rock
|
|-heal|p2a: Umbreon|83/100|[from] move: Wish|[wisher] Ditto
|-heal|p2a: Umbreon|89/100|[from] item: Leftovers
|upkeep
|turn|90
|
|t:|1626576453
|move|p2a: Umbreon|Protect|p2a: Umbreon
|-singleturn|p2a: Umbreon|Protect
|move|p1a: Golisopod|Leech Life|p2a: Umbreon
|-activate|p2a: Umbreon|move: Protect
|
|-heal|p2a: Umbreon|95/100|[from] item: Leftovers
|upkeep
|turn|91
|
|t:|1626576461
|move|p2a: Umbreon|Foul Play|p1a: Golisopod
|-damage|p1a: Golisopod|0 fnt
|faint|p1a: Golisopod
|
|-heal|p2a: Umbreon|100/100|[from] item: Leftovers
|upkeep
|-message|Rult70d ani forfeited.
|
|win|toxrus1
|raw|Rult70d ani's rating: 1448 &rarr; <strong>1425</strong><br />(-23 for losing)
|raw|toxrus1's rating: 1393 &rarr; <strong>1416</strong><br />(+23 for winning)
|l|☆Rult70d ani
