|j|☆Eltoras
|j|☆FE6 Fir
|player|p1|Eltoras|blue|1291
|player|p2|FE6 Fir|swimmerf|1331
|teamsize|p1|6
|teamsize|p2|6
|gametype|singles
|gen|8
|tier|[Gen 8] RU
|rated|
|clearpoke
|poke|p1|Aromatisse, F|
|poke|p1|Jolteon, M|
|poke|p1|Sableye, F|
|poke|p1|Hitmontop, M|
|poke|p1|Roserade, F|
|poke|p1|Barbaracle, F|
|poke|p2|Silvally-*|
|poke|p2|Sigilyph, M|
|poke|p2|Passimian, F|
|poke|p2|Vaporeon, F|
|poke|p2|Vileplume, F|
|poke|p2|Gigalith, M|
|rule|Sleep Clause Mod: Limit one foe put to sleep
|rule|Species Clause: Limit one of each Pokémon
|rule|OHKO Clause: OHKO moves are banned
|rule|Evasion Moves Clause: Evasion moves are banned
|rule|Endless Battle Clause: Forcing endless battles is banned
|rule|HP Percentage Mod: HP is shown in percentages
|rule|Dynamax Clause: You cannot dynamax
|teampreview
|
|start
|switch|p1a: Gouloum|Sableye, F|100/100
|switch|p2a: Gigalith|Gigalith, M|100/100
|-weather|Sandstorm|[from] ability: Sand Stream|[of] p2a: Gigalith
|turn|1
|
|move|p2a: Gigalith|Protect|p2a: Gigalith
|-singleturn|p2a: Gigalith|Protect
|move|p1a: Gouloum|Will-O-Wisp|p2a: Gigalith
|-activate|p2a: Gigalith|move: Protect
|
|-weather|Sandstorm|[upkeep]
|-damage|p1a: Gouloum|94/100|[from] Sandstorm
|-heal|p1a: Gouloum|100/100|[from] item: Leftovers
|upkeep
|turn|2
|
|move|p1a: Gouloum|Knock Off|p2a: Gigalith
|-damage|p2a: Gigalith|80/100
|-enditem|p2a: Gigalith|Leftovers|[from] move: Knock Off|[of] p1a: Gouloum
|move|p2a: Gigalith|Stealth Rock|p1a: Gouloum
|-sidestart|p1: Eltoras|move: Stealth Rock
|
|-weather|Sandstorm|[upkeep]
|-damage|p1a: Gouloum|94/100|[from] Sandstorm
|-heal|p1a: Gouloum|100/100|[from] item: Leftovers
|upkeep
|turn|3
|
|switch|p2a: Vaporeon|Vaporeon, F|100/100
|move|p1a: Gouloum|Will-O-Wisp|p2a: Vaporeon
|-status|p2a: Vaporeon|brn
|
|-weather|Sandstorm|[upkeep]
|-damage|p2a: Vaporeon|94/100 brn|[from] Sandstorm
|-damage|p1a: Gouloum|94/100|[from] Sandstorm
|-heal|p2a: Vaporeon|100/100 brn|[from] item: Leftovers
|-heal|p1a: Gouloum|100/100|[from] item: Leftovers
|-damage|p2a: Vaporeon|94/100 brn|[from] brn
|upkeep
|turn|4
|
|move|p2a: Vaporeon|Ice Beam|p1a: Gouloum
|-damage|p1a: Gouloum|78/100
|move|p1a: Gouloum|Knock Off|p2a: Vaporeon
|-damage|p2a: Vaporeon|75/100 brn
|-enditem|p2a: Vaporeon|Leftovers|[from] move: Knock Off|[of] p1a: Gouloum
|
|-weather|Sandstorm|[upkeep]
|-damage|p2a: Vaporeon|69/100 brn|[from] Sandstorm
|-damage|p1a: Gouloum|72/100|[from] Sandstorm
|-heal|p1a: Gouloum|78/100|[from] item: Leftovers
|-damage|p2a: Vaporeon|63/100 brn|[from] brn
|upkeep
|turn|5
|inactive|Battle timer is ON: inactive players will automatically lose when time's up. (requested by FE6 Fir)
|
|switch|p1a: Buddy|Jolteon, M|100/100
|-damage|p1a: Buddy|88/100|[from] Stealth Rock
|move|p2a: Vaporeon|Wish|p2a: Vaporeon
|
|-weather|none
|-damage|p2a: Vaporeon|57/100 brn|[from] brn
|upkeep
|turn|6
|
|move|p2a: Vaporeon|Protect|p2a: Vaporeon
|-singleturn|p2a: Vaporeon|Protect
|move|p1a: Buddy|Volt Switch|p2a: Vaporeon
|-activate|p2a: Vaporeon|move: Protect
|
|-heal|p2a: Vaporeon|100/100 brn|[from] move: Wish|[wisher] Vaporeon
|-damage|p2a: Vaporeon|94/100 brn|[from] brn
|upkeep
|turn|7
|
|switch|p2a: Vileplume|Vileplume, F|100/100
|move|p1a: Buddy|Volt Switch|p2a: Vileplume
|-resisted|p2a: Vileplume
|-damage|p2a: Vileplume|77/100
|
|switch|p1a: iPPO|Hitmontop, M|100/100|[from]move: Volt Switch
|-damage|p1a: iPPO|94/100|[from] Stealth Rock
|-ability|p1a: iPPO|Intimidate|boost
|-unboost|p2a: Vileplume|atk|1
|
|-heal|p1a: iPPO|100/100|[from] item: Leftovers
|-heal|p2a: Vileplume|83/100|[from] item: Black Sludge
|upkeep
|turn|8
|
|move|p1a: iPPO|Fake Out|p2a: Vileplume
|-crit|p2a: Vileplume
|-damage|p2a: Vileplume|72/100
|cant|p2a: Vileplume|flinch
|
|-heal|p2a: Vileplume|78/100|[from] item: Black Sludge
|upkeep
|turn|9
|
|move|p1a: iPPO|Rapid Spin|p2a: Vileplume
|-damage|p2a: Vileplume|68/100
|-status|p1a: iPPO|slp|[from] ability: Effect Spore|[of] p2a: Vileplume
|-sideend|p1: Eltoras|Stealth Rock|[from] move: Rapid Spin|[of] p1a: iPPO
|-boost|p1a: iPPO|spe|1
|move|p2a: Vileplume|Sleep Powder|p1a: iPPO
|-fail|p1a: iPPO|slp
|
|-heal|p2a: Vileplume|75/100|[from] item: Black Sludge
|upkeep
|turn|10
|
|switch|p1a: Gouloum|Sableye, F|78/100
|move|p2a: Vileplume|Sludge Bomb|p1a: Gouloum
|-resisted|p1a: Gouloum
|-damage|p1a: Gouloum|61/100
|
|-heal|p2a: Vileplume|81/100|[from] item: Black Sludge
|-heal|p1a: Gouloum|67/100|[from] item: Leftovers
|upkeep
|turn|11
|
|move|p1a: Gouloum|Encore|p2a: Vileplume
|-start|p2a: Vileplume|Encore
|move|p2a: Vileplume|Sludge Bomb|p1a: Gouloum
|-resisted|p1a: Gouloum
|-damage|p1a: Gouloum|50/100
|
|-heal|p2a: Vileplume|87/100|[from] item: Black Sludge
|-heal|p1a: Gouloum|56/100|[from] item: Leftovers
|upkeep
|turn|12
|
|move|p1a: Gouloum|Will-O-Wisp|p2a: Vileplume
|-status|p2a: Vileplume|brn
|move|p2a: Vileplume|Sludge Bomb|p1a: Gouloum
|-resisted|p1a: Gouloum
|-damage|p1a: Gouloum|39/100
|-status|p1a: Gouloum|psn
|
|-heal|p2a: Vileplume|93/100 brn|[from] item: Black Sludge
|-heal|p1a: Gouloum|45/100 psn|[from] item: Leftovers
|-damage|p2a: Vileplume|87/100 brn|[from] brn
|-damage|p1a: Gouloum|32/100 psn|[from] psn
|upkeep
|turn|13
|
|switch|p2a: Vaporeon|Vaporeon, F|94/100 brn
|move|p1a: Gouloum|Recover|p1a: Gouloum
|-heal|p1a: Gouloum|82/100 psn
|
|-heal|p1a: Gouloum|89/100 psn|[from] item: Leftovers
|-damage|p2a: Vaporeon|88/100 brn|[from] brn
|-damage|p1a: Gouloum|76/100 psn|[from] psn
|upkeep
|turn|14
|
|switch|p1a: Buddy|Jolteon, M|88/100
|move|p2a: Vaporeon|Ice Beam|p1a: Buddy
|-damage|p1a: Buddy|61/100
|
|-damage|p2a: Vaporeon|82/100 brn|[from] brn
|upkeep
|turn|15
|
|switch|p2a: Gigalith|Gigalith, M|80/100
|-weather|Sandstorm|[from] ability: Sand Stream|[of] p2a: Gigalith
|move|p1a: Buddy|Volt Switch|p2a: Gigalith
|-damage|p2a: Gigalith|55/100
|
|switch|p1a: Gouloum|Sableye, F|76/100 psn|[from]move: Volt Switch
|
|-weather|Sandstorm|[upkeep]
|-damage|p1a: Gouloum|70/100 psn|[from] Sandstorm
|-heal|p1a: Gouloum|76/100 psn|[from] item: Leftovers
|-damage|p1a: Gouloum|64/100 psn|[from] psn
|upkeep
|turn|16
|
|move|p1a: Gouloum|Will-O-Wisp|p2a: Gigalith
|-status|p2a: Gigalith|brn
|move|p2a: Gigalith|Stealth Rock|p1a: Gouloum
|-sidestart|p1: Eltoras|move: Stealth Rock
|
|-weather|Sandstorm|[upkeep]
|-damage|p1a: Gouloum|57/100 psn|[from] Sandstorm
|-heal|p1a: Gouloum|64/100 psn|[from] item: Leftovers
|-damage|p1a: Gouloum|51/100 psn|[from] psn
|-damage|p2a: Gigalith|49/100 brn|[from] brn
|upkeep
|turn|17
|
|switch|p2a: Sigilyph|Sigilyph, M|100/100
|move|p1a: Gouloum|Recover|p1a: Gouloum
|-heal|p1a: Gouloum|100/100 psn
|
|-weather|Sandstorm|[upkeep]
|-damage|p1a: Gouloum|94/100 psn|[from] Sandstorm
|-heal|p1a: Gouloum|100/100 psn|[from] item: Leftovers
|-damage|p1a: Gouloum|88/100 psn|[from] psn
|upkeep
|turn|18
|
|move|p2a: Sigilyph|Air Slash|p1a: Gouloum
|-damage|p1a: Gouloum|39/100 psn
|move|p1a: Gouloum|Knock Off|p2a: Sigilyph
|-supereffective|p2a: Sigilyph
|-damage|p2a: Sigilyph|20/100
|-enditem|p2a: Sigilyph|Life Orb|[from] move: Knock Off|[of] p1a: Gouloum
|
|-weather|Sandstorm|[upkeep]
|-damage|p1a: Gouloum|33/100 psn|[from] Sandstorm
|-heal|p1a: Gouloum|39/100 psn|[from] item: Leftovers
|-damage|p1a: Gouloum|26/100 psn|[from] psn
|upkeep
|turn|19
|
|move|p1a: Gouloum|Recover|p1a: Gouloum
|-heal|p1a: Gouloum|76/100 psn
|move|p2a: Sigilyph|Air Slash|p1a: Gouloum
|-damage|p1a: Gouloum|42/100 psn
|
|-weather|none
|-heal|p1a: Gouloum|48/100 psn|[from] item: Leftovers
|-damage|p1a: Gouloum|35/100 psn|[from] psn
|upkeep
|turn|20
|
|move|p1a: Gouloum|Recover|p1a: Gouloum
|-heal|p1a: Gouloum|85/100 psn
|move|p2a: Sigilyph|Air Slash|p1a: Gouloum
|-damage|p1a: Gouloum|50/100 psn
|
|-heal|p1a: Gouloum|57/100 psn|[from] item: Leftovers
|-damage|p1a: Gouloum|44/100 psn|[from] psn
|upkeep
|turn|21
|
|move|p1a: Gouloum|Recover|p1a: Gouloum
|-heal|p1a: Gouloum|94/100 psn
|move|p2a: Sigilyph|Roost|p2a: Sigilyph
|-heal|p2a: Sigilyph|71/100
|-singleturn|p2a: Sigilyph|move: Roost
|
|-heal|p1a: Gouloum|100/100 psn|[from] item: Leftovers
|-damage|p1a: Gouloum|88/100 psn|[from] psn
|upkeep
|turn|22
|
|move|p2a: Sigilyph|Air Slash|p1a: Gouloum
|-damage|p1a: Gouloum|52/100 psn
|move|p1a: Gouloum|Knock Off|p2a: Sigilyph
|-supereffective|p2a: Sigilyph
|-damage|p2a: Sigilyph|22/100
|
|-heal|p1a: Gouloum|59/100 psn|[from] item: Leftovers
|-damage|p1a: Gouloum|46/100 psn|[from] psn
|upkeep
|turn|23
|
|switch|p1a: Buddy|Jolteon, M|61/100
|-damage|p1a: Buddy|49/100|[from] Stealth Rock
|move|p2a: Sigilyph|Roost|p2a: Sigilyph
|-heal|p2a: Sigilyph|72/100
|-singleturn|p2a: Sigilyph|move: Roost
|
|upkeep
|turn|24
|
|switch|p2a: Silvally|Silvally-Steel|100/100
|move|p1a: Buddy|Volt Switch|p2a: Silvally
|-damage|p2a: Silvally|46/100
|
|switch|p1a: iPPO|Hitmontop, M|100/100 slp|[from]move: Volt Switch
|-damage|p1a: iPPO|94/100 slp|[from] Stealth Rock
|-ability|p1a: iPPO|Intimidate|boost
|-unboost|p2a: Silvally|atk|1
|
|-heal|p1a: iPPO|100/100 slp|[from] item: Leftovers
|upkeep
|turn|25
|
|switch|p2a: Sigilyph|Sigilyph, M|72/100
|cant|p1a: iPPO|slp
|
|upkeep
|turn|26
|
|switch|p1a: cARDI|Aromatisse, F|100/100
|-damage|p1a: cARDI|88/100|[from] Stealth Rock
|move|p2a: Sigilyph|Air Slash|p1a: cARDI
|-damage|p1a: cARDI|57/100
|
|-heal|p1a: cARDI|63/100|[from] item: Leftovers
|upkeep
|turn|27
|
|move|p2a: Sigilyph|Calm Mind|p2a: Sigilyph
|-boost|p2a: Sigilyph|spa|1
|-boost|p2a: Sigilyph|spd|1
|move|p1a: cARDI|Wish|p1a: cARDI
|
|-heal|p1a: cARDI|69/100|[from] item: Leftovers
|upkeep
|turn|28
|
|move|p2a: Sigilyph|Air Slash|p1a: cARDI
|-damage|p1a: cARDI|19/100
|move|p1a: cARDI|Calm Mind|p1a: cARDI
|-boost|p1a: cARDI|spa|1
|-boost|p1a: cARDI|spd|1
|
|-heal|p1a: cARDI|69/100|[from] move: Wish|[wisher] cARDI
|-heal|p1a: cARDI|75/100|[from] item: Leftovers
|upkeep
|turn|29
|
|move|p2a: Sigilyph|Psyshock|p1a: cARDI
|-damage|p1a: cARDI|34/100
|move|p1a: cARDI|Calm Mind|p1a: cARDI
|-boost|p1a: cARDI|spa|1
|-boost|p1a: cARDI|spd|1
|
|-heal|p1a: cARDI|40/100|[from] item: Leftovers
|upkeep
|turn|30
|
|move|p1a: cARDI|Protect|p1a: cARDI
|-singleturn|p1a: cARDI|Protect
|move|p2a: Sigilyph|Calm Mind|p2a: Sigilyph
|-boost|p2a: Sigilyph|spa|1
|-boost|p2a: Sigilyph|spd|1
|
|-heal|p1a: cARDI|46/100|[from] item: Leftovers
|upkeep
|turn|31
|
|move|p2a: Sigilyph|Psyshock|p1a: cARDI
|-damage|p1a: cARDI|0 fnt
|faint|p1a: cARDI
|
|upkeep
|
|switch|p1a: Buddy|Jolteon, M|49/100
|-damage|p1a: Buddy|37/100|[from] Stealth Rock
|turn|32
|
|switch|p2a: Passimian|Passimian, F|100/100
|move|p1a: Buddy|Thunderbolt|p2a: Passimian
|-damage|p2a: Passimian|6/100
|
|upkeep
|turn|33
|
|switch|p1a: BadGyal|Roserade, F|100/100
|-damage|p1a: BadGyal|88/100|[from] Stealth Rock
|move|p2a: Passimian|Knock Off|p1a: BadGyal
|-damage|p1a: BadGyal|32/100
|-enditem|p1a: BadGyal|Black Sludge|[from] move: Knock Off|[of] p2a: Passimian
|
|upkeep
|turn|34
|
|move|p2a: Passimian|Knock Off|p1a: BadGyal
|-damage|p1a: BadGyal|0 fnt
|faint|p1a: BadGyal
|
|upkeep
|
|switch|p1a: tenshihan|Barbaracle, F|100/100
|-damage|p1a: tenshihan|88/100|[from] Stealth Rock
|turn|35
|
|switch|p2a: Vileplume|Vileplume, F|87/100 brn
|move|p1a: tenshihan|Shell Smash|p1a: tenshihan
|-unboost|p1a: tenshihan|def|1
|-unboost|p1a: tenshihan|spd|1
|-boost|p1a: tenshihan|atk|2
|-boost|p1a: tenshihan|spa|2
|-boost|p1a: tenshihan|spe|2
|-enditem|p1a: tenshihan|White Herb
|-clearnegativeboost|p1a: tenshihan|[silent]
|
|-heal|p2a: Vileplume|93/100 brn|[from] item: Black Sludge
|-damage|p2a: Vileplume|87/100 brn|[from] brn
|upkeep
|turn|36
|
|move|p1a: tenshihan|Earthquake|p2a: Vileplume
|-damage|p2a: Vileplume|39/100 brn
|move|p2a: Vileplume|Giga Drain|p1a: tenshihan
|-supereffective|p1a: tenshihan
|-damage|p1a: tenshihan|0 fnt
|-heal|p2a: Vileplume|75/100 brn|[from] drain|[of] p1a: tenshihan
|faint|p1a: tenshihan
|
|-heal|p2a: Vileplume|81/100 brn|[from] item: Black Sludge
|-damage|p2a: Vileplume|75/100 brn|[from] brn
|upkeep
|-message|Eltoras forfeited.
|
|win|FE6 Fir
|l|☆Eltoras
||Ladder (probably) updated, but score could not be retrieved (Response not received).
