|html|<div class="broadcast-blue"><strong>[Gen 8] RU is currently suspecting Durant! For information on how to participate check out the <a href="https://www.smogon.com/forums/threads/np-ru-stage-9-hit-or-miss-durant-suspect-test.3690288/">suspect thread</a>.</strong></div>
|j|☆berzangelus
|j|☆epicowl10
|t:|1631241094
|gametype|singles
|player|p1|berzangelus|101|1338
|player|p2|epicowl10|lucas|1340
|teamsize|p1|6
|teamsize|p2|6
|gen|8
|tier|[Gen 8] RU
|rated|
|rule|Sleep Clause Mod: Limit one foe put to sleep
|rule|Species Clause: Limit one of each Pokémon
|rule|OHKO Clause: OHKO moves are banned
|rule|Evasion Moves Clause: Evasion moves are banned
|rule|Endless Battle Clause: Forcing endless battles is banned
|rule|HP Percentage Mod: HP is shown in percentages
|rule|Dynamax Clause: You cannot dynamax
|clearpoke
|poke|p1|Gastrodon, F|
|poke|p1|Crobat, F|
|poke|p1|Cobalion|
|poke|p1|Chandelure, M|
|poke|p1|Tsareena, F|
|poke|p1|Gardevoir, F|
|poke|p2|Mimikyu, F|
|poke|p2|Darmanitan, M|
|poke|p2|Araquanid, M|
|poke|p2|Flygon, M|
|poke|p2|Regidrago|
|poke|p2|Toxtricity, F|
|teampreview
|
|t:|1631241114
|start
|switch|p1a: Gastrodon|Gastrodon, F|100/100
|switch|p2a: Flygon|Flygon, M|100/100
|turn|1
|
|t:|1631241125
|move|p2a: Flygon|U-turn|p1a: Gastrodon
|-damage|p1a: Gastrodon|82/100
|
|t:|1631241130
|switch|p2a: Araquanid|Araquanid, M|100/100|[from]move: U-turn
|move|p1a: Gastrodon|Toxic|p2a: Araquanid
|-status|p2a: Araquanid|tox
|
|-heal|p1a: Gastrodon|89/100|[from] item: Leftovers
|-damage|p2a: Araquanid|94/100 tox|[from] psn
|upkeep
|turn|2
|
|t:|1631241140
|switch|p1a: Crobat|Crobat, F, shiny|100/100
|move|p2a: Araquanid|Sticky Web|p1a: Crobat
|-sidestart|p1: berzangelus|move: Sticky Web
|
|-damage|p2a: Araquanid|82/100 tox|[from] psn
|upkeep
|turn|3
|
|t:|1631241149
|move|p1a: Crobat|Brave Bird|p2a: Araquanid
|-supereffective|p2a: Araquanid
|-damage|p2a: Araquanid|0 fnt
|faint|p2a: Araquanid
|-damage|p1a: Crobat|71/100|[from] Recoil
|
|upkeep
|
|t:|1631241171
|switch|p2a: Toxtricity|Toxtricity, F|100/100
|turn|4
|
|t:|1631241188
|move|p1a: Crobat|Defog|p2a: Toxtricity
|-unboost|p2a: Toxtricity|evasion|1
|-sideend|p1: berzangelus|Sticky Web|[from] move: Defog|[of] p1a: Crobat
|move|p2a: Toxtricity|Shift Gear|p2a: Toxtricity
|-boost|p2a: Toxtricity|spe|2
|-boost|p2a: Toxtricity|atk|1
|
|upkeep
|turn|5
|
|t:|1631241194
|switch|p1a: Gastrodon|Gastrodon, F|89/100
|move|p2a: Toxtricity|Boomburst|p1a: Gastrodon
|-damage|p1a: Gastrodon|31/100
|-damage|p2a: Toxtricity|91/100|[from] item: Life Orb
|
|-heal|p1a: Gastrodon|37/100|[from] item: Leftovers
|upkeep
|turn|6
|
|t:|1631241203
|move|p2a: Toxtricity|Boomburst|p1a: Gastrodon
|-damage|p1a: Gastrodon|0 fnt
|faint|p1a: Gastrodon
|-damage|p2a: Toxtricity|81/100|[from] item: Life Orb
|
|upkeep
|
|t:|1631241211
|switch|p1a: Gardevoir|Gardevoir, F, shiny|100/100
|-ability|p1a: Gardevoir|Punk Rock|[from] ability: Trace|[of] p2a: Toxtricity
|turn|7
|
|t:|1631241247
|move|p2a: Toxtricity|Boomburst|p1a: Gardevoir
|-damage|p1a: Gardevoir|53/100
|-damage|p2a: Toxtricity|71/100|[from] item: Life Orb
|move|p1a: Gardevoir|Psyshock|p2a: Toxtricity
|-supereffective|p2a: Toxtricity
|-damage|p2a: Toxtricity|0 fnt
|faint|p2a: Toxtricity
|
|upkeep
|
|t:|1631241252
|switch|p2a: Mimikyu|Mimikyu, F|100/100
|turn|8
|inactive|Battle timer is ON: inactive players will automatically lose when time's up. (requested by berzangelus)
|
|t:|1631241276
|switch|p1a: Cobalion|Cobalion|100/100
|move|p2a: Mimikyu|Swords Dance|p2a: Mimikyu
|-boost|p2a: Mimikyu|atk|2
|
|upkeep
|turn|9
|
|t:|1631241283
|move|p2a: Mimikyu|Play Rough|p1a: Cobalion
|-damage|p1a: Cobalion|48/100
|-damage|p2a: Mimikyu|84/100|[from] item: Rocky Helmet|[of] p1a: Cobalion
|-damage|p2a: Mimikyu|74/100|[from] item: Life Orb
|move|p1a: Cobalion|Iron Head|p2a: Mimikyu
|-activate|p2a: Mimikyu|ability: Disguise
|-damage|p2a: Mimikyu|74/100
|detailschange|p2a: Mimikyu|Mimikyu-Busted, F
|-damage|p2a: Mimikyu|62/100|[from] pokemon: Mimikyu-Busted
|
|upkeep
|turn|10
|
|t:|1631241291
|move|p2a: Mimikyu|Play Rough|p1a: Cobalion
|-damage|p1a: Cobalion|0 fnt
|-damage|p2a: Mimikyu|46/100|[from] item: Rocky Helmet|[of] p1a: Cobalion
|faint|p1a: Cobalion
|-damage|p2a: Mimikyu|36/100|[from] item: Life Orb
|
|upkeep
|
|t:|1631241301
|switch|p1a: Tsareena|Tsareena, F, shiny|100/100
|turn|11
|
|t:|1631241314
|switch|p2a: Flygon|Flygon, M|100/100
|move|p1a: Tsareena|Power Whip|p2a: Flygon
|-damage|p2a: Flygon|53/100
|-damage|p1a: Tsareena|84/100|[from] item: Rocky Helmet|[of] p2a: Flygon
|
|-heal|p1a: Tsareena|90/100|[from] item: Leftovers
|upkeep
|turn|12
|
|t:|1631241320
|move|p1a: Tsareena|Triple Axel|p2a: Flygon
|-supereffective|p2a: Flygon
|-damage|p2a: Flygon|28/100
|-damage|p1a: Tsareena|73/100|[from] item: Rocky Helmet|[of] p2a: Flygon
|-supereffective|p2a: Flygon
|-damage|p2a: Flygon|0 fnt
|-damage|p1a: Tsareena|57/100|[from] item: Rocky Helmet|[of] p2a: Flygon
|faint|p2a: Flygon
|-hitcount|p2: Flygon|2
|
|-heal|p1a: Tsareena|63/100|[from] item: Leftovers
|upkeep
|c|☆epicowl10|I FORGOT IT GOT THAT
|
|t:|1631241332
|switch|p2a: Darmanitan|Darmanitan, M|100/100
|turn|13
|
|t:|1631241336
|switch|p1a: Chandelure|Chandelure, M|100/100
|move|p2a: Darmanitan|U-turn|p1a: Chandelure
|-resisted|p1a: Chandelure
|-damage|p1a: Chandelure|87/100
|
|t:|1631241344
|switch|p2a: Mimikyu|Mimikyu-Busted, F|36/100|[from]move: U-turn
|
|-heal|p1a: Chandelure|94/100|[from] item: Leftovers
|upkeep
|turn|14
|
|t:|1631241348
|switch|p1a: Tsareena|Tsareena, F, shiny|63/100
|move|p2a: Mimikyu|Shadow Claw|p1a: Tsareena
|-damage|p1a: Tsareena|14/100
|-damage|p2a: Mimikyu|26/100|[from] item: Life Orb
|
|-heal|p1a: Tsareena|20/100|[from] item: Leftovers
|upkeep
|turn|15
|
|t:|1631241359
|move|p2a: Mimikyu|Shadow Claw|p1a: Tsareena
|-damage|p1a: Tsareena|0 fnt
|faint|p1a: Tsareena
|-damage|p2a: Mimikyu|16/100|[from] item: Life Orb
|
|upkeep
|
|t:|1631241367
|switch|p1a: Crobat|Crobat, F, shiny|71/100
|turn|16
|
|t:|1631241382
|switch|p2a: Regidrago|Regidrago|100/100
|move|p1a: Crobat|Brave Bird|p2a: Regidrago
|-damage|p2a: Regidrago|51/100
|-damage|p1a: Crobat|43/100|[from] Recoil
|
|upkeep
|turn|17
|
|t:|1631241388
|switch|p1a: Gardevoir|Gardevoir, F, shiny|53/100
|-ability|p1a: Gardevoir|Dragon's Maw|[from] ability: Trace|[of] p2a: Regidrago
|move|p2a: Regidrago|Ancient Power|p1a: Gardevoir
|-damage|p1a: Gardevoir|22/100
|-boost|p2a: Regidrago|atk|1
|-boost|p2a: Regidrago|def|1
|-boost|p2a: Regidrago|spa|1
|-boost|p2a: Regidrago|spd|1
|-boost|p2a: Regidrago|spe|1
|
|upkeep
|turn|18
|
|t:|1631241402
|move|p2a: Regidrago|Ancient Power|p1a: Gardevoir
|-damage|p1a: Gardevoir|0 fnt
|faint|p1a: Gardevoir
|
|upkeep
|c|☆epicowl10|gg
|-message|berzangelus forfeited.
|
|win|epicowl10
|raw|berzangelus's rating: 1338 &rarr; <strong>1318</strong><br />(-20 for losing)
|raw|epicowl10's rating: 1340 &rarr; <strong>1360</strong><br />(+20 for winning)
|l|☆berzangelus
