|j|☆spmadao
|j|☆literallyfreemoney
|t:|1636387431
|gametype|singles
|player|p1|spmadao|1|1203
|player|p2|literallyfreemoney|17|1373
|teamsize|p1|6
|teamsize|p2|6
|gen|8
|tier|[Gen 8] RU
|rated|
|rule|Sleep Clause Mod: Limit one foe put to sleep
|rule|Species Clause: Limit one of each Pokémon
|rule|OHKO Clause: OHKO moves are banned
|rule|Evasion Moves Clause: Evasion moves are banned
|rule|Endless Battle Clause: Forcing endless battles is banned
|rule|HP Percentage Mod: HP is shown in percentages
|rule|Dynamax Clause: You cannot dynamax
|clearpoke
|poke|p1|Regidrago|
|poke|p1|Klefki, M|
|poke|p1|Reuniclus, F|
|poke|p1|Miltank, F|
|poke|p1|Darmanitan, F|
|poke|p1|Inteleon, M|
|poke|p2|Cobalion|
|poke|p2|Jellicent, F|
|poke|p2|Noivern, F|
|poke|p2|Steelix, F|
|poke|p2|Gardevoir, M|
|poke|p2|Articuno|
|teampreview
|j| v1ta1
|
|t:|1636387459
|start
|switch|p1a: Inteleon|Inteleon, M|100/100
|switch|p2a: Noivern|Noivern, F|100/100
|turn|1
|
|t:|1636387466
|move|p2a: Noivern|Draco Meteor|p1a: Inteleon
|-damage|p1a: Inteleon|0 fnt
|-unboost|p2a: Noivern|spa|2
|faint|p1a: Inteleon
|
|upkeep
|
|t:|1636387488
|switch|p1a: Miltank|Miltank, F|100/100
|turn|2
|
|t:|1636387504
|switch|p2a: Cobalion|Cobalion|100/100
|move|p1a: Miltank|Earthquake|p2a: Cobalion
|-supereffective|p2a: Cobalion
|-damage|p2a: Cobalion|70/100
|
|-heal|p2a: Cobalion|76/100|[from] item: Leftovers
|upkeep
|turn|3
|l| v1ta1
|
|t:|1636387510
|move|p2a: Cobalion|Close Combat|p1a: Miltank
|-supereffective|p1a: Miltank
|-damage|p1a: Miltank|46/100
|-unboost|p2a: Cobalion|def|1
|-unboost|p2a: Cobalion|spd|1
|move|p1a: Miltank|Stealth Rock|p2a: Cobalion
|-sidestart|p2: literallyfreemoney|move: Stealth Rock
|
|-heal|p2a: Cobalion|82/100|[from] item: Leftovers
|-heal|p1a: Miltank|52/100|[from] item: Leftovers
|upkeep
|turn|4
|
|t:|1636387530
|switch|p2a: Articuno|Articuno, shiny|100/100
|-ability|p2a: Articuno|Pressure
|switch|p1a: Reuniclus|Reuniclus, F|100/100
|
|upkeep
|turn|5
|
|t:|1636387535
|move|p2a: Articuno|Defog|p1a: Reuniclus
|-unboost|p1a: Reuniclus|evasion|1
|-sideend|p2: literallyfreemoney|Stealth Rock|[from] move: Defog|[of] p2a: Articuno
|move|p1a: Reuniclus|Psyshock|p2a: Articuno
|-damage|p2a: Articuno|52/100
|
|upkeep
|turn|6
|
|t:|1636387541
|switch|p2a: Steelix|Steelix, F|100/100
|move|p1a: Reuniclus|Focus Blast|p2a: Steelix
|-supereffective|p2a: Steelix
|-ability|p2a: Steelix|Sturdy
|-damage|p2a: Steelix|1/100
|
|-heal|p2a: Steelix|7/100|[from] item: Leftovers
|upkeep
|turn|7
|
|t:|1636387548
|move|p1a: Reuniclus|Energy Ball|p2a: Steelix
|-damage|p2a: Steelix|0 fnt
|faint|p2a: Steelix
|
|upkeep
|
|t:|1636387557
|switch|p2a: Jellicent|Jellicent, F, shiny|100/100
|turn|8
|
|t:|1636387560
|move|p2a: Jellicent|Shadow Ball|p1a: Reuniclus
|-supereffective|p1a: Reuniclus
|-crit|p1a: Reuniclus
|-damage|p1a: Reuniclus|57/100
|move|p1a: Reuniclus|Psyshock|p2a: Jellicent
|-damage|p2a: Jellicent|46/100
|
|upkeep
|turn|9
|
|t:|1636387569
|move|p2a: Jellicent|Recover|p2a: Jellicent
|-heal|p2a: Jellicent|96/100
|move|p1a: Reuniclus|Future Sight|p2a: Jellicent
|-start|p1a: Reuniclus|move: Future Sight
|
|upkeep
|turn|10
|
|t:|1636387572
|move|p2a: Jellicent|Toxic|p1a: Reuniclus
|-status|p1a: Reuniclus|tox
|move|p1a: Reuniclus|Psyshock|p2a: Jellicent
|-crit|p2a: Jellicent
|-damage|p2a: Jellicent|26/100
|
|-damage|p1a: Reuniclus|50/100 tox|[from] psn
|upkeep
|turn|11
|
|t:|1636387577
|move|p2a: Jellicent|Recover|p2a: Jellicent
|-heal|p2a: Jellicent|76/100
|move|p1a: Reuniclus|Psyshock|p2a: Jellicent
|-damage|p2a: Jellicent|22/100
|
|-end|p2a: Jellicent|move: Future Sight
|-damage|p2a: Jellicent|0 fnt
|faint|p2a: Jellicent
|-damage|p1a: Reuniclus|38/100 tox|[from] psn
|upkeep
|
|t:|1636387585
|switch|p2a: Ernest|Gardevoir, M, shiny|100/100
|-ability|p2a: Ernest|Regenerator|[from] ability: Trace|[of] p1a: Reuniclus
|turn|12
|
|t:|1636387616
|switch|p1a: Klefki|Klefki, M|100/100
|move|p2a: Ernest|Moonblast|p1a: Klefki
|-resisted|p1a: Klefki
|-damage|p1a: Klefki|79/100
|
|-heal|p1a: Klefki|85/100|[from] item: Leftovers
|upkeep
|turn|13
|
|t:|1636387624
|switch|p2a: Noivern|Noivern, F|100/100
|move|p1a: Klefki|Thunder Wave|p2a: Noivern
|-status|p2a: Noivern|par
|
|-heal|p1a: Klefki|91/100|[from] item: Leftovers
|upkeep
|turn|14
|
|t:|1636387633
|move|p2a: Noivern|Switcheroo|p1a: Klefki
|-activate|p2a: Noivern|move: Trick|[of] p1a: Klefki
|-item|p1a: Klefki|Choice Specs|[from] move: Switcheroo
|-item|p2a: Noivern|Leftovers|[from] move: Switcheroo
|move|p1a: Klefki|Play Rough|p2a: Noivern
|-supereffective|p2a: Noivern
|-damage|p2a: Noivern|38/100 par
|
|-heal|p2a: Noivern|44/100 par|[from] item: Leftovers
|upkeep
|turn|15
|l|☆spmadao
|player|p1|
|j|☆spmadao
|player|p1|spmadao|1
|
|t:|1636387685
|switch|p1a: Reuniclus|Reuniclus, F|71/100 tox
|move|p2a: Noivern|Flamethrower|p1a: Reuniclus
|-damage|p1a: Reuniclus|57/100 tox
|
|-heal|p2a: Noivern|50/100 par|[from] item: Leftovers
|-damage|p1a: Reuniclus|51/100 tox|[from] psn
|upkeep
|turn|16
|
|t:|1636387690
|switch|p1a: Klefki|Klefki, M|91/100
|move|p2a: Noivern|Boomburst|p1a: Klefki
|-resisted|p1a: Klefki
|-damage|p1a: Klefki|75/100
|
|-heal|p2a: Noivern|56/100 par|[from] item: Leftovers
|upkeep
|turn|17
|
|t:|1636387697
|switch|p2a: Articuno|Articuno, shiny|52/100
|-ability|p2a: Articuno|Pressure
|move|p1a: Klefki|Play Rough|p2a: Articuno
|-damage|p2a: Articuno|26/100
|-unboost|p2a: Articuno|atk|1
|
|upkeep
|turn|18
|
|t:|1636387701
|switch|p1a: Darmanitan|Darmanitan, F|100/100
|move|p2a: Articuno|Roost|p2a: Articuno
|-heal|p2a: Articuno|77/100
|-singleturn|p2a: Articuno|move: Roost
|
|upkeep
|turn|19
|
|t:|1636387710
|move|p1a: Darmanitan|Flare Blitz|p2a: Articuno
|-supereffective|p2a: Articuno
|-damage|p2a: Articuno|0 fnt
|faint|p2a: Articuno
|-damage|p1a: Darmanitan|77/100|[from] Recoil
|
|upkeep
|
|t:|1636387716
|switch|p2a: Ernest|Gardevoir, M, shiny|100/100
|-ability|p2a: Ernest|Sheer Force|[from] ability: Trace|[of] p1a: Darmanitan
|turn|20
|
|t:|1636387770
|switch|p1a: Klefki|Klefki, M|75/100
|move|p2a: Ernest|Psychic|p1a: Klefki
|-resisted|p1a: Klefki
|-damage|p1a: Klefki|52/100
|
|upkeep
|turn|21
|
|t:|1636387776
|switch|p2a: Cobalion|Cobalion|82/100
|move|p1a: Klefki|Thunder Wave|p2a: Cobalion
|-status|p2a: Cobalion|par
|
|-heal|p2a: Cobalion|88/100 par|[from] item: Leftovers
|upkeep
|turn|22
|-message|literallyfreemoney forfeited.
|
|win|spmadao
|raw|spmadao's rating: 1203 &rarr; <strong>1239</strong><br />(+36 for winning)
|raw|literallyfreemoney's rating: 1373 &rarr; <strong>1344</strong><br />(-29 for losing)
|l|☆literallyfreemoney
