|j|☆whistling
|j|☆Tumorstar
|inactive|Battle timer is ON: inactive players will automatically lose when time's up.
|t:|1609360375
|player|p1|whistling|proton|
|player|p2|Tumorstar|beauty|
|teamsize|p1|6
|teamsize|p2|6
|gametype|singles
|gen|8
|tier|[Gen 8] RU
|rated|Tournament battle
|clearpoke
|poke|p1|Uxie|
|poke|p1|Mimikyu, F|
|poke|p1|Glastrier|
|poke|p1|Regidrago|
|poke|p1|Marowak-Alola, M|
|poke|p1|Stakataka|
|poke|p2|Arctozolt|
|poke|p2|Vanilluxe, F|
|poke|p2|Celebi|
|poke|p2|Klefki, M|
|poke|p2|Chandelure, M|
|poke|p2|Suicune|
|rule|Sleep Clause Mod: Limit one foe put to sleep
|rule|Species Clause: Limit one of each Pokémon
|rule|OHKO Clause: OHKO moves are banned
|rule|Evasion Moves Clause: Evasion moves are banned
|rule|Endless Battle Clause: Forcing endless battles is banned
|rule|HP Percentage Mod: HP is shown in percentages
|rule|Dynamax Clause: You cannot dynamax
|teampreview
|c|☆Tumorstar|glhf
|c|☆whistling|hf
|
|t:|1609360391
|start
|switch|p1a: Marowak|Marowak-Alola, M|100/100
|switch|p2a: Vanilluxe|Vanilluxe, F|100/100
|-weather|Hail|[from] ability: Snow Warning|[of] p2a: Vanilluxe
|turn|1
|j| 15910usersonline
|j|+mac3 ✝
|
|t:|1609360407
|switch|p2a: Chandelure|Chandelure, M|100/100
|move|p1a: Marowak|Flare Blitz|p2a: Chandelure
|-start|p2a: Chandelure|ability: Flash Fire
|
|-weather|Hail|[upkeep]
|-damage|p2a: Chandelure|94/100|[from] Hail
|-damage|p1a: Marowak|94/100|[from] Hail
|upkeep
|turn|2
|j| Lntzu
|
|t:|1609360415
|move|p2a: Chandelure|Shadow Ball|p1a: Marowak
|-supereffective|p1a: Marowak
|-damage|p1a: Marowak|0 fnt
|faint|p1a: Marowak
|
|-weather|Hail|[upkeep]
|-damage|p2a: Chandelure|88/100|[from] Hail
|upkeep
|
|t:|1609360423
|switch|p1a: Mimikyu|Mimikyu, F|100/100
|turn|3
|l| Lntzu
|j| Aquarius Ghost
|
|t:|1609360429
|move|p2a: Chandelure|Shadow Ball|p1a: Mimikyu
|-activate|p1a: Mimikyu|ability: Disguise
|-damage|p1a: Mimikyu|100/100
|detailschange|p1a: Mimikyu|Mimikyu-Busted, F
|-damage|p1a: Mimikyu|88/100|[from] pokemon: Mimikyu-Busted
|-enditem|p1a: Mimikyu|Red Card|[of] p2a: Chandelure
|-end|p2a: Chandelure|ability: Flash Fire|[silent]
|drag|p2a: Klefki|Klefki, M|100/100
|move|p1a: Mimikyu|Trick Room|p1a: Mimikyu
|-fieldstart|move: Trick Room|[of] p1a: Mimikyu
|
|-weather|Hail|[upkeep]
|-damage|p1a: Mimikyu|82/100|[from] Hail
|-damage|p2a: Klefki|95/100|[from] Hail
|-status|p2a: Klefki|brn|[from] item: Flame Orb
|upkeep
|turn|4
|
|t:|1609360442
|switch|p1a: Glastrier|Glastrier|100/100
|move|p2a: Klefki|Switcheroo|p1a: Glastrier
|-activate|p2a: Klefki|move: Trick|[of] p1a: Glastrier
|-item|p1a: Glastrier|Flame Orb|[from] move: Switcheroo
|-item|p2a: Klefki|Choice Band|[from] move: Switcheroo
|
|-weather|Hail|[upkeep]
|-damage|p2a: Klefki|89/100 brn|[from] Hail
|-damage|p2a: Klefki|83/100 brn|[from] brn
|-status|p1a: Glastrier|brn|[from] item: Flame Orb
|upkeep
|turn|5
|j| AlexJN
|
|t:|1609360451
|switch|p1a: Regidrago|Regidrago|100/100
|move|p2a: Klefki|Spikes|p1a: Regidrago
|-sidestart|p1: whistling|Spikes
|
|-weather|none
|-damage|p2a: Klefki|77/100 brn|[from] brn
|upkeep
|turn|6
|
|t:|1609360456
|move|p2a: Klefki|Spikes|p1a: Regidrago
|-sidestart|p1: whistling|Spikes
|move|p1a: Regidrago|Dragon Pulse|p2a: Klefki
|-immune|p2a: Klefki
|
|-damage|p2a: Klefki|71/100 brn|[from] brn
|upkeep
|turn|7
|
|t:|1609360458
|move|p2a: Klefki|Spikes|p1a: Regidrago
|-sidestart|p1: whistling|Spikes
|move|p1a: Regidrago|Dragon Pulse|p2a: Klefki
|-immune|p2a: Klefki
|
|-damage|p2a: Klefki|65/100 brn|[from] brn
|-fieldend|move: Trick Room
|upkeep
|turn|8
|
|t:|1609360460
|move|p2a: Klefki|Spikes||[still]
|-fail|p2a: Klefki
|move|p1a: Regidrago|Dragon Pulse|p2a: Klefki
|-immune|p2a: Klefki
|
|-damage|p2a: Klefki|59/100 brn|[from] brn
|upkeep
|turn|9
|j| HonchTheConch
|
|t:|1609360473
|move|p2a: Klefki|Spikes||[still]
|-fail|p2a: Klefki
|move|p1a: Regidrago|Dragon Pulse|p2a: Klefki
|-immune|p2a: Klefki
|
|-damage|p2a: Klefki|53/100 brn|[from] brn
|upkeep
|turn|10
|
|t:|1609360476
|switch|p1a: Uxie|Uxie|100/100
|move|p2a: Klefki|Spikes||[still]
|-fail|p2a: Klefki
|
|-damage|p2a: Klefki|47/100 brn|[from] brn
|upkeep
|turn|11
|
|t:|1609360484
|switch|p2a: Vanilluxe|Vanilluxe, F|100/100
|-weather|Hail|[from] ability: Snow Warning|[of] p2a: Vanilluxe
|move|p1a: Uxie|Stealth Rock|p2a: Vanilluxe
|-sidestart|p2: Tumorstar|move: Stealth Rock
|
|-weather|Hail|[upkeep]
|-damage|p1a: Uxie|94/100|[from] Hail
|upkeep
|turn|12
|j|@zizalith✿
|c| HonchTheConch|whistling if you dont win here it will fail to prove a point im making
|
|t:|1609360488
|move|p2a: Vanilluxe|Taunt|p1a: Uxie
|-start|p1a: Uxie|move: Taunt
|-enditem|p1a: Uxie|Mental Herb
|-end|p1a: Uxie|move: Taunt
|move|p1a: Uxie|Trick Room|p1a: Uxie
|-fieldstart|move: Trick Room|[of] p1a: Uxie
|
|-weather|Hail|[upkeep]
|-damage|p1a: Uxie|88/100|[from] Hail
|upkeep
|turn|13
|c|☆whistling|idt I can win tho
|
|t:|1609360499
|switch|p1a: Stakataka|Stakataka|100/100
|-damage|p1a: Stakataka|76/100|[from] Spikes
|move|p2a: Vanilluxe|Blizzard|p1a: Stakataka
|-resisted|p1a: Stakataka
|-damage|p1a: Stakataka|46/100
|
|-weather|Hail|[upkeep]
|-damage|p1a: Stakataka|40/100|[from] Hail
|upkeep
|turn|14
|c| HonchTheConch|need u to win baby
|
|t:|1609360509
|move|p1a: Stakataka|Stone Edge|p2a: Vanilluxe
|-supereffective|p2a: Vanilluxe
|-damage|p2a: Vanilluxe|0 fnt
|-damage|p1a: Stakataka|30/100|[from] item: Life Orb
|faint|p2a: Vanilluxe
|-ability|p1a: Stakataka|Beast Boost|boost
|-boost|p1a: Stakataka|atk|1
|
|-weather|Hail|[upkeep]
|-damage|p1a: Stakataka|24/100|[from] Hail
|upkeep
|
|t:|1609360517
|switch|p2a: Klefki|Klefki, M|47/100 brn
|-damage|p2a: Klefki|41/100 brn|[from] Stealth Rock
|turn|15
|c| Aquarius Ghost|Ihorse getting tricked
|c| Aquarius Ghost|With flame orb
|
|t:|1609360530
|move|p1a: Stakataka|Gyro Ball|p2a: Klefki
|-damage|p2a: Klefki|0 fnt
|-damage|p1a: Stakataka|14/100|[from] item: Life Orb
|faint|p2a: Klefki
|-ability|p1a: Stakataka|Beast Boost|boost
|-boost|p1a: Stakataka|atk|1
|
|-weather|none
|upkeep
|c| Aquarius Ghost|Was kinda gg
|
|t:|1609360536
|switch|p2a: Suicune|Suicune|100/100
|-damage|p2a: Suicune|88/100|[from] Stealth Rock
|-ability|p2a: Suicune|Pressure
|turn|16
|c| Aquarius Ghost|Same when u lost ur alolawak
|
|t:|1609360543
|move|p1a: Stakataka|Stone Edge|p2a: Suicune
|-damage|p2a: Suicune|11/100
|-damage|p1a: Stakataka|4/100|[from] item: Life Orb
|move|p2a: Suicune|Calm Mind|p2a: Suicune
|-boost|p2a: Suicune|spa|1
|-boost|p2a: Suicune|spd|1
|
|-heal|p2a: Suicune|17/100|[from] item: Leftovers
|-fieldend|move: Trick Room
|upkeep
|turn|17
|
|t:|1609360549
|move|p2a: Suicune|Scald|p1a: Stakataka
|-supereffective|p1a: Stakataka
|-damage|p1a: Stakataka|0 fnt
|faint|p1a: Stakataka
|
|-heal|p2a: Suicune|23/100|[from] item: Leftovers
|upkeep
|
|t:|1609360551
|switch|p1a: Mimikyu|Mimikyu-Busted, F|82/100
|-damage|p1a: Mimikyu|57/100|[from] Spikes
|turn|18
|
|t:|1609360558
|move|p2a: Suicune|Scald|p1a: Mimikyu
|-damage|p1a: Mimikyu|19/100
|move|p1a: Mimikyu|Trick Room|p1a: Mimikyu
|-fieldstart|move: Trick Room|[of] p1a: Mimikyu
|
|-heal|p2a: Suicune|29/100|[from] item: Leftovers
|upkeep
|turn|19
|
|t:|1609360565
|move|p1a: Mimikyu|Destiny Bond|p1a: Mimikyu
|-singlemove|p1a: Mimikyu|Destiny Bond
|move|p2a: Suicune|Scald|p1a: Mimikyu
|-damage|p1a: Mimikyu|0 fnt
|faint|p1a: Mimikyu
|-activate|p1a: Mimikyu|move: Destiny Bond
|faint|p2a: Suicune
|
|upkeep
|
|t:|1609360569
|switch|p1a: Regidrago|Regidrago|100/100
|switch|p2a: Arctozolt|Arctozolt|100/100
|-damage|p1a: Regidrago|75/100|[from] Spikes
|turn|20
|
|t:|1609360577
|move|p1a: Regidrago|Dragon Energy|p2a: Arctozolt
|-damage|p2a: Arctozolt|0 fnt
|faint|p2a: Arctozolt
|
|upkeep
|
|t:|1609360581
|switch|p2a: Chandelure|Chandelure, M|88/100
|-damage|p2a: Chandelure|63/100|[from] Stealth Rock
|turn|21
|c| HonchTheConch|thank god
|c|☆Tumorstar|gg
|c|☆whistling|gg
|
|t:|1609360588
|move|p1a: Regidrago|Dragon Energy|p2a: Chandelure
|-damage|p2a: Chandelure|0 fnt
|faint|p2a: Chandelure
|
|upkeep
|
|t:|1609360590
|switch|p2a: Celebi|Celebi|100/100
|-damage|p2a: Celebi|88/100|[from] Stealth Rock
|turn|22
|
|t:|1609360592
|move|p1a: Regidrago|Dragon Energy|p2a: Celebi
|-damage|p2a: Celebi|0 fnt
|faint|p2a: Celebi
|
|win|whistling
|n|☆whistling|whistling
|n|☆Tumorstar|tumorstar
|n| 15910usersonline|15910usersonline
|n| mac3 ✝|mac3
|n| Aquarius Ghost|aquariusghost
|n| AlexJN|alexjn
|n| HonchTheConch|honchtheconch
|n|+zizalith✿|zizalith
