|j|☆Prof.Moorningwood
|j|☆Kawaki94
|t:|1622425008
|gametype|singles
|player|p1|Prof.Moorningwood|scientist-gen4dp|1150
|player|p2|Kawaki94|lance|1264
|teamsize|p1|6
|teamsize|p2|6
|gen|8
|tier|[Gen 8] RU
|rated|
|rule|Sleep Clause Mod: Limit one foe put to sleep
|rule|Species Clause: Limit one of each Pokémon
|rule|OHKO Clause: OHKO moves are banned
|rule|Evasion Moves Clause: Evasion moves are banned
|rule|Endless Battle Clause: Forcing endless battles is banned
|rule|HP Percentage Mod: HP is shown in percentages
|rule|Dynamax Clause: You cannot dynamax
|clearpoke
|poke|p1|Omastar, M|
|poke|p1|Sceptile, M|
|poke|p1|Kingdra, M|
|poke|p1|Weezing-Galar, M|
|poke|p1|Politoed, M|
|poke|p1|Sylveon, F|
|poke|p2|Porygon-Z|
|poke|p2|Darmanitan, F|
|poke|p2|Machamp, M|
|poke|p2|Mimikyu, M|
|poke|p2|Golisopod, M|
|poke|p2|Umbreon, M|
|teampreview
|
|t:|1622425015
|start
|switch|p1a: Limey|Weezing-Galar, M|100/100
|switch|p2a: Porygon-Z|Porygon-Z|100/100
|turn|1
|
|t:|1622425022
|move|p2a: Porygon-Z|Tri Attack|p1a: Limey
|-damage|p1a: Limey|20/100
|move|p1a: Limey|Taunt|p2a: Porygon-Z
|-start|p2a: Porygon-Z|move: Taunt
|
|upkeep
|turn|2
|
|t:|1622425030
|switch|p1a: Slippy Toed|Politoed, M|100/100
|-weather|RainDance|[from] ability: Drizzle|[of] p1a: Slippy Toed
|move|p2a: Porygon-Z|Tri Attack|p1a: Slippy Toed
|-damage|p1a: Slippy Toed|62/100
|
|-weather|RainDance|[upkeep]
|upkeep
|turn|3
|
|t:|1622425039
|move|p2a: Porygon-Z|Tri Attack|p1a: Slippy Toed
|-damage|p1a: Slippy Toed|22/100
|move|p1a: Slippy Toed|Toxic|p2a: Porygon-Z
|-status|p2a: Porygon-Z|tox
|
|-weather|RainDance|[upkeep]
|-damage|p2a: Porygon-Z|94/100 tox|[from] psn
|upkeep
|turn|4
|
|t:|1622425050
|switch|p2a: Machamp|Machamp, M|100/100
|move|p1a: Slippy Toed|Scald|p2a: Machamp
|-damage|p2a: Machamp|74/100
|
|-weather|RainDance|[upkeep]
|upkeep
|turn|5
|
|t:|1622425058
|switch|p1a: Limey|Weezing-Galar, M|20/100
|move|p2a: Machamp|Dynamic Punch|p1a: Limey
|-resisted|p1a: Limey
|-damage|p1a: Limey|11/100
|-start|p1a: Limey|confusion
|-damage|p2a: Machamp|58/100|[from] item: Rocky Helmet|[of] p1a: Limey
|
|-weather|RainDance|[upkeep]
|upkeep
|turn|6
|
|t:|1622425069
|move|p2a: Machamp|Bullet Punch|p1a: Limey
|-supereffective|p1a: Limey
|-damage|p1a: Limey|0 fnt
|-damage|p2a: Machamp|41/100|[from] item: Rocky Helmet|[of] p1a: Limey
|faint|p1a: Limey
|
|-weather|RainDance|[upkeep]
|upkeep
|l|☆Prof.Moorningwood
|player|p1|
|inactive|Battle timer is ON: inactive players will automatically lose when time's up. (requested by Kawaki94)
|j|☆Prof.Moorningwood
|inactive|Prof.Moorningwood reconnected and has 130 seconds left.
|player|p1|Prof.Moorningwood|scientist-gen4dp
|
|t:|1622425127
|switch|p1a: Ol' Billy Baroo|Kingdra, M|100/100
|turn|7
|
|t:|1622425148
|move|p1a: Ol' Billy Baroo|Scald|p2a: Machamp
|-damage|p2a: Machamp|0 fnt
|faint|p2a: Machamp
|
|-weather|RainDance|[upkeep]
|upkeep
|
|t:|1622425156
|switch|p2a: Umbreon|Umbreon, M|100/100
|turn|8
|
|t:|1622425160
|move|p1a: Ol' Billy Baroo|Scald|p2a: Umbreon
|-damage|p2a: Umbreon|47/100
|-status|p2a: Umbreon|brn
|-activate|p2a: Umbreon|ability: Synchronize
|-status|p1a: Ol' Billy Baroo|brn
|move|p2a: Umbreon|Toxic||[still]
|-fail|p2a: Umbreon
|
|-weather|RainDance|[upkeep]
|-heal|p2a: Umbreon|53/100 brn|[from] item: Leftovers
|-damage|p1a: Ol' Billy Baroo|94/100 brn|[from] brn
|-damage|p2a: Umbreon|47/100 brn|[from] brn
|upkeep
|turn|9
|
|t:|1622425174
|move|p2a: Umbreon|Protect|p2a: Umbreon
|-singleturn|p2a: Umbreon|Protect
|move|p1a: Ol' Billy Baroo|Scald|p2a: Umbreon
|-activate|p2a: Umbreon|move: Protect
|
|-weather|none
|-heal|p2a: Umbreon|53/100 brn|[from] item: Leftovers
|-damage|p1a: Ol' Billy Baroo|88/100 brn|[from] brn
|-damage|p2a: Umbreon|47/100 brn|[from] brn
|upkeep
|turn|10
|
|t:|1622425186
|move|p1a: Ol' Billy Baroo|Scald|p2a: Umbreon
|-damage|p2a: Umbreon|13/100 brn
|move|p2a: Umbreon|Toxic||[still]
|-fail|p2a: Umbreon
|
|-heal|p2a: Umbreon|19/100 brn|[from] item: Leftovers
|-damage|p1a: Ol' Billy Baroo|82/100 brn|[from] brn
|-damage|p2a: Umbreon|13/100 brn|[from] brn
|upkeep
|turn|11
|
|t:|1622425199
|move|p1a: Ol' Billy Baroo|Scald|p2a: Umbreon
|-damage|p2a: Umbreon|0 fnt
|faint|p2a: Umbreon
|
|-damage|p1a: Ol' Billy Baroo|76/100 brn|[from] brn
|upkeep
|
|t:|1622425207
|switch|p2a: Porygon-Z|Porygon-Z|94/100 tox
|turn|12
|
|t:|1622425228
|switch|p1a: Sylly|Sylveon, F|100/100
|move|p2a: Porygon-Z|Tri Attack|p1a: Sylly
|-damage|p1a: Sylly|60/100
|
|-heal|p1a: Sylly|66/100|[from] item: Leftovers
|-damage|p2a: Porygon-Z|88/100 tox|[from] psn
|upkeep
|turn|13
|
|t:|1622425238
|move|p2a: Porygon-Z|Tri Attack|p1a: Sylly
|-damage|p1a: Sylly|25/100
|move|p1a: Sylly|Calm Mind|p1a: Sylly
|-boost|p1a: Sylly|spa|1
|-boost|p1a: Sylly|spd|1
|
|-heal|p1a: Sylly|31/100|[from] item: Leftovers
|-damage|p2a: Porygon-Z|76/100 tox|[from] psn
|upkeep
|turn|14
|
|t:|1622425249
|switch|p2a: Darmanitan|Darmanitan, F|100/100
|move|p1a: Sylly|Protect||[still]
|-fail|p1a: Sylly
|
|-heal|p1a: Sylly|38/100|[from] item: Leftovers
|upkeep
|turn|15
|
|t:|1622425264
|move|p2a: Darmanitan|U-turn|p1a: Sylly
|-resisted|p1a: Sylly
|-damage|p1a: Sylly|21/100
|
|t:|1622425269
|switch|p2a: Golisopod|Golisopod, M|100/100|[from]move: U-turn
|move|p1a: Sylly|Moonblast|p2a: Golisopod
|-damage|p2a: Golisopod|27/100
|-activate|p2a: Golisopod|ability: Emergency Exit
|
|t:|1622425278
|switch|p2a: Darmanitan|Darmanitan, F|100/100
|
|-heal|p1a: Sylly|27/100|[from] item: Leftovers
|upkeep
|turn|16
|
|t:|1622425285
|move|p1a: Sylly|Protect|p1a: Sylly
|-singleturn|p1a: Sylly|Protect
|move|p2a: Darmanitan|Flare Blitz|p1a: Sylly
|-activate|p1a: Sylly|move: Protect
|
|-heal|p1a: Sylly|33/100|[from] item: Leftovers
|upkeep
|turn|17
|
|t:|1622425293
|move|p2a: Darmanitan|Flare Blitz|p1a: Sylly
|-damage|p1a: Sylly|0 fnt
|faint|p1a: Sylly
|-damage|p2a: Darmanitan|88/100|[from] Recoil
|
|upkeep
|
|t:|1622425311
|switch|p1a: Slippy Toed|Politoed, M|22/100
|-weather|RainDance|[from] ability: Drizzle|[of] p1a: Slippy Toed
|turn|18
|
|t:|1622425317
|move|p2a: Darmanitan|Flare Blitz|p1a: Slippy Toed
|-resisted|p1a: Slippy Toed
|-damage|p1a: Slippy Toed|0 fnt
|faint|p1a: Slippy Toed
|-damage|p2a: Darmanitan|80/100|[from] Recoil
|
|-weather|RainDance|[upkeep]
|upkeep
|
|t:|1622425325
|switch|p1a: Ol' Billy Baroo|Kingdra, M|76/100 brn
|turn|19
|
|t:|1622425330
|switch|p2a: Golisopod|Golisopod, M|27/100
|move|p1a: Ol' Billy Baroo|Scald|p2a: Golisopod
|-resisted|p2a: Golisopod
|-damage|p2a: Golisopod|0 fnt
|faint|p2a: Golisopod
|
|-weather|RainDance|[upkeep]
|-damage|p1a: Ol' Billy Baroo|70/100 brn|[from] brn
|upkeep
|
|t:|1622425341
|switch|p2a: Mimikyu|Mimikyu, M|100/100
|turn|20
|
|t:|1622425345
|move|p1a: Ol' Billy Baroo|Scald|p2a: Mimikyu
|-activate|p2a: Mimikyu|ability: Disguise
|-damage|p2a: Mimikyu|100/100
|detailschange|p2a: Mimikyu|Mimikyu-Busted, M
|-damage|p2a: Mimikyu|88/100|[from] pokemon: Mimikyu-Busted
|move|p2a: Mimikyu|Play Rough|p1a: Ol' Billy Baroo
|-supereffective|p1a: Ol' Billy Baroo
|-damage|p1a: Ol' Billy Baroo|0 fnt
|faint|p1a: Ol' Billy Baroo
|-damage|p2a: Mimikyu|78/100|[from] item: Life Orb
|
|-weather|RainDance|[upkeep]
|upkeep
|
|t:|1622425353
|switch|p1a: Skeptile|Sceptile, M, shiny|100/100
|turn|21
|
|t:|1622425362
|switch|p2a: Darmanitan|Darmanitan, F|80/100
|move|p1a: Skeptile|Leech Seed|p2a: Darmanitan
|-start|p2a: Darmanitan|move: Leech Seed
|
|-weather|RainDance|[upkeep]
|-damage|p2a: Darmanitan|68/100|[from] Leech Seed|[of] p1a: Skeptile
|upkeep
|turn|22
|
|t:|1622425370
|move|p2a: Darmanitan|U-turn|p1a: Skeptile
|-supereffective|p1a: Skeptile
|-damage|p1a: Skeptile|21/100
|-enditem|p1a: Skeptile|Sitrus Berry|[eat]
|-heal|p1a: Skeptile|46/100|[from] item: Sitrus Berry
|
|t:|1622425378
|switch|p2a: Porygon-Z|Porygon-Z|76/100 tox|[from]move: U-turn
|move|p1a: Skeptile|Substitute|p1a: Skeptile
|-start|p1a: Skeptile|Substitute
|-damage|p1a: Skeptile|21/100
|
|-weather|RainDance|[upkeep]
|-damage|p2a: Porygon-Z|70/100 tox|[from] psn
|upkeep
|turn|23
|
|t:|1622425390
|move|p1a: Skeptile|Leech Seed|p2a: Porygon-Z
|-start|p2a: Porygon-Z|move: Leech Seed
|move|p2a: Porygon-Z|Tri Attack|p1a: Skeptile
|-end|p1a: Skeptile|Substitute
|
|-weather|RainDance|[upkeep]
|-damage|p2a: Porygon-Z|58/100 tox|[from] Leech Seed|[of] p1a: Skeptile
|-heal|p1a: Skeptile|32/100|[silent]
|-damage|p2a: Porygon-Z|46/100 tox|[from] psn
|upkeep
|turn|24
|
|t:|1622425401
|move|p1a: Skeptile|Substitute|p1a: Skeptile
|-start|p1a: Skeptile|Substitute
|-damage|p1a: Skeptile|7/100
|move|p2a: Porygon-Z|Tri Attack|p1a: Skeptile
|-end|p1a: Skeptile|Substitute
|
|-weather|RainDance|[upkeep]
|-damage|p2a: Porygon-Z|33/100 tox|[from] Leech Seed|[of] p1a: Skeptile
|-heal|p1a: Skeptile|18/100|[silent]
|-damage|p2a: Porygon-Z|15/100 tox|[from] psn
|upkeep
|turn|25
|
|t:|1622425412
|move|p1a: Skeptile|Giga Drain|p2a: Porygon-Z
|-damage|p2a: Porygon-Z|0 fnt
|-heal|p1a: Skeptile|25/100|[from] drain|[of] p2a: Porygon-Z
|faint|p2a: Porygon-Z
|
|-weather|none
|upkeep
|
|t:|1622425419
|switch|p2a: Mimikyu|Mimikyu-Busted, M|78/100
|turn|26
|
|t:|1622425425
|move|p2a: Mimikyu|Shadow Sneak|p1a: Skeptile
|-damage|p1a: Skeptile|0 fnt
|faint|p1a: Skeptile
|-damage|p2a: Mimikyu|68/100|[from] item: Life Orb
|
|upkeep
|
|t:|1622425429
|switch|p1a: Snail Down|Omastar, M|100/100
|turn|27
|
|t:|1622425438
|move|p2a: Mimikyu|Play Rough|p1a: Snail Down
|-damage|p1a: Snail Down|53/100
|-ability|p1a: Snail Down|Weak Armor|boost
|-unboost|p1a: Snail Down|def|1
|-boost|p1a: Snail Down|spe|2
|-damage|p2a: Mimikyu|58/100|[from] item: Life Orb
|move|p1a: Snail Down|Surf|p2a: Mimikyu
|-damage|p2a: Mimikyu|10/100
|
|upkeep
|turn|28
|
|t:|1622425448
|move|p2a: Mimikyu|Shadow Sneak|p1a: Snail Down
|-crit|p1a: Snail Down
|-damage|p1a: Snail Down|5/100
|-ability|p1a: Snail Down|Weak Armor|boost
|-unboost|p1a: Snail Down|def|1
|-boost|p1a: Snail Down|spe|2
|-damage|p2a: Mimikyu|0 fnt|[from] item: Life Orb
|faint|p2a: Mimikyu
|move|p1a: Snail Down|Surf|p2: Mimikyu|[notarget]
|-fail|p1a: Snail Down
|
|upkeep
|
|t:|1622425459
|switch|p2a: Darmanitan|Darmanitan, F|68/100
|turn|29
|
|t:|1622425464
|move|p1a: Snail Down|Surf|p2a: Darmanitan
|-supereffective|p2a: Darmanitan
|-damage|p2a: Darmanitan|0 fnt
|faint|p2a: Darmanitan
|
|win|Prof.Moorningwood
|raw|Prof.Moorningwood's rating: 1150 &rarr; <strong>1183</strong><br />(+33 for winning)
|raw|Kawaki94's rating: 1264 &rarr; <strong>1231</strong><br />(-33 for losing)
|c|☆Prof.Moorningwood|Gg
