|j|☆SS007
|j|☆DRAGONKING JASON
|player|p1|SS007|brock|1388
|player|p2|DRAGONKING JASON|lucas|1162
|teamsize|p1|6
|teamsize|p2|6
|gametype|singles
|gen|8
|tier|[Gen 8] RU
|rated|
|clearpoke
|poke|p1|Sigilyph, M|
|poke|p1|Bewear, F|
|poke|p1|Boltund, M|
|poke|p1|Dhelmise|
|poke|p1|Gastrodon-East, M|
|poke|p1|Salazzle, F|
|poke|p2|Torkoal, M|
|poke|p2|Vileplume, M|
|poke|p2|Barbaracle, F|
|poke|p2|Rotom-Frost|
|poke|p2|Silvally-*|
|poke|p2|Charizard, F|
|rule|Sleep Clause Mod: Limit one foe put to sleep
|rule|Species Clause: Limit one of each Pokémon
|rule|OHKO Clause: OHKO moves are banned
|rule|Evasion Moves Clause: Evasion moves are banned
|rule|Endless Battle Clause: Forcing endless battles is banned
|rule|HP Percentage Mod: HP is shown in percentages
|rule|Dynamax Clause: You cannot dynamax
|teampreview
|inactive|Battle timer is ON: inactive players will automatically lose when time's up. (requested by DRAGONKING JASON)
|j| vybes
|inactive|SS007 has 120 seconds left.
|
|start
|switch|p1a: Sigilyph|Sigilyph, M|100/100
|switch|p2a: Rotom|Rotom-Frost|100/100
|turn|1
|
|switch|p1a: Gastrodon|Gastrodon-East, M|100/100
|move|p2a: Rotom|Blizzard|p1a: Gastrodon
|-damage|p1a: Gastrodon|68/100
|
|-heal|p1a: Gastrodon|74/100|[from] item: Leftovers
|upkeep
|turn|2
|
|switch|p2a: Torkoal|Torkoal, M|100/100
|-weather|SunnyDay|[from] ability: Drought|[of] p2a: Torkoal
|move|p1a: Gastrodon|Scald|p2a: Torkoal
|-supereffective|p2a: Torkoal
|-damage|p2a: Torkoal|66/100
|
|-weather|SunnyDay|[upkeep]
|-heal|p1a: Gastrodon|80/100|[from] item: Leftovers
|upkeep
|turn|3
|
|switch|p1a: Salazzle|Salazzle, F|100/100
|move|p2a: Torkoal|Stealth Rock|p1a: Salazzle
|-sidestart|p1: SS007|move: Stealth Rock
|
|-weather|SunnyDay|[upkeep]
|upkeep
|turn|4
|
|switch|p2a: Barbaracle|Barbaracle, F|100/100
|move|p1a: Salazzle|Sludge Wave|p2a: Barbaracle
|-resisted|p2a: Barbaracle
|-crit|p2a: Barbaracle
|-damage|p2a: Barbaracle|75/100
|
|-weather|SunnyDay|[upkeep]
|upkeep
|turn|5
|
|switch|p1a: Bewear|Bewear, F|100/100
|-damage|p1a: Bewear|94/100|[from] Stealth Rock
|move|p2a: Barbaracle|Liquidation|p1a: Bewear
|-damage|p1a: Bewear|86/100
|
|-weather|SunnyDay|[upkeep]
|-heal|p1a: Bewear|92/100|[from] item: Leftovers
|upkeep
|turn|6
|
|switch|p2a: Charizard|Charizard, F|100/100
|switch|p1a: Sigilyph|Sigilyph, M|100/100
|
|-weather|SunnyDay|[upkeep]
|-damage|p2a: Charizard|88/100|[from] ability: Solar Power|[of] p2a: Charizard
|upkeep
|turn|7
|inactive|SS007 has 120 seconds left.
|
|switch|p1a: Salazzle|Salazzle, F|100/100
|move|p2a: Charizard|Overheat|p1a: Salazzle|[miss]
|-miss|p2a: Charizard|p1a: Salazzle
|
|-weather|SunnyDay|[upkeep]
|-damage|p2a: Charizard|76/100|[from] ability: Solar Power|[of] p2a: Charizard
|upkeep
|turn|8
|inactive|SS007 has 120 seconds left.
|
|switch|p2a: Barbaracle|Barbaracle, F|75/100
|move|p1a: Salazzle|Sludge Wave|p2a: Barbaracle
|-resisted|p2a: Barbaracle
|-damage|p2a: Barbaracle|59/100
|
|-weather|SunnyDay|[upkeep]
|upkeep
|turn|9
|inactive|SS007 has 120 seconds left.
|
|switch|p1a: Bewear|Bewear, F|92/100
|-damage|p1a: Bewear|86/100|[from] Stealth Rock
|move|p2a: Barbaracle|Earthquake|p1a: Bewear
|-damage|p1a: Bewear|65/100
|
|-weather|none
|-heal|p1a: Bewear|71/100|[from] item: Leftovers
|upkeep
|turn|10
|
|switch|p2a: Torkoal|Torkoal, M|66/100
|-weather|SunnyDay|[from] ability: Drought|[of] p2a: Torkoal
|move|p1a: Bewear|Drain Punch|p2a: Torkoal
|-damage|p2a: Torkoal|44/100
|-heal|p1a: Bewear|80/100|[from] drain|[of] p2a: Torkoal
|
|-weather|SunnyDay|[upkeep]
|-heal|p1a: Bewear|86/100|[from] item: Leftovers
|upkeep
|turn|11
|
|switch|p1a: Salazzle|Salazzle, F|100/100
|move|p2a: Torkoal|Overheat|p1a: Salazzle
|-resisted|p1a: Salazzle
|-crit|p1a: Salazzle
|-damage|p1a: Salazzle|2/100
|-unboost|p2a: Torkoal|spa|2
|
|-weather|SunnyDay|[upkeep]
|upkeep
|turn|12
|
|switch|p2a: Barbaracle|Barbaracle, F|59/100
|move|p1a: Salazzle|Sludge Wave|p2a: Barbaracle
|-resisted|p2a: Barbaracle
|-damage|p2a: Barbaracle|43/100
|
|-weather|SunnyDay|[upkeep]
|upkeep
|turn|13
|
|switch|p1a: Bewear|Bewear, F|86/100
|-damage|p1a: Bewear|80/100|[from] Stealth Rock
|move|p2a: Barbaracle|Earthquake|p1a: Bewear
|-damage|p1a: Bewear|57/100
|
|-weather|SunnyDay|[upkeep]
|-heal|p1a: Bewear|63/100|[from] item: Leftovers
|upkeep
|turn|14
|
|switch|p2a: Charizard|Charizard, F|76/100
|move|p1a: Bewear|Drain Punch|p2a: Charizard
|-resisted|p2a: Charizard
|-damage|p2a: Charizard|51/100
|-heal|p1a: Bewear|72/100|[from] drain|[of] p2a: Charizard
|
|-weather|SunnyDay|[upkeep]
|-damage|p2a: Charizard|39/100|[from] ability: Solar Power|[of] p2a: Charizard
|-heal|p1a: Bewear|78/100|[from] item: Leftovers
|upkeep
|turn|15
|
|switch|p1a: Gastrodon|Gastrodon-East, M|80/100
|-damage|p1a: Gastrodon|74/100|[from] Stealth Rock
|move|p2a: Charizard|Solar Beam||[still]
|-prepare|p2a: Charizard|Solar Beam|p1a: Gastrodon
|-anim|p2a: Charizard|Solar Beam|p1a: Gastrodon
|-supereffective|p1a: Gastrodon
|-damage|p1a: Gastrodon|0 fnt
|-damage|p2a: Charizard|29/100|[from] item: Life Orb
|faint|p1a: Gastrodon
|
|-weather|SunnyDay|[upkeep]
|-damage|p2a: Charizard|17/100|[from] ability: Solar Power|[of] p2a: Charizard
|upkeep
|
|switch|p1a: Salazzle|Salazzle, F|2/100
|turn|16
|
|switch|p2a: Barbaracle|Barbaracle, F|43/100
|move|p1a: Salazzle|Sludge Wave|p2a: Barbaracle
|-resisted|p2a: Barbaracle
|-damage|p2a: Barbaracle|26/100
|
|-weather|SunnyDay|[upkeep]
|upkeep
|turn|17
|
|switch|p1a: Bewear|Bewear, F|78/100
|-damage|p1a: Bewear|72/100|[from] Stealth Rock
|move|p2a: Barbaracle|Earthquake|p1a: Bewear
|-damage|p1a: Bewear|51/100
|
|-weather|none
|-heal|p1a: Bewear|57/100|[from] item: Leftovers
|upkeep
|turn|18
|
|switch|p2a: Charizard|Charizard, F|17/100
|move|p1a: Bewear|Bulk Up|p1a: Bewear
|-boost|p1a: Bewear|atk|1
|-boost|p1a: Bewear|def|1
|
|-heal|p1a: Bewear|63/100|[from] item: Leftovers
|upkeep
|turn|19
|
|move|p2a: Charizard|Overheat|p1a: Bewear
|-damage|p1a: Bewear|0 fnt
|-unboost|p2a: Charizard|spa|2
|-damage|p2a: Charizard|7/100|[from] item: Life Orb
|faint|p1a: Bewear
|
|upkeep
|
|switch|p1a: Salazzle|Salazzle, F|2/100
|turn|20
|
|switch|p2a: Torkoal|Torkoal, M|44/100
|-weather|SunnyDay|[from] ability: Drought|[of] p2a: Torkoal
|move|p1a: Salazzle|Sludge Wave|p2a: Torkoal
|-damage|p2a: Torkoal|0 fnt
|faint|p2a: Torkoal
|
|-weather|SunnyDay|[upkeep]
|upkeep
|
|switch|p2a: Vileplume|Vileplume, M|100/100
|turn|21
|
|move|p2a: Vileplume|Sludge Bomb|p1a: Salazzle
|-resisted|p1a: Salazzle
|-damage|p1a: Salazzle|0 fnt
|-damage|p2a: Vileplume|91/100|[from] item: Life Orb
|faint|p1a: Salazzle
|
|-weather|SunnyDay|[upkeep]
|upkeep
|
|switch|p1a: Sigilyph|Sigilyph, M|100/100
|turn|22
|
|switch|p2a: Charizard|Charizard, F|7/100
|move|p1a: Sigilyph|Air Slash|p2a: Charizard
|-damage|p2a: Charizard|0 fnt
|faint|p2a: Charizard
|
|-weather|SunnyDay|[upkeep]
|upkeep
|
|switch|p2a: Rotom|Rotom-Frost|100/100
|turn|23
|
|switch|p1a: Boltund|Boltund, M|100/100
|-damage|p1a: Boltund|88/100|[from] Stealth Rock
|move|p2a: Rotom|Volt Switch|p1a: Boltund
|-resisted|p1a: Boltund
|-damage|p1a: Boltund|57/100
|
|switch|p2a: Vileplume|Vileplume, M|91/100|[from]move: Volt Switch
|
|-weather|SunnyDay|[upkeep]
|upkeep
|turn|24
|
|switch|p1a: Dhelmise|Dhelmise|100/100
|-damage|p1a: Dhelmise|88/100|[from] Stealth Rock
|move|p2a: Vileplume|Sludge Bomb|p1a: Dhelmise
|-damage|p1a: Dhelmise|43/100
|-damage|p2a: Vileplume|81/100|[from] item: Life Orb
|
|-weather|SunnyDay|[upkeep]
|upkeep
|turn|25
|
|move|p2a: Vileplume|Sludge Bomb|p1a: Dhelmise
|-damage|p1a: Dhelmise|0 fnt
|-damage|p2a: Vileplume|71/100|[from] item: Life Orb
|faint|p1a: Dhelmise
|
|-weather|SunnyDay|[upkeep]
|upkeep
|
|switch|p1a: Sigilyph|Sigilyph, M|100/100
|turn|26
|
|move|p2a: Vileplume|Sleep Powder|p1a: Sigilyph
|-status|p1a: Sigilyph|slp|[from] move: Sleep Powder
|cant|p1a: Sigilyph|slp
|
|-weather|SunnyDay|[upkeep]
|upkeep
|turn|27
|-message|SS007 forfeited.
|
|win|DRAGONKING JASON
|l|☆SS007
|l| vybes
||Ladder (probably) updated, but score could not be retrieved (Response not received).
