|j|☆Fartman Esq.
|j|☆yovan33321 ¯\_(ツ)
|t:|1633482233
|gametype|singles
|player|p1|Fartman Esq.|firebreather|1466
|player|p2|yovan33321 ¯\_(ツ)|ghetsis|1686
|teamsize|p1|6
|teamsize|p2|6
|gen|8
|tier|[Gen 8] RU
|rated|
|rule|Sleep Clause Mod: Limit one foe put to sleep
|rule|Species Clause: Limit one of each Pokémon
|rule|OHKO Clause: OHKO moves are banned
|rule|Evasion Moves Clause: Evasion moves are banned
|rule|Endless Battle Clause: Forcing endless battles is banned
|rule|HP Percentage Mod: HP is shown in percentages
|rule|Dynamax Clause: You cannot dynamax
|clearpoke
|poke|p1|Politoed, M|
|poke|p1|Kingdra, F|
|poke|p1|Goodra, M|
|poke|p1|Escavalier, M|
|poke|p1|Umbreon, F|
|poke|p1|Weezing-Galar, F|
|poke|p2|Grimmsnarl, M|
|poke|p2|Weezing-Galar, F|
|poke|p2|Nidoqueen, F|
|poke|p2|Jellicent, F|
|poke|p2|Toxicroak, F|
|poke|p2|Umbreon, F|
|teampreview
|
|t:|1633482255
|start
|switch|p1a: Escavalier|Escavalier, M|100/100
|switch|p2a: Grimmsnarl|Grimmsnarl, M|100/100
|turn|1
|
|t:|1633482260
|switch|p2a: Jellicent|Jellicent, F|100/100
|move|p1a: Escavalier|Iron Head|p2a: Jellicent
|-resisted|p2a: Jellicent
|-damage|p2a: Jellicent|80/100
|
|upkeep
|turn|2
|
|t:|1633482265
|move|p2a: Jellicent|Will-O-Wisp|p1a: Escavalier|[miss]
|-miss|p2a: Jellicent|p1a: Escavalier
|move|p1a: Escavalier|Knock Off|p2a: Jellicent
|-supereffective|p2a: Jellicent
|-damage|p2a: Jellicent|6/100
|-enditem|p2a: Jellicent|Heavy-Duty Boots|[from] move: Knock Off|[of] p1a: Escavalier
|
|upkeep
|turn|3
|
|t:|1633482281
|switch|p2a: Nidoqueen|Nidoqueen, F|100/100
|move|p1a: Escavalier|Knock Off|p2a: Nidoqueen
|-damage|p2a: Nidoqueen|75/100
|-enditem|p2a: Nidoqueen|Black Sludge|[from] move: Knock Off|[of] p1a: Escavalier
|
|upkeep
|turn|4
|
|t:|1633482290
|switch|p1a: Politoed|Politoed, M|100/100
|-weather|RainDance|[from] ability: Drizzle|[of] p1a: Politoed
|move|p2a: Nidoqueen|Earth Power|p1a: Politoed
|-damage|p1a: Politoed|74/100
|
|-weather|RainDance|[upkeep]
|upkeep
|turn|5
|
|t:|1633482297
|switch|p1a: Weezing|Weezing-Galar, F|100/100
|move|p2a: Nidoqueen|Stealth Rock|p1a: Weezing
|-sidestart|p1: Fartman Esq.|move: Stealth Rock
|
|-weather|RainDance|[upkeep]
|upkeep
|turn|6
|
|t:|1633482308
|move|p2a: Nidoqueen|Ice Beam|p1a: Weezing
|-damage|p1a: Weezing|70/100
|move|p1a: Weezing|Defog|p2a: Nidoqueen
|-unboost|p2a: Nidoqueen|evasion|1
|-sideend|p1: Fartman Esq.|Stealth Rock|[from] move: Defog|[of] p1a: Weezing
|
|-weather|RainDance|[upkeep]
|upkeep
|turn|7
|
|t:|1633482315
|switch|p1a: Kingdra|Kingdra, F|100/100
|move|p2a: Nidoqueen|Stealth Rock|p1a: Kingdra
|-sidestart|p1: Fartman Esq.|move: Stealth Rock
|
|-weather|RainDance|[upkeep]
|upkeep
|turn|8
|
|t:|1633482318
|switch|p2a: Umbreon|Umbreon, F|100/100
|move|p1a: Kingdra|Surf|p2a: Umbreon
|-damage|p2a: Umbreon|53/100
|
|-weather|RainDance|[upkeep]
|-heal|p2a: Umbreon|59/100|[from] item: Leftovers
|upkeep
|turn|9
|
|t:|1633482323
|switch|p1a: Escavalier|Escavalier, M|100/100
|-damage|p1a: Escavalier|88/100|[from] Stealth Rock
|move|p2a: Umbreon|Wish|p2a: Umbreon
|
|-weather|RainDance|[upkeep]
|-heal|p2a: Umbreon|65/100|[from] item: Leftovers
|upkeep
|turn|10
|
|t:|1633482328
|switch|p2a: Nidoqueen|Nidoqueen, F|75/100
|move|p1a: Escavalier|Knock Off|p2a: Nidoqueen
|-damage|p2a: Nidoqueen|58/100
|
|-weather|RainDance|[upkeep]
|-heal|p2a: Nidoqueen|100/100|[from] move: Wish|[wisher] Umbreon
|upkeep
|turn|11
|
|t:|1633482333
|move|p2a: Nidoqueen|Ice Beam|p1a: Escavalier
|-resisted|p1a: Escavalier
|-damage|p1a: Escavalier|82/100
|move|p1a: Escavalier|Iron Head|p2a: Nidoqueen
|-damage|p2a: Nidoqueen|65/100
|
|-weather|none
|upkeep
|turn|12
|
|t:|1633482337
|move|p2a: Nidoqueen|Earth Power|p1a: Escavalier
|-crit|p1a: Escavalier
|-damage|p1a: Escavalier|50/100
|move|p1a: Escavalier|Iron Head|p2a: Nidoqueen
|-damage|p2a: Nidoqueen|31/100
|
|upkeep
|turn|13
|
|t:|1633482344
|move|p2a: Nidoqueen|Earth Power|p1a: Escavalier
|-damage|p1a: Escavalier|29/100
|move|p1a: Escavalier|Iron Head|p2a: Nidoqueen
|-damage|p2a: Nidoqueen|0 fnt
|faint|p2a: Nidoqueen
|
|upkeep
|
|t:|1633482350
|switch|p2a: Grimmsnarl|Grimmsnarl, M|100/100
|turn|14
|
|t:|1633482354
|move|p2a: Grimmsnarl|Play Rough|p1a: Escavalier
|-resisted|p1a: Escavalier
|-damage|p1a: Escavalier|0 fnt
|faint|p1a: Escavalier
|
|upkeep
|
|t:|1633482358
|switch|p1a: Weezing|Weezing-Galar, F|70/100
|-damage|p1a: Weezing|57/100|[from] Stealth Rock
|turn|15
|
|t:|1633482362
|switch|p2a: Jellicent|Jellicent, F|6/100
|move|p1a: Weezing|Defog|p2a: Jellicent
|-unboost|p2a: Jellicent|evasion|1
|-sideend|p1: Fartman Esq.|Stealth Rock|[from] move: Defog|[of] p1a: Weezing
|
|upkeep
|turn|16
|
|t:|1633482371
|move|p2a: Jellicent|Recover|p2a: Jellicent
|-heal|p2a: Jellicent|57/100
|move|p1a: Weezing|Strange Steam|p2a: Jellicent
|-crit|p2a: Jellicent
|-damage|p2a: Jellicent|29/100
|
|upkeep
|turn|17
|
|t:|1633482388
|move|p2a: Jellicent|Recover|p2a: Jellicent
|-heal|p2a: Jellicent|79/100
|move|p1a: Weezing|Strange Steam|p2a: Jellicent
|-damage|p2a: Jellicent|60/100
|
|upkeep
|turn|18
|
|t:|1633482391
|move|p2a: Jellicent|Will-O-Wisp|p1a: Weezing
|-status|p1a: Weezing|brn
|move|p1a: Weezing|Pain Split|p2a: Jellicent
|-sethp|p2a: Jellicent|54/100|[from] move: Pain Split|[silent]
|-sethp|p1a: Weezing|65/100 brn|[from] move: Pain Split
|
|-damage|p1a: Weezing|59/100 brn|[from] brn
|upkeep
|turn|19
|
|t:|1633482396
|move|p2a: Jellicent|Recover|p2a: Jellicent
|-heal|p2a: Jellicent|100/100
|move|p1a: Weezing|Strange Steam|p2a: Jellicent
|-damage|p2a: Jellicent|82/100
|
|-damage|p1a: Weezing|53/100 brn|[from] brn
|upkeep
|turn|20
|
|t:|1633482411
|switch|p1a: Politoed|Politoed, M|74/100
|-weather|RainDance|[from] ability: Drizzle|[of] p1a: Politoed
|move|p2a: Jellicent|Hex|p1a: Politoed
|-damage|p1a: Politoed|56/100
|
|-weather|RainDance|[upkeep]
|upkeep
|turn|21
|
|t:|1633482415
|switch|p1a: Goodra|Goodra, M|100/100
|switch|p2a: Toxicroak|Toxicroak, F|100/100
|
|-weather|RainDance|[upkeep]
|upkeep
|turn|22
|
|t:|1633482422
|switch|p2a: Weezing|Weezing-Galar, F|100/100
|-ability|p2a: Weezing|Neutralizing Gas
|switch|p1a: Weezing|Weezing-Galar, F|53/100 brn
|
|-weather|RainDance|[upkeep]
|-damage|p1a: Weezing|47/100 brn|[from] brn
|upkeep
|turn|23
|
|t:|1633482426
|move|p2a: Weezing|Sludge Bomb|p1a: Weezing
|-damage|p1a: Weezing|10/100 brn
|move|p1a: Weezing|Pain Split|p2a: Weezing
|-sethp|p2a: Weezing|55/100|[from] move: Pain Split|[silent]
|-sethp|p1a: Weezing|55/100 brn|[from] move: Pain Split
|
|-weather|RainDance|[upkeep]
|-damage|p1a: Weezing|49/100 brn|[from] brn
|upkeep
|turn|24
|
|t:|1633482439
|switch|p1a: Umbreon|Umbreon, F|100/100
|move|p2a: Weezing|Sludge Bomb|p1a: Umbreon
|-damage|p1a: Umbreon|83/100
|-status|p1a: Umbreon|psn
|
|-weather|RainDance|[upkeep]
|-heal|p1a: Umbreon|89/100 psn|[from] item: Leftovers
|-damage|p1a: Umbreon|77/100 psn|[from] psn
|upkeep
|turn|25
|
|t:|1633482442
|move|p1a: Umbreon|Wish|p1a: Umbreon
|move|p2a: Weezing|Strange Steam|p1a: Umbreon
|-supereffective|p1a: Umbreon
|-damage|p1a: Umbreon|40/100 psn
|
|-weather|RainDance|[upkeep]
|-heal|p1a: Umbreon|46/100 psn|[from] item: Leftovers
|-damage|p1a: Umbreon|34/100 psn|[from] psn
|upkeep
|turn|26
|
|t:|1633482460
|switch|p1a: Politoed|Politoed, M|56/100
|move|p2a: Weezing|Strange Steam|p1a: Politoed
|-damage|p1a: Politoed|32/100
|
|-weather|RainDance|[upkeep]
|-heal|p1a: Politoed|83/100|[from] move: Wish|[wisher] Umbreon
|upkeep
|turn|27
|
|t:|1633482465
|-end|p2a: Weezing|ability: Neutralizing Gas
|switch|p2a: Toxicroak|Toxicroak, F|100/100
|move|p1a: Politoed|Encore||[still]
|-fail|p1a: Politoed
|
|-weather|none
|upkeep
|turn|28
|
|t:|1633482472
|switch|p1a: Weezing|Weezing-Galar, F|49/100 brn
|move|p2a: Toxicroak|Swords Dance|p2a: Toxicroak
|-boost|p2a: Toxicroak|atk|2
|
|-damage|p1a: Weezing|43/100 brn|[from] brn
|upkeep
|turn|29
|
|t:|1633482477
|move|p2a: Toxicroak|Gunk Shot|p1a: Weezing|[miss]
|-miss|p2a: Toxicroak|p1a: Weezing
|move|p1a: Weezing|Strange Steam|p2a: Toxicroak
|-damage|p2a: Toxicroak|56/100
|
|-damage|p1a: Weezing|37/100 brn|[from] brn
|upkeep
|turn|30
|
|t:|1633482481
|move|p2a: Toxicroak|Gunk Shot|p1a: Weezing
|-damage|p1a: Weezing|0 fnt
|faint|p1a: Weezing
|-damage|p2a: Toxicroak|46/100|[from] item: Life Orb
|
|upkeep
|
|t:|1633482485
|switch|p1a: Politoed|Politoed, M|83/100
|-weather|RainDance|[from] ability: Drizzle|[of] p1a: Politoed
|turn|31
|
|t:|1633482492
|switch|p1a: Umbreon|Umbreon, F|34/100 psn
|move|p2a: Toxicroak|Drain Punch|p1a: Umbreon
|-supereffective|p1a: Umbreon
|-damage|p1a: Umbreon|0 fnt
|-heal|p2a: Toxicroak|68/100|[from] drain|[of] p1a: Umbreon
|faint|p1a: Umbreon
|-damage|p2a: Toxicroak|58/100|[from] item: Life Orb
|
|-weather|RainDance|[upkeep]
|-heal|p2a: Toxicroak|71/100|[from] ability: Dry Skin
|upkeep
|
|t:|1633482494
|switch|p1a: Kingdra|Kingdra, F|100/100
|turn|32
|
|t:|1633482499
|switch|p2a: Weezing|Weezing-Galar, F|55/100
|-ability|p2a: Weezing|Neutralizing Gas
|move|p1a: Kingdra|Hurricane|p2a: Weezing
|-damage|p2a: Weezing|0 fnt
|faint|p2a: Weezing
|-end|p2a: Weezing|ability: Neutralizing Gas
|
|-weather|RainDance|[upkeep]
|upkeep
|
|t:|1633482503
|switch|p2a: Grimmsnarl|Grimmsnarl, M|100/100
|turn|33
|
|t:|1633482514
|move|p1a: Kingdra|Hurricane|p2a: Grimmsnarl
|-damage|p2a: Grimmsnarl|46/100
|move|p2a: Grimmsnarl|Play Rough|p1a: Kingdra
|-supereffective|p1a: Kingdra
|-damage|p1a: Kingdra|0 fnt
|faint|p1a: Kingdra
|
|-weather|RainDance|[upkeep]
|upkeep
|
|t:|1633482523
|switch|p1a: Politoed|Politoed, M|83/100
|turn|34
|
|t:|1633482531
|switch|p1a: Goodra|Goodra, M|100/100
|move|p2a: Grimmsnarl|Play Rough|p1a: Goodra
|-supereffective|p1a: Goodra
|-damage|p1a: Goodra|0 fnt
|faint|p1a: Goodra
|
|-weather|RainDance|[upkeep]
|upkeep
|-message|Fartman Esq. forfeited.
|
|win|yovan33321 ¯\_(ツ)
|raw|Fartman Esq.'s rating: 1466 &rarr; <strong>1457</strong><br />(-9 for losing)
|raw|yovan33321 ¯\_(ツ)'s rating: 1686 &rarr; <strong>1695</strong><br />(+9 for winning)
|l|☆Fartman Esq.
