|j|☆ruznoob
|j|☆Ectoboggan
|inactive|Battle timer is ON: inactive players will automatically lose when time's up.
|player|p1|ruznoob|morty-gen2|
|player|p2|Ectoboggan|lusamine|
|teamsize|p1|6
|teamsize|p2|6
|gametype|singles
|gen|8
|tier|[Gen 8] RU
|rated|Tournament battle
|clearpoke
|poke|p1|Ninetales, M|
|poke|p1|Ivysaur, M|
|poke|p1|Gastrodon-East, M|
|poke|p1|Copperajah, M|
|poke|p1|Silvally-*|
|poke|p1|Passimian, F|
|poke|p2|Silvally-*|
|poke|p2|Aromatisse, M|
|poke|p2|Mudsdale, M|
|poke|p2|Rillaboom, M|
|poke|p2|Klinklang|
|poke|p2|Goodra, F|
|rule|Sleep Clause Mod: Limit one foe put to sleep
|rule|Species Clause: Limit one of each Pokémon
|rule|OHKO Clause: OHKO moves are banned
|rule|Evasion Moves Clause: Evasion moves are banned
|rule|Endless Battle Clause: Forcing endless battles is banned
|rule|HP Percentage Mod: HP is shown in percentages
|rule|Dynamax Clause: You cannot dynamax
|teampreview
|inactive|Ectoboggan has 120 seconds left.
|
|start
|switch|p1a: Ninetales|Ninetales, M|100/100
|switch|p2a: Goodra|Goodra, F|100/100
|-weather|SunnyDay|[from] ability: Drought|[of] p1a: Ninetales
|turn|1
|
|switch|p1a: Silvally|Silvally-Fairy|100/100
|move|p2a: Goodra|Draco Meteor|p1a: Silvally
|-immune|p1a: Silvally
|
|-weather|SunnyDay|[upkeep]
|upkeep
|turn|2
|
|switch|p2a: Mudsdale|Mudsdale, M|100/100
|move|p1a: Silvally|Parting Shot|p2a: Mudsdale
|-unboost|p2a: Mudsdale|atk|1
|-unboost|p2a: Mudsdale|spa|1
|
|switch|p1a: Ivysaur|Ivysaur, M|100/100|[from]move: Parting Shot
|
|-weather|SunnyDay|[upkeep]
|upkeep
|turn|3
|
|switch|p2a: Goodra|Goodra, F|100/100
|move|p1a: Ivysaur|Giga Drain|p2a: Goodra
|-ability|p2a: Goodra|Sap Sipper|boost
|-boost|p2a: Goodra|atk|1
|
|-weather|SunnyDay|[upkeep]
|upkeep
|turn|4
|
|switch|p1a: Gastrodon|Gastrodon-East, M|100/100
|move|p2a: Goodra|Fire Blast|p1a: Gastrodon
|-resisted|p1a: Gastrodon
|-damage|p1a: Gastrodon|62/100
|
|-weather|SunnyDay|[upkeep]
|-heal|p1a: Gastrodon|68/100|[from] item: Leftovers
|upkeep
|turn|5
|
|switch|p2a: Rillaboom|Rillaboom, M|100/100
|move|p1a: Gastrodon|Toxic|p2a: Rillaboom
|-status|p2a: Rillaboom|tox
|
|-weather|SunnyDay|[upkeep]
|-heal|p1a: Gastrodon|74/100|[from] item: Leftovers
|-damage|p2a: Rillaboom|94/100 tox|[from] psn
|upkeep
|turn|6
|
|switch|p1a: Ivysaur|Ivysaur, M|100/100
|move|p2a: Rillaboom|Knock Off|p1a: Ivysaur
|-damage|p1a: Ivysaur|55/100
|-enditem|p1a: Ivysaur|Eviolite|[from] move: Knock Off|[of] p2a: Rillaboom
|
|-weather|SunnyDay|[upkeep]
|-damage|p2a: Rillaboom|82/100 tox|[from] psn
|upkeep
|turn|7
|
|switch|p2a: Goodra|Goodra, F|100/100
|move|p1a: Ivysaur|Sludge Bomb|p2a: Goodra
|-damage|p2a: Goodra|73/100
|
|-weather|SunnyDay|[upkeep]
|upkeep
|turn|8
|j| romanox payer
|
|switch|p1a: Silvally|Silvally-Fairy|100/100
|move|p2a: Goodra|Draco Meteor|p1a: Silvally
|-immune|p1a: Silvally
|
|-weather|none
|upkeep
|turn|9
|
|switch|p2a: Mudsdale|Mudsdale, M|100/100
|move|p1a: Silvally|Parting Shot|p2a: Mudsdale
|-unboost|p2a: Mudsdale|atk|1
|-unboost|p2a: Mudsdale|spa|1
|
|switch|p1a: Ninetales|Ninetales, M|100/100|[from]move: Parting Shot
|-weather|SunnyDay|[from] ability: Drought|[of] p1a: Ninetales
|
|-weather|SunnyDay|[upkeep]
|upkeep
|turn|10
|
|move|p1a: Ninetales|Fire Blast|p2a: Mudsdale
|-damage|p2a: Mudsdale|49/100
|-ability|p2a: Mudsdale|Stamina|boost
|-boost|p2a: Mudsdale|def|1
|move|p2a: Mudsdale|Earthquake|p1a: Ninetales
|-supereffective|p1a: Ninetales
|-damage|p1a: Ninetales|22/100
|
|-weather|SunnyDay|[upkeep]
|-heal|p2a: Mudsdale|55/100|[from] item: Leftovers
|upkeep
|turn|11
|
|switch|p2a: Goodra|Goodra, F|73/100
|move|p1a: Ninetales|Toxic|p2a: Goodra|[miss]
|-miss|p1a: Ninetales|p2a: Goodra
|
|-weather|SunnyDay|[upkeep]
|upkeep
|turn|12
|
|move|p1a: Ninetales|Toxic|p2a: Goodra
|-status|p2a: Goodra|tox
|move|p2a: Goodra|Sludge Wave|p1a: Ninetales
|-damage|p1a: Ninetales|0 fnt
|faint|p1a: Ninetales
|
|-weather|SunnyDay|[upkeep]
|-damage|p2a: Goodra|67/100 tox|[from] psn
|upkeep
|
|switch|p1a: Copperajah|Copperajah, M|100/100
|turn|13
|
|switch|p2a: Mudsdale|Mudsdale, M|55/100
|move|p1a: Copperajah|Stealth Rock|p2a: Mudsdale
|-sidestart|p2: Ectoboggan|move: Stealth Rock
|
|-weather|SunnyDay|[upkeep]
|-heal|p2a: Mudsdale|61/100|[from] item: Leftovers
|upkeep
|turn|14
|
|switch|p1a: Ivysaur|Ivysaur, M|55/100
|move|p2a: Mudsdale|Stealth Rock|p1a: Ivysaur
|-sidestart|p1: ruznoob|move: Stealth Rock
|
|-weather|SunnyDay|[upkeep]
|-heal|p2a: Mudsdale|67/100|[from] item: Leftovers
|upkeep
|turn|15
|
|switch|p2a: Klinklang|Klinklang|100/100
|-damage|p2a: Klinklang|94/100|[from] Stealth Rock
|move|p1a: Ivysaur|Giga Drain|p2a: Klinklang
|-resisted|p2a: Klinklang
|-damage|p2a: Klinklang|74/100
|-heal|p1a: Ivysaur|66/100|[from] drain|[of] p2a: Klinklang
|
|-weather|SunnyDay|[upkeep]
|-heal|p2a: Klinklang|80/100|[from] item: Leftovers
|upkeep
|turn|16
|
|move|p1a: Ivysaur|Weather Ball|p2a: Klinklang
|-supereffective|p2a: Klinklang
|-damage|p2a: Klinklang|0 fnt
|faint|p2a: Klinklang
|
|-weather|none
|upkeep
|
|switch|p2a: Silvally|Silvally-Ghost|100/100
|-damage|p2a: Silvally|88/100|[from] Stealth Rock
|turn|17
|
|move|p2a: Silvally|Swords Dance|p2a: Silvally
|-boost|p2a: Silvally|atk|2
|move|p1a: Ivysaur|Giga Drain|p2a: Silvally
|-damage|p2a: Silvally|60/100
|-heal|p1a: Ivysaur|84/100|[from] drain|[of] p2a: Silvally
|
|upkeep
|turn|18
|
|switch|p1a: Gastrodon|Gastrodon-East, M|74/100
|-damage|p1a: Gastrodon|68/100|[from] Stealth Rock
|move|p2a: Silvally|Multi-Attack|p1a: Gastrodon
|-damage|p1a: Gastrodon|0 fnt
|faint|p1a: Gastrodon
|
|upkeep
|
|switch|p1a: Passimian|Passimian, F|100/100
|-damage|p1a: Passimian|94/100|[from] Stealth Rock
|turn|19
|
|move|p1a: Passimian|Knock Off|p2a: Silvally
|-supereffective|p2a: Silvally
|-damage|p2a: Silvally|10/100
|move|p2a: Silvally|Multi-Attack|p1a: Passimian
|-damage|p1a: Passimian|0 fnt
|faint|p1a: Passimian
|
|upkeep
|
|switch|p1a: Copperajah|Copperajah, M|100/100
|-damage|p1a: Copperajah|94/100|[from] Stealth Rock
|turn|20
|
|move|p2a: Silvally|Multi-Attack|p1a: Copperajah
|-damage|p1a: Copperajah|0 fnt
|faint|p1a: Copperajah
|
|upkeep
|
|switch|p1a: Silvally|Silvally-Fairy|100/100
|-damage|p1a: Silvally|88/100|[from] Stealth Rock
|turn|21
|
|move|p2a: Silvally|Multi-Attack|p1a: Silvally
|-damage|p1a: Silvally|0 fnt
|faint|p1a: Silvally
|
|upkeep
|
|switch|p1a: Ivysaur|Ivysaur, M|84/100
|-damage|p1a: Ivysaur|72/100|[from] Stealth Rock
|turn|22
|
|move|p2a: Silvally|Multi-Attack|p1a: Ivysaur
|-damage|p1a: Ivysaur|0 fnt
|faint|p1a: Ivysaur
|
|win|Ectoboggan
|c|☆Ectoboggan|gg
|c|☆ruznoob|gg
|l|☆Ectoboggan
