|raw|<div class="broadcast-blue"><strong>This battle is required to be public due to a player having a name starting with 'rult70'.</div>
|j|☆Rult70dani
|j|☆Trick of Eye
|t:|1626725527
|gametype|singles
|player|p1|Rult70dani|pokemonrangerf-gen4|1510
|player|p2|Trick of Eye|blackbelt-gen4dp|1455
|teamsize|p1|6
|teamsize|p2|6
|gen|8
|tier|[Gen 8] RU
|rated|
|rule|Sleep Clause Mod: Limit one foe put to sleep
|rule|Species Clause: Limit one of each Pokémon
|rule|OHKO Clause: OHKO moves are banned
|rule|Evasion Moves Clause: Evasion moves are banned
|rule|Endless Battle Clause: Forcing endless battles is banned
|rule|HP Percentage Mod: HP is shown in percentages
|rule|Dynamax Clause: You cannot dynamax
|clearpoke
|poke|p1|Pangoro, F|
|poke|p1|Roserade, F|
|poke|p1|Golisopod, F|
|poke|p1|Flygon, F|
|poke|p1|Bronzong|
|poke|p1|Togekiss, M|
|poke|p2|Reuniclus, M|
|poke|p2|Suicune|
|poke|p2|Weezing-Galar, M|
|poke|p2|Seismitoad, F|
|poke|p2|Raikou|
|poke|p2|Umbreon, M|
|teampreview
|inactive|Battle timer is ON: inactive players will automatically lose when time's up. (requested by Rult70dani)
|
|t:|1626725547
|start
|switch|p1a: Roserade|Roserade, F|100/100
|switch|p2a: Seismitoad|Seismitoad, F|100/100
|turn|1
|
|t:|1626725558
|switch|p2a: Reuniclus|Reuniclus, M|100/100
|move|p1a: Roserade|Sleep Powder|p2a: Reuniclus|[miss]
|-miss|p1a: Roserade|p2a: Reuniclus
|
|upkeep
|turn|2
|
|t:|1626725565
|switch|p1a: Golisopod|Golisopod, F|100/100
|move|p2a: Reuniclus|Knock Off|p1a: Golisopod
|-damage|p1a: Golisopod|90/100
|-enditem|p1a: Golisopod|Heavy-Duty Boots|[from] move: Knock Off|[of] p2a: Reuniclus
|
|upkeep
|turn|3
|
|t:|1626725574
|switch|p1a: Roserade|Roserade, F|100/100
|switch|p2a: Seismitoad|Seismitoad, F|100/100
|
|upkeep
|turn|4
|
|t:|1626725577
|switch|p2a: Reuniclus|Reuniclus, M|100/100
|move|p1a: Roserade|Sleep Powder|p2a: Reuniclus|[miss]
|-miss|p1a: Roserade|p2a: Reuniclus
|
|upkeep
|turn|5
|
|t:|1626725581
|move|p1a: Roserade|Sleep Powder|p2a: Reuniclus
|-status|p2a: Reuniclus|slp|[from] move: Sleep Powder
|cant|p2a: Reuniclus|slp
|
|upkeep
|turn|6
|
|t:|1626725584
|switch|p1a: Golisopod|Golisopod, F|90/100
|cant|p2a: Reuniclus|slp
|
|upkeep
|turn|7
|
|t:|1626725590
|switch|p1a: Roserade|Roserade, F|100/100
|switch|p2a: Weezing|Weezing-Galar, M|100/100
|
|upkeep
|turn|8
|
|t:|1626725592
|switch|p2a: Reuniclus|Reuniclus, M|100/100 slp
|move|p1a: Roserade|Sludge Bomb|p2a: Reuniclus
|-damage|p2a: Reuniclus|78/100 slp
|
|upkeep
|turn|9
|
|t:|1626725596
|switch|p1a: Pangoro|Pangoro, F, shiny|100/100
|cant|p2a: Reuniclus|slp
|
|upkeep
|turn|10
|
|t:|1626725601
|switch|p2a: Weezing|Weezing-Galar, M|100/100
|move|p1a: Pangoro|Knock Off|p2a: Weezing
|-resisted|p2a: Weezing
|-damage|p2a: Weezing|78/100
|-damage|p1a: Pangoro|84/100|[from] item: Rocky Helmet|[of] p2a: Weezing
|-enditem|p2a: Weezing|Rocky Helmet|[from] move: Knock Off|[of] p1a: Pangoro
|-damage|p1a: Pangoro|74/100|[from] item: Life Orb
|
|upkeep
|turn|11
|
|t:|1626725604
|switch|p1a: Roserade|Roserade, F|100/100
|move|p2a: Weezing|Pain Split|p1a: Roserade
|-sethp|p1a: Roserade|99/100|[from] move: Pain Split|[silent]
|-sethp|p2a: Weezing|78/100|[from] move: Pain Split
|
|upkeep
|turn|12
|
|t:|1626725608
|switch|p2a: Reuniclus|Reuniclus, M|100/100 slp
|move|p1a: Roserade|Spikes|p2a: Reuniclus
|-sidestart|p2: Trick of Eye|Spikes
|
|upkeep
|turn|13
|
|t:|1626725613
|switch|p1a: Golisopod|Golisopod, F|90/100
|-curestatus|p2a: Reuniclus|slp|[msg]
|move|p2a: Reuniclus|Future Sight|p1a: Golisopod
|-start|p2a: Reuniclus|move: Future Sight
|
|upkeep
|turn|14
|
|t:|1626725616
|switch|p2a: Seismitoad|Seismitoad, F|100/100
|-damage|p2a: Seismitoad|88/100|[from] Spikes
|move|p1a: Golisopod|Knock Off|p2a: Seismitoad
|-damage|p2a: Seismitoad|63/100
|-enditem|p2a: Seismitoad|Leftovers|[from] move: Knock Off|[of] p1a: Golisopod
|
|upkeep
|turn|15
|
|t:|1626725623
|switch|p1a: Togekiss|Togekiss, M|100/100
|move|p2a: Seismitoad|Knock Off|p1a: Togekiss
|-resisted|p1a: Togekiss
|-damage|p1a: Togekiss|92/100
|-enditem|p1a: Togekiss|Heavy-Duty Boots|[from] move: Knock Off|[of] p2a: Seismitoad
|
|-end|p1a: Togekiss|move: Future Sight
|-damage|p1a: Togekiss|46/100
|upkeep
|turn|16
|
|t:|1626725630
|switch|p2a: Raikou|Raikou|100/100
|-damage|p2a: Raikou|88/100|[from] Spikes
|-ability|p2a: Raikou|Pressure
|move|p1a: Togekiss|Roost|p1a: Togekiss
|-heal|p1a: Togekiss|96/100
|-singleturn|p1a: Togekiss|move: Roost
|
|-heal|p2a: Raikou|94/100|[from] item: Leftovers
|upkeep
|turn|17
|
|t:|1626725638
|switch|p1a: Bronzong|Bronzong|100/100
|move|p2a: Raikou|Substitute|p2a: Raikou
|-start|p2a: Raikou|Substitute
|-damage|p2a: Raikou|69/100
|
|-heal|p2a: Raikou|76/100|[from] item: Leftovers
|upkeep
|turn|18
|
|t:|1626725642
|move|p2a: Raikou|Thunderbolt|p1a: Bronzong
|-damage|p1a: Bronzong|73/100
|move|p1a: Bronzong|Stealth Rock|p2a: Raikou
|-sidestart|p2: Trick of Eye|move: Stealth Rock
|
|-heal|p2a: Raikou|82/100|[from] item: Leftovers
|-heal|p1a: Bronzong|79/100|[from] item: Leftovers
|upkeep
|turn|19
|
|t:|1626725646
|move|p2a: Raikou|Thunderbolt|p1a: Bronzong
|-damage|p1a: Bronzong|49/100
|move|p1a: Bronzong|Body Press|p2a: Raikou
|-end|p2a: Raikou|Substitute
|
|-heal|p2a: Raikou|88/100|[from] item: Leftovers
|-heal|p1a: Bronzong|55/100|[from] item: Leftovers
|upkeep
|turn|20
|
|t:|1626725652
|switch|p2a: Weezing|Weezing-Galar, M|78/100
|-damage|p2a: Weezing|66/100|[from] Stealth Rock
|switch|p1a: Flygon|Flygon, F|100/100
|
|upkeep
|turn|21
|
|t:|1626725654
|move|p1a: Flygon|U-turn|p2a: Weezing
|-resisted|p2a: Weezing
|-damage|p2a: Weezing|63/100
|
|t:|1626725656
|switch|p1a: Roserade|Roserade, F|99/100|[from]move: U-turn
|move|p2a: Weezing|Defog|p1a: Roserade
|-unboost|p1a: Roserade|evasion|1
|-sideend|p2: Trick of Eye|Spikes|[from] move: Defog|[of] p2a: Weezing
|-sideend|p2: Trick of Eye|Stealth Rock|[from] move: Defog|[of] p2a: Weezing
|
|upkeep
|turn|22
|j| rult70r ylon
|
|t:|1626725660
|switch|p2a: Reuniclus|Reuniclus, M|100/100
|move|p1a: Roserade|Sleep Powder|p2a: Reuniclus
|-status|p2a: Reuniclus|slp|[from] move: Sleep Powder
|
|upkeep
|turn|23
|
|t:|1626725669
|move|p1a: Roserade|Spikes|p2a: Reuniclus
|-sidestart|p2: Trick of Eye|Spikes
|cant|p2a: Reuniclus|slp
|
|upkeep
|turn|24
|
|t:|1626725671
|switch|p1a: Pangoro|Pangoro, F, shiny|74/100
|-curestatus|p2a: Reuniclus|slp|[msg]
|move|p2a: Reuniclus|Psyshock|p1a: Pangoro
|-immune|p1a: Pangoro
|
|upkeep
|turn|25
|
|t:|1626725678
|switch|p2a: Weezing|Weezing-Galar, M|63/100
|move|p1a: Pangoro|Drain Punch|p2a: Weezing
|-resisted|p2a: Weezing
|-damage|p2a: Weezing|53/100
|-heal|p1a: Pangoro|79/100|[from] drain|[of] p2a: Weezing
|-damage|p1a: Pangoro|69/100|[from] item: Life Orb
|
|upkeep
|turn|26
|
|t:|1626725682
|switch|p1a: Roserade|Roserade, F|99/100
|move|p2a: Weezing|Pain Split|p1a: Roserade
|-sethp|p1a: Roserade|84/100|[from] move: Pain Split|[silent]
|-sethp|p2a: Weezing|65/100|[from] move: Pain Split
|
|upkeep
|turn|27
|
|t:|1626725686
|switch|p2a: Reuniclus|Reuniclus, M|100/100
|-damage|p2a: Reuniclus|88/100|[from] Spikes
|move|p1a: Roserade|Sleep Powder|p2a: Reuniclus
|-status|p2a: Reuniclus|slp|[from] move: Sleep Powder
|
|upkeep
|turn|28
|l| rult70r ylon
|
|t:|1626725691
|move|p1a: Roserade|Spikes|p2a: Reuniclus
|-sidestart|p2: Trick of Eye|Spikes
|cant|p2a: Reuniclus|slp
|
|upkeep
|turn|29
|
|t:|1626725695
|switch|p1a: Golisopod|Golisopod, F|90/100
|cant|p2a: Reuniclus|slp
|
|upkeep
|turn|30
|
|t:|1626725700
|switch|p2a: Weezing|Weezing-Galar, M|65/100
|move|p1a: Golisopod|Leech Life|p2a: Weezing
|-resisted|p2a: Weezing
|-damage|p2a: Weezing|58/100
|-heal|p1a: Golisopod|94/100|[from] drain|[of] p2a: Weezing
|
|upkeep
|turn|31
|
|t:|1626725704
|switch|p1a: Roserade|Roserade, F|84/100
|move|p2a: Weezing|Defog|p1a: Roserade
|-unboost|p1a: Roserade|evasion|1
|-sideend|p2: Trick of Eye|Spikes|[from] move: Defog|[of] p2a: Weezing
|
|upkeep
|turn|32
|inactive|Rult70dani has 120 seconds left.
|
|t:|1626725764
|move|p1a: Roserade|Sludge Bomb|p2a: Weezing
|-damage|p2a: Weezing|0 fnt
|faint|p2a: Weezing
|
|upkeep
|
|t:|1626725771
|switch|p2a: Reuniclus|Reuniclus, M|100/100 slp
|turn|33
|
|t:|1626725774
|switch|p1a: Golisopod|Golisopod, F|94/100
|-curestatus|p2a: Reuniclus|slp|[msg]
|move|p2a: Reuniclus|Psyshock|p1a: Golisopod
|-damage|p1a: Golisopod|63/100
|
|upkeep
|turn|34
|
|t:|1626725778
|switch|p2a: Seismitoad|Seismitoad, F|63/100
|move|p1a: Golisopod|Leech Life|p2a: Seismitoad
|-damage|p2a: Seismitoad|31/100
|-heal|p1a: Golisopod|83/100|[from] drain|[of] p2a: Seismitoad
|
|upkeep
|turn|35
|
|t:|1626725783
|switch|p1a: Roserade|Roserade, F|84/100
|move|p2a: Seismitoad|Stealth Rock|p1a: Roserade
|-sidestart|p1: Rult70dani|move: Stealth Rock
|
|upkeep
|turn|36
|
|t:|1626725786
|move|p1a: Roserade|Sleep Powder|p2a: Seismitoad
|-status|p2a: Seismitoad|slp|[from] move: Sleep Powder
|cant|p2a: Seismitoad|slp
|
|upkeep
|turn|37
|
|t:|1626725789
|switch|p2a: Reuniclus|Reuniclus, M|100/100
|move|p1a: Roserade|Spikes|p2a: Reuniclus
|-sidestart|p2: Trick of Eye|Spikes
|
|upkeep
|turn|38
|
|t:|1626725796
|switch|p1a: Togekiss|Togekiss, M|96/100
|-damage|p1a: Togekiss|71/100|[from] Stealth Rock
|move|p2a: Reuniclus|Future Sight|p1a: Togekiss
|-start|p2a: Reuniclus|move: Future Sight
|
|upkeep
|turn|39
|
|t:|1626725801
|move|p1a: Togekiss|Wish|p1a: Togekiss
|move|p2a: Reuniclus|Psyshock|p1a: Togekiss
|-damage|p1a: Togekiss|46/100
|
|upkeep
|turn|40
|
|t:|1626725812
|switch|p2a: Suicune|Suicune|100/100
|-damage|p2a: Suicune|88/100|[from] Spikes
|-ability|p2a: Suicune|Pressure
|move|p1a: Togekiss|Roost|p1a: Togekiss
|-heal|p1a: Togekiss|96/100
|-singleturn|p1a: Togekiss|move: Roost
|
|-end|p1a: Togekiss|move: Future Sight
|-damage|p1a: Togekiss|54/100
|-heal|p1a: Togekiss|100/100|[from] move: Wish|[wisher] Togekiss
|-heal|p2a: Suicune|94/100|[from] item: Leftovers
|upkeep
|turn|41
|
|t:|1626725821
|switch|p1a: Roserade|Roserade, F|84/100
|move|p2a: Suicune|Toxic|p1a: Roserade
|-immune|p1a: Roserade
|
|-heal|p2a: Suicune|100/100|[from] item: Leftovers
|upkeep
|turn|42
|
|t:|1626725828
|switch|p2a: Reuniclus|Reuniclus, M|100/100
|-damage|p2a: Reuniclus|88/100|[from] Spikes
|move|p1a: Roserade|Spikes|p2a: Reuniclus
|-sidestart|p2: Trick of Eye|Spikes
|
|upkeep
|turn|43
|
|t:|1626725833
|switch|p1a: Togekiss|Togekiss, M|100/100
|-damage|p1a: Togekiss|76/100|[from] Stealth Rock
|move|p2a: Reuniclus|Future Sight|p1a: Togekiss
|-start|p2a: Reuniclus|move: Future Sight
|
|upkeep
|turn|44
|
|t:|1626725835
|switch|p2a: Raikou|Raikou|88/100
|-damage|p2a: Raikou|72/100|[from] Spikes
|-ability|p2a: Raikou|Pressure
|move|p1a: Togekiss|Air Slash|p2a: Raikou
|-resisted|p2a: Raikou
|-damage|p2a: Raikou|55/100
|
|-heal|p2a: Raikou|61/100|[from] item: Leftovers
|upkeep
|turn|45
|
|t:|1626725838
|switch|p1a: Flygon|Flygon, F|100/100
|-damage|p1a: Flygon|95/100|[from] Stealth Rock
|move|p2a: Raikou|Thunderbolt|p1a: Flygon
|-immune|p1a: Flygon
|
|-end|p1a: Flygon|move: Future Sight
|-damage|p1a: Flygon|23/100
|-heal|p2a: Raikou|67/100|[from] item: Leftovers
|upkeep
|turn|46
|
|t:|1626725849
|switch|p2a: Suicune|Suicune|100/100
|-damage|p2a: Suicune|84/100|[from] Spikes
|-ability|p2a: Suicune|Pressure
|move|p1a: Flygon|U-turn|p2a: Suicune
|-damage|p2a: Suicune|72/100
|
|t:|1626725852
|switch|p1a: Roserade|Roserade, F|84/100|[from]move: U-turn
|
|-heal|p2a: Suicune|78/100|[from] item: Leftovers
|upkeep
|turn|47
|
|t:|1626725856
|switch|p1a: Golisopod|Golisopod, F|83/100
|-damage|p1a: Golisopod|58/100|[from] Stealth Rock
|switch|p2a: Reuniclus|Reuniclus, M|100/100
|-damage|p2a: Reuniclus|84/100|[from] Spikes
|
|upkeep
|turn|48
|
|t:|1626725867
|switch|p2a: Suicune|Suicune|78/100
|-damage|p2a: Suicune|62/100|[from] Spikes
|-ability|p2a: Suicune|Pressure
|move|p1a: Golisopod|Leech Life|p2a: Suicune
|-damage|p2a: Suicune|38/100
|-heal|p1a: Golisopod|72/100|[from] drain|[of] p2a: Suicune
|
|-heal|p2a: Suicune|44/100|[from] item: Leftovers
|upkeep
|turn|49
|
|t:|1626725871
|switch|p1a: Roserade|Roserade, F|84/100
|move|p2a: Suicune|Scald|p1a: Roserade
|-resisted|p1a: Roserade
|-damage|p1a: Roserade|69/100
|-status|p1a: Roserade|brn
|
|-heal|p2a: Suicune|50/100|[from] item: Leftovers
|-damage|p1a: Roserade|63/100 brn|[from] brn
|upkeep
|turn|50
|
|t:|1626725878
|move|p2a: Suicune|Protect|p2a: Suicune
|-singleturn|p2a: Suicune|Protect
|move|p1a: Roserade|Sludge Bomb|p2a: Suicune
|-activate|p2a: Suicune|move: Protect
|
|-heal|p2a: Suicune|57/100|[from] item: Leftovers
|-damage|p1a: Roserade|57/100 brn|[from] brn
|upkeep
|turn|51
|
|t:|1626725884
|switch|p2a: Reuniclus|Reuniclus, M|100/100
|-damage|p2a: Reuniclus|84/100|[from] Spikes
|move|p1a: Roserade|Sludge Bomb|p2a: Reuniclus
|-damage|p2a: Reuniclus|60/100
|-status|p2a: Reuniclus|psn
|
|-damage|p2a: Reuniclus|48/100 psn|[from] psn
|-damage|p1a: Roserade|51/100 brn|[from] brn
|upkeep
|turn|52
|
|t:|1626725892
|switch|p1a: Togekiss|Togekiss, M|76/100
|-damage|p1a: Togekiss|51/100|[from] Stealth Rock
|move|p2a: Reuniclus|Future Sight|p1a: Togekiss
|-start|p2a: Reuniclus|move: Future Sight
|
|-damage|p2a: Reuniclus|36/100 psn|[from] psn
|upkeep
|turn|53
|
|t:|1626725897
|switch|p2a: Raikou|Raikou|67/100
|-damage|p2a: Raikou|51/100|[from] Spikes
|-ability|p2a: Raikou|Pressure
|move|p1a: Togekiss|Roost|p1a: Togekiss
|-heal|p1a: Togekiss|100/100
|-singleturn|p1a: Togekiss|move: Roost
|
|-heal|p2a: Raikou|57/100|[from] item: Leftovers
|upkeep
|turn|54
|
|t:|1626725905
|switch|p1a: Bronzong|Bronzong|55/100
|-damage|p1a: Bronzong|49/100|[from] Stealth Rock
|move|p2a: Raikou|Thunderbolt|p1a: Bronzong
|-damage|p1a: Bronzong|22/100
|
|-end|p1a: Bronzong|move: Future Sight
|-resisted|p1a: Bronzong
|-damage|p1a: Bronzong|13/100
|-heal|p2a: Raikou|63/100|[from] item: Leftovers
|-heal|p1a: Bronzong|19/100|[from] item: Leftovers
|upkeep
|turn|55
|
|t:|1626725909
|move|p1a: Bronzong|Protect|p1a: Bronzong
|-singleturn|p1a: Bronzong|Protect
|move|p2a: Raikou|Thunderbolt|p1a: Bronzong
|-activate|p1a: Bronzong|move: Protect
|
|-heal|p2a: Raikou|69/100|[from] item: Leftovers
|-heal|p1a: Bronzong|26/100|[from] item: Leftovers
|upkeep
|turn|56
|
|t:|1626725917
|move|p2a: Raikou|Thunderbolt|p1a: Bronzong
|-damage|p1a: Bronzong|0 fnt
|faint|p1a: Bronzong
|
|-heal|p2a: Raikou|76/100|[from] item: Leftovers
|upkeep
|
|t:|1626725922
|switch|p1a: Roserade|Roserade, F|51/100
|turn|57
|
|t:|1626725929
|switch|p2a: Umbreon|Umbreon, M|100/100
|move|p1a: Roserade|Leaf Storm|p2a: Umbreon
|-damage|p2a: Umbreon|66/100
|-unboost|p1a: Roserade|spa|2
|
|upkeep
|turn|58
|
|t:|1626725937
|move|p1a: Roserade|Spikes|p2a: Umbreon
|-sidestart|p2: Trick of Eye|Spikes
|move|p2a: Umbreon|Wish|p2a: Umbreon
|
|upkeep
|turn|59
|
|t:|1626725941
|switch|p1a: Pangoro|Pangoro, F, shiny|69/100
|-damage|p1a: Pangoro|63/100|[from] Stealth Rock
|move|p2a: Umbreon|Heal Bell|p2a: Umbreon
|-activate|p2a: Umbreon|move: Heal Bell
|-curestatus|p2: Reuniclus|psn|[msg]
|-curestatus|p2: Seismitoad|slp|[msg]
|
|-heal|p2a: Umbreon|100/100|[from] move: Wish|[wisher] Umbreon
|upkeep
|turn|60
|
|t:|1626725949
|switch|p2a: Seismitoad|Seismitoad, F|31/100
|-damage|p2a: Seismitoad|7/100|[from] Spikes
|move|p1a: Pangoro|Swords Dance|p1a: Pangoro
|-boost|p1a: Pangoro|atk|2
|
|upkeep
|turn|61
|
|t:|1626725953
|move|p1a: Pangoro|Drain Punch|p2a: Seismitoad
|-damage|p2a: Seismitoad|0 fnt
|-heal|p1a: Pangoro|67/100|[from] drain|[of] p2a: Seismitoad
|faint|p2a: Seismitoad
|-damage|p1a: Pangoro|57/100|[from] item: Life Orb
|
|upkeep
|
|t:|1626725956
|switch|p2a: Raikou|Raikou|76/100
|-damage|p2a: Raikou|51/100|[from] Spikes
|-ability|p2a: Raikou|Pressure
|turn|62
|
|t:|1626725960
|switch|p1a: Flygon|Flygon, F|23/100
|-damage|p1a: Flygon|17/100|[from] Stealth Rock
|move|p2a: Raikou|Aura Sphere|p1a: Flygon
|-damage|p1a: Flygon|0 fnt
|faint|p1a: Flygon
|
|-heal|p2a: Raikou|57/100|[from] item: Leftovers
|upkeep
|
|t:|1626725968
|switch|p1a: Roserade|Roserade, F|51/100
|turn|63
|
|t:|1626725974
|move|p2a: Raikou|Substitute|p2a: Raikou
|-start|p2a: Raikou|Substitute
|-damage|p2a: Raikou|32/100
|move|p1a: Roserade|Sludge Bomb|p2a: Raikou
|-end|p2a: Raikou|Substitute
|
|-heal|p2a: Raikou|38/100|[from] item: Leftovers
|upkeep
|turn|64
|
|t:|1626725977
|switch|p2a: Umbreon|Umbreon, M|100/100
|move|p1a: Roserade|Sludge Bomb|p2a: Umbreon
|-damage|p2a: Umbreon|76/100
|-status|p2a: Umbreon|psn
|-activate|p2a: Umbreon|ability: Synchronize
|-immune|p1a: Roserade
|
|-damage|p2a: Umbreon|63/100 psn|[from] psn
|upkeep
|turn|65
|
|t:|1626725998
|switch|p1a: Pangoro|Pangoro, F, shiny|57/100
|-damage|p1a: Pangoro|51/100|[from] Stealth Rock
|move|p2a: Umbreon|Foul Play|p1a: Pangoro
|-resisted|p1a: Pangoro
|-damage|p1a: Pangoro|33/100
|
|-damage|p2a: Umbreon|51/100 psn|[from] psn
|upkeep
|turn|66
|
|t:|1626726002
|switch|p2a: Reuniclus|Reuniclus, M|69/100
|-damage|p2a: Reuniclus|44/100|[from] Spikes
|move|p1a: Pangoro|Drain Punch|p2a: Reuniclus
|-resisted|p2a: Reuniclus
|-damage|p2a: Reuniclus|14/100
|-heal|p1a: Pangoro|53/100|[from] drain|[of] p2a: Reuniclus
|-damage|p1a: Pangoro|43/100|[from] item: Life Orb
|
|upkeep
|turn|67
|
|t:|1626726007
|move|p1a: Pangoro|Knock Off|p2a: Reuniclus
|-supereffective|p2a: Reuniclus
|-damage|p2a: Reuniclus|0 fnt
|-enditem|p2a: Reuniclus|Assault Vest|[from] move: Knock Off|[of] p1a: Pangoro
|faint|p2a: Reuniclus
|-damage|p1a: Pangoro|33/100|[from] item: Life Orb
|
|upkeep
|
|t:|1626726014
|switch|p2a: Suicune|Suicune|57/100
|-damage|p2a: Suicune|32/100|[from] Spikes
|-ability|p2a: Suicune|Pressure
|turn|68
|
|t:|1626726017
|switch|p1a: Roserade|Roserade, F|51/100
|move|p2a: Suicune|Scald|p1a: Roserade
|-resisted|p1a: Roserade
|-damage|p1a: Roserade|35/100
|
|-heal|p2a: Suicune|38/100|[from] item: Leftovers
|upkeep
|turn|69
|
|t:|1626726020
|move|p2a: Suicune|Protect|p2a: Suicune
|-singleturn|p2a: Suicune|Protect
|move|p1a: Roserade|Sludge Bomb|p2a: Suicune
|-activate|p2a: Suicune|move: Protect
|
|-heal|p2a: Suicune|44/100|[from] item: Leftovers
|upkeep
|turn|70
|
|t:|1626726025
|move|p1a: Roserade|Sludge Bomb|p2a: Suicune
|-damage|p2a: Suicune|11/100
|-status|p2a: Suicune|psn
|move|p2a: Suicune|Scald|p1a: Roserade
|-resisted|p1a: Roserade
|-damage|p1a: Roserade|19/100
|
|-heal|p2a: Suicune|17/100 psn|[from] item: Leftovers
|-damage|p2a: Suicune|4/100 psn|[from] psn
|upkeep
|turn|71
|c|☆Trick of Eye|lucky devil
|
|t:|1626726036
|move|p1a: Roserade|Sludge Bomb|p2a: Suicune
|-damage|p2a: Suicune|0 fnt
|faint|p2a: Suicune
|
|upkeep
|
|t:|1626726039
|switch|p2a: Raikou|Raikou|38/100
|-damage|p2a: Raikou|13/100|[from] Spikes
|-ability|p2a: Raikou|Pressure
|turn|72
|c|☆Rult70dani|;-;
|
|t:|1626726050
|switch|p1a: Togekiss|Togekiss, M|100/100
|-damage|p1a: Togekiss|76/100|[from] Stealth Rock
|move|p2a: Raikou|Thunderbolt|p1a: Togekiss
|-supereffective|p1a: Togekiss
|-damage|p1a: Togekiss|7/100
|
|-heal|p2a: Raikou|20/100|[from] item: Leftovers
|upkeep
|turn|73
|c|☆Trick of Eye|that roserade is one lucky pokemon
|
|t:|1626726057
|move|p2a: Raikou|Calm Mind|p2a: Raikou
|-boost|p2a: Raikou|spa|1
|-boost|p2a: Raikou|spd|1
|move|p1a: Togekiss|Air Slash|p2a: Raikou
|-resisted|p2a: Raikou
|-damage|p2a: Raikou|10/100
|
|-heal|p2a: Raikou|16/100|[from] item: Leftovers
|upkeep
|turn|74
|
|t:|1626726063
|move|p2a: Raikou|Calm Mind|p2a: Raikou
|-boost|p2a: Raikou|spa|1
|-boost|p2a: Raikou|spd|1
|move|p1a: Togekiss|Air Slash|p2a: Raikou
|-resisted|p2a: Raikou
|-damage|p2a: Raikou|8/100
|
|-heal|p2a: Raikou|15/100|[from] item: Leftovers
|upkeep
|turn|75
|
|t:|1626726068
|move|p2a: Raikou|Calm Mind|p2a: Raikou
|-boost|p2a: Raikou|spa|1
|-boost|p2a: Raikou|spd|1
|move|p1a: Togekiss|Air Slash|p2a: Raikou
|-resisted|p2a: Raikou
|-damage|p2a: Raikou|9/100
|
|-heal|p2a: Raikou|15/100|[from] item: Leftovers
|upkeep
|turn|76
|
|t:|1626726072
|move|p2a: Raikou|Calm Mind|p2a: Raikou
|-boost|p2a: Raikou|spa|1
|-boost|p2a: Raikou|spd|1
|move|p1a: Togekiss|Air Slash|p2a: Raikou
|-resisted|p2a: Raikou
|-damage|p2a: Raikou|10/100
|
|-heal|p2a: Raikou|16/100|[from] item: Leftovers
|upkeep
|turn|77
|
|t:|1626726077
|move|p2a: Raikou|Calm Mind|p2a: Raikou
|-boost|p2a: Raikou|spa|1
|-boost|p2a: Raikou|spd|1
|move|p1a: Togekiss|Wish|p1a: Togekiss
|
|-heal|p2a: Raikou|22/100|[from] item: Leftovers
|upkeep
|turn|78
|
|t:|1626726083
|switch|p1a: Roserade|Roserade, F|19/100
|move|p2a: Raikou|Calm Mind|p2a: Raikou
|-boost|p2a: Raikou|spa|1
|-boost|p2a: Raikou|spd|1
|
|-heal|p1a: Roserade|90/100|[from] move: Wish|[wisher] Togekiss
|-heal|p2a: Raikou|28/100|[from] item: Leftovers
|upkeep
|turn|79
|
|t:|1626726089
|move|p2a: Raikou|Substitute|p2a: Raikou
|-start|p2a: Raikou|Substitute
|-damage|p2a: Raikou|3/100
|move|p1a: Roserade|Sleep Powder||[still]
|-fail|p1a: Roserade
|
|-heal|p2a: Raikou|10/100|[from] item: Leftovers
|upkeep
|turn|80
|
|t:|1626726094
|move|p2a: Raikou|Thunderbolt|p1a: Roserade
|-resisted|p1a: Roserade
|-damage|p1a: Roserade|0 fnt
|faint|p1a: Roserade
|
|-heal|p2a: Raikou|16/100|[from] item: Leftovers
|upkeep
|inactive|Rult70dani has 120 seconds left.
|
|t:|1626726125
|switch|p1a: Golisopod|Golisopod, F|72/100
|-damage|p1a: Golisopod|47/100|[from] Stealth Rock
|-activate|p1a: Golisopod|ability: Emergency Exit
|
|t:|1626726127
|switch|p1a: Pangoro|Pangoro, F, shiny|33/100
|-damage|p1a: Pangoro|27/100|[from] Stealth Rock
|turn|81
|
|t:|1626726130
|move|p1a: Pangoro|Bullet Punch|p2a: Raikou
|-resisted|p2a: Raikou
|-activate|p2a: Raikou|move: Substitute|[damage]
|-damage|p1a: Pangoro|17/100|[from] item: Life Orb
|move|p2a: Raikou|Thunderbolt|p1a: Pangoro
|-damage|p1a: Pangoro|0 fnt
|faint|p1a: Pangoro
|
|-heal|p2a: Raikou|22/100|[from] item: Leftovers
|upkeep
|
|t:|1626726132
|switch|p1a: Golisopod|Golisopod, F|47/100
|-damage|p1a: Golisopod|22/100|[from] Stealth Rock
|turn|82
|
|t:|1626726134
|move|p1a: Golisopod|First Impression|p2a: Raikou
|-end|p2a: Raikou|Substitute
|move|p2a: Raikou|Thunderbolt|p1a: Golisopod
|-supereffective|p1a: Golisopod
|-damage|p1a: Golisopod|0 fnt
|faint|p1a: Golisopod
|
|-heal|p2a: Raikou|28/100|[from] item: Leftovers
|upkeep
|-message|Rult70dani forfeited.
|
|win|Trick of Eye
|l|☆Rult70dani
|raw|Rult70dani's rating: 1510 &rarr; <strong>1487</strong><br />(-23 for losing)
|raw|Trick of Eye's rating: 1456 &rarr; <strong>1479</strong><br />(+23 for winning)
