|j|☆Endal
|j|☆priparap
|player|p1|Endal|pokemonranger-gen4|1542
|player|p2|priparap|45|1525
|teamsize|p1|6
|teamsize|p2|6
|gametype|singles
|gen|8
|tier|[Gen 8] RU
|rated|
|clearpoke
|poke|p1|Gurdurr, M|
|poke|p1|Sigilyph, M|
|poke|p1|Gigalith, M|
|poke|p1|Rillaboom, F|
|poke|p1|Silvally-*|
|poke|p1|Salazzle, F|
|poke|p2|Rotom|
|poke|p2|Gigalith, F|
|poke|p2|Vileplume, M|
|poke|p2|Pangoro, F|
|poke|p2|Drifblim, M|
|poke|p2|Gastrodon-East, F|
|rule|Sleep Clause Mod: Limit one foe put to sleep
|rule|Species Clause: Limit one of each Pokémon
|rule|OHKO Clause: OHKO moves are banned
|rule|Evasion Moves Clause: Evasion moves are banned
|rule|Endless Battle Clause: Forcing endless battles is banned
|rule|HP Percentage Mod: HP is shown in percentages
|rule|Dynamax Clause: You cannot dynamax
|teampreview
|c|☆priparap|glhf
|
|start
|switch|p1a: Gigalith|Gigalith, M|100/100
|switch|p2a: Rotom|Rotom|100/100
|-weather|Sandstorm|[from] ability: Sand Stream|[of] p1a: Gigalith
|turn|1
|
|move|p1a: Gigalith|Protect|p1a: Gigalith
|-singleturn|p1a: Gigalith|Protect
|move|p2a: Rotom|Volt Switch|p1a: Gigalith
|-activate|p1a: Gigalith|move: Protect
|
|-weather|Sandstorm|[upkeep]
|-damage|p2a: Rotom|94/100|[from] Sandstorm
|upkeep
|turn|2
|
|move|p2a: Rotom|Volt Switch|p1a: Gigalith
|-damage|p1a: Gigalith|84/100
|
|switch|p2a: Gastrodon|Gastrodon-East, F|100/100|[from]move: Volt Switch
|move|p1a: Gigalith|Stealth Rock|p2a: Gastrodon
|-sidestart|p2: priparap|move: Stealth Rock
|
|-weather|Sandstorm|[upkeep]
|-heal|p1a: Gigalith|90/100|[from] item: Leftovers
|upkeep
|turn|3
|
|switch|p1a: Sigilyph|Sigilyph, M|100/100
|move|p2a: Gastrodon|Scald|p1a: Sigilyph
|-damage|p1a: Sigilyph|66/100
|
|-weather|Sandstorm|[upkeep]
|upkeep
|turn|4
|
|switch|p2a: Gigalith|Gigalith, F|100/100
|-damage|p2a: Gigalith|88/100|[from] Stealth Rock
|move|p1a: Sigilyph|Calm Mind|p1a: Sigilyph
|-boost|p1a: Sigilyph|spa|1
|-boost|p1a: Sigilyph|spd|1
|
|-weather|Sandstorm|[upkeep]
|-heal|p2a: Gigalith|94/100|[from] item: Leftovers
|upkeep
|turn|5
|
|switch|p1a: Silvally|Silvally-Steel|100/100
|move|p2a: Gigalith|Rock Blast|p1a: Silvally
|-resisted|p1a: Silvally
|-damage|p1a: Silvally|93/100
|-resisted|p1a: Silvally
|-damage|p1a: Silvally|84/100
|-resisted|p1a: Silvally
|-damage|p1a: Silvally|77/100
|-hitcount|p1a: Silvally|3
|
|-weather|none
|-heal|p2a: Gigalith|100/100|[from] item: Leftovers
|upkeep
|turn|6
|
|move|p2a: Gigalith|Protect|p2a: Gigalith
|-singleturn|p2a: Gigalith|Protect
|move|p1a: Silvally|Multi-Attack|p2a: Gigalith
|-activate|p2a: Gigalith|move: Protect
|
|upkeep
|turn|7
|
|switch|p2a: Gastrodon|Gastrodon-East, F|100/100
|-damage|p2a: Gastrodon|94/100|[from] Stealth Rock
|move|p1a: Silvally|Multi-Attack|p2a: Gastrodon
|-resisted|p2a: Gastrodon
|-damage|p2a: Gastrodon|77/100
|
|-heal|p2a: Gastrodon|83/100|[from] item: Leftovers
|upkeep
|turn|8
|
|move|p1a: Silvally|U-turn|p2a: Gastrodon
|-damage|p2a: Gastrodon|70/100
|
|switch|p1a: Sigilyph|Sigilyph, M|66/100|[from]move: U-turn
|move|p2a: Gastrodon|Scald|p1a: Sigilyph
|-damage|p1a: Sigilyph|31/100
|-status|p1a: Sigilyph|brn
|
|-heal|p2a: Gastrodon|76/100|[from] item: Leftovers
|upkeep
|turn|9
|
|switch|p2a: Pangoro|Pangoro, F|100/100
|-damage|p2a: Pangoro|94/100|[from] Stealth Rock
|move|p1a: Sigilyph|Roost|p1a: Sigilyph
|-heal|p1a: Sigilyph|82/100 brn
|-singleturn|p1a: Sigilyph|move: Roost
|
|upkeep
|turn|10
|
|switch|p1a: Gurdurr|Gurdurr, M|100/100
|move|p2a: Pangoro|Darkest Lariat|p1a: Gurdurr
|-resisted|p1a: Gurdurr
|-damage|p1a: Gurdurr|79/100
|
|upkeep
|turn|11
|
|switch|p2a: Vileplume|Vileplume, M|100/100
|-damage|p2a: Vileplume|88/100|[from] Stealth Rock
|switch|p1a: Salazzle|Salazzle, F|100/100
|
|-heal|p2a: Vileplume|94/100|[from] item: Black Sludge
|upkeep
|turn|12
|
|switch|p2a: Gigalith|Gigalith, F|100/100
|-damage|p2a: Gigalith|88/100|[from] Stealth Rock
|-weather|Sandstorm|[from] ability: Sand Stream|[of] p2a: Gigalith
|move|p1a: Salazzle|Toxic|p2a: Gigalith
|-status|p2a: Gigalith|tox
|
|-weather|Sandstorm|[upkeep]
|-damage|p1a: Salazzle|94/100|[from] Sandstorm
|-heal|p2a: Gigalith|94/100 tox|[from] item: Leftovers
|-damage|p2a: Gigalith|88/100 tox|[from] psn
|upkeep
|turn|13
|
|move|p1a: Salazzle|Knock Off|p2a: Gigalith
|-damage|p2a: Gigalith|78/100 tox
|-enditem|p2a: Gigalith|Leftovers|[from] move: Knock Off|[of] p1a: Salazzle
|move|p2a: Gigalith|Stealth Rock|p1a: Salazzle
|-sidestart|p1: Endal|move: Stealth Rock
|
|-weather|Sandstorm|[upkeep]
|-damage|p1a: Salazzle|88/100|[from] Sandstorm
|-damage|p2a: Gigalith|65/100 tox|[from] psn
|upkeep
|turn|14
|
|switch|p1a: Silvally|Silvally-Steel|77/100
|-damage|p1a: Silvally|71/100|[from] Stealth Rock
|switch|p2a: Gastrodon|Gastrodon-East, F|76/100
|-damage|p2a: Gastrodon|70/100|[from] Stealth Rock
|
|-weather|Sandstorm|[upkeep]
|-heal|p2a: Gastrodon|76/100|[from] item: Leftovers
|upkeep
|turn|15
|
|move|p1a: Silvally|U-turn|p2a: Gastrodon
|-damage|p2a: Gastrodon|61/100
|
|switch|p1a: Sigilyph|Sigilyph, M|82/100 brn|[from]move: U-turn
|move|p2a: Gastrodon|Scald|p1a: Sigilyph
|-damage|p1a: Sigilyph|43/100 brn
|
|-weather|Sandstorm|[upkeep]
|-heal|p2a: Gastrodon|67/100|[from] item: Leftovers
|upkeep
|turn|16
|
|switch|p2a: Gigalith|Gigalith, F|65/100 tox
|-damage|p2a: Gigalith|53/100 tox|[from] Stealth Rock
|move|p1a: Sigilyph|Roost|p1a: Sigilyph
|-heal|p1a: Sigilyph|93/100 brn
|-singleturn|p1a: Sigilyph|move: Roost
|
|-weather|none
|-damage|p2a: Gigalith|47/100 tox|[from] psn
|upkeep
|turn|17
|
|move|p1a: Sigilyph|Roost|p1a: Sigilyph
|-heal|p1a: Sigilyph|100/100 brn
|-singleturn|p1a: Sigilyph|move: Roost
|move|p2a: Gigalith|Earthquake|p1a: Sigilyph
|-damage|p1a: Sigilyph|49/100 brn
|
|-damage|p2a: Gigalith|34/100 tox|[from] psn
|upkeep
|turn|18
|
|switch|p2a: Pangoro|Pangoro, F|94/100
|-damage|p2a: Pangoro|88/100|[from] Stealth Rock
|move|p1a: Sigilyph|Roost|p1a: Sigilyph
|-heal|p1a: Sigilyph|99/100 brn
|-singleturn|p1a: Sigilyph|move: Roost
|
|upkeep
|turn|19
|
|switch|p1a: Gurdurr|Gurdurr, M|79/100
|-damage|p1a: Gurdurr|73/100|[from] Stealth Rock
|move|p2a: Pangoro|Close Combat|p1a: Gurdurr
|-damage|p1a: Gurdurr|6/100
|-unboost|p2a: Pangoro|def|1
|-unboost|p2a: Pangoro|spd|1
|
|upkeep
|turn|20
|
|switch|p2a: Vileplume|Vileplume, M|94/100
|-damage|p2a: Vileplume|82/100|[from] Stealth Rock
|move|p1a: Gurdurr|Stone Edge|p2a: Vileplume|[miss]
|-miss|p1a: Gurdurr|p2a: Vileplume
|
|-heal|p2a: Vileplume|88/100|[from] item: Black Sludge
|upkeep
|turn|21
|
|switch|p1a: Sigilyph|Sigilyph, M|99/100 brn
|move|p2a: Vileplume|Sludge Bomb|p1a: Sigilyph
|-damage|p1a: Sigilyph|52/100 brn
|
|-heal|p2a: Vileplume|94/100|[from] item: Black Sludge
|upkeep
|turn|22
|
|switch|p2a: Gigalith|Gigalith, F|34/100 tox
|-damage|p2a: Gigalith|22/100 tox|[from] Stealth Rock
|-weather|Sandstorm|[from] ability: Sand Stream|[of] p2a: Gigalith
|move|p1a: Sigilyph|Heat Wave|p2a: Gigalith
|-resisted|p2a: Gigalith
|-damage|p2a: Gigalith|12/100 tox
|
|-weather|Sandstorm|[upkeep]
|-damage|p2a: Gigalith|6/100 tox|[from] psn
|upkeep
|turn|23
|
|switch|p2a: Pangoro|Pangoro, F|88/100
|-damage|p2a: Pangoro|82/100|[from] Stealth Rock
|move|p1a: Sigilyph|Psyshock|p2a: Pangoro
|-immune|p2a: Pangoro
|
|-weather|Sandstorm|[upkeep]
|-damage|p2a: Pangoro|76/100|[from] Sandstorm
|upkeep
|turn|24
|
|switch|p1a: Gurdurr|Gurdurr, M|6/100
|-damage|p1a: Gurdurr|0 fnt|[from] Stealth Rock
|faint|p1a: Gurdurr
|move|p2a: Pangoro|Darkest Lariat|p1: Gurdurr|[notarget]
|-fail|p2a: Pangoro
|
|-weather|Sandstorm|[upkeep]
|-damage|p2a: Pangoro|70/100|[from] Sandstorm
|upkeep
|
|switch|p1a: Rillaboom|Rillaboom, F|100/100
|-damage|p1a: Rillaboom|88/100|[from] Stealth Rock
|turn|25
|
|switch|p2a: Vileplume|Vileplume, M|94/100
|-damage|p2a: Vileplume|82/100|[from] Stealth Rock
|move|p1a: Rillaboom|U-turn|p2a: Vileplume
|-damage|p2a: Vileplume|62/100
|
|switch|p1a: Sigilyph|Sigilyph, M|52/100 brn|[from]move: U-turn
|
|-weather|Sandstorm|[upkeep]
|-damage|p2a: Vileplume|56/100|[from] Sandstorm
|-heal|p2a: Vileplume|62/100|[from] item: Black Sludge
|upkeep
|turn|26
|
|switch|p2a: Gigalith|Gigalith, F|6/100 tox
|-damage|p2a: Gigalith|0 fnt|[from] Stealth Rock
|faint|p2a: Gigalith
|move|p1a: Sigilyph|Roost|p1a: Sigilyph
|-heal|p1a: Sigilyph|100/100 brn
|-singleturn|p1a: Sigilyph|move: Roost
|
|-weather|none
|upkeep
|
|switch|p2a: Pangoro|Pangoro, F|70/100
|-damage|p2a: Pangoro|64/100|[from] Stealth Rock
|turn|27
|
|switch|p1a: Silvally|Silvally-Steel|71/100
|-damage|p1a: Silvally|65/100|[from] Stealth Rock
|move|p2a: Pangoro|Darkest Lariat|p1a: Silvally
|-damage|p1a: Silvally|0 fnt
|faint|p1a: Silvally
|
|upkeep
|
|switch|p1a: Rillaboom|Rillaboom, F|88/100
|-damage|p1a: Rillaboom|76/100|[from] Stealth Rock
|turn|28
|
|switch|p2a: Vileplume|Vileplume, M|62/100
|-damage|p2a: Vileplume|49/100|[from] Stealth Rock
|move|p1a: Rillaboom|Earthquake|p2a: Vileplume
|-crit|p2a: Vileplume
|-damage|p2a: Vileplume|13/100
|
|-heal|p2a: Vileplume|19/100|[from] item: Black Sludge
|upkeep
|turn|29
|
|switch|p1a: Salazzle|Salazzle, F|88/100
|switch|p2a: Rotom|Rotom|94/100
|-damage|p2a: Rotom|82/100|[from] Stealth Rock
|
|upkeep
|turn|30
|
|switch|p1a: Gigalith|Gigalith, M|90/100
|-damage|p1a: Gigalith|78/100|[from] Stealth Rock
|-weather|Sandstorm|[from] ability: Sand Stream|[of] p1a: Gigalith
|move|p2a: Rotom|Volt Switch|p1a: Gigalith
|-damage|p1a: Gigalith|61/100
|
|switch|p2a: Vileplume|Vileplume, M|19/100|[from]move: Volt Switch
|-damage|p2a: Vileplume|6/100|[from] Stealth Rock
|
|-weather|Sandstorm|[upkeep]
|-damage|p2a: Vileplume|0 fnt|[from] Sandstorm
|faint|p2a: Vileplume
|-heal|p1a: Gigalith|67/100|[from] item: Leftovers
|upkeep
|
|switch|p2a: Pangoro|Pangoro, F|64/100
|-damage|p2a: Pangoro|58/100|[from] Stealth Rock
|turn|31
|
|move|p1a: Gigalith|Protect|p1a: Gigalith
|-singleturn|p1a: Gigalith|Protect
|move|p2a: Pangoro|Close Combat|p1a: Gigalith
|-activate|p1a: Gigalith|move: Protect
|
|-weather|Sandstorm|[upkeep]
|-damage|p2a: Pangoro|52/100|[from] Sandstorm
|-heal|p1a: Gigalith|73/100|[from] item: Leftovers
|upkeep
|turn|32
|
|switch|p2a: Rotom|Rotom|82/100
|-damage|p2a: Rotom|69/100|[from] Stealth Rock
|switch|p1a: Sigilyph|Sigilyph, M|100/100 brn
|
|-weather|Sandstorm|[upkeep]
|-damage|p2a: Rotom|63/100|[from] Sandstorm
|upkeep
|turn|33
|
|switch|p1a: Gigalith|Gigalith, M|73/100
|-damage|p1a: Gigalith|61/100|[from] Stealth Rock
|move|p2a: Rotom|Volt Switch|p1a: Gigalith
|-damage|p1a: Gigalith|44/100
|
|switch|p2a: Pangoro|Pangoro, F|52/100|[from]move: Volt Switch
|-damage|p2a: Pangoro|46/100|[from] Stealth Rock
|
|-weather|Sandstorm|[upkeep]
|-damage|p2a: Pangoro|40/100|[from] Sandstorm
|-heal|p1a: Gigalith|50/100|[from] item: Leftovers
|upkeep
|turn|34
|
|move|p1a: Gigalith|Protect|p1a: Gigalith
|-singleturn|p1a: Gigalith|Protect
|move|p2a: Pangoro|Darkest Lariat|p1a: Gigalith
|-activate|p1a: Gigalith|move: Protect
|
|-weather|none
|-heal|p1a: Gigalith|56/100|[from] item: Leftovers
|upkeep
|turn|35
|
|move|p2a: Pangoro|Darkest Lariat|p1a: Gigalith
|-damage|p1a: Gigalith|12/100
|move|p1a: Gigalith|Earthquake|p2a: Pangoro
|-damage|p2a: Pangoro|3/100
|
|-heal|p1a: Gigalith|18/100|[from] item: Leftovers
|upkeep
|turn|36
|
|move|p2a: Pangoro|Darkest Lariat|p1a: Gigalith
|-damage|p1a: Gigalith|0 fnt
|faint|p1a: Gigalith
|
|upkeep
|
|switch|p1a: Rillaboom|Rillaboom, F|76/100
|-damage|p1a: Rillaboom|64/100|[from] Stealth Rock
|turn|37
|
|move|p1a: Rillaboom|Knock Off|p2a: Pangoro
|-resisted|p2a: Pangoro
|-damage|p2a: Pangoro|0 fnt
|-enditem|p2a: Pangoro|Choice Band|[from] move: Knock Off|[of] p1a: Rillaboom
|faint|p2a: Pangoro
|
|upkeep
|
|switch|p2a: Drifblim|Drifblim, M|100/100
|turn|38
|
|switch|p1a: Sigilyph|Sigilyph, M|100/100 brn
|move|p2a: Drifblim|Will-O-Wisp|p1a: Sigilyph|[miss]
|-miss|p2a: Drifblim|p1a: Sigilyph
|
|upkeep
|turn|39
|
|move|p1a: Sigilyph|Calm Mind|p1a: Sigilyph
|-boost|p1a: Sigilyph|spa|1
|-boost|p1a: Sigilyph|spd|1
|move|p2a: Drifblim|Hex|p1a: Sigilyph
|-supereffective|p1a: Sigilyph
|-damage|p1a: Sigilyph|16/100 brn
|
|upkeep
|turn|40
|
|move|p1a: Sigilyph|Psyshock|p2a: Drifblim
|-damage|p2a: Drifblim|36/100
|move|p2a: Drifblim|Hex|p1a: Sigilyph
|-supereffective|p1a: Sigilyph
|-damage|p1a: Sigilyph|0 fnt
|faint|p1a: Sigilyph
|
|upkeep
|
|switch|p1a: Rillaboom|Rillaboom, F|64/100
|-damage|p1a: Rillaboom|51/100|[from] Stealth Rock
|turn|41
|
|move|p1a: Rillaboom|Knock Off|p2a: Drifblim
|-supereffective|p2a: Drifblim
|-damage|p2a: Drifblim|0 fnt
|-damage|p1a: Rillaboom|26/100|[from] ability: Aftermath|[of] p2a: Drifblim
|-enditem|p2a: Drifblim|Heavy-Duty Boots|[from] move: Knock Off|[of] p1a: Rillaboom
|faint|p2a: Drifblim
|
|upkeep
|
|switch|p2a: Rotom|Rotom|63/100
|-damage|p2a: Rotom|51/100|[from] Stealth Rock
|turn|42
|
|switch|p1a: Salazzle|Salazzle, F|88/100
|move|p2a: Rotom|Shadow Ball|p1a: Salazzle
|-damage|p1a: Salazzle|22/100
|-unboost|p1a: Salazzle|spd|1
|
|upkeep
|turn|43
|
|move|p2a: Rotom|Shadow Ball|p1a: Salazzle
|-crit|p1a: Salazzle
|-damage|p1a: Salazzle|0 fnt
|faint|p1a: Salazzle
|
|upkeep
|
|switch|p1a: Rillaboom|Rillaboom, F|26/100
|-damage|p1a: Rillaboom|14/100|[from] Stealth Rock
|turn|44
|
|move|p2a: Rotom|Shadow Ball|p1a: Rillaboom
|-damage|p1a: Rillaboom|0 fnt
|faint|p1a: Rillaboom
|
|win|priparap
|c|☆priparap|gg
|l|☆Endal
|raw|Endal's rating: 1542 &rarr; <strong>1521</strong><br />(-21 for losing)
|raw|priparap's rating: 1525 &rarr; <strong>1546</strong><br />(+21 for winning)
