|html|<div class="broadcast-blue"><strong>[Gen 8] RU is currently suspecting Zygarde-10%! For information on how to participate check out the <a href="https://www.smogon.com/forums/threads/np-ru-stage-6-i-wanna-be-your-dog-zygarde-10-suspect-test.3679181/#post-8768959">suspect thread</a>.</strong></div>
|j|☆RUZ9 Rated R
|j|☆R-dyn
|t:|1614969608
|player|p1|RUZ9 Rated R|darach|1352
|player|p2|R-dyn|unknown|1386
|teamsize|p1|6
|teamsize|p2|6
|gametype|singles
|gen|8
|tier|[Gen 8] RU
|rated|
|clearpoke
|poke|p1|Chandelure, M|
|poke|p1|Rhyperior, M|
|poke|p1|Zarude|
|poke|p1|Togekiss, F|
|poke|p1|Metagross|
|poke|p1|Mienshao, F|
|poke|p2|Stakataka|
|poke|p2|Pangoro, F|
|poke|p2|Bronzong|
|poke|p2|Dhelmise|
|poke|p2|Diancie|
|poke|p2|Volcanion|
|rule|Sleep Clause Mod: Limit one foe put to sleep
|rule|Species Clause: Limit one of each Pokémon
|rule|OHKO Clause: OHKO moves are banned
|rule|Evasion Moves Clause: Evasion moves are banned
|rule|Endless Battle Clause: Forcing endless battles is banned
|rule|HP Percentage Mod: HP is shown in percentages
|rule|Dynamax Clause: You cannot dynamax
|teampreview
|inactive|Battle timer is ON: inactive players will automatically lose when time's up. (requested by RUZ9 Rated R)
|inactive|RUZ9 Rated R has 120 seconds left.
|
|t:|1614969679
|start
|switch|p1a: Chandelure|Chandelure, M|100/100
|switch|p2a: Jax|Pangoro, F, shiny|100/100
|turn|1
|
|t:|1614969687
|move|p1a: Chandelure|Protect|p1a: Chandelure
|-singleturn|p1a: Chandelure|Protect
|move|p2a: Jax|Knock Off|p1a: Chandelure
|-activate|p1a: Chandelure|move: Protect
|
|upkeep
|turn|2
|
|t:|1614969699
|switch|p1a: Togekiss|Togekiss, F|100/100
|move|p2a: Jax|Knock Off|p1a: Togekiss
|-resisted|p1a: Togekiss
|-damage|p1a: Togekiss|73/100
|-enditem|p1a: Togekiss|Heavy-Duty Boots|[from] move: Knock Off|[of] p2a: Jax
|-damage|p2a: Jax|91/100|[from] item: Life Orb
|
|upkeep
|turn|3
|
|t:|1614969722
|switch|p2a: Liberty|Bronzong, shiny|100/100
|move|p1a: Togekiss|Air Slash|p2a: Liberty
|-resisted|p2a: Liberty
|-damage|p2a: Liberty|87/100
|
|upkeep
|turn|4
|
|t:|1614969732
|move|p1a: Togekiss|Thunder Wave|p2a: Liberty|[miss]
|-miss|p1a: Togekiss|p2a: Liberty
|move|p2a: Liberty|Stealth Rock|p1a: Togekiss
|-sidestart|p1: RUZ9 Rated R|move: Stealth Rock
|
|upkeep
|turn|5
|
|t:|1614969736
|move|p1a: Togekiss|Thunder Wave|p2a: Liberty
|-status|p2a: Liberty|par
|cant|p2a: Liberty|par
|
|upkeep
|turn|6
|
|t:|1614969740
|move|p1a: Togekiss|Defog|p2a: Liberty
|-unboost|p2a: Liberty|evasion|1
|-sideend|p1: RUZ9 Rated R|Stealth Rock|[from] move: Defog|[of] p1a: Togekiss
|move|p2a: Liberty|Trick Room|p2a: Liberty
|-fieldstart|move: Trick Room|[of] p2a: Liberty
|
|upkeep
|turn|7
|
|t:|1614969746
|switch|p1a: Chandelure|Chandelure, M|100/100
|move|p2a: Liberty|Gyro Ball|p1a: Chandelure
|-resisted|p1a: Chandelure
|-damage|p1a: Chandelure|57/100
|
|upkeep
|turn|8
|
|t:|1614969754
|move|p1a: Chandelure|Protect|p1a: Chandelure
|-singleturn|p1a: Chandelure|Protect
|cant|p2a: Liberty|par
|
|upkeep
|turn|9
|
|t:|1614969761
|move|p2a: Liberty|Gyro Ball|p1a: Chandelure
|-resisted|p1a: Chandelure
|-damage|p1a: Chandelure|14/100
|move|p1a: Chandelure|Hex|p2a: Liberty
|-supereffective|p2a: Liberty
|-damage|p2a: Liberty|0 fnt
|faint|p2a: Liberty
|
|upkeep
|inactive|R-dyn has 120 seconds left.
|
|t:|1614969794
|switch|p2a: Jax|Pangoro, F, shiny|91/100
|turn|10
|
|t:|1614969796
|move|p1a: Chandelure|Protect|p1a: Chandelure
|-singleturn|p1a: Chandelure|Protect
|move|p2a: Jax|Knock Off|p1a: Chandelure
|-activate|p1a: Chandelure|move: Protect
|
|-fieldend|move: Trick Room
|upkeep
|turn|11
|
|t:|1614969806
|move|p2a: Jax|Bullet Punch|p1a: Chandelure
|-resisted|p1a: Chandelure
|-damage|p1a: Chandelure|0 fnt
|-damage|p2a: Jax|81/100|[from] item: Life Orb
|faint|p1a: Chandelure
|
|upkeep
|inactive|RUZ9 Rated R has 120 seconds left.
|
|t:|1614969842
|switch|p1a: Togekiss|Togekiss, F|73/100
|turn|12
|
|t:|1614969865
|switch|p1a: Rhyperior|Rhyperior, M|100/100
|move|p2a: Jax|Ice Punch|p1a: Rhyperior
|-supereffective|p1a: Rhyperior
|-damage|p1a: Rhyperior|60/100
|-status|p1a: Rhyperior|frz
|-damage|p2a: Jax|71/100|[from] item: Life Orb
|
|-heal|p1a: Rhyperior|66/100 frz|[from] item: Leftovers
|upkeep
|turn|13
|inactive|RUZ9 Rated R has 120 seconds left.
|
|t:|1614969885
|switch|p1a: Togekiss|Togekiss, F|73/100
|move|p2a: Jax|Drain Punch|p1a: Togekiss
|-resisted|p1a: Togekiss
|-damage|p1a: Togekiss|61/100
|-heal|p2a: Jax|76/100|[from] drain|[of] p1a: Togekiss
|-damage|p2a: Jax|66/100|[from] item: Life Orb
|
|upkeep
|turn|14
|
|t:|1614969899
|switch|p2a: Queenie|Diancie, shiny|100/100
|move|p1a: Togekiss|Air Slash|p2a: Queenie
|-resisted|p2a: Queenie
|-damage|p2a: Queenie|89/100
|
|upkeep
|turn|15
|
|t:|1614969903
|switch|p1a: Metagross|Metagross|100/100
|move|p2a: Queenie|Trick Room|p2a: Queenie
|-fieldstart|move: Trick Room|[of] p2a: Queenie
|
|upkeep
|turn|16
|
|t:|1614969911
|switch|p2a: Bionicle|Volcanion|100/100
|move|p1a: Metagross|Meteor Mash|p2a: Bionicle
|-resisted|p2a: Bionicle
|-damage|p2a: Bionicle|86/100
|
|upkeep
|turn|17
|
|t:|1614969918
|switch|p1a: Zarude|Zarude|100/100
|move|p2a: Bionicle|Steam Eruption|p1a: Zarude
|-resisted|p1a: Zarude
|-damage|p1a: Zarude|51/100
|-status|p1a: Zarude|brn
|
|-damage|p1a: Zarude|45/100 brn|[from] brn
|upkeep
|turn|18
|
|t:|1614969926
|move|p2a: Bionicle|Steam Eruption|p1a: Zarude
|-resisted|p1a: Zarude
|-damage|p1a: Zarude|0 fnt
|faint|p1a: Zarude
|
|upkeep
|
|t:|1614969938
|switch|p1a: Rhyperior|Rhyperior, M|66/100 frz
|turn|19
|
|t:|1614969941
|-curestatus|p1a: Rhyperior|frz|[msg]
|move|p1a: Rhyperior|Earthquake|p2a: Bionicle
|-supereffective|p2a: Bionicle
|-damage|p2a: Bionicle|10/100
|move|p2a: Bionicle|Steam Eruption|p1a: Rhyperior
|-supereffective|p1a: Rhyperior
|-damage|p1a: Rhyperior|0 fnt
|faint|p1a: Rhyperior
|
|-fieldend|move: Trick Room
|upkeep
|
|t:|1614969950
|switch|p1a: Mienshao|Mienshao, F|100/100
|turn|20
|
|t:|1614969959
|switch|p2a: Redbeard|Dhelmise, shiny|100/100
|move|p1a: Mienshao|Close Combat|p2a: Redbeard
|-immune|p2a: Redbeard
|
|upkeep
|turn|21
|
|t:|1614969962
|switch|p1a: Togekiss|Togekiss, F|61/100
|move|p2a: Redbeard|Poltergeist||[still]
|-fail|p2a: Redbeard
|
|upkeep
|turn|22
|
|t:|1614969969
|switch|p1a: Metagross|Metagross|100/100
|move|p2a: Redbeard|Anchor Shot|p1a: Metagross
|-resisted|p1a: Metagross
|-damage|p1a: Metagross|79/100
|-activate|p1a: Metagross|trapped
|
|upkeep
|turn|23
|
|t:|1614969974
|move|p1a: Metagross|Meteor Mash|p2a: Redbeard
|-crit|p2a: Redbeard
|-damage|p2a: Redbeard|0 fnt
|-boost|p1a: Metagross|atk|1
|faint|p2a: Redbeard
|
|upkeep
|
|t:|1614969978
|switch|p2a: Brick|Stakataka, shiny|100/100
|turn|24
|
|t:|1614969981
|move|p1a: Metagross|Meteor Mash|p2a: Brick
|-crit|p2a: Brick
|-enditem|p2a: Brick|Focus Sash
|-damage|p2a: Brick|1/100
|move|p2a: Brick|Trick Room|p2a: Brick
|-fieldstart|move: Trick Room|[of] p2a: Brick
|
|upkeep
|turn|25
|
|t:|1614970002
|switch|p1a: Togekiss|Togekiss, F|61/100
|move|p2a: Brick|Earthquake|p1a: Togekiss
|-immune|p1a: Togekiss
|
|upkeep
|turn|26
|
|t:|1614970009
|switch|p1a: Metagross|Metagross|79/100
|move|p2a: Brick|Gyro Ball|p1a: Metagross
|-resisted|p1a: Metagross
|-damage|p1a: Metagross|37/100
|
|upkeep
|turn|27
|
|t:|1614970015
|move|p1a: Metagross|Bullet Punch|p2a: Brick
|-damage|p2a: Brick|0 fnt
|faint|p2a: Brick
|
|upkeep
|
|t:|1614970035
|switch|p2a: Jax|Pangoro, F, shiny|66/100
|turn|28
|
|t:|1614970049
|switch|p1a: Togekiss|Togekiss, F|61/100
|move|p2a: Jax|Drain Punch|p1a: Togekiss
|-resisted|p1a: Togekiss
|-damage|p1a: Togekiss|49/100
|-heal|p2a: Jax|72/100|[from] drain|[of] p1a: Togekiss
|-damage|p2a: Jax|62/100|[from] item: Life Orb
|
|-fieldend|move: Trick Room
|upkeep
|turn|29
|j| Galacman
|l| Galacman
|inactive|RUZ9 Rated R has 120 seconds left.
|
|t:|1614970092
|switch|p2a: Queenie|Diancie, shiny|89/100
|move|p1a: Togekiss|Thunder Wave|p2a: Queenie
|-status|p2a: Queenie|par
|
|upkeep
|turn|30
|
|t:|1614970095
|switch|p1a: Metagross|Metagross|37/100
|cant|p2a: Queenie|par
|
|upkeep
|turn|31
|inactive|RUZ9 Rated R has 120 seconds left.
|
|t:|1614970115
|switch|p2a: Bionicle|Volcanion|10/100
|move|p1a: Metagross|Earthquake|p2a: Bionicle
|-supereffective|p2a: Bionicle
|-damage|p2a: Bionicle|0 fnt
|faint|p2a: Bionicle
|
|upkeep
|
|t:|1614970118
|switch|p2a: Jax|Pangoro, F, shiny|62/100
|turn|32
|
|t:|1614970124
|switch|p1a: Togekiss|Togekiss, F|49/100
|move|p2a: Jax|Drain Punch|p1a: Togekiss
|-resisted|p1a: Togekiss
|-damage|p1a: Togekiss|38/100
|-heal|p2a: Jax|68/100|[from] drain|[of] p1a: Togekiss
|-damage|p2a: Jax|58/100|[from] item: Life Orb
|
|upkeep
|turn|33
|inactive|RUZ9 Rated R has 120 seconds left.
|
|t:|1614970146
|move|p2a: Jax|Bullet Punch|p1a: Togekiss
|-supereffective|p1a: Togekiss
|-damage|p1a: Togekiss|5/100
|-damage|p2a: Jax|48/100|[from] item: Life Orb
|move|p1a: Togekiss|Air Slash|p2a: Jax
|-supereffective|p2a: Jax
|-damage|p2a: Jax|0 fnt
|faint|p2a: Jax
|
|upkeep
|
|t:|1614970148
|switch|p2a: Queenie|Diancie, shiny|89/100 par
|turn|34
|
|t:|1614970156
|switch|p1a: Metagross|Metagross|37/100
|move|p2a: Queenie|Trick Room|p2a: Queenie
|-fieldstart|move: Trick Room|[of] p2a: Queenie
|
|upkeep
|turn|35
|
|t:|1614970160
|move|p1a: Metagross|Bullet Punch|p2a: Queenie
|-supereffective|p2a: Queenie
|-damage|p2a: Queenie|0 fnt
|faint|p2a: Queenie
|
|win|RUZ9 Rated R
|l|☆R-dyn
|c|☆RUZ9 Rated R|gg
||Ladder (probably) updated, but score could not be retrieved (Request timeout).
