|raw|<div class="broadcast-blue"><strong>This battle is required to be public due to a player having a name starting with 'rult70'.</div>
|j|☆chompstomptest
|j|☆rult70m mac3 ✝
|t:|1626889020
|gametype|singles
|player|p1|chompstomptest|firebreather|1450
|player|p2|rult70m mac3 ✝|roxie|1524
|teamsize|p1|6
|teamsize|p2|6
|gen|8
|tier|[Gen 8] RU
|rated|
|rule|Sleep Clause Mod: Limit one foe put to sleep
|rule|Species Clause: Limit one of each Pokémon
|rule|OHKO Clause: OHKO moves are banned
|rule|Evasion Moves Clause: Evasion moves are banned
|rule|Endless Battle Clause: Forcing endless battles is banned
|rule|HP Percentage Mod: HP is shown in percentages
|rule|Dynamax Clause: You cannot dynamax
|clearpoke
|poke|p1|Politoed, F|
|poke|p1|Barraskewda, M|
|poke|p1|Seismitoad, F|
|poke|p1|Raikou|
|poke|p1|Tornadus, M|
|poke|p1|Umbreon, M|
|poke|p2|Necrozma|
|poke|p2|Cobalion|
|poke|p2|Diancie|
|poke|p2|Flygon, M|
|poke|p2|Vaporeon, F|
|poke|p2|Durant, M|
|teampreview
|j| zben ☭_☭
|j| RULT70A GK
|
|t:|1626889045
|start
|switch|p1a: Raikou|Raikou|100/100
|switch|p2a: Durant|Durant, M|100/100
|-ability|p1a: Raikou|Pressure
|turn|1
|
|t:|1626889058
|switch|p1a: Tornadus|Tornadus, M|100/100
|move|p2a: Durant|First Impression|p1a: Tornadus|[miss]
|-miss|p2a: Durant|p1a: Tornadus
|
|upkeep
|turn|2
|
|t:|1626889064
|switch|p2a: Diancie|Diancie|100/100
|move|p1a: Tornadus|Knock Off|p2a: Diancie
|-resisted|p2a: Diancie
|-damage|p2a: Diancie|92/100
|-enditem|p2a: Diancie|Leftovers|[from] move: Knock Off|[of] p1a: Tornadus
|
|upkeep
|turn|3
|
|t:|1626889071
|move|p1a: Tornadus|U-turn|p2a: Diancie
|-resisted|p2a: Diancie
|-damage|p2a: Diancie|84/100
|
|t:|1626889086
|switch|p1a: Politoed|Politoed, F|100/100|[from]move: U-turn
|-weather|RainDance|[from] ability: Drizzle|[of] p1a: Politoed
|move|p2a: Diancie|Stealth Rock|p1a: Politoed
|-sidestart|p1: chompstomptest|move: Stealth Rock
|
|-weather|RainDance|[upkeep]
|upkeep
|turn|4
|
|t:|1626889093
|switch|p2a: Vaporeon|Vaporeon, F|100/100
|move|p1a: Politoed|Toxic|p2a: Vaporeon|[miss]
|-miss|p1a: Politoed|p2a: Vaporeon
|
|-weather|RainDance|[upkeep]
|upkeep
|turn|5
|
|t:|1626889101
|switch|p1a: Raikou|Raikou|100/100
|-damage|p1a: Raikou|88/100|[from] Stealth Rock
|-ability|p1a: Raikou|Pressure
|move|p2a: Vaporeon|Wish|p2a: Vaporeon
|
|-weather|RainDance|[upkeep]
|upkeep
|turn|6
|
|t:|1626889108
|switch|p2a: Flygon|Flygon, M|100/100
|move|p1a: Raikou|Thunder|p2a: Flygon
|-immune|p2a: Flygon
|
|-weather|RainDance|[upkeep]
|upkeep
|turn|7
|
|t:|1626889123
|switch|p1a: Tornadus|Tornadus, M|100/100
|move|p2a: Flygon|U-turn|p1a: Tornadus
|-resisted|p1a: Tornadus
|-damage|p1a: Tornadus|93/100
|j| djjjdjdjdjdjdjdjdj
|
|t:|1626889130
|switch|p2a: Vaporeon|Vaporeon, F|100/100|[from]move: U-turn
|
|-weather|RainDance|[upkeep]
|upkeep
|turn|8
|
|t:|1626889137
|move|p1a: Tornadus|Defog|p2a: Vaporeon
|-unboost|p2a: Vaporeon|evasion|1
|-sideend|p1: chompstomptest|Stealth Rock|[from] move: Defog|[of] p1a: Tornadus
|move|p2a: Vaporeon|Scald|p1a: Tornadus
|-crit|p1a: Tornadus
|-damage|p1a: Tornadus|28/100
|-status|p1a: Tornadus|brn
|
|-weather|RainDance|[upkeep]
|-damage|p1a: Tornadus|22/100 brn|[from] brn
|upkeep
|turn|9
|
|t:|1626889142
|move|p1a: Tornadus|U-turn|p2a: Vaporeon
|-damage|p2a: Vaporeon|94/100
|
|t:|1626889147
|switch|p1a: Politoed|Politoed, F|100/100|[from]move: U-turn
|move|p2a: Vaporeon|Wish|p2a: Vaporeon
|
|-weather|RainDance|[upkeep]
|-heal|p2a: Vaporeon|99/100|[from] item: Leftovers
|upkeep
|turn|10
|
|t:|1626889156
|switch|p1a: Raikou|Raikou|88/100
|-ability|p1a: Raikou|Pressure
|move|p2a: Vaporeon|Flip Turn|p1a: Raikou
|-damage|p1a: Raikou|60/100
|
|t:|1626889171
|switch|p2a: Durant|Durant, M|100/100|[from]move: Flip Turn
|
|-weather|none
|upkeep
|turn|11
|
|t:|1626889178
|switch|p1a: Politoed|Politoed, F|100/100
|-weather|RainDance|[from] ability: Drizzle|[of] p1a: Politoed
|move|p2a: Durant|First Impression|p1a: Politoed
|-damage|p1a: Politoed|38/100
|-damage|p2a: Durant|91/100|[from] item: Life Orb
|
|-weather|RainDance|[upkeep]
|upkeep
|turn|12
|
|t:|1626889193
|move|p2a: Durant|Superpower|p1a: Politoed|[miss]
|-miss|p2a: Durant|p1a: Politoed
|move|p1a: Politoed|Toxic|p2a: Durant
|-immune|p2a: Durant
|
|-weather|RainDance|[upkeep]
|upkeep
|turn|13
|
|t:|1626889202
|move|p2a: Durant|Superpower|p1a: Politoed
|-damage|p1a: Politoed|0 fnt
|-unboost|p2a: Durant|atk|1
|-unboost|p2a: Durant|def|1
|faint|p1a: Politoed
|-damage|p2a: Durant|81/100|[from] item: Life Orb
|
|-weather|RainDance|[upkeep]
|upkeep
|
|t:|1626889210
|switch|p1a: Seismitoad|Seismitoad, F|100/100
|turn|14
|
|t:|1626889218
|switch|p2a: Vaporeon|Vaporeon, F|99/100
|move|p1a: Seismitoad|Earth Power|p2a: Vaporeon
|-crit|p2a: Vaporeon
|-damage|p2a: Vaporeon|42/100
|-damage|p1a: Seismitoad|91/100|[from] item: Life Orb
|
|-weather|RainDance|[upkeep]
|-heal|p2a: Vaporeon|48/100|[from] item: Leftovers
|upkeep
|turn|15
|
|t:|1626889225
|move|p1a: Seismitoad|Stealth Rock|p2a: Vaporeon
|-sidestart|p2: rult70m mac3 ✝|move: Stealth Rock
|move|p2a: Vaporeon|Wish|p2a: Vaporeon
|
|-weather|RainDance|[upkeep]
|-heal|p2a: Vaporeon|54/100|[from] item: Leftovers
|upkeep
|turn|16
|j| just world fallacy
|
|t:|1626889232
|switch|p1a: Umbreon|Umbreon, M|100/100
|move|p2a: Vaporeon|Scald|p1a: Umbreon
|-damage|p1a: Umbreon|72/100
|
|-weather|RainDance|[upkeep]
|-heal|p2a: Vaporeon|100/100|[from] move: Wish|[wisher] Vaporeon
|-heal|p1a: Umbreon|78/100|[from] item: Leftovers
|upkeep
|turn|17
|
|t:|1626889236
|move|p2a: Vaporeon|Wish|p2a: Vaporeon
|move|p1a: Umbreon|Wish|p1a: Umbreon
|
|-weather|RainDance|[upkeep]
|-heal|p1a: Umbreon|84/100|[from] item: Leftovers
|upkeep
|turn|18
|
|t:|1626889243
|switch|p1a: Raikou|Raikou|60/100
|-ability|p1a: Raikou|Pressure
|move|p2a: Vaporeon|Flip Turn|p1a: Raikou
|-damage|p1a: Raikou|35/100
|
|t:|1626889251
|switch|p2a: Flygon|Flygon, M|100/100|[from]move: Flip Turn
|-damage|p2a: Flygon|94/100|[from] Stealth Rock
|
|-weather|none
|-heal|p1a: Raikou|95/100|[from] move: Wish|[wisher] Umbreon
|-heal|p2a: Flygon|100/100|[from] move: Wish|[wisher] Vaporeon
|upkeep
|turn|19
|
|t:|1626889259
|move|p1a: Raikou|Scald|p2a: Flygon
|-damage|p2a: Flygon|63/100
|-status|p2a: Flygon|brn
|move|p2a: Flygon|Earthquake|p1a: Raikou
|-supereffective|p1a: Raikou
|-damage|p1a: Raikou|50/100
|
|-damage|p2a: Flygon|57/100 brn|[from] brn
|upkeep
|turn|20
|
|t:|1626889268
|switch|p1a: Umbreon|Umbreon, M|84/100
|move|p2a: Flygon|Roost|p2a: Flygon
|-heal|p2a: Flygon|100/100 brn
|-singleturn|p2a: Flygon|move: Roost
|
|-heal|p1a: Umbreon|90/100|[from] item: Leftovers
|-damage|p2a: Flygon|94/100 brn|[from] brn
|upkeep
|turn|21
|
|t:|1626889276
|move|p2a: Flygon|U-turn|p1a: Umbreon
|-supereffective|p1a: Umbreon
|-damage|p1a: Umbreon|80/100
|
|t:|1626889291
|switch|p2a: Necrozma|Necrozma|100/100|[from]move: U-turn
|-damage|p2a: Necrozma|88/100|[from] Stealth Rock
|move|p1a: Umbreon|Wish|p1a: Umbreon
|
|-heal|p2a: Necrozma|94/100|[from] item: Leftovers
|-heal|p1a: Umbreon|86/100|[from] item: Leftovers
|upkeep
|turn|22
|
|t:|1626889324
|move|p2a: Necrozma|Calm Mind|p2a: Necrozma
|-boost|p2a: Necrozma|spa|1
|-boost|p2a: Necrozma|spd|1
|move|p1a: Umbreon|Foul Play|p2a: Necrozma
|-supereffective|p2a: Necrozma
|-damage|p2a: Necrozma|64/100
|
|-heal|p1a: Umbreon|100/100|[from] move: Wish|[wisher] Umbreon
|-heal|p2a: Necrozma|70/100|[from] item: Leftovers
|upkeep
|turn|23
|
|t:|1626889335
|switch|p1a: Tornadus|Tornadus, M|22/100 brn
|move|p2a: Necrozma|Photon Geyser|p1a: Tornadus
|-damage|p1a: Tornadus|0 fnt
|faint|p1a: Tornadus
|
|-heal|p2a: Necrozma|76/100|[from] item: Leftovers
|upkeep
|
|t:|1626889342
|switch|p1a: Barraskewda|Barraskewda, M|100/100
|turn|24
|
|t:|1626889348
|move|p1a: Barraskewda|Flip Turn|p2a: Necrozma
|-damage|p2a: Necrozma|46/100
|
|t:|1626889351
|switch|p1a: Umbreon|Umbreon, M|100/100|[from]move: Flip Turn
|move|p2a: Necrozma|Moonlight|p2a: Necrozma
|-heal|p2a: Necrozma|96/100
|
|-heal|p2a: Necrozma|100/100|[from] item: Leftovers
|upkeep
|turn|25
|c|☆chompstomptest|gg
|-message|chompstomptest forfeited.
|c|☆rult70m mac3 ✝|gg
|
|win|rult70m mac3 ✝
|l|☆chompstomptest
|raw|chompstomptest's rating: 1451 &rarr; <strong>1435</strong><br />(-16 for losing)
|raw|rult70m mac3 ✝'s rating: 1524 &rarr; <strong>1540</strong><br />(+16 for winning)
|l|☆rult70m mac3 ✝
|l| zben ☭_☭
|l| just world fallacy
|l| RULT70A GK
||Ladder isn't responding, score probably updated but might not have (Request timeout).
