|raw|<div class="broadcast-blue"><strong>This battle is required to be public due to a player having a name starting with 'rult70'.</div>
|j|☆rult70t oinha
|j|☆toxrus1
|t:|1626317235
|gametype|singles
|player|p1|rult70t oinha|blackbelt-gen4|1500
|player|p2|toxrus1|beauty-gen4dp|1424
|teamsize|p1|6
|teamsize|p2|6
|gen|8
|tier|[Gen 8] RU
|rated|
|rule|Sleep Clause Mod: Limit one foe put to sleep
|rule|Species Clause: Limit one of each Pokémon
|rule|OHKO Clause: OHKO moves are banned
|rule|Evasion Moves Clause: Evasion moves are banned
|rule|Endless Battle Clause: Forcing endless battles is banned
|rule|HP Percentage Mod: HP is shown in percentages
|rule|Dynamax Clause: You cannot dynamax
|clearpoke
|poke|p1|Necrozma|
|poke|p1|Klefki, F|
|poke|p1|Sharpedo, F|
|poke|p1|Mimikyu, F|
|poke|p1|Flygon, F|
|poke|p1|Toxtricity, F|
|poke|p2|Gastrodon, M|
|poke|p2|Ditto|
|poke|p2|Umbreon, M|
|poke|p2|Stakataka|
|poke|p2|Reuniclus, F|
|poke|p2|Togekiss, M|
|teampreview
|j| The Benz Mafia
|
|t:|1626317312
|start
|switch|p1a: Necrozma|Necrozma|100/100
|switch|p2a: Ditto|Ditto|100/100
|-transform|p2a: Ditto|p1a: Necrozma|[from] ability: Imposter
|turn|1
|
|t:|1626317322
|move|p2a: Ditto|Stealth Rock|p1a: Necrozma
|-sidestart|p1: rult70t oinha|move: Stealth Rock
|move|p1a: Necrozma|Meteor Beam||[still]
|-prepare|p1a: Necrozma|Meteor Beam
|-boost|p1a: Necrozma|spa|1
|-enditem|p1a: Necrozma|Power Herb
|-anim|p1a: Necrozma|Meteor Beam|p2a: Ditto
|-damage|p2a: Ditto|26/100
|
|upkeep
|turn|2
|
|t:|1626317329
|switch|p2a: Stakataka|Stakataka|100/100
|move|p1a: Necrozma|Stealth Rock|p2a: Stakataka
|-sidestart|p2: toxrus1|move: Stealth Rock
|
|upkeep
|turn|3
|
|t:|1626317333
|move|p1a: Necrozma|Heat Wave|p2a: Stakataka
|-damage|p2a: Stakataka|67/100
|move|p2a: Stakataka|Gyro Ball|p1a: Necrozma
|-damage|p1a: Necrozma|40/100
|
|-heal|p2a: Stakataka|73/100|[from] item: Leftovers
|upkeep
|turn|4
|
|t:|1626317341
|move|p1a: Necrozma|Heat Wave|p2a: Stakataka
|-damage|p2a: Stakataka|35/100
|move|p2a: Stakataka|Gyro Ball|p1a: Necrozma
|-damage|p1a: Necrozma|0 fnt
|faint|p1a: Necrozma
|-ability|p2a: Stakataka|Beast Boost|boost
|-boost|p2a: Stakataka|def|1
|
|-heal|p2a: Stakataka|41/100|[from] item: Leftovers
|upkeep
|
|t:|1626317345
|switch|p1a: Sharpedo|Sharpedo, F|100/100
|-damage|p1a: Sharpedo|88/100|[from] Stealth Rock
|turn|5
|
|t:|1626317355
|move|p1a: Sharpedo|Liquidation|p2a: Stakataka
|-supereffective|p2a: Stakataka
|-damage|p2a: Stakataka|0 fnt
|faint|p2a: Stakataka
|-damage|p1a: Sharpedo|78/100|[from] item: Life Orb
|
|-ability|p1a: Sharpedo|Speed Boost|boost
|-boost|p1a: Sharpedo|spe|1
|upkeep
|
|t:|1626317363
|switch|p2a: Gastrodon|Gastrodon, M|100/100
|-damage|p2a: Gastrodon|94/100|[from] Stealth Rock
|turn|6
|
|t:|1626317379
|switch|p1a: Flygon|Flygon, F|100/100
|-damage|p1a: Flygon|95/100|[from] Stealth Rock
|move|p2a: Gastrodon|Scald|p1a: Flygon
|-damage|p1a: Flygon|62/100
|-status|p1a: Flygon|brn
|
|-heal|p2a: Gastrodon|100/100|[from] item: Leftovers
|-damage|p1a: Flygon|56/100 brn|[from] brn
|upkeep
|turn|7
|
|t:|1626317387
|switch|p2a: Togekiss|Togekiss, M|100/100
|move|p1a: Flygon|Earthquake|p2a: Togekiss
|-immune|p2a: Togekiss
|
|-damage|p1a: Flygon|50/100 brn|[from] brn
|upkeep
|turn|8
|
|t:|1626317402
|switch|p1a: Klefki|Klefki, F|100/100
|-damage|p1a: Klefki|95/100|[from] Stealth Rock
|move|p2a: Togekiss|Air Slash|p1a: Klefki
|-resisted|p1a: Klefki
|-damage|p1a: Klefki|81/100
|
|-heal|p1a: Klefki|87/100|[from] item: Leftovers
|upkeep
|turn|9
|
|t:|1626317405
|move|p1a: Klefki|Toxic|p2a: Togekiss
|-status|p2a: Togekiss|tox
|move|p2a: Togekiss|Thunder Wave|p1a: Klefki
|-status|p1a: Klefki|par
|
|-heal|p1a: Klefki|93/100 par|[from] item: Leftovers
|-damage|p2a: Togekiss|94/100 tox|[from] psn
|upkeep
|turn|10
|
|t:|1626317411
|switch|p2a: Umbreon|Umbreon, M|100/100
|-damage|p2a: Umbreon|88/100|[from] Stealth Rock
|move|p1a: Klefki|Spikes|p2a: Umbreon
|-sidestart|p2: toxrus1|Spikes
|
|-heal|p2a: Umbreon|94/100|[from] item: Leftovers
|-heal|p1a: Klefki|99/100 par|[from] item: Leftovers
|upkeep
|turn|11
|
|t:|1626317417
|move|p2a: Umbreon|Heal Bell|p2a: Umbreon
|-activate|p2a: Umbreon|move: Heal Bell
|-curestatus|p2: Togekiss|tox|[msg]
|move|p1a: Klefki|Dazzling Gleam|p2a: Umbreon
|-supereffective|p2a: Umbreon
|-damage|p2a: Umbreon|71/100
|
|-heal|p2a: Umbreon|77/100|[from] item: Leftovers
|-heal|p1a: Klefki|100/100 par|[from] item: Leftovers
|upkeep
|turn|12
|
|t:|1626317421
|move|p1a: Klefki|Toxic|p2a: Umbreon
|-hint|Since gen 7, Dark is immune to Prankster moves.
|-immune|p2a: Umbreon
|move|p2a: Umbreon|Wish|p2a: Umbreon
|
|-heal|p2a: Umbreon|83/100|[from] item: Leftovers
|upkeep
|turn|13
|
|t:|1626317426
|switch|p2a: Togekiss|Togekiss, M|94/100
|move|p1a: Klefki|Dazzling Gleam|p2a: Togekiss
|-damage|p2a: Togekiss|76/100
|
|-heal|p2a: Togekiss|100/100|[from] move: Wish|[wisher] Umbreon
|upkeep
|turn|14
|
|t:|1626317428
|cant|p1a: Klefki|par
|move|p2a: Togekiss|Defog|p1a: Klefki
|-unboost|p1a: Klefki|evasion|1
|-sideend|p1: rult70t oinha|Stealth Rock|[from] move: Defog|[of] p2a: Togekiss
|-sideend|p2: toxrus1|Spikes|[from] move: Defog|[of] p2a: Togekiss
|-sideend|p2: toxrus1|Stealth Rock|[from] move: Defog|[of] p2a: Togekiss
|
|upkeep
|turn|15
|
|t:|1626317436
|switch|p2a: Ditto|Ditto|26/100
|-transform|p2a: Ditto|p1a: Klefki|[from] ability: Imposter
|move|p1a: Klefki|Spikes|p2a: Ditto
|-sidestart|p2: toxrus1|Spikes
|
|upkeep
|turn|16
|
|t:|1626317439
|move|p2a: Ditto|Spikes|p1a: Klefki
|-sidestart|p1: rult70t oinha|Spikes
|cant|p1a: Klefki|par
|
|upkeep
|turn|17
|
|t:|1626317442
|switch|p1a: Toxtricity|Toxtricity, F|100/100
|-damage|p1a: Toxtricity|88/100|[from] Spikes
|move|p2a: Ditto|Spikes|p1a: Toxtricity
|-sidestart|p1: rult70t oinha|Spikes
|
|upkeep
|turn|18
|
|t:|1626317445
|switch|p2a: Reuniclus|Reuniclus, F, shiny|100/100
|-damage|p2a: Reuniclus|88/100|[from] Spikes
|move|p1a: Toxtricity|Boomburst|p2a: Reuniclus
|-damage|p2a: Reuniclus|50/100
|-damage|p1a: Toxtricity|78/100|[from] item: Life Orb
|
|upkeep
|turn|19
|
|t:|1626317458
|switch|p1a: Sharpedo|Sharpedo, F|78/100
|-damage|p1a: Sharpedo|62/100|[from] Spikes
|move|p2a: Reuniclus|Focus Blast|p1a: Sharpedo
|-supereffective|p1a: Sharpedo
|-damage|p1a: Sharpedo|0 fnt
|faint|p1a: Sharpedo
|
|upkeep
|
|t:|1626317465
|switch|p1a: Mimikyu|Mimikyu, F|100/100
|-damage|p1a: Mimikyu|84/100|[from] Spikes
|turn|20
|
|t:|1626317471
|move|p1a: Mimikyu|Play Rough|p2a: Reuniclus
|-damage|p2a: Reuniclus|4/100
|-unboost|p2a: Reuniclus|atk|1
|-damage|p1a: Mimikyu|74/100|[from] item: Life Orb
|move|p2a: Reuniclus|Psyshock|p1a: Mimikyu
|-activate|p1a: Mimikyu|ability: Disguise
|-damage|p1a: Mimikyu|74/100
|detailschange|p1a: Mimikyu|Mimikyu-Busted, F
|-damage|p1a: Mimikyu|62/100|[from] pokemon: Mimikyu-Busted
|
|upkeep
|turn|21
|
|t:|1626317481
|switch|p2a: Togekiss|Togekiss, M|100/100
|move|p1a: Mimikyu|Play Rough|p2a: Togekiss
|-damage|p2a: Togekiss|68/100
|-unboost|p2a: Togekiss|atk|1
|-damage|p1a: Mimikyu|52/100|[from] item: Life Orb
|
|upkeep
|turn|22
|
|t:|1626317487
|switch|p1a: Toxtricity|Toxtricity, F|78/100
|-damage|p1a: Toxtricity|62/100|[from] Spikes
|switch|p2a: Reuniclus|Reuniclus, F, shiny|37/100
|-damage|p2a: Reuniclus|25/100|[from] Spikes
|
|upkeep
|turn|23
|j| TurtleDoggo1@!
|
|t:|1626317505
|switch|p2a: Ditto|Ditto|26/100
|-damage|p2a: Ditto|14/100|[from] Spikes
|-transform|p2a: Ditto|p1a: Toxtricity|[from] ability: Imposter
|move|p1a: Toxtricity|Boomburst|p2a: Ditto
|-damage|p2a: Ditto|0 fnt
|faint|p2a: Ditto
|-damage|p1a: Toxtricity|52/100|[from] item: Life Orb
|
|upkeep
|
|t:|1626317510
|switch|p2a: Umbreon|Umbreon, M|83/100
|-damage|p2a: Umbreon|71/100|[from] Spikes
|turn|24
|
|t:|1626317514
|switch|p1a: Klefki|Klefki, F|100/100 par
|-damage|p1a: Klefki|84/100 par|[from] Spikes
|move|p2a: Umbreon|Protect||[still]
|-fail|p2a: Umbreon
|
|-heal|p2a: Umbreon|77/100|[from] item: Leftovers
|-heal|p1a: Klefki|90/100 par|[from] item: Leftovers
|upkeep
|turn|25
|
|t:|1626317517
|move|p1a: Klefki|Spikes|p2a: Umbreon
|-sidestart|p2: toxrus1|Spikes
|move|p2a: Umbreon|Wish|p2a: Umbreon
|
|-heal|p2a: Umbreon|83/100|[from] item: Leftovers
|-heal|p1a: Klefki|96/100 par|[from] item: Leftovers
|upkeep
|turn|26
|
|t:|1626317521
|switch|p2a: Reuniclus|Reuniclus, F, shiny|58/100
|-damage|p2a: Reuniclus|42/100|[from] Spikes
|move|p1a: Klefki|Toxic|p2a: Reuniclus
|-status|p2a: Reuniclus|tox
|
|-heal|p2a: Reuniclus|88/100 tox|[from] move: Wish|[wisher] Umbreon
|-heal|p1a: Klefki|100/100 par|[from] item: Leftovers
|-damage|p2a: Reuniclus|82/100 tox|[from] psn
|upkeep
|turn|27
|
|t:|1626317529
|move|p2a: Reuniclus|Future Sight|p1a: Klefki
|-start|p2a: Reuniclus|move: Future Sight
|move|p1a: Klefki|Dazzling Gleam|p2a: Reuniclus
|-damage|p2a: Reuniclus|71/100 tox
|
|-damage|p2a: Reuniclus|58/100 tox|[from] psn
|upkeep
|turn|28
|
|t:|1626317533
|switch|p2a: Umbreon|Umbreon, M|83/100
|-damage|p2a: Umbreon|66/100|[from] Spikes
|move|p1a: Klefki|Dazzling Gleam|p2a: Umbreon
|-supereffective|p2a: Umbreon
|-damage|p2a: Umbreon|43/100
|
|-heal|p2a: Umbreon|49/100|[from] item: Leftovers
|upkeep
|turn|29
|
|t:|1626317535
|move|p1a: Klefki|Spikes|p2a: Umbreon
|-sidestart|p2: toxrus1|Spikes
|move|p2a: Umbreon|Wish|p2a: Umbreon
|
|-end|p1a: Klefki|move: Future Sight
|-resisted|p1a: Klefki
|-damage|p1a: Klefki|78/100 par
|-heal|p2a: Umbreon|55/100|[from] item: Leftovers
|-heal|p1a: Klefki|84/100 par|[from] item: Leftovers
|upkeep
|turn|30
|
|t:|1626317543
|move|p2a: Umbreon|Heal Bell|p2a: Umbreon
|-activate|p2a: Umbreon|move: Heal Bell
|-curestatus|p2: Reuniclus|tox|[msg]
|move|p1a: Klefki|Dazzling Gleam|p2a: Umbreon
|-supereffective|p2a: Umbreon
|-crit|p2a: Umbreon
|-damage|p2a: Umbreon|18/100
|
|-heal|p2a: Umbreon|68/100|[from] move: Wish|[wisher] Umbreon
|-heal|p2a: Umbreon|74/100|[from] item: Leftovers
|-heal|p1a: Klefki|90/100 par|[from] item: Leftovers
|upkeep
|turn|31
|
|t:|1626317546
|move|p2a: Umbreon|Protect|p2a: Umbreon
|-singleturn|p2a: Umbreon|Protect
|move|p1a: Klefki|Dazzling Gleam|p2a: Umbreon
|-activate|p2a: Umbreon|move: Protect
|
|-heal|p2a: Umbreon|80/100|[from] item: Leftovers
|-heal|p1a: Klefki|96/100 par|[from] item: Leftovers
|upkeep
|turn|32
|
|t:|1626317548
|move|p2a: Umbreon|Wish|p2a: Umbreon
|move|p1a: Klefki|Dazzling Gleam|p2a: Umbreon
|-supereffective|p2a: Umbreon
|-damage|p2a: Umbreon|58/100
|
|-heal|p2a: Umbreon|64/100|[from] item: Leftovers
|-heal|p1a: Klefki|100/100 par|[from] item: Leftovers
|upkeep
|turn|33
|
|t:|1626317553
|move|p1a: Klefki|Thunder Wave|p2a: Umbreon
|-hint|Since gen 7, Dark is immune to Prankster moves.
|-immune|p2a: Umbreon
|move|p2a: Umbreon|Foul Play|p1a: Klefki
|-resisted|p1a: Klefki
|-damage|p1a: Klefki|86/100 par
|
|-heal|p2a: Umbreon|100/100|[from] move: Wish|[wisher] Umbreon
|-heal|p1a: Klefki|92/100 par|[from] item: Leftovers
|upkeep
|turn|34
|
|t:|1626317562
|cant|p1a: Klefki|par
|move|p2a: Umbreon|Wish|p2a: Umbreon
|
|-heal|p1a: Klefki|98/100 par|[from] item: Leftovers
|upkeep
|turn|35
|
|t:|1626317575
|switch|p2a: Togekiss|Togekiss, M|68/100
|cant|p1a: Klefki|par
|
|-heal|p2a: Togekiss|100/100|[from] move: Wish|[wisher] Umbreon
|-heal|p1a: Klefki|100/100 par|[from] item: Leftovers
|upkeep
|turn|36
|
|t:|1626317577
|switch|p2a: Umbreon|Umbreon, M|100/100
|-damage|p2a: Umbreon|76/100|[from] Spikes
|move|p1a: Klefki|Toxic|p2a: Umbreon
|-hint|Since gen 7, Dark is immune to Prankster moves.
|-immune|p2a: Umbreon
|
|-heal|p2a: Umbreon|82/100|[from] item: Leftovers
|upkeep
|turn|37
|
|t:|1626317581
|move|p1a: Klefki|Thunder Wave|p2a: Umbreon
|-hint|Since gen 7, Dark is immune to Prankster moves.
|-immune|p2a: Umbreon
|move|p2a: Umbreon|Foul Play|p1a: Klefki
|-resisted|p1a: Klefki
|-damage|p1a: Klefki|87/100 par
|
|-heal|p2a: Umbreon|88/100|[from] item: Leftovers
|-heal|p1a: Klefki|93/100 par|[from] item: Leftovers
|upkeep
|turn|38
|
|t:|1626317584
|move|p2a: Umbreon|Protect|p2a: Umbreon
|-singleturn|p2a: Umbreon|Protect
|move|p1a: Klefki|Dazzling Gleam|p2a: Umbreon
|-activate|p2a: Umbreon|move: Protect
|
|-heal|p2a: Umbreon|94/100|[from] item: Leftovers
|-heal|p1a: Klefki|99/100 par|[from] item: Leftovers
|upkeep
|turn|39
|
|t:|1626317590
|cant|p1a: Klefki|par
|move|p2a: Umbreon|Wish|p2a: Umbreon
|
|-heal|p2a: Umbreon|99/100|[from] item: Leftovers
|-heal|p1a: Klefki|100/100 par|[from] item: Leftovers
|upkeep
|turn|40
|
|t:|1626317596
|move|p1a: Klefki|Thunder Wave|p2a: Umbreon
|-hint|Since gen 7, Dark is immune to Prankster moves.
|-immune|p2a: Umbreon
|move|p2a: Umbreon|Foul Play|p1a: Klefki
|-resisted|p1a: Klefki
|-damage|p1a: Klefki|86/100 par
|
|-heal|p2a: Umbreon|100/100|[from] move: Wish|[wisher] Umbreon
|-heal|p1a: Klefki|92/100 par|[from] item: Leftovers
|upkeep
|turn|41
|
|t:|1626317670
|move|p1a: Klefki|Toxic|p2a: Umbreon
|-hint|Since gen 7, Dark is immune to Prankster moves.
|-immune|p2a: Umbreon
|move|p2a: Umbreon|Wish|p2a: Umbreon
|
|-heal|p1a: Klefki|98/100 par|[from] item: Leftovers
|upkeep
|turn|42
|
|t:|1626317688
|move|p1a: Klefki|Spikes||[still]
|-fail|p1a: Klefki
|move|p2a: Umbreon|Foul Play|p1a: Klefki
|-resisted|p1a: Klefki
|-damage|p1a: Klefki|84/100 par
|
|-heal|p1a: Klefki|90/100 par|[from] item: Leftovers
|upkeep
|turn|43
|
|t:|1626317692
|move|p1a: Klefki|Thunder Wave|p2a: Umbreon
|-hint|Since gen 7, Dark is immune to Prankster moves.
|-immune|p2a: Umbreon
|move|p2a: Umbreon|Foul Play|p1a: Klefki
|-resisted|p1a: Klefki
|-damage|p1a: Klefki|76/100 par
|
|-heal|p1a: Klefki|82/100 par|[from] item: Leftovers
|upkeep
|turn|44
|j| bbryann
|
|t:|1626317697
|move|p2a: Umbreon|Foul Play|p1a: Klefki
|-resisted|p1a: Klefki
|-damage|p1a: Klefki|67/100 par
|move|p1a: Klefki|Dazzling Gleam|p2a: Umbreon
|-supereffective|p2a: Umbreon
|-damage|p2a: Umbreon|76/100
|
|-heal|p2a: Umbreon|82/100|[from] item: Leftovers
|-heal|p1a: Klefki|73/100 par|[from] item: Leftovers
|upkeep
|turn|45
|
|t:|1626317709
|move|p2a: Umbreon|Foul Play|p1a: Klefki
|-resisted|p1a: Klefki
|-damage|p1a: Klefki|60/100 par
|move|p1a: Klefki|Dazzling Gleam|p2a: Umbreon
|-supereffective|p2a: Umbreon
|-damage|p2a: Umbreon|56/100
|
|-heal|p2a: Umbreon|62/100|[from] item: Leftovers
|-heal|p1a: Klefki|66/100 par|[from] item: Leftovers
|upkeep
|turn|46
|
|t:|1626317716
|move|p2a: Umbreon|Foul Play|p1a: Klefki
|-resisted|p1a: Klefki
|-damage|p1a: Klefki|52/100 par
|cant|p1a: Klefki|par
|
|-heal|p2a: Umbreon|69/100|[from] item: Leftovers
|-heal|p1a: Klefki|58/100 par|[from] item: Leftovers
|upkeep
|turn|47
|
|t:|1626317720
|move|p2a: Umbreon|Wish|p2a: Umbreon
|move|p1a: Klefki|Dazzling Gleam|p2a: Umbreon
|-supereffective|p2a: Umbreon
|-damage|p2a: Umbreon|43/100
|
|-heal|p2a: Umbreon|49/100|[from] item: Leftovers
|-heal|p1a: Klefki|64/100 par|[from] item: Leftovers
|upkeep
|turn|48
|
|t:|1626317723
|cant|p1a: Klefki|par
|move|p2a: Umbreon|Foul Play|p1a: Klefki
|-resisted|p1a: Klefki
|-damage|p1a: Klefki|50/100 par
|
|-heal|p2a: Umbreon|99/100|[from] move: Wish|[wisher] Umbreon
|-heal|p2a: Umbreon|100/100|[from] item: Leftovers
|-heal|p1a: Klefki|56/100 par|[from] item: Leftovers
|upkeep
|turn|49
|
|t:|1626317727
|cant|p1a: Klefki|par
|move|p2a: Umbreon|Foul Play|p1a: Klefki
|-resisted|p1a: Klefki
|-damage|p1a: Klefki|42/100 par
|
|-heal|p1a: Klefki|48/100 par|[from] item: Leftovers
|upkeep
|turn|50
|
|t:|1626317733
|move|p1a: Klefki|Spikes||[still]
|-fail|p1a: Klefki
|move|p2a: Umbreon|Foul Play|p1a: Klefki
|-resisted|p1a: Klefki
|-damage|p1a: Klefki|34/100 par
|
|-heal|p1a: Klefki|39/100 par|[from] item: Leftovers
|upkeep
|turn|51
|
|t:|1626317736
|move|p2a: Umbreon|Foul Play|p1a: Klefki
|-resisted|p1a: Klefki
|-damage|p1a: Klefki|24/100 par
|move|p1a: Klefki|Dazzling Gleam|p2a: Umbreon
|-supereffective|p2a: Umbreon
|-damage|p2a: Umbreon|79/100
|
|-heal|p2a: Umbreon|85/100|[from] item: Leftovers
|-heal|p1a: Klefki|30/100 par|[from] item: Leftovers
|upkeep
|turn|52
|
|t:|1626317739
|move|p2a: Umbreon|Wish|p2a: Umbreon
|cant|p1a: Klefki|par
|
|-heal|p2a: Umbreon|91/100|[from] item: Leftovers
|-heal|p1a: Klefki|36/100 par|[from] item: Leftovers
|upkeep
|turn|53
|
|t:|1626317740
|move|p2a: Umbreon|Foul Play|p1a: Klefki
|-resisted|p1a: Klefki
|-damage|p1a: Klefki|23/100 par
|move|p1a: Klefki|Dazzling Gleam|p2a: Umbreon
|-supereffective|p2a: Umbreon
|-damage|p2a: Umbreon|68/100
|
|-heal|p2a: Umbreon|100/100|[from] move: Wish|[wisher] Umbreon
|-heal|p1a: Klefki|29/100 par|[from] item: Leftovers
|upkeep
|turn|54
|
|t:|1626317744
|move|p2a: Umbreon|Foul Play|p1a: Klefki
|-resisted|p1a: Klefki
|-crit|p1a: Klefki
|-damage|p1a: Klefki|6/100 par
|cant|p1a: Klefki|par
|
|-heal|p1a: Klefki|12/100 par|[from] item: Leftovers
|upkeep
|turn|55
|
|t:|1626317747
|move|p2a: Umbreon|Wish|p2a: Umbreon
|move|p1a: Klefki|Dazzling Gleam|p2a: Umbreon
|-supereffective|p2a: Umbreon
|-damage|p2a: Umbreon|78/100
|
|-heal|p2a: Umbreon|84/100|[from] item: Leftovers
|-heal|p1a: Klefki|18/100 par|[from] item: Leftovers
|upkeep
|turn|56
|
|t:|1626317749
|move|p2a: Umbreon|Foul Play|p1a: Klefki
|-resisted|p1a: Klefki
|-damage|p1a: Klefki|4/100 par
|move|p1a: Klefki|Dazzling Gleam|p2a: Umbreon
|-supereffective|p2a: Umbreon
|-damage|p2a: Umbreon|58/100
|
|-heal|p2a: Umbreon|100/100|[from] move: Wish|[wisher] Umbreon
|-heal|p1a: Klefki|10/100 par|[from] item: Leftovers
|upkeep
|turn|57
|
|t:|1626317755
|move|p2a: Umbreon|Foul Play|p1a: Klefki
|-resisted|p1a: Klefki
|-damage|p1a: Klefki|0 fnt
|faint|p1a: Klefki
|
|upkeep
|
|t:|1626317756
|switch|p1a: Mimikyu|Mimikyu-Busted, F|52/100
|-damage|p1a: Mimikyu|36/100|[from] Spikes
|turn|58
|
|t:|1626317765
|switch|p2a: Gastrodon|Gastrodon, M|100/100
|-damage|p2a: Gastrodon|76/100|[from] Spikes
|move|p1a: Mimikyu|Play Rough|p2a: Gastrodon
|-damage|p2a: Gastrodon|38/100
|-damage|p1a: Mimikyu|26/100|[from] item: Life Orb
|
|-heal|p2a: Gastrodon|44/100|[from] item: Leftovers
|upkeep
|turn|59
|
|t:|1626317777
|move|p1a: Mimikyu|Swords Dance|p1a: Mimikyu
|-boost|p1a: Mimikyu|atk|2
|move|p2a: Gastrodon|Recover|p2a: Gastrodon
|-heal|p2a: Gastrodon|94/100
|
|-heal|p2a: Gastrodon|99/100|[from] item: Leftovers
|upkeep
|turn|60
|
|t:|1626317781
|move|p1a: Mimikyu|Drain Punch|p2a: Gastrodon
|-damage|p2a: Gastrodon|63/100
|-heal|p1a: Mimikyu|57/100|[from] drain|[of] p2a: Gastrodon
|-damage|p1a: Mimikyu|48/100|[from] item: Life Orb
|move|p2a: Gastrodon|Earthquake|p1a: Mimikyu
|-damage|p1a: Mimikyu|0 fnt
|faint|p1a: Mimikyu
|
|-heal|p2a: Gastrodon|69/100|[from] item: Leftovers
|upkeep
|
|t:|1626317786
|switch|p1a: Toxtricity|Toxtricity, F|52/100
|-damage|p1a: Toxtricity|35/100|[from] Spikes
|turn|61
|
|t:|1626317797
|move|p1a: Toxtricity|Boomburst|p2a: Gastrodon
|-damage|p2a: Gastrodon|0 fnt
|faint|p2a: Gastrodon
|-damage|p1a: Toxtricity|25/100|[from] item: Life Orb
|
|upkeep
|
|t:|1626317800
|switch|p2a: Reuniclus|Reuniclus, F, shiny|92/100
|-damage|p2a: Reuniclus|67/100|[from] Spikes
|turn|62
|
|t:|1626317802
|switch|p1a: Flygon|Flygon, F|50/100 brn
|move|p2a: Reuniclus|Psyshock|p1a: Flygon
|-damage|p1a: Flygon|1/100 brn
|
|-damage|p1a: Flygon|0 fnt|[from] brn
|faint|p1a: Flygon
|upkeep
|
|t:|1626317804
|switch|p1a: Toxtricity|Toxtricity, F|25/100
|-damage|p1a: Toxtricity|9/100|[from] Spikes
|turn|63
|
|t:|1626317807
|move|p1a: Toxtricity|Boomburst|p2a: Reuniclus
|-damage|p2a: Reuniclus|25/100
|-damage|p1a: Toxtricity|0 fnt|[from] item: Life Orb
|faint|p1a: Toxtricity
|
|win|toxrus1
|raw|rult70t oinha's rating: 1500 &rarr; <strong>1476</strong><br />(-24 for losing)
|raw|toxrus1's rating: 1424 &rarr; <strong>1448</strong><br />(+24 for winning)
|l|☆rult70t oinha
|l| bbryann
