|j|☆BattleBlazikenVGC
|j|☆literallyfreemoney
|t:|1625281249
|gametype|singles
|player|p1|BattleBlazikenVGC|gambler|1207
|player|p2|literallyfreemoney|17|1343
|teamsize|p1|6
|teamsize|p2|6
|gen|8
|tier|[Gen 8] RU
|rated|
|rule|Sleep Clause Mod: Limit one foe put to sleep
|rule|Species Clause: Limit one of each Pokémon
|rule|OHKO Clause: OHKO moves are banned
|rule|Evasion Moves Clause: Evasion moves are banned
|rule|Endless Battle Clause: Forcing endless battles is banned
|rule|HP Percentage Mod: HP is shown in percentages
|rule|Dynamax Clause: You cannot dynamax
|clearpoke
|poke|p1|Xurkitree|
|poke|p1|Obstagoon, F|
|poke|p1|Noivern, F|
|poke|p1|Stakataka|
|poke|p1|Darmanitan, F|
|poke|p1|Cobalion|
|poke|p2|Incineroar, M|
|poke|p2|Suicune|
|poke|p2|Noivern, M|
|poke|p2|Marowak-Alola, F|
|poke|p2|Flygon, M|
|poke|p2|Mudsdale, M|
|teampreview
|
|t:|1625281261
|start
|switch|p1a: Xurkitree|Xurkitree|100/100
|switch|p2a: Flygon|Flygon, M|100/100
|turn|1
|
|t:|1625281265
|move|p2a: Flygon|Earthquake|p1a: Xurkitree
|-supereffective|p1a: Xurkitree
|-damage|p1a: Xurkitree|0 fnt
|faint|p1a: Xurkitree
|
|upkeep
|
|t:|1625281269
|switch|p1a: Noivern|Noivern, F|100/100
|-item|p2a: Flygon|Choice Scarf|[from] ability: Frisk|[of] p1a: Noivern|[identify]
|turn|2
|
|t:|1625281275
|switch|p2a: Incineroar|Incineroar, M|100/100
|-ability|p2a: Incineroar|Intimidate|boost
|-unboost|p1a: Noivern|atk|1
|move|p1a: Noivern|Air Slash|p2a: Incineroar
|-damage|p2a: Incineroar|77/100
|
|upkeep
|turn|3
|
|t:|1625281286
|move|p1a: Noivern|Air Slash|p2a: Incineroar
|-damage|p2a: Incineroar|56/100
|move|p2a: Incineroar|Parting Shot|p1a: Noivern
|-unboost|p1a: Noivern|atk|1
|-unboost|p1a: Noivern|spa|1
|
|t:|1625281294
|switch|p2a: Noivern|Noivern, M|100/100|[from]move: Parting Shot
|
|upkeep
|turn|4
|
|t:|1625281300
|switch|p1a: Stakataka|Stakataka|100/100
|move|p2a: Noivern|U-turn|p1a: Stakataka
|-resisted|p1a: Stakataka
|-damage|p1a: Stakataka|98/100
|
|t:|1625281313
|switch|p2a: Mudsdale|Mudsdale, M|100/100|[from]move: U-turn
|
|upkeep
|turn|5
|
|t:|1625281317
|move|p2a: Mudsdale|Stealth Rock|p1a: Stakataka
|-sidestart|p1: BattleBlazikenVGC|move: Stealth Rock
|move|p1a: Stakataka|Trick Room|p1a: Stakataka
|-fieldstart|move: Trick Room|[of] p1a: Stakataka
|
|upkeep
|turn|6
|
|t:|1625281323
|move|p1a: Stakataka|Gyro Ball|p2a: Mudsdale
|-damage|p2a: Mudsdale|77/100
|-ability|p2a: Mudsdale|Stamina|boost
|-boost|p2a: Mudsdale|def|1
|move|p2a: Mudsdale|Earthquake|p1a: Stakataka
|-supereffective|p1a: Stakataka
|-damage|p1a: Stakataka|2/100
|-enditem|p1a: Stakataka|Weakness Policy
|-boost|p1a: Stakataka|atk|2|[from] item: Weakness Policy
|-boost|p1a: Stakataka|spa|2|[from] item: Weakness Policy
|
|-heal|p2a: Mudsdale|83/100|[from] item: Leftovers
|upkeep
|turn|7
|
|t:|1625281329
|move|p1a: Stakataka|Gyro Ball|p2a: Mudsdale
|-damage|p2a: Mudsdale|56/100
|-ability|p2a: Mudsdale|Stamina|boost
|-boost|p2a: Mudsdale|def|1
|move|p2a: Mudsdale|Earthquake|p1a: Stakataka
|-supereffective|p1a: Stakataka
|-damage|p1a: Stakataka|0 fnt
|faint|p1a: Stakataka
|
|-heal|p2a: Mudsdale|62/100|[from] item: Leftovers
|upkeep
|
|t:|1625281336
|switch|p1a: Obstagoon|Obstagoon, F|100/100
|-damage|p1a: Obstagoon|88/100|[from] Stealth Rock
|turn|8
|
|t:|1625281340
|move|p1a: Obstagoon|Obstruct|p1a: Obstagoon
|-singleturn|p1a: Obstagoon|Protect
|move|p2a: Mudsdale|Earthquake|p1a: Obstagoon
|-activate|p1a: Obstagoon|move: Protect
|
|-heal|p2a: Mudsdale|68/100|[from] item: Leftovers
|-status|p1a: Obstagoon|brn|[from] item: Flame Orb
|upkeep
|turn|9
|
|t:|1625281346
|move|p2a: Mudsdale|Earthquake|p1a: Obstagoon
|-damage|p1a: Obstagoon|42/100 brn
|move|p1a: Obstagoon|Facade|p2a: Mudsdale
|-damage|p2a: Mudsdale|42/100
|-ability|p2a: Mudsdale|Stamina|boost
|-boost|p2a: Mudsdale|def|1
|
|-heal|p2a: Mudsdale|48/100|[from] item: Leftovers
|-damage|p1a: Obstagoon|36/100 brn|[from] brn
|-fieldend|move: Trick Room
|upkeep
|turn|10
|
|t:|1625281355
|move|p1a: Obstagoon|Knock Off|p2a: Mudsdale
|-damage|p2a: Mudsdale|34/100
|-ability|p2a: Mudsdale|Stamina|boost
|-boost|p2a: Mudsdale|def|1
|-enditem|p2a: Mudsdale|Leftovers|[from] move: Knock Off|[of] p1a: Obstagoon
|move|p2a: Mudsdale|Smack Down|p1a: Obstagoon
|-damage|p1a: Obstagoon|22/100 brn
|
|-damage|p1a: Obstagoon|16/100 brn|[from] brn
|upkeep
|turn|11
|
|t:|1625281360
|move|p1a: Obstagoon|Facade|p2a: Mudsdale
|-damage|p2a: Mudsdale|18/100
|-ability|p2a: Mudsdale|Stamina|boost
|-boost|p2a: Mudsdale|def|1
|move|p2a: Mudsdale|Earthquake|p1a: Obstagoon
|-damage|p1a: Obstagoon|0 fnt
|faint|p1a: Obstagoon
|
|upkeep
|
|t:|1625281365
|switch|p1a: Darmanitan|Darmanitan, F|100/100
|-damage|p1a: Darmanitan|76/100|[from] Stealth Rock
|turn|12
|
|t:|1625281367
|move|p1a: Darmanitan|Flare Blitz|p2a: Mudsdale
|-damage|p2a: Mudsdale|2/100
|-ability|p2a: Mudsdale|Stamina|boost
|-boost|p2a: Mudsdale|def|1
|-damage|p1a: Darmanitan|70/100|[from] Recoil
|move|p2a: Mudsdale|Earthquake|p1a: Darmanitan
|-supereffective|p1a: Darmanitan
|-damage|p1a: Darmanitan|0 fnt
|faint|p1a: Darmanitan
|
|upkeep
|-message|BattleBlazikenVGC forfeited.
|
|win|literallyfreemoney
|raw|BattleBlazikenVGC's rating: 1207 &rarr; <strong>1191</strong><br />(-16 for losing)
|raw|literallyfreemoney's rating: 1343 &rarr; <strong>1356</strong><br />(+13 for winning)
|l|☆BattleBlazikenVGC
