|j|☆ru3s reqs time
|j|☆ru3s mr solo?
|t:|1601416746
|player|p1|ru3s reqs time|psychicf|1311
|player|p2|ru3s mr solo?|lucas|1439
|teamsize|p1|6
|teamsize|p2|6
|gametype|singles
|gen|8
|tier|[Gen 8] RU
|rated|
|html|<div class="broadcast-blue"><strong>RU is currently suspecting Sigilyph! For information on how to participate check out the <a href="https://www.smogon.com/forums/threads/3671022/">suspect thread</a>.</strong></div>
|clearpoke
|poke|p1|Gigalith, M|
|poke|p1|Slowbro-Galar, F|
|poke|p1|Inteleon, F|
|poke|p1|Scrafty, F|
|poke|p1|Heliolisk, F|
|poke|p1|Silvally-*|
|poke|p2|Golisopod, M|
|poke|p2|Passimian, M|
|poke|p2|Sigilyph, M|
|poke|p2|Copperajah, M|
|poke|p2|Goodra, M|
|poke|p2|Silvally-*|
|rule|Sleep Clause Mod: Limit one foe put to sleep
|rule|Species Clause: Limit one of each Pokémon
|rule|OHKO Clause: OHKO moves are banned
|rule|Evasion Moves Clause: Evasion moves are banned
|rule|Endless Battle Clause: Forcing endless battles is banned
|rule|HP Percentage Mod: HP is shown in percentages
|rule|Dynamax Clause: You cannot dynamax
|teampreview
|j| me weezy n stunna
|l| me weezy n stunna
|
|t:|1601416783
|start
|switch|p1a: Silvally|Silvally-Fairy|100/100
|switch|p2a: Passimian|Passimian, M|100/100
|turn|1
|
|t:|1601416787
|move|p2a: Passimian|U-turn|p1a: Silvally
|-resisted|p1a: Silvally
|-damage|p1a: Silvally|89/100
|
|t:|1601416792
|switch|p2a: Copperajah|Copperajah, M|100/100|[from]move: U-turn
|move|p1a: Silvally|U-turn|p2a: Copperajah
|-resisted|p2a: Copperajah
|-damage|p2a: Copperajah|89/100
|
|t:|1601416802
|switch|p1a: Inteleon|Inteleon, F|100/100|[from]move: U-turn
|
|-heal|p2a: Copperajah|96/100|[from] item: Leftovers
|upkeep
|turn|2
|
|t:|1601416812
|switch|p1a: Slowbro|Slowbro-Galar, F|100/100
|move|p2a: Copperajah|Power Whip|p1a: Slowbro
|-resisted|p1a: Slowbro
|-damage|p1a: Slowbro|86/100
|
|-heal|p2a: Copperajah|100/100|[from] item: Leftovers
|-heal|p1a: Slowbro|92/100|[from] item: Black Sludge
|upkeep
|turn|3
|
|t:|1601416816
|move|p2a: Copperajah|Stealth Rock|p1a: Slowbro
|-sidestart|p1: ru3s reqs time|move: Stealth Rock
|move|p1a: Slowbro|Scald|p2a: Copperajah
|-damage|p2a: Copperajah|80/100
|
|-heal|p2a: Copperajah|86/100|[from] item: Leftovers
|-heal|p1a: Slowbro|98/100|[from] item: Black Sludge
|upkeep
|turn|4
|
|t:|1601416827
|switch|p2a: Sigilyph|Sigilyph, M|100/100
|move|p1a: Slowbro|Scald|p2a: Sigilyph
|-damage|p2a: Sigilyph|73/100
|
|-heal|p1a: Slowbro|100/100|[from] item: Black Sludge
|upkeep
|turn|5
|
|t:|1601416840
|switch|p2a: Copperajah|Copperajah, M|86/100
|switch|p1a: Gigalith|Gigalith, M|100/100
|-damage|p1a: Gigalith|88/100|[from] Stealth Rock
|-weather|Sandstorm|[from] ability: Sand Stream|[of] p1a: Gigalith
|
|-weather|Sandstorm|[upkeep]
|-heal|p2a: Copperajah|93/100|[from] item: Leftovers
|-heal|p1a: Gigalith|94/100|[from] item: Leftovers
|upkeep
|turn|6
|
|t:|1601416857
|move|p2a: Copperajah|Heavy Slam|p1a: Gigalith
|-supereffective|p1a: Gigalith
|-crit|p1a: Gigalith
|-damage|p1a: Gigalith|0 fnt
|faint|p1a: Gigalith
|
|-weather|Sandstorm|[upkeep]
|-heal|p2a: Copperajah|99/100|[from] item: Leftovers
|upkeep
|c|☆ru3s reqs time|...
|c|☆ru3s mr solo?|...
|
|t:|1601416864
|switch|p1a: Heliolisk|Heliolisk, F|100/100
|turn|7
|c|☆ru3s reqs time|Why is ladder so lucky rof
|c|☆ru3s mr solo?|rofl
|
|t:|1601416883
|move|p1a: Heliolisk|Thunderbolt|p2a: Copperajah
|-damage|p2a: Copperajah|48/100
|-status|p2a: Copperajah|par
|move|p2a: Copperajah|Heat Crash|p1a: Heliolisk
|-damage|p1a: Heliolisk|0 fnt
|faint|p1a: Heliolisk
|
|-weather|Sandstorm|[upkeep]
|-heal|p2a: Copperajah|54/100 par|[from] item: Leftovers
|upkeep
|
|t:|1601416885
|switch|p1a: Scrafty|Scrafty, F|100/100
|-damage|p1a: Scrafty|95/100|[from] Stealth Rock
|turn|8
|inactive|Battle timer is ON: inactive players will automatically lose when time's up. (requested by ru3s mr solo?)
|
|t:|1601416893
|switch|p2a: Silvally|Silvally-Fairy|100/100
|move|p1a: Scrafty|Knock Off|p2a: Silvally
|-resisted|p2a: Silvally
|-damage|p2a: Silvally|89/100
|
|-weather|Sandstorm|[upkeep]
|-damage|p2a: Silvally|83/100|[from] Sandstorm
|-damage|p1a: Scrafty|89/100|[from] Sandstorm
|-heal|p1a: Scrafty|95/100|[from] item: Leftovers
|upkeep
|turn|9
|
|t:|1601416898
|switch|p1a: Slowbro|Slowbro-Galar, F|100/100
|-damage|p1a: Slowbro|88/100|[from] Stealth Rock
|move|p2a: Silvally|U-turn|p1a: Slowbro
|-damage|p1a: Slowbro|75/100
|j| lucqq
|
|t:|1601416905
|switch|p2a: Goodra|Goodra, M|100/100|[from]move: U-turn
|
|-weather|none
|-heal|p1a: Slowbro|81/100|[from] item: Black Sludge
|upkeep
|turn|10
|
|t:|1601416910
|switch|p1a: Silvally|Silvally-Fairy|89/100
|-damage|p1a: Silvally|76/100|[from] Stealth Rock
|move|p2a: Goodra|Sludge Wave|p1a: Silvally
|-supereffective|p1a: Silvally
|-damage|p1a: Silvally|0 fnt
|faint|p1a: Silvally
|
|upkeep
|c|☆ru3s mr solo?|why are u
|c|☆ru3s mr solo?|so bad
|c| lucqq|faded q_q
|c|☆ru3s reqs time|Omg I’m so amazing for making a play
|c|☆ru3s reqs time|nice 1
|c|☆ru3s mr solo?|i refuse
|
|t:|1601416932
|switch|p1a: Scrafty|Scrafty, F|95/100
|-damage|p1a: Scrafty|89/100|[from] Stealth Rock
|turn|11
|c|☆ru3s mr solo?|to believe
|c|☆ru3s mr solo?|thats faded
|
|t:|1601416945
|switch|p2a: Passimian|Passimian, M|100/100
|switch|p1a: Slowbro|Slowbro-Galar, F|100/100
|-damage|p1a: Slowbro|88/100|[from] Stealth Rock
|
|-heal|p1a: Slowbro|94/100|[from] item: Black Sludge
|upkeep
|turn|12
|
|t:|1601416954
|move|p2a: Passimian|U-turn|p1a: Slowbro
|-damage|p1a: Slowbro|78/100
|c|☆ru3s mr solo?|if it is then
|c|☆ru3s mr solo?|this goes in ownages
|
|t:|1601416967
|switch|p2a: Sigilyph|Sigilyph, M|73/100|[from]move: U-turn
|move|p1a: Slowbro|Slack Off|p1a: Slowbro
|-heal|p1a: Slowbro|100/100
|
|upkeep
|turn|13
|c|☆ru3s reqs time|Stfu lol why u still talkin
|
|t:|1601416972
|move|p2a: Sigilyph|Psychic|p1a: Slowbro
|-damage|p1a: Slowbro|43/100
|move|p1a: Slowbro|Calm Mind|p1a: Slowbro
|-boost|p1a: Slowbro|spa|1
|-boost|p1a: Slowbro|spd|1
|
|-heal|p1a: Slowbro|49/100|[from] item: Black Sludge
|upkeep
|turn|14
|
|t:|1601416985
|switch|p2a: Copperajah|Copperajah, M|54/100 par
|move|p1a: Slowbro|Slack Off|p1a: Slowbro
|-heal|p1a: Slowbro|99/100
|
|-heal|p1a: Slowbro|100/100|[from] item: Black Sludge
|-heal|p2a: Copperajah|60/100 par|[from] item: Leftovers
|upkeep
|turn|15
|c|☆ru3s mr solo?|ur fuming
|
|t:|1601416997
|move|p1a: Slowbro|Calm Mind|p1a: Slowbro
|-boost|p1a: Slowbro|spa|1
|-boost|p1a: Slowbro|spd|1
|cant|p2a: Copperajah|par
|
|-heal|p2a: Copperajah|67/100 par|[from] item: Leftovers
|upkeep
|turn|16
|
|t:|1601417003
|move|p1a: Slowbro|Scald|p2a: Copperajah
|-damage|p2a: Copperajah|21/100 par
|cant|p2a: Copperajah|par
|
|-heal|p2a: Copperajah|27/100 par|[from] item: Leftovers
|upkeep
|turn|17
|
|t:|1601417012
|move|p1a: Slowbro|Scald|p2a: Copperajah
|-damage|p2a: Copperajah|0 fnt
|faint|p2a: Copperajah
|
|upkeep
|
|t:|1601417015
|switch|p2a: Golisopod|Golisopod, M|100/100
|turn|18
|
|t:|1601417018
|move|p2a: Golisopod|Liquidation|p1a: Slowbro
|-damage|p1a: Slowbro|70/100
|-unboost|p1a: Slowbro|def|1
|move|p1a: Slowbro|Slack Off|p1a: Slowbro
|-heal|p1a: Slowbro|100/100
|
|upkeep
|turn|19
|
|t:|1601417024
|move|p2a: Golisopod|Liquidation|p1a: Slowbro
|-damage|p1a: Slowbro|52/100
|move|p1a: Slowbro|Sludge Bomb|p2a: Golisopod
|-damage|p2a: Golisopod|25/100
|-activate|p2a: Golisopod|ability: Emergency Exit
|
|t:|1601417030
|switch|p2a: Silvally|Silvally-Fairy|83/100
|
|-heal|p1a: Slowbro|58/100|[from] item: Black Sludge
|upkeep
|turn|20
|
|t:|1601417039
|move|p2a: Silvally|U-turn|p1a: Slowbro
|-damage|p1a: Slowbro|39/100
|
|t:|1601417042
|switch|p2a: Golisopod|Golisopod, M|25/100|[from]move: U-turn
|move|p1a: Slowbro|Slack Off|p1a: Slowbro
|-heal|p1a: Slowbro|89/100
|
|-heal|p1a: Slowbro|95/100|[from] item: Black Sludge
|upkeep
|turn|21
|
|t:|1601417067
|move|p2a: Golisopod|First Impression|p1a: Slowbro
|-crit|p1a: Slowbro
|-damage|p1a: Slowbro|16/100
|move|p1a: Slowbro|Slack Off|p1a: Slowbro
|-heal|p1a: Slowbro|66/100
|
|-heal|p1a: Slowbro|72/100|[from] item: Black Sludge
|upkeep
|turn|22
|
|t:|1601417075
|move|p2a: Golisopod|Liquidation|p1a: Slowbro
|-damage|p1a: Slowbro|23/100
|move|p1a: Slowbro|Slack Off|p1a: Slowbro
|-heal|p1a: Slowbro|73/100
|
|-heal|p1a: Slowbro|79/100|[from] item: Black Sludge
|upkeep
|turn|23
|
|t:|1601417078
|move|p2a: Golisopod|Leech Life|p1a: Slowbro
|-damage|p1a: Slowbro|38/100
|-heal|p2a: Golisopod|50/100|[from] drain|[of] p1a: Slowbro
|move|p1a: Slowbro|Slack Off|p1a: Slowbro
|-heal|p1a: Slowbro|88/100
|
|-heal|p1a: Slowbro|94/100|[from] item: Black Sludge
|upkeep
|turn|24
|
|t:|1601417081
|move|p2a: Golisopod|Liquidation|p1a: Slowbro
|-damage|p1a: Slowbro|48/100
|-unboost|p1a: Slowbro|def|1
|move|p1a: Slowbro|Sludge Bomb|p2a: Golisopod
|-damage|p2a: Golisopod|0 fnt
|faint|p2a: Golisopod
|
|-heal|p1a: Slowbro|54/100|[from] item: Black Sludge
|upkeep
|
|t:|1601417089
|switch|p2a: Silvally|Silvally-Fairy|83/100
|turn|25
|
|t:|1601417099
|switch|p1a: Inteleon|Inteleon, F|100/100
|-damage|p1a: Inteleon|88/100|[from] Stealth Rock
|move|p2a: Silvally|Multi-Attack|p1a: Inteleon
|-damage|p1a: Inteleon|0 fnt
|faint|p1a: Inteleon
|
|upkeep
|
|t:|1601417101
|switch|p1a: Slowbro|Slowbro-Galar, F|88/100
|-damage|p1a: Slowbro|75/100|[from] Stealth Rock
|turn|26
|
|t:|1601417111
|move|p2a: Silvally|U-turn|p1a: Slowbro
|-damage|p1a: Slowbro|63/100
|
|t:|1601417116
|switch|p2a: Goodra|Goodra, M|100/100|[from]move: U-turn
|move|p1a: Slowbro|Slack Off|p1a: Slowbro
|-heal|p1a: Slowbro|100/100
|
|upkeep
|turn|27
|
|t:|1601417126
|switch|p1a: Scrafty|Scrafty, F|89/100
|-damage|p1a: Scrafty|83/100|[from] Stealth Rock
|move|p2a: Goodra|Draco Meteor|p1a: Scrafty
|-damage|p1a: Scrafty|21/100
|-unboost|p2a: Goodra|spa|2
|
|-heal|p1a: Scrafty|27/100|[from] item: Leftovers
|upkeep
|turn|28
|j| Oathkeepre
|
|t:|1601417139
|switch|p2a: Sigilyph|Sigilyph, M|73/100
|switch|p1a: Slowbro|Slowbro-Galar, F|100/100
|-damage|p1a: Slowbro|88/100|[from] Stealth Rock
|
|-heal|p1a: Slowbro|94/100|[from] item: Black Sludge
|upkeep
|turn|29
|
|t:|1601417154
|move|p2a: Sigilyph|Psychic|p1a: Slowbro
|-damage|p1a: Slowbro|29/100
|move|p1a: Slowbro|Calm Mind|p1a: Slowbro
|-boost|p1a: Slowbro|spa|1
|-boost|p1a: Slowbro|spd|1
|
|-heal|p1a: Slowbro|35/100|[from] item: Black Sludge
|upkeep
|turn|30
|
|t:|1601417158
|switch|p1a: Scrafty|Scrafty, F|27/100
|-damage|p1a: Scrafty|21/100|[from] Stealth Rock
|move|p2a: Sigilyph|Psychic|p1a: Scrafty
|-immune|p1a: Scrafty
|
|-heal|p1a: Scrafty|27/100|[from] item: Leftovers
|upkeep
|turn|31
|
|t:|1601417167
|move|p2a: Sigilyph|Heat Wave|p1a: Scrafty
|-damage|p1a: Scrafty|0 fnt
|faint|p1a: Scrafty
|
|upkeep
|
|t:|1601417169
|switch|p1a: Slowbro|Slowbro-Galar, F|68/100
|-damage|p1a: Slowbro|56/100|[from] Stealth Rock
|turn|32
|c|☆ru3s mr solo?|thanks for the points
|c| Oathkeepre|c'mon Solonor
|c|☆ru3s reqs time|I have enough decency to say tg
|c|☆ru3s reqs time|gg
|c|☆ru3s reqs time|so
|c|☆ru3s reqs time|gg
|c| Oathkeepre|that's mean lol
|
|t:|1601417187
|move|p2a: Sigilyph|Psychic|p1a: Slowbro
|-damage|p1a: Slowbro|0 fnt
|faint|p1a: Slowbro
|
|win|ru3s mr solo?
|c|☆ru3s mr solo?|bg
|j|+ShinyAzelf
|l|☆ru3s reqs time
|raw|ru3s reqs time's rating: 1290 &rarr; <strong>1275</strong><br />(-15 for losing)
|raw|ru3s mr solo?'s rating: 1439 &rarr; <strong>1450</strong><br />(+11 for winning)
|l| Oathkeepre
|l|☆ru3s mr solo?
