|j|☆polar_geass
|j|☆Shrimpower2
|t:|1613232830
|player|p1|polar_geass|skyla|1403
|player|p2|Shrimpower2|266|1405
|teamsize|p1|6
|teamsize|p2|6
|gametype|singles
|gen|8
|tier|[Gen 8] RU
|rated|
|clearpoke
|poke|p1|Zygarde-10%|
|poke|p1|Magnezone|
|poke|p1|Seismitoad, F|
|poke|p1|Hitmontop, M|
|poke|p1|Noivern, M|
|poke|p1|Rotom-Mow|
|poke|p2|Cloyster, F|
|poke|p2|Porygon2|
|poke|p2|Mimikyu, M|
|poke|p2|Incineroar, M|
|poke|p2|Xurkitree|
|poke|p2|Whimsicott, M|
|rule|Sleep Clause Mod: Limit one foe put to sleep
|rule|Species Clause: Limit one of each Pokémon
|rule|OHKO Clause: OHKO moves are banned
|rule|Evasion Moves Clause: Evasion moves are banned
|rule|Endless Battle Clause: Forcing endless battles is banned
|rule|HP Percentage Mod: HP is shown in percentages
|rule|Dynamax Clause: You cannot dynamax
|teampreview
|
|t:|1613232849
|start
|switch|p1a: Rotom|Rotom-Mow|100/100
|switch|p2a: Incineroar|Incineroar, M|100/100
|-ability|p2a: Incineroar|Intimidate|boost
|-unboost|p1a: Rotom|atk|1
|turn|1
|
|t:|1613232858
|move|p2a: Incineroar|Fake Out|p1a: Rotom
|-damage|p1a: Rotom|83/100
|cant|p1a: Rotom|flinch
|
|upkeep
|turn|2
|
|t:|1613232863
|move|p1a: Rotom|Volt Switch|p2a: Incineroar
|-damage|p2a: Incineroar|71/100
|
|t:|1613232867
|switch|p1a: Seismitoad|Seismitoad, F|100/100|[from]move: Volt Switch
|move|p2a: Incineroar|Parting Shot|p1a: Seismitoad
|-unboost|p1a: Seismitoad|atk|1
|-unboost|p1a: Seismitoad|spa|1
|
|t:|1613232870
|switch|p2a: Whimsicott|Whimsicott, M|100/100|[from]move: Parting Shot
|
|upkeep
|turn|3
|
|t:|1613232878
|switch|p1a: Magnezone|Magnezone|100/100
|move|p2a: Whimsicott|Substitute|p2a: Whimsicott
|-start|p2a: Whimsicott|Substitute
|-damage|p2a: Whimsicott|76/100
|
|-heal|p2a: Whimsicott|82/100|[from] item: Leftovers
|upkeep
|turn|4
|
|t:|1613232886
|move|p2a: Whimsicott|Leech Seed|p1a: Magnezone
|-start|p1a: Magnezone|move: Leech Seed
|move|p1a: Magnezone|Flash Cannon|p2a: Whimsicott
|-supereffective|p2a: Whimsicott
|-end|p2a: Whimsicott|Substitute
|
|-heal|p2a: Whimsicott|88/100|[from] item: Leftovers
|-damage|p1a: Magnezone|88/100|[from] Leech Seed|[of] p2a: Whimsicott
|-heal|p2a: Whimsicott|99/100|[silent]
|upkeep
|turn|5
|
|t:|1613232900
|switch|p1a: Rotom|Rotom-Mow|83/100
|move|p2a: Whimsicott|Substitute|p2a: Whimsicott
|-start|p2a: Whimsicott|Substitute
|-damage|p2a: Whimsicott|74/100
|
|-heal|p2a: Whimsicott|80/100|[from] item: Leftovers
|upkeep
|turn|6
|
|t:|1613232908
|move|p1a: Rotom|Volt Switch|p2a: Whimsicott
|-resisted|p2a: Whimsicott
|-activate|p2a: Whimsicott|move: Substitute|[damage]
|
|t:|1613232912
|switch|p1a: Magnezone|Magnezone|88/100|[from]move: Volt Switch
|move|p2a: Whimsicott|Giga Drain|p1a: Magnezone
|-resisted|p1a: Magnezone
|-damage|p1a: Magnezone|75/100
|-heal|p2a: Whimsicott|86/100|[from] drain|[of] p1a: Magnezone
|
|-heal|p2a: Whimsicott|92/100|[from] item: Leftovers
|upkeep
|turn|7
|
|t:|1613232922
|move|p2a: Whimsicott|Leech Seed|p1a: Magnezone
|-start|p1a: Magnezone|move: Leech Seed
|move|p1a: Magnezone|Volt Switch|p2a: Whimsicott
|-resisted|p2a: Whimsicott
|-end|p2a: Whimsicott|Substitute
|
|t:|1613232935
|switch|p1a: Rotom|Rotom-Mow|83/100|[from]move: Volt Switch
|
|-heal|p2a: Whimsicott|98/100|[from] item: Leftovers
|upkeep
|turn|8
|
|t:|1613232945
|move|p2a: Whimsicott|Substitute|p2a: Whimsicott
|-start|p2a: Whimsicott|Substitute
|-damage|p2a: Whimsicott|74/100
|move|p1a: Rotom|Volt Switch|p2a: Whimsicott
|-resisted|p2a: Whimsicott
|-activate|p2a: Whimsicott|move: Substitute|[damage]
|
|t:|1613232952
|switch|p1a: Magnezone|Magnezone|75/100|[from]move: Volt Switch
|
|-heal|p2a: Whimsicott|80/100|[from] item: Leftovers
|upkeep
|turn|9
|
|t:|1613232963
|move|p2a: Whimsicott|Giga Drain|p1a: Magnezone
|-resisted|p1a: Magnezone
|-damage|p1a: Magnezone|60/100
|-heal|p2a: Whimsicott|86/100|[from] drain|[of] p1a: Magnezone
|move|p1a: Magnezone|Volt Switch|p2a: Whimsicott
|-resisted|p2a: Whimsicott
|-end|p2a: Whimsicott|Substitute
|
|t:|1613232978
|switch|p1a: Noivern|Noivern, M|100/100|[from]move: Volt Switch
|
|-heal|p2a: Whimsicott|92/100|[from] item: Leftovers
|upkeep
|turn|10
|
|t:|1613232984
|switch|p2a: Porygon2|Porygon2|100/100
|-ability|p2a: Porygon2|Infiltrator|[from] ability: Trace|[of] p1a: Noivern
|move|p1a: Noivern|Flamethrower|p2a: Porygon2
|-damage|p2a: Porygon2|88/100
|
|upkeep
|turn|11
|
|t:|1613232992
|move|p1a: Noivern|U-turn|p2a: Porygon2
|-damage|p2a: Porygon2|82/100
|
|t:|1613232996
|switch|p1a: Seismitoad|Seismitoad, F|100/100|[from]move: U-turn
|move|p2a: Porygon2|Ice Beam|p1a: Seismitoad
|-damage|p1a: Seismitoad|78/100
|
|-heal|p1a: Seismitoad|84/100|[from] item: Leftovers
|upkeep
|turn|12
|
|t:|1613233007
|move|p1a: Seismitoad|Knock Off|p2a: Porygon2
|-damage|p2a: Porygon2|67/100
|-enditem|p2a: Porygon2|Eviolite|[from] move: Knock Off|[of] p1a: Seismitoad
|move|p2a: Porygon2|Toxic|p1a: Seismitoad
|-status|p1a: Seismitoad|tox
|
|-heal|p1a: Seismitoad|90/100 tox|[from] item: Leftovers
|-damage|p1a: Seismitoad|84/100 tox|[from] psn
|upkeep
|turn|13
|
|t:|1613233017
|switch|p2a: Whimsicott|Whimsicott, M|92/100
|move|p1a: Seismitoad|Stealth Rock|p2a: Whimsicott
|-sidestart|p2: Shrimpower2|move: Stealth Rock
|
|-heal|p2a: Whimsicott|99/100|[from] item: Leftovers
|-heal|p1a: Seismitoad|90/100 tox|[from] item: Leftovers
|-damage|p1a: Seismitoad|78/100 tox|[from] psn
|upkeep
|turn|14
|
|t:|1613233026
|switch|p1a: Magnezone|Magnezone|60/100
|move|p2a: Whimsicott|Defog|p1a: Magnezone
|-unboost|p1a: Magnezone|evasion|1
|-sideend|p2: Shrimpower2|Stealth Rock|[from] move: Defog|[of] p2a: Whimsicott
|
|-heal|p2a: Whimsicott|100/100|[from] item: Leftovers
|upkeep
|turn|15
|
|t:|1613233041
|switch|p2a: Porygon2|Porygon2|67/100
|-ability|p2a: Porygon2|Analytic|[from] ability: Trace|[of] p1a: Magnezone
|move|p1a: Magnezone|Volt Switch|p2a: Porygon2
|-damage|p2a: Porygon2|13/100
|
|t:|1613233049
|switch|p1a: Hitmontop|Hitmontop, M|100/100|[from]move: Volt Switch
|
|upkeep
|turn|16
|
|t:|1613233054
|move|p1a: Hitmontop|Triple Axel|p2a: Porygon2|[miss]
|-miss|p1a: Hitmontop|p2a: Porygon2
|move|p2a: Porygon2|Toxic|p1a: Hitmontop
|-status|p1a: Hitmontop|tox
|
|-damage|p1a: Hitmontop|95/100 tox|[from] psn
|upkeep
|turn|17
|
|t:|1613233067
|move|p1a: Hitmontop|Triple Axel|p2a: Porygon2
|-damage|p2a: Porygon2|4/100
|-crit|p2a: Porygon2
|-damage|p2a: Porygon2|0 fnt
|-hitcount|p2a: Porygon2|2
|faint|p2a: Porygon2
|
|-heal|p1a: Hitmontop|100/100 tox|[from] item: Leftovers
|-damage|p1a: Hitmontop|89/100 tox|[from] psn
|upkeep
|
|t:|1613233085
|switch|p2a: Mimikyu|Mimikyu, M|100/100
|turn|18
|
|t:|1613233092
|switch|p1a: Rotom|Rotom-Mow|83/100
|move|p2a: Mimikyu|Play Rough|p1a: Rotom
|-crit|p1a: Rotom
|-damage|p1a: Rotom|0 fnt
|-damage|p2a: Mimikyu|91/100|[from] item: Life Orb
|faint|p1a: Rotom
|
|upkeep
|
|t:|1613233110
|switch|p1a: Seismitoad|Seismitoad, F|78/100 tox
|turn|19
|
|t:|1613233122
|move|p2a: Mimikyu|Swords Dance|p2a: Mimikyu
|-boost|p2a: Mimikyu|atk|2
|move|p1a: Seismitoad|Knock Off|p2a: Mimikyu
|-activate|p2a: Mimikyu|ability: Disguise
|-damage|p2a: Mimikyu|91/100
|-enditem|p2a: Mimikyu|Life Orb|[from] move: Knock Off|[of] p1a: Seismitoad
|detailschange|p2a: Mimikyu|Mimikyu-Busted, M
|-damage|p2a: Mimikyu|78/100|[from] pokemon: Mimikyu-Busted
|
|-heal|p1a: Seismitoad|84/100 tox|[from] item: Leftovers
|-damage|p1a: Seismitoad|78/100 tox|[from] psn
|upkeep
|turn|20
|
|t:|1613233134
|move|p2a: Mimikyu|Play Rough|p1a: Seismitoad
|-damage|p1a: Seismitoad|28/100 tox
|move|p1a: Seismitoad|Earthquake|p2a: Mimikyu
|-damage|p2a: Mimikyu|24/100
|
|-heal|p1a: Seismitoad|34/100 tox|[from] item: Leftovers
|-damage|p1a: Seismitoad|22/100 tox|[from] psn
|upkeep
|turn|21
|
|t:|1613233145
|move|p2a: Mimikyu|Play Rough|p1a: Seismitoad
|-damage|p1a: Seismitoad|0 fnt
|faint|p1a: Seismitoad
|
|upkeep
|
|t:|1613233152
|switch|p1a: Noivern|Noivern, M|100/100
|turn|22
|
|t:|1613233156
|move|p2a: Mimikyu|Shadow Sneak|p1a: Noivern
|-damage|p1a: Noivern|56/100
|move|p1a: Noivern|Flamethrower|p2a: Mimikyu
|-damage|p2a: Mimikyu|0 fnt
|faint|p2a: Mimikyu
|
|upkeep
|
|t:|1613233163
|switch|p2a: Incineroar|Incineroar, M|71/100
|-ability|p2a: Incineroar|Intimidate|boost
|-unboost|p1a: Noivern|atk|1
|turn|23
|
|t:|1613233179
|move|p2a: Incineroar|Fake Out|p1a: Noivern
|-damage|p1a: Noivern|37/100
|cant|p1a: Noivern|flinch
|
|upkeep
|turn|24
|
|t:|1613233185
|move|p1a: Noivern|Roost|p1a: Noivern
|-heal|p1a: Noivern|88/100
|-singleturn|p1a: Noivern|move: Roost
|move|p2a: Incineroar|Flare Blitz|p1a: Noivern
|-resisted|p1a: Noivern
|-damage|p1a: Noivern|50/100
|-damage|p2a: Incineroar|61/100|[from] Recoil
|
|upkeep
|turn|25
|
|t:|1613233195
|move|p1a: Noivern|Draco Meteor|p2a: Incineroar
|-crit|p2a: Incineroar
|-damage|p2a: Incineroar|0 fnt
|-unboost|p1a: Noivern|spa|2
|faint|p2a: Incineroar
|
|upkeep
|
|t:|1613233204
|switch|p2a: Xurkitree|Xurkitree|100/100
|turn|26
|
|t:|1613233215
|switch|p1a: Zygarde|Zygarde-10%|100/100
|-ability|p1a: Zygarde|Aura Break
|move|p2a: Xurkitree|Dazzling Gleam|p1a: Zygarde
|-supereffective|p1a: Zygarde
|-damage|p1a: Zygarde|0 fnt
|faint|p1a: Zygarde
|-ability|p2a: Xurkitree|Beast Boost|boost
|-boost|p2a: Xurkitree|spa|1
|
|upkeep
|
|t:|1613233228
|switch|p1a: Magnezone|Magnezone|60/100
|turn|27
|
|t:|1613233233
|switch|p2a: Whimsicott|Whimsicott, M|100/100
|move|p1a: Magnezone|Flash Cannon|p2a: Whimsicott
|-supereffective|p2a: Whimsicott
|-damage|p2a: Whimsicott|0 fnt
|faint|p2a: Whimsicott
|
|upkeep
|
|t:|1613233252
|switch|p2a: Xurkitree|Xurkitree|100/100
|turn|28
|
|t:|1613233257
|move|p2a: Xurkitree|Thunderbolt|p1a: Magnezone
|-resisted|p1a: Magnezone
|-damage|p1a: Magnezone|20/100
|move|p1a: Magnezone|Flash Cannon|p2a: Xurkitree
|-resisted|p2a: Xurkitree
|-damage|p2a: Xurkitree|30/100
|
|upkeep
|turn|29
|
|t:|1613233271
|move|p2a: Xurkitree|Thunderbolt|p1a: Magnezone
|-resisted|p1a: Magnezone
|-damage|p1a: Magnezone|0 fnt
|faint|p1a: Magnezone
|-ability|p2a: Xurkitree|Beast Boost|boost
|-boost|p2a: Xurkitree|spa|1
|
|upkeep
|
|t:|1613233280
|switch|p1a: Noivern|Noivern, M|50/100
|turn|30
|
|t:|1613233292
|move|p2a: Xurkitree|Thunderbolt|p1a: Noivern
|-damage|p1a: Noivern|0 fnt
|faint|p1a: Noivern
|-ability|p2a: Xurkitree|Beast Boost|boost
|-boost|p2a: Xurkitree|spa|1
|
|upkeep
|
|t:|1613233299
|switch|p1a: Hitmontop|Hitmontop, M|89/100 tox
|turn|31
|
|t:|1613233303
|move|p1a: Hitmontop|Fake Out|p2a: Xurkitree
|-damage|p2a: Xurkitree|0 fnt
|faint|p2a: Xurkitree
|
|-heal|p1a: Hitmontop|95/100 tox|[from] item: Leftovers
|-damage|p1a: Hitmontop|89/100 tox|[from] psn
|upkeep
|
|t:|1613233308
|switch|p2a: Cloyster|Cloyster, F|100/100
|turn|32
|
|t:|1613233317
|move|p1a: Hitmontop|Mach Punch|p2a: Cloyster
|-supereffective|p2a: Cloyster
|-damage|p2a: Cloyster|51/100
|move|p2a: Cloyster|Icicle Spear|p1a: Hitmontop
|-crit|p1a: Hitmontop
|-damage|p1a: Hitmontop|68/100 tox
|-damage|p1a: Hitmontop|55/100 tox
|-damage|p1a: Hitmontop|41/100 tox
|-damage|p1a: Hitmontop|28/100 tox
|-damage|p1a: Hitmontop|13/100 tox
|-hitcount|p1a: Hitmontop|5
|
|-heal|p1a: Hitmontop|19/100 tox|[from] item: Leftovers
|-damage|p1a: Hitmontop|7/100 tox|[from] psn
|upkeep
|turn|33
|
|t:|1613233331
|move|p1a: Hitmontop|Mach Punch|p2a: Cloyster
|-supereffective|p2a: Cloyster
|-damage|p2a: Cloyster|3/100
|move|p2a: Cloyster|Icicle Spear|p1a: Hitmontop
|-damage|p1a: Hitmontop|0 fnt
|-hitcount|p1a: Hitmontop|1
|faint|p1a: Hitmontop
|
|win|Shrimpower2
|l|☆Shrimpower2
