|j|☆ready for the lose
|j|☆OG Krook
|t:|1624056407
|gametype|singles
|player|p1|ready for the lose|101|1148
|player|p2|OG Krook|265|1131
|teamsize|p1|6
|teamsize|p2|6
|gen|8
|tier|[Gen 8] RU
|rated|
|rule|Sleep Clause Mod: Limit one foe put to sleep
|rule|Species Clause: Limit one of each Pokémon
|rule|OHKO Clause: OHKO moves are banned
|rule|Evasion Moves Clause: Evasion moves are banned
|rule|Endless Battle Clause: Forcing endless battles is banned
|rule|HP Percentage Mod: HP is shown in percentages
|rule|Dynamax Clause: You cannot dynamax
|clearpoke
|poke|p1|Volcanion|
|poke|p1|Zarude|
|poke|p1|Toxtricity, M|
|poke|p1|Regidrago|
|poke|p1|Stakataka|
|poke|p1|Sharpedo, F|
|poke|p2|Metagross|
|poke|p2|Pangoro, M|
|poke|p2|Durant, M|
|poke|p2|Reuniclus, M|
|poke|p2|Starmie|
|poke|p2|Umbreon, F|
|teampreview
|inactive|Battle timer is ON: inactive players will automatically lose when time's up. (requested by OG Krook)
|inactive|ready for the lose has 120 seconds left.
|
|t:|1624056440
|start
|switch|p1a: Zarude|Zarude|100/100
|switch|p2a: Metagross|Metagross, shiny|100/100
|turn|1
|c|☆ready for the lose|im the best
|c|☆ready for the lose|are you ready for the lose?
|
|t:|1624056451
|move|p1a: Zarude|Darkest Lariat|p2a: Metagross
|-supereffective|p2a: Metagross
|-damage|p2a: Metagross|38/100
|move|p2a: Metagross|Stealth Rock|p1a: Zarude
|-sidestart|p1: ready for the lose|move: Stealth Rock
|
|-heal|p2a: Metagross|44/100|[from] item: Leftovers
|upkeep
|turn|2
|
|t:|1624056461
|switch|p2a: Pangoro|Pangoro, M|100/100
|move|p1a: Zarude|Darkest Lariat|p2a: Pangoro
|-resisted|p2a: Pangoro
|-damage|p2a: Pangoro|86/100
|
|upkeep
|turn|3
|inactive|ready for the lose has 120 seconds left.
|inactive|ready for the lose has 90 seconds left.
|
|t:|1624056525
|switch|p1a: Regidrago|Regidrago|100/100
|-damage|p1a: Regidrago|88/100|[from] Stealth Rock
|move|p2a: Pangoro|Bullet Punch|p1a: Regidrago
|-damage|p1a: Regidrago|66/100
|
|-heal|p1a: Regidrago|72/100|[from] item: Leftovers
|upkeep
|turn|4
|c|☆OG Krook|For someone who’s “the best” your team is full of nieches
|
|t:|1624056540
|switch|p2a: Starmie|Starmie|100/100
|move|p1a: Regidrago|Outrage|p2a: Starmie
|-damage|p2a: Starmie|0 fnt
|faint|p2a: Starmie
|
|-heal|p1a: Regidrago|78/100|[from] item: Leftovers
|upkeep
|
|t:|1624056550
|switch|p2a: Durant|Durant, M, shiny|100/100
|turn|5
|c|☆ready for the lose|what is nieches
|
|t:|1624056557
|move|p2a: Durant|First Impression|p1a: Regidrago
|-damage|p1a: Regidrago|0 fnt
|faint|p1a: Regidrago
|-damage|p2a: Durant|91/100|[from] item: Life Orb
|
|upkeep
|
|t:|1624056560
|switch|p1a: Volcanion|Volcanion|100/100
|turn|6
|
|t:|1624056569
|switch|p2a: Umbreon|Umbreon, F, shiny|100/100
|move|p1a: Volcanion|Defog|p2a: Umbreon
|-unboost|p2a: Umbreon|evasion|1
|-sideend|p1: ready for the lose|Stealth Rock|[from] move: Defog|[of] p1a: Volcanion
|
|upkeep
|turn|7
|inactive|ready for the lose has 120 seconds left.
|
|t:|1624056600
|switch|p1a: Stakataka|Stakataka|100/100
|move|p2a: Umbreon|Protect||[still]
|-fail|p2a: Umbreon
|
|upkeep
|turn|8
|c|☆ready for the lose|im too good for you
|c|☆ready for the lose|i told u
|
|t:|1624056621
|move|p2a: Umbreon|Wish|p2a: Umbreon
|move|p1a: Stakataka|Stealth Rock|p2a: Umbreon
|-sidestart|p2: OG Krook|move: Stealth Rock
|
|upkeep
|turn|9
|
|t:|1624056637
|move|p2a: Umbreon|Foul Play|p1a: Stakataka
|-damage|p1a: Stakataka|77/100
|move|p1a: Stakataka|Body Press|p2a: Umbreon
|-supereffective|p2a: Umbreon
|-damage|p2a: Umbreon|60/100
|
|-heal|p2a: Umbreon|100/100|[from] move: Wish|[wisher] Umbreon
|-heal|p1a: Stakataka|83/100|[from] item: Leftovers
|upkeep
|turn|10
|
|t:|1624056649
|move|p2a: Umbreon|Wish|p2a: Umbreon
|move|p1a: Stakataka|Body Press|p2a: Umbreon
|-supereffective|p2a: Umbreon
|-damage|p2a: Umbreon|60/100
|
|-heal|p2a: Umbreon|66/100|[from] item: Leftovers
|-heal|p1a: Stakataka|89/100|[from] item: Leftovers
|upkeep
|turn|11
|
|t:|1624056669
|switch|p2a: Metagross|Metagross, shiny|44/100
|-damage|p2a: Metagross|38/100|[from] Stealth Rock
|move|p1a: Stakataka|Body Press|p2a: Metagross
|-damage|p2a: Metagross|13/100
|
|-heal|p2a: Metagross|67/100|[from] move: Wish|[wisher] Umbreon
|-heal|p2a: Metagross|73/100|[from] item: Leftovers
|-heal|p1a: Stakataka|96/100|[from] item: Leftovers
|upkeep
|turn|12
|
|t:|1624056676
|switch|p1a: Volcanion|Volcanion|100/100
|move|p2a: Metagross|Earthquake|p1a: Volcanion
|-supereffective|p1a: Volcanion
|-damage|p1a: Volcanion|29/100
|
|-heal|p2a: Metagross|79/100|[from] item: Leftovers
|upkeep
|turn|13
|
|t:|1624056685
|move|p1a: Volcanion|Flamethrower|p2a: Metagross
|-supereffective|p2a: Metagross
|-damage|p2a: Metagross|3/100
|move|p2a: Metagross|Earthquake|p1a: Volcanion
|-supereffective|p1a: Volcanion
|-damage|p1a: Volcanion|0 fnt
|faint|p1a: Volcanion
|
|-heal|p2a: Metagross|9/100|[from] item: Leftovers
|upkeep
|
|t:|1624056705
|switch|p1a: Zarude|Zarude|100/100
|turn|14
|
|t:|1624056710
|switch|p2a: Pangoro|Pangoro, M|86/100
|-damage|p2a: Pangoro|80/100|[from] Stealth Rock
|move|p1a: Zarude|U-turn|p2a: Pangoro
|-damage|p2a: Pangoro|52/100
|
|t:|1624056715
|switch|p1a: Toxtricity|Toxtricity, M|100/100|[from]move: U-turn
|
|upkeep
|turn|15
|
|t:|1624056721
|move|p1a: Toxtricity|Overdrive|p2a: Pangoro
|-damage|p2a: Pangoro|0 fnt
|faint|p2a: Pangoro
|
|upkeep
|
|t:|1624056726
|switch|p2a: Reuniclus|Reuniclus, M|100/100
|turn|16
|
|t:|1624056732
|switch|p1a: Zarude|Zarude|100/100
|move|p2a: Reuniclus|Calm Mind|p2a: Reuniclus
|-boost|p2a: Reuniclus|spa|1
|-boost|p2a: Reuniclus|spd|1
|
|upkeep
|turn|17
|
|t:|1624056740
|move|p1a: Zarude|Darkest Lariat|p2a: Reuniclus
|-supereffective|p2a: Reuniclus
|-damage|p2a: Reuniclus|45/100
|move|p2a: Reuniclus|Focus Blast|p1a: Zarude|[miss]
|-miss|p2a: Reuniclus|p1a: Zarude
|
|-heal|p2a: Reuniclus|51/100|[from] item: Leftovers
|upkeep
|turn|18
|c|☆ready for the lose|im insane
|c|☆ready for the lose|xd
|c|☆ready for the lose|omg
|
|t:|1624056753
|switch|p2a: Umbreon|Umbreon, F, shiny|66/100
|-damage|p2a: Umbreon|54/100|[from] Stealth Rock
|move|p1a: Zarude|Darkest Lariat|p2a: Umbreon
|-resisted|p2a: Umbreon
|-damage|p2a: Umbreon|41/100
|
|-heal|p2a: Umbreon|47/100|[from] item: Leftovers
|upkeep
|turn|19
|
|t:|1624056757
|switch|p1a: Stakataka|Stakataka|96/100
|move|p2a: Umbreon|Protect||[still]
|-fail|p2a: Umbreon
|
|-heal|p2a: Umbreon|53/100|[from] item: Leftovers
|-heal|p1a: Stakataka|100/100|[from] item: Leftovers
|upkeep
|turn|20
|
|t:|1624056763
|move|p2a: Umbreon|Wish|p2a: Umbreon
|move|p1a: Stakataka|Toxic|p2a: Umbreon
|-status|p2a: Umbreon|tox
|-activate|p2a: Umbreon|ability: Synchronize
|-immune|p1a: Stakataka
|
|-heal|p2a: Umbreon|59/100 tox|[from] item: Leftovers
|-damage|p2a: Umbreon|53/100 tox|[from] psn
|upkeep
|turn|21
|
|t:|1624056770
|move|p2a: Umbreon|Protect|p2a: Umbreon
|-singleturn|p2a: Umbreon|Protect
|move|p1a: Stakataka|Body Press|p2a: Umbreon
|-activate|p2a: Umbreon|move: Protect
|
|-heal|p2a: Umbreon|100/100 tox|[from] move: Wish|[wisher] Umbreon
|-damage|p2a: Umbreon|88/100 tox|[from] psn
|upkeep
|turn|22
|
|t:|1624056778
|move|p2a: Umbreon|Heal Bell|p2a: Umbreon
|-activate|p2a: Umbreon|move: Heal Bell
|-curestatus|p2a: Umbreon|tox|[msg]
|move|p1a: Stakataka|Body Press|p2a: Umbreon
|-supereffective|p2a: Umbreon
|-damage|p2a: Umbreon|42/100
|
|-heal|p2a: Umbreon|48/100|[from] item: Leftovers
|upkeep
|turn|23
|
|t:|1624056791
|move|p2a: Umbreon|Protect|p2a: Umbreon
|-singleturn|p2a: Umbreon|Protect
|move|p1a: Stakataka|Body Press|p2a: Umbreon
|-activate|p2a: Umbreon|move: Protect
|
|-heal|p2a: Umbreon|54/100|[from] item: Leftovers
|upkeep
|turn|24
|
|t:|1624056802
|move|p2a: Umbreon|Wish|p2a: Umbreon
|move|p1a: Stakataka|Body Press|p2a: Umbreon
|-supereffective|p2a: Umbreon
|-damage|p2a: Umbreon|10/100
|
|-heal|p2a: Umbreon|16/100|[from] item: Leftovers
|upkeep
|turn|25
|
|t:|1624056809
|move|p2a: Umbreon|Protect|p2a: Umbreon
|-singleturn|p2a: Umbreon|Protect
|move|p1a: Stakataka|Toxic|p2a: Umbreon
|-activate|p2a: Umbreon|move: Protect
|
|-heal|p2a: Umbreon|66/100|[from] move: Wish|[wisher] Umbreon
|-heal|p2a: Umbreon|72/100|[from] item: Leftovers
|upkeep
|turn|26
|
|t:|1624056818
|move|p2a: Umbreon|Wish|p2a: Umbreon
|move|p1a: Stakataka|Body Press|p2a: Umbreon
|-supereffective|p2a: Umbreon
|-damage|p2a: Umbreon|30/100
|
|-heal|p2a: Umbreon|36/100|[from] item: Leftovers
|upkeep
|turn|27
|
|t:|1624056823
|move|p2a: Umbreon|Protect|p2a: Umbreon
|-singleturn|p2a: Umbreon|Protect
|move|p1a: Stakataka|Toxic|p2a: Umbreon
|-activate|p2a: Umbreon|move: Protect
|
|-heal|p2a: Umbreon|86/100|[from] move: Wish|[wisher] Umbreon
|-heal|p2a: Umbreon|92/100|[from] item: Leftovers
|upkeep
|turn|28
|
|t:|1624056828
|move|p2a: Umbreon|Wish|p2a: Umbreon
|move|p1a: Stakataka|Toxic|p2a: Umbreon|[miss]
|-miss|p1a: Stakataka|p2a: Umbreon
|
|-heal|p2a: Umbreon|98/100|[from] item: Leftovers
|upkeep
|turn|29
|
|t:|1624056835
|switch|p2a: Reuniclus|Reuniclus, M|51/100
|move|p1a: Stakataka|Gyro Ball|p2a: Reuniclus
|-damage|p2a: Reuniclus|26/100
|
|-heal|p2a: Reuniclus|73/100|[from] move: Wish|[wisher] Umbreon
|-heal|p2a: Reuniclus|79/100|[from] item: Leftovers
|upkeep
|turn|30
|
|t:|1624056845
|switch|p1a: Zarude|Zarude|100/100
|move|p2a: Reuniclus|Recover|p2a: Reuniclus
|-heal|p2a: Reuniclus|100/100
|
|upkeep
|turn|31
|
|t:|1624056851
|move|p1a: Zarude|U-turn|p2a: Reuniclus
|-supereffective|p2a: Reuniclus
|-damage|p2a: Reuniclus|69/100
|
|t:|1624056853
|switch|p1a: Toxtricity|Toxtricity, M|100/100|[from]move: U-turn
|move|p2a: Reuniclus|Focus Blast|p1a: Toxtricity
|-resisted|p1a: Toxtricity
|-damage|p1a: Toxtricity|74/100
|
|-heal|p2a: Reuniclus|75/100|[from] item: Leftovers
|upkeep
|turn|32
|
|t:|1624056871
|move|p1a: Toxtricity|Volt Switch|p2a: Reuniclus
|-damage|p2a: Reuniclus|30/100
|
|t:|1624056872
|switch|p1a: Zarude|Zarude|100/100|[from]move: Volt Switch
|move|p2a: Reuniclus|Calm Mind|p2a: Reuniclus
|-boost|p2a: Reuniclus|spa|1
|-boost|p2a: Reuniclus|spd|1
|
|-heal|p2a: Reuniclus|36/100|[from] item: Leftovers
|upkeep
|turn|33
|c|☆ready for the lose|im too good
|c|☆ready for the lose|xd
|
|t:|1624056889
|switch|p2a: Metagross|Metagross, shiny|9/100
|-damage|p2a: Metagross|3/100|[from] Stealth Rock
|move|p1a: Zarude|Darkest Lariat|p2a: Metagross
|-supereffective|p2a: Metagross
|-damage|p2a: Metagross|0 fnt
|faint|p2a: Metagross
|
|upkeep
|
|t:|1624056891
|switch|p2a: Durant|Durant, M, shiny|91/100
|-damage|p2a: Durant|78/100|[from] Stealth Rock
|turn|34
|
|t:|1624056895
|switch|p1a: Stakataka|Stakataka|100/100
|move|p2a: Durant|First Impression|p1a: Stakataka
|-resisted|p1a: Stakataka
|-damage|p1a: Stakataka|80/100
|-damage|p2a: Durant|69/100|[from] item: Life Orb
|
|-heal|p1a: Stakataka|86/100|[from] item: Leftovers
|upkeep
|turn|35
|
|t:|1624056903
|move|p2a: Durant|Superpower|p1a: Stakataka
|-supereffective|p1a: Stakataka
|-damage|p1a: Stakataka|0 fnt
|-unboost|p2a: Durant|atk|1
|-unboost|p2a: Durant|def|1
|faint|p1a: Stakataka
|-damage|p2a: Durant|59/100|[from] item: Life Orb
|
|upkeep
|inactive|ready for the lose has 120 seconds left.
|
|t:|1624056940
|switch|p1a: Sharpedo|Sharpedo, F|100/100
|turn|36
|
|t:|1624056948
|switch|p2a: Umbreon|Umbreon, F, shiny|98/100
|-damage|p2a: Umbreon|86/100|[from] Stealth Rock
|move|p1a: Sharpedo|Protect||[still]
|-fail|p1a: Sharpedo
|
|-heal|p2a: Umbreon|92/100|[from] item: Leftovers
|-ability|p1a: Sharpedo|Speed Boost|boost
|-boost|p1a: Sharpedo|spe|1
|upkeep
|turn|37
|
|t:|1624056954
|move|p1a: Sharpedo|Close Combat|p2a: Umbreon
|-supereffective|p2a: Umbreon
|-damage|p2a: Umbreon|27/100
|-unboost|p1a: Sharpedo|def|1
|-unboost|p1a: Sharpedo|spd|1
|-damage|p1a: Sharpedo|91/100|[from] item: Life Orb
|move|p2a: Umbreon|Wish|p2a: Umbreon
|
|-heal|p2a: Umbreon|33/100|[from] item: Leftovers
|-ability|p1a: Sharpedo|Speed Boost|boost
|-boost|p1a: Sharpedo|spe|1
|upkeep
|turn|38
|
|t:|1624056966
|switch|p2a: Durant|Durant, M, shiny|59/100
|-damage|p2a: Durant|46/100|[from] Stealth Rock
|move|p1a: Sharpedo|Waterfall|p2a: Durant
|-damage|p2a: Durant|0 fnt
|faint|p2a: Durant
|-damage|p1a: Sharpedo|81/100|[from] item: Life Orb
|
|-ability|p1a: Sharpedo|Speed Boost|boost
|-boost|p1a: Sharpedo|spe|1
|upkeep
|
|t:|1624056970
|switch|p2a: Reuniclus|Reuniclus, M|36/100
|turn|39
|c|☆ready for the lose|XDDDDDDDDDDDDDD
|
|t:|1624056975
|move|p1a: Sharpedo|Crunch|p2a: Reuniclus
|-supereffective|p2a: Reuniclus
|-damage|p2a: Reuniclus|0 fnt
|faint|p2a: Reuniclus
|-damage|p1a: Sharpedo|71/100|[from] item: Life Orb
|
|-ability|p1a: Sharpedo|Speed Boost|boost
|-boost|p1a: Sharpedo|spe|1
|upkeep
|c|☆ready for the lose|gg ez
|
|t:|1624056977
|switch|p2a: Umbreon|Umbreon, F, shiny|33/100
|-damage|p2a: Umbreon|21/100|[from] Stealth Rock
|turn|40
|c|☆ready for the lose|i told u
|c|☆ready for the lose|im the best
|c|☆ready for the lose|xd
|
|t:|1624056985
|move|p2a: Umbreon|Protect|p2a: Umbreon
|-singleturn|p2a: Umbreon|Protect
|move|p1a: Sharpedo|Waterfall|p2a: Umbreon
|-activate|p2a: Umbreon|move: Protect
|
|-heal|p2a: Umbreon|27/100|[from] item: Leftovers
|-ability|p1a: Sharpedo|Speed Boost|boost
|-boost|p1a: Sharpedo|spe|1
|upkeep
|turn|41
|
|t:|1624056989
|move|p1a: Sharpedo|Close Combat|p2a: Umbreon
|-supereffective|p2a: Umbreon
|-damage|p2a: Umbreon|0 fnt
|-unboost|p1a: Sharpedo|def|1
|-unboost|p1a: Sharpedo|spd|1
|faint|p2a: Umbreon
|-damage|p1a: Sharpedo|61/100|[from] item: Life Orb
|
|win|ready for the lose
|raw|ready for the lose's rating: 1167 &rarr; <strong>1189</strong><br />(+22 for winning)
|raw|OG Krook's rating: 1131 &rarr; <strong>1109</strong><br />(-22 for losing)
|c|☆OG Krook|Gg
|c|☆ready for the lose|gg ez
|l|☆ready for the lose
|c|☆OG Krook|The best at 1189?
