|j|☆Orange Yeti
|j|☆braden13579
|player|p1|Orange Yeti|swimmerm-gen2|1414
|player|p2|braden13579|190|1465
|teamsize|p1|6
|teamsize|p2|6
|gametype|singles
|gen|8
|tier|[Gen 8] RU
|rated|
|clearpoke
|poke|p1|Kangaskhan, F|
|poke|p1|Drapion, F|
|poke|p1|Vaporeon, M|
|poke|p1|Runerigus, F|
|poke|p1|Xatu, M|
|poke|p1|Rotom-Mow|
|poke|p2|Magneton|
|poke|p2|Cinccino, F|
|poke|p2|Corsola-Galar, M|
|poke|p2|Espeon, F|
|poke|p2|Machamp, F|
|poke|p2|Dhelmise|
|rule|Sleep Clause Mod: Limit one foe put to sleep
|rule|Species Clause: Limit one of each Pokémon
|rule|OHKO Clause: OHKO moves are banned
|rule|Evasion Moves Clause: Evasion moves are banned
|rule|Endless Battle Clause: Forcing endless battles is banned
|rule|HP Percentage Mod: HP is shown in percentages
|rule|Dynamax Clause: You cannot dynamax
|teampreview
|
|start
|switch|p1a: Drapion|Drapion, F|100/100
|switch|p2a: Magneton|Magneton|100/100
|turn|1
|
|switch|p2a: Dhelmise|Dhelmise|100/100
|move|p1a: Drapion|Toxic Spikes|p2a: Dhelmise
|-sidestart|p2: braden13579|move: Toxic Spikes
|
|upkeep
|turn|2
|
|move|p1a: Drapion|Knock Off|p2a: Dhelmise
|-supereffective|p2a: Dhelmise
|-damage|p2a: Dhelmise|42/100
|-enditem|p2a: Dhelmise|Assault Vest|[from] move: Knock Off|[of] p1a: Drapion
|move|p2a: Dhelmise|Earthquake|p1a: Drapion
|-supereffective|p1a: Drapion
|-damage|p1a: Drapion|30/100
|
|-heal|p1a: Drapion|36/100|[from] item: Black Sludge
|upkeep
|turn|3
|
|move|p1a: Drapion|Knock Off|p2a: Dhelmise
|-supereffective|p2a: Dhelmise
|-damage|p2a: Dhelmise|1/100
|move|p2a: Dhelmise|Rapid Spin|p1a: Drapion
|-damage|p1a: Drapion|19/100
|-boost|p2a: Dhelmise|spe|1
|-sideend|p2: braden13579|Toxic Spikes|[from] move: Rapid Spin|[of] p2a: Dhelmise
|
|-heal|p1a: Drapion|25/100|[from] item: Black Sludge
|upkeep
|turn|4
|
|move|p1a: Drapion|Poison Jab|p2a: Dhelmise
|-damage|p2a: Dhelmise|0 fnt
|faint|p2a: Dhelmise
|
|-heal|p1a: Drapion|31/100|[from] item: Black Sludge
|upkeep
|
|switch|p2a: Cinccino|Cinccino, F|100/100
|turn|5
|
|switch|p1a: Runerigus|Runerigus, F|100/100
|move|p2a: Cinccino|Triple Axel|p1a: Runerigus
|-supereffective|p1a: Runerigus
|-damage|p1a: Runerigus|90/100
|-activate|p1a: Runerigus|ability: Wandering Spirit|Skill Link|Wandering Spirit|[of] p2a: Cinccino
|-supereffective|p1a: Runerigus
|-damage|p1a: Runerigus|70/100
|-supereffective|p1a: Runerigus
|-damage|p1a: Runerigus|40/100
|-hitcount|p1a: Runerigus|3
|
|upkeep
|turn|6
|
|switch|p1a: Vaporeon|Vaporeon, M|100/100
|move|p2a: Cinccino|Triple Axel|p1a: Vaporeon
|-resisted|p1a: Vaporeon
|-damage|p1a: Vaporeon|96/100
|-resisted|p1a: Vaporeon
|-damage|p1a: Vaporeon|87/100
|-resisted|p1a: Vaporeon
|-damage|p1a: Vaporeon|73/100
|-hitcount|p1a: Vaporeon|3
|
|-heal|p1a: Vaporeon|80/100|[from] item: Leftovers
|upkeep
|turn|7
|
|switch|p2a: Espeon|Espeon, F|100/100
|move|p1a: Vaporeon|Wish|p1a: Vaporeon
|
|-heal|p1a: Vaporeon|86/100|[from] item: Leftovers
|upkeep
|turn|8
|
|move|p2a: Espeon|Dazzling Gleam|p1a: Vaporeon
|-damage|p1a: Vaporeon|71/100
|move|p1a: Vaporeon|Flip Turn|p2a: Espeon
|-damage|p2a: Espeon|74/100
|j| kekeg35
|
|switch|p1a: Drapion|Drapion, F|31/100|[from]move: Flip Turn
|
|-heal|p1a: Drapion|98/100|[from] move: Wish|[wisher] Vaporeon
|-heal|p2a: Espeon|80/100|[from] item: Leftovers
|-heal|p1a: Drapion|100/100|[from] item: Black Sludge
|upkeep
|turn|9
|l| kekeg35
|
|switch|p2a: Magneton|Magneton|100/100
|move|p1a: Drapion|Knock Off|p2a: Magneton
|-damage|p2a: Magneton|57/100
|-enditem|p2a: Magneton|Choice Specs|[from] move: Knock Off|[of] p1a: Drapion
|
|upkeep
|turn|10
|
|move|p2a: Magneton|Thunderbolt|p1a: Drapion
|-damage|p1a: Drapion|57/100
|move|p1a: Drapion|Toxic Spikes|p2a: Magneton
|-sidestart|p2: braden13579|move: Toxic Spikes
|
|-heal|p1a: Drapion|63/100|[from] item: Black Sludge
|upkeep
|turn|11
|
|switch|p1a: Runerigus|Runerigus, F|40/100
|move|p2a: Magneton|Thunderbolt|p1a: Runerigus
|-immune|p1a: Runerigus
|
|upkeep
|turn|12
|
|switch|p1a: Rotom|Rotom-Mow|100/100
|move|p2a: Magneton|Flash Cannon|p1a: Rotom
|-resisted|p1a: Rotom
|-damage|p1a: Rotom|62/100
|
|upkeep
|turn|13
|
|move|p1a: Rotom|Leaf Storm|p2a: Magneton
|-resisted|p2a: Magneton
|-damage|p2a: Magneton|1/100
|-unboost|p1a: Rotom|spa|2
|move|p2a: Magneton|Flash Cannon|p1a: Rotom
|-resisted|p1a: Rotom
|-damage|p1a: Rotom|25/100
|
|upkeep
|turn|14
|
|move|p1a: Rotom|Leaf Storm|p2a: Magneton|[miss]
|-miss|p1a: Rotom|p2a: Magneton
|move|p2a: Magneton|Flash Cannon|p1a: Rotom
|-resisted|p1a: Rotom
|-damage|p1a: Rotom|0 fnt
|faint|p1a: Rotom
|
|upkeep
|
|switch|p1a: Kangaskhan|Kangaskhan, F|100/100
|turn|15
|
|move|p1a: Kangaskhan|Fake Out|p2a: Magneton
|-resisted|p2a: Magneton
|-damage|p2a: Magneton|0 fnt
|faint|p2a: Magneton
|
|upkeep
|
|switch|p2a: Machamp|Machamp, F|100/100
|-status|p2a: Machamp|psn
|turn|16
|
|switch|p1a: Runerigus|Runerigus, F|40/100
|move|p2a: Machamp|Knock Off|p1a: Runerigus
|-supereffective|p1a: Runerigus
|-enditem|p1a: Runerigus|Colbur Berry|[eat]
|-enditem|p1a: Runerigus|Colbur Berry|[weaken]
|-damage|p1a: Runerigus|5/100
|-activate|p1a: Runerigus|ability: Wandering Spirit|Guts|Wandering Spirit|[of] p2a: Machamp
|
|-damage|p2a: Machamp|88/100 psn|[from] psn
|upkeep
|turn|17
|
|move|p1a: Runerigus|Protect|p1a: Runerigus
|-singleturn|p1a: Runerigus|Protect
|move|p2a: Machamp|Knock Off|p1a: Runerigus
|-activate|p1a: Runerigus|move: Protect
|
|-damage|p2a: Machamp|76/100 psn|[from] psn
|upkeep
|turn|18
|
|move|p1a: Runerigus|Protect|p1a: Runerigus
|-singleturn|p1a: Runerigus|Protect
|move|p2a: Machamp|Knock Off|p1a: Runerigus
|-activate|p1a: Runerigus|move: Protect
|
|-damage|p2a: Machamp|64/100 psn|[from] psn
|upkeep
|turn|19
|
|move|p2a: Machamp|Knock Off|p1a: Runerigus
|-supereffective|p1a: Runerigus
|-damage|p1a: Runerigus|0 fnt
|faint|p1a: Runerigus
|
|-damage|p2a: Machamp|51/100 psn|[from] psn
|upkeep
|
|switch|p1a: Xatu|Xatu, M|100/100
|turn|20
|
|switch|p2a: Corsola|Corsola-Galar, M|100/100
|-status|p2a: Corsola|psn
|move|p1a: Xatu|Psychic|p2a: Corsola
|-damage|p2a: Corsola|86/100 psn
|
|-damage|p2a: Corsola|74/100 psn|[from] psn
|upkeep
|turn|21
|
|move|p1a: Xatu|Psychic|p2a: Corsola
|-damage|p2a: Corsola|58/100 psn
|-unboost|p2a: Corsola|spd|1
|-start|p1a: Xatu|Disable|Psychic|[from] ability: Cursed Body|[of] p2a: Corsola
|move|p2a: Corsola|Strength Sap|p1a: Xatu
|move|p1a: Xatu|Strength Sap|p2a: Corsola|[from]Magic Bounce
|-unboost|p2a: Corsola|atk|1
|
|-damage|p2a: Corsola|46/100 psn|[from] psn
|upkeep
|turn|22
|
|move|p1a: Xatu|Grass Knot|p2a: Corsola
|-damage|p2a: Corsola|42/100 psn
|move|p2a: Corsola|Night Shade|p1a: Xatu
|-damage|p1a: Xatu|71/100
|
|-damage|p2a: Corsola|30/100 psn|[from] psn
|upkeep
|turn|23
|
|move|p1a: Xatu|Grass Knot|p2a: Corsola
|-damage|p2a: Corsola|26/100 psn
|move|p2a: Corsola|Night Shade|p1a: Xatu
|-damage|p1a: Xatu|41/100
|
|-damage|p2a: Corsola|14/100 psn|[from] psn
|upkeep
|turn|24
|
|move|p1a: Xatu|Roost|p1a: Xatu
|-heal|p1a: Xatu|91/100
|-singleturn|p1a: Xatu|move: Roost
|move|p2a: Corsola|Night Shade|p1a: Xatu
|-damage|p1a: Xatu|61/100
|
|-damage|p2a: Corsola|1/100 psn|[from] psn
|-end|p1a: Xatu|Disable
|upkeep
|turn|25
|
|move|p1a: Xatu|Roost|p1a: Xatu
|-heal|p1a: Xatu|100/100
|-singleturn|p1a: Xatu|move: Roost
|move|p2a: Corsola|Night Shade|p1a: Xatu
|-damage|p1a: Xatu|71/100
|
|-damage|p2a: Corsola|0 fnt|[from] psn
|faint|p2a: Corsola
|upkeep
|
|switch|p2a: Cinccino|Cinccino, F|100/100
|-status|p2a: Cinccino|psn
|turn|26
|
|switch|p1a: Vaporeon|Vaporeon, M|71/100
|move|p2a: Cinccino|Tail Slap|p1a: Vaporeon
|-damage|p1a: Vaporeon|53/100
|-damage|p1a: Vaporeon|36/100
|-damage|p1a: Vaporeon|18/100
|-damage|p1a: Vaporeon|1/100
|-damage|p1a: Vaporeon|0 fnt
|-hitcount|p1a: Vaporeon|5
|faint|p1a: Vaporeon
|
|-damage|p2a: Cinccino|88/100 psn|[from] psn
|upkeep
|
|switch|p1a: Kangaskhan|Kangaskhan, F|100/100
|turn|27
|
|switch|p2a: Espeon|Espeon, F|80/100
|-status|p2a: Espeon|psn
|move|p1a: Kangaskhan|Fake Out|p2a: Espeon
|-damage|p2a: Espeon|37/100 psn
|
|-heal|p2a: Espeon|43/100 psn|[from] item: Leftovers
|-damage|p2a: Espeon|30/100 psn|[from] psn
|upkeep
|turn|28
|
|move|p1a: Kangaskhan|Sucker Punch|p2a: Espeon
|-supereffective|p2a: Espeon
|-damage|p2a: Espeon|0 fnt
|faint|p2a: Espeon
|
|upkeep
|
|switch|p2a: Machamp|Machamp, F|51/100 psn
|turn|29
|
|switch|p1a: Xatu|Xatu, M|71/100
|move|p2a: Machamp|Facade|p1a: Xatu
|-damage|p1a: Xatu|0 fnt
|-damage|p2a: Machamp|35/100 psn|[from] item: Rocky Helmet|[of] p1a: Xatu
|faint|p1a: Xatu
|
|-damage|p2a: Machamp|23/100 psn|[from] psn
|upkeep
|
|switch|p1a: Drapion|Drapion, F|63/100
|turn|30
|
|move|p2a: Machamp|Bullet Punch|p1a: Drapion
|-damage|p1a: Drapion|40/100
|move|p1a: Drapion|Poison Jab|p2a: Machamp
|-damage|p2a: Machamp|0 fnt
|faint|p2a: Machamp
|
|-heal|p1a: Drapion|46/100|[from] item: Black Sludge
|upkeep
|
|switch|p2a: Cinccino|Cinccino, F|88/100 psn
|turn|31
|
|move|p2a: Cinccino|Tail Slap|p1a: Drapion
|-damage|p1a: Drapion|32/100
|-damage|p1a: Drapion|17/100
|-damage|p1a: Drapion|3/100
|-damage|p1a: Drapion|0 fnt
|-hitcount|p1a: Drapion|4
|faint|p1a: Drapion
|
|-damage|p2a: Cinccino|76/100 psn|[from] psn
|upkeep
|
|switch|p1a: Kangaskhan|Kangaskhan, F|100/100
|turn|32
|
|move|p1a: Kangaskhan|Fake Out|p2a: Cinccino
|-damage|p2a: Cinccino|36/100 psn
|cant|p2a: Cinccino|flinch
|
|-damage|p2a: Cinccino|23/100 psn|[from] psn
|upkeep
|turn|33
|
|move|p1a: Kangaskhan|Sucker Punch|p2a: Cinccino
|-damage|p2a: Cinccino|0 fnt
|faint|p2a: Cinccino
|
|win|Orange Yeti
|l|☆braden13579
|l|☆Orange Yeti
||Ladder (probably) updated, but score could not be retrieved (Request timeout).
