|j|☆WoOlf972
|j|☆thievul is good
|player|p1|WoOlf972|marshal|1462
|player|p2|thievul is good|lucas|1544
|teamsize|p1|6
|teamsize|p2|6
|gametype|singles
|gen|8
|tier|[Gen 8] RU
|rated|
|clearpoke
|poke|p1|Pangoro, M|
|poke|p1|Silvally-*|
|poke|p1|Gigalith, M|
|poke|p1|Goodra, M|
|poke|p1|Vileplume, F|
|poke|p1|Sigilyph, F|
|poke|p2|Thievul, F|
|poke|p2|Indeedee-F, F|
|poke|p2|Gigalith, M|
|poke|p2|Silvally-*|
|poke|p2|Gurdurr, M|
|poke|p2|Whimsicott, F|
|rule|Sleep Clause Mod: Limit one foe put to sleep
|rule|Species Clause: Limit one of each Pokémon
|rule|OHKO Clause: OHKO moves are banned
|rule|Evasion Moves Clause: Evasion moves are banned
|rule|Endless Battle Clause: Forcing endless battles is banned
|rule|HP Percentage Mod: HP is shown in percentages
|rule|Dynamax Clause: You cannot dynamax
|teampreview
|
|start
|switch|p1a: Vileplume|Vileplume, F|100/100
|switch|p2a: Indeedee|Indeedee-F, F|100/100
|-fieldstart|move: Psychic Terrain|[from] ability: Psychic Surge|[of] p2a: Indeedee
|turn|1
|
|switch|p1a: Pangoro|Pangoro, M|100/100
|move|p2a: Indeedee|Dazzling Gleam|p1a: Pangoro
|-supereffective|p1a: Pangoro
|-damage|p1a: Pangoro|0 fnt
|faint|p1a: Pangoro
|
|upkeep
|
|switch|p1a: Silvally|Silvally-Fairy|100/100
|turn|2
|
|switch|p2a: Gigalith|Gigalith, M|100/100
|-weather|Sandstorm|[from] ability: Sand Stream|[of] p2a: Gigalith
|move|p1a: Silvally|Multi-Attack|p2a: Gigalith
|-damage|p2a: Gigalith|61/100
|
|-weather|Sandstorm|[upkeep]
|-damage|p1a: Silvally|94/100|[from] Sandstorm
|-heal|p2a: Gigalith|67/100|[from] item: Leftovers
|upkeep
|turn|3
|
|switch|p2a: Whimsicott|Whimsicott, F|100/100
|move|p1a: Silvally|U-turn|p2a: Whimsicott
|-damage|p2a: Whimsicott|71/100
|
|switch|p1a: Goodra|Goodra, M|100/100|[from]move: U-turn
|
|-weather|Sandstorm|[upkeep]
|-damage|p2a: Whimsicott|65/100|[from] Sandstorm
|-damage|p1a: Goodra|94/100|[from] Sandstorm
|upkeep
|turn|4
|j| ICANTMON
|
|move|p2a: Whimsicott|U-turn|p1a: Goodra
|-damage|p1a: Goodra|82/100
|
|switch|p2a: Gigalith|Gigalith, M|67/100|[from]move: U-turn
|move|p1a: Goodra|Sludge Wave|p2a: Gigalith
|-resisted|p2a: Gigalith
|-damage|p2a: Gigalith|58/100
|
|-weather|Sandstorm|[upkeep]
|-damage|p1a: Goodra|76/100|[from] Sandstorm
|-heal|p2a: Gigalith|64/100|[from] item: Leftovers
|upkeep
|turn|5
|
|switch|p1a: Vileplume|Vileplume, F|100/100
|move|p2a: Gigalith|Stealth Rock|p1a: Vileplume
|-sidestart|p1: WoOlf972|move: Stealth Rock
|
|-weather|Sandstorm|[upkeep]
|-damage|p1a: Vileplume|94/100|[from] Sandstorm
|-heal|p1a: Vileplume|100/100|[from] item: Black Sludge
|-heal|p2a: Gigalith|70/100|[from] item: Leftovers
|-fieldend|move: Psychic Terrain
|upkeep
|turn|6
|
|switch|p2a: Whimsicott|Whimsicott, F|65/100
|move|p1a: Vileplume|Giga Drain|p2a: Whimsicott
|-resisted|p2a: Whimsicott
|-damage|p2a: Whimsicott|42/100
|
|-weather|none
|upkeep
|turn|7
|
|move|p2a: Whimsicott|Encore|p1a: Vileplume
|-start|p1a: Vileplume|Encore
|move|p1a: Vileplume|Giga Drain|p2a: Whimsicott
|-resisted|p2a: Whimsicott
|-damage|p2a: Whimsicott|20/100
|
|upkeep
|turn|8
|
|move|p2a: Whimsicott|U-turn|p1a: Vileplume
|-damage|p1a: Vileplume|92/100
|
|switch|p2a: Indeedee|Indeedee-F, F|100/100|[from]move: U-turn
|-fieldstart|move: Psychic Terrain|[from] ability: Psychic Surge|[of] p2a: Indeedee
|move|p1a: Vileplume|Giga Drain|p2a: Indeedee
|-damage|p2a: Indeedee|69/100
|-heal|p1a: Vileplume|100/100|[from] drain|[of] p2a: Indeedee
|
|upkeep
|turn|9
|
|switch|p1a: Goodra|Goodra, M|76/100
|-damage|p1a: Goodra|63/100|[from] Stealth Rock
|move|p2a: Indeedee|Psychic|p1a: Goodra
|-damage|p1a: Goodra|44/100
|
|upkeep
|turn|10
|
|switch|p2a: Gigalith|Gigalith, M|70/100
|-weather|Sandstorm|[from] ability: Sand Stream|[of] p2a: Gigalith
|move|p1a: Goodra|Dragon Pulse|p2a: Gigalith
|-damage|p2a: Gigalith|41/100
|
|-weather|Sandstorm|[upkeep]
|-damage|p1a: Goodra|38/100|[from] Sandstorm
|-heal|p2a: Gigalith|47/100|[from] item: Leftovers
|upkeep
|turn|11
|
|move|p1a: Goodra|Surf|p2a: Gigalith
|-supereffective|p2a: Gigalith
|-damage|p2a: Gigalith|10/100
|move|p2a: Gigalith|Rock Blast|p1a: Goodra
|-damage|p1a: Goodra|23/100
|-damage|p1a: Goodra|9/100
|-hitcount|p1a: Goodra|2
|
|-weather|Sandstorm|[upkeep]
|-damage|p1a: Goodra|3/100|[from] Sandstorm
|-heal|p2a: Gigalith|17/100|[from] item: Leftovers
|upkeep
|turn|12
|
|move|p1a: Goodra|Surf|p2a: Gigalith
|-supereffective|p2a: Gigalith
|-damage|p2a: Gigalith|0 fnt
|faint|p2a: Gigalith
|
|-weather|Sandstorm|[upkeep]
|-damage|p1a: Goodra|0 fnt|[from] Sandstorm
|faint|p1a: Goodra
|-fieldend|move: Psychic Terrain
|upkeep
|
|switch|p1a: Gigalith|Gigalith, M|100/100
|switch|p2a: Whimsicott|Whimsicott, F|20/100
|-damage|p1a: Gigalith|88/100|[from] Stealth Rock
|turn|13
|
|move|p1a: Gigalith|Protect|p1a: Gigalith
|-singleturn|p1a: Gigalith|Protect
|move|p2a: Whimsicott|Giga Drain|p1a: Gigalith
|-activate|p1a: Gigalith|move: Protect
|
|-weather|Sandstorm|[upkeep]
|-damage|p2a: Whimsicott|14/100|[from] Sandstorm
|-heal|p1a: Gigalith|94/100|[from] item: Leftovers
|upkeep
|turn|14
|
|switch|p1a: Vileplume|Vileplume, F|100/100
|-damage|p1a: Vileplume|88/100|[from] Stealth Rock
|move|p2a: Whimsicott|Encore||[still]
|-fail|p2a: Whimsicott
|
|-weather|none
|-heal|p1a: Vileplume|94/100|[from] item: Black Sludge
|upkeep
|turn|15
|
|move|p2a: Whimsicott|Moonblast|p1a: Vileplume
|-resisted|p1a: Vileplume
|-damage|p1a: Vileplume|75/100
|move|p1a: Vileplume|Sludge Wave|p2a: Whimsicott
|-supereffective|p2a: Whimsicott
|-damage|p2a: Whimsicott|0 fnt
|faint|p2a: Whimsicott
|
|-heal|p1a: Vileplume|81/100|[from] item: Black Sludge
|upkeep
|
|switch|p2a: Indeedee|Indeedee-F, F|69/100
|-fieldstart|move: Psychic Terrain|[from] ability: Psychic Surge|[of] p2a: Indeedee
|turn|16
|
|move|p2a: Indeedee|Psychic|p1a: Vileplume
|-supereffective|p1a: Vileplume
|-damage|p1a: Vileplume|0 fnt
|faint|p1a: Vileplume
|
|upkeep
|
|switch|p1a: Silvally|Silvally-Fairy|94/100
|-damage|p1a: Silvally|82/100|[from] Stealth Rock
|turn|17
|
|move|p2a: Indeedee|Psychic|p1a: Silvally
|-damage|p1a: Silvally|26/100
|move|p1a: Silvally|Swords Dance|p1a: Silvally
|-boost|p1a: Silvally|atk|2
|
|upkeep
|turn|18
|
|move|p2a: Indeedee|Psychic|p1a: Silvally
|-damage|p1a: Silvally|0 fnt
|faint|p1a: Silvally
|
|upkeep
|
|switch|p1a: Sigilyph|Sigilyph, F|100/100
|turn|19
|
|switch|p2a: Thievul|Thievul, F|100/100
|-enditem|p2a: Thievul|Psychic Seed
|-boost|p2a: Thievul|spd|1|[from] item: Psychic Seed
|move|p1a: Sigilyph|Calm Mind|p1a: Sigilyph
|-boost|p1a: Sigilyph|spa|1
|-boost|p1a: Sigilyph|spd|1
|
|upkeep
|turn|20
|
|move|p2a: Thievul|Nasty Plot|p2a: Thievul
|-boost|p2a: Thievul|spa|2
|move|p1a: Sigilyph|Air Slash|p2a: Thievul
|-damage|p2a: Thievul|45/100
|
|-fieldend|move: Psychic Terrain
|upkeep
|turn|21
|
|move|p2a: Thievul|Dark Pulse|p1a: Sigilyph
|-supereffective|p1a: Sigilyph
|-damage|p1a: Sigilyph|0 fnt
|faint|p1a: Sigilyph
|
|upkeep
|
|switch|p1a: Gigalith|Gigalith, M|94/100
|-damage|p1a: Gigalith|82/100|[from] Stealth Rock
|-weather|Sandstorm|[from] ability: Sand Stream|[of] p1a: Gigalith
|turn|22
|l| ICANTMON
|c|☆thievul is good|gg
|
|move|p2a: Thievul|Grass Knot|p1a: Gigalith
|-supereffective|p1a: Gigalith
|-damage|p1a: Gigalith|0 fnt
|faint|p1a: Gigalith
|
|win|thievul is good
|c|☆WoOlf972|gg
|l|☆WoOlf972
|raw|WoOlf972's rating: 1462 &rarr; <strong>1446</strong><br />(-16 for losing)
|raw|thievul is good's rating: 1544 &rarr; <strong>1559</strong><br />(+15 for winning)
