|j|☆TheNumbertaker
|j|☆haunter7
|t:|1623706615
|gametype|singles
|player|p1|TheNumbertaker|scientist-gen4|1325
|player|p2|haunter7|285|1565
|teamsize|p1|6
|teamsize|p2|6
|gen|8
|tier|[Gen 8] RU
|rated|
|rule|Sleep Clause Mod: Limit one foe put to sleep
|rule|Species Clause: Limit one of each Pokémon
|rule|OHKO Clause: OHKO moves are banned
|rule|Evasion Moves Clause: Evasion moves are banned
|rule|Endless Battle Clause: Forcing endless battles is banned
|rule|HP Percentage Mod: HP is shown in percentages
|rule|Dynamax Clause: You cannot dynamax
|clearpoke
|poke|p1|Escavalier, F|
|poke|p1|Xurkitree|
|poke|p1|Durant, M|
|poke|p1|Cloyster, M|
|poke|p1|Slurpuff, F|
|poke|p1|Polteageist-Antique|
|poke|p2|Marowak-Alola, F|
|poke|p2|Metagross|
|poke|p2|Weezing-Galar, M|
|poke|p2|Mienshao, F|
|poke|p2|Togekiss, F|
|poke|p2|Milotic, M|
|teampreview
|
|t:|1623706636
|start
|switch|p1a: Cloyster|Cloyster, M|100/100
|switch|p2a: Weezing|Weezing-Galar, M|100/100
|-ability|p2a: Weezing|Neutralizing Gas
|turn|1
|
|t:|1623706642
|move|p1a: Cloyster|Spikes|p2a: Weezing
|-sidestart|p2: haunter7|Spikes
|move|p2a: Weezing|Sludge Bomb|p1a: Cloyster
|-damage|p1a: Cloyster|41/100
|-status|p1a: Cloyster|psn
|
|-damage|p1a: Cloyster|29/100 psn|[from] psn
|upkeep
|turn|2
|
|t:|1623706648
|move|p1a: Cloyster|Rapid Spin|p2a: Weezing
|-damage|p2a: Weezing|92/100
|-boost|p1a: Cloyster|spe|1
|-damage|p1a: Cloyster|12/100 psn|[from] item: Rocky Helmet|[of] p2a: Weezing
|move|p2a: Weezing|Toxic Spikes|p1a: Cloyster
|-sidestart|p1: TheNumbertaker|move: Toxic Spikes
|
|-damage|p1a: Cloyster|0 fnt|[from] psn
|faint|p1a: Cloyster
|upkeep
|c|☆haunter7|xd
|
|t:|1623706660
|switch|p1a: Durant|Durant, M|100/100
|turn|3
|
|t:|1623706667
|move|p1a: Durant|Hone Claws|p1a: Durant
|-boost|p1a: Durant|atk|1
|-boost|p1a: Durant|accuracy|1
|move|p2a: Weezing|Flamethrower|p1a: Durant
|-supereffective|p1a: Durant
|-enditem|p1a: Durant|Focus Sash
|-damage|p1a: Durant|1/100
|
|upkeep
|turn|4
|
|t:|1623706682
|move|p1a: Durant|Stomping Tantrum|p2a: Weezing
|-supereffective|p2a: Weezing
|-damage|p2a: Weezing|49/100
|-damage|p1a: Durant|0 fnt|[from] item: Rocky Helmet|[of] p2a: Weezing
|faint|p1a: Durant
|move|p2a: Weezing|Toxic Spikes|p1: Durant
|-sidestart|p1: TheNumbertaker|move: Toxic Spikes
|
|upkeep
|
|t:|1623706692
|switch|p1a: Xurkitree|Xurkitree|100/100
|-status|p1a: Xurkitree|tox
|turn|5
|
|t:|1623706696
|-end|p2a: Weezing|ability: Neutralizing Gas
|switch|p2a: Marowak|Marowak-Alola, F|100/100
|-damage|p2a: Marowak|88/100|[from] Spikes
|move|p1a: Xurkitree|Thunderbolt|p2a: Marowak
|-ability|p2a: Marowak|Lightning Rod|boost
|-boost|p2a: Marowak|spa|1
|
|-damage|p1a: Xurkitree|94/100 tox|[from] psn
|upkeep
|turn|6
|-message|TheNumbertaker forfeited.
|
|win|haunter7
|raw|TheNumbertaker's rating: 1325 &rarr; <strong>1317</strong><br />(-8 for losing)
|raw|haunter7's rating: 1565 &rarr; <strong>1573</strong><br />(+8 for winning)
|l|☆TheNumbertaker
