|j|☆yung centibro
|j|☆buttmaster23
|player|p1|yung centibro|1|1241
|player|p2|buttmaster23|101|1094
|teamsize|p1|6
|teamsize|p2|6
|gametype|singles
|gen|8
|tier|[Gen 8] RU
|rated|
|rule|Sleep Clause Mod: Limit one foe put to sleep
|rule|Species Clause: Limit one of each Pokémon
|rule|OHKO Clause: OHKO moves are banned
|rule|Evasion Moves Clause: Evasion moves are banned
|rule|Endless Battle Clause: Forcing endless battles is banned
|rule|HP Percentage Mod: HP is shown in percentages
|clearpoke
|poke|p1|Passimian, M|
|poke|p1|Sigilyph, F|
|poke|p1|Silvally-*|
|poke|p1|Vaporeon, M|
|poke|p1|Vileplume, F|
|poke|p1|Gigalith, F|
|poke|p2|Mantine, M|
|poke|p2|Hitmontop, M|
|poke|p2|Drednaw, F|
|poke|p2|Quagsire, F|
|poke|p2|Jolteon, M|
|poke|p2|Ferroseed, M|
|rule|Dynamax Clause: You cannot dynamax
|teampreview
|inactive|Battle timer is ON: inactive players will automatically lose when time's up. (requested by buttmaster23)
|c|☆yung centibro|hf
|
|start
|switch|p1a: Sigilyph|Sigilyph, F|100/100
|switch|p2a: Jolteon|Jolteon, M|100/100
|turn|1
|
|switch|p1a: Gigalith|Gigalith, F|100/100
|-weather|Sandstorm|[from] ability: Sand Stream|[of] p1a: Gigalith
|move|p2a: Jolteon|Rain Dance|p2a: Jolteon
|-weather|RainDance
|
|-weather|RainDance|[upkeep]
|upkeep
|turn|2
|
|move|p2a: Jolteon|Thunder|p1a: Gigalith
|-damage|p1a: Gigalith|52/100
|move|p1a: Gigalith|Earthquake|p2a: Jolteon
|-supereffective|p2a: Jolteon
|-damage|p2a: Jolteon|0 fnt
|faint|p2a: Jolteon
|
|-weather|RainDance|[upkeep]
|-heal|p1a: Gigalith|58/100|[from] item: Leftovers
|upkeep
|c|☆yung centibro|damn that is so sad
|
|switch|p2a: Mantine|Mantine, M|100/100
|turn|3
|
|switch|p1a: Vaporeon|Vaporeon, M|100/100
|move|p2a: Mantine|Hydro Pump|p1a: Vaporeon
|-immune|p1a: Vaporeon|[from] ability: Water Absorb
|
|-weather|RainDance|[upkeep]
|upkeep
|turn|4
|
|switch|p2a: Drednaw|Drednaw, F|100/100
|move|p1a: Vaporeon|Wish|p1a: Vaporeon
|
|-weather|RainDance|[upkeep]
|upkeep
|turn|5
|
|move|p2a: Drednaw|Head Smash|p1a: Vaporeon
|-damage|p1a: Vaporeon|0 fnt
|-damage|p2a: Drednaw|28/100|[from] Recoil
|faint|p1a: Vaporeon
|
|-weather|RainDance|[upkeep]
|upkeep
|c|☆yung centibro|oh thats heat
|c|☆buttmaster23|yeh thats some crazy damage
|
|switch|p1a: Gigalith|Gigalith, F|58/100
|-weather|Sandstorm|[from] ability: Sand Stream|[of] p1a: Gigalith
|turn|6
|
|switch|p1a: Silvally|Silvally-Steel|100/100
|move|p2a: Drednaw|Head Smash|p1a: Silvally
|-resisted|p1a: Silvally
|-damage|p1a: Silvally|36/100
|-damage|p2a: Drednaw|0 fnt|[from] Recoil
|faint|p2a: Drednaw
|
|-weather|Sandstorm|[upkeep]
|upkeep
|
|switch|p2a: Hitmontop|Hitmontop, M|100/100
|-ability|p2a: Hitmontop|Intimidate|boost
|-unboost|p1a: Silvally|atk|1
|turn|7
|
|move|p2a: Hitmontop|Mach Punch|p1a: Silvally
|-supereffective|p1a: Silvally
|-damage|p1a: Silvally|0 fnt
|faint|p1a: Silvally
|
|-weather|Sandstorm|[upkeep]
|-damage|p2a: Hitmontop|95/100|[from] Sandstorm
|upkeep
|
|switch|p1a: Sigilyph|Sigilyph, F|100/100
|turn|8
|
|switch|p2a: Mantine|Mantine, M|100/100
|move|p1a: Sigilyph|Psychic|p2a: Mantine
|-damage|p2a: Mantine|56/100
|
|-weather|Sandstorm|[upkeep]
|-damage|p2a: Mantine|50/100|[from] Sandstorm
|upkeep
|turn|9
|
|switch|p1a: Gigalith|Gigalith, F|58/100
|move|p2a: Mantine|Ice Beam|p1a: Gigalith
|-damage|p1a: Gigalith|35/100
|
|-weather|Sandstorm|[upkeep]
|-damage|p2a: Mantine|44/100|[from] Sandstorm
|-heal|p1a: Gigalith|41/100|[from] item: Leftovers
|upkeep
|turn|10
|
|switch|p2a: Ferroseed|Ferroseed, M|100/100
|move|p1a: Gigalith|Stealth Rock|p2a: Ferroseed
|-sidestart|p2: buttmaster23|move: Stealth Rock
|
|-weather|none
|-heal|p1a: Gigalith|47/100|[from] item: Leftovers
|upkeep
|turn|11
|
|switch|p1a: Passimian|Passimian, M|100/100
|move|p2a: Ferroseed|Stealth Rock|p1a: Passimian
|-sidestart|p1: yung centibro|move: Stealth Rock
|
|upkeep
|turn|12
|
|move|p1a: Passimian|Close Combat|p2a: Ferroseed
|-supereffective|p2a: Ferroseed
|-damage|p2a: Ferroseed|34/100
|-damage|p1a: Passimian|88/100|[from] ability: Iron Barbs|[of] p2a: Ferroseed
|-unboost|p1a: Passimian|def|1
|-unboost|p1a: Passimian|spd|1
|move|p2a: Ferroseed|Leech Seed|p1a: Passimian
|-start|p1a: Passimian|move: Leech Seed
|
|-damage|p1a: Passimian|76/100|[from] Leech Seed|[of] p2a: Ferroseed
|-heal|p2a: Ferroseed|48/100|[silent]
|upkeep
|turn|13
|
|switch|p1a: Vileplume|Vileplume, F|100/100
|-damage|p1a: Vileplume|88/100|[from] Stealth Rock
|move|p2a: Ferroseed|Protect||[still]
|-fail|p2a: Ferroseed
|
|-heal|p1a: Vileplume|94/100|[from] item: Leftovers
|upkeep
|turn|14
|
|move|p1a: Vileplume|Growth|p1a: Vileplume
|-boost|p1a: Vileplume|atk|1
|-boost|p1a: Vileplume|spa|1
|move|p2a: Ferroseed|Spikes|p1a: Vileplume
|-sidestart|p1: yung centibro|Spikes
|
|-heal|p1a: Vileplume|100/100|[from] item: Leftovers
|upkeep
|turn|15
|
|switch|p2a: Mantine|Mantine, M|44/100
|-damage|p2a: Mantine|19/100|[from] Stealth Rock
|move|p1a: Vileplume|Giga Drain|p2a: Mantine
|-damage|p2a: Mantine|0 fnt
|faint|p2a: Mantine
|
|upkeep
|c|☆yung centibro|gg
|c|☆buttmaster23|gg
|-message|buttmaster23 forfeited.
|
|win|yung centibro
|l|☆buttmaster23
|raw|yung centibro's rating: 1241 &rarr; <strong>1254</strong><br />(+13 for winning)
|raw|buttmaster23's rating: 1071 &rarr; <strong>1059</strong><br />(-12 for losing)
