|j|☆Glidinganteater
|j|☆HO dwdqdwqdwqdq
|t:|1622054951
|gametype|singles
|player|p1|Glidinganteater|palmer|1336
|player|p2|HO dwdqdwqdwqdq|unknown|1263
|teamsize|p1|6
|teamsize|p2|6
|gen|8
|tier|[Gen 8] RU
|rated|
|rule|Sleep Clause Mod: Limit one foe put to sleep
|rule|Species Clause: Limit one of each Pokémon
|rule|OHKO Clause: OHKO moves are banned
|rule|Evasion Moves Clause: Evasion moves are banned
|rule|Endless Battle Clause: Forcing endless battles is banned
|rule|HP Percentage Mod: HP is shown in percentages
|rule|Dynamax Clause: You cannot dynamax
|clearpoke
|poke|p1|Dragalge, M|
|poke|p1|Zarude|
|poke|p1|Steelix, M|
|poke|p1|Mienshao, M|
|poke|p1|Togekiss, F|
|poke|p1|Volcanion|
|poke|p2|Necrozma|
|poke|p2|Polteageist|
|poke|p2|Slurpuff, F|
|poke|p2|Froslass, F|
|poke|p2|Rhyperior, F|
|poke|p2|Weezing-Galar, M|
|teampreview
|c|☆HO dwdqdwqdwqdq|hf!
|inactive|Battle timer is ON: inactive players will automatically lose when time's up. (requested by HO dwdqdwqdwqdq)
|
|t:|1622054958
|start
|switch|p1a: Volcanion|Volcanion|100/100
|switch|p2a: Froslass|Froslass, F|100/100
|turn|1
|
|t:|1622054964
|move|p2a: Froslass|Taunt|p1a: Volcanion
|-start|p1a: Volcanion|move: Taunt
|move|p1a: Volcanion|Flamethrower|p2a: Froslass
|-supereffective|p2a: Froslass
|-enditem|p2a: Froslass|Focus Sash
|-damage|p2a: Froslass|1/100
|
|upkeep
|turn|2
|
|t:|1622054980
|switch|p1a: Steelix|Steelix, M|100/100
|move|p2a: Froslass|Spikes|p1a: Steelix
|-sidestart|p1: Glidinganteater|Spikes
|
|upkeep
|turn|3
|
|t:|1622054986
|move|p2a: Froslass|Taunt|p1a: Steelix
|-start|p1a: Steelix|move: Taunt
|move|p1a: Steelix|Heavy Slam|p2a: Froslass
|-supereffective|p2a: Froslass
|-damage|p2a: Froslass|0 fnt
|faint|p2a: Froslass
|
|upkeep
|
|t:|1622054995
|switch|p2a: Polteageist|Polteageist|100/100
|turn|4
|c|☆Glidinganteater|U2
|
|t:|1622055013
|move|p2a: Polteageist|Shell Smash|p2a: Polteageist
|-unboost|p2a: Polteageist|def|1
|-unboost|p2a: Polteageist|spd|1
|-boost|p2a: Polteageist|atk|2
|-boost|p2a: Polteageist|spa|2
|-boost|p2a: Polteageist|spe|2
|-enditem|p2a: Polteageist|White Herb
|-clearnegativeboost|p2a: Polteageist|[silent]
|move|p1a: Steelix|Heavy Slam|p2a: Polteageist
|-damage|p2a: Polteageist|41/100
|
|upkeep
|turn|5
|
|t:|1622055022
|move|p2a: Polteageist|Strength Sap|p1a: Steelix
|-unboost|p1a: Steelix|atk|1
|-heal|p2a: Polteageist|100/100
|move|p1a: Steelix|Heavy Slam|p2a: Polteageist
|-damage|p2a: Polteageist|60/100
|
|-end|p1a: Steelix|move: Taunt
|upkeep
|turn|6
|
|t:|1622055032
|move|p2a: Polteageist|Shadow Ball|p1a: Steelix
|-damage|p1a: Steelix|20/100
|move|p1a: Steelix|Roar|p2a: Polteageist
|drag|p2a: Weezing|Weezing-Galar, M|100/100
|-fieldstart|move: Misty Terrain|[from] ability: Misty Surge|[of] p2a: Weezing
|
|-heal|p1a: Steelix|26/100|[from] item: Leftovers
|upkeep
|turn|7
|
|t:|1622055043
|move|p2a: Weezing|Taunt|p1a: Steelix
|-start|p1a: Steelix|move: Taunt
|cant|p1a: Steelix|move: Taunt|Stealth Rock
|
|-heal|p1a: Steelix|32/100|[from] item: Leftovers
|upkeep
|turn|8
|
|t:|1622055049
|switch|p2a: Polteageist|Polteageist|60/100
|switch|p1a: Dragalge|Dragalge, M, shiny|100/100
|-damage|p1a: Dragalge|88/100|[from] Spikes
|
|-heal|p1a: Dragalge|94/100|[from] item: Black Sludge
|upkeep
|turn|9
|
|t:|1622055060
|move|p2a: Polteageist|Shell Smash|p2a: Polteageist
|-unboost|p2a: Polteageist|def|1
|-unboost|p2a: Polteageist|spd|1
|-boost|p2a: Polteageist|atk|2
|-boost|p2a: Polteageist|spa|2
|-boost|p2a: Polteageist|spe|2
|move|p1a: Dragalge|Draco Meteor|p2a: Polteageist
|-damage|p2a: Polteageist|0 fnt
|-unboost|p1a: Dragalge|spa|2
|-start|p1a: Dragalge|Disable|Draco Meteor|[from] ability: Cursed Body|[of] p2a: Polteageist
|faint|p2a: Polteageist
|
|-heal|p1a: Dragalge|99/100|[from] item: Black Sludge
|upkeep
|
|t:|1622055077
|switch|p2a: Necrozma|Necrozma|100/100
|turn|10
|
|t:|1622055082
|move|p2a: Necrozma|Dragon Dance|p2a: Necrozma
|-boost|p2a: Necrozma|atk|1
|-boost|p2a: Necrozma|spe|1
|move|p1a: Dragalge|Haze|p1a: Dragalge
|-clearallboost
|
|-heal|p1a: Dragalge|100/100|[from] item: Black Sludge
|upkeep
|turn|11
|
|t:|1622055104
|move|p2a: Necrozma|Dragon Dance|p2a: Necrozma
|-boost|p2a: Necrozma|atk|1
|-boost|p2a: Necrozma|spe|1
|move|p1a: Dragalge|Sludge Bomb|p2a: Necrozma
|-damage|p2a: Necrozma|43/100
|
|upkeep
|turn|12
|inactive|Glidinganteater has 120 seconds left.
|
|t:|1622055130
|move|p2a: Necrozma|Photon Geyser|p1a: Dragalge
|-supereffective|p1a: Dragalge
|-damage|p1a: Dragalge|0 fnt
|faint|p1a: Dragalge
|
|upkeep
|
|t:|1622055132
|switch|p1a: Mienshao|Mienshao, M|100/100
|-damage|p1a: Mienshao|88/100|[from] Spikes
|turn|13
|
|t:|1622055139
|switch|p2a: Weezing|Weezing-Galar, M|100/100
|move|p1a: Mienshao|U-turn|p2a: Weezing
|-resisted|p2a: Weezing
|-damage|p2a: Weezing|95/100
|
|t:|1622055144
|switch|p1a: Volcanion|Volcanion|100/100|[from]move: U-turn
|
|-fieldend|Misty Terrain
|upkeep
|turn|14
|
|t:|1622055149
|switch|p2a: Rhyperior|Rhyperior, F|100/100
|move|p1a: Volcanion|Steam Eruption|p2a: Rhyperior
|-supereffective|p2a: Rhyperior
|-damage|p2a: Rhyperior|0 fnt
|faint|p2a: Rhyperior
|
|upkeep
|
|t:|1622055156
|switch|p2a: Weezing|Weezing-Galar, M|95/100
|-fieldstart|move: Misty Terrain|[from] ability: Misty Surge|[of] p2a: Weezing
|turn|15
|-message|HO dwdqdwqdwqdq forfeited.
|
|win|Glidinganteater
|raw|Glidinganteater's rating: 1336 &rarr; <strong>1352</strong><br />(+16 for winning)
|raw|HO dwdqdwqdwqdq's rating: 1263 &rarr; <strong>1243</strong><br />(-20 for losing)
|l|☆HO dwdqdwqdwqdq
|c|☆Glidinganteater|Gg
||Ladder isn't responding, score probably updated but might not have (Request timeout).
