|j|☆Foukrou
|j|☆PepeDuce
|t:|1646595538
|gametype|singles
|player|p1|Foukrou|266|
|player|p2|PepeDuce|archie-gen6|
|teamsize|p1|6
|teamsize|p2|6
|gen|8
|tier|[Gen 8] RU
|rule|Sleep Clause Mod: Limit one foe put to sleep
|rule|Species Clause: Limit one of each Pokémon
|rule|OHKO Clause: OHKO moves are banned
|rule|Evasion Moves Clause: Evasion moves are banned
|rule|Endless Battle Clause: Forcing endless battles is banned
|rule|HP Percentage Mod: HP is shown in percentages
|rule|Dynamax Clause: You cannot dynamax
|clearpoke
|poke|p1|Celebi|
|poke|p1|Golisopod, F|
|poke|p1|Metagross|
|poke|p1|Noivern, M|
|poke|p1|Raikou|
|poke|p1|Steelix, M|
|poke|p2|Ninjask, F|
|poke|p2|Starmie|
|poke|p2|Guzzlord|
|poke|p2|Steelix, F|
|poke|p2|Togekiss, M|
|poke|p2|Golisopod, F|
|teampreview
|c|☆Foukrou|hf
|c|☆PepeDuce|u2
|j| PokemonCestDur
|j| Ryuji-Sensei
|
|t:|1646595593
|start
|switch|p1a: Celebi|Celebi|100/100
|switch|p2a: Ninjask|Ninjask, F|100/100
|turn|1
|l| Ryuji-Sensei
|
|t:|1646595615
|switch|p1a: Steelix|Steelix, M|100/100
|move|p2a: Ninjask|U-turn|p1a: Steelix
|-resisted|p1a: Steelix
|-damage|p1a: Steelix|92/100
|
|t:|1646595620
|switch|p2a: Starmie|Starmie|100/100|[from]move: U-turn
|
|-heal|p1a: Steelix|98/100|[from] item: Leftovers
|upkeep
|turn|2
|j| Riiion
|inactive|Battle timer is ON: inactive players will automatically lose when time's up. (requested by PepeDuce)
|
|t:|1646595685
|switch|p1a: Golisopod|Golisopod, F|100/100
|move|p2a: Starmie|Scald|p1a: Golisopod
|-resisted|p1a: Golisopod
|-damage|p1a: Golisopod|86/100
|
|upkeep
|turn|3
|
|t:|1646595699
|switch|p2a: Togekiss|Togekiss, M|100/100
|move|p1a: Golisopod|Liquidation|p2a: Togekiss
|-damage|p2a: Togekiss|57/100
|
|upkeep
|turn|4
|inactive|Foukrou has 270 seconds left.
|
|t:|1646595731
|switch|p2a: Guzzlord|Guzzlord|100/100
|switch|p1a: Raikou|Raikou|100/100
|-ability|p1a: Raikou|Pressure
|
|upkeep
|turn|5
|j| Nebeez
|inactive|Foukrou has 270 seconds left.
|
|t:|1646595747
|move|p1a: Raikou|Toxic|p2a: Guzzlord
|-status|p2a: Guzzlord|tox
|move|p2a: Guzzlord|Knock Off|p1a: Raikou
|-crit|p1a: Raikou
|-damage|p1a: Raikou|0 fnt
|-enditem|p1a: Raikou|Heavy-Duty Boots|[from] move: Knock Off|[of] p2a: Guzzlord
|faint|p1a: Raikou
|-ability|p2a: Guzzlord|Beast Boost|boost
|-boost|p2a: Guzzlord|atk|1
|
|-damage|p2a: Guzzlord|94/100 tox|[from] psn
|upkeep
|l| Riiion
|inactive|Foukrou has 240 seconds left.
|j| MatLaTomate
|
|t:|1646595798
|switch|p1a: Golisopod|Golisopod, F|86/100
|turn|6
|
|t:|1646595805
|switch|p2a: Golisopod|Golisopod, F|100/100
|move|p1a: Golisopod|First Impression|p2a: Golisopod
|-damage|p2a: Golisopod|61/100
|
|upkeep
|turn|7
|
|t:|1646595825
|switch|p1a: Noivern|Noivern, M|100/100
|move|p2a: Golisopod|Spikes|p1a: Noivern
|-sidestart|p1: Foukrou|Spikes
|
|upkeep
|turn|8
|j| Ryuji-Sensei
|j| Riiion
|l| Ryuji-Sensei
|
|t:|1646595841
|switch|p2a: Togekiss|Togekiss, M|57/100
|move|p1a: Noivern|Flamethrower|p2a: Togekiss
|-damage|p2a: Togekiss|36/100
|
|upkeep
|turn|9
|
|t:|1646595850
|move|p2a: Togekiss|Air Slash|p1a: Noivern
|-damage|p1a: Noivern|62/100
|cant|p1a: Noivern|flinch
|
|upkeep
|turn|10
|
|t:|1646595862
|switch|p1a: Metagross|Metagross|100/100
|-damage|p1a: Metagross|88/100|[from] Spikes
|move|p2a: Togekiss|Air Slash|p1a: Metagross
|-resisted|p1a: Metagross
|-damage|p1a: Metagross|73/100
|
|-heal|p1a: Metagross|79/100|[from] item: Leftovers
|upkeep
|turn|11
|
|t:|1646595873
|switch|p2a: Starmie|Starmie|100/100
|move|p1a: Metagross|Earthquake|p2a: Starmie
|-damage|p2a: Starmie|60/100
|
|-heal|p1a: Metagross|85/100|[from] item: Leftovers
|upkeep
|turn|12
|
|t:|1646595897
|move|p1a: Metagross|Earthquake|p2a: Starmie
|-damage|p2a: Starmie|21/100
|move|p2a: Starmie|Teleport|p2a: Starmie
|
|t:|1646595901
|switch|p2a: Guzzlord|Guzzlord|94/100 tox|[from]move: Teleport
|
|-heal|p1a: Metagross|91/100|[from] item: Leftovers
|-heal|p2a: Guzzlord|100/100 tox|[from] item: Leftovers
|-damage|p2a: Guzzlord|94/100 tox|[from] psn
|upkeep
|turn|13
|inactive|Foukrou has 210 seconds left.
|
|t:|1646595929
|switch|p1a: Steelix|Steelix, M|98/100
|-damage|p1a: Steelix|86/100|[from] Spikes
|move|p2a: Guzzlord|Knock Off|p1a: Steelix
|-damage|p1a: Steelix|61/100
|-enditem|p1a: Steelix|Leftovers|[from] move: Knock Off|[of] p2a: Guzzlord
|
|-heal|p2a: Guzzlord|100/100 tox|[from] item: Leftovers
|-damage|p2a: Guzzlord|88/100 tox|[from] psn
|upkeep
|turn|14
|inactive|Foukrou has 210 seconds left.
|
|t:|1646595945
|switch|p2a: Golisopod|Golisopod, F|61/100
|move|p1a: Steelix|Head Smash|p2a: Golisopod|[miss]
|-miss|p1a: Steelix|p2a: Golisopod
|
|upkeep
|turn|15
|inactive|Foukrou has 210 seconds left.
|
|t:|1646595960
|switch|p1a: Noivern|Noivern, M|62/100
|move|p2a: Golisopod|Liquidation|p1a: Noivern
|-resisted|p1a: Noivern
|-damage|p1a: Noivern|28/100
|
|upkeep
|turn|16
|
|t:|1646595966
|move|p1a: Noivern|Roost|p1a: Noivern
|-heal|p1a: Noivern|78/100
|-singleturn|p1a: Noivern|move: Roost
|move|p2a: Golisopod|Leech Life|p1a: Noivern
|-damage|p1a: Noivern|21/100
|-heal|p2a: Golisopod|87/100|[from] drain|[of] p1a: Noivern
|
|upkeep
|turn|17
|
|t:|1646595970
|move|p1a: Noivern|Hurricane|p2a: Golisopod
|-supereffective|p2a: Golisopod
|-damage|p2a: Golisopod|0 fnt
|faint|p2a: Golisopod
|
|upkeep
|
|t:|1646595975
|switch|p2a: Ninjask|Ninjask, F|100/100
|turn|18
|
|t:|1646595985
|move|p2a: Ninjask|Acrobatics|p1a: Noivern
|-damage|p1a: Noivern|0 fnt
|faint|p1a: Noivern
|
|-ability|p2a: Ninjask|Speed Boost|boost
|-boost|p2a: Ninjask|spe|1
|upkeep
|c| MatLaTomate|encore cette team pepe
|
|t:|1646595990
|switch|p1a: Steelix|Steelix, M|61/100
|-damage|p1a: Steelix|49/100|[from] Spikes
|turn|19
|c| MatLaTomate|:pepe:
|l| Riiion
|
|t:|1646596001
|move|p2a: Ninjask|U-turn|p1a: Steelix
|-resisted|p1a: Steelix
|-damage|p1a: Steelix|40/100
|j| Riiion
|
|t:|1646596015
|switch|p2a: Guzzlord|Guzzlord|88/100 tox|[from]move: U-turn
|move|p1a: Steelix|Earthquake|p2a: Guzzlord
|-damage|p2a: Guzzlord|61/100 tox
|
|-heal|p2a: Guzzlord|68/100 tox|[from] item: Leftovers
|-damage|p2a: Guzzlord|61/100 tox|[from] psn
|upkeep
|turn|20
|inactive|Foukrou has 240 seconds left.
|
|t:|1646596033
|switch|p1a: Golisopod|Golisopod, F|86/100
|move|p2a: Guzzlord|Dragon Tail|p1a: Golisopod
|-damage|p1a: Golisopod|62/100
|drag|p1a: Celebi|Celebi|100/100
|-damage|p1a: Celebi|88/100|[from] Spikes
|
|-heal|p1a: Celebi|94/100|[from] item: Leftovers
|-heal|p2a: Guzzlord|68/100 tox|[from] item: Leftovers
|-damage|p2a: Guzzlord|55/100 tox|[from] psn
|upkeep
|turn|21
|inactive|Foukrou has 240 seconds left.
|
|t:|1646596044
|move|p1a: Celebi|Dazzling Gleam|p2a: Guzzlord
|-supereffective|p2a: Guzzlord
|-damage|p2a: Guzzlord|0 fnt
|faint|p2a: Guzzlord
|
|-heal|p1a: Celebi|100/100|[from] item: Leftovers
|upkeep
|
|t:|1646596050
|switch|p2a: Ninjask|Ninjask, F|100/100
|turn|22
|
|t:|1646596059
|switch|p1a: Golisopod|Golisopod, F|62/100
|move|p2a: Ninjask|Acrobatics|p1a: Golisopod
|-supereffective|p1a: Golisopod
|-damage|p1a: Golisopod|0 fnt
|faint|p1a: Golisopod
|
|-ability|p2a: Ninjask|Speed Boost|boost
|-boost|p2a: Ninjask|spe|1
|upkeep
|
|t:|1646596062
|switch|p1a: Steelix|Steelix, M|40/100
|-damage|p1a: Steelix|28/100|[from] Spikes
|turn|23
|
|t:|1646596071
|move|p2a: Ninjask|U-turn|p1a: Steelix
|-resisted|p1a: Steelix
|-damage|p1a: Steelix|19/100
|
|t:|1646596075
|switch|p2a: Starmie|Starmie|21/100|[from]move: U-turn
|move|p1a: Steelix|Head Smash|p2a: Starmie
|-damage|p2a: Starmie|0 fnt
|faint|p2a: Starmie
|
|upkeep
|
|t:|1646596081
|switch|p2a: Togekiss|Togekiss, M|36/100
|turn|24
|
|t:|1646596094
|move|p2a: Togekiss|Air Slash|p1a: Steelix
|-resisted|p1a: Steelix
|-damage|p1a: Steelix|4/100
|cant|p1a: Steelix|flinch
|
|upkeep
|turn|25
|
|t:|1646596098
|move|p2a: Togekiss|Air Slash|p1a: Steelix
|-resisted|p1a: Steelix
|-damage|p1a: Steelix|0 fnt
|faint|p1a: Steelix
|
|upkeep
|
|t:|1646596101
|switch|p1a: Metagross|Metagross|91/100
|-damage|p1a: Metagross|79/100|[from] Spikes
|turn|26
|
|t:|1646596112
|switch|p2a: Steelix|Steelix, F|100/100
|move|p1a: Metagross|Meteor Mash|p2a: Steelix
|-resisted|p2a: Steelix
|-damage|p2a: Steelix|88/100
|
|-heal|p1a: Metagross|85/100|[from] item: Leftovers
|-heal|p2a: Steelix|94/100|[from] item: Leftovers
|upkeep
|turn|27
|
|t:|1646596119
|switch|p1a: Celebi|Celebi|100/100
|-damage|p1a: Celebi|88/100|[from] Spikes
|switch|p2a: Togekiss|Togekiss, M|36/100
|
|-heal|p1a: Celebi|94/100|[from] item: Leftovers
|upkeep
|turn|28
|
|t:|1646596128
|move|p2a: Togekiss|Trick|p1a: Celebi
|-activate|p2a: Togekiss|move: Trick|[of] p1a: Celebi
|-item|p1a: Celebi|Choice Scarf|[from] move: Trick
|-item|p2a: Togekiss|Leftovers|[from] move: Trick
|move|p1a: Celebi|Dazzling Gleam|p2a: Togekiss
|-damage|p2a: Togekiss|16/100
|
|-heal|p2a: Togekiss|22/100|[from] item: Leftovers
|upkeep
|turn|29
|
|t:|1646596140
|move|p1a: Celebi|Dazzling Gleam|p2a: Togekiss
|-damage|p2a: Togekiss|2/100
|move|p2a: Togekiss|Roost|p2a: Togekiss
|-heal|p2a: Togekiss|53/100
|-singleturn|p2a: Togekiss|move: Roost
|
|-heal|p2a: Togekiss|59/100|[from] item: Leftovers
|upkeep
|turn|30
|
|t:|1646596147
|switch|p1a: Metagross|Metagross|85/100
|-damage|p1a: Metagross|73/100|[from] Spikes
|switch|p2a: Steelix|Steelix, F|94/100
|
|-heal|p1a: Metagross|79/100|[from] item: Leftovers
|-heal|p2a: Steelix|99/100|[from] item: Leftovers
|upkeep
|turn|31
|
|t:|1646596158
|move|p1a: Metagross|Meteor Mash|p2a: Steelix
|-resisted|p2a: Steelix
|-damage|p2a: Steelix|88/100
|move|p2a: Steelix|Earthquake|p1a: Metagross
|-supereffective|p1a: Metagross
|-damage|p1a: Metagross|32/100
|
|-heal|p1a: Metagross|38/100|[from] item: Leftovers
|-heal|p2a: Steelix|94/100|[from] item: Leftovers
|upkeep
|turn|32
|
|t:|1646596160
|move|p1a: Metagross|Earthquake|p2a: Steelix
|-supereffective|p2a: Steelix
|-damage|p2a: Steelix|56/100
|move|p2a: Steelix|Earthquake|p1a: Metagross
|-supereffective|p1a: Metagross
|-damage|p1a: Metagross|0 fnt
|faint|p1a: Metagross
|
|-heal|p2a: Steelix|62/100|[from] item: Leftovers
|upkeep
|
|t:|1646596163
|switch|p1a: Celebi|Celebi|94/100
|-damage|p1a: Celebi|82/100|[from] Spikes
|turn|33
|
|t:|1646596166
|move|p1a: Celebi|Giga Drain|p2a: Steelix
|-damage|p2a: Steelix|32/100
|-heal|p1a: Celebi|98/100|[from] drain|[of] p2a: Steelix
|move|p2a: Steelix|Heavy Slam|p1a: Celebi
|-damage|p1a: Celebi|62/100
|
|-heal|p2a: Steelix|38/100|[from] item: Leftovers
|upkeep
|turn|34
|
|t:|1646596169
|move|p1a: Celebi|Giga Drain|p2a: Steelix
|-damage|p2a: Steelix|10/100
|-heal|p1a: Celebi|76/100|[from] drain|[of] p2a: Steelix
|move|p2a: Steelix|Heavy Slam|p1a: Celebi
|-damage|p1a: Celebi|37/100
|
|-heal|p2a: Steelix|17/100|[from] item: Leftovers
|upkeep
|turn|35
|
|t:|1646596172
|move|p1a: Celebi|Giga Drain|p2a: Steelix
|-damage|p2a: Steelix|0 fnt
|-heal|p1a: Celebi|45/100|[from] drain|[of] p2a: Steelix
|faint|p2a: Steelix
|
|upkeep
|
|t:|1646596176
|switch|p2a: Ninjask|Ninjask, F|100/100
|turn|36
|
|t:|1646596179
|move|p1a: Celebi|Giga Drain|p2a: Ninjask
|-resisted|p2a: Ninjask
|-damage|p2a: Ninjask|85/100
|-heal|p1a: Celebi|52/100|[from] drain|[of] p2a: Ninjask
|move|p2a: Ninjask|Acrobatics|p1a: Celebi
|-supereffective|p1a: Celebi
|-damage|p1a: Celebi|0 fnt
|faint|p1a: Celebi
|
|win|PepeDuce
|c|☆PepeDuce|gg
|c|☆Foukrou|gg
|l|☆PepeDuce
|l| PokemonCestDur
|l| Riiion
