|j|☆Glidinganteater
|j|☆margarita monday
|t:|1616171282
|player|p1|Glidinganteater|palmer|1379
|player|p2|margarita monday|221|1294
|teamsize|p1|6
|teamsize|p2|6
|gametype|singles
|gen|8
|tier|[Gen 8] RU
|rated|
|clearpoke
|poke|p1|Xatu, M|
|poke|p1|Steelix, M|
|poke|p1|Zarude|
|poke|p1|Milotic, F|
|poke|p1|Noivern, M|
|poke|p1|Heracross, M|
|poke|p2|Escavalier, F|
|poke|p2|Scrafty, M|
|poke|p2|Darmanitan, F|
|poke|p2|Togekiss, M|
|poke|p2|Magnezone|
|poke|p2|Seismitoad, F|
|rule|Sleep Clause Mod: Limit one foe put to sleep
|rule|Species Clause: Limit one of each Pokémon
|rule|OHKO Clause: OHKO moves are banned
|rule|Evasion Moves Clause: Evasion moves are banned
|rule|Endless Battle Clause: Forcing endless battles is banned
|rule|HP Percentage Mod: HP is shown in percentages
|rule|Dynamax Clause: You cannot dynamax
|teampreview
|
|t:|1616171293
|start
|switch|p1a: Milotic|Milotic, F|100/100
|switch|p2a: Darmanitan|Darmanitan, F|100/100
|turn|1
|
|t:|1616171296
|move|p2a: Darmanitan|U-turn|p1a: Milotic
|-damage|p1a: Milotic|82/100
|
|t:|1616171302
|switch|p2a: Seismitoad|Seismitoad, F|100/100|[from]move: U-turn
|move|p1a: Milotic|Flip Turn|p2a: Seismitoad
|-immune|p2a: Seismitoad|[from] ability: Water Absorb
|
|-heal|p1a: Milotic|88/100|[from] item: Leftovers
|upkeep
|turn|2
|
|t:|1616171305
|switch|p1a: Xatu|Xatu, M|100/100
|move|p2a: Seismitoad|Toxic|p1a: Xatu
|move|p1a: Xatu|Toxic|p2a: Seismitoad|[from]ability: Magic Bounce
|-status|p2a: Seismitoad|tox
|
|-damage|p2a: Seismitoad|94/100 tox|[from] psn
|upkeep
|turn|3
|
|t:|1616171314
|switch|p2a: Magnezone|Magnezone|100/100
|move|p1a: Xatu|U-turn|p2a: Magnezone
|-resisted|p2a: Magnezone
|-damage|p2a: Magnezone|95/100
|
|t:|1616171317
|switch|p1a: Heracross|Heracross, M|100/100|[from]move: U-turn
|
|-status|p1a: Heracross|brn|[from] item: Flame Orb
|upkeep
|turn|4
|
|t:|1616171321
|switch|p2a: Togekiss|Togekiss, M|100/100
|move|p1a: Heracross|Swords Dance|p1a: Heracross
|-boost|p1a: Heracross|atk|2
|
|-damage|p1a: Heracross|95/100 brn|[from] brn
|upkeep
|turn|5
|
|t:|1616171325
|move|p1a: Heracross|Facade|p2a: Togekiss
|-damage|p2a: Togekiss|0 fnt
|faint|p2a: Togekiss
|
|-damage|p1a: Heracross|89/100 brn|[from] brn
|upkeep
|
|t:|1616171330
|switch|p2a: Darmanitan|Darmanitan, F|100/100
|turn|6
|
|t:|1616171333
|switch|p1a: Milotic|Milotic, F|88/100
|move|p2a: Darmanitan|Flare Blitz|p1a: Milotic
|-resisted|p1a: Milotic
|-damage|p1a: Milotic|57/100
|-damage|p2a: Darmanitan|90/100|[from] Recoil
|
|-heal|p1a: Milotic|64/100|[from] item: Leftovers
|upkeep
|turn|7
|
|t:|1616171343
|switch|p2a: Magnezone|Magnezone|95/100
|move|p1a: Milotic|Flip Turn|p2a: Magnezone
|-damage|p2a: Magnezone|83/100
|
|t:|1616171346
|switch|p1a: Heracross|Heracross, M|89/100 brn|[from]move: Flip Turn
|
|-damage|p1a: Heracross|83/100 brn|[from] brn
|upkeep
|turn|8
|
|t:|1616171350
|switch|p2a: Scrafty|Scrafty, M|100/100
|-ability|p2a: Scrafty|Intimidate|boost
|-unboost|p1a: Heracross|atk|1
|move|p1a: Heracross|Close Combat|p2a: Scrafty
|-supereffective|p2a: Scrafty
|-damage|p2a: Scrafty|20/100
|-unboost|p1a: Heracross|def|1
|-unboost|p1a: Heracross|spd|1
|-damage|p1a: Heracross|66/100 brn|[from] item: Rocky Helmet|[of] p2a: Scrafty
|
|-damage|p1a: Heracross|60/100 brn|[from] brn
|upkeep
|turn|9
|
|t:|1616171358
|move|p2a: Scrafty|Protect|p2a: Scrafty
|-singleturn|p2a: Scrafty|Protect
|move|p1a: Heracross|Facade|p2a: Scrafty
|-activate|p2a: Scrafty|move: Protect
|
|-damage|p1a: Heracross|54/100 brn|[from] brn
|upkeep
|turn|10
|
|t:|1616171373
|move|p1a: Heracross|Close Combat|p2a: Scrafty
|-supereffective|p2a: Scrafty
|-damage|p2a: Scrafty|0 fnt
|-unboost|p1a: Heracross|def|1
|-unboost|p1a: Heracross|spd|1
|-damage|p1a: Heracross|37/100 brn|[from] item: Rocky Helmet|[of] p2a: Scrafty
|faint|p2a: Scrafty
|
|-damage|p1a: Heracross|31/100 brn|[from] brn
|upkeep
|
|t:|1616171380
|switch|p2a: Darmanitan|Darmanitan, F|90/100
|turn|11
|
|t:|1616171406
|switch|p1a: Milotic|Milotic, F|64/100
|move|p2a: Darmanitan|Fire Punch|p1a: Milotic
|-resisted|p1a: Milotic
|-damage|p1a: Milotic|43/100
|
|-heal|p1a: Milotic|49/100|[from] item: Leftovers
|upkeep
|turn|12
|
|t:|1616171413
|switch|p2a: Magnezone|Magnezone|83/100
|move|p1a: Milotic|Recover|p1a: Milotic
|-heal|p1a: Milotic|99/100
|
|-heal|p1a: Milotic|100/100|[from] item: Leftovers
|upkeep
|turn|13
|
|t:|1616171418
|switch|p1a: Steelix|Steelix, M|100/100
|switch|p2a: Seismitoad|Seismitoad, F|94/100 tox
|
|-heal|p2a: Seismitoad|100/100 tox|[from] item: Leftovers
|-damage|p2a: Seismitoad|94/100 tox|[from] psn
|upkeep
|turn|14
|
|t:|1616171424
|switch|p1a: Xatu|Xatu, M|100/100
|move|p2a: Seismitoad|Scald|p1a: Xatu
|-damage|p1a: Xatu|60/100
|-status|p1a: Xatu|brn
|
|-heal|p2a: Seismitoad|100/100 tox|[from] item: Leftovers
|-damage|p1a: Xatu|54/100 brn|[from] brn
|-damage|p2a: Seismitoad|88/100 tox|[from] psn
|upkeep
|turn|15
|
|t:|1616171432
|switch|p2a: Escavalier|Escavalier, F|100/100
|move|p1a: Xatu|Roost|p1a: Xatu
|-heal|p1a: Xatu|100/100 brn
|-singleturn|p1a: Xatu|move: Roost
|
|-damage|p1a: Xatu|95/100 brn|[from] brn
|upkeep
|turn|16
|
|t:|1616171437
|move|p1a: Xatu|Heat Wave|p2a: Escavalier
|-supereffective|p2a: Escavalier
|-damage|p2a: Escavalier|39/100
|move|p2a: Escavalier|Swords Dance|p2a: Escavalier
|-boost|p2a: Escavalier|atk|2
|
|-heal|p2a: Escavalier|45/100|[from] item: Leftovers
|-damage|p1a: Xatu|89/100 brn|[from] brn
|upkeep
|turn|17
|
|t:|1616171441
|move|p1a: Xatu|Heat Wave|p2a: Escavalier
|-supereffective|p2a: Escavalier
|-damage|p2a: Escavalier|0 fnt
|faint|p2a: Escavalier
|
|-damage|p1a: Xatu|83/100 brn|[from] brn
|upkeep
|-message|margarita monday forfeited.
|
|win|Glidinganteater
|raw|Glidinganteater's rating: 1379 &rarr; <strong>1394</strong><br />(+15 for winning)
|raw|margarita monday's rating: 1294 &rarr; <strong>1275</strong><br />(-19 for losing)
|l|☆margarita monday
