|j|☆TimBasedGod
|j|☆Saltator
|player|p1|TimBasedGod|184|1287
|player|p2|Saltator|270|1227
|teamsize|p1|6
|teamsize|p2|6
|gametype|singles
|gen|8
|tier|[Gen 8] RU
|rated|
|clearpoke
|poke|p1|Hitmonlee, M|
|poke|p1|Mudsdale, M|
|poke|p1|Mr. Rime, M|
|poke|p1|Torkoal, M|
|poke|p1|Flapple, M|
|poke|p1|Jolteon, F|
|poke|p2|Drifblim, F|
|poke|p2|Rhydon, F|
|poke|p2|Salazzle, F|
|poke|p2|Sigilyph, M|
|poke|p2|Vaporeon, M|
|poke|p2|Bewear, F|
|rule|Sleep Clause Mod: Limit one foe put to sleep
|rule|Species Clause: Limit one of each Pokémon
|rule|OHKO Clause: OHKO moves are banned
|rule|Evasion Moves Clause: Evasion moves are banned
|rule|Endless Battle Clause: Forcing endless battles is banned
|rule|HP Percentage Mod: HP is shown in percentages
|rule|Dynamax Clause: You cannot dynamax
|teampreview
|
|start
|switch|p1a: Flapple|Flapple, M|100/100
|switch|p2a: Salazzle|Salazzle, F|100/100
|turn|1
|
|switch|p1a: Torkoal|Torkoal, M|100/100
|-weather|SunnyDay|[from] ability: Drought|[of] p1a: Torkoal
|move|p2a: Salazzle|Toxic|p1a: Torkoal
|-status|p1a: Torkoal|tox
|
|-weather|SunnyDay|[upkeep]
|-damage|p1a: Torkoal|94/100 tox|[from] psn
|upkeep
|turn|2
|inactive|Battle timer is ON: inactive players will automatically lose when time's up. (requested by TimBasedGod)
|
|move|p2a: Salazzle|Sludge Wave|p1a: Torkoal
|-damage|p1a: Torkoal|53/100 tox
|move|p1a: Torkoal|Yawn|p2a: Salazzle
|-start|p2a: Salazzle|move: Yawn|[of] p1a: Torkoal
|
|-weather|SunnyDay|[upkeep]
|-damage|p1a: Torkoal|41/100 tox|[from] psn
|upkeep
|turn|3
|inactive|TimBasedGod has 120 seconds left.
|
|switch|p2a: Drifblim|Drifblim, F|100/100
|move|p1a: Torkoal|Lava Plume|p2a: Drifblim
|-damage|p2a: Drifblim|64/100
|-status|p2a: Drifblim|brn
|
|-weather|SunnyDay|[upkeep]
|-damage|p2a: Drifblim|58/100 brn|[from] brn
|-damage|p1a: Torkoal|23/100 tox|[from] psn
|upkeep
|turn|4
|inactive|TimBasedGod has 120 seconds left.
|
|move|p2a: Drifblim|Hex|p1a: Torkoal
|-damage|p1a: Torkoal|0 fnt
|faint|p1a: Torkoal
|
|-weather|SunnyDay|[upkeep]
|-damage|p2a: Drifblim|52/100 brn|[from] brn
|upkeep
|
|switch|p1a: Jolteon|Jolteon, F|100/100
|turn|5
|
|switch|p2a: This Pole|Rhydon, F|100/100
|move|p1a: Jolteon|Shadow Ball|p2a: This Pole
|-damage|p2a: This Pole|83/100
|
|-weather|none
|upkeep
|turn|6
|
|switch|p1a: Mudsdale|Mudsdale, M|100/100
|move|p2a: This Pole|Stealth Rock|p1a: Mudsdale
|-sidestart|p1: TimBasedGod|move: Stealth Rock
|
|upkeep
|turn|7
|
|switch|p2a: Drifblim|Drifblim, F|52/100 brn
|move|p1a: Mudsdale|Stealth Rock|p2a: Drifblim
|-sidestart|p2: Saltator|move: Stealth Rock
|
|-damage|p2a: Drifblim|46/100 brn|[from] brn
|upkeep
|turn|8
|
|switch|p1a: Jolteon|Jolteon, F|100/100
|-damage|p1a: Jolteon|88/100|[from] Stealth Rock
|move|p2a: Drifblim|Will-O-Wisp|p1a: Jolteon
|-status|p1a: Jolteon|brn
|
|-damage|p1a: Jolteon|82/100 brn|[from] brn
|-damage|p2a: Drifblim|40/100 brn|[from] brn
|upkeep
|turn|9
|
|switch|p1a: Flapple|Flapple, M|100/100
|-damage|p1a: Flapple|88/100|[from] Stealth Rock
|switch|p2a: Bewear|Bewear, F|100/100
|-damage|p2a: Bewear|94/100|[from] Stealth Rock
|
|upkeep
|turn|10
|
|move|p2a: Bewear|Close Combat|p1a: Flapple
|-damage|p1a: Flapple|0 fnt
|-unboost|p2a: Bewear|def|1
|-unboost|p2a: Bewear|spd|1
|faint|p1a: Flapple
|
|upkeep
|inactive|TimBasedGod has 120 seconds left.
|
|switch|p1a: Mr. Rime|Mr. Rime, M|100/100
|-damage|p1a: Mr. Rime|76/100|[from] Stealth Rock
|turn|11
|
|move|p1a: Mr. Rime|Psychic|p2a: Bewear
|-supereffective|p2a: Bewear
|-damage|p2a: Bewear|0 fnt
|faint|p2a: Bewear
|
|upkeep
|
|switch|p2a: Salazzle|Salazzle, F|100/100
|-damage|p2a: Salazzle|76/100|[from] Stealth Rock
|turn|12
|
|move|p1a: Mr. Rime|Psychic|p2a: Salazzle
|-supereffective|p2a: Salazzle
|-damage|p2a: Salazzle|0 fnt
|faint|p2a: Salazzle
|
|upkeep
|
|switch|p2a: Sigilyph|Sigilyph, M|100/100
|turn|13
|
|move|p1a: Mr. Rime|Psychic|p2a: Sigilyph
|-resisted|p2a: Sigilyph
|-damage|p2a: Sigilyph|73/100
|move|p2a: Sigilyph|Psychic|p1a: Mr. Rime
|-resisted|p1a: Mr. Rime
|-damage|p1a: Mr. Rime|47/100
|
|upkeep
|turn|14
|
|switch|p1a: Jolteon|Jolteon, F|82/100 brn
|-damage|p1a: Jolteon|70/100 brn|[from] Stealth Rock
|move|p2a: Sigilyph|Calm Mind|p2a: Sigilyph
|-boost|p2a: Sigilyph|spa|1
|-boost|p2a: Sigilyph|spd|1
|
|-damage|p1a: Jolteon|64/100 brn|[from] brn
|upkeep
|turn|15
|
|move|p1a: Jolteon|Thunderbolt|p2a: Sigilyph
|-supereffective|p2a: Sigilyph
|-damage|p2a: Sigilyph|0 fnt
|faint|p2a: Sigilyph
|
|-damage|p1a: Jolteon|58/100 brn|[from] brn
|upkeep
|
|switch|p2a: This Pole|Rhydon, F|83/100
|-damage|p2a: This Pole|77/100|[from] Stealth Rock
|turn|16
|
|switch|p1a: Mudsdale|Mudsdale, M|100/100
|-damage|p1a: Mudsdale|94/100|[from] Stealth Rock
|switch|p2a: Vaporeon|Vaporeon, M|100/100
|-damage|p2a: Vaporeon|88/100|[from] Stealth Rock
|
|-heal|p2a: Vaporeon|94/100|[from] item: Leftovers
|-heal|p1a: Mudsdale|100/100|[from] item: Leftovers
|upkeep
|turn|17
|
|switch|p1a: Jolteon|Jolteon, F|58/100 brn
|-damage|p1a: Jolteon|46/100 brn|[from] Stealth Rock
|move|p2a: Vaporeon|Scald|p1a: Jolteon
|-damage|p1a: Jolteon|21/100 brn
|
|-heal|p2a: Vaporeon|100/100|[from] item: Leftovers
|-damage|p1a: Jolteon|15/100 brn|[from] brn
|upkeep
|turn|18
|
|move|p1a: Jolteon|Thunderbolt|p2a: Vaporeon
|-supereffective|p2a: Vaporeon
|-crit|p2a: Vaporeon
|-damage|p2a: Vaporeon|9/100
|move|p2a: Vaporeon|Wish|p2a: Vaporeon
|
|-heal|p2a: Vaporeon|15/100|[from] item: Leftovers
|-damage|p1a: Jolteon|9/100 brn|[from] brn
|upkeep
|turn|19
|
|move|p2a: Vaporeon|Protect|p2a: Vaporeon
|-singleturn|p2a: Vaporeon|Protect
|move|p1a: Jolteon|Thunderbolt|p2a: Vaporeon
|-activate|p2a: Vaporeon|move: Protect
|
|-heal|p2a: Vaporeon|65/100|[from] move: Wish|[wisher] Vaporeon
|-heal|p2a: Vaporeon|71/100|[from] item: Leftovers
|-damage|p1a: Jolteon|3/100 brn|[from] brn
|upkeep
|turn|20
|
|move|p1a: Jolteon|Shadow Ball|p2a: Vaporeon
|-damage|p2a: Vaporeon|51/100
|move|p2a: Vaporeon|Wish|p2a: Vaporeon
|
|-heal|p2a: Vaporeon|57/100|[from] item: Leftovers
|-damage|p1a: Jolteon|0 fnt|[from] brn
|faint|p1a: Jolteon
|upkeep
|
|switch|p1a: Mr. Rime|Mr. Rime, M|47/100
|-damage|p1a: Mr. Rime|22/100|[from] Stealth Rock
|turn|21
|
|move|p2a: Vaporeon|Protect|p2a: Vaporeon
|-singleturn|p2a: Vaporeon|Protect
|move|p1a: Mr. Rime|Trick|p2a: Vaporeon
|-activate|p2a: Vaporeon|move: Protect
|
|-heal|p2a: Vaporeon|100/100|[from] move: Wish|[wisher] Vaporeon
|upkeep
|turn|22
|
|move|p1a: Mr. Rime|Trick|p2a: Vaporeon
|-activate|p1a: Mr. Rime|move: Trick|[of] p2a: Vaporeon
|-item|p2a: Vaporeon|Choice Scarf|[from] move: Trick
|-item|p1a: Mr. Rime|Leftovers|[from] move: Trick
|move|p2a: Vaporeon|Scald|p1a: Mr. Rime
|-damage|p1a: Mr. Rime|0 fnt
|faint|p1a: Mr. Rime
|
|upkeep
|
|switch|p1a: Hitmonlee|Hitmonlee, M|100/100
|-damage|p1a: Hitmonlee|94/100|[from] Stealth Rock
|turn|23
|
|move|p1a: Hitmonlee|Fake Out|p2a: Vaporeon
|-enditem|p1a: Hitmonlee|Normal Gem|[from] gem|[move] Fake Out
|-damage|p2a: Vaporeon|87/100
|cant|p2a: Vaporeon|flinch
|
|upkeep
|turn|24
|
|move|p1a: Hitmonlee|Close Combat|p2a: Vaporeon
|-damage|p2a: Vaporeon|36/100
|-unboost|p1a: Hitmonlee|def|1
|-unboost|p1a: Hitmonlee|spd|1
|move|p2a: Vaporeon|Scald|p1a: Hitmonlee
|-damage|p1a: Hitmonlee|37/100
|
|upkeep
|turn|25
|
|switch|p2a: Drifblim|Drifblim, F|40/100 brn
|move|p1a: Hitmonlee|Close Combat|p2a: Drifblim
|-immune|p2a: Drifblim
|
|-damage|p2a: Drifblim|34/100 brn|[from] brn
|upkeep
|turn|26
|
|move|p1a: Hitmonlee|Throat Chop|p2a: Drifblim
|-supereffective|p2a: Drifblim
|-damage|p2a: Drifblim|0 fnt
|-damage|p1a: Hitmonlee|12/100|[from] ability: Aftermath|[of] p2a: Drifblim
|faint|p2a: Drifblim
|
|upkeep
|
|switch|p2a: This Pole|Rhydon, F|77/100
|-damage|p2a: This Pole|71/100|[from] Stealth Rock
|turn|27
|
|move|p1a: Hitmonlee|Close Combat|p2a: This Pole
|-supereffective|p2a: This Pole
|-damage|p2a: This Pole|13/100
|-unboost|p1a: Hitmonlee|def|1
|-unboost|p1a: Hitmonlee|spd|1
|move|p2a: This Pole|Earthquake|p1a: Hitmonlee
|-damage|p1a: Hitmonlee|0 fnt
|faint|p1a: Hitmonlee
|
|upkeep
|
|switch|p1a: Mudsdale|Mudsdale, M|100/100
|-damage|p1a: Mudsdale|94/100|[from] Stealth Rock
|turn|28
|
|move|p2a: This Pole|Earthquake|p1a: Mudsdale
|-damage|p1a: Mudsdale|62/100
|-ability|p1a: Mudsdale|Stamina|boost
|-boost|p1a: Mudsdale|def|1
|move|p1a: Mudsdale|Earthquake|p2a: This Pole
|-supereffective|p2a: This Pole
|-damage|p2a: This Pole|0 fnt
|faint|p2a: This Pole
|
|-heal|p1a: Mudsdale|68/100|[from] item: Leftovers
|upkeep
|
|switch|p2a: Vaporeon|Vaporeon, M|36/100
|-damage|p2a: Vaporeon|24/100|[from] Stealth Rock
|turn|29
|
|move|p2a: Vaporeon|Scald|p1a: Mudsdale
|-supereffective|p1a: Mudsdale
|-damage|p1a: Mudsdale|7/100
|-ability|p1a: Mudsdale|Stamina|boost
|-boost|p1a: Mudsdale|def|1
|-status|p1a: Mudsdale|brn
|move|p1a: Mudsdale|Earthquake|p2a: Vaporeon
|-damage|p2a: Vaporeon|8/100
|
|-heal|p1a: Mudsdale|14/100 brn|[from] item: Leftovers
|-damage|p1a: Mudsdale|7/100 brn|[from] brn
|upkeep
|turn|30
|
|move|p2a: Vaporeon|Scald|p1a: Mudsdale
|-supereffective|p1a: Mudsdale
|-damage|p1a: Mudsdale|0 fnt
|faint|p1a: Mudsdale
|
|win|Saltator
|raw|TimBasedGod's rating: 1287 &rarr; <strong>1259</strong><br />(-28 for losing)
|raw|Saltator's rating: 1245 &rarr; <strong>1273</strong><br />(+28 for winning)
