|j|☆Alison Hargreeves
|j|☆DirtySpriteTwo
|player|p1|Alison Hargreeves|drasna|
|player|p2|DirtySpriteTwo|korrina|
|teamsize|p1|6
|teamsize|p2|6
|gametype|singles
|gen|8
|tier|[Gen 8] RU
|clearpoke
|poke|p1|Dhelmise|
|poke|p1|Drampa, M|
|poke|p1|Jellicent, M|
|poke|p1|Passimian, M|
|poke|p1|Salazzle, F|
|poke|p1|Steelix, F|
|poke|p2|Decidueye, M|
|poke|p2|Vaporeon, M|
|poke|p2|Rhydon, M|
|poke|p2|Charizard, F|
|poke|p2|Snorlax, M|
|poke|p2|Passimian, F|
|rule|Sleep Clause Mod: Limit one foe put to sleep
|rule|Species Clause: Limit one of each Pokémon
|rule|OHKO Clause: OHKO moves are banned
|rule|Evasion Moves Clause: Evasion moves are banned
|rule|Endless Battle Clause: Forcing endless battles is banned
|rule|HP Percentage Mod: HP is shown in percentages
|rule|Dynamax Clause: You cannot dynamax
|teampreview
|c|☆DirtySpriteTwo|hf
|c|☆Alison Hargreeves|u2
|j| Expulso
|j| daunt vs
|j| Mac3
|c| Mac3|wats this for
|c|☆DirtySpriteTwo|fun
|c| Mac3|ohk
|j| BEST INTEREST
|c|☆Alison Hargreeves|wow
|c|☆Alison Hargreeves|we have an audience
|
|start
|switch|p1a: Jellicent|Jellicent, M|100/100
|switch|p2a: Passimian|Passimian, F|100/100
|turn|1
|c|☆DirtySpriteTwo|LOL
|
|move|p2a: Passimian|U-turn|p1a: Jellicent
|-resisted|p1a: Jellicent
|-damage|p1a: Jellicent|86/100
|
|switch|p2a: Decidueye|Decidueye, M, shiny|100/100|[from]move: U-turn
|move|p1a: Jellicent|Shadow Ball|p2a: Decidueye
|-supereffective|p2a: Decidueye
|-damage|p2a: Decidueye|0 fnt
|faint|p2a: Decidueye
|
|upkeep
|c|☆Alison Hargreeves|LOL
|c|☆DirtySpriteTwo|You’re a crackhead bro
|c| Mac3|crazy
|c|☆DirtySpriteTwo|LOL
|
|switch|p2a: Snorlax|Snorlax, M|100/100
|turn|2
|
|switch|p1a: Dhelmise|Dhelmise|100/100
|switch|p2a: Charizard|Charizard, F|100/100
|
|upkeep
|turn|3
|l| BEST INTEREST
|
|switch|p1a: Drampa|Drampa, M|100/100
|move|p2a: Charizard|Toxic|p1a: Drampa
|-status|p1a: Drampa|tox
|
|-damage|p1a: Drampa|94/100 tox|[from] psn
|upkeep
|turn|4
|c| Mac3|didnt approve
|c| Mac3|of that set
|
|switch|p2a: Snorlax|Snorlax, M|100/100
|switch|p1a: Dhelmise|Dhelmise|100/100
|
|upkeep
|turn|5
|
|switch|p2a: Charizard|Charizard, F|100/100
|move|p1a: Dhelmise|Anchor Shot|p2a: Charizard
|-resisted|p2a: Charizard
|-damage|p2a: Charizard|74/100
|-activate|p2a: Charizard|trapped
|
|upkeep
|turn|6
|c|☆Alison Hargreeves|ALWAYS CONFIDE IN THE ONE!
|
|switch|p1a: Drampa|Drampa, M|94/100 tox
|move|p2a: Charizard|Flamethrower|p1a: Drampa
|-resisted|p1a: Drampa
|-damage|p1a: Drampa|80/100 tox
|
|-heal|p1a: Drampa|87/100 tox|[from] item: Leftovers
|-damage|p1a: Drampa|80/100 tox|[from] psn
|upkeep
|turn|7
|
|switch|p2a: Snorlax|Snorlax, M|100/100
|move|p1a: Drampa|Thunderbolt|p2a: Snorlax
|-damage|p2a: Snorlax|86/100
|
|-heal|p1a: Drampa|87/100 tox|[from] item: Leftovers
|-heal|p2a: Snorlax|92/100|[from] item: Leftovers
|-damage|p1a: Drampa|74/100 tox|[from] psn
|upkeep
|turn|8
|
|switch|p1a: Steelix|Steelix, F|100/100
|move|p2a: Snorlax|Curse|p2a: Snorlax
|-unboost|p2a: Snorlax|spe|1
|-boost|p2a: Snorlax|atk|1
|-boost|p2a: Snorlax|def|1
|
|-heal|p2a: Snorlax|98/100|[from] item: Leftovers
|upkeep
|turn|9
|
|move|p1a: Steelix|Toxic|p2a: Snorlax
|-status|p2a: Snorlax|tox
|move|p2a: Snorlax|Body Slam|p1a: Steelix
|-resisted|p1a: Steelix
|-damage|p1a: Steelix|89/100
|-status|p1a: Steelix|par
|
|-heal|p2a: Snorlax|100/100 tox|[from] item: Leftovers
|-heal|p1a: Steelix|95/100 par|[from] item: Leftovers
|-damage|p2a: Snorlax|94/100 tox|[from] psn
|upkeep
|turn|10
|
|switch|p2a: Vaporeon|Vaporeon, M|100/100
|switch|p1a: Jellicent|Jellicent, M|86/100
|
|upkeep
|turn|11
|
|move|p2a: Vaporeon|Protect|p2a: Vaporeon
|-singleturn|p2a: Vaporeon|Protect
|move|p1a: Jellicent|Shadow Ball|p2a: Vaporeon
|-activate|p2a: Vaporeon|move: Protect
|
|upkeep
|turn|12
|
|move|p1a: Jellicent|Shadow Ball|p2a: Vaporeon
|-damage|p2a: Vaporeon|69/100
|move|p2a: Vaporeon|Heal Bell|p2a: Vaporeon
|-activate|p2a: Vaporeon|move: Heal Bell
|-curestatus|p2: Snorlax|tox|[msg]
|
|-heal|p2a: Vaporeon|76/100|[from] item: Leftovers
|upkeep
|turn|13
|
|switch|p1a: Dhelmise|Dhelmise|100/100
|move|p2a: Vaporeon|Scald|p1a: Dhelmise
|-resisted|p1a: Dhelmise
|-damage|p1a: Dhelmise|81/100
|-status|p1a: Dhelmise|brn
|
|-heal|p2a: Vaporeon|82/100|[from] item: Leftovers
|-damage|p1a: Dhelmise|75/100 brn|[from] brn
|upkeep
|turn|14
|c|☆DirtySpriteTwo|not today
|
|switch|p2a: Charizard|Charizard, F|74/100
|move|p1a: Dhelmise|Power Whip|p2a: Charizard|[miss]
|-miss|p1a: Dhelmise|p2a: Charizard
|
|-damage|p1a: Dhelmise|69/100 brn|[from] brn
|upkeep
|turn|15
|
|switch|p1a: Drampa|Drampa, M|74/100 tox
|move|p2a: Charizard|Roost|p2a: Charizard
|-heal|p2a: Charizard|100/100
|-singleturn|p2a: Charizard|move: Roost
|
|-heal|p1a: Drampa|80/100 tox|[from] item: Leftovers
|-damage|p1a: Drampa|74/100 tox|[from] psn
|upkeep
|turn|16
|
|switch|p2a: Snorlax|Snorlax, M|94/100
|switch|p1a: Passimian|Passimian, M|100/100
|
|-heal|p2a: Snorlax|100/100|[from] item: Leftovers
|upkeep
|turn|17
|
|move|p1a: Passimian|Knock Off|p2a: Snorlax
|-damage|p2a: Snorlax|79/100
|-enditem|p2a: Snorlax|Leftovers|[from] move: Knock Off|[of] p1a: Passimian
|move|p2a: Snorlax|Body Slam|p1a: Passimian
|-damage|p1a: Passimian|64/100
|
|upkeep
|turn|18
|
|switch|p1a: Steelix|Steelix, F|95/100 par
|switch|p2a: Charizard|Charizard, F|100/100
|
|-heal|p1a: Steelix|100/100 par|[from] item: Leftovers
|upkeep
|turn|19
|
|move|p2a: Charizard|Flamethrower|p1a: Steelix
|-supereffective|p1a: Steelix
|-damage|p1a: Steelix|45/100 par
|cant|p1a: Steelix|par
|
|-heal|p1a: Steelix|51/100 par|[from] item: Leftovers
|upkeep
|turn|20
|
|switch|p1a: Drampa|Drampa, M|74/100 tox
|move|p2a: Charizard|Flamethrower|p1a: Drampa
|-resisted|p1a: Drampa
|-damage|p1a: Drampa|62/100 tox
|
|-heal|p1a: Drampa|68/100 tox|[from] item: Leftovers
|-damage|p1a: Drampa|62/100 tox|[from] psn
|upkeep
|turn|21
|
|switch|p2a: Snorlax|Snorlax, M|79/100
|switch|p1a: Passimian|Passimian, M|64/100
|
|upkeep
|turn|22
|
|switch|p2a: Charizard|Charizard, F|100/100
|move|p1a: Passimian|Knock Off|p2a: Charizard
|-damage|p2a: Charizard|63/100
|-enditem|p2a: Charizard|Heavy-Duty Boots|[from] move: Knock Off|[of] p1a: Passimian
|
|upkeep
|turn|23
|
|switch|p1a: Drampa|Drampa, M|62/100 tox
|move|p2a: Charizard|Flamethrower|p1a: Drampa
|-resisted|p1a: Drampa
|-damage|p1a: Drampa|48/100 tox
|
|-heal|p1a: Drampa|54/100 tox|[from] item: Leftovers
|-damage|p1a: Drampa|48/100 tox|[from] psn
|upkeep
|turn|24
|
|switch|p2a: Snorlax|Snorlax, M|79/100
|move|p1a: Drampa|Roost|p1a: Drampa
|-heal|p1a: Drampa|98/100 tox
|-singleturn|p1a: Drampa|move: Roost
|
|-heal|p1a: Drampa|100/100 tox|[from] item: Leftovers
|-damage|p1a: Drampa|88/100 tox|[from] psn
|upkeep
|turn|25
|
|switch|p1a: Jellicent|Jellicent, M|86/100
|move|p2a: Snorlax|Curse|p2a: Snorlax
|-unboost|p2a: Snorlax|spe|1
|-boost|p2a: Snorlax|atk|1
|-boost|p2a: Snorlax|def|1
|
|upkeep
|turn|26
|
|move|p1a: Jellicent|Water Spout|p2a: Snorlax
|-damage|p2a: Snorlax|36/100
|move|p2a: Snorlax|Darkest Lariat|p1a: Jellicent
|-supereffective|p1a: Jellicent
|-damage|p1a: Jellicent|9/100
|
|upkeep
|turn|27
|
|switch|p1a: Passimian|Passimian, M|64/100
|move|p2a: Snorlax|Rest|p2a: Snorlax
|-status|p2a: Snorlax|slp|[from] move: Rest
|-heal|p2a: Snorlax|100/100 slp|[silent]
|
|upkeep
|turn|28
|
|switch|p2a: Charizard|Charizard, F|63/100
|move|p1a: Passimian|Close Combat|p2a: Charizard
|-resisted|p2a: Charizard
|-damage|p2a: Charizard|32/100
|-unboost|p1a: Passimian|def|1
|-unboost|p1a: Passimian|spd|1
|
|upkeep
|turn|29
|
|move|p1a: Passimian|Close Combat|p2a: Charizard
|-resisted|p2a: Charizard
|-damage|p2a: Charizard|0 fnt
|-unboost|p1a: Passimian|def|1
|-unboost|p1a: Passimian|spd|1
|faint|p2a: Charizard
|
|upkeep
|l| daunt vs
|
|switch|p2a: Passimian|Passimian, F|100/100
|turn|30
|c|☆Alison Hargreeves|amazing fighting type check
|c|☆Alison Hargreeves|btw
|
|switch|p1a: Dhelmise|Dhelmise|69/100 brn
|move|p2a: Passimian|Knock Off|p1a: Dhelmise
|-supereffective|p1a: Dhelmise
|-enditem|p1a: Dhelmise|Colbur Berry|[eat]
|-enditem|p1a: Dhelmise|Colbur Berry|[weaken]
|-damage|p1a: Dhelmise|33/100 brn
|
|-damage|p1a: Dhelmise|27/100 brn|[from] brn
|upkeep
|turn|31
|
|switch|p1a: Steelix|Steelix, F|51/100 par
|move|p2a: Passimian|Knock Off|p1a: Steelix
|-damage|p1a: Steelix|35/100 par
|-enditem|p1a: Steelix|Leftovers|[from] move: Knock Off|[of] p2a: Passimian
|
|upkeep
|turn|32
|
|switch|p2a: Vaporeon|Vaporeon, M|82/100
|move|p1a: Steelix|Stealth Rock|p2a: Vaporeon
|-sidestart|p2: DirtySpriteTwo|move: Stealth Rock
|
|-heal|p2a: Vaporeon|88/100|[from] item: Leftovers
|upkeep
|turn|33
|
|switch|p1a: Jellicent|Jellicent, M|9/100
|move|p2a: Vaporeon|Heal Bell|p2a: Vaporeon
|-activate|p2a: Vaporeon|move: Heal Bell
|-curestatus|p2: Snorlax|slp|[msg]
|
|-heal|p2a: Vaporeon|94/100|[from] item: Leftovers
|upkeep
|turn|34
|
|switch|p2a: Snorlax|Snorlax, M|100/100
|-damage|p2a: Snorlax|88/100|[from] Stealth Rock
|move|p1a: Jellicent|Hydro Pump|p2a: Snorlax
|-damage|p2a: Snorlax|47/100
|
|upkeep
|turn|35
|
|switch|p2a: Vaporeon|Vaporeon, M|94/100
|-damage|p2a: Vaporeon|82/100|[from] Stealth Rock
|move|p1a: Jellicent|Hydro Pump|p2a: Vaporeon
|-heal|p2a: Vaporeon|100/100|[from] ability: Water Absorb|[of] p1a: Jellicent
|
|upkeep
|turn|36
|
|switch|p1a: Dhelmise|Dhelmise|27/100 brn
|move|p2a: Vaporeon|Wish|p2a: Vaporeon
|
|-damage|p1a: Dhelmise|21/100 brn|[from] brn
|upkeep
|turn|37
|
|switch|p2a: Snorlax|Snorlax, M|47/100
|-damage|p2a: Snorlax|34/100|[from] Stealth Rock
|move|p1a: Dhelmise|Synthesis|p1a: Dhelmise
|-heal|p1a: Dhelmise|71/100 brn
|
|-heal|p2a: Snorlax|79/100|[from] move: Wish|[wisher] Vaporeon
|-damage|p1a: Dhelmise|65/100 brn|[from] brn
|upkeep
|turn|38
|
|switch|p1a: Jellicent|Jellicent, M|9/100
|move|p2a: Snorlax|Curse|p2a: Snorlax
|-unboost|p2a: Snorlax|spe|1
|-boost|p2a: Snorlax|atk|1
|-boost|p2a: Snorlax|def|1
|
|upkeep
|turn|39
|
|move|p1a: Jellicent|Hydro Pump|p2a: Snorlax
|-damage|p2a: Snorlax|41/100
|move|p2a: Snorlax|Darkest Lariat|p1a: Jellicent
|-supereffective|p1a: Jellicent
|-damage|p1a: Jellicent|0 fnt
|faint|p1a: Jellicent
|
|upkeep
|
|switch|p1a: Passimian|Passimian, M|64/100
|turn|40
|
|move|p1a: Passimian|Close Combat|p2a: Snorlax
|-supereffective|p2a: Snorlax
|-damage|p2a: Snorlax|0 fnt
|-unboost|p1a: Passimian|def|1
|-unboost|p1a: Passimian|spd|1
|faint|p2a: Snorlax
|
|upkeep
|
|switch|p2a: Passimian|Passimian, F|100/100
|-damage|p2a: Passimian|94/100|[from] Stealth Rock
|turn|41
|
|switch|p1a: Salazzle|Salazzle, F|100/100
|move|p2a: Passimian|Close Combat|p1a: Salazzle
|-resisted|p1a: Salazzle
|-damage|p1a: Salazzle|45/100
|-unboost|p2a: Passimian|def|1
|-unboost|p2a: Passimian|spd|1
|
|upkeep
|turn|42
|
|switch|p1a: Dhelmise|Dhelmise|65/100 brn
|move|p2a: Passimian|Close Combat|p1a: Dhelmise
|-immune|p1a: Dhelmise
|
|-damage|p1a: Dhelmise|59/100 brn|[from] brn
|upkeep
|turn|43
|
|switch|p2a: Rhydon|Rhydon, M|100/100
|-damage|p2a: Rhydon|94/100|[from] Stealth Rock
|move|p1a: Dhelmise|Power Whip|p2a: Rhydon|[miss]
|-miss|p1a: Dhelmise|p2a: Rhydon
|
|-damage|p1a: Dhelmise|53/100 brn|[from] brn
|upkeep
|turn|44
|
|move|p1a: Dhelmise|Synthesis|p1a: Dhelmise
|-heal|p1a: Dhelmise|100/100 brn
|move|p2a: Rhydon|Rock Blast|p1a: Dhelmise
|-damage|p1a: Dhelmise|86/100 brn
|-damage|p1a: Dhelmise|70/100 brn
|-damage|p1a: Dhelmise|56/100 brn
|-hitcount|p1a: Dhelmise|3
|
|-damage|p1a: Dhelmise|50/100 brn|[from] brn
|upkeep
|turn|45
|
|move|p1a: Dhelmise|Power Whip|p2a: Rhydon|[miss]
|-miss|p1a: Dhelmise|p2a: Rhydon
|move|p2a: Rhydon|Swords Dance|p2a: Rhydon
|-boost|p2a: Rhydon|atk|2
|
|-damage|p1a: Dhelmise|44/100 brn|[from] brn
|upkeep
|turn|46
|c|☆Alison Hargreeves|HIT
|c| Mac3|^
|
|move|p1a: Dhelmise|Power Whip|p2a: Rhydon
|-supereffective|p2a: Rhydon
|-damage|p2a: Rhydon|32/100
|move|p2a: Rhydon|Rock Blast|p1a: Dhelmise
|-damage|p1a: Dhelmise|15/100 brn
|-damage|p1a: Dhelmise|0 fnt
|-hitcount|p1a: Dhelmise|2
|faint|p1a: Dhelmise
|
|upkeep
|c|☆DirtySpriteTwo|Ez
|
|switch|p1a: Passimian|Passimian, M|64/100
|turn|47
|
|move|p1a: Passimian|Close Combat|p2a: Rhydon
|-supereffective|p2a: Rhydon
|-damage|p2a: Rhydon|0 fnt
|-unboost|p1a: Passimian|def|1
|-unboost|p1a: Passimian|spd|1
|faint|p2a: Rhydon
|
|upkeep
|
|switch|p2a: Passimian|Passimian, F|94/100
|-damage|p2a: Passimian|88/100|[from] Stealth Rock
|turn|48
|
|switch|p1a: Steelix|Steelix, F|35/100 par
|move|p2a: Passimian|Close Combat|p1a: Steelix
|-supereffective|p1a: Steelix
|-damage|p1a: Steelix|0 fnt
|-unboost|p2a: Passimian|def|1
|-unboost|p2a: Passimian|spd|1
|faint|p1a: Steelix
|
|upkeep
|
|switch|p1a: Passimian|Passimian, M|64/100
|turn|49
|c|☆Alison Hargreeves|win
|c|☆Alison Hargreeves|speed
|c|☆Alison Hargreeves|tie
|
|move|p2a: Passimian|Close Combat|p1a: Passimian
|-damage|p1a: Passimian|1/100
|-unboost|p2a: Passimian|def|1
|-unboost|p2a: Passimian|spd|1
|move|p1a: Passimian|Close Combat|p2a: Passimian
|-damage|p2a: Passimian|0 fnt
|-unboost|p1a: Passimian|def|1
|-unboost|p1a: Passimian|spd|1
|faint|p2a: Passimian
|
|upkeep
|c|☆DirtySpriteTwo|Ur not getting it bro
|c|☆Alison Hargreeves|LOL
|c|☆Alison Hargreeves|YES
|
|switch|p2a: Vaporeon|Vaporeon, M|100/100
|-damage|p2a: Vaporeon|88/100|[from] Stealth Rock
|turn|50
|
|move|p2a: Vaporeon|Protect|p2a: Vaporeon
|-singleturn|p2a: Vaporeon|Protect
|move|p1a: Passimian|Close Combat|p2a: Vaporeon
|-activate|p2a: Vaporeon|move: Protect
|
|-heal|p2a: Vaporeon|94/100|[from] item: Leftovers
|upkeep
|turn|51
|
|move|p1a: Passimian|Close Combat|p2a: Vaporeon
|-damage|p2a: Vaporeon|27/100
|-unboost|p1a: Passimian|def|1
|-unboost|p1a: Passimian|spd|1
|move|p2a: Vaporeon|Scald|p1a: Passimian
|-damage|p1a: Passimian|0 fnt
|faint|p1a: Passimian
|
|-heal|p2a: Vaporeon|33/100|[from] item: Leftovers
|upkeep
|
|switch|p1a: Drampa|Drampa, M|88/100 tox
|turn|52
|
|move|p2a: Vaporeon|Wish|p2a: Vaporeon
|move|p1a: Drampa|Thunderbolt|p2a: Vaporeon
|-supereffective|p2a: Vaporeon
|-damage|p2a: Vaporeon|3/100
|
|-heal|p2a: Vaporeon|9/100|[from] item: Leftovers
|-heal|p1a: Drampa|94/100 tox|[from] item: Leftovers
|-damage|p1a: Drampa|88/100 tox|[from] psn
|upkeep
|turn|53
|
|move|p2a: Vaporeon|Protect|p2a: Vaporeon
|-singleturn|p2a: Vaporeon|Protect
|move|p1a: Drampa|Thunderbolt|p2a: Vaporeon
|-activate|p2a: Vaporeon|move: Protect
|
|-heal|p2a: Vaporeon|59/100|[from] move: Wish|[wisher] Vaporeon
|-heal|p2a: Vaporeon|65/100|[from] item: Leftovers
|-heal|p1a: Drampa|94/100 tox|[from] item: Leftovers
|-damage|p1a: Drampa|82/100 tox|[from] psn
|upkeep
|turn|54
|c|☆Alison Hargreeves|yikes
|
|move|p2a: Vaporeon|Wish|p2a: Vaporeon
|move|p1a: Drampa|Thunderbolt|p2a: Vaporeon
|-supereffective|p2a: Vaporeon
|-crit|p2a: Vaporeon
|-damage|p2a: Vaporeon|17/100
|-status|p2a: Vaporeon|par
|
|-heal|p1a: Drampa|88/100 tox|[from] item: Leftovers
|-heal|p2a: Vaporeon|23/100 par|[from] item: Leftovers
|-damage|p1a: Drampa|70/100 tox|[from] psn
|upkeep
|turn|55
|
|switch|p1a: Salazzle|Salazzle, F|45/100
|move|p2a: Vaporeon|Protect||[still]
|-fail|p2a: Vaporeon
|
|-heal|p2a: Vaporeon|73/100 par|[from] move: Wish|[wisher] Vaporeon
|-heal|p2a: Vaporeon|79/100 par|[from] item: Leftovers
|upkeep
|turn|56
|
|move|p1a: Salazzle|Sludge Wave|p2a: Vaporeon
|-damage|p2a: Vaporeon|53/100 par
|move|p2a: Vaporeon|Scald|p1a: Salazzle
|-supereffective|p1a: Salazzle
|-damage|p1a: Salazzle|0 fnt
|faint|p1a: Salazzle
|
|-heal|p2a: Vaporeon|59/100 par|[from] item: Leftovers
|upkeep
|
|switch|p1a: Drampa|Drampa, M|70/100 tox
|turn|57
|
|move|p1a: Drampa|Thunderbolt|p2a: Vaporeon
|-supereffective|p2a: Vaporeon
|-damage|p2a: Vaporeon|30/100 par
|move|p2a: Vaporeon|Wish|p2a: Vaporeon
|
|-heal|p1a: Drampa|76/100 tox|[from] item: Leftovers
|-heal|p2a: Vaporeon|36/100 par|[from] item: Leftovers
|-damage|p1a: Drampa|70/100 tox|[from] psn
|upkeep
|turn|58
|c|☆Alison Hargreeves|para
|
|cant|p2a: Vaporeon|par
|move|p1a: Drampa|Thunderbolt|p2a: Vaporeon
|-supereffective|p2a: Vaporeon
|-damage|p2a: Vaporeon|5/100 par
|
|-heal|p2a: Vaporeon|55/100 par|[from] move: Wish|[wisher] Vaporeon
|-heal|p1a: Drampa|76/100 tox|[from] item: Leftovers
|-heal|p2a: Vaporeon|61/100 par|[from] item: Leftovers
|-damage|p1a: Drampa|64/100 tox|[from] psn
|upkeep
|turn|59
|
|move|p1a: Drampa|Thunderbolt|p2a: Vaporeon
|-supereffective|p2a: Vaporeon
|-damage|p2a: Vaporeon|32/100 par
|cant|p2a: Vaporeon|par
|
|-heal|p1a: Drampa|70/100 tox|[from] item: Leftovers
|-heal|p2a: Vaporeon|38/100 par|[from] item: Leftovers
|-damage|p1a: Drampa|52/100 tox|[from] psn
|upkeep
|turn|60
|
|move|p2a: Vaporeon|Protect|p2a: Vaporeon
|-singleturn|p2a: Vaporeon|Protect
|move|p1a: Drampa|Thunderbolt|p2a: Vaporeon
|-activate|p2a: Vaporeon|move: Protect
|
|-heal|p1a: Drampa|58/100 tox|[from] item: Leftovers
|-heal|p2a: Vaporeon|45/100 par|[from] item: Leftovers
|-damage|p1a: Drampa|33/100 tox|[from] psn
|upkeep
|turn|61
|
|move|p1a: Drampa|Thunderbolt|p2a: Vaporeon
|-supereffective|p2a: Vaporeon
|-damage|p2a: Vaporeon|16/100 par
|move|p2a: Vaporeon|Wish|p2a: Vaporeon
|
|-heal|p1a: Drampa|39/100 tox|[from] item: Leftovers
|-heal|p2a: Vaporeon|22/100 par|[from] item: Leftovers
|-damage|p1a: Drampa|9/100 tox|[from] psn
|upkeep
|turn|62
|
|move|p2a: Vaporeon|Protect|p2a: Vaporeon
|-singleturn|p2a: Vaporeon|Protect
|move|p1a: Drampa|Roost|p1a: Drampa
|-heal|p1a: Drampa|59/100 tox
|-singleturn|p1a: Drampa|move: Roost
|
|-heal|p2a: Vaporeon|72/100 par|[from] move: Wish|[wisher] Vaporeon
|-heal|p1a: Drampa|65/100 tox|[from] item: Leftovers
|-heal|p2a: Vaporeon|78/100 par|[from] item: Leftovers
|-damage|p1a: Drampa|28/100 tox|[from] psn
|upkeep
|turn|63
|
|move|p1a: Drampa|Thunderbolt|p2a: Vaporeon
|-supereffective|p2a: Vaporeon
|-damage|p2a: Vaporeon|49/100 par
|move|p2a: Vaporeon|Scald|p1a: Drampa
|-resisted|p1a: Drampa
|-damage|p1a: Drampa|16/100 tox
|
|-heal|p1a: Drampa|22/100 tox|[from] item: Leftovers
|-heal|p2a: Vaporeon|56/100 par|[from] item: Leftovers
|-damage|p1a: Drampa|0 fnt|[from] psn
|faint|p1a: Drampa
|
|win|DirtySpriteTwo
|upkeep
|c|☆DirtySpriteTwo|Ez
