|j|☆whistling
|j|☆Jamxinega
|inactive|Battle timer is ON: inactive players will automatically lose when time's up.
|t:|1623992996
|gametype|singles
|player|p1|whistling|red|
|player|p2|Jamxinega|mira|
|teamsize|p1|6
|teamsize|p2|6
|gen|8
|tier|[Gen 8] RU
|rated|Tournament battle
|rule|Sleep Clause Mod: Limit one foe put to sleep
|rule|Species Clause: Limit one of each Pokémon
|rule|OHKO Clause: OHKO moves are banned
|rule|Evasion Moves Clause: Evasion moves are banned
|rule|Endless Battle Clause: Forcing endless battles is banned
|rule|HP Percentage Mod: HP is shown in percentages
|rule|Dynamax Clause: You cannot dynamax
|clearpoke
|poke|p1|Xurkitree|
|poke|p1|Toxicroak, M|
|poke|p1|Steelix, M|
|poke|p1|Golisopod, M|
|poke|p1|Noivern, M|
|poke|p1|Gardevoir, F|
|poke|p2|Lopunny, M|
|poke|p2|Archeops, M|
|poke|p2|Espeon, M|
|poke|p2|Kingdra, F|
|poke|p2|Darmanitan, F|
|poke|p2|Togekiss, F|
|teampreview
|j|*Lady Monita
|c|☆whistling|hf
|j| MEMEDOSE46
|c|☆Jamxinega|gl
|j| Gamerlion80
|j| oshawatt51
|l| oshawatt51
|
|t:|1623993014
|start
|switch|p1a: Gardevoir|Gardevoir, F|100/100
|switch|p2a: Darmanitan|Darmanitan, F|100/100
|-ability|p1a: Gardevoir|Sheer Force|[from] ability: Trace|[of] p2a: Darmanitan
|turn|1
|
|t:|1623993020
|switch|p1a: Noivern|Noivern, M|100/100
|move|p2a: Darmanitan|Flare Blitz|p1a: Noivern
|-resisted|p1a: Noivern
|-damage|p1a: Noivern|20/100
|-damage|p2a: Darmanitan|77/100|[from] Recoil
|
|upkeep
|turn|2
|
|t:|1623993026
|move|p1a: Noivern|Draco Meteor|p2a: Darmanitan
|-damage|p2a: Darmanitan|0 fnt
|-unboost|p1a: Noivern|spa|2
|faint|p2a: Darmanitan
|
|upkeep
|
|t:|1623993030
|switch|p2a: Espeon|Espeon, M|100/100
|turn|3
|
|t:|1623993032
|move|p1a: Noivern|Roost|p1a: Noivern
|-heal|p1a: Noivern|70/100
|-singleturn|p1a: Noivern|move: Roost
|move|p2a: Espeon|Dazzling Gleam|p1a: Noivern
|-supereffective|p1a: Noivern
|-damage|p1a: Noivern|0 fnt
|faint|p1a: Noivern
|-damage|p2a: Espeon|91/100|[from] item: Life Orb
|
|upkeep
|
|t:|1623993036
|switch|p1a: Golisopod|Golisopod, M|100/100
|turn|4
|j|+MrAldo
|
|t:|1623993048
|switch|p2a: Togekiss|Togekiss, F|100/100
|move|p1a: Golisopod|First Impression|p2a: Togekiss
|-resisted|p2a: Togekiss
|-crit|p2a: Togekiss
|-damage|p2a: Togekiss|79/100
|
|upkeep
|turn|5
|
|t:|1623993051
|switch|p1a: Xurkitree|Xurkitree|100/100
|move|p2a: Togekiss|Air Slash|p1a: Xurkitree
|-resisted|p1a: Xurkitree
|-damage|p1a: Xurkitree|65/100
|-damage|p2a: Togekiss|69/100|[from] item: Life Orb
|
|upkeep
|turn|6
|c| MEMEDOSE46|suspod
|
|t:|1623993066
|switch|p2a: Lopunny|Lopunny, M|100/100
|move|p1a: Xurkitree|Volt Switch|p2a: Lopunny
|-damage|p2a: Lopunny|37/100
|
|t:|1623993070
|switch|p1a: Golisopod|Golisopod, M|100/100|[from]move: Volt Switch
|
|upkeep
|turn|7
|
|t:|1623993072
|move|p2a: Lopunny|Fake Out|p1a: Golisopod
|-damage|p1a: Golisopod|84/100
|-damage|p2a: Lopunny|27/100|[from] item: Life Orb
|cant|p1a: Golisopod|flinch
|
|upkeep
|turn|8
|
|t:|1623993076
|move|p1a: Golisopod|Aqua Jet|p2a: Lopunny
|-damage|p2a: Lopunny|0 fnt
|faint|p2a: Lopunny
|
|upkeep
|
|t:|1623993080
|switch|p2a: Togekiss|Togekiss, F|69/100
|turn|9
|j| Porck
|
|t:|1623993083
|switch|p1a: Xurkitree|Xurkitree|65/100
|move|p2a: Togekiss|Air Slash|p1a: Xurkitree
|-resisted|p1a: Xurkitree
|-damage|p1a: Xurkitree|30/100
|-damage|p2a: Togekiss|59/100|[from] item: Life Orb
|
|upkeep
|turn|10
|
|t:|1623993090
|move|p1a: Xurkitree|Volt Switch|p2a: Togekiss
|-supereffective|p2a: Togekiss
|-crit|p2a: Togekiss
|-damage|p2a: Togekiss|0 fnt
|faint|p2a: Togekiss
|-ability|p1a: Xurkitree|Beast Boost|boost
|-boost|p1a: Xurkitree|spa|1
|
|t:|1623993097
|switch|p1a: Gardevoir|Gardevoir, F|100/100|[from]move: Volt Switch
|
|upkeep
|
|t:|1623993100
|switch|p2a: Archeops|Archeops, M|100/100
|-ability|p1a: Gardevoir|Defeatist|[from] ability: Trace|[of] p2a: Archeops
|turn|11
|
|t:|1623993104
|switch|p1a: Steelix|Steelix, M|100/100
|move|p2a: Archeops|Acrobatics|p1a: Steelix
|-resisted|p1a: Steelix
|-damage|p1a: Steelix|84/100
|
|-heal|p1a: Steelix|90/100|[from] item: Leftovers
|upkeep
|turn|12
|j| Surdish
|
|t:|1623993107
|move|p2a: Archeops|Earthquake|p1a: Steelix
|-supereffective|p1a: Steelix
|-damage|p1a: Steelix|52/100
|move|p1a: Steelix|Heavy Slam|p2a: Archeops
|-supereffective|p2a: Archeops
|-damage|p2a: Archeops|0 fnt
|faint|p2a: Archeops
|
|-heal|p1a: Steelix|58/100|[from] item: Leftovers
|upkeep
|j| pokemon vs you
|
|t:|1623993111
|switch|p2a: Kingdra|Kingdra, F|100/100
|turn|13
|
|t:|1623993114
|move|p2a: Kingdra|Hydro Pump|p1a: Steelix
|-supereffective|p1a: Steelix
|-damage|p1a: Steelix|0 fnt
|faint|p1a: Steelix
|
|upkeep
|
|t:|1623993116
|switch|p1a: Gardevoir|Gardevoir, F|100/100
|-ability|p1a: Gardevoir|Sniper|[from] ability: Trace|[of] p2a: Kingdra
|turn|14
|j| showdownistoocool
|
|t:|1623993120
|move|p1a: Gardevoir|Moonblast|p2a: Kingdra
|-supereffective|p2a: Kingdra
|-damage|p2a: Kingdra|0 fnt
|faint|p2a: Kingdra
|
|upkeep
|l| Surdish
|c|☆whistling|gg
|
|t:|1623993123
|switch|p2a: Espeon|Espeon, M|91/100
|turn|15
|
|t:|1623993126
|move|p1a: Gardevoir|Moonblast|p2a: Espeon
|-damage|p2a: Espeon|27/100
|move|p2a: Espeon|Psychic|p1a: Gardevoir
|-resisted|p1a: Gardevoir
|-damage|p1a: Gardevoir|67/100
|-damage|p2a: Espeon|17/100|[from] item: Life Orb
|
|upkeep
|turn|16
|
|t:|1623993130
|move|p1a: Gardevoir|Moonblast|p2a: Espeon
|-damage|p2a: Espeon|0 fnt
|faint|p2a: Espeon
|
|win|whistling
|n|☆whistling|whistling
|n|☆Jamxinega|jamxinega
|n|*Lady Monita|ladymonita
|n| MEMEDOSE46|memedose46
|n| Gamerlion80|gamerlion80
|n|+MrAldo|mraldo
|n| Porck|porck
|n| pokemon vs you|pokemonvsyou
|n| showdownistoocool|showdownistoocool
