|j|☆SS007
|j|☆l0kiii
|t:|1640755605
|gametype|singles
|player|p1|SS007|proton|1461
|player|p2|l0kiii|cynthia-gen4|1214
|teamsize|p1|6
|teamsize|p2|6
|gen|8
|tier|[Gen 8] RU
|rated|
|rule|Sleep Clause Mod: Limit one foe put to sleep
|rule|Species Clause: Limit one of each Pokémon
|rule|OHKO Clause: OHKO moves are banned
|rule|Evasion Moves Clause: Evasion moves are banned
|rule|Endless Battle Clause: Forcing endless battles is banned
|rule|HP Percentage Mod: HP is shown in percentages
|rule|Dynamax Clause: You cannot dynamax
|clearpoke
|poke|p1|Grimmsnarl, M|
|poke|p1|Bewear, M|
|poke|p1|Reuniclus, F|
|poke|p1|Raikou|
|poke|p1|Gastrodon-East, M|
|poke|p1|Darmanitan, M|
|poke|p2|Cloyster, F|
|poke|p2|Galvantula, F|
|poke|p2|Nidoqueen, F|
|poke|p2|Togekiss, F|
|poke|p2|Metagross|
|poke|p2|Heracross, M|
|teampreview
|j| xXcrossbowXx
|inactive|Battle timer is ON: inactive players will automatically lose when time's up. (requested by SS007)
|inactive|l0kiii has 120 seconds left.
|
|t:|1640755656
|start
|switch|p1a: Darmanitan|Darmanitan, M|100/100
|switch|p2a: Galvantula|Galvantula, F|100/100
|turn|1
|
|t:|1640755662
|move|p1a: Darmanitan|U-turn|p2a: Galvantula
|-damage|p2a: Galvantula|56/100
|
|t:|1640755665
|switch|p1a: Raikou|Raikou|100/100|[from]move: U-turn
|move|p2a: Galvantula|Sticky Web|p1a: Raikou
|-sidestart|p1: SS007|move: Sticky Web
|
|upkeep
|turn|2
|
|t:|1640755672
|move|p1a: Raikou|Scald|p2a: Galvantula
|-damage|p2a: Galvantula|0 fnt
|faint|p2a: Galvantula
|
|upkeep
|
|t:|1640755677
|switch|p2a: Nidoqueen|Nidoqueen, F|100/100
|turn|3
|j| JBlueFazo1998
|
|t:|1640755687
|switch|p1a: Gastrodon|Gastrodon-East, M|100/100
|-activate|p1a: Gastrodon|move: Sticky Web
|-unboost|p1a: Gastrodon|spe|1
|move|p2a: Nidoqueen|Earth Power|p1a: Gastrodon
|-damage|p1a: Gastrodon|61/100
|
|-heal|p1a: Gastrodon|67/100|[from] item: Leftovers
|upkeep
|turn|4
|
|t:|1640755700
|switch|p1a: Reuniclus|Reuniclus, F|100/100
|-activate|p1a: Reuniclus|move: Sticky Web
|-unboost|p1a: Reuniclus|spe|1
|move|p2a: Nidoqueen|Earth Power|p1a: Reuniclus
|-damage|p1a: Reuniclus|68/100
|
|upkeep
|turn|5
|
|t:|1640755706
|move|p2a: Nidoqueen|Stealth Rock|p1a: Reuniclus
|-sidestart|p1: SS007|move: Stealth Rock
|move|p1a: Reuniclus|Future Sight|p2a: Nidoqueen
|-start|p1a: Reuniclus|move: Future Sight
|
|upkeep
|turn|6
|
|t:|1640755713
|switch|p2a: Metagross|Metagross|100/100
|move|p1a: Reuniclus|Psyshock|p2a: Metagross
|-resisted|p2a: Metagross
|-damage|p2a: Metagross|92/100
|
|upkeep
|turn|7
|
|t:|1640755719
|switch|p1a: Bewear|Bewear, M|100/100
|-activate|p1a: Bewear|move: Sticky Web
|-unboost|p1a: Bewear|spe|1
|-damage|p1a: Bewear|94/100|[from] Stealth Rock
|move|p2a: Metagross|Meteor Mash|p1a: Bewear|[miss]
|-miss|p2a: Metagross|p1a: Bewear
|
|-end|p2a: Metagross|move: Future Sight
|-resisted|p2a: Metagross
|-damage|p2a: Metagross|74/100
|-heal|p1a: Bewear|100/100|[from] item: Leftovers
|upkeep
|turn|8
|c|☆l0kiii|ugh
|
|t:|1640755733
|switch|p2a: Togekiss|Togekiss, F|100/100
|move|p1a: Bewear|Bulk Up|p1a: Bewear
|-boost|p1a: Bewear|atk|1
|-boost|p1a: Bewear|def|1
|
|upkeep
|turn|9
|
|t:|1640755739
|switch|p1a: Raikou|Raikou|100/100
|-activate|p1a: Raikou|move: Sticky Web
|-unboost|p1a: Raikou|spe|1
|-damage|p1a: Raikou|88/100|[from] Stealth Rock
|move|p2a: Togekiss|Air Slash|p1a: Raikou
|-resisted|p1a: Raikou
|-crit|p1a: Raikou
|-damage|p1a: Raikou|57/100
|
|upkeep
|turn|10
|
|t:|1640755753
|move|p1a: Raikou|Thunderbolt|p2a: Togekiss
|-supereffective|p2a: Togekiss
|-crit|p2a: Togekiss
|-damage|p2a: Togekiss|0 fnt
|faint|p2a: Togekiss
|
|upkeep
|
|t:|1640755756
|switch|p2a: Metagross|Metagross|74/100
|turn|11
|
|t:|1640755761
|switch|p1a: Bewear|Bewear, M|100/100
|-activate|p1a: Bewear|move: Sticky Web
|-unboost|p1a: Bewear|spe|1
|-damage|p1a: Bewear|94/100|[from] Stealth Rock
|move|p2a: Metagross|Earthquake|p1a: Bewear
|-damage|p1a: Bewear|57/100
|
|-heal|p1a: Bewear|63/100|[from] item: Leftovers
|upkeep
|turn|12
|j| rxdcfvgbjhjiuytc
|
|t:|1640755781
|move|p2a: Metagross|Earthquake|p1a: Bewear
|-damage|p1a: Bewear|22/100
|move|p1a: Bewear|Darkest Lariat|p2a: Metagross
|-supereffective|p2a: Metagross
|-damage|p2a: Metagross|38/100
|
|-heal|p1a: Bewear|28/100|[from] item: Leftovers
|upkeep
|turn|13
|
|t:|1640755786
|move|p2a: Metagross|Earthquake|p1a: Bewear
|-damage|p1a: Bewear|0 fnt
|faint|p1a: Bewear
|
|upkeep
|
|t:|1640755799
|switch|p1a: Darmanitan|Darmanitan, M|100/100
|-damage|p1a: Darmanitan|76/100|[from] Stealth Rock
|-activate|p1a: Darmanitan|move: Sticky Web
|-unboost|p1a: Darmanitan|spe|1
|turn|14
|
|t:|1640755803
|move|p1a: Darmanitan|Flare Blitz|p2a: Metagross
|-supereffective|p2a: Metagross
|-damage|p2a: Metagross|0 fnt
|faint|p2a: Metagross
|-damage|p1a: Darmanitan|63/100|[from] Recoil
|
|upkeep
|
|t:|1640755810
|switch|p2a: Nidoqueen|Nidoqueen, F|100/100
|turn|15
|
|t:|1640755814
|move|p1a: Darmanitan|Flare Blitz|p2a: Nidoqueen
|-damage|p2a: Nidoqueen|0 fnt
|faint|p2a: Nidoqueen
|-damage|p1a: Darmanitan|33/100|[from] Recoil
|
|upkeep
|
|t:|1640755817
|switch|p2a: Heracross|Heracross, M|100/100
|turn|16
|c|☆l0kiii|K
|
|t:|1640755830
|move|p2a: Heracross|Knock Off|p1a: Darmanitan
|-damage|p1a: Darmanitan|0 fnt
|-enditem|p1a: Darmanitan|Choice Scarf|[from] move: Knock Off|[of] p2a: Heracross
|faint|p1a: Darmanitan
|-ability|p2a: Heracross|Moxie|boost
|-boost|p2a: Heracross|atk|1
|
|upkeep
|
|t:|1640755836
|switch|p1a: Grimmsnarl|Grimmsnarl, M|100/100
|-damage|p1a: Grimmsnarl|88/100|[from] Stealth Rock
|-activate|p1a: Grimmsnarl|move: Sticky Web
|-unboost|p1a: Grimmsnarl|spe|1
|turn|17
|
|t:|1640755843
|switch|p2a: Cloyster|Cloyster, F|100/100
|move|p1a: Grimmsnarl|Play Rough|p2a: Cloyster
|-damage|p2a: Cloyster|42/100
|
|upkeep
|turn|18
|-message|l0kiii forfeited.
|
|win|SS007
|raw|SS007's rating: 1461 &rarr; <strong>1468</strong><br />(+7 for winning)
|raw|l0kiii's rating: 1198 &rarr; <strong>1189</strong><br />(-9 for losing)
|l|☆l0kiii
