|j|☆SS007
|j|☆Prince RU
|player|p1|SS007|brock|1321
|player|p2|Prince RU|ghetsis|1330
|teamsize|p1|6
|teamsize|p2|6
|gametype|singles
|gen|8
|tier|[Gen 8] RU
|rated|
|clearpoke
|poke|p1|Hitmontop, M|
|poke|p1|Gigalith, M|
|poke|p1|Drampa, M|
|poke|p1|Rillaboom, M|
|poke|p1|Salazzle, F|
|poke|p1|Silvally-*|
|poke|p2|Rillaboom, M|
|poke|p2|Salazzle, F|
|poke|p2|Pangoro, M|
|poke|p2|Jolteon, F|
|poke|p2|Sigilyph, M|
|poke|p2|Mudsdale, M|
|rule|Sleep Clause Mod: Limit one foe put to sleep
|rule|Species Clause: Limit one of each Pokémon
|rule|OHKO Clause: OHKO moves are banned
|rule|Evasion Moves Clause: Evasion moves are banned
|rule|Endless Battle Clause: Forcing endless battles is banned
|rule|HP Percentage Mod: HP is shown in percentages
|rule|Dynamax Clause: You cannot dynamax
|teampreview
|
|start
|switch|p1a: Drampa|Drampa, M|100/100
|switch|p2a: Rillaboom|Rillaboom, M|100/100
|turn|1
|inactive|Battle timer is ON: inactive players will automatically lose when time's up. (requested by SS007)
|
|move|p2a: Rillaboom|U-turn|p1a: Drampa
|-damage|p1a: Drampa|74/100
|
|switch|p2a: Pangoro|Pangoro, M|100/100|[from]move: U-turn
|move|p1a: Drampa|Fire Blast|p2a: Pangoro
|-damage|p2a: Pangoro|45/100
|
|upkeep
|turn|2
|j| Catboy500
|
|switch|p1a: Hitmontop|Hitmontop, M|100/100
|move|p2a: Pangoro|Close Combat|p1a: Hitmontop
|-damage|p1a: Hitmontop|26/100
|-unboost|p2a: Pangoro|def|1
|-unboost|p2a: Pangoro|spd|1
|
|upkeep
|turn|3
|
|switch|p2a: Mudsdale|Mudsdale, M|100/100
|move|p1a: Hitmontop|Mach Punch|p2a: Mudsdale
|-damage|p2a: Mudsdale|77/100
|-damage|p1a: Hitmontop|9/100|[from] item: Rocky Helmet|[of] p2a: Mudsdale
|-ability|p2a: Mudsdale|Stamina|boost
|-boost|p2a: Mudsdale|def|1
|
|upkeep
|turn|4
|
|move|p1a: Hitmontop|Close Combat|p2a: Mudsdale
|-damage|p2a: Mudsdale|45/100
|-damage|p1a: Hitmontop|0 fnt|[from] item: Rocky Helmet|[of] p2a: Mudsdale
|-ability|p2a: Mudsdale|Stamina|boost
|-boost|p2a: Mudsdale|def|1
|faint|p1a: Hitmontop
|move|p2a: Mudsdale|Stealth Rock|p1: Hitmontop
|-sidestart|p1: SS007|move: Stealth Rock
|
|upkeep
|
|switch|p1a: Drampa|Drampa, M|74/100
|-damage|p1a: Drampa|62/100|[from] Stealth Rock
|turn|5
|
|switch|p2a: Jolteon|Jolteon, F|100/100
|move|p1a: Drampa|Ice Beam|p2a: Jolteon
|-damage|p2a: Jolteon|52/100
|
|upkeep
|turn|6
|
|move|p2a: Jolteon|Thunderbolt|p1a: Drampa
|-resisted|p1a: Drampa
|-damage|p1a: Drampa|32/100
|-damage|p2a: Jolteon|42/100|[from] item: Life Orb
|move|p1a: Drampa|Hyper Voice|p2a: Jolteon
|-damage|p2a: Jolteon|0 fnt
|faint|p2a: Jolteon
|
|upkeep
|
|switch|p2a: Pangoro|Pangoro, M|45/100
|turn|7
|
|move|p2a: Pangoro|Close Combat|p1a: Drampa
|-supereffective|p1a: Drampa
|-damage|p1a: Drampa|0 fnt
|-unboost|p2a: Pangoro|def|1
|-unboost|p2a: Pangoro|spd|1
|faint|p1a: Drampa
|
|upkeep
|
|switch|p1a: Salazzle|Salazzle, F|100/100
|turn|8
|
|move|p1a: Salazzle|Flamethrower|p2a: Pangoro
|-damage|p2a: Pangoro|0 fnt
|faint|p2a: Pangoro
|
|upkeep
|
|switch|p2a: Sigilyph|Sigilyph, M|100/100
|turn|9
|
|switch|p1a: Gigalith|Gigalith, M|100/100
|-damage|p1a: Gigalith|88/100|[from] Stealth Rock
|-weather|Sandstorm|[from] ability: Sand Stream|[of] p1a: Gigalith
|move|p2a: Sigilyph|Psychic|p1a: Gigalith
|-crit|p1a: Gigalith
|-damage|p1a: Gigalith|41/100
|
|-weather|Sandstorm|[upkeep]
|-heal|p1a: Gigalith|47/100|[from] item: Leftovers
|upkeep
|turn|10
|
|switch|p2a: Mudsdale|Mudsdale, M|45/100
|move|p1a: Gigalith|Rock Blast|p2a: Mudsdale
|-resisted|p2a: Mudsdale
|-damage|p2a: Mudsdale|41/100
|-ability|p2a: Mudsdale|Stamina|boost
|-boost|p2a: Mudsdale|def|1
|-resisted|p2a: Mudsdale
|-damage|p2a: Mudsdale|37/100
|-ability|p2a: Mudsdale|Stamina|boost
|-boost|p2a: Mudsdale|def|1
|-resisted|p2a: Mudsdale
|-damage|p2a: Mudsdale|34/100
|-ability|p2a: Mudsdale|Stamina|boost
|-boost|p2a: Mudsdale|def|1
|-resisted|p2a: Mudsdale
|-damage|p2a: Mudsdale|32/100
|-ability|p2a: Mudsdale|Stamina|boost
|-boost|p2a: Mudsdale|def|1
|-hitcount|p2a: Mudsdale|4
|
|-weather|Sandstorm|[upkeep]
|-heal|p1a: Gigalith|53/100|[from] item: Leftovers
|upkeep
|turn|11
|
|move|p2a: Mudsdale|Earthquake|p1a: Gigalith
|-supereffective|p1a: Gigalith
|-damage|p1a: Gigalith|0 fnt
|faint|p1a: Gigalith
|
|-weather|Sandstorm|[upkeep]
|upkeep
|
|switch|p1a: Salazzle|Salazzle, F|100/100
|turn|12
|
|move|p1a: Salazzle|Flamethrower|p2a: Mudsdale
|-damage|p2a: Mudsdale|0 fnt
|faint|p2a: Mudsdale
|
|-weather|Sandstorm|[upkeep]
|-damage|p1a: Salazzle|94/100|[from] Sandstorm
|upkeep
|
|switch|p2a: Sigilyph|Sigilyph, M|100/100
|turn|13
|
|switch|p1a: Rillaboom|Rillaboom, M|100/100
|-damage|p1a: Rillaboom|88/100|[from] Stealth Rock
|move|p2a: Sigilyph|Psychic|p1a: Rillaboom
|-crit|p1a: Rillaboom
|-damage|p1a: Rillaboom|0 fnt
|faint|p1a: Rillaboom
|
|-weather|none
|upkeep
|
|switch|p1a: Silvally|Silvally-Ghost|100/100
|-damage|p1a: Silvally|88/100|[from] Stealth Rock
|turn|14
|
|switch|p2a: Rillaboom|Rillaboom, M|100/100
|move|p1a: Silvally|Multi-Attack|p2a: Rillaboom
|-damage|p2a: Rillaboom|47/100
|
|upkeep
|turn|15
|
|move|p2a: Rillaboom|Drum Beating|p1a: Silvally
|-damage|p1a: Silvally|47/100
|-unboost|p1a: Silvally|spe|1
|move|p1a: Silvally|Multi-Attack|p2a: Rillaboom
|-damage|p2a: Rillaboom|0 fnt
|faint|p2a: Rillaboom
|
|upkeep
|
|switch|p2a: Salazzle|Salazzle, F|100/100
|turn|16
|
|move|p2a: Salazzle|Fire Blast|p1a: Silvally
|-damage|p1a: Silvally|0 fnt
|faint|p1a: Silvally
|
|upkeep
|-message|SS007 forfeited.
|
|win|Prince RU
|l|☆SS007
