|j|☆Dancanmanfan
|j|☆Sir Fresh
|t:|1602530151
|player|p1|Dancanmanfan|clay|1311
|player|p2|Sir Fresh|92|1416
|teamsize|p1|6
|teamsize|p2|6
|gametype|singles
|gen|8
|tier|[Gen 8] RU
|rated|
|clearpoke
|poke|p1|Copperajah, M|
|poke|p1|Duraludon, M|
|poke|p1|Steelix, M|
|poke|p1|Magneton|
|poke|p1|Escavalier, M|
|poke|p1|Silvally-*|
|poke|p2|Ninetales, M|
|poke|p2|Leafeon, M|
|poke|p2|Gardevoir, F|
|poke|p2|Heliolisk, M|
|poke|p2|Xatu, M|
|poke|p2|Sableye, F|
|rule|Sleep Clause Mod: Limit one foe put to sleep
|rule|Species Clause: Limit one of each Pokémon
|rule|OHKO Clause: OHKO moves are banned
|rule|Evasion Moves Clause: Evasion moves are banned
|rule|Endless Battle Clause: Forcing endless battles is banned
|rule|HP Percentage Mod: HP is shown in percentages
|rule|Dynamax Clause: You cannot dynamax
|teampreview
|inactive|Battle timer is ON: inactive players will automatically lose when time's up. (requested by Sir Fresh)
|
|t:|1602530177
|start
|switch|p1a: Magneton|Magneton|100/100
|switch|p2a: Ninetales|Ninetales, M|100/100
|-weather|SunnyDay|[from] ability: Drought|[of] p2a: Ninetales
|turn|1
|
|t:|1602530182
|switch|p2a: Gardevoir|Gardevoir, F|100/100
|-ability|p2a: Gardevoir|Magnet Pull|[from] ability: Trace|[of] p1a: Magneton
|move|p1a: Magneton|Volt Switch|p2a: Gardevoir
|-damage|p2a: Gardevoir|58/100
|
|t:|1602530200
|switch|p1a: Copperajah|Copperajah, M|100/100|[from]move: Volt Switch
|
|-weather|SunnyDay|[upkeep]
|upkeep
|turn|2
|
|t:|1602530209
|move|p2a: Gardevoir|Mystical Fire|p1a: Copperajah
|-supereffective|p1a: Copperajah
|-damage|p1a: Copperajah|17/100
|-unboost|p1a: Copperajah|spa|1
|move|p1a: Copperajah|Stealth Rock|p2a: Gardevoir
|-sidestart|p2: Sir Fresh|move: Stealth Rock
|
|-weather|SunnyDay|[upkeep]
|upkeep
|turn|3
|
|t:|1602530220
|move|p2a: Gardevoir|Mystical Fire|p1a: Copperajah
|-supereffective|p1a: Copperajah
|-damage|p1a: Copperajah|0 fnt
|faint|p1a: Copperajah
|
|-weather|SunnyDay|[upkeep]
|upkeep
|
|t:|1602530225
|switch|p1a: Magneton|Magneton|100/100
|turn|4
|
|t:|1602530228
|move|p2a: Gardevoir|Mystical Fire|p1a: Magneton
|-supereffective|p1a: Magneton
|-damage|p1a: Magneton|0 fnt
|faint|p1a: Magneton
|
|-weather|SunnyDay|[upkeep]
|upkeep
|
|t:|1602530236
|switch|p1a: Duraludon|Duraludon, M|100/100
|turn|5
|
|t:|1602530243
|move|p2a: Gardevoir|Mystical Fire|p1a: Duraludon
|-damage|p1a: Duraludon|31/100
|-unboost|p1a: Duraludon|spa|1
|move|p1a: Duraludon|Dark Pulse|p2a: Gardevoir
|-damage|p2a: Gardevoir|28/100
|
|-weather|SunnyDay|[upkeep]
|upkeep
|turn|6
|
|t:|1602530247
|move|p2a: Gardevoir|Mystical Fire|p1a: Duraludon
|-damage|p1a: Duraludon|0 fnt
|faint|p1a: Duraludon
|
|-weather|SunnyDay|[upkeep]
|upkeep
|
|t:|1602530252
|switch|p1a: Steelix|Steelix, M|100/100
|turn|7
|
|t:|1602530254
|move|p2a: Gardevoir|Mystical Fire|p1a: Steelix
|-supereffective|p1a: Steelix
|-damage|p1a: Steelix|0 fnt
|faint|p1a: Steelix
|
|-weather|SunnyDay|[upkeep]
|upkeep
|
|t:|1602530257
|switch|p1a: Silvally|Silvally-Steel|100/100
|turn|8
|
|t:|1602530261
|move|p2a: Gardevoir|Mystical Fire|p1a: Silvally
|-supereffective|p1a: Silvally
|-damage|p1a: Silvally|9/100
|-unboost|p1a: Silvally|spa|1
|move|p1a: Silvally|Flame Charge|p2a: Gardevoir
|-damage|p2a: Gardevoir|0 fnt
|-boost|p1a: Silvally|spe|1
|faint|p2a: Gardevoir
|
|-weather|none
|upkeep
|
|t:|1602530270
|switch|p2a: Sableye|Sableye, F|100/100
|-damage|p2a: Sableye|88/100|[from] Stealth Rock
|turn|9
|
|t:|1602530276
|move|p2a: Sableye|Will-O-Wisp|p1a: Silvally
|-status|p1a: Silvally|brn
|move|p1a: Silvally|Multi-Attack|p2a: Sableye
|-crit|p2a: Sableye
|-damage|p2a: Sableye|54/100
|-damage|p1a: Silvally|0 fnt|[from] item: Rocky Helmet|[of] p2a: Sableye
|faint|p1a: Silvally
|
|upkeep
|
|t:|1602530278
|switch|p1a: Escavalier|Escavalier, M|100/100
|turn|10
|j| Galacman
|
|t:|1602530283
|move|p2a: Sableye|Will-O-Wisp|p1a: Escavalier
|-status|p1a: Escavalier|brn
|move|p1a: Escavalier|Knock Off|p2a: Sableye
|-damage|p2a: Sableye|28/100
|-damage|p1a: Escavalier|84/100 brn|[from] item: Rocky Helmet|[of] p2a: Sableye
|-enditem|p2a: Sableye|Rocky Helmet|[from] move: Knock Off|[of] p1a: Escavalier
|
|-damage|p1a: Escavalier|78/100 brn|[from] brn
|upkeep
|turn|11
|c|☆Sir Fresh|gg
|c|☆Dancanmanfan|gg
|l| Galacman
|-message|Dancanmanfan forfeited.
|
|win|Sir Fresh
|l|☆Dancanmanfan
