|j|☆thievul is good
|j|☆Iluisdylan
|player|p1|thievul is good|lucas|1443
|player|p2|Iluisdylan|102|1199
|teamsize|p1|6
|teamsize|p2|6
|gametype|singles
|gen|8
|tier|[Gen 8] RU
|rated|
|clearpoke
|poke|p1|Thievul, M|
|poke|p1|Indeedee-F, F|
|poke|p1|Gigalith, M|
|poke|p1|Silvally-*|
|poke|p1|Gurdurr, F|
|poke|p1|Whimsicott, F|
|poke|p2|Gigalith, M|
|poke|p2|Gastrodon, M|
|poke|p2|Goodra, F|
|poke|p2|Dhelmise|
|poke|p2|Aromatisse, F|
|poke|p2|Salazzle, F|
|rule|Sleep Clause Mod: Limit one foe put to sleep
|rule|Species Clause: Limit one of each Pokémon
|rule|OHKO Clause: OHKO moves are banned
|rule|Evasion Moves Clause: Evasion moves are banned
|rule|Endless Battle Clause: Forcing endless battles is banned
|rule|HP Percentage Mod: HP is shown in percentages
|rule|Dynamax Clause: You cannot dynamax
|teampreview
|
|start
|switch|p1a: Silvally|Silvally-Ghost|100/100
|switch|p2a: Aromatisse|Aromatisse, F|100/100
|turn|1
|inactive|Battle timer is ON: inactive players will automatically lose when time's up. (requested by Iluisdylan)
|
|move|p1a: Silvally|Swords Dance|p1a: Silvally
|-boost|p1a: Silvally|atk|2
|move|p2a: Aromatisse|Moonblast|p1a: Silvally
|-damage|p1a: Silvally|64/100
|-unboost|p1a: Silvally|spa|1
|
|upkeep
|turn|2
|
|move|p1a: Silvally|Multi-Attack|p2a: Aromatisse
|-damage|p2a: Aromatisse|0 fnt
|faint|p2a: Aromatisse
|
|upkeep
|
|switch|p2a: Salazzle|Salazzle, F|100/100
|turn|3
|
|switch|p1a: Gigalith|Gigalith, M|100/100
|-weather|Sandstorm|[from] ability: Sand Stream|[of] p1a: Gigalith
|move|p2a: Salazzle|Sludge Wave|p1a: Gigalith
|-resisted|p1a: Gigalith
|-damage|p1a: Gigalith|88/100
|
|-weather|Sandstorm|[upkeep]
|-damage|p2a: Salazzle|94/100|[from] Sandstorm
|-heal|p2a: Salazzle|100/100|[from] item: Black Sludge
|-heal|p1a: Gigalith|94/100|[from] item: Leftovers
|upkeep
|turn|4
|
|switch|p2a: Dhelmise|Dhelmise|100/100
|move|p1a: Gigalith|Rock Blast|p2a: Dhelmise|[miss]
|-miss|p1a: Gigalith|p2a: Dhelmise
|
|-weather|Sandstorm|[upkeep]
|-damage|p2a: Dhelmise|94/100|[from] Sandstorm
|-heal|p2a: Dhelmise|100/100|[from] item: Leftovers
|-heal|p1a: Gigalith|100/100|[from] item: Leftovers
|upkeep
|turn|5
|
|switch|p1a: Whimsicott|Whimsicott, F|100/100
|move|p2a: Dhelmise|Anchor Shot|p1a: Whimsicott
|-supereffective|p1a: Whimsicott
|-damage|p1a: Whimsicott|0 fnt
|faint|p1a: Whimsicott
|
|-weather|Sandstorm|[upkeep]
|-damage|p2a: Dhelmise|94/100|[from] Sandstorm
|-heal|p2a: Dhelmise|100/100|[from] item: Leftovers
|upkeep
|
|switch|p1a: Silvally|Silvally-Ghost|64/100
|turn|6
|
|move|p1a: Silvally|Multi-Attack|p2a: Dhelmise
|-supereffective|p2a: Dhelmise
|-damage|p2a: Dhelmise|24/100
|move|p2a: Dhelmise|Anchor Shot|p1a: Silvally
|-damage|p1a: Silvally|30/100
|
|-weather|Sandstorm|[upkeep]
|-damage|p1a: Silvally|24/100|[from] Sandstorm
|-damage|p2a: Dhelmise|18/100|[from] Sandstorm
|-heal|p2a: Dhelmise|24/100|[from] item: Leftovers
|upkeep
|turn|7
|
|switch|p2a: Gigalith|Gigalith, M|100/100
|move|p1a: Silvally|Multi-Attack|p2a: Gigalith
|-damage|p2a: Gigalith|65/100
|
|-weather|none
|upkeep
|turn|8
|
|move|p1a: Silvally|U-turn|p2a: Gigalith
|-damage|p2a: Gigalith|51/100
|
|switch|p1a: Gurdurr|Gurdurr, F|100/100|[from]move: U-turn
|move|p2a: Gigalith|Earthquake|p1a: Gurdurr
|-damage|p1a: Gurdurr|80/100
|
|upkeep
|turn|9
|
|switch|p2a: Dhelmise|Dhelmise|24/100
|move|p1a: Gurdurr|Drain Punch|p2a: Dhelmise
|-immune|p2a: Dhelmise
|
|-heal|p2a: Dhelmise|30/100|[from] item: Leftovers
|upkeep
|turn|10
|
|move|p1a: Gurdurr|Stone Edge|p2a: Dhelmise
|-damage|p2a: Dhelmise|12/100
|move|p2a: Dhelmise|Anchor Shot|p1a: Gurdurr
|-damage|p1a: Gurdurr|62/100
|-activate|p1a: Gurdurr|trapped
|
|-heal|p2a: Dhelmise|18/100|[from] item: Leftovers
|upkeep
|turn|11
|
|move|p1a: Gurdurr|Stone Edge|p2a: Dhelmise
|-damage|p2a: Dhelmise|0 fnt
|faint|p2a: Dhelmise
|
|upkeep
|
|switch|p2a: Gastrodon|Gastrodon, M|100/100
|turn|12
|
|move|p1a: Gurdurr|Drain Punch|p2a: Gastrodon
|-damage|p2a: Gastrodon|78/100
|-heal|p1a: Gurdurr|74/100|[from] drain|[of] p2a: Gastrodon
|move|p2a: Gastrodon|Scald|p1a: Gurdurr
|-damage|p1a: Gurdurr|48/100
|
|-heal|p2a: Gastrodon|84/100|[from] item: Leftovers
|upkeep
|turn|13
|
|move|p2a: Gastrodon|Protect|p2a: Gastrodon
|-singleturn|p2a: Gastrodon|Protect
|move|p1a: Gurdurr|Drain Punch|p2a: Gastrodon
|-activate|p2a: Gastrodon|move: Protect
|
|-heal|p2a: Gastrodon|90/100|[from] item: Leftovers
|upkeep
|turn|14
|
|move|p1a: Gurdurr|Drain Punch|p2a: Gastrodon
|-damage|p2a: Gastrodon|67/100
|-heal|p1a: Gurdurr|62/100|[from] drain|[of] p2a: Gastrodon
|move|p2a: Gastrodon|Scald|p1a: Gurdurr
|-damage|p1a: Gurdurr|35/100
|
|-heal|p2a: Gastrodon|74/100|[from] item: Leftovers
|upkeep
|turn|15
|
|move|p1a: Gurdurr|Drain Punch|p2a: Gastrodon
|-damage|p2a: Gastrodon|50/100
|-heal|p1a: Gurdurr|48/100|[from] drain|[of] p2a: Gastrodon
|move|p2a: Gastrodon|Scald|p1a: Gurdurr
|-damage|p1a: Gurdurr|19/100
|
|-heal|p2a: Gastrodon|56/100|[from] item: Leftovers
|upkeep
|turn|16
|
|switch|p1a: Thievul|Thievul, M|100/100
|move|p2a: Gastrodon|Scald|p1a: Thievul
|-damage|p1a: Thievul|68/100
|
|-heal|p2a: Gastrodon|62/100|[from] item: Leftovers
|upkeep
|turn|17
|
|move|p1a: Thievul|Grass Knot|p2a: Gastrodon
|-supereffective|p2a: Gastrodon
|-damage|p2a: Gastrodon|0 fnt
|faint|p2a: Gastrodon
|
|upkeep
|
|switch|p2a: Gigalith|Gigalith, M|51/100
|-weather|Sandstorm|[from] ability: Sand Stream|[of] p2a: Gigalith
|turn|18
|
|switch|p1a: Gurdurr|Gurdurr, F|19/100
|move|p2a: Gigalith|Earthquake|p1a: Gurdurr
|-damage|p1a: Gurdurr|0 fnt
|faint|p1a: Gurdurr
|
|-weather|Sandstorm|[upkeep]
|upkeep
|
|switch|p1a: Gigalith|Gigalith, M|100/100
|turn|19
|
|move|p1a: Gigalith|Superpower|p2a: Gigalith
|-supereffective|p2a: Gigalith
|-damage|p2a: Gigalith|0 fnt
|-unboost|p1a: Gigalith|atk|1
|-unboost|p1a: Gigalith|def|1
|faint|p2a: Gigalith
|
|-weather|Sandstorm|[upkeep]
|upkeep
|
|switch|p2a: Goodra|Goodra, F|100/100
|turn|20
|
|switch|p1a: Indeedee|Indeedee-F, F|100/100
|-fieldstart|move: Psychic Terrain|[from] ability: Psychic Surge|[of] p1a: Indeedee
|move|p2a: Goodra|Earthquake|p1a: Indeedee
|-damage|p1a: Indeedee|48/100
|
|-weather|Sandstorm|[upkeep]
|-damage|p1a: Indeedee|42/100|[from] Sandstorm
|-damage|p2a: Goodra|94/100|[from] Sandstorm
|upkeep
|turn|21
|
|move|p1a: Indeedee|Psychic|p2a: Goodra
|-damage|p2a: Goodra|60/100
|move|p2a: Goodra|Outrage|p1a: Indeedee
|-damage|p1a: Indeedee|0 fnt
|faint|p1a: Indeedee
|
|-weather|Sandstorm|[upkeep]
|-damage|p2a: Goodra|54/100|[from] Sandstorm
|upkeep
|
|switch|p1a: Silvally|Silvally-Ghost|24/100
|turn|22
|
|move|p1a: Silvally|Multi-Attack|p2a: Goodra
|-damage|p2a: Goodra|0 fnt
|faint|p2a: Goodra
|
|-weather|none
|upkeep
|
|switch|p2a: Salazzle|Salazzle, F|100/100
|turn|23
|
|move|p2a: Salazzle|Flamethrower|p1a: Silvally
|-damage|p1a: Silvally|0 fnt
|faint|p1a: Silvally
|
|upkeep
|
|switch|p1a: Thievul|Thievul, M|68/100
|-enditem|p1a: Thievul|Psychic Seed
|-boost|p1a: Thievul|spd|1|[from] item: Psychic Seed
|turn|24
|
|move|p1a: Thievul|Psychic|p2a: Salazzle
|-supereffective|p2a: Salazzle
|-damage|p2a: Salazzle|0 fnt
|faint|p2a: Salazzle
|
|win|thievul is good
|c|☆thievul is good|gg
|raw|thievul is good's rating: 1424 &rarr; <strong>1433</strong><br />(+9 for winning)
|raw|Iluisdylan's rating: 1199 &rarr; <strong>1189</strong><br />(-10 for losing)
|l|☆Iluisdylan
