|j|☆Law and Order Svu
|j|☆T'y fais qwo lo
|t:|1608385552
|player|p1|Law and Order Svu|jasmine|1288
|player|p2|T'y fais qwo lo|psychic|1273
|teamsize|p1|6
|teamsize|p2|6
|gametype|singles
|gen|8
|tier|[Gen 8] RU
|rated|
|clearpoke
|poke|p1|Gardevoir, F|
|poke|p1|Indeedee, M|
|poke|p1|Steelix, M|
|poke|p1|Obstagoon, M|
|poke|p1|Mantine, M|
|poke|p1|Drapion, F|
|poke|p2|Doublade, F|
|poke|p2|Glastrier|
|poke|p2|Regidrago|
|poke|p2|Cloyster, F|
|poke|p2|Umbreon, F|
|poke|p2|Togekiss, F|
|rule|Sleep Clause Mod: Limit one foe put to sleep
|rule|Species Clause: Limit one of each Pokémon
|rule|OHKO Clause: OHKO moves are banned
|rule|Evasion Moves Clause: Evasion moves are banned
|rule|Endless Battle Clause: Forcing endless battles is banned
|rule|HP Percentage Mod: HP is shown in percentages
|rule|Dynamax Clause: You cannot dynamax
|teampreview
|j| ilovevileplume
|
|t:|1608385594
|start
|switch|p1a: Steelix|Steelix, M|100/100
|switch|p2a: Cloyster|Cloyster, F|100/100
|turn|1
|
|t:|1608385600
|move|p2a: Cloyster|Shell Smash|p2a: Cloyster
|-unboost|p2a: Cloyster|def|1
|-unboost|p2a: Cloyster|spd|1
|-boost|p2a: Cloyster|atk|2
|-boost|p2a: Cloyster|spa|2
|-boost|p2a: Cloyster|spe|2
|-enditem|p2a: Cloyster|White Herb
|-clearnegativeboost|p2a: Cloyster|[silent]
|move|p1a: Steelix|Body Press|p2a: Cloyster
|-supereffective|p2a: Cloyster
|-damage|p2a: Cloyster|24/100
|
|upkeep
|turn|2
|
|t:|1608385609
|move|p2a: Cloyster|Liquidation|p1a: Steelix
|-supereffective|p1a: Steelix
|-damage|p1a: Steelix|39/100
|move|p1a: Steelix|Body Press|p2a: Cloyster
|-supereffective|p2a: Cloyster
|-damage|p2a: Cloyster|0 fnt
|faint|p2a: Cloyster
|
|-heal|p1a: Steelix|45/100|[from] item: Leftovers
|upkeep
|
|t:|1608385621
|switch|p2a: Glastrier|Glastrier|100/100
|turn|3
|c|☆Law and Order Svu|wow steelix didnt even like
|c|☆Law and Order Svu|blink at that
|
|t:|1608385629
|move|p2a: Glastrier|High Horsepower|p1a: Steelix
|-supereffective|p1a: Steelix
|-damage|p1a: Steelix|11/100
|move|p1a: Steelix|Body Press|p2a: Glastrier
|-supereffective|p2a: Glastrier
|-damage|p2a: Glastrier|43/100
|
|-heal|p1a: Steelix|17/100|[from] item: Leftovers
|upkeep
|turn|4
|
|t:|1608385635
|move|p1a: Steelix|Body Press|p2a: Glastrier
|-supereffective|p2a: Glastrier
|-damage|p2a: Glastrier|0 fnt
|faint|p2a: Glastrier
|
|-heal|p1a: Steelix|23/100|[from] item: Leftovers
|upkeep
|
|t:|1608385642
|switch|p2a: Doublade|Doublade, F|100/100
|turn|5
|j| CrimsonEmperour
|
|t:|1608385663
|switch|p1a: Drapion|Drapion, F|100/100
|move|p2a: Doublade|Swords Dance|p2a: Doublade
|-boost|p2a: Doublade|atk|2
|
|upkeep
|turn|6
|
|t:|1608385669
|move|p1a: Drapion|Knock Off|p2a: Doublade
|-supereffective|p2a: Doublade
|-damage|p2a: Doublade|66/100
|-enditem|p2a: Doublade|Eviolite|[from] move: Knock Off|[of] p1a: Drapion
|move|p2a: Doublade|Gyro Ball|p1a: Drapion
|-damage|p1a: Drapion|47/100
|
|-heal|p1a: Drapion|53/100|[from] item: Black Sludge
|upkeep
|turn|7
|
|t:|1608385677
|move|p1a: Drapion|Knock Off|p2a: Doublade
|-supereffective|p2a: Doublade
|-damage|p2a: Doublade|31/100
|move|p2a: Doublade|Gyro Ball|p1a: Drapion
|-damage|p1a: Drapion|0 fnt
|faint|p1a: Drapion
|
|upkeep
|
|t:|1608385687
|switch|p1a: Indeedee|Indeedee, M|100/100
|-fieldstart|move: Psychic Terrain|[from] ability: Psychic Surge|[of] p1a: Indeedee
|turn|8
|
|t:|1608385692
|move|p1a: Indeedee|Mystical Fire|p2a: Doublade
|-supereffective|p2a: Doublade
|-damage|p2a: Doublade|0 fnt
|faint|p2a: Doublade
|
|upkeep
|
|t:|1608385695
|switch|p2a: Umbreon|Umbreon, F|100/100
|turn|9
|
|t:|1608385700
|switch|p1a: Steelix|Steelix, M|23/100
|move|p2a: Umbreon|Toxic|p1a: Steelix
|-immune|p1a: Steelix
|
|-heal|p1a: Steelix|29/100|[from] item: Leftovers
|upkeep
|turn|10
|
|t:|1608385704
|move|p2a: Umbreon|Foul Play|p1a: Steelix
|-damage|p1a: Steelix|16/100
|move|p1a: Steelix|Body Press|p2a: Umbreon
|-supereffective|p2a: Umbreon
|-damage|p2a: Umbreon|46/100
|
|-heal|p2a: Umbreon|52/100|[from] item: Leftovers
|-heal|p1a: Steelix|23/100|[from] item: Leftovers
|upkeep
|turn|11
|
|t:|1608385713
|move|p2a: Umbreon|Wish|p2a: Umbreon
|move|p1a: Steelix|Body Press|p2a: Umbreon
|-supereffective|p2a: Umbreon
|-damage|p2a: Umbreon|0 fnt
|faint|p2a: Umbreon
|
|-heal|p1a: Steelix|29/100|[from] item: Leftovers
|upkeep
|
|t:|1608385716
|switch|p2a: Togekiss|Togekiss, F|100/100
|turn|12
|
|t:|1608385719
|move|p2a: Togekiss|Air Slash|p1a: Steelix
|-resisted|p1a: Steelix
|-damage|p1a: Steelix|1/100
|move|p1a: Steelix|Heavy Slam|p2a: Togekiss
|-supereffective|p2a: Togekiss
|-damage|p2a: Togekiss|13/100
|
|-heal|p2a: Togekiss|76/100|[from] move: Wish|[wisher] Umbreon
|-heal|p1a: Steelix|8/100|[from] item: Leftovers
|-fieldend|move: Psychic Terrain
|upkeep
|turn|13
|
|t:|1608385723
|move|p2a: Togekiss|Air Slash|p1a: Steelix
|-resisted|p1a: Steelix
|-damage|p1a: Steelix|0 fnt
|faint|p1a: Steelix
|
|upkeep
|
|t:|1608385725
|switch|p1a: Indeedee|Indeedee, M|100/100
|-fieldstart|move: Psychic Terrain|[from] ability: Psychic Surge|[of] p1a: Indeedee
|turn|14
|
|t:|1608385730
|move|p1a: Indeedee|Expanding Force|p2a: Togekiss
|-damage|p2a: Togekiss|0 fnt
|faint|p2a: Togekiss
|
|upkeep
|
|t:|1608385732
|switch|p2a: Regidrago|Regidrago|100/100
|turn|15
|c|☆Law and Order Svu|gg
|
|t:|1608385735
|move|p2a: Regidrago|Ancient Power|p1a: Indeedee
|-damage|p1a: Indeedee|74/100
|move|p1a: Indeedee|Expanding Force|p2a: Regidrago
|-damage|p2a: Regidrago|0 fnt
|faint|p2a: Regidrago
|
|win|Law and Order Svu
|l|☆T'y fais qwo lo
|raw|Law and Order Svu's rating: 1288 &rarr; <strong>1312</strong><br />(+24 for winning)
|raw|T&apos;y fais qwo lo's rating: 1274 &rarr; <strong>1250</strong><br />(-24 for losing)
