|j|☆sammersss
|j|☆hoyssxo
|t:|1664307482
|gametype|singles
|player|p1|sammersss|cynthia|1278
|player|p2|hoyssxo|channeler-gen1|1473
|teamsize|p1|6
|teamsize|p2|6
|gen|8
|tier|[Gen 8] RU
|rated|
|rule|Sleep Clause Mod: Limit one foe put to sleep
|rule|Species Clause: Limit one of each Pokémon
|rule|OHKO Clause: OHKO moves are banned
|rule|Evasion Items Clause: Evasion items are banned
|rule|Evasion Moves Clause: Evasion moves are banned
|rule|Endless Battle Clause: Forcing endless battles is banned
|rule|HP Percentage Mod: HP is shown in percentages
|rule|Dynamax Clause: You cannot dynamax
|clearpoke
|poke|p1|Umbreon, M|
|poke|p1|Cloyster, M|
|poke|p1|Weezing-Galar, M|
|poke|p1|Mimikyu, M|
|poke|p1|Xurkitree|
|poke|p1|Noivern, M|
|poke|p2|Snorlax, M|
|poke|p2|Entei|
|poke|p2|Roserade, M|
|poke|p2|Noivern, F|
|poke|p2|Rhyperior, F|
|poke|p2|Golisopod, M|
|teampreview
|inactive|Battle timer is ON: inactive players will automatically lose when time's up. (requested by sammersss)
|inactive|hoyssxo has 120 seconds left.
|
|t:|1664307531
|start
|switch|p1a: Xurkitree|Xurkitree|100/100
|switch|p2a: Roserade|Roserade, M|100/100
|turn|1
|
|t:|1664307539
|move|p1a: Xurkitree|Volt Switch|p2a: Roserade
|-resisted|p2a: Roserade
|-damage|p2a: Roserade|73/100
|
|t:|1664307541
|switch|p1a: Umbreon|Umbreon, M, shiny|100/100|[from]move: Volt Switch
|move|p2a: Roserade|Sleep Powder|p1a: Umbreon
|-status|p1a: Umbreon|slp|[from] move: Sleep Powder
|
|-heal|p2a: Roserade|79/100|[from] item: Black Sludge
|upkeep
|turn|2
|
|t:|1664307549
|switch|p1a: Noivern|Noivern, M|100/100
|move|p2a: Roserade|Spikes|p1a: Noivern
|-sidestart|p1: sammersss|Spikes
|
|-heal|p2a: Roserade|85/100|[from] item: Black Sludge
|upkeep
|turn|3
|
|t:|1664307558
|switch|p2a: Rhyperior|Rhyperior, F|100/100
|move|p1a: Noivern|Flamethrower|p2a: Rhyperior
|-resisted|p2a: Rhyperior
|-damage|p2a: Rhyperior|83/100
|
|-heal|p2a: Rhyperior|89/100|[from] item: Leftovers
|upkeep
|turn|4
|
|t:|1664307565
|move|p1a: Noivern|U-turn|p2a: Rhyperior
|-damage|p2a: Rhyperior|82/100
|
|t:|1664307567
|switch|p1a: Weezing|Weezing-Galar, M|100/100|[from]move: U-turn
|move|p2a: Rhyperior|Stone Edge|p1a: Weezing
|-damage|p1a: Weezing|58/100
|
|-heal|p2a: Rhyperior|88/100|[from] item: Leftovers
|-heal|p1a: Weezing|64/100|[from] item: Black Sludge
|upkeep
|turn|5
|
|t:|1664307584
|switch|p2a: Roserade|Roserade, M|85/100
|move|p1a: Weezing|Will-O-Wisp|p2a: Roserade
|-status|p2a: Roserade|brn
|
|-heal|p2a: Roserade|91/100 brn|[from] item: Black Sludge
|-heal|p1a: Weezing|70/100|[from] item: Black Sludge
|-damage|p2a: Roserade|85/100 brn|[from] brn
|upkeep
|turn|6
|
|t:|1664307590
|move|p2a: Roserade|Sludge Bomb|p1a: Weezing
|-damage|p1a: Weezing|10/100
|move|p1a: Weezing|Defog|p2a: Roserade
|-unboost|p2a: Roserade|evasion|1
|-sideend|p1: sammersss|Spikes|[from] move: Defog|[of] p1a: Weezing
|
|-heal|p2a: Roserade|91/100 brn|[from] item: Black Sludge
|-heal|p1a: Weezing|16/100|[from] item: Black Sludge
|-damage|p2a: Roserade|85/100 brn|[from] brn
|upkeep
|turn|7
|
|t:|1664307595
|move|p2a: Roserade|Spikes|p1a: Weezing
|-sidestart|p1: sammersss|Spikes
|move|p1a: Weezing|Sludge Bomb|p2a: Roserade
|-damage|p2a: Roserade|53/100 brn
|
|-heal|p2a: Roserade|59/100 brn|[from] item: Black Sludge
|-heal|p1a: Weezing|22/100|[from] item: Black Sludge
|-damage|p2a: Roserade|53/100 brn|[from] brn
|upkeep
|turn|8
|
|t:|1664307610
|switch|p1a: Umbreon|Umbreon, M, shiny|100/100 slp
|-damage|p1a: Umbreon|88/100 slp|[from] Spikes
|move|p2a: Roserade|Giga Drain|p1a: Umbreon
|-damage|p1a: Umbreon|67/100 slp
|-heal|p2a: Roserade|69/100 brn|[from] drain|[of] p1a: Umbreon
|
|-heal|p2a: Roserade|75/100 brn|[from] item: Black Sludge
|-heal|p1a: Umbreon|73/100 slp|[from] item: Leftovers
|-damage|p2a: Roserade|69/100 brn|[from] brn
|upkeep
|turn|9
|
|t:|1664307616
|move|p2a: Roserade|Spikes|p1a: Umbreon
|-sidestart|p1: sammersss|Spikes
|cant|p1a: Umbreon|slp
|
|-heal|p2a: Roserade|75/100 brn|[from] item: Black Sludge
|-heal|p1a: Umbreon|79/100 slp|[from] item: Leftovers
|-damage|p2a: Roserade|69/100 brn|[from] brn
|upkeep
|turn|10
|
|t:|1664307621
|move|p2a: Roserade|Spikes|p1a: Umbreon
|-sidestart|p1: sammersss|Spikes
|-curestatus|p1a: Umbreon|slp|[msg]
|move|p1a: Umbreon|Wish|p1a: Umbreon
|
|-heal|p2a: Roserade|75/100 brn|[from] item: Black Sludge
|-heal|p1a: Umbreon|85/100|[from] item: Leftovers
|-damage|p2a: Roserade|69/100 brn|[from] brn
|upkeep
|turn|11
|
|t:|1664307627
|switch|p1a: Weezing|Weezing-Galar, M|22/100
|move|p2a: Roserade|Sleep Powder|p1a: Weezing
|-status|p1a: Weezing|slp|[from] move: Sleep Powder
|
|-heal|p1a: Weezing|81/100 slp|[from] move: Wish|[wisher] Umbreon
|-heal|p2a: Roserade|75/100 brn|[from] item: Black Sludge
|-heal|p1a: Weezing|87/100 slp|[from] item: Black Sludge
|-damage|p2a: Roserade|69/100 brn|[from] brn
|upkeep
|turn|12
|
|t:|1664307632
|move|p2a: Roserade|Sludge Bomb|p1a: Weezing
|-damage|p1a: Weezing|25/100 slp
|cant|p1a: Weezing|slp
|
|-heal|p2a: Roserade|75/100 brn|[from] item: Black Sludge
|-heal|p1a: Weezing|31/100 slp|[from] item: Black Sludge
|-damage|p2a: Roserade|69/100 brn|[from] brn
|upkeep
|turn|13
|
|t:|1664307635
|move|p2a: Roserade|Sludge Bomb|p1a: Weezing
|-damage|p1a: Weezing|0 fnt
|faint|p1a: Weezing
|
|-heal|p2a: Roserade|75/100 brn|[from] item: Black Sludge
|-damage|p2a: Roserade|69/100 brn|[from] brn
|upkeep
|
|t:|1664307641
|switch|p1a: Noivern|Noivern, M|100/100
|turn|14
|
|t:|1664307645
|-curestatus|p2a: Roserade|brn|[from] ability: Natural Cure
|switch|p2a: Rhyperior|Rhyperior, F|88/100
|move|p1a: Noivern|Draco Meteor|p2a: Rhyperior
|-crit|p2a: Rhyperior
|-damage|p2a: Rhyperior|0 fnt
|-unboost|p1a: Noivern|spa|2
|faint|p2a: Rhyperior
|
|upkeep
|
|t:|1664307652
|switch|p2a: Snorlax|Snorlax, M|100/100
|turn|15
|
|t:|1664307659
|move|p1a: Noivern|U-turn|p2a: Snorlax
|-damage|p2a: Snorlax|92/100
|
|t:|1664307661
|switch|p1a: Cloyster|Cloyster, M, shiny|100/100|[from]move: U-turn
|-damage|p1a: Cloyster|76/100|[from] Spikes
|move|p2a: Snorlax|Curse|p2a: Snorlax
|-unboost|p2a: Snorlax|spe|1
|-boost|p2a: Snorlax|atk|1
|-boost|p2a: Snorlax|def|1
|
|-heal|p2a: Snorlax|98/100|[from] item: Leftovers
|upkeep
|turn|16
|
|t:|1664307666
|move|p1a: Cloyster|Shell Smash|p1a: Cloyster
|-unboost|p1a: Cloyster|def|1
|-unboost|p1a: Cloyster|spd|1
|-boost|p1a: Cloyster|atk|2
|-boost|p1a: Cloyster|spa|2
|-boost|p1a: Cloyster|spe|2
|move|p2a: Snorlax|Curse|p2a: Snorlax
|-unboost|p2a: Snorlax|spe|1
|-boost|p2a: Snorlax|atk|1
|-boost|p2a: Snorlax|def|1
|
|-heal|p2a: Snorlax|100/100|[from] item: Leftovers
|upkeep
|turn|17
|
|t:|1664307674
|move|p1a: Cloyster|Icicle Spear|p2a: Snorlax
|-damage|p2a: Snorlax|96/100
|-damage|p2a: Snorlax|92/100
|-damage|p2a: Snorlax|87/100
|-damage|p2a: Snorlax|82/100
|-damage|p2a: Snorlax|78/100
|-hitcount|p2a: Snorlax|5
|move|p2a: Snorlax|Curse|p2a: Snorlax
|-unboost|p2a: Snorlax|spe|1
|-boost|p2a: Snorlax|atk|1
|-boost|p2a: Snorlax|def|1
|
|-heal|p2a: Snorlax|84/100|[from] item: Leftovers
|upkeep
|turn|18
|
|t:|1664307688
|move|p1a: Cloyster|Icicle Spear|p2a: Snorlax
|-damage|p2a: Snorlax|80/100
|-damage|p2a: Snorlax|76/100
|-damage|p2a: Snorlax|72/100
|-damage|p2a: Snorlax|69/100
|-damage|p2a: Snorlax|65/100
|-hitcount|p2a: Snorlax|5
|move|p2a: Snorlax|Curse|p2a: Snorlax
|-unboost|p2a: Snorlax|spe|1
|-boost|p2a: Snorlax|atk|1
|-boost|p2a: Snorlax|def|1
|
|-heal|p2a: Snorlax|71/100|[from] item: Leftovers
|upkeep
|turn|19
|
|t:|1664307696
|move|p1a: Cloyster|Icicle Spear|p2a: Snorlax
|-damage|p2a: Snorlax|68/100
|-damage|p2a: Snorlax|65/100
|-damage|p2a: Snorlax|61/100
|-damage|p2a: Snorlax|58/100
|-damage|p2a: Snorlax|56/100
|-hitcount|p2a: Snorlax|5
|move|p2a: Snorlax|Body Slam|p1a: Cloyster
|-damage|p1a: Cloyster|0 fnt
|faint|p1a: Cloyster
|
|-heal|p2a: Snorlax|62/100|[from] item: Leftovers
|upkeep
|
|t:|1664307708
|switch|p1a: Xurkitree|Xurkitree|100/100
|-damage|p1a: Xurkitree|76/100|[from] Spikes
|turn|20
|
|t:|1664307722
|move|p1a: Xurkitree|Thunderbolt|p2a: Snorlax
|-damage|p2a: Snorlax|32/100
|move|p2a: Snorlax|Earthquake|p1a: Xurkitree
|-supereffective|p1a: Xurkitree
|-damage|p1a: Xurkitree|0 fnt
|faint|p1a: Xurkitree
|
|-heal|p2a: Snorlax|38/100|[from] item: Leftovers
|upkeep
|
|t:|1664307731
|switch|p1a: Noivern|Noivern, M|100/100
|turn|21
|
|t:|1664307735
|move|p1a: Noivern|Draco Meteor|p2a: Snorlax
|-damage|p2a: Snorlax|12/100
|-unboost|p1a: Noivern|spa|2
|move|p2a: Snorlax|Rest|p2a: Snorlax
|-status|p2a: Snorlax|slp|[from] move: Rest
|-heal|p2a: Snorlax|100/100 slp|[silent]
|
|upkeep
|turn|22
|
|t:|1664307742
|switch|p1a: Mimikyu|Mimikyu, M, shiny|100/100
|-damage|p1a: Mimikyu|76/100|[from] Spikes
|cant|p2a: Snorlax|slp
|
|upkeep
|turn|23
|
|t:|1664307745
|move|p1a: Mimikyu|Swords Dance|p1a: Mimikyu
|-boost|p1a: Mimikyu|atk|2
|cant|p2a: Snorlax|slp
|
|upkeep
|turn|24
|
|t:|1664307747
|move|p1a: Mimikyu|Swords Dance|p1a: Mimikyu
|-boost|p1a: Mimikyu|atk|2
|-curestatus|p2a: Snorlax|slp|[msg]
|move|p2a: Snorlax|Earthquake|p1a: Mimikyu
|-activate|p1a: Mimikyu|ability: Disguise
|-damage|p1a: Mimikyu|76/100
|detailschange|p1a: Mimikyu|Mimikyu-Busted, M, shiny
|-damage|p1a: Mimikyu|63/100|[from] pokemon: Mimikyu-Busted
|
|upkeep
|turn|25
|
|t:|1664307751
|move|p1a: Mimikyu|Play Rough|p2a: Snorlax
|-damage|p2a: Snorlax|63/100
|-damage|p1a: Mimikyu|53/100|[from] item: Life Orb
|move|p2a: Snorlax|Earthquake|p1a: Mimikyu
|-damage|p1a: Mimikyu|0 fnt
|faint|p1a: Mimikyu
|
|-heal|p2a: Snorlax|70/100|[from] item: Leftovers
|upkeep
|-message|sammersss forfeited.
|
|win|hoyssxo
|raw|sammersss's rating: 1278 &rarr; <strong>1266</strong><br />(-12 for losing)
|raw|hoyssxo's rating: 1473 &rarr; <strong>1483</strong><br />(+10 for winning)
|l|☆sammersss
||Ladder isn't responding, score probably updated but might not have (Request timeout).
