|j|☆rult50dcem
|j|☆RULT50W crossbow
|t:|1625822726
|gametype|singles
|player|p1|rult50dcem|lucas|1510
|player|p2|RULT50W crossbow|psychic-gen4|1363
|teamsize|p1|6
|teamsize|p2|6
|gen|8
|tier|[Gen 8] RU
|rated|
|rule|Sleep Clause Mod: Limit one foe put to sleep
|rule|Species Clause: Limit one of each Pokémon
|rule|OHKO Clause: OHKO moves are banned
|rule|Evasion Moves Clause: Evasion moves are banned
|rule|Endless Battle Clause: Forcing endless battles is banned
|rule|HP Percentage Mod: HP is shown in percentages
|rule|Dynamax Clause: You cannot dynamax
|clearpoke
|poke|p1|Metagross|
|poke|p1|Diancie|
|poke|p1|Celebi|
|poke|p1|Incineroar, M|
|poke|p1|Flygon, M|
|poke|p1|Mienshao, M|
|poke|p2|Marowak-Alola, M|
|poke|p2|Togekiss, F|
|poke|p2|Milotic, F|
|poke|p2|Umbreon, M|
|poke|p2|Metagross|
|poke|p2|Mienshao, M|
|teampreview
|inactive|Battle timer is ON: inactive players will automatically lose when time's up. (requested by rult50dcem)
|inactive|RULT50W crossbow has 120 seconds left.
|
|t:|1625822770
|start
|switch|p1a: Flygon|Flygon, M|100/100
|switch|p2a: Marowak|Marowak-Alola, M, shiny|100/100
|turn|1
|
|t:|1625822775
|switch|p2a: Milotic|Milotic, F|100/100
|move|p1a: Flygon|Earthquake|p2a: Milotic
|-damage|p2a: Milotic|75/100
|
|-heal|p2a: Milotic|81/100|[from] item: Leftovers
|upkeep
|turn|2
|
|t:|1625822787
|switch|p2a: Mienshao|Mienshao, M|100/100
|move|p1a: Flygon|Toxic|p2a: Mienshao
|-status|p2a: Mienshao|tox
|
|-damage|p2a: Mienshao|95/100 tox|[from] psn
|upkeep
|turn|3
|
|t:|1625822802
|move|p2a: Mienshao|U-turn|p1a: Flygon
|-damage|p1a: Flygon|66/100
|-damage|p2a: Mienshao|78/100 tox|[from] item: Rocky Helmet|[of] p1a: Flygon
|-damage|p2a: Mienshao|68/100 tox|[from] item: Life Orb
|
|t:|1625822815
|switch|p2a: Umbreon|Umbreon, M, shiny|100/100|[from]move: U-turn
|move|p1a: Flygon|Earthquake|p2a: Umbreon
|-damage|p2a: Umbreon|75/100
|
|-heal|p2a: Umbreon|81/100|[from] item: Leftovers
|upkeep
|turn|4
|
|t:|1625822819
|move|p1a: Flygon|Roost|p1a: Flygon
|-heal|p1a: Flygon|100/100
|-singleturn|p1a: Flygon|move: Roost
|move|p2a: Umbreon|Wish|p2a: Umbreon
|
|-heal|p2a: Umbreon|87/100|[from] item: Leftovers
|upkeep
|turn|5
|
|t:|1625822834
|switch|p1a: Incineroar|Incineroar, M|100/100
|-ability|p1a: Incineroar|Intimidate|boost
|-unboost|p2a: Umbreon|atk|1
|move|p2a: Umbreon|Heal Bell|p2a: Umbreon
|-activate|p2a: Umbreon|move: Heal Bell
|-curestatus|p2: Mienshao|tox|[msg]
|
|-heal|p2a: Umbreon|100/100|[from] move: Wish|[wisher] Umbreon
|upkeep
|turn|6
|
|t:|1625822859
|switch|p2a: Milotic|Milotic, F|81/100
|move|p1a: Incineroar|Knock Off|p2a: Milotic
|-damage|p2a: Milotic|54/100
|-enditem|p2a: Milotic|Leftovers|[from] move: Knock Off|[of] p1a: Incineroar
|
|upkeep
|turn|7
|
|t:|1625822868
|move|p2a: Milotic|Recover|p2a: Milotic
|-heal|p2a: Milotic|100/100
|move|p1a: Incineroar|U-turn|p2a: Milotic
|-damage|p2a: Milotic|88/100
|j| Luxnuv08
|
|t:|1625822878
|switch|p1a: Diancie|Diancie|100/100|[from]move: U-turn
|
|upkeep
|turn|8
|
|t:|1625822882
|switch|p2a: Metagross|Metagross|100/100
|move|p1a: Diancie|Stealth Rock|p2a: Metagross
|-sidestart|p2: RULT50W crossbow|move: Stealth Rock
|
|upkeep
|turn|9
|
|t:|1625822890
|switch|p1a: Flygon|Flygon, M|100/100
|move|p2a: Metagross|Meteor Mash|p1a: Flygon
|-damage|p1a: Flygon|10/100
|-damage|p2a: Metagross|84/100|[from] item: Rocky Helmet|[of] p1a: Flygon
|
|upkeep
|turn|10
|
|t:|1625822898
|switch|p1a: Metagross|Metagross|100/100
|switch|p2a: Togekiss|Togekiss, F|100/100
|
|upkeep
|turn|11
|
|t:|1625822901
|switch|p2a: Milotic|Milotic, F|88/100
|-damage|p2a: Milotic|75/100|[from] Stealth Rock
|move|p1a: Metagross|Toxic|p2a: Milotic
|-status|p2a: Milotic|tox
|
|-damage|p2a: Milotic|69/100 tox|[from] psn
|upkeep
|turn|12
|
|t:|1625822905
|move|p2a: Milotic|Recover|p2a: Milotic
|-heal|p2a: Milotic|100/100 tox
|move|p1a: Metagross|Meteor Mash|p2a: Milotic
|-resisted|p2a: Milotic
|-damage|p2a: Milotic|88/100 tox
|
|-damage|p2a: Milotic|76/100 tox|[from] psn
|upkeep
|turn|13
|
|t:|1625822914
|switch|p2a: Marowak|Marowak-Alola, M, shiny|100/100
|move|p1a: Metagross|Toxic|p2a: Marowak
|-status|p2a: Marowak|tox
|
|-damage|p2a: Marowak|94/100 tox|[from] psn
|upkeep
|turn|14
|
|t:|1625822917
|switch|p1a: Incineroar|Incineroar, M|100/100
|-ability|p1a: Incineroar|Intimidate|boost
|-unboost|p2a: Marowak|atk|1
|switch|p2a: Umbreon|Umbreon, M, shiny|100/100
|-damage|p2a: Umbreon|88/100|[from] Stealth Rock
|
|-heal|p2a: Umbreon|94/100|[from] item: Leftovers
|upkeep
|turn|15
|
|t:|1625822923
|switch|p2a: Milotic|Milotic, F|76/100 tox
|-damage|p2a: Milotic|64/100 tox|[from] Stealth Rock
|move|p1a: Incineroar|Knock Off|p2a: Milotic
|-damage|p2a: Milotic|51/100 tox
|
|-damage|p2a: Milotic|45/100 tox|[from] psn
|upkeep
|turn|16
|
|t:|1625822926
|switch|p1a: Celebi|Celebi|100/100
|move|p2a: Milotic|Recover|p2a: Milotic
|-heal|p2a: Milotic|95/100 tox
|
|-damage|p2a: Milotic|82/100 tox|[from] psn
|upkeep
|turn|17
|
|t:|1625822930
|switch|p1a: Metagross|Metagross|100/100
|switch|p2a: Togekiss|Togekiss, F|100/100
|
|upkeep
|turn|18
|
|t:|1625822942
|switch|p2a: Umbreon|Umbreon, M, shiny|94/100
|-damage|p2a: Umbreon|82/100|[from] Stealth Rock
|move|p1a: Metagross|Meteor Mash|p2a: Umbreon
|-damage|p2a: Umbreon|44/100
|
|-heal|p2a: Umbreon|50/100|[from] item: Leftovers
|upkeep
|turn|19
|
|t:|1625822950
|switch|p1a: Diancie|Diancie|100/100
|move|p2a: Umbreon|Wish|p2a: Umbreon
|
|-heal|p2a: Umbreon|56/100|[from] item: Leftovers
|upkeep
|turn|20
|
|t:|1625822954
|move|p2a: Umbreon|Protect|p2a: Umbreon
|-singleturn|p2a: Umbreon|Protect
|move|p1a: Diancie|Diamond Storm|p2a: Umbreon
|-activate|p2a: Umbreon|move: Protect
|
|-heal|p2a: Umbreon|100/100|[from] move: Wish|[wisher] Umbreon
|upkeep
|turn|21
|
|t:|1625822967
|switch|p2a: Metagross|Metagross|84/100
|-damage|p2a: Metagross|78/100|[from] Stealth Rock
|move|p1a: Diancie|Diamond Storm|p2a: Metagross
|-resisted|p2a: Metagross
|-damage|p2a: Metagross|62/100
|-boost|p1a: Diancie|def|2
|
|upkeep
|turn|22
|
|t:|1625822974
|switch|p1a: Celebi|Celebi|100/100
|move|p2a: Metagross|Earthquake|p1a: Celebi
|-resisted|p1a: Celebi
|-damage|p1a: Celebi|71/100
|
|upkeep
|turn|23
|
|t:|1625822983
|switch|p1a: Mienshao|Mienshao, M|100/100
|switch|p2a: Togekiss|Togekiss, F|100/100
|
|upkeep
|turn|24
|
|t:|1625823001
|switch|p1a: Metagross|Metagross|100/100
|move|p2a: Togekiss|Defog|p1a: Metagross
|-fail|p1a: Metagross|unboost|[from] ability: Clear Body|[of] p1a: Metagross
|-sideend|p2: RULT50W crossbow|Stealth Rock|[from] move: Defog|[of] p2a: Togekiss
|
|upkeep
|turn|25
|
|t:|1625823011
|switch|p2a: Umbreon|Umbreon, M, shiny|100/100
|switch|p1a: Diancie|Diancie|100/100
|
|upkeep
|turn|26
|
|t:|1625823014
|switch|p2a: Metagross|Metagross|62/100
|move|p1a: Diancie|Stealth Rock|p2a: Metagross
|-sidestart|p2: RULT50W crossbow|move: Stealth Rock
|
|upkeep
|turn|27
|
|t:|1625823037
|switch|p1a: Flygon|Flygon, M|10/100
|move|p2a: Metagross|Meteor Mash|p1a: Flygon
|-damage|p1a: Flygon|0 fnt
|-damage|p2a: Metagross|46/100|[from] item: Rocky Helmet|[of] p1a: Flygon
|faint|p1a: Flygon
|
|upkeep
|
|t:|1625823041
|switch|p1a: Mienshao|Mienshao, M|100/100
|turn|28
|
|t:|1625823054
|switch|p2a: Milotic|Milotic, F|82/100 tox
|-damage|p2a: Milotic|70/100 tox|[from] Stealth Rock
|move|p1a: Mienshao|Knock Off|p2a: Milotic
|-damage|p2a: Milotic|60/100 tox
|
|-damage|p2a: Milotic|54/100 tox|[from] psn
|upkeep
|turn|29
|
|t:|1625823060
|switch|p1a: Metagross|Metagross|100/100
|move|p2a: Milotic|Recover|p2a: Milotic
|-heal|p2a: Milotic|100/100 tox
|
|-damage|p2a: Milotic|88/100 tox|[from] psn
|upkeep
|turn|30
|
|t:|1625823064
|move|p1a: Metagross|Protect|p1a: Metagross
|-singleturn|p1a: Metagross|Protect
|move|p2a: Milotic|Scald|p1a: Metagross
|-activate|p1a: Metagross|move: Protect
|
|-damage|p2a: Milotic|70/100 tox|[from] psn
|upkeep
|turn|31
|
|t:|1625823067
|switch|p1a: Celebi|Celebi|71/100
|switch|p2a: Umbreon|Umbreon, M, shiny|100/100
|-damage|p2a: Umbreon|88/100|[from] Stealth Rock
|
|-heal|p2a: Umbreon|94/100|[from] item: Leftovers
|upkeep
|turn|32
|
|t:|1625823073
|switch|p1a: Incineroar|Incineroar, M|100/100
|-ability|p1a: Incineroar|Intimidate|boost
|-unboost|p2a: Umbreon|atk|1
|move|p2a: Umbreon|Wish|p2a: Umbreon
|
|-heal|p2a: Umbreon|99/100|[from] item: Leftovers
|upkeep
|turn|33
|
|t:|1625823082
|move|p2a: Umbreon|Heal Bell|p2a: Umbreon
|-activate|p2a: Umbreon|move: Heal Bell
|-curestatus|p2: Milotic|tox|[msg]
|-curestatus|p2: Marowak|tox|[msg]
|move|p1a: Incineroar|Knock Off|p2a: Umbreon
|-resisted|p2a: Umbreon
|-damage|p2a: Umbreon|84/100
|-enditem|p2a: Umbreon|Leftovers|[from] move: Knock Off|[of] p1a: Incineroar
|
|-heal|p2a: Umbreon|100/100|[from] move: Wish|[wisher] Umbreon
|upkeep
|turn|34
|
|t:|1625823088
|move|p2a: Umbreon|Wish|p2a: Umbreon
|move|p1a: Incineroar|U-turn|p2a: Umbreon
|-supereffective|p2a: Umbreon
|-damage|p2a: Umbreon|71/100
|
|t:|1625823091
|switch|p1a: Mienshao|Mienshao, M|100/100|[from]move: U-turn
|
|upkeep
|turn|35
|
|t:|1625823105
|switch|p2a: Milotic|Milotic, F|70/100
|-damage|p2a: Milotic|57/100|[from] Stealth Rock
|move|p1a: Mienshao|Knock Off|p2a: Milotic
|-damage|p2a: Milotic|42/100
|
|-heal|p2a: Milotic|92/100|[from] move: Wish|[wisher] Umbreon
|upkeep
|turn|36
|
|t:|1625823119
|move|p1a: Mienshao|Knock Off|p2a: Milotic
|-damage|p2a: Milotic|76/100
|move|p2a: Milotic|Scald|p1a: Mienshao
|-damage|p1a: Mienshao|48/100
|
|upkeep
|turn|37
|
|t:|1625823127
|switch|p1a: Celebi|Celebi|71/100
|switch|p2a: Togekiss|Togekiss, F|100/100
|
|upkeep
|turn|38
|
|t:|1625823134
|move|p1a: Celebi|Recover|p1a: Celebi
|-heal|p1a: Celebi|100/100
|move|p2a: Togekiss|Wish|p2a: Togekiss
|
|upkeep
|turn|39
|l| Luxnuv08
|
|t:|1625823143
|switch|p1a: Metagross|Metagross|100/100
|switch|p2a: Metagross|Metagross|46/100
|-damage|p2a: Metagross|40/100|[from] Stealth Rock
|
|-heal|p2a: Metagross|100/100|[from] move: Wish|[wisher] Togekiss
|upkeep
|turn|40
|
|t:|1625823148
|move|p1a: Metagross|Protect|p1a: Metagross
|-singleturn|p1a: Metagross|Protect
|move|p2a: Metagross|Earthquake|p1a: Metagross
|-activate|p1a: Metagross|move: Protect
|
|upkeep
|turn|41
|
|t:|1625823153
|move|p2a: Metagross|Earthquake|p1a: Metagross
|-supereffective|p1a: Metagross
|-damage|p1a: Metagross|19/100
|move|p1a: Metagross|Earthquake|p2a: Metagross
|-supereffective|p2a: Metagross
|-damage|p2a: Metagross|38/100
|
|-heal|p1a: Metagross|25/100|[from] item: Leftovers
|upkeep
|turn|42
|
|t:|1625823159
|move|p1a: Metagross|Protect|p1a: Metagross
|-singleturn|p1a: Metagross|Protect
|move|p2a: Metagross|Earthquake|p1a: Metagross
|-activate|p1a: Metagross|move: Protect
|
|-heal|p1a: Metagross|31/100|[from] item: Leftovers
|upkeep
|turn|43
|
|t:|1625823164
|switch|p2a: Mienshao|Mienshao, M|100/100
|-damage|p2a: Mienshao|95/100|[from] Stealth Rock
|switch|p1a: Celebi|Celebi|100/100
|
|upkeep
|turn|44
|
|t:|1625823174
|switch|p1a: Mienshao|Mienshao, M|81/100
|move|p2a: Mienshao|U-turn|p1a: Mienshao
|-resisted|p1a: Mienshao
|-crit|p1a: Mienshao
|-damage|p1a: Mienshao|37/100
|-damage|p2a: Mienshao|85/100|[from] item: Life Orb
|
|t:|1625823178
|switch|p2a: Togekiss|Togekiss, F|100/100|[from]move: U-turn
|
|upkeep
|turn|45
|
|t:|1625823187
|move|p1a: Mienshao|U-turn|p2a: Togekiss
|-resisted|p2a: Togekiss
|-damage|p2a: Togekiss|97/100
|
|t:|1625823189
|switch|p1a: Incineroar|Incineroar, M|100/100|[from]move: U-turn
|-ability|p1a: Incineroar|Intimidate|boost
|-unboost|p2a: Togekiss|atk|1
|move|p2a: Togekiss|Air Slash|p1a: Incineroar
|-damage|p1a: Incineroar|80/100
|
|upkeep
|turn|46
|
|t:|1625823195
|switch|p2a: Milotic|Milotic, F|76/100
|-damage|p2a: Milotic|63/100|[from] Stealth Rock
|move|p1a: Incineroar|Toxic|p2a: Milotic|[miss]
|-miss|p1a: Incineroar|p2a: Milotic
|
|upkeep
|turn|47
|
|t:|1625823201
|switch|p1a: Celebi|Celebi|100/100
|move|p2a: Milotic|Recover|p2a: Milotic
|-heal|p2a: Milotic|100/100
|
|upkeep
|turn|48
|
|t:|1625823212
|move|p1a: Celebi|Nasty Plot|p1a: Celebi
|-boost|p1a: Celebi|spa|2
|move|p2a: Milotic|Scald|p1a: Celebi
|-resisted|p1a: Celebi
|-damage|p1a: Celebi|87/100
|-status|p1a: Celebi|brn
|
|-damage|p1a: Celebi|81/100 brn|[from] brn
|upkeep
|turn|49
|
|t:|1625823221
|switch|p1a: Incineroar|Incineroar, M|80/100
|-ability|p1a: Incineroar|Intimidate|boost
|-unboost|p2a: Milotic|atk|1
|switch|p2a: Togekiss|Togekiss, F|97/100
|
|upkeep
|turn|50
|
|t:|1625823223
|move|p2a: Togekiss|Defog|p1a: Incineroar
|-unboost|p1a: Incineroar|evasion|1
|-sideend|p2: RULT50W crossbow|Stealth Rock|[from] move: Defog|[of] p2a: Togekiss
|move|p1a: Incineroar|Toxic|p2a: Togekiss
|-status|p2a: Togekiss|tox
|
|-damage|p2a: Togekiss|91/100 tox|[from] psn
|upkeep
|turn|51
|
|t:|1625823234
|switch|p2a: Milotic|Milotic, F|100/100
|move|p1a: Incineroar|U-turn|p2a: Milotic
|-damage|p2a: Milotic|87/100
|
|t:|1625823244
|switch|p1a: Metagross|Metagross|31/100|[from]move: U-turn
|
|-heal|p1a: Metagross|37/100|[from] item: Leftovers
|upkeep
|turn|52
|
|t:|1625823250
|move|p1a: Metagross|Protect|p1a: Metagross
|-singleturn|p1a: Metagross|Protect
|move|p2a: Milotic|Scald|p1a: Metagross
|-activate|p1a: Metagross|move: Protect
|
|-heal|p1a: Metagross|43/100|[from] item: Leftovers
|upkeep
|turn|53
|
|t:|1625823254
|switch|p1a: Celebi|Celebi|81/100
|move|p2a: Milotic|Scald|p1a: Celebi
|-resisted|p1a: Celebi
|-damage|p1a: Celebi|66/100
|
|upkeep
|turn|54
|
|t:|1625823259
|switch|p2a: Marowak|Marowak-Alola, M, shiny|94/100
|move|p1a: Celebi|Leaf Storm|p2a: Marowak
|-resisted|p2a: Marowak
|-damage|p2a: Marowak|67/100
|-unboost|p1a: Celebi|spa|2
|
|upkeep
|turn|55
|
|t:|1625823268
|switch|p1a: Diancie|Diancie|100/100
|move|p2a: Marowak|Stealth Rock|p1a: Diancie
|-sidestart|p1: rult50dcem|move: Stealth Rock
|
|upkeep
|turn|56
|
|t:|1625823275
|switch|p2a: Metagross|Metagross|38/100
|move|p1a: Diancie|Stealth Rock|p2a: Metagross
|-sidestart|p2: RULT50W crossbow|move: Stealth Rock
|
|upkeep
|turn|57
|
|t:|1625823286
|switch|p1a: Metagross|Metagross|43/100
|-damage|p1a: Metagross|37/100|[from] Stealth Rock
|move|p2a: Metagross|Meteor Mash|p1a: Metagross
|-resisted|p1a: Metagross
|-damage|p1a: Metagross|7/100
|
|-heal|p1a: Metagross|13/100|[from] item: Leftovers
|upkeep
|turn|58
|
|t:|1625823292
|move|p1a: Metagross|Protect|p1a: Metagross
|-singleturn|p1a: Metagross|Protect
|move|p2a: Metagross|Meteor Mash|p1a: Metagross
|-activate|p1a: Metagross|move: Protect
|
|-heal|p1a: Metagross|19/100|[from] item: Leftovers
|upkeep
|turn|59
|
|t:|1625823295
|switch|p1a: Incineroar|Incineroar, M|80/100
|-ability|p1a: Incineroar|Intimidate|boost
|-fail|p2a: Metagross|unboost|[from] ability: Clear Body|[of] p2a: Metagross
|move|p2a: Metagross|Meteor Mash|p1a: Incineroar
|-resisted|p1a: Incineroar
|-damage|p1a: Incineroar|44/100
|
|upkeep
|turn|60
|
|t:|1625823304
|switch|p2a: Milotic|Milotic, F|87/100
|-damage|p2a: Milotic|74/100|[from] Stealth Rock
|move|p1a: Incineroar|U-turn|p2a: Milotic
|-damage|p2a: Milotic|60/100
|
|t:|1625823306
|switch|p1a: Celebi|Celebi|66/100|[from]move: U-turn
|
|upkeep
|turn|61
|
|t:|1625823314
|switch|p2a: Togekiss|Togekiss, F|91/100 tox
|move|p1a: Celebi|Nasty Plot|p1a: Celebi
|-boost|p1a: Celebi|spa|2
|
|-damage|p2a: Togekiss|84/100 tox|[from] psn
|upkeep
|turn|62
|
|t:|1625823319
|move|p1a: Celebi|Recover|p1a: Celebi
|-heal|p1a: Celebi|100/100
|move|p2a: Togekiss|Air Slash|p1a: Celebi
|-supereffective|p1a: Celebi
|-damage|p1a: Celebi|42/100
|
|-damage|p2a: Togekiss|72/100 tox|[from] psn
|upkeep
|turn|63
|
|t:|1625823329
|switch|p2a: Umbreon|Umbreon, M, shiny|71/100
|-damage|p2a: Umbreon|59/100|[from] Stealth Rock
|move|p1a: Celebi|Recover|p1a: Celebi
|-heal|p1a: Celebi|93/100
|
|upkeep
|turn|64
|
|t:|1625823358
|move|p1a: Celebi|Leaf Storm|p2a: Umbreon
|-damage|p2a: Umbreon|0 fnt
|-unboost|p1a: Celebi|spa|2
|faint|p2a: Umbreon
|
|upkeep
|
|t:|1625823360
|switch|p2a: Mienshao|Mienshao, M|100/100
|-damage|p2a: Mienshao|95/100|[from] Stealth Rock
|turn|65
|
|t:|1625823368
|switch|p1a: Diancie|Diancie|100/100
|-damage|p1a: Diancie|88/100|[from] Stealth Rock
|move|p2a: Mienshao|Close Combat|p1a: Diancie
|-crit|p1a: Diancie
|-damage|p1a: Diancie|0 fnt
|-unboost|p2a: Mienshao|def|1
|-unboost|p2a: Mienshao|spd|1
|faint|p1a: Diancie
|-damage|p2a: Mienshao|85/100|[from] item: Life Orb
|
|upkeep
|
|t:|1625823372
|switch|p1a: Mienshao|Mienshao, M|70/100
|-damage|p1a: Mienshao|64/100|[from] Stealth Rock
|turn|66
|
|t:|1625823380
|switch|p2a: Marowak|Marowak-Alola, M, shiny|67/100
|move|p1a: Mienshao|Close Combat|p2a: Marowak
|-immune|p2a: Marowak
|
|upkeep
|turn|67
|
|t:|1625823404
|switch|p1a: Celebi|Celebi|93/100
|move|p2a: Marowak|Knock Off|p1a: Celebi
|-supereffective|p1a: Celebi
|-damage|p1a: Celebi|54/100
|-enditem|p1a: Celebi|Heavy-Duty Boots|[from] move: Knock Off|[of] p2a: Marowak
|
|upkeep
|turn|68
|
|t:|1625823421
|switch|p2a: Mienshao|Mienshao, M|100/100
|-damage|p2a: Mienshao|95/100|[from] Stealth Rock
|move|p1a: Celebi|Earth Power|p2a: Mienshao
|-damage|p2a: Mienshao|41/100
|
|upkeep
|turn|69
|
|t:|1625823433
|switch|p1a: Mienshao|Mienshao, M|98/100
|-damage|p1a: Mienshao|92/100|[from] Stealth Rock
|move|p2a: Mienshao|U-turn|p1a: Mienshao
|-resisted|p1a: Mienshao
|-damage|p1a: Mienshao|65/100
|-damage|p2a: Mienshao|31/100|[from] item: Life Orb
|
|t:|1625823436
|switch|p2a: Togekiss|Togekiss, F|72/100 tox|[from]move: U-turn
|
|-damage|p2a: Togekiss|66/100 tox|[from] psn
|upkeep
|turn|70
|
|t:|1625823442
|move|p1a: Mienshao|U-turn|p2a: Togekiss
|-resisted|p2a: Togekiss
|-damage|p2a: Togekiss|61/100 tox
|
|t:|1625823444
|switch|p1a: Metagross|Metagross|19/100|[from]move: U-turn
|-damage|p1a: Metagross|13/100|[from] Stealth Rock
|move|p2a: Togekiss|Defog|p1a: Metagross
|-fail|p1a: Metagross|unboost|[from] ability: Clear Body|[of] p1a: Metagross
|-sideend|p1: rult50dcem|Stealth Rock|[from] move: Defog|[of] p2a: Togekiss
|-sideend|p2: RULT50W crossbow|Stealth Rock|[from] move: Defog|[of] p2a: Togekiss
|
|-heal|p1a: Metagross|19/100|[from] item: Leftovers
|-damage|p2a: Togekiss|49/100 tox|[from] psn
|upkeep
|turn|71
|
|t:|1625823459
|switch|p2a: Milotic|Milotic, F|60/100
|move|p1a: Metagross|Earthquake|p2a: Milotic
|-damage|p2a: Milotic|36/100
|
|-heal|p1a: Metagross|25/100|[from] item: Leftovers
|upkeep
|turn|72
|
|t:|1625823462
|move|p1a: Metagross|Protect|p1a: Metagross
|-singleturn|p1a: Metagross|Protect
|move|p2a: Milotic|Recover|p2a: Milotic
|-heal|p2a: Milotic|86/100
|
|-heal|p1a: Metagross|31/100|[from] item: Leftovers
|upkeep
|turn|73
|
|t:|1625823471
|switch|p2a: Mienshao|Mienshao, M|64/100
|move|p1a: Metagross|Meteor Mash|p2a: Mienshao
|-damage|p2a: Mienshao|0 fnt
|faint|p2a: Mienshao
|
|-heal|p1a: Metagross|37/100|[from] item: Leftovers
|upkeep
|
|t:|1625823477
|switch|p2a: Metagross|Metagross|38/100
|turn|74
|
|t:|1625823480
|move|p1a: Metagross|Protect|p1a: Metagross
|-singleturn|p1a: Metagross|Protect
|move|p2a: Metagross|Earthquake|p1a: Metagross
|-activate|p1a: Metagross|move: Protect
|
|-heal|p1a: Metagross|43/100|[from] item: Leftovers
|upkeep
|turn|75
|
|t:|1625823485
|switch|p1a: Celebi|Celebi|54/100
|move|p2a: Metagross|Earthquake|p1a: Celebi
|-resisted|p1a: Celebi
|-damage|p1a: Celebi|22/100
|
|upkeep
|turn|76
|
|t:|1625823489
|switch|p2a: Marowak|Marowak-Alola, M, shiny|67/100
|move|p1a: Celebi|Recover|p1a: Celebi
|-heal|p1a: Celebi|73/100
|
|upkeep
|turn|77
|
|t:|1625823495
|switch|p1a: Incineroar|Incineroar, M|44/100
|-ability|p1a: Incineroar|Intimidate|boost
|-unboost|p2a: Marowak|atk|1
|move|p2a: Marowak|Stealth Rock|p1a: Incineroar
|-sidestart|p1: rult50dcem|move: Stealth Rock
|
|upkeep
|turn|78
|
|t:|1625823502
|switch|p2a: Togekiss|Togekiss, F|49/100 tox
|move|p1a: Incineroar|Knock Off|p2a: Togekiss
|-resisted|p2a: Togekiss
|-damage|p2a: Togekiss|34/100 tox
|-enditem|p2a: Togekiss|Heavy-Duty Boots|[from] move: Knock Off|[of] p1a: Incineroar
|
|-damage|p2a: Togekiss|28/100 tox|[from] psn
|upkeep
|turn|79
|
|t:|1625823527
|switch|p1a: Metagross|Metagross|43/100
|-damage|p1a: Metagross|37/100|[from] Stealth Rock
|move|p2a: Togekiss|Roost|p2a: Togekiss
|-heal|p2a: Togekiss|78/100 tox
|-singleturn|p2a: Togekiss|move: Roost
|
|-heal|p1a: Metagross|43/100|[from] item: Leftovers
|-damage|p2a: Togekiss|66/100 tox|[from] psn
|upkeep
|turn|80
|
|t:|1625823540
|switch|p2a: Milotic|Milotic, F|86/100
|move|p1a: Metagross|Earthquake|p2a: Milotic
|-damage|p2a: Milotic|60/100
|
|-heal|p1a: Metagross|49/100|[from] item: Leftovers
|upkeep
|turn|81
|
|t:|1625823545
|move|p1a: Metagross|Protect|p1a: Metagross
|-singleturn|p1a: Metagross|Protect
|move|p2a: Milotic|Scald|p1a: Metagross
|-activate|p1a: Metagross|move: Protect
|
|-heal|p1a: Metagross|55/100|[from] item: Leftovers
|upkeep
|turn|82
|
|t:|1625823551
|switch|p1a: Celebi|Celebi|73/100
|-damage|p1a: Celebi|60/100|[from] Stealth Rock
|move|p2a: Milotic|Scald|p1a: Celebi
|-resisted|p1a: Celebi
|-damage|p1a: Celebi|47/100
|-status|p1a: Celebi|brn
|
|-damage|p1a: Celebi|41/100 brn|[from] brn
|upkeep
|turn|83
|
|t:|1625823555
|switch|p2a: Marowak|Marowak-Alola, M, shiny|67/100
|move|p1a: Celebi|Recover|p1a: Celebi
|-heal|p1a: Celebi|91/100 brn
|
|-damage|p1a: Celebi|85/100 brn|[from] brn
|upkeep
|turn|84
|
|t:|1625823564
|-curestatus|p1a: Celebi|brn|[from] ability: Natural Cure
|switch|p1a: Mienshao|Mienshao, M|98/100
|-damage|p1a: Mienshao|92/100|[from] Stealth Rock
|move|p2a: Marowak|Knock Off|p1a: Mienshao
|-resisted|p1a: Mienshao
|-damage|p1a: Mienshao|76/100
|-enditem|p1a: Mienshao|Choice Scarf|[from] move: Knock Off|[of] p2a: Marowak
|
|upkeep
|turn|85
|
|t:|1625823571
|switch|p2a: Milotic|Milotic, F|60/100
|move|p1a: Mienshao|Knock Off|p2a: Milotic
|-damage|p2a: Milotic|45/100
|
|upkeep
|turn|86
|
|t:|1625823580
|move|p1a: Mienshao|U-turn|p2a: Milotic
|-damage|p2a: Milotic|29/100
|
|t:|1625823582
|switch|p1a: Celebi|Celebi|85/100|[from]move: U-turn
|-damage|p1a: Celebi|73/100|[from] Stealth Rock
|move|p2a: Milotic|Recover|p2a: Milotic
|-heal|p2a: Milotic|79/100
|
|upkeep
|turn|87
|
|t:|1625823593
|move|p1a: Celebi|Nasty Plot|p1a: Celebi
|-boost|p1a: Celebi|spa|2
|move|p2a: Milotic|Toxic|p1a: Celebi
|-status|p1a: Celebi|tox
|
|-damage|p1a: Celebi|66/100 tox|[from] psn
|upkeep
|turn|88
|
|t:|1625823602
|switch|p2a: Marowak|Marowak-Alola, M, shiny|67/100
|move|p1a: Celebi|Leaf Storm|p2a: Marowak
|-resisted|p2a: Marowak
|-damage|p2a: Marowak|15/100
|-unboost|p1a: Celebi|spa|2
|
|-damage|p1a: Celebi|54/100 tox|[from] psn
|upkeep
|turn|89
|
|t:|1625823625
|-curestatus|p1a: Celebi|tox|[from] ability: Natural Cure
|switch|p1a: Mienshao|Mienshao, M|100/100
|-damage|p1a: Mienshao|95/100|[from] Stealth Rock
|switch|p2a: Togekiss|Togekiss, F|66/100 tox
|
|-damage|p2a: Togekiss|60/100 tox|[from] psn
|upkeep
|turn|90
|inactive|RULT50W crossbow has 120 seconds left.
|
|t:|1625823652
|move|p1a: Mienshao|U-turn|p2a: Togekiss
|-resisted|p2a: Togekiss
|-damage|p2a: Togekiss|55/100 tox
|
|t:|1625823655
|switch|p1a: Metagross|Metagross|55/100|[from]move: U-turn
|-damage|p1a: Metagross|49/100|[from] Stealth Rock
|move|p2a: Togekiss|Roost|p2a: Togekiss
|-heal|p2a: Togekiss|100/100 tox
|-singleturn|p2a: Togekiss|move: Roost
|
|-heal|p1a: Metagross|55/100|[from] item: Leftovers
|-damage|p2a: Togekiss|88/100 tox|[from] psn
|upkeep
|turn|91
|
|t:|1625823659
|switch|p2a: Milotic|Milotic, F|79/100
|move|p1a: Metagross|Toxic|p2a: Milotic
|-status|p2a: Milotic|tox
|
|-heal|p1a: Metagross|61/100|[from] item: Leftovers
|-damage|p2a: Milotic|73/100 tox|[from] psn
|upkeep
|turn|92
|
|t:|1625823662
|move|p1a: Metagross|Protect|p1a: Metagross
|-singleturn|p1a: Metagross|Protect
|move|p2a: Milotic|Recover|p2a: Milotic
|-heal|p2a: Milotic|100/100 tox
|
|-heal|p1a: Metagross|67/100|[from] item: Leftovers
|-damage|p2a: Milotic|88/100 tox|[from] psn
|upkeep
|turn|93
|
|t:|1625823669
|switch|p2a: Togekiss|Togekiss, F|88/100 tox
|switch|p1a: Celebi|Celebi|54/100
|-damage|p1a: Celebi|42/100|[from] Stealth Rock
|
|-damage|p2a: Togekiss|82/100 tox|[from] psn
|upkeep
|turn|94
|
|t:|1625823678
|switch|p1a: Metagross|Metagross|67/100
|-damage|p1a: Metagross|61/100|[from] Stealth Rock
|switch|p2a: Metagross|Metagross|38/100
|
|-heal|p1a: Metagross|67/100|[from] item: Leftovers
|upkeep
|turn|95
|
|t:|1625823680
|move|p1a: Metagross|Protect|p1a: Metagross
|-singleturn|p1a: Metagross|Protect
|move|p2a: Metagross|Earthquake|p1a: Metagross
|-activate|p1a: Metagross|move: Protect
|
|-heal|p1a: Metagross|73/100|[from] item: Leftovers
|upkeep
|turn|96
|
|t:|1625823685
|switch|p1a: Incineroar|Incineroar, M|44/100
|-ability|p1a: Incineroar|Intimidate|boost
|-fail|p2a: Metagross|unboost|[from] ability: Clear Body|[of] p2a: Metagross
|move|p2a: Metagross|Earthquake|p1a: Incineroar
|-supereffective|p1a: Incineroar
|-damage|p1a: Incineroar|0 fnt
|faint|p1a: Incineroar
|
|upkeep
|
|t:|1625823686
|switch|p1a: Mienshao|Mienshao, M|100/100
|-damage|p1a: Mienshao|95/100|[from] Stealth Rock
|turn|97
|inactive|RULT50W crossbow has 120 seconds left.
|inactive|RULT50W crossbow has 90 seconds left.
|inactive|RULT50W crossbow has 60 seconds left.
|
|t:|1625823775
|switch|p2a: Togekiss|Togekiss, F|82/100 tox
|move|p1a: Mienshao|Close Combat|p2a: Togekiss
|-resisted|p2a: Togekiss
|-damage|p2a: Togekiss|71/100 tox
|-unboost|p1a: Mienshao|def|1
|-unboost|p1a: Mienshao|spd|1
|
|-damage|p2a: Togekiss|65/100 tox|[from] psn
|upkeep
|turn|98
|inactive|RULT50W crossbow has 60 seconds left.
|j| Luxnuv08
|
|t:|1625823802
|move|p1a: Mienshao|Stone Edge|p2a: Togekiss
|-supereffective|p2a: Togekiss
|-damage|p2a: Togekiss|13/100 tox
|move|p2a: Togekiss|Air Slash|p1a: Mienshao
|-supereffective|p1a: Mienshao
|-crit|p1a: Mienshao
|-damage|p1a: Mienshao|0 fnt
|faint|p1a: Mienshao
|
|-damage|p2a: Togekiss|1/100 tox|[from] psn
|upkeep
|
|t:|1625823807
|switch|p1a: Metagross|Metagross|73/100
|-damage|p1a: Metagross|67/100|[from] Stealth Rock
|turn|99
|
|t:|1625823817
|move|p2a: Togekiss|Wish|p2a: Togekiss
|move|p1a: Metagross|Meteor Mash|p2a: Togekiss
|-supereffective|p2a: Togekiss
|-damage|p2a: Togekiss|0 fnt
|faint|p2a: Togekiss
|
|-heal|p1a: Metagross|73/100|[from] item: Leftovers
|upkeep
|
|t:|1625823819
|switch|p2a: Metagross|Metagross|38/100
|turn|100
|
|t:|1625823822
|move|p1a: Metagross|Protect|p1a: Metagross
|-singleturn|p1a: Metagross|Protect
|move|p2a: Metagross|Earthquake|p1a: Metagross
|-activate|p1a: Metagross|move: Protect
|
|-heal|p2a: Metagross|99/100|[from] move: Wish|[wisher] Togekiss
|-heal|p1a: Metagross|79/100|[from] item: Leftovers
|upkeep
|turn|101
|
|t:|1625823827
|move|p2a: Metagross|Earthquake|p1a: Metagross
|-supereffective|p1a: Metagross
|-damage|p1a: Metagross|0 fnt
|faint|p1a: Metagross
|
|upkeep
|
|t:|1625823829
|switch|p1a: Celebi|Celebi|42/100
|-damage|p1a: Celebi|30/100|[from] Stealth Rock
|turn|102
|
|t:|1625823838
|switch|p2a: Milotic|Milotic, F|88/100 tox
|move|p1a: Celebi|Recover|p1a: Celebi
|-heal|p1a: Celebi|80/100
|
|-damage|p2a: Milotic|82/100 tox|[from] psn
|upkeep
|turn|103
|
|t:|1625823841
|move|p1a: Celebi|Leaf Storm|p2a: Milotic
|-supereffective|p2a: Milotic
|-damage|p2a: Milotic|0 fnt
|-unboost|p1a: Celebi|spa|2
|faint|p2a: Milotic
|
|upkeep
|
|t:|1625823844
|switch|p2a: Metagross|Metagross|99/100
|turn|104
|
|t:|1625823846
|move|p1a: Celebi|Earth Power|p2a: Metagross
|-supereffective|p2a: Metagross
|-crit|p2a: Metagross
|-damage|p2a: Metagross|2/100
|move|p2a: Metagross|Meteor Mash|p1a: Celebi
|-damage|p1a: Celebi|0 fnt
|faint|p1a: Celebi
|
|win|RULT50W crossbow
|raw|rult50dcem's rating: 1510 &rarr; <strong>1482</strong><br />(-28 for losing)
|raw|RULT50W crossbow's rating: 1363 &rarr; <strong>1391</strong><br />(+28 for winning)
|c|☆RULT50W crossbow|Gg
|l|☆rult50dcem
