|j|☆Lionel Mesprit
|j|☆MrAldo
|inactive|Battle timer is ON: inactive players will automatically lose when time's up.
|t:|1610168224
|player|p1|Lionel Mesprit|striker|
|player|p2|MrAldo|gentleman-gen4dp|
|teamsize|p1|6
|teamsize|p2|6
|gametype|singles
|gen|8
|tier|[Gen 8] RU
|rated|Tournament battle
|clearpoke
|poke|p1|Torkoal, F|
|poke|p1|Thundurus, M|
|poke|p1|Darmanitan, F|
|poke|p1|Zygarde-10%|
|poke|p1|Zarude|
|poke|p1|Togekiss, F|
|poke|p2|Espeon, M|
|poke|p2|Magnezone|
|poke|p2|Gastrodon-East, M|
|poke|p2|Diancie|
|poke|p2|Zarude|
|poke|p2|Crobat, F|
|rule|Sleep Clause Mod: Limit one foe put to sleep
|rule|Species Clause: Limit one of each Pokémon
|rule|OHKO Clause: OHKO moves are banned
|rule|Evasion Moves Clause: Evasion moves are banned
|rule|Endless Battle Clause: Forcing endless battles is banned
|rule|HP Percentage Mod: HP is shown in percentages
|rule|Dynamax Clause: You cannot dynamax
|teampreview
|j| Can'tFight
|inactive|MrAldo has 120 seconds left.
|c| Can'tFight|gastrodon diancie, nice core
|inactive|MrAldo has 90 seconds left.
|
|t:|1610168305
|start
|switch|p1a: Darmanitan|Darmanitan, F|100/100
|switch|p2a: Diancie|Diancie|100/100
|turn|1
|inactive|Lionel Mesprit has 120 seconds left.
|
|t:|1610168350
|move|p1a: Darmanitan|U-turn|p2a: Diancie
|-resisted|p2a: Diancie
|-crit|p2a: Diancie
|-damage|p2a: Diancie|86/100
|
|t:|1610168366
|switch|p1a: Zarude|Zarude|100/100|[from]move: U-turn
|move|p2a: Diancie|Stealth Rock|p1a: Zarude
|-sidestart|p1: Lionel Mesprit|move: Stealth Rock
|
|-heal|p2a: Diancie|92/100|[from] item: Leftovers
|upkeep
|turn|2
|inactive|Lionel Mesprit has 90 seconds left.
|
|t:|1610168404
|move|p1a: Zarude|U-turn|p2a: Diancie
|-resisted|p2a: Diancie
|-damage|p2a: Diancie|84/100
|
|t:|1610168407
|switch|p1a: Torkoal|Torkoal, F|100/100|[from]move: U-turn
|-damage|p1a: Torkoal|76/100|[from] Stealth Rock
|-weather|SunnyDay|[from] ability: Drought|[of] p1a: Torkoal
|move|p2a: Diancie|Toxic|p1a: Torkoal
|-status|p1a: Torkoal|tox
|
|-weather|SunnyDay|[upkeep]
|-heal|p2a: Diancie|90/100|[from] item: Leftovers
|-damage|p1a: Torkoal|70/100 tox|[from] psn
|upkeep
|turn|3
|
|t:|1610168422
|move|p2a: Diancie|Earth Power|p1a: Torkoal
|-supereffective|p1a: Torkoal
|-damage|p1a: Torkoal|15/100 tox
|move|p1a: Torkoal|Stealth Rock|p2a: Diancie
|-sidestart|p2: MrAldo|move: Stealth Rock
|
|-weather|SunnyDay|[upkeep]
|-heal|p2a: Diancie|96/100|[from] item: Leftovers
|-damage|p1a: Torkoal|3/100 tox|[from] psn
|upkeep
|turn|4
|
|t:|1610168434
|switch|p1a: Zarude|Zarude|100/100
|move|p2a: Diancie|Moonblast|p1a: Zarude
|-supereffective|p1a: Zarude
|-damage|p1a: Zarude|33/100
|
|-weather|SunnyDay|[upkeep]
|-heal|p2a: Diancie|100/100|[from] item: Leftovers
|upkeep
|turn|5
|inactive|Lionel Mesprit has 90 seconds left.
|
|t:|1610168441
|switch|p2a: Crobat|Crobat, F|100/100
|move|p1a: Zarude|Synthesis|p1a: Zarude
|-heal|p1a: Zarude|99/100
|
|-weather|SunnyDay|[upkeep]
|upkeep
|turn|6
|
|t:|1610168449
|move|p2a: Crobat|U-turn|p1a: Zarude
|-supereffective|p1a: Zarude
|-damage|p1a: Zarude|40/100
|j| The True Falcon
|
|t:|1610168453
|switch|p2a: Magnezone|Magnezone|100/100|[from]move: U-turn
|-damage|p2a: Magnezone|94/100|[from] Stealth Rock
|move|p1a: Zarude|U-turn|p2a: Magnezone
|-resisted|p2a: Magnezone
|-damage|p2a: Magnezone|86/100
|
|t:|1610168468
|switch|p1a: Thundurus|Thundurus, M|100/100|[from]move: U-turn
|
|-weather|SunnyDay|[upkeep]
|-heal|p2a: Magnezone|92/100|[from] item: Leftovers
|upkeep
|turn|7
|inactive|Lionel Mesprit has 90 seconds left.
|
|t:|1610168510
|switch|p2a: Diancie|Diancie|100/100
|-damage|p2a: Diancie|88/100|[from] Stealth Rock
|move|p1a: Thundurus|Nasty Plot|p1a: Thundurus
|-boost|p1a: Thundurus|spa|2
|
|-weather|SunnyDay|[upkeep]
|-heal|p2a: Diancie|94/100|[from] item: Leftovers
|upkeep
|turn|8
|
|t:|1610168525
|move|p1a: Thundurus|Thunderbolt|p2a: Diancie
|-damage|p2a: Diancie|36/100
|move|p2a: Diancie|Toxic|p1a: Thundurus
|-status|p1a: Thundurus|tox
|
|-weather|SunnyDay|[upkeep]
|-heal|p2a: Diancie|42/100|[from] item: Leftovers
|-damage|p1a: Thundurus|94/100 tox|[from] psn
|upkeep
|turn|9
|
|t:|1610168539
|switch|p2a: Magnezone|Magnezone|92/100
|-damage|p2a: Magnezone|86/100|[from] Stealth Rock
|move|p1a: Thundurus|Thunderbolt|p2a: Magnezone
|-resisted|p2a: Magnezone
|-damage|p2a: Magnezone|21/100
|
|-weather|none
|-heal|p2a: Magnezone|27/100|[from] item: Leftovers
|-damage|p1a: Thundurus|82/100 tox|[from] psn
|upkeep
|turn|10
|
|t:|1610168552
|move|p1a: Thundurus|Thunderbolt|p2a: Magnezone
|-resisted|p2a: Magnezone
|-damage|p2a: Magnezone|0 fnt
|faint|p2a: Magnezone
|
|-damage|p1a: Thundurus|64/100 tox|[from] psn
|upkeep
|
|t:|1610168560
|switch|p2a: Crobat|Crobat, F|100/100
|turn|11
|inactive|Lionel Mesprit has 90 seconds left.
|
|t:|1610168570
|move|p2a: Crobat|U-turn|p1a: Thundurus
|-resisted|p1a: Thundurus
|-damage|p1a: Thundurus|53/100 tox
|
|t:|1610168573
|switch|p2a: Gastrodon|Gastrodon-East, M|100/100|[from]move: U-turn
|-damage|p2a: Gastrodon|94/100|[from] Stealth Rock
|move|p1a: Thundurus|Thunderbolt|p2a: Gastrodon
|-immune|p2a: Gastrodon
|
|-heal|p2a: Gastrodon|100/100|[from] item: Leftovers
|-damage|p1a: Thundurus|29/100 tox|[from] psn
|upkeep
|turn|12
|
|t:|1610168583
|switch|p2a: Crobat|Crobat, F|100/100
|move|p1a: Thundurus|Thunderbolt|p2a: Crobat
|-supereffective|p2a: Crobat
|-damage|p2a: Crobat|0 fnt
|faint|p2a: Crobat
|
|-damage|p1a: Thundurus|0 fnt|[from] psn
|faint|p1a: Thundurus
|upkeep
|
|t:|1610168600
|switch|p2a: Espeon|Espeon, M|100/100
|switch|p1a: Zygarde|Zygarde-10%|100/100
|-damage|p1a: Zygarde|94/100|[from] Stealth Rock
|-ability|p1a: Zygarde|Aura Break
|-damage|p2a: Espeon|88/100|[from] Stealth Rock
|turn|13
|
|t:|1610168608
|switch|p2a: Gastrodon|Gastrodon-East, M|100/100
|-damage|p2a: Gastrodon|94/100|[from] Stealth Rock
|move|p1a: Zygarde|Thousand Arrows|p2a: Gastrodon
|-damage|p2a: Gastrodon|51/100
|
|-heal|p2a: Gastrodon|57/100|[from] item: Leftovers
|upkeep
|turn|14
|
|t:|1610168617
|switch|p1a: Zarude|Zarude|40/100
|move|p2a: Gastrodon|Recover|p2a: Gastrodon
|-heal|p2a: Gastrodon|100/100
|
|upkeep
|turn|15
|j| zeefable@!
|
|t:|1610168628
|move|p1a: Zarude|Power Whip|p2a: Gastrodon|[miss]
|-miss|p1a: Zarude|p2a: Gastrodon
|move|p2a: Gastrodon|Toxic|p1a: Zarude
|-status|p1a: Zarude|tox
|
|-damage|p1a: Zarude|34/100 tox|[from] psn
|upkeep
|turn|16
|inactive|Lionel Mesprit has 120 seconds left.
|
|t:|1610168638
|switch|p2a: Diancie|Diancie|42/100
|-damage|p2a: Diancie|29/100|[from] Stealth Rock
|move|p1a: Zarude|U-turn|p2a: Diancie
|-resisted|p2a: Diancie
|-damage|p2a: Diancie|20/100
|inactive|Lionel Mesprit has 120 seconds left.
|
|t:|1610168645
|switch|p1a: Zygarde|Zygarde-10%|94/100|[from]move: U-turn
|-damage|p1a: Zygarde|88/100|[from] Stealth Rock
|-ability|p1a: Zygarde|Aura Break
|
|-heal|p2a: Diancie|26/100|[from] item: Leftovers
|upkeep
|turn|17
|
|t:|1610168652
|switch|p2a: Zarude|Zarude|100/100
|move|p1a: Zygarde|Thousand Arrows|p2a: Zarude
|-resisted|p2a: Zarude
|-damage|p2a: Zarude|71/100
|
|upkeep
|turn|18
|
|t:|1610168666
|switch|p1a: Torkoal|Torkoal, F|3/100 tox
|-damage|p1a: Torkoal|0 fnt|[from] Stealth Rock
|faint|p1a: Torkoal
|move|p2a: Zarude|U-turn|p1: Torkoal|[notarget]
|-fail|p2a: Zarude
|
|upkeep
|
|t:|1610168669
|switch|p1a: Darmanitan|Darmanitan, F|100/100
|-damage|p1a: Darmanitan|76/100|[from] Stealth Rock
|turn|19
|
|t:|1610168678
|switch|p2a: Diancie|Diancie|26/100
|-damage|p2a: Diancie|14/100|[from] Stealth Rock
|move|p1a: Darmanitan|U-turn|p2a: Diancie
|-resisted|p2a: Diancie
|-damage|p2a: Diancie|4/100
|
|t:|1610168686
|switch|p1a: Zygarde|Zygarde-10%|88/100|[from]move: U-turn
|-damage|p1a: Zygarde|82/100|[from] Stealth Rock
|-ability|p1a: Zygarde|Aura Break
|
|-heal|p2a: Diancie|10/100|[from] item: Leftovers
|upkeep
|turn|20
|
|t:|1610168694
|switch|p2a: Gastrodon|Gastrodon-East, M|100/100
|-damage|p2a: Gastrodon|94/100|[from] Stealth Rock
|move|p1a: Zygarde|Thousand Arrows|p2a: Gastrodon
|-crit|p2a: Gastrodon
|-damage|p2a: Gastrodon|29/100
|
|-heal|p2a: Gastrodon|35/100|[from] item: Leftovers
|upkeep
|turn|21
|
|t:|1610168709
|switch|p2a: Zarude|Zarude|71/100
|move|p1a: Zygarde|Thousand Arrows|p2a: Zarude
|-resisted|p2a: Zarude
|-damage|p2a: Zarude|46/100
|
|upkeep
|turn|22
|
|t:|1610168717
|switch|p1a: Togekiss|Togekiss, F|100/100
|move|p2a: Zarude|U-turn|p1a: Togekiss
|-resisted|p1a: Togekiss
|-damage|p1a: Togekiss|95/100
|
|t:|1610168721
|switch|p2a: Espeon|Espeon, M|88/100|[from]move: U-turn
|-damage|p2a: Espeon|76/100|[from] Stealth Rock
|
|upkeep
|turn|23
|
|t:|1610168729
|move|p2a: Espeon|Calm Mind|p2a: Espeon
|-boost|p2a: Espeon|spa|1
|-boost|p2a: Espeon|spd|1
|move|p1a: Togekiss|Air Slash|p2a: Espeon
|-damage|p2a: Espeon|49/100
|
|upkeep
|turn|24
|
|t:|1610168739
|switch|p1a: Zarude|Zarude|34/100 tox
|move|p2a: Espeon|Dazzling Gleam|p1a: Zarude
|-supereffective|p1a: Zarude
|-damage|p1a: Zarude|0 fnt
|faint|p1a: Zarude
|
|upkeep
|
|t:|1610168754
|switch|p1a: Zygarde|Zygarde-10%|82/100
|-damage|p1a: Zygarde|76/100|[from] Stealth Rock
|-ability|p1a: Zygarde|Aura Break
|turn|25
|
|t:|1610168768
|switch|p2a: Diancie|Diancie|10/100
|-damage|p2a: Diancie|0 fnt|[from] Stealth Rock
|faint|p2a: Diancie
|move|p1a: Zygarde|Thousand Arrows|p2: Diancie|[notarget]
|-fail|p1a: Zygarde
|
|upkeep
|
|t:|1610168778
|switch|p2a: Zarude|Zarude|46/100
|turn|26
|
|t:|1610168790
|switch|p1a: Togekiss|Togekiss, F|95/100
|move|p2a: Zarude|Jungle Healing|p2a: Zarude
|-heal|p2a: Zarude|71/100
|
|upkeep
|turn|27
|
|t:|1610168802
|move|p2a: Zarude|U-turn|p1a: Togekiss
|-resisted|p1a: Togekiss
|-damage|p1a: Togekiss|88/100
|
|t:|1610168805
|switch|p2a: Espeon|Espeon, M|49/100|[from]move: U-turn
|-damage|p2a: Espeon|36/100|[from] Stealth Rock
|move|p1a: Togekiss|Air Slash|p2a: Espeon
|-damage|p2a: Espeon|0 fnt
|faint|p2a: Espeon
|
|upkeep
|
|t:|1610168812
|switch|p2a: Gastrodon|Gastrodon-East, M|35/100
|-damage|p2a: Gastrodon|29/100|[from] Stealth Rock
|turn|28
|
|t:|1610168816
|move|p1a: Togekiss|Grass Knot|p2a: Gastrodon
|-supereffective|p2a: Gastrodon
|-damage|p2a: Gastrodon|0 fnt
|faint|p2a: Gastrodon
|
|upkeep
|
|t:|1610168821
|switch|p2a: Zarude|Zarude|71/100
|turn|29
|
|t:|1610168826
|move|p2a: Zarude|Power Whip|p1a: Togekiss
|-resisted|p1a: Togekiss
|-damage|p1a: Togekiss|56/100
|move|p1a: Togekiss|Air Slash|p2a: Zarude
|-supereffective|p2a: Zarude
|-damage|p2a: Zarude|0 fnt
|faint|p2a: Zarude
|
|win|Lionel Mesprit
|n|☆Lionel Mesprit|lionelmesprit
|n|☆MrAldo|mraldo
|n| Can'tFight|cantfight
|n| The True Falcon|thetruefalcon
|n| zeefable@!|zeefable
|l| The True Falcon
|c|☆MrAldo|gg
|l|☆MrAldo
|j|☆MrAldo
|player|p2|MrAldo|gentleman-gen4dp
|l|☆MrAldo
|player|p2|
|j| Totem skarm
|l| Totem skarm
|j| ash lovers
