|j|☆Eddy
|j|☆Aggron
|t:|1605395735
|player|p1|Eddy|palmer|1418
|player|p2|Aggron|janitor|1490
|teamsize|p1|6
|teamsize|p2|6
|gametype|singles
|gen|8
|tier|[Gen 8] RU
|rated|
|clearpoke
|poke|p1|Thwackey, M|
|poke|p1|Sceptile, M|
|poke|p1|Swoobat, M|
|poke|p1|Slowking, M|
|poke|p1|Xurkitree|
|poke|p1|Nidoqueen, F|
|poke|p2|Vikavolt, F|
|poke|p2|Kabutops, F|
|poke|p2|Exploud, F|
|poke|p2|Golurk|
|poke|p2|Gardevoir, M|
|poke|p2|Virizion|
|rule|Sleep Clause Mod: Limit one foe put to sleep
|rule|Species Clause: Limit one of each Pokémon
|rule|OHKO Clause: OHKO moves are banned
|rule|Evasion Moves Clause: Evasion moves are banned
|rule|Endless Battle Clause: Forcing endless battles is banned
|rule|HP Percentage Mod: HP is shown in percentages
|rule|Dynamax Clause: You cannot dynamax
|teampreview
|c|☆Aggron|hf
|
|t:|1605395744
|start
|switch|p1a: Thwackey|Thwackey, M|100/100
|switch|p2a: Exploud|Exploud, F|100/100
|-fieldstart|move: Grassy Terrain|[from] ability: Grassy Surge|[of] p1a: Thwackey
|turn|1
|
|t:|1605395756
|move|p1a: Thwackey|Knock Off|p2a: Exploud
|-damage|p2a: Exploud|60/100
|-enditem|p2a: Exploud|Choice Specs|[from] move: Knock Off|[of] p1a: Thwackey
|move|p2a: Exploud|Boomburst|p1a: Thwackey
|-damage|p1a: Thwackey|0 fnt
|faint|p1a: Thwackey
|
|-heal|p2a: Exploud|66/100|[from] Grassy Terrain
|upkeep
|
|t:|1605395771
|switch|p1a: Nidoqueen|Nidoqueen, F|100/100
|turn|2
|
|t:|1605395793
|move|p1a: Nidoqueen|Stealth Rock|p2a: Exploud
|-sidestart|p2: Aggron|move: Stealth Rock
|move|p2a: Exploud|Surf|p1a: Nidoqueen
|-supereffective|p1a: Nidoqueen
|-damage|p1a: Nidoqueen|33/100
|
|-heal|p1a: Nidoqueen|39/100|[from] Grassy Terrain
|-heal|p2a: Exploud|72/100|[from] Grassy Terrain
|upkeep
|turn|3
|inactive|Battle timer is ON: inactive players will automatically lose when time's up. (requested by Eddy)
|
|t:|1605395802
|move|p1a: Nidoqueen|Sludge Wave|p2a: Exploud
|-damage|p2a: Exploud|0 fnt
|faint|p2a: Exploud
|
|-heal|p1a: Nidoqueen|46/100|[from] Grassy Terrain
|upkeep
|
|t:|1605395809
|switch|p2a: Kabutops|Kabutops, F|100/100
|-damage|p2a: Kabutops|88/100|[from] Stealth Rock
|turn|4
|
|t:|1605395823
|move|p1a: Nidoqueen|Thunderbolt|p2a: Kabutops
|-supereffective|p2a: Kabutops
|-damage|p2a: Kabutops|0 fnt
|faint|p2a: Kabutops
|
|-heal|p1a: Nidoqueen|52/100|[from] Grassy Terrain
|upkeep
|
|t:|1605395826
|switch|p2a: Gardevoir|Gardevoir, M|100/100
|-damage|p2a: Gardevoir|88/100|[from] Stealth Rock
|-ability|p2a: Gardevoir|Sheer Force|[from] ability: Trace|[of] p1a: Nidoqueen
|turn|5
|
|t:|1605395834
|switch|p1a: Slowking|Slowking, M|100/100
|move|p2a: Gardevoir|Psychic|p1a: Slowking
|-resisted|p1a: Slowking
|-damage|p1a: Slowking|77/100
|
|-heal|p2a: Gardevoir|94/100|[from] Grassy Terrain
|-heal|p1a: Slowking|83/100|[from] Grassy Terrain
|upkeep
|turn|6
|
|t:|1605395843
|switch|p2a: Vikavolt|Vikavolt, F|100/100
|move|p1a: Slowking|Teleport|p1a: Slowking
|j| A floor mat
|
|t:|1605395859
|switch|p1a: Swoobat|Swoobat, M|100/100|[from]move: Teleport
|-enditem|p1a: Swoobat|Grassy Seed
|-boost|p1a: Swoobat|def|2|[from] item: Grassy Seed
|
|upkeep
|turn|7
|
|t:|1605395870
|move|p1a: Swoobat|Calm Mind|p1a: Swoobat
|-boost|p1a: Swoobat|spa|2
|-boost|p1a: Swoobat|spd|2
|move|p2a: Vikavolt|Volt Switch|p1a: Swoobat
|-supereffective|p1a: Swoobat
|-damage|p1a: Swoobat|41/100
|
|t:|1605395874
|switch|p2a: Gardevoir|Gardevoir, M|94/100|[from]move: Volt Switch
|-damage|p2a: Gardevoir|82/100|[from] Stealth Rock
|-ability|p2a: Gardevoir|Simple|[from] ability: Trace|[of] p1a: Swoobat
|
|-heal|p2a: Gardevoir|88/100|[from] Grassy Terrain
|upkeep
|turn|8
|
|t:|1605395889
|move|p2a: Gardevoir|Moonblast|p1a: Swoobat
|-damage|p1a: Swoobat|2/100
|-unboost|p1a: Swoobat|spa|2
|move|p1a: Swoobat|Heat Wave|p2a: Gardevoir
|-damage|p2a: Gardevoir|69/100
|
|-heal|p2a: Gardevoir|75/100|[from] Grassy Terrain
|-fieldend|move: Grassy Terrain
|upkeep
|turn|9
|
|t:|1605395906
|move|p2a: Gardevoir|Moonblast|p1a: Swoobat
|-damage|p1a: Swoobat|0 fnt
|faint|p1a: Swoobat
|
|upkeep
|
|t:|1605395912
|switch|p1a: Nidoqueen|Nidoqueen, F|52/100
|turn|10
|
|t:|1605395926
|switch|p2a: Golurk|Golurk|100/100
|-damage|p2a: Golurk|95/100|[from] Stealth Rock
|move|p1a: Nidoqueen|Sludge Wave|p2a: Golurk
|-resisted|p2a: Golurk
|-damage|p2a: Golurk|77/100
|
|upkeep
|turn|11
|
|t:|1605395934
|switch|p2a: Virizion|Virizion|100/100
|-damage|p2a: Virizion|94/100|[from] Stealth Rock
|move|p1a: Nidoqueen|Earth Power|p2a: Virizion
|-resisted|p2a: Virizion
|-damage|p2a: Virizion|71/100
|
|upkeep
|turn|12
|
|t:|1605395940
|move|p2a: Virizion|Leaf Storm|p1a: Nidoqueen
|-damage|p1a: Nidoqueen|0 fnt
|-unboost|p2a: Virizion|spa|2
|-damage|p2a: Virizion|61/100|[from] item: Life Orb
|faint|p1a: Nidoqueen
|
|upkeep
|
|t:|1605395957
|switch|p1a: Xurkitree|Xurkitree|100/100
|turn|13
|
|t:|1605395965
|move|p2a: Virizion|Close Combat|p1a: Xurkitree
|-damage|p1a: Xurkitree|4/100
|-unboost|p2a: Virizion|def|1
|-unboost|p2a: Virizion|spd|1
|-damage|p2a: Virizion|52/100|[from] item: Life Orb
|move|p1a: Xurkitree|Calm Mind|p1a: Xurkitree
|-boost|p1a: Xurkitree|spa|1
|-boost|p1a: Xurkitree|spd|1
|
|upkeep
|turn|14
|c| A floor mat|!!!!
|
|t:|1605395978
|move|p2a: Virizion|Close Combat|p1a: Xurkitree
|-damage|p1a: Xurkitree|0 fnt
|-unboost|p2a: Virizion|def|1
|-unboost|p2a: Virizion|spd|1
|-damage|p2a: Virizion|42/100|[from] item: Life Orb
|faint|p1a: Xurkitree
|
|upkeep
|
|t:|1605395988
|switch|p1a: Sceptile|Sceptile, M|100/100
|turn|15
|
|t:|1605396004
|move|p2a: Virizion|Close Combat|p1a: Sceptile
|-damage|p1a: Sceptile|17/100
|-unboost|p2a: Virizion|def|1
|-unboost|p2a: Virizion|spd|1
|-damage|p2a: Virizion|32/100|[from] item: Life Orb
|move|p1a: Sceptile|Acrobatics|p2a: Virizion
|-supereffective|p2a: Virizion
|-damage|p2a: Virizion|0 fnt
|faint|p2a: Virizion
|
|upkeep
|
|t:|1605396012
|switch|p2a: Gardevoir|Gardevoir, M|75/100
|-damage|p2a: Gardevoir|63/100|[from] Stealth Rock
|-ability|p2a: Gardevoir|Unburden|[from] ability: Trace|[of] p1a: Sceptile
|turn|16
|
|t:|1605396020
|move|p2a: Gardevoir|Moonblast|p1a: Sceptile
|-damage|p1a: Sceptile|0 fnt
|faint|p1a: Sceptile
|
|upkeep
|
|t:|1605396025
|switch|p1a: Slowking|Slowking, M|100/100
|turn|17
|
|t:|1605396030
|switch|p2a: Vikavolt|Vikavolt, F|100/100
|move|p1a: Slowking|Scald|p2a: Vikavolt
|-damage|p2a: Vikavolt|69/100
|-status|p2a: Vikavolt|brn
|
|-damage|p2a: Vikavolt|63/100 brn|[from] brn
|upkeep
|turn|18
|
|t:|1605396040
|move|p1a: Slowking|Slack Off||[still]
|-fail|p1a: Slowking|heal
|move|p2a: Vikavolt|Volt Switch|p1a: Slowking
|-supereffective|p1a: Slowking
|-damage|p1a: Slowking|51/100
|
|t:|1605396042
|switch|p2a: Golurk|Golurk|77/100|[from]move: Volt Switch
|-damage|p2a: Golurk|71/100|[from] Stealth Rock
|
|upkeep
|turn|19
|c| A floor mat|wp guys
|
|t:|1605396051
|move|p2a: Golurk|Poltergeist|p1a: Slowking
|-activate|p1a: Slowking|move: Poltergeist|Heavy-Duty Boots
|-supereffective|p1a: Slowking
|-damage|p1a: Slowking|0 fnt
|faint|p1a: Slowking
|
|win|Aggron
