|j|☆Spicer1209
|j|☆Tintincpajouer
|t:|1620590082
|gametype|singles
|player|p1|Spicer1209|102|1162
|player|p2|Tintincpajouer|2|1299
|teamsize|p1|6
|teamsize|p2|6
|gen|8
|tier|[Gen 8] RU
|rated|
|rule|Sleep Clause Mod: Limit one foe put to sleep
|rule|Species Clause: Limit one of each Pokémon
|rule|OHKO Clause: OHKO moves are banned
|rule|Evasion Moves Clause: Evasion moves are banned
|rule|Endless Battle Clause: Forcing endless battles is banned
|rule|HP Percentage Mod: HP is shown in percentages
|rule|Dynamax Clause: You cannot dynamax
|clearpoke
|poke|p1|Zarude|
|poke|p1|Entei|
|poke|p1|Raikou|
|poke|p1|Regidrago|
|poke|p1|Seismitoad, M|
|poke|p1|Ribombee, M|
|poke|p2|Regidrago|
|poke|p2|Registeel|
|poke|p2|Obstagoon, M|
|poke|p2|Mienshao, M|
|poke|p2|Volcanion|
|poke|p2|Rhyperior, M|
|teampreview
|inactive|Battle timer is ON: inactive players will automatically lose when time's up. (requested by Tintincpajouer)
|
|t:|1620590105
|start
|switch|p1a: Ribombee|Ribombee, M|100/100
|switch|p2a: Registeel|Registeel|100/100
|turn|1
|
|t:|1620590116
|move|p1a: Ribombee|Sticky Web|p2a: Registeel
|-sidestart|p2: Tintincpajouer|move: Sticky Web
|move|p2a: Registeel|Stealth Rock|p1a: Ribombee
|-sidestart|p1: Spicer1209|move: Stealth Rock
|
|upkeep
|turn|2
|
|t:|1620590123
|move|p1a: Ribombee|U-turn|p2a: Registeel
|-resisted|p2a: Registeel
|-damage|p2a: Registeel|96/100
|
|t:|1620590129
|switch|p1a: Seismitoad|Seismitoad, M|100/100|[from]move: U-turn
|-damage|p1a: Seismitoad|94/100|[from] Stealth Rock
|move|p2a: Registeel|Heavy Slam|p1a: Seismitoad
|-resisted|p1a: Seismitoad
|-damage|p1a: Seismitoad|86/100
|
|-heal|p1a: Seismitoad|93/100|[from] item: Leftovers
|-heal|p2a: Registeel|100/100|[from] item: Leftovers
|upkeep
|turn|3
|
|t:|1620590145
|switch|p2a: Mienshao|Mienshao, M|100/100
|-activate|p2a: Mienshao|move: Sticky Web
|-unboost|p2a: Mienshao|spe|1
|move|p1a: Seismitoad|Knock Off|p2a: Mienshao
|-resisted|p2a: Mienshao
|-damage|p2a: Mienshao|80/100
|-enditem|p2a: Mienshao|Assault Vest|[from] move: Knock Off|[of] p1a: Seismitoad
|
|-heal|p1a: Seismitoad|99/100|[from] item: Leftovers
|upkeep
|turn|4
|inactive|Spicer1209 has 120 seconds left.
|
|t:|1620590176
|move|p2a: Mienshao|Fake Out|p1a: Seismitoad
|-damage|p1a: Seismitoad|89/100
|cant|p1a: Seismitoad|flinch
|
|-heal|p1a: Seismitoad|95/100|[from] item: Leftovers
|upkeep
|turn|5
|
|t:|1620590186
|move|p2a: Mienshao|U-turn|p1a: Seismitoad
|-damage|p1a: Seismitoad|78/100
|
|t:|1620590193
|switch|p2a: Volcanion|Volcanion|100/100|[from]move: U-turn
|move|p1a: Seismitoad|Earthquake|p2a: Volcanion
|-supereffective|p2a: Volcanion
|-damage|p2a: Volcanion|40/100
|
|-heal|p1a: Seismitoad|84/100|[from] item: Leftovers
|upkeep
|turn|6
|inactive|Tintincpajouer has 120 seconds left.
|
|t:|1620590219
|move|p2a: Volcanion|Steam Eruption|p1a: Seismitoad
|-heal|p1a: Seismitoad|100/100|[from] ability: Water Absorb|[of] p2a: Volcanion
|move|p1a: Seismitoad|Earthquake|p2a: Volcanion
|-supereffective|p2a: Volcanion
|-damage|p2a: Volcanion|0 fnt
|faint|p2a: Volcanion
|
|upkeep
|inactive|Tintincpajouer has 120 seconds left.
|
|t:|1620590232
|switch|p2a: Obstagoon|Obstagoon, M|100/100
|-activate|p2a: Obstagoon|move: Sticky Web
|-unboost|p2a: Obstagoon|spe|1
|-ability|p2a: Obstagoon|Defiant
|-boost|p2a: Obstagoon|atk|2
|turn|7
|inactive|Tintincpajouer has 120 seconds left.
|
|t:|1620590247
|move|p2a: Obstagoon|Obstruct|p2a: Obstagoon
|-singleturn|p2a: Obstagoon|Protect
|move|p1a: Seismitoad|Toxic|p2a: Obstagoon
|-status|p2a: Obstagoon|tox
|
|-damage|p2a: Obstagoon|94/100 tox|[from] psn
|upkeep
|turn|8
|inactive|Tintincpajouer has 120 seconds left.
|
|t:|1620590261
|move|p2a: Obstagoon|Knock Off|p1a: Seismitoad
|-damage|p1a: Seismitoad|53/100
|-enditem|p1a: Seismitoad|Leftovers|[from] move: Knock Off|[of] p2a: Obstagoon
|move|p1a: Seismitoad|Stealth Rock|p2a: Obstagoon
|-sidestart|p2: Tintincpajouer|move: Stealth Rock
|
|-damage|p2a: Obstagoon|82/100 tox|[from] psn
|upkeep
|turn|9
|inactive|Tintincpajouer has 120 seconds left.
|
|t:|1620590276
|move|p2a: Obstagoon|Body Slam|p1a: Seismitoad
|-damage|p1a: Seismitoad|16/100
|move|p1a: Seismitoad|Knock Off|p2a: Obstagoon
|-resisted|p2a: Obstagoon
|-damage|p2a: Obstagoon|72/100 tox
|-enditem|p2a: Obstagoon|Ring Target|[from] move: Knock Off|[of] p1a: Seismitoad
|
|-damage|p2a: Obstagoon|54/100 tox|[from] psn
|upkeep
|turn|10
|inactive|Tintincpajouer has 120 seconds left.
|
|t:|1620590288
|move|p2a: Obstagoon|Body Slam|p1a: Seismitoad
|-damage|p1a: Seismitoad|0 fnt
|faint|p1a: Seismitoad
|
|-damage|p2a: Obstagoon|29/100 tox|[from] psn
|upkeep
|
|t:|1620590297
|switch|p1a: Entei|Entei|100/100
|-damage|p1a: Entei|76/100|[from] Stealth Rock
|turn|11
|
|t:|1620590305
|move|p2a: Obstagoon|Obstruct|p2a: Obstagoon
|-singleturn|p2a: Obstagoon|Protect
|move|p1a: Entei|Sacred Fire|p2a: Obstagoon
|-activate|p2a: Obstagoon|move: Protect
|
|-damage|p2a: Obstagoon|0 fnt|[from] psn
|faint|p2a: Obstagoon
|upkeep
|
|t:|1620590315
|switch|p2a: Mienshao|Mienshao, M|100/100
|-activate|p2a: Mienshao|move: Sticky Web
|-unboost|p2a: Mienshao|spe|1
|-damage|p2a: Mienshao|94/100|[from] Stealth Rock
|turn|12
|c|☆Spicer1209|Dumbass lol
|
|t:|1620590323
|move|p2a: Mienshao|Fake Out|p1a: Entei
|-damage|p1a: Entei|62/100
|move|p1a: Entei|Sacred Fire|p2a: Mienshao
|-damage|p2a: Mienshao|0 fnt
|faint|p2a: Mienshao
|
|upkeep
|
|t:|1620590333
|switch|p2a: Rhyperior|Rhyperior, M|100/100
|-damage|p2a: Rhyperior|94/100|[from] Stealth Rock
|-activate|p2a: Rhyperior|move: Sticky Web
|-unboost|p2a: Rhyperior|spe|1
|turn|13
|
|t:|1620590344
|switch|p1a: Zarude|Zarude|100/100
|move|p2a: Rhyperior|Rock Polish|p2a: Rhyperior
|-boost|p2a: Rhyperior|spe|2
|
|upkeep
|turn|14
|
|t:|1620590355
|move|p1a: Zarude|Power Whip|p2a: Rhyperior|[miss]
|-miss|p1a: Zarude|p2a: Rhyperior
|move|p2a: Rhyperior|Rock Polish|p2a: Rhyperior
|-boost|p2a: Rhyperior|spe|2
|
|upkeep
|turn|15
|
|t:|1620590365
|move|p2a: Rhyperior|Stone Edge|p1a: Zarude
|-damage|p1a: Zarude|51/100
|move|p1a: Zarude|Power Whip|p2a: Rhyperior|[miss]
|-miss|p1a: Zarude|p2a: Rhyperior
|
|upkeep
|turn|16
|inactive|Spicer1209 has 120 seconds left.
|
|t:|1620590398
|move|p2a: Rhyperior|Stone Edge|p1a: Zarude
|-damage|p1a: Zarude|2/100
|move|p1a: Zarude|Power Whip|p2a: Rhyperior|[miss]
|-miss|p1a: Zarude|p2a: Rhyperior
|
|upkeep
|turn|17
|inactive|Spicer1209 has 120 seconds left.
|c|☆Spicer1209|WHAT THE FLYING FUCK
|inactive|Spicer1209 has 90 seconds left.
|
|t:|1620590448
|move|p2a: Rhyperior|Earthquake|p1a: Zarude
|-resisted|p1a: Zarude
|-damage|p1a: Zarude|0 fnt
|faint|p1a: Zarude
|
|upkeep
|inactive|Spicer1209 has 60 seconds left.
|inactive|Spicer1209 has 30 seconds left.
|
|t:|1620590517
|switch|p1a: Regidrago|Regidrago|100/100
|-damage|p1a: Regidrago|88/100|[from] Stealth Rock
|turn|18
|inactive|Spicer1209 has 30 seconds left.
|
|t:|1620590532
|move|p2a: Rhyperior|Earthquake|p1a: Regidrago
|-crit|p1a: Regidrago
|-damage|p1a: Regidrago|0 fnt
|faint|p1a: Regidrago
|
|upkeep
|inactive|Spicer1209 has 30 seconds left.
|
|t:|1620590537
|switch|p1a: Entei|Entei|62/100
|-damage|p1a: Entei|37/100|[from] Stealth Rock
|turn|19
|
|t:|1620590544
|move|p2a: Rhyperior|Earthquake|p1a: Entei
|-supereffective|p1a: Entei
|-damage|p1a: Entei|0 fnt
|faint|p1a: Entei
|
|upkeep
|j| GladionHaven
|inactive|Spicer1209 has 30 seconds left.
|c|☆Spicer1209|Fuck this.
|inactive|Spicer1209 has 20 seconds left.
|inactive|Spicer1209 has 15 seconds left.
|inactive|Spicer1209 has 10 seconds left.
|inactive|Spicer1209 has 5 seconds left.
|c| GladionHaven|LOL DID I JUST JOIN A SALT BATTLE
|c|☆Tintincpajouer|Gg
|-message|Spicer1209 lost due to inactivity.
|
|win|Tintincpajouer
|raw|Spicer1209's rating: 1162 &rarr; <strong>1146</strong><br />(-16 for losing)
|raw|Tintincpajouer's rating: 1299 &rarr; <strong>1315</strong><br />(+16 for winning)
|n|!Spicer1209|spicer1209
