|j|☆Dynomyte07
|j|☆Feliburn
|t:|1605586733
|player|p1|Dynomyte07|pokefan-gen4|1484
|player|p2|Feliburn|#feliburn|1555
|teamsize|p1|6
|teamsize|p2|6
|gametype|singles
|gen|8
|tier|[Gen 8] RU
|rated|
|clearpoke
|poke|p1|Conkeldurr, F|
|poke|p1|Gengar, F|
|poke|p1|Tangrowth, F|
|poke|p1|Kyurem|
|poke|p1|Registeel|
|poke|p1|Togekiss, M|
|poke|p2|Toxtricity, M|
|poke|p2|Terrakion|
|poke|p2|Talonflame, M|
|poke|p2|Doublade, M|
|poke|p2|Slowking, M|
|poke|p2|Zarude|
|rule|Sleep Clause Mod: Limit one foe put to sleep
|rule|Species Clause: Limit one of each Pokémon
|rule|OHKO Clause: OHKO moves are banned
|rule|Evasion Moves Clause: Evasion moves are banned
|rule|Endless Battle Clause: Forcing endless battles is banned
|rule|HP Percentage Mod: HP is shown in percentages
|rule|Dynamax Clause: You cannot dynamax
|teampreview
|inactive|Battle timer is ON: inactive players will automatically lose when time's up. (requested by Dynomyte07)
|inactive|Feliburn has 120 seconds left.
|
|t:|1605586777
|start
|switch|p1a: Tangrowth|Tangrowth, F|100/100
|switch|p2a: Zarude|Zarude|100/100
|turn|1
|
|t:|1605586788
|switch|p2a: Slowking|Slowking, M|100/100
|switch|p1a: Conkeldurr|Conkeldurr, F|100/100
|
|-status|p1a: Conkeldurr|brn|[from] item: Flame Orb
|upkeep
|turn|2
|
|t:|1605586797
|switch|p1a: Kyurem|Kyurem|100/100
|-ability|p1a: Kyurem|Pressure
|move|p2a: Slowking|Teleport|p2a: Slowking
|
|t:|1605586800
|switch|p2a: Terrakion|Terrakion|100/100|[from]move: Teleport
|
|upkeep
|turn|3
|
|t:|1605586806
|switch|p1a: Tangrowth|Tangrowth, F|100/100
|move|p2a: Terrakion|Stealth Rock|p1a: Tangrowth
|-sidestart|p1: Dynomyte07|move: Stealth Rock
|
|upkeep
|turn|4
|
|t:|1605586809
|switch|p2a: Toxtricity|Toxtricity, M|100/100
|move|p1a: Tangrowth|Knock Off|p2a: Toxtricity
|-damage|p2a: Toxtricity|70/100
|-enditem|p2a: Toxtricity|Choice Specs|[from] move: Knock Off|[of] p1a: Tangrowth
|
|upkeep
|turn|5
|
|t:|1605586820
|switch|p1a: Gengar|Gengar, F|100/100
|-damage|p1a: Gengar|88/100|[from] Stealth Rock
|move|p2a: Toxtricity|Overdrive|p1a: Gengar
|-damage|p1a: Gengar|11/100
|
|upkeep
|turn|6
|
|t:|1605586831
|switch|p2a: Talonflame|Talonflame, M|100/100
|move|p1a: Gengar|Shadow Ball|p2a: Talonflame
|-damage|p2a: Talonflame|49/100
|-unboost|p2a: Talonflame|spd|1
|
|upkeep
|turn|7
|
|t:|1605586837
|switch|p2a: Zarude|Zarude|100/100
|move|p1a: Gengar|Shadow Ball|p2a: Zarude
|-resisted|p2a: Zarude
|-crit|p2a: Zarude
|-damage|p2a: Zarude|71/100
|
|upkeep
|turn|8
|
|t:|1605586851
|switch|p1a: Togekiss|Togekiss, M|100/100
|move|p2a: Zarude|Close Combat|p1a: Togekiss
|-resisted|p1a: Togekiss
|-crit|p1a: Togekiss
|-damage|p1a: Togekiss|86/100
|-unboost|p2a: Zarude|def|1
|-unboost|p2a: Zarude|spd|1
|
|upkeep
|turn|9
|j| Crow Music
|
|t:|1605586858
|switch|p2a: Terrakion|Terrakion|100/100
|move|p1a: Togekiss|Defog|p2a: Terrakion
|-unboost|p2a: Terrakion|evasion|1
|-sideend|p1: Dynomyte07|Stealth Rock|[from] move: Defog|[of] p1a: Togekiss
|
|upkeep
|turn|10
|
|t:|1605586875
|switch|p1a: Conkeldurr|Conkeldurr, F|100/100 brn
|move|p2a: Terrakion|Stone Edge|p1a: Conkeldurr
|-resisted|p1a: Conkeldurr
|-damage|p1a: Conkeldurr|70/100 brn
|
|-damage|p1a: Conkeldurr|64/100 brn|[from] brn
|upkeep
|turn|11
|
|t:|1605586884
|switch|p1a: Tangrowth|Tangrowth, F|100/100
|move|p2a: Terrakion|Stone Edge|p1a: Tangrowth|[miss]
|-miss|p2a: Terrakion|p1a: Tangrowth
|
|upkeep
|turn|12
|
|t:|1605586909
|switch|p2a: Talonflame|Talonflame, M|49/100
|move|p1a: Tangrowth|Giga Drain|p2a: Talonflame
|-resisted|p2a: Talonflame
|-damage|p2a: Talonflame|39/100
|
|upkeep
|turn|13
|l| Crow Music
|inactive|Dynomyte07 has 120 seconds left.
|
|t:|1605586933
|switch|p1a: Kyurem|Kyurem|100/100
|-ability|p1a: Kyurem|Pressure
|move|p2a: Talonflame|Will-O-Wisp|p1a: Kyurem|[miss]
|-miss|p2a: Talonflame|p1a: Kyurem
|
|upkeep
|turn|14
|
|t:|1605586940
|switch|p2a: Terrakion|Terrakion|100/100
|move|p1a: Kyurem|Earth Power|p2a: Terrakion
|-supereffective|p2a: Terrakion
|-damage|p2a: Terrakion|0 fnt
|faint|p2a: Terrakion
|
|upkeep
|j| Crow Music
|-message|Feliburn forfeited.
|
|win|Dynomyte07
|l|☆Feliburn
|raw|Dynomyte07's rating: 1456 &rarr; <strong>1481</strong><br />(+25 for winning)
|raw|Feliburn's rating: 1555 &rarr; <strong>1529</strong><br />(-26 for losing)
