|j|☆yOuRwElCoMeThAnk
|j|☆its oyster time
|t:|1664631246
|gametype|singles
|player|p1|yOuRwElCoMeThAnk|hiker-gen4|
|player|p2|its oyster time|birdkeeper-gen6|
|teamsize|p1|6
|teamsize|p2|6
|gen|8
|tier|[Gen 8] RU
|rule|Sleep Clause Mod: Limit one foe put to sleep
|rule|Species Clause: Limit one of each Pokémon
|rule|OHKO Clause: OHKO moves are banned
|rule|Evasion Items Clause: Evasion items are banned
|rule|Evasion Moves Clause: Evasion moves are banned
|rule|Endless Battle Clause: Forcing endless battles is banned
|rule|HP Percentage Mod: HP is shown in percentages
|rule|Dynamax Clause: You cannot dynamax
|clearpoke
|poke|p1|Mantine, F|
|poke|p1|Lanturn, F|
|poke|p1|Golisopod, M|
|poke|p1|Politoed, M|
|poke|p1|Ludicolo, M|
|poke|p1|Seismitoad, M|
|poke|p2|Cresselia, F|
|poke|p2|Dhelmise|
|poke|p2|Aromatisse, M|
|poke|p2|Drampa, M|
|poke|p2|Stakataka|
|poke|p2|Rhyperior, M|
|teampreview
|inactive|Battle timer is ON: inactive players will automatically lose when time's up. (requested by its oyster time)
|c|☆yOuRwElCoMeThAnk|hf
|c|☆its oyster time|mobile gaming here we go
|
|t:|1664631275
|start
|switch|p1a: Golisopod|Golisopod, M|100/100
|switch|p2a: Drampa|Drampa, M|100/100
|turn|1
|
|t:|1664631281
|switch|p1a: Mantine|Mantine, F|100/100
|switch|p2a: Aromatisse|Aromatisse, M|100/100
|
|upkeep
|turn|2
|
|t:|1664631290
|switch|p2a: Cresselia|Cresselia, F|100/100
|move|p1a: Mantine|Hydro Pump|p2a: Cresselia
|-damage|p2a: Cresselia|73/100
|-damage|p1a: Mantine|91/100|[from] item: Life Orb
|
|upkeep
|turn|3
|
|t:|1664631300
|move|p1a: Mantine|Hydro Pump|p2a: Cresselia
|-damage|p2a: Cresselia|48/100
|-damage|p1a: Mantine|81/100|[from] item: Life Orb
|move|p2a: Cresselia|Trick Room|p2a: Cresselia
|-fieldstart|move: Trick Room|[of] p2a: Cresselia
|
|upkeep
|turn|4
|c|☆its oyster time|can u link
|
|t:|1664631317
|switch|p2a: Drampa|Drampa, M|100/100
|move|p1a: Mantine|Roost|p1a: Mantine
|-heal|p1a: Mantine|100/100
|-singleturn|p1a: Mantine|move: Roost
|
|upkeep
|turn|5
|c|☆yOuRwElCoMeThAnk|/log yOuRwElCoMeThAnk made this room public.
|inactive|its oyster time has 270 seconds left.
|j| Astreau
|inactive|yOuRwElCoMeThAnk has 270 seconds left.
|inactive|its oyster time has 240 seconds left.
|j| Beraldinhoo
|inactive|its oyster time has 210 seconds left.
|inactive|its oyster time has 180 seconds left.
|
|t:|1664631435
|move|p2a: Drampa|Hyper Voice|p1a: Mantine
|-damage|p1a: Mantine|43/100
|-damage|p2a: Drampa|91/100|[from] item: Life Orb
|move|p1a: Mantine|Roost|p1a: Mantine
|-heal|p1a: Mantine|93/100
|-singleturn|p1a: Mantine|move: Roost
|
|upkeep
|turn|6
|inactive|yOuRwElCoMeThAnk has 270 seconds left.
|
|t:|1664631448
|switch|p2a: Stakataka|Stakataka|100/100
|move|p1a: Mantine|Hydro Pump|p2a: Stakataka
|-supereffective|p2a: Stakataka
|-damage|p2a: Stakataka|0 fnt
|faint|p2a: Stakataka
|-damage|p1a: Mantine|83/100|[from] item: Life Orb
|
|upkeep
|
|t:|1664631454
|switch|p2a: Rhyperior|Rhyperior, M|100/100
|turn|7
|
|t:|1664631459
|switch|p1a: Politoed|Politoed, M|100/100
|-weather|RainDance|[from] ability: Drizzle|[of] p1a: Politoed
|move|p2a: Rhyperior|Stone Edge|p1a: Politoed
|-damage|p1a: Politoed|47/100
|
|-weather|RainDance|[upkeep]
|-fieldend|move: Trick Room
|upkeep
|turn|8
|
|t:|1664631466
|switch|p2a: Drampa|Drampa, M|91/100
|move|p1a: Politoed|Scald|p2a: Drampa
|-resisted|p2a: Drampa
|-damage|p2a: Drampa|71/100
|
|-weather|RainDance|[upkeep]
|upkeep
|turn|9
|
|t:|1664631474
|switch|p1a: Lanturn|Lanturn, F|100/100
|move|p2a: Drampa|Roost|p2a: Drampa
|-heal|p2a: Drampa|100/100
|-singleturn|p2a: Drampa|move: Roost
|
|-weather|RainDance|[upkeep]
|upkeep
|turn|10
|j| Winji
|c| Winji|no Blastoise :(
|
|t:|1664631482
|move|p1a: Lanturn|Volt Switch|p2a: Drampa
|-resisted|p2a: Drampa
|-damage|p2a: Drampa|90/100
|
|t:|1664631496
|switch|p1a: Seismitoad|Seismitoad, M|100/100|[from]move: Volt Switch
|move|p2a: Drampa|Hyper Voice|p1a: Seismitoad
|-damage|p1a: Seismitoad|29/100
|-damage|p2a: Drampa|81/100|[from] item: Life Orb
|
|-weather|RainDance|[upkeep]
|upkeep
|turn|11
|
|t:|1664631505
|switch|p2a: Dhelmise|Dhelmise|100/100
|move|p1a: Seismitoad|Earthquake|p2a: Dhelmise
|-resisted|p2a: Dhelmise
|-damage|p2a: Dhelmise|80/100
|
|-weather|RainDance|[upkeep]
|upkeep
|turn|12
|
|t:|1664631516
|move|p1a: Seismitoad|Stealth Rock|p2a: Dhelmise
|-sidestart|p2: its oyster time|move: Stealth Rock
|move|p2a: Dhelmise|Power Whip|p1a: Seismitoad
|-supereffective|p1a: Seismitoad
|-enditem|p1a: Seismitoad|Rindo Berry|[eat]
|-enditem|p1a: Seismitoad|Rindo Berry|[weaken]
|-damage|p1a: Seismitoad|0 fnt
|faint|p1a: Seismitoad
|
|-weather|RainDance|[upkeep]
|upkeep
|
|t:|1664631522
|switch|p1a: Mantine|Mantine, F|83/100
|turn|13
|inactive|its oyster time has 240 seconds left.
|
|t:|1664631528
|switch|p2a: Rhyperior|Rhyperior, M|100/100
|-damage|p2a: Rhyperior|94/100|[from] Stealth Rock
|move|p1a: Mantine|Hurricane|p2a: Rhyperior
|-resisted|p2a: Rhyperior
|-damage|p2a: Rhyperior|58/100
|-damage|p1a: Mantine|73/100|[from] item: Life Orb
|
|-weather|RainDance|[upkeep]
|upkeep
|turn|14
|
|t:|1664631536
|move|p1a: Mantine|Hydro Pump|p2a: Rhyperior|[miss]
|-miss|p1a: Mantine|p2a: Rhyperior
|move|p2a: Rhyperior|Stone Edge|p1a: Mantine
|-supereffective|p1a: Mantine
|-damage|p1a: Mantine|0 fnt
|faint|p1a: Mantine
|
|-weather|none
|upkeep
|
|t:|1664631545
|switch|p1a: Golisopod|Golisopod, M|100/100
|turn|15
|
|t:|1664631548
|move|p1a: Golisopod|Liquidation|p2a: Rhyperior
|-supereffective|p2a: Rhyperior
|-damage|p2a: Rhyperior|0 fnt
|faint|p2a: Rhyperior
|
|upkeep
|
|t:|1664631551
|switch|p2a: Aromatisse|Aromatisse, M|100/100
|-damage|p2a: Aromatisse|88/100|[from] Stealth Rock
|turn|16
|
|t:|1664631555
|move|p1a: Golisopod|Swords Dance|p1a: Golisopod
|-boost|p1a: Golisopod|atk|2
|move|p2a: Aromatisse|Trick Room|p2a: Aromatisse
|-fieldstart|move: Trick Room|[of] p2a: Aromatisse
|
|upkeep
|turn|17
|
|t:|1664631562
|move|p2a: Aromatisse|Misty Explosion|p1a: Golisopod
|-crit|p1a: Golisopod
|-damage|p1a: Golisopod|40/100
|faint|p2a: Aromatisse
|-activate|p1a: Golisopod|ability: Emergency Exit
|
|t:|1664631573
|switch|p1a: Ludicolo|Ludicolo, M|100/100
|
|upkeep
|
|t:|1664631576
|switch|p2a: Drampa|Drampa, M|81/100
|-damage|p2a: Drampa|68/100|[from] Stealth Rock
|turn|18
|
|t:|1664631582
|move|p1a: Ludicolo|Protect|p1a: Ludicolo
|-singleturn|p1a: Ludicolo|Protect
|move|p2a: Drampa|Hyper Voice|p1a: Ludicolo
|-activate|p1a: Ludicolo|move: Protect
|
|upkeep
|turn|19
|
|t:|1664631587
|switch|p1a: Lanturn|Lanturn, F|100/100
|move|p2a: Drampa|Hyper Voice|p1a: Lanturn
|-damage|p1a: Lanturn|55/100
|-damage|p2a: Drampa|59/100|[from] item: Life Orb
|
|-heal|p1a: Lanturn|62/100|[from] item: Leftovers
|upkeep
|turn|20
|
|t:|1664631596
|move|p2a: Drampa|Roost|p2a: Drampa
|-heal|p2a: Drampa|100/100
|-singleturn|p2a: Drampa|move: Roost
|move|p1a: Lanturn|Volt Switch|p2a: Drampa
|-resisted|p2a: Drampa
|-damage|p2a: Drampa|91/100
|
|t:|1664631603
|switch|p1a: Ludicolo|Ludicolo, M|100/100|[from]move: Volt Switch
|
|-fieldend|move: Trick Room
|upkeep
|turn|21
|
|t:|1664631608
|switch|p1a: Lanturn|Lanturn, F|62/100
|move|p2a: Drampa|Hyper Voice|p1a: Lanturn
|-damage|p1a: Lanturn|16/100
|-damage|p2a: Drampa|81/100|[from] item: Life Orb
|
|-heal|p1a: Lanturn|22/100|[from] item: Leftovers
|upkeep
|turn|22
|
|t:|1664631615
|move|p1a: Lanturn|Scald|p2a: Drampa
|-resisted|p2a: Drampa
|-crit|p2a: Drampa
|-damage|p2a: Drampa|66/100
|-status|p2a: Drampa|brn
|move|p2a: Drampa|Hyper Voice|p1a: Lanturn
|-damage|p1a: Lanturn|0 fnt
|faint|p1a: Lanturn
|-damage|p2a: Drampa|56/100 brn|[from] item: Life Orb
|
|-damage|p2a: Drampa|50/100 brn|[from] brn
|upkeep
|
|t:|1664631622
|switch|p1a: Ludicolo|Ludicolo, M|100/100
|turn|23
|
|t:|1664631626
|move|p1a: Ludicolo|Ice Beam|p2a: Drampa
|-supereffective|p2a: Drampa
|-damage|p2a: Drampa|0 fnt
|faint|p2a: Drampa
|-damage|p1a: Ludicolo|91/100|[from] item: Life Orb
|
|upkeep
|
|t:|1664631628
|switch|p2a: Cresselia|Cresselia, F|48/100
|-damage|p2a: Cresselia|36/100|[from] Stealth Rock
|turn|24
|
|t:|1664631632
|move|p1a: Ludicolo|Hydro Pump|p2a: Cresselia
|-damage|p2a: Cresselia|8/100
|-damage|p1a: Ludicolo|81/100|[from] item: Life Orb
|move|p2a: Cresselia|Trick Room|p2a: Cresselia
|-fieldstart|move: Trick Room|[of] p2a: Cresselia
|
|upkeep
|turn|25
|
|t:|1664631638
|move|p2a: Cresselia|Lunar Dance|p2a: Cresselia
|faint|p2a: Cresselia
|move|p1a: Ludicolo|Ice Beam|p2: Cresselia|[notarget]
|-fail|p1a: Ludicolo
|
|upkeep
|
|t:|1664631640
|switch|p2a: Dhelmise|Dhelmise|80/100
|-heal|p2a: Dhelmise|100/100|[from] move: Lunar Dance
|-damage|p2a: Dhelmise|88/100|[from] Stealth Rock
|turn|26
|
|t:|1664631646
|move|p1a: Ludicolo|Protect|p1a: Ludicolo
|-singleturn|p1a: Ludicolo|Protect
|move|p2a: Dhelmise|Poltergeist|p1a: Ludicolo
|-activate|p1a: Ludicolo|move: Protect
|
|upkeep
|turn|27
|
|t:|1664631653
|switch|p1a: Politoed|Politoed, M|47/100
|-weather|RainDance|[from] ability: Drizzle|[of] p1a: Politoed
|move|p2a: Dhelmise|Poltergeist|p1a: Politoed
|-activate|p1a: Politoed|move: Poltergeist|Damp Rock
|-damage|p1a: Politoed|0 fnt
|faint|p1a: Politoed
|
|-weather|RainDance|[upkeep]
|upkeep
|
|t:|1664631656
|switch|p1a: Golisopod|Golisopod, M|40/100
|turn|28
|
|t:|1664631662
|move|p1a: Golisopod|First Impression|p2a: Dhelmise
|-damage|p2a: Dhelmise|37/100
|move|p2a: Dhelmise|Poltergeist|p1a: Golisopod
|-activate|p1a: Golisopod|move: Poltergeist|Heavy-Duty Boots
|-damage|p1a: Golisopod|0 fnt
|faint|p1a: Golisopod
|
|-weather|RainDance|[upkeep]
|-fieldend|move: Trick Room
|upkeep
|
|t:|1664631667
|switch|p1a: Ludicolo|Ludicolo, M|81/100
|turn|29
|c|☆its oyster time|Gg
|c|☆yOuRwElCoMeThAnk|gg
|
|t:|1664631675
|move|p1a: Ludicolo|Ice Beam|p2a: Dhelmise
|-supereffective|p2a: Dhelmise
|-damage|p2a: Dhelmise|0 fnt
|faint|p2a: Dhelmise
|-damage|p1a: Ludicolo|71/100|[from] item: Life Orb
|
|win|yOuRwElCoMeThAnk
|l| Astreau
