|j|☆Flipps
|j|☆ruznoob
|player|p1|Flipps|riley|1465
|player|p2|ruznoob|morty-gen2|1480
|teamsize|p1|6
|teamsize|p2|6
|gametype|singles
|gen|8
|tier|[Gen 8] RU
|rated|
|clearpoke
|poke|p1|Abomasnow, F|
|poke|p1|Inteleon, M|
|poke|p1|Charizard, F|
|poke|p1|Snorlax, F|
|poke|p1|Weezing, F|
|poke|p1|Steelix, F|
|poke|p2|Vileplume, M|
|poke|p2|Xatu, F|
|poke|p2|Snorlax, F|
|poke|p2|Steelix, M|
|poke|p2|Passimian, F|
|poke|p2|Silvally-*|
|rule|Sleep Clause Mod: Limit one foe put to sleep
|rule|Species Clause: Limit one of each Pokémon
|rule|OHKO Clause: OHKO moves are banned
|rule|Evasion Moves Clause: Evasion moves are banned
|rule|Endless Battle Clause: Forcing endless battles is banned
|rule|HP Percentage Mod: HP is shown in percentages
|rule|Dynamax Clause: You cannot dynamax
|teampreview
|
|start
|switch|p1a: Weezing|Weezing, F|100/100
|switch|p2a: Passimian|Passimian, F, shiny|100/100
|turn|1
|
|switch|p2a: Snorlax|Snorlax, F|100/100
|move|p1a: Weezing|Sludge Bomb|p2a: Snorlax
|-damage|p2a: Snorlax|89/100
|
|-heal|p2a: Snorlax|95/100|[from] item: Leftovers
|upkeep
|turn|2
|
|switch|p1a: Steelix|Steelix, F|100/100
|move|p2a: Snorlax|Curse|p2a: Snorlax
|-unboost|p2a: Snorlax|spe|1
|-boost|p2a: Snorlax|atk|1
|-boost|p2a: Snorlax|def|1
|
|-heal|p2a: Snorlax|100/100|[from] item: Leftovers
|upkeep
|turn|3
|
|switch|p2a: Xatu|Xatu, F|100/100
|move|p1a: Steelix|Iron Defense|p1a: Steelix
|-boost|p1a: Steelix|def|2
|
|upkeep
|turn|4
|
|switch|p1a: Snorlax|Snorlax, F|100/100
|move|p2a: Xatu|Calm Mind|p2a: Xatu
|-boost|p2a: Xatu|spa|1
|-boost|p2a: Xatu|spd|1
|
|upkeep
|turn|5
|
|switch|p2a: Steelix|Steelix, M|100/100
|move|p1a: Snorlax|Body Slam|p2a: Steelix
|-resisted|p2a: Steelix
|-damage|p2a: Steelix|92/100
|
|-heal|p2a: Steelix|98/100|[from] item: Leftovers
|upkeep
|turn|6
|
|switch|p1a: Charizard|Charizard, F|100/100
|move|p2a: Steelix|Stealth Rock|p1a: Charizard
|-sidestart|p1: Flipps|move: Stealth Rock
|
|-heal|p2a: Steelix|100/100|[from] item: Leftovers
|upkeep
|turn|7
|
|switch|p2a: Snorlax|Snorlax, F|100/100
|move|p1a: Charizard|Fire Blast|p2a: Snorlax
|-damage|p2a: Snorlax|89/100
|
|-heal|p2a: Snorlax|95/100|[from] item: Leftovers
|upkeep
|turn|8
|
|switch|p1a: Steelix|Steelix, F|100/100
|-damage|p1a: Steelix|97/100|[from] Stealth Rock
|move|p2a: Snorlax|Body Slam|p1a: Steelix
|-resisted|p1a: Steelix
|-damage|p1a: Steelix|91/100
|
|-heal|p2a: Snorlax|100/100|[from] item: Leftovers
|-heal|p1a: Steelix|97/100|[from] item: Leftovers
|upkeep
|turn|9
|
|switch|p2a: Xatu|Xatu, F|100/100
|switch|p1a: Trans Rights|Inteleon, M|100/100
|-damage|p1a: Trans Rights|88/100|[from] Stealth Rock
|
|upkeep
|turn|10
|
|switch|p2a: Snorlax|Snorlax, F|100/100
|move|p1a: Trans Rights|Hydro Pump|p2a: Snorlax
|-damage|p2a: Snorlax|61/100
|
|-heal|p2a: Snorlax|67/100|[from] item: Leftovers
|upkeep
|turn|11
|
|switch|p1a: Steelix|Steelix, F|97/100
|-damage|p1a: Steelix|94/100|[from] Stealth Rock
|move|p2a: Snorlax|Body Slam|p1a: Steelix
|-resisted|p1a: Steelix
|-damage|p1a: Steelix|86/100
|
|-heal|p2a: Snorlax|73/100|[from] item: Leftovers
|-heal|p1a: Steelix|93/100|[from] item: Leftovers
|upkeep
|turn|12
|
|switch|p2a: Xatu|Xatu, F|100/100
|move|p1a: Steelix|Body Press|p2a: Xatu
|-resisted|p2a: Xatu
|-damage|p2a: Xatu|92/100
|-damage|p1a: Steelix|76/100|[from] item: Rocky Helmet|[of] p2a: Xatu
|
|-heal|p1a: Steelix|82/100|[from] item: Leftovers
|upkeep
|turn|13
|
|switch|p1a: Snorlax|Snorlax, F|100/100
|-damage|p1a: Snorlax|88/100|[from] Stealth Rock
|move|p2a: Xatu|Psychic|p1a: Snorlax
|-damage|p1a: Snorlax|74/100
|-unboost|p1a: Snorlax|spd|1
|
|-heal|p1a: Snorlax|80/100|[from] item: Leftovers
|upkeep
|turn|14
|
|switch|p2a: Steelix|Steelix, M|100/100
|switch|p1a: Charizard|Charizard, F|100/100
|
|upkeep
|turn|15
|
|switch|p2a: Snorlax|Snorlax, F|73/100
|move|p1a: Charizard|Hurricane|p2a: Snorlax
|-damage|p2a: Snorlax|50/100
|
|-heal|p2a: Snorlax|56/100|[from] item: Leftovers
|upkeep
|turn|16
|
|switch|p1a: Steelix|Steelix, F|82/100
|-damage|p1a: Steelix|79/100|[from] Stealth Rock
|move|p2a: Snorlax|Body Slam|p1a: Steelix
|-resisted|p1a: Steelix
|-damage|p1a: Steelix|71/100
|
|-heal|p2a: Snorlax|62/100|[from] item: Leftovers
|-heal|p1a: Steelix|78/100|[from] item: Leftovers
|upkeep
|turn|17
|
|switch|p1a: Abomasnow|Abomasnow, F|100/100
|-weather|Hail|[from] ability: Snow Warning|[of] p1a: Abomasnow
|move|p2a: Snorlax|Body Slam|p1a: Abomasnow
|-damage|p1a: Abomasnow|53/100
|-status|p1a: Abomasnow|par
|
|-weather|Hail|[upkeep]
|-damage|p2a: Snorlax|56/100|[from] Hail
|-heal|p2a: Snorlax|62/100|[from] item: Leftovers
|upkeep
|turn|18
|
|move|p2a: Snorlax|Body Slam|p1a: Abomasnow
|-damage|p1a: Abomasnow|8/100 par
|move|p1a: Abomasnow|Wood Hammer|p2a: Snorlax
|-damage|p2a: Snorlax|22/100
|-damage|p1a: Abomasnow|0 fnt|[from] Recoil
|faint|p1a: Abomasnow
|
|-weather|Hail|[upkeep]
|-damage|p2a: Snorlax|16/100|[from] Hail
|-heal|p2a: Snorlax|22/100|[from] item: Leftovers
|upkeep
|
|switch|p1a: Trans Rights|Inteleon, M|88/100
|-damage|p1a: Trans Rights|76/100|[from] Stealth Rock
|turn|19
|
|switch|p2a: Vileplume|Vileplume, M|100/100
|move|p1a: Trans Rights|Hydro Pump|p2a: Vileplume
|-resisted|p2a: Vileplume
|-damage|p2a: Vileplume|58/100
|
|-weather|Hail|[upkeep]
|-damage|p1a: Trans Rights|70/100|[from] Hail
|-damage|p2a: Vileplume|52/100|[from] Hail
|-heal|p2a: Vileplume|58/100|[from] item: Black Sludge
|upkeep
|turn|20
|
|switch|p1a: Weezing|Weezing, F|100/100
|-damage|p1a: Weezing|88/100|[from] Stealth Rock
|move|p2a: Vileplume|Strength Sap|p1a: Weezing
|-unboost|p1a: Weezing|atk|1
|-heal|p2a: Vileplume|100/100
|
|-weather|Hail|[upkeep]
|-damage|p1a: Weezing|82/100|[from] Hail
|-damage|p2a: Vileplume|94/100|[from] Hail
|-heal|p1a: Weezing|88/100|[from] item: Black Sludge
|-heal|p2a: Vileplume|100/100|[from] item: Black Sludge
|upkeep
|turn|21
|
|move|p1a: Weezing|Sludge Bomb|p2a: Vileplume
|-damage|p2a: Vileplume|71/100
|move|p2a: Vileplume|Growth|p2a: Vileplume
|-boost|p2a: Vileplume|atk|1
|-boost|p2a: Vileplume|spa|1
|
|-weather|none
|-heal|p1a: Weezing|94/100|[from] item: Black Sludge
|-heal|p2a: Vileplume|77/100|[from] item: Black Sludge
|upkeep
|turn|22
|
|move|p1a: Weezing|Fire Blast|p2a: Vileplume
|-supereffective|p2a: Vileplume
|-damage|p2a: Vileplume|28/100
|move|p2a: Vileplume|Sludge Bomb|p1a: Weezing
|-resisted|p1a: Weezing
|-damage|p1a: Weezing|60/100
|
|-heal|p1a: Weezing|66/100|[from] item: Black Sludge
|-heal|p2a: Vileplume|34/100|[from] item: Black Sludge
|upkeep
|turn|23
|
|switch|p2a: Xatu|Xatu, F|92/100
|move|p1a: Weezing|Fire Blast|p2a: Xatu
|-damage|p2a: Xatu|63/100
|
|-heal|p1a: Weezing|72/100|[from] item: Black Sludge
|upkeep
|turn|24
|
|switch|p1a: Snorlax|Snorlax, F|80/100
|-damage|p1a: Snorlax|68/100|[from] Stealth Rock
|move|p2a: Xatu|Psychic|p1a: Snorlax
|-damage|p1a: Snorlax|54/100
|
|-heal|p1a: Snorlax|60/100|[from] item: Leftovers
|upkeep
|turn|25
|
|move|p2a: Xatu|Calm Mind|p2a: Xatu
|-boost|p2a: Xatu|spa|1
|-boost|p2a: Xatu|spd|1
|move|p1a: Snorlax|Body Slam|p2a: Xatu
|-damage|p2a: Xatu|31/100
|-status|p2a: Xatu|par
|-damage|p1a: Snorlax|43/100|[from] item: Rocky Helmet|[of] p2a: Xatu
|
|-heal|p1a: Snorlax|49/100|[from] item: Leftovers
|upkeep
|turn|26
|
|move|p2a: Xatu|Roost|p2a: Xatu
|-heal|p2a: Xatu|81/100 par
|-singleturn|p2a: Xatu|move: Roost
|move|p1a: Snorlax|Rest|p1a: Snorlax
|-status|p1a: Snorlax|slp|[from] move: Rest
|-heal|p1a: Snorlax|100/100 slp|[silent]
|
|upkeep
|turn|27
|
|switch|p2a: Vileplume|Vileplume, M|34/100
|cant|p1a: Snorlax|slp
|move|p1a: Snorlax|Sleep Talk|p1a: Snorlax
|move|p1a: Snorlax|Rest|p1a: Snorlax|[from]Sleep Talk
|-fail|p1a: Snorlax|heal
|
|-heal|p2a: Vileplume|41/100|[from] item: Black Sludge
|upkeep
|turn|28
|
|switch|p1a: Charizard|Charizard, F|100/100
|move|p2a: Vileplume|Strength Sap|p1a: Charizard
|-unboost|p1a: Charizard|atk|1
|-heal|p2a: Vileplume|84/100
|
|-heal|p2a: Vileplume|91/100|[from] item: Black Sludge
|upkeep
|turn|29
|
|switch|p2a: Passimian|Passimian, F, shiny|100/100
|move|p1a: Charizard|Fire Blast|p2a: Passimian
|-damage|p2a: Passimian|21/100
|
|upkeep
|turn|30
|
|switch|p1a: Weezing|Weezing, F|72/100
|-damage|p1a: Weezing|59/100|[from] Stealth Rock
|move|p2a: Passimian|Knock Off|p1a: Weezing
|-damage|p1a: Weezing|38/100
|-enditem|p1a: Weezing|Black Sludge|[from] move: Knock Off|[of] p2a: Passimian
|
|upkeep
|turn|31
|
|move|p2a: Passimian|Knock Off|p1a: Weezing
|-damage|p1a: Weezing|22/100
|move|p1a: Weezing|Pain Split|p2a: Passimian
|-sethp|p2a: Passimian|21/100|[from] move: Pain Split|[silent]
|-sethp|p1a: Weezing|22/100|[from] move: Pain Split
|
|upkeep
|turn|32
|
|move|p2a: Passimian|Knock Off|p1a: Weezing
|-damage|p1a: Weezing|6/100
|move|p1a: Weezing|Pain Split|p2a: Passimian
|-sethp|p2a: Passimian|14/100|[from] move: Pain Split|[silent]
|-sethp|p1a: Weezing|14/100|[from] move: Pain Split
|
|upkeep
|turn|33
|
|move|p2a: Passimian|Knock Off|p1a: Weezing
|-damage|p1a: Weezing|0 fnt
|faint|p1a: Weezing
|
|upkeep
|
|switch|p1a: Steelix|Steelix, F|78/100
|-damage|p1a: Steelix|75/100|[from] Stealth Rock
|turn|34
|
|switch|p2a: Xatu|Xatu, F|81/100 par
|move|p1a: Steelix|Iron Defense|p1a: Steelix
|-boost|p1a: Steelix|def|2
|
|-heal|p1a: Steelix|81/100|[from] item: Leftovers
|upkeep
|turn|35
|
|switch|p1a: Snorlax|Snorlax, F|100/100 slp
|-damage|p1a: Snorlax|88/100 slp|[from] Stealth Rock
|move|p2a: Xatu|Calm Mind|p2a: Xatu
|-boost|p2a: Xatu|spa|1
|-boost|p2a: Xatu|spd|1
|
|-heal|p1a: Snorlax|94/100 slp|[from] item: Leftovers
|upkeep
|turn|36
|
|switch|p2a: Steelix|Steelix, M|100/100
|cant|p1a: Snorlax|slp
|move|p1a: Snorlax|Sleep Talk|p1a: Snorlax
|move|p1a: Snorlax|Body Slam|p2a: Steelix|[from]Sleep Talk
|-resisted|p2a: Steelix
|-damage|p2a: Steelix|92/100
|
|-heal|p2a: Steelix|98/100|[from] item: Leftovers
|-heal|p1a: Snorlax|99/100 slp|[from] item: Leftovers
|upkeep
|turn|37
|
|-curestatus|p1a: Snorlax|slp|[msg]
|move|p1a: Snorlax|Body Slam|p2a: Steelix
|-resisted|p2a: Steelix
|-damage|p2a: Steelix|90/100
|move|p2a: Steelix|Roar|p1a: Snorlax
|drag|p1a: Steelix|Steelix, F|81/100
|-damage|p1a: Steelix|78/100|[from] Stealth Rock
|
|-heal|p2a: Steelix|96/100|[from] item: Leftovers
|-heal|p1a: Steelix|84/100|[from] item: Leftovers
|upkeep
|turn|38
|
|switch|p2a: Xatu|Xatu, F|81/100 par
|move|p1a: Steelix|Earthquake|p2a: Xatu
|-immune|p2a: Xatu
|
|-heal|p1a: Steelix|90/100|[from] item: Leftovers
|upkeep
|turn|39
|
|switch|p1a: Snorlax|Snorlax, F|99/100
|-damage|p1a: Snorlax|88/100|[from] Stealth Rock
|move|p2a: Xatu|Calm Mind|p2a: Xatu
|-boost|p2a: Xatu|spa|1
|-boost|p2a: Xatu|spd|1
|
|-heal|p1a: Snorlax|94/100|[from] item: Leftovers
|upkeep
|turn|40
|
|switch|p2a: Steelix|Steelix, M|96/100
|move|p1a: Snorlax|Body Slam|p2a: Steelix
|-resisted|p2a: Steelix
|-crit|p2a: Steelix
|-damage|p2a: Steelix|84/100
|
|-heal|p2a: Steelix|91/100|[from] item: Leftovers
|-heal|p1a: Snorlax|99/100|[from] item: Leftovers
|upkeep
|turn|41
|
|move|p2a: Steelix|Earthquake|p1a: Snorlax
|-damage|p1a: Snorlax|76/100
|move|p1a: Snorlax|Body Slam|p2a: Steelix
|-resisted|p2a: Steelix
|-damage|p2a: Steelix|82/100
|
|-heal|p2a: Steelix|89/100|[from] item: Leftovers
|-heal|p1a: Snorlax|82/100|[from] item: Leftovers
|upkeep
|turn|42
|
|move|p1a: Snorlax|Body Slam|p2a: Steelix
|-resisted|p2a: Steelix
|-damage|p2a: Steelix|80/100
|-status|p2a: Steelix|par
|cant|p2a: Steelix|par
|
|-heal|p1a: Snorlax|88/100|[from] item: Leftovers
|-heal|p2a: Steelix|87/100 par|[from] item: Leftovers
|upkeep
|turn|43
|
|switch|p2a: Vileplume|Vileplume, M|91/100
|move|p1a: Snorlax|Body Slam|p2a: Vileplume
|-damage|p2a: Vileplume|67/100
|
|-heal|p2a: Vileplume|74/100|[from] item: Black Sludge
|-heal|p1a: Snorlax|94/100|[from] item: Leftovers
|upkeep
|turn|44
|
|move|p2a: Vileplume|Strength Sap|p1a: Snorlax
|-unboost|p1a: Snorlax|atk|1
|-heal|p2a: Vileplume|100/100
|move|p1a: Snorlax|Curse|p1a: Snorlax
|-unboost|p1a: Snorlax|spe|1
|-boost|p1a: Snorlax|atk|1
|-boost|p1a: Snorlax|def|1
|
|-heal|p1a: Snorlax|99/100|[from] item: Leftovers
|upkeep
|turn|45
|
|switch|p2a: Steelix|Steelix, M|87/100 par
|move|p1a: Snorlax|Curse|p1a: Snorlax
|-unboost|p1a: Snorlax|spe|1
|-boost|p1a: Snorlax|atk|1
|-boost|p1a: Snorlax|def|1
|
|-heal|p2a: Steelix|93/100 par|[from] item: Leftovers
|-heal|p1a: Snorlax|100/100|[from] item: Leftovers
|upkeep
|turn|46
|
|move|p1a: Snorlax|Body Slam|p2a: Steelix
|-resisted|p2a: Steelix
|-damage|p2a: Steelix|79/100 par
|move|p2a: Steelix|Roar|p1a: Snorlax
|drag|p1a: Trans Rights|Inteleon, M|70/100
|-damage|p1a: Trans Rights|57/100|[from] Stealth Rock
|
|-heal|p2a: Steelix|86/100 par|[from] item: Leftovers
|upkeep
|turn|47
|
|switch|p2a: Snorlax|Snorlax, F|22/100
|move|p1a: Trans Rights|Ice Beam|p2a: Snorlax
|-damage|p2a: Snorlax|12/100
|
|-heal|p2a: Snorlax|18/100|[from] item: Leftovers
|upkeep
|turn|48
|
|switch|p1a: Steelix|Steelix, F|90/100
|-damage|p1a: Steelix|87/100|[from] Stealth Rock
|move|p2a: Snorlax|Rest|p2a: Snorlax
|-status|p2a: Snorlax|slp|[from] move: Rest
|-heal|p2a: Snorlax|100/100 slp|[silent]
|
|-heal|p1a: Steelix|93/100|[from] item: Leftovers
|upkeep
|turn|49
|
|switch|p1a: Charizard|Charizard, F|100/100
|switch|p2a: Xatu|Xatu, F|81/100 par
|
|upkeep
|turn|50
|
|switch|p2a: Snorlax|Snorlax, F|100/100 slp
|move|p1a: Charizard|Defog|p2a: Snorlax
|-unboost|p2a: Snorlax|evasion|1
|-sideend|p1: Flipps|Stealth Rock|[from] move: Defog|[of] p1a: Charizard
|
|upkeep
|turn|51
|
|switch|p1a: Steelix|Steelix, F|93/100
|cant|p2a: Snorlax|slp
|move|p2a: Snorlax|Sleep Talk|p2a: Snorlax
|move|p2a: Snorlax|Rest|p2a: Snorlax|[from]Sleep Talk
|-fail|p2a: Snorlax|heal
|
|-heal|p1a: Steelix|99/100|[from] item: Leftovers
|upkeep
|turn|52
|
|switch|p2a: Xatu|Xatu, F|81/100 par
|switch|p1a: Trans Rights|Inteleon, M|57/100
|
|upkeep
|turn|53
|
|switch|p2a: Snorlax|Snorlax, F|100/100 slp
|move|p1a: Trans Rights|Hydro Pump|p2a: Snorlax
|-damage|p2a: Snorlax|63/100 slp
|
|-heal|p2a: Snorlax|69/100 slp|[from] item: Leftovers
|upkeep
|turn|54
|
|switch|p1a: Steelix|Steelix, F|99/100
|cant|p2a: Snorlax|slp
|move|p2a: Snorlax|Sleep Talk|p2a: Snorlax
|move|p2a: Snorlax|Curse|p2a: Snorlax|[from]Sleep Talk
|-unboost|p2a: Snorlax|spe|1
|-boost|p2a: Snorlax|atk|1
|-boost|p2a: Snorlax|def|1
|
|-heal|p1a: Steelix|100/100|[from] item: Leftovers
|-heal|p2a: Snorlax|75/100 slp|[from] item: Leftovers
|upkeep
|turn|55
|
|move|p1a: Steelix|Body Press|p2a: Snorlax
|-supereffective|p2a: Snorlax
|-damage|p2a: Snorlax|26/100 slp
|-curestatus|p2a: Snorlax|slp|[msg]
|move|p2a: Snorlax|Sleep Talk||[still]
|-fail|p2a: Snorlax
|
|-heal|p2a: Snorlax|32/100|[from] item: Leftovers
|upkeep
|turn|56
|
|switch|p2a: Xatu|Xatu, F|81/100 par
|move|p1a: Steelix|Body Press|p2a: Xatu
|-resisted|p2a: Xatu
|-damage|p2a: Xatu|73/100 par
|-damage|p1a: Steelix|84/100|[from] item: Rocky Helmet|[of] p2a: Xatu
|
|-heal|p1a: Steelix|90/100|[from] item: Leftovers
|upkeep
|turn|57
|
|switch|p2a: Snorlax|Snorlax, F|32/100
|switch|p1a: Snorlax|Snorlax, F|100/100
|
|-heal|p2a: Snorlax|38/100|[from] item: Leftovers
|upkeep
|turn|58
|
|move|p1a: Snorlax|Body Slam|p2a: Snorlax
|-damage|p2a: Snorlax|8/100
|move|p2a: Snorlax|Rest|p2a: Snorlax
|-status|p2a: Snorlax|slp|[from] move: Rest
|-heal|p2a: Snorlax|100/100 slp|[silent]
|
|upkeep
|turn|59
|
|switch|p1a: Charizard|Charizard, F|100/100
|cant|p2a: Snorlax|slp
|move|p2a: Snorlax|Sleep Talk|p2a: Snorlax
|move|p2a: Snorlax|Body Slam|p1a: Charizard|[from]Sleep Talk
|-damage|p1a: Charizard|55/100
|
|upkeep
|turn|60
|
|switch|p1a: Steelix|Steelix, F|90/100
|cant|p2a: Snorlax|slp
|move|p2a: Snorlax|Sleep Talk|p2a: Snorlax
|move|p2a: Snorlax|Body Slam|p1a: Steelix|[from]Sleep Talk
|-resisted|p1a: Steelix
|-damage|p1a: Steelix|83/100
|-status|p1a: Steelix|par
|
|-heal|p1a: Steelix|89/100 par|[from] item: Leftovers
|upkeep
|turn|61
|
|switch|p2a: Xatu|Xatu, F|73/100 par
|switch|p1a: Trans Rights|Inteleon, M|57/100
|
|upkeep
|turn|62
|
|switch|p2a: Snorlax|Snorlax, F|100/100 slp
|move|p1a: Trans Rights|Hydro Pump|p2a: Snorlax
|-damage|p2a: Snorlax|64/100 slp
|
|-heal|p2a: Snorlax|70/100 slp|[from] item: Leftovers
|upkeep
|turn|63
|
|switch|p1a: Steelix|Steelix, F|89/100 par
|-curestatus|p2a: Snorlax|slp|[msg]
|move|p2a: Snorlax|Body Slam|p1a: Steelix
|-resisted|p1a: Steelix
|-damage|p1a: Steelix|81/100 par
|
|-heal|p2a: Snorlax|76/100|[from] item: Leftovers
|-heal|p1a: Steelix|87/100 par|[from] item: Leftovers
|upkeep
|turn|64
|l|☆ruznoob
|player|p2|
|inactive|Battle timer is ON: inactive players will automatically lose when time's up. (requested by Flipps)
|j|☆ruznoob
|inactive|ruznoob reconnected and has 145 seconds left.
|player|p2|ruznoob|morty-gen2
|
|switch|p2a: Xatu|Xatu, F|73/100 par
|switch|p1a: Trans Rights|Inteleon, M|57/100
|
|upkeep
|turn|65
|
|switch|p2a: Snorlax|Snorlax, F|76/100
|move|p1a: Trans Rights|U-turn|p2a: Snorlax
|-damage|p2a: Snorlax|65/100
|
|switch|p1a: Steelix|Steelix, F|87/100 par|[from]move: U-turn
|
|-heal|p2a: Snorlax|71/100|[from] item: Leftovers
|-heal|p1a: Steelix|93/100 par|[from] item: Leftovers
|upkeep
|turn|66
|
|switch|p2a: Xatu|Xatu, F|73/100 par
|cant|p1a: Steelix|par
|
|-heal|p1a: Steelix|99/100 par|[from] item: Leftovers
|upkeep
|turn|67
|
|switch|p2a: Passimian|Passimian, F, shiny|14/100
|switch|p1a: Snorlax|Snorlax, F|100/100
|
|upkeep
|turn|68
|
|move|p2a: Passimian|Knock Off|p1a: Snorlax
|-damage|p1a: Snorlax|77/100
|-enditem|p1a: Snorlax|Leftovers|[from] move: Knock Off|[of] p2a: Passimian
|move|p1a: Snorlax|Body Slam|p2a: Passimian
|-damage|p2a: Passimian|0 fnt
|faint|p2a: Passimian
|
|upkeep
|
|switch|p2a: Steelix|Steelix, M|86/100 par
|turn|69
|
|switch|p1a: Charizard|Charizard, F|55/100
|move|p2a: Steelix|Stealth Rock|p1a: Charizard
|-sidestart|p1: Flipps|move: Stealth Rock
|
|-heal|p2a: Steelix|92/100 par|[from] item: Leftovers
|upkeep
|turn|70
|
|switch|p2a: Snorlax|Snorlax, F|71/100
|move|p1a: Charizard|Hurricane|p2a: Snorlax|[miss]
|-miss|p1a: Charizard|p2a: Snorlax
|
|-heal|p2a: Snorlax|77/100|[from] item: Leftovers
|upkeep
|turn|71
|
|switch|p1a: Steelix|Steelix, F|99/100 par
|-damage|p1a: Steelix|97/100 par|[from] Stealth Rock
|move|p2a: Snorlax|Body Slam|p1a: Steelix
|-resisted|p1a: Steelix
|-damage|p1a: Steelix|89/100 par
|
|-heal|p2a: Snorlax|84/100|[from] item: Leftovers
|-heal|p1a: Steelix|95/100 par|[from] item: Leftovers
|upkeep
|turn|72
|
|switch|p2a: Vileplume|Vileplume, M|100/100
|switch|p1a: Charizard|Charizard, F|55/100
|
|upkeep
|turn|73
|
|switch|p2a: Snorlax|Snorlax, F|84/100
|move|p1a: Charizard|Defog|p2a: Snorlax
|-unboost|p2a: Snorlax|evasion|1
|-sideend|p1: Flipps|Stealth Rock|[from] move: Defog|[of] p1a: Charizard
|
|-heal|p2a: Snorlax|90/100|[from] item: Leftovers
|upkeep
|turn|74
|
|switch|p1a: Steelix|Steelix, F|95/100 par
|switch|p2a: Steelix|Steelix, M|92/100 par
|
|-heal|p2a: Steelix|98/100 par|[from] item: Leftovers
|-heal|p1a: Steelix|100/100 par|[from] item: Leftovers
|upkeep
|turn|75
|
|switch|p2a: Xatu|Xatu, F|73/100 par
|move|p1a: Steelix|Iron Defense|p1a: Steelix
|-boost|p1a: Steelix|def|2
|
|upkeep
|turn|76
|
|switch|p1a: Charizard|Charizard, F|55/100
|move|p2a: Xatu|Calm Mind|p2a: Xatu
|-boost|p2a: Xatu|spa|1
|-boost|p2a: Xatu|spd|1
|
|upkeep
|turn|77
|
|switch|p1a: Snorlax|Snorlax, F|77/100
|move|p2a: Xatu|Psychic|p1a: Snorlax
|-damage|p1a: Snorlax|57/100
|
|upkeep
|turn|78
|
|switch|p2a: Vileplume|Vileplume, M|100/100
|move|p1a: Snorlax|Rest|p1a: Snorlax
|-status|p1a: Snorlax|slp|[from] move: Rest
|-heal|p1a: Snorlax|100/100 slp|[silent]
|
|upkeep
|turn|79
|
|move|p2a: Vileplume|Growth|p2a: Vileplume
|-boost|p2a: Vileplume|atk|1
|-boost|p2a: Vileplume|spa|1
|cant|p1a: Snorlax|slp
|move|p1a: Snorlax|Sleep Talk|p1a: Snorlax
|move|p1a: Snorlax|Rest|p1a: Snorlax|[from]Sleep Talk
|-fail|p1a: Snorlax|heal
|
|upkeep
|turn|80
|
|move|p2a: Vileplume|Growth|p2a: Vileplume
|-boost|p2a: Vileplume|atk|1
|-boost|p2a: Vileplume|spa|1
|cant|p1a: Snorlax|slp
|move|p1a: Snorlax|Sleep Talk|p1a: Snorlax
|move|p1a: Snorlax|Rest|p1a: Snorlax|[from]Sleep Talk
|-fail|p1a: Snorlax|heal
|
|upkeep
|turn|81
|
|move|p2a: Vileplume|Sludge Bomb|p1a: Snorlax
|-damage|p1a: Snorlax|70/100 slp
|-curestatus|p1a: Snorlax|slp|[msg]
|move|p1a: Snorlax|Body Slam|p2a: Vileplume
|-damage|p2a: Vileplume|75/100
|-status|p2a: Vileplume|par
|
|-heal|p2a: Vileplume|81/100 par|[from] item: Black Sludge
|upkeep
|turn|82
|
|move|p1a: Snorlax|Curse|p1a: Snorlax
|-unboost|p1a: Snorlax|spe|1
|-boost|p1a: Snorlax|atk|1
|-boost|p1a: Snorlax|def|1
|move|p2a: Vileplume|Sludge Bomb|p1a: Snorlax
|-damage|p1a: Snorlax|40/100
|
|-heal|p2a: Vileplume|88/100 par|[from] item: Black Sludge
|upkeep
|turn|83
|
|cant|p2a: Vileplume|par
|move|p1a: Snorlax|Rest|p1a: Snorlax
|-status|p1a: Snorlax|slp|[from] move: Rest
|-heal|p1a: Snorlax|100/100 slp|[silent]
|
|-heal|p2a: Vileplume|94/100 par|[from] item: Black Sludge
|upkeep
|turn|84
|
|switch|p1a: Charizard|Charizard, F|55/100
|move|p2a: Vileplume|Growth|p2a: Vileplume
|-boost|p2a: Vileplume|atk|1
|-boost|p2a: Vileplume|spa|1
|
|-heal|p2a: Vileplume|99/100 par|[from] item: Black Sludge
|upkeep
|turn|85
|
|switch|p2a: Snorlax|Snorlax, F|90/100
|move|p1a: Charizard|Hurricane|p2a: Snorlax
|-damage|p2a: Snorlax|69/100
|-start|p2a: Snorlax|confusion
|
|-heal|p2a: Snorlax|75/100|[from] item: Leftovers
|upkeep
|turn|86
|
|switch|p1a: Steelix|Steelix, F|100/100 par
|switch|p2a: Steelix|Steelix, M|98/100 par
|
|-heal|p2a: Steelix|100/100 par|[from] item: Leftovers
|upkeep
|turn|87
|
|cant|p2a: Steelix|par
|move|p1a: Steelix|Earthquake|p2a: Steelix
|-supereffective|p2a: Steelix
|-damage|p2a: Steelix|67/100 par
|
|-heal|p2a: Steelix|73/100 par|[from] item: Leftovers
|upkeep
|turn|88
|
|move|p2a: Steelix|Stealth Rock|p1a: Steelix
|-sidestart|p1: Flipps|move: Stealth Rock
|move|p1a: Steelix|Stealth Rock|p2a: Steelix
|-sidestart|p2: ruznoob|move: Stealth Rock
|
|-heal|p2a: Steelix|79/100 par|[from] item: Leftovers
|upkeep
|turn|89
|
|switch|p2a: Vileplume|Vileplume, M|99/100 par
|-damage|p2a: Vileplume|88/100 par|[from] Stealth Rock
|switch|p1a: Charizard|Charizard, F|55/100
|
|-heal|p2a: Vileplume|94/100 par|[from] item: Black Sludge
|upkeep
|turn|90
|
|switch|p2a: Snorlax|Snorlax, F|75/100
|-damage|p2a: Snorlax|63/100|[from] Stealth Rock
|move|p1a: Charizard|Roost|p1a: Charizard
|-heal|p1a: Charizard|100/100
|-singleturn|p1a: Charizard|move: Roost
|
|-heal|p2a: Snorlax|69/100|[from] item: Leftovers
|upkeep
|turn|91
|
|switch|p1a: Steelix|Steelix, F|100/100 par
|-damage|p1a: Steelix|97/100 par|[from] Stealth Rock
|move|p2a: Snorlax|Body Slam|p1a: Steelix
|-resisted|p1a: Steelix
|-damage|p1a: Steelix|91/100 par
|
|-heal|p2a: Snorlax|75/100|[from] item: Leftovers
|-heal|p1a: Steelix|97/100 par|[from] item: Leftovers
|upkeep
|turn|92
|
|switch|p2a: Vileplume|Vileplume, M|94/100 par
|-damage|p2a: Vileplume|81/100 par|[from] Stealth Rock
|move|p1a: Steelix|Iron Defense|p1a: Steelix
|-boost|p1a: Steelix|def|2
|
|-heal|p2a: Vileplume|88/100 par|[from] item: Black Sludge
|-heal|p1a: Steelix|100/100 par|[from] item: Leftovers
|upkeep
|turn|93
|inactive|Flipps has 120 seconds left.
|
|switch|p1a: Charizard|Charizard, F|100/100
|move|p2a: Vileplume|Growth|p2a: Vileplume
|-boost|p2a: Vileplume|atk|1
|-boost|p2a: Vileplume|spa|1
|
|-heal|p2a: Vileplume|94/100 par|[from] item: Black Sludge
|upkeep
|turn|94
|inactive|Flipps has 120 seconds left.
|j| PepeDuce
|
|switch|p2a: Snorlax|Snorlax, F|75/100
|-damage|p2a: Snorlax|62/100|[from] Stealth Rock
|move|p1a: Charizard|Hurricane|p2a: Snorlax|[miss]
|-miss|p1a: Charizard|p2a: Snorlax
|
|-heal|p2a: Snorlax|68/100|[from] item: Leftovers
|upkeep
|turn|95
|
|switch|p1a: Steelix|Steelix, F|100/100 par
|-damage|p1a: Steelix|97/100 par|[from] Stealth Rock
|move|p2a: Snorlax|Body Slam|p1a: Steelix
|-resisted|p1a: Steelix
|-damage|p1a: Steelix|90/100 par
|
|-heal|p2a: Snorlax|75/100|[from] item: Leftovers
|-heal|p1a: Steelix|96/100 par|[from] item: Leftovers
|upkeep
|turn|96
|
|switch|p2a: Vileplume|Vileplume, M|94/100 par
|-damage|p2a: Vileplume|81/100 par|[from] Stealth Rock
|move|p1a: Steelix|Earthquake|p2a: Vileplume
|-damage|p2a: Vileplume|60/100 par
|
|-heal|p2a: Vileplume|66/100 par|[from] item: Black Sludge
|-heal|p1a: Steelix|100/100 par|[from] item: Leftovers
|upkeep
|turn|97
|
|switch|p1a: Charizard|Charizard, F|100/100
|cant|p2a: Vileplume|par
|
|-heal|p2a: Vileplume|72/100 par|[from] item: Black Sludge
|upkeep
|turn|98
|
|switch|p2a: Snorlax|Snorlax, F|75/100
|-damage|p2a: Snorlax|62/100|[from] Stealth Rock
|move|p1a: Charizard|Hurricane|p2a: Snorlax
|-damage|p2a: Snorlax|40/100
|-start|p2a: Snorlax|confusion
|
|-heal|p2a: Snorlax|46/100|[from] item: Leftovers
|upkeep
|turn|99
|
|move|p1a: Charizard|Hurricane|p2a: Snorlax
|-damage|p2a: Snorlax|25/100
|-activate|p2a: Snorlax|confusion
|-damage|p2a: Snorlax|15/100|[from] confusion
|
|-heal|p2a: Snorlax|21/100|[from] item: Leftovers
|upkeep
|turn|100
|
|move|p1a: Charizard|Hurricane|p2a: Snorlax
|-damage|p2a: Snorlax|0 fnt
|faint|p2a: Snorlax
|
|upkeep
|
|switch|p2a: Silvally|Silvally-Fairy|100/100
|-damage|p2a: Silvally|88/100|[from] Stealth Rock
|turn|101
|inactive|Flipps has 120 seconds left.
|
|switch|p1a: Steelix|Steelix, F|100/100 par
|-damage|p1a: Steelix|97/100 par|[from] Stealth Rock
|move|p2a: Silvally|Rock Slide|p1a: Steelix
|-resisted|p1a: Steelix
|-damage|p1a: Steelix|95/100 par
|
|-heal|p1a: Steelix|100/100 par|[from] item: Leftovers
|upkeep
|turn|102
|
|move|p2a: Silvally|U-turn|p1a: Steelix
|-resisted|p1a: Steelix
|-damage|p1a: Steelix|96/100 par
|
|switch|p2a: Vileplume|Vileplume, M|72/100 par|[from]move: U-turn
|-damage|p2a: Vileplume|60/100 par|[from] Stealth Rock
|move|p1a: Steelix|Earthquake|p2a: Vileplume
|-damage|p2a: Vileplume|35/100 par
|
|-heal|p2a: Vileplume|41/100 par|[from] item: Black Sludge
|-heal|p1a: Steelix|100/100 par|[from] item: Leftovers
|upkeep
|turn|103
|
|switch|p1a: Charizard|Charizard, F|100/100
|cant|p2a: Vileplume|par
|
|-heal|p2a: Vileplume|48/100 par|[from] item: Black Sludge
|upkeep
|turn|104
|
|move|p1a: Charizard|Fire Blast|p2a: Vileplume
|-supereffective|p2a: Vileplume
|-damage|p2a: Vileplume|0 fnt
|faint|p2a: Vileplume
|
|upkeep
|-message|ruznoob forfeited.
|
|win|Flipps
|l|☆ruznoob
|l| PepeDuce
||Ladder (probably) updated, but score could not be retrieved (Response not received).
