|raw|<div class="broadcast-blue"><strong>This battle is required to be public due to a player having a name starting with 'rult60'.</div>
|j|☆literallyfreemoney
|j|☆rult60a l2p
|t:|1654470135
|gametype|singles
|player|p1|literallyfreemoney|pokemonbreeder-gen4|1375
|player|p2|rult60a l2p|guitarist|1133
|teamsize|p1|6
|teamsize|p2|6
|gen|8
|tier|[Gen 8] RU
|rated|
|rule|Sleep Clause Mod: Limit one foe put to sleep
|rule|Species Clause: Limit one of each Pokémon
|rule|OHKO Clause: OHKO moves are banned
|rule|Evasion Moves Clause: Evasion moves are banned
|rule|Endless Battle Clause: Forcing endless battles is banned
|rule|HP Percentage Mod: HP is shown in percentages
|rule|Dynamax Clause: You cannot dynamax
|clearpoke
|poke|p1|Salazzle, F|
|poke|p1|Steelix, F|
|poke|p1|Golisopod, F|
|poke|p1|Crobat, M|
|poke|p1|Sylveon, M|
|poke|p1|Zoroark, M|
|poke|p2|Incineroar, F|
|poke|p2|Xurkitree|
|poke|p2|Seismitoad, F|
|poke|p2|Lucario, M|
|poke|p2|Mimikyu, F|
|poke|p2|Crobat, F|
|teampreview
|inactive|Battle timer is ON: inactive players will automatically lose when time's up. (requested by rult60a l2p)
|c|☆rult60a l2p|clhf
|c|☆literallyfreemoney|gl hf
|inactive|literallyfreemoney has 120 seconds left.
|
|t:|1654470169
|start
|switch|p1a: *w*G O A L I E*w*|Golisopod, F|100/100
|switch|p2a: Lucario|Lucario, M|100/100
|turn|1
|
|t:|1654470182
|switch|p2a: Crobat|Crobat, F|100/100
|move|p1a: *w*G O A L I E*w*|Liquidation|p2a: Crobat
|-damage|p2a: Crobat|47/100
|-unboost|p2a: Crobat|def|1
|
|upkeep
|turn|2
|
|t:|1654470189
|move|p2a: Crobat|Brave Bird|p1a: *w*G O A L I E*w*
|-supereffective|p1a: *w*G O A L I E*w*
|-damage|p1a: *w*G O A L I E*w*|25/100
|-damage|p2a: Crobat|25/100|[from] Recoil
|-activate|p1a: *w*G O A L I E*w*|ability: Emergency Exit
|
|t:|1654470192
|switch|p1a: Ukanlos|Steelix, F|100/100
|
|upkeep
|turn|3
|
|t:|1654470200
|move|p2a: Crobat|U-turn|p1a: Ukanlos
|-resisted|p1a: Ukanlos
|-damage|p1a: Ukanlos|97/100
|
|t:|1654470207
|switch|p2a: Seismitoad|Seismitoad, F|100/100|[from]move: U-turn
|move|p1a: Ukanlos|Stealth Rock|p2a: Seismitoad
|-sidestart|p2: rult60a l2p|move: Stealth Rock
|
|-heal|p1a: Ukanlos|100/100|[from] item: Leftovers
|upkeep
|turn|4
|
|t:|1654470215
|switch|p1a: LeadSingerOfDBand|Sylveon, M|100/100
|move|p2a: Seismitoad|Ice Punch|p1a: LeadSingerOfDBand
|-crit|p1a: LeadSingerOfDBand
|-damage|p1a: LeadSingerOfDBand|58/100
|
|-heal|p1a: LeadSingerOfDBand|64/100|[from] item: Leftovers
|upkeep
|turn|5
|
|t:|1654470227
|move|p2a: Seismitoad|Earthquake|p1a: LeadSingerOfDBand
|-damage|p1a: LeadSingerOfDBand|5/100
|move|p1a: LeadSingerOfDBand|Wish|p1a: LeadSingerOfDBand
|
|-heal|p1a: LeadSingerOfDBand|11/100|[from] item: Leftovers
|upkeep
|turn|6
|
|t:|1654470232
|move|p1a: LeadSingerOfDBand|Protect|p1a: LeadSingerOfDBand
|-singleturn|p1a: LeadSingerOfDBand|Protect
|move|p2a: Seismitoad|Earthquake|p1a: LeadSingerOfDBand
|-activate|p1a: LeadSingerOfDBand|move: Protect
|
|-heal|p1a: LeadSingerOfDBand|61/100|[from] move: Wish|[wisher] LeadSingerOfDBand
|-heal|p1a: LeadSingerOfDBand|67/100|[from] item: Leftovers
|upkeep
|turn|7
|
|t:|1654470240
|switch|p1a: *w*G O A L I E*w*|Golisopod, F|25/100
|move|p2a: Seismitoad|Earthquake|p1a: *w*G O A L I E*w*
|-resisted|p1a: *w*G O A L I E*w*
|-damage|p1a: *w*G O A L I E*w*|6/100
|
|upkeep
|turn|8
|
|t:|1654470247
|move|p1a: *w*G O A L I E*w*|First Impression|p2a: Seismitoad
|-damage|p2a: Seismitoad|40/100
|move|p2a: Seismitoad|Earthquake|p1a: *w*G O A L I E*w*
|-resisted|p1a: *w*G O A L I E*w*
|-damage|p1a: *w*G O A L I E*w*|0 fnt
|faint|p1a: *w*G O A L I E*w*
|
|-heal|p2a: Seismitoad|46/100|[from] item: Leftovers
|upkeep
|
|t:|1654470251
|switch|p1a: Ukanlos|Steelix, F|100/100
|turn|9
|
|t:|1654470259
|move|p1a: Ukanlos|Dark Pulse|p2a: Seismitoad
|-damage|p2a: Seismitoad|0 fnt
|faint|p2a: Seismitoad
|
|upkeep
|
|t:|1654470264
|switch|p2a: Lucario|Lucario, M|100/100
|-damage|p2a: Lucario|98/100|[from] Stealth Rock
|turn|10
|
|t:|1654470268
|switch|p1a: Ukanlos|Steelix, F|100/100
|move|p2a: Lucario|Swords Dance|p2a: Lucario
|-boost|p2a: Lucario|atk|2
|
|upkeep
|turn|11
|
|t:|1654470275
|move|p2a: Lucario|Close Combat|p1a: Ukanlos
|-supereffective|p1a: Ukanlos
|-ability|p1a: Ukanlos|Sturdy
|-damage|p1a: Ukanlos|1/100
|-unboost|p2a: Lucario|def|1
|-unboost|p2a: Lucario|spd|1
|-damage|p2a: Lucario|88/100|[from] item: Life Orb
|move|p1a: Ukanlos|Earthquake|p2a: Lucario
|-supereffective|p2a: Lucario
|-damage|p2a: Lucario|0 fnt
|faint|p2a: Lucario
|
|-heal|p1a: Ukanlos|7/100|[from] item: Leftovers
|upkeep
|
|t:|1654470289
|switch|p2a: Mimikyu|Mimikyu, F|100/100
|-damage|p2a: Mimikyu|88/100|[from] Stealth Rock
|turn|12
|
|t:|1654470295
|move|p2a: Mimikyu|Swords Dance|p2a: Mimikyu
|-boost|p2a: Mimikyu|atk|2
|move|p1a: Ukanlos|Roar|p2a: Mimikyu
|drag|p2a: Xurkitree|Xurkitree|100/100
|-damage|p2a: Xurkitree|88/100|[from] Stealth Rock
|
|-heal|p1a: Ukanlos|13/100|[from] item: Leftovers
|upkeep
|turn|13
|
|t:|1654470307
|switch|p1a: Brave Bat|Crobat, M|100/100
|move|p2a: Xurkitree|Energy Ball|p1a: Brave Bat
|-resisted|p1a: Brave Bat
|-damage|p1a: Brave Bat|91/100
|
|upkeep
|turn|14
|
|t:|1654470315
|switch|p2a: Incineroar|Incineroar, F|100/100
|-ability|p2a: Incineroar|Intimidate|boost
|-unboost|p1a: Brave Bat|atk|1
|switch|p1a: Jam Jam|Salazzle, F|100/100
|
|upkeep
|turn|15
|
|t:|1654470324
|move|p1a: Jam Jam|Toxic|p2a: Incineroar
|-status|p2a: Incineroar|tox
|move|p2a: Incineroar|Knock Off|p1a: Jam Jam
|-damage|p1a: Jam Jam|0 fnt
|-enditem|p1a: Jam Jam|Heavy-Duty Boots|[from] move: Knock Off|[of] p2a: Incineroar
|faint|p1a: Jam Jam
|
|-damage|p2a: Incineroar|94/100 tox|[from] psn
|upkeep
|
|t:|1654470334
|switch|p1a: LeadSingerOfDBand|Sylveon, M|67/100
|turn|16
|
|t:|1654470340
|move|p1a: LeadSingerOfDBand|Wish|p1a: LeadSingerOfDBand
|move|p2a: Incineroar|Flare Blitz|p1a: LeadSingerOfDBand
|-damage|p1a: LeadSingerOfDBand|0 fnt
|faint|p1a: LeadSingerOfDBand
|-damage|p2a: Incineroar|73/100 tox|[from] Recoil
|
|-damage|p2a: Incineroar|61/100 tox|[from] psn
|upkeep
|
|t:|1654470348
|switch|p1a: Ukanlos|Steelix, F|100/100
|turn|17
|
|t:|1654470351
|move|p1a: Ukanlos|Focus Blast|p2a: Incineroar
|-supereffective|p2a: Incineroar
|-damage|p2a: Incineroar|0 fnt
|faint|p2a: Incineroar
|
|upkeep
|
|t:|1654470359
|switch|p2a: Mimikyu|Mimikyu, F|88/100
|-damage|p2a: Mimikyu|76/100|[from] Stealth Rock
|turn|18
|
|t:|1654470367
|switch|p1a: Brave Bat|Crobat, M|91/100
|move|p2a: Mimikyu|Swords Dance|p2a: Mimikyu
|-boost|p2a: Mimikyu|atk|2
|
|upkeep
|turn|19
|
|t:|1654470382
|move|p1a: Brave Bat|Brave Bird|p2a: Mimikyu
|-activate|p2a: Mimikyu|ability: Disguise
|-damage|p2a: Mimikyu|76/100
|detailschange|p2a: Mimikyu|Mimikyu-Busted, F
|-damage|p2a: Mimikyu|63/100|[from] pokemon: Mimikyu-Busted
|move|p2a: Mimikyu|Swords Dance|p2a: Mimikyu
|-boost|p2a: Mimikyu|atk|2
|
|upkeep
|turn|20
|
|t:|1654470391
|move|p2a: Mimikyu|Shadow Sneak|p1a: Brave Bat
|-damage|p1a: Brave Bat|10/100
|-damage|p2a: Mimikyu|53/100|[from] item: Life Orb
|move|p1a: Brave Bat|Brave Bird|p2a: Mimikyu
|-damage|p2a: Mimikyu|0 fnt
|faint|p2a: Mimikyu
|-damage|p1a: Brave Bat|0 fnt|[from] Recoil
|faint|p1a: Brave Bat
|
|upkeep
|c|☆rult60a l2p|gg
|
|t:|1654470403
|switch|p1a: Ukanlos|Steelix, F|100/100
|switch|p2a: Xurkitree|Xurkitree|88/100
|-damage|p2a: Xurkitree|76/100|[from] Stealth Rock
|turn|21
|c|☆literallyfreemoney|gg
|
|t:|1654470408
|move|p2a: Xurkitree|Dazzling Gleam|p1a: Ukanlos
|-supereffective|p1a: Ukanlos
|-damage|p1a: Ukanlos|0 fnt
|replace|p1a: BUT IT WAS ME|Zoroark, M
|-end|p1a: BUT IT WAS ME|Illusion
|faint|p1a: BUT IT WAS ME
|-ability|p2a: Xurkitree|Beast Boost|boost
|-boost|p2a: Xurkitree|spa|1
|
|upkeep
|-message|literallyfreemoney forfeited.
|
|win|rult60a l2p
|raw|literallyfreemoney's rating: 1375 &rarr; <strong>1343</strong><br />(-32 for losing)
|raw|rult60a l2p's rating: 1133 &rarr; <strong>1173</strong><br />(+40 for winning)
|l|☆literallyfreemoney
||Ladder isn't responding, score probably updated but might not have (Request timeout).
