|html|<div class="broadcast-blue"><strong>[Gen 8] RU is currently suspecting Zygarde-10%! For information on how to participate check out the <a href="https://www.smogon.com/forums/threads/np-ru-stage-6-i-wanna-be-your-dog-zygarde-10-suspect-test.3679181/#post-8768959">suspect thread</a>.</strong></div>
|j|☆RUZ9 YW
|j|☆RXG1 Elfu
|inactive|Battle timer is ON: inactive players will automatically lose when time's up.
|t:|1615419656
|player|p1|RUZ9 YW|hiker-gen4|
|player|p2|RXG1 Elfu|cyclist|
|teamsize|p1|6
|teamsize|p2|6
|gametype|singles
|gen|8
|tier|[Gen 8] RU
|rated|Tournament battle
|clearpoke
|poke|p1|Escavalier, F|
|poke|p1|Scrafty, M|
|poke|p1|Darmanitan, M|
|poke|p1|Togekiss, M|
|poke|p1|Magnezone|
|poke|p1|Seismitoad, F|
|poke|p2|Marowak-Alola, M|
|poke|p2|Zygarde-10%|
|poke|p2|Necrozma|
|poke|p2|Cobalion|
|poke|p2|Zarude|
|poke|p2|Cloyster, M|
|rule|Sleep Clause Mod: Limit one foe put to sleep
|rule|Species Clause: Limit one of each Pokémon
|rule|OHKO Clause: OHKO moves are banned
|rule|Evasion Moves Clause: Evasion moves are banned
|rule|Endless Battle Clause: Forcing endless battles is banned
|rule|HP Percentage Mod: HP is shown in percentages
|rule|Dynamax Clause: You cannot dynamax
|teampreview
|j| FestiveSkSkSk
|inactive|RXG1 Elfu has 120 seconds left.
|
|t:|1615419695
|start
|switch|p1a: Darmanitan|Darmanitan, M|100/100
|switch|p2a: Zarude|Zarude|100/100
|turn|1
|inactive|RUZ9 YW has 120 seconds left.
|
|t:|1615419727
|move|p2a: Zarude|U-turn|p1a: Darmanitan
|-resisted|p1a: Darmanitan
|-damage|p1a: Darmanitan|83/100
|inactive|RXG1 Elfu has 120 seconds left.
|
|t:|1615419749
|switch|p2a: Cobalion|Cobalion|100/100|[from]move: U-turn
|move|p1a: Darmanitan|U-turn|p2a: Cobalion
|-resisted|p2a: Cobalion
|-damage|p2a: Cobalion|96/100
|inactive|RUZ9 YW has 120 seconds left.
|
|t:|1615419783
|switch|p1a: Seismitoad|Seismitoad, F|100/100|[from]move: U-turn
|
|-heal|p2a: Cobalion|100/100|[from] item: Leftovers
|upkeep
|turn|2
|inactive|RXG1 Elfu has 120 seconds left.
|
|t:|1615419806
|move|p2a: Cobalion|Stealth Rock|p1a: Seismitoad
|-sidestart|p1: RUZ9 YW|move: Stealth Rock
|move|p1a: Seismitoad|Stealth Rock|p2a: Cobalion
|-sidestart|p2: RXG1 Elfu|move: Stealth Rock
|
|upkeep
|turn|3
|j|+Oathkeepre
|inactive|RXG1 Elfu has 120 seconds left.
|
|t:|1615419811
|switch|p2a: Zarude|Zarude|100/100
|-damage|p2a: Zarude|88/100|[from] Stealth Rock
|move|p1a: Seismitoad|Toxic|p2a: Zarude
|-status|p2a: Zarude|tox
|
|-damage|p2a: Zarude|82/100 tox|[from] psn
|upkeep
|turn|4
|
|t:|1615419817
|switch|p1a: Togekiss|Togekiss, M|100/100
|move|p2a: Zarude|U-turn|p1a: Togekiss
|-resisted|p1a: Togekiss
|-damage|p1a: Togekiss|94/100
|inactive|RXG1 Elfu has 120 seconds left.
|
|t:|1615419831
|switch|p2a: Cloyster|Cloyster, M|100/100|[from]move: U-turn
|-damage|p2a: Cloyster|76/100|[from] Stealth Rock
|
|upkeep
|turn|5
|
|t:|1615419841
|move|p1a: Togekiss|Thunder Wave|p2a: Cloyster
|-status|p2a: Cloyster|par
|cant|p2a: Cloyster|par
|
|upkeep
|turn|6
|
|t:|1615419846
|move|p2a: Cloyster|Ice Shard|p1a: Togekiss
|-supereffective|p1a: Togekiss
|-damage|p1a: Togekiss|57/100
|move|p1a: Togekiss|Air Slash|p2a: Cloyster
|-damage|p2a: Cloyster|0 fnt
|faint|p2a: Cloyster
|
|upkeep
|j|#MrAldo
|inactive|RXG1 Elfu has 120 seconds left.
|j| BigConns
|
|t:|1615419885
|switch|p2a: Zygarde|Zygarde-10%|100/100
|-ability|p2a: Zygarde|Aura Break
|turn|7
|
|t:|1615419899
|switch|p1a: Scrafty|Scrafty, M|100/100
|-damage|p1a: Scrafty|94/100|[from] Stealth Rock
|-ability|p1a: Scrafty|Intimidate|boost
|-unboost|p2a: Zygarde|atk|1
|move|p2a: Zygarde|Thousand Arrows|p1a: Scrafty
|-crit|p1a: Scrafty
|-damage|p1a: Scrafty|52/100
|
|upkeep
|turn|8
|inactive|RXG1 Elfu has 120 seconds left.
|c| FestiveSkSkSk|crit only did 42 lmao
|inactive|RXG1 Elfu has 90 seconds left.
|
|t:|1615419946
|move|p2a: Zygarde|Dragon Dance|p2a: Zygarde
|-boost|p2a: Zygarde|atk|1
|-boost|p2a: Zygarde|spe|1
|move|p1a: Scrafty|Drain Punch|p2a: Zygarde
|-damage|p2a: Zygarde|57/100
|-heal|p1a: Scrafty|69/100|[from] drain|[of] p2a: Zygarde
|
|upkeep
|turn|9
|
|t:|1615419976
|move|p2a: Zygarde|Dragon Dance|p2a: Zygarde
|-boost|p2a: Zygarde|atk|1
|-boost|p2a: Zygarde|spe|1
|move|p1a: Scrafty|Toxic|p2a: Zygarde
|-status|p2a: Zygarde|tox
|
|-damage|p2a: Zygarde|51/100 tox|[from] psn
|upkeep
|turn|10
|
|t:|1615419995
|move|p2a: Zygarde|Superpower|p1a: Scrafty
|-supereffective|p1a: Scrafty
|-damage|p1a: Scrafty|0 fnt
|-unboost|p2a: Zygarde|atk|1
|-unboost|p2a: Zygarde|def|1
|-damage|p2a: Zygarde|35/100 tox|[from] item: Rocky Helmet|[of] p1a: Scrafty
|faint|p1a: Scrafty
|
|-damage|p2a: Zygarde|23/100 tox|[from] psn
|upkeep
|inactive|RUZ9 YW has 120 seconds left.
|
|t:|1615420005
|switch|p1a: Togekiss|Togekiss, M|57/100
|turn|11
|
|t:|1615420023
|move|p2a: Zygarde|Extreme Speed|p1a: Togekiss
|-damage|p1a: Togekiss|33/100
|move|p1a: Togekiss|Wish|p1a: Togekiss
|
|-damage|p2a: Zygarde|5/100 tox|[from] psn
|upkeep
|turn|12
|
|t:|1615420037
|switch|p1a: Escavalier|Escavalier, F|100/100
|-damage|p1a: Escavalier|88/100|[from] Stealth Rock
|move|p2a: Zygarde|Thousand Arrows|p1a: Escavalier
|-damage|p1a: Escavalier|50/100
|
|-heal|p1a: Escavalier|100/100|[from] move: Wish|[wisher] Togekiss
|-damage|p2a: Zygarde|0 fnt|[from] psn
|faint|p2a: Zygarde
|upkeep
|inactive|RXG1 Elfu has 60 seconds left.
|
|t:|1615420055
|switch|p2a: Necrozma|Necrozma|100/100
|-damage|p2a: Necrozma|88/100|[from] Stealth Rock
|turn|13
|
|t:|1615420060
|move|p2a: Necrozma|Heat Wave|p1a: Escavalier
|-supereffective|p1a: Escavalier
|-damage|p1a: Escavalier|4/100
|-status|p1a: Escavalier|brn
|move|p1a: Escavalier|Megahorn|p2a: Necrozma
|-supereffective|p2a: Necrozma
|-damage|p2a: Necrozma|57/100
|-enditem|p2a: Necrozma|Weakness Policy
|-boost|p2a: Necrozma|atk|2|[from] item: Weakness Policy
|-boost|p2a: Necrozma|spa|2|[from] item: Weakness Policy
|
|-heal|p1a: Escavalier|10/100 brn|[from] item: Leftovers
|-damage|p1a: Escavalier|4/100 brn|[from] brn
|upkeep
|turn|14
|
|t:|1615420071
|move|p2a: Necrozma|Moonlight|p2a: Necrozma
|-heal|p2a: Necrozma|100/100
|move|p1a: Escavalier|Megahorn|p2a: Necrozma
|-supereffective|p2a: Necrozma
|-damage|p2a: Necrozma|68/100
|
|-heal|p1a: Escavalier|10/100 brn|[from] item: Leftovers
|-damage|p1a: Escavalier|4/100 brn|[from] brn
|upkeep
|turn|15
|
|t:|1615420080
|move|p2a: Necrozma|Photon Geyser|p1a: Escavalier
|-resisted|p1a: Escavalier
|-damage|p1a: Escavalier|0 fnt
|faint|p1a: Escavalier
|
|upkeep
|
|t:|1615420100
|switch|p1a: Darmanitan|Darmanitan, M|83/100
|-damage|p1a: Darmanitan|58/100|[from] Stealth Rock
|turn|16
|inactive|RXG1 Elfu has 90 seconds left.
|
|t:|1615420108
|move|p1a: Darmanitan|Flare Blitz|p2a: Necrozma
|-damage|p2a: Necrozma|0 fnt
|-damage|p1a: Darmanitan|35/100|[from] Recoil
|faint|p2a: Necrozma
|
|upkeep
|inactive|RXG1 Elfu has 90 seconds left.
|
|t:|1615420114
|switch|p2a: Marowak|Marowak-Alola, M|100/100
|-damage|p2a: Marowak|76/100|[from] Stealth Rock
|turn|17
|
|t:|1615420122
|switch|p1a: Magnezone|Magnezone|100/100
|-damage|p1a: Magnezone|94/100|[from] Stealth Rock
|move|p2a: Marowak|Poltergeist|p1a: Magnezone
|-activate|p1a: Magnezone|move: Poltergeist|Choice Specs
|-damage|p1a: Magnezone|14/100
|
|upkeep
|turn|18
|j| 28mjfountaine
|c| 28mjfountaine|hi
|inactive|RXG1 Elfu has 90 seconds left.
|c|☆RUZ9 YW|hello
|j|@CryoGyro
|
|t:|1615420158
|move|p1a: Magnezone|Flash Cannon|p2a: Marowak
|-resisted|p2a: Marowak
|-damage|p2a: Marowak|36/100
|move|p2a: Marowak|Poltergeist|p1a: Magnezone
|-activate|p1a: Magnezone|move: Poltergeist|Choice Specs
|-damage|p1a: Magnezone|0 fnt
|faint|p1a: Magnezone
|
|upkeep
|
|t:|1615420163
|switch|p1a: Seismitoad|Seismitoad, F|100/100
|-damage|p1a: Seismitoad|94/100|[from] Stealth Rock
|turn|19
|l| 28mjfountaine
|
|t:|1615420191
|move|p1a: Seismitoad|Earth Power|p2a: Marowak
|-supereffective|p2a: Marowak
|-damage|p2a: Marowak|0 fnt
|faint|p2a: Marowak
|
|-heal|p1a: Seismitoad|100/100|[from] item: Leftovers
|upkeep
|
|t:|1615420194
|switch|p2a: Zarude|Zarude|82/100 tox
|-damage|p2a: Zarude|70/100 tox|[from] Stealth Rock
|turn|20
|
|t:|1615420208
|move|p2a: Zarude|Power Whip|p1a: Seismitoad
|-supereffective|p1a: Seismitoad
|-damage|p1a: Seismitoad|0 fnt
|faint|p1a: Seismitoad
|
|-damage|p2a: Zarude|64/100 tox|[from] psn
|upkeep
|
|t:|1615420211
|switch|p1a: Togekiss|Togekiss, M|33/100
|turn|21
|
|t:|1615420239
|switch|p2a: Cobalion|Cobalion|100/100
|-damage|p2a: Cobalion|97/100|[from] Stealth Rock
|move|p1a: Togekiss|Air Slash|p2a: Cobalion
|-damage|p2a: Cobalion|54/100
|
|-heal|p2a: Cobalion|61/100|[from] item: Leftovers
|upkeep
|turn|22
|
|t:|1615420249
|move|p1a: Togekiss|Thunder Wave|p2a: Cobalion
|-status|p2a: Cobalion|par
|move|p2a: Cobalion|Iron Head|p1a: Togekiss
|-supereffective|p1a: Togekiss
|-damage|p1a: Togekiss|0 fnt
|faint|p1a: Togekiss
|
|-heal|p2a: Cobalion|67/100 par|[from] item: Leftovers
|upkeep
|
|t:|1615420256
|switch|p1a: Darmanitan|Darmanitan, M|35/100
|-damage|p1a: Darmanitan|10/100|[from] Stealth Rock
|turn|23
|inactive|RXG1 Elfu has 60 seconds left.
|
|t:|1615420297
|move|p1a: Darmanitan|Fire Punch|p2a: Cobalion
|-supereffective|p2a: Cobalion
|-damage|p2a: Cobalion|0 fnt
|faint|p2a: Cobalion
|
|upkeep
|
|t:|1615420300
|switch|p2a: Zarude|Zarude|64/100 tox
|-damage|p2a: Zarude|52/100 tox|[from] Stealth Rock
|turn|24
|
|t:|1615420305
|move|p2a: Zarude|Darkest Lariat|p1a: Darmanitan
|-damage|p1a: Darmanitan|0 fnt
|faint|p1a: Darmanitan
|
|win|RXG1 Elfu
|n|☆RUZ9 YW|ruz9yw
|n|☆RXG1 Elfu|rxg1elfu
|n| FestiveSkSkSk|festivesksksk
|n| Oathkeepre|oathkeepre
|n|+MrAldo|mraldo
|n| BigConns|bigconns
|n| CryoGyro|cryogyro
