|j|☆brettlv2
|j|☆thievul is good
|player|p1|brettlv2|265|1242
|player|p2|thievul is good|lucas|1297
|teamsize|p1|6
|teamsize|p2|6
|gametype|singles
|gen|8
|tier|[Gen 8] RU
|rated|
|clearpoke
|poke|p1|Xatu, M|
|poke|p1|Gastrodon, M|
|poke|p1|Galvantula, M|
|poke|p1|Hitmontop, M|
|poke|p1|Dusclops, F|
|poke|p1|Rillaboom, M|
|poke|p2|Thievul, M|
|poke|p2|Indeedee-F, F|
|poke|p2|Gigalith, F|
|poke|p2|Silvally-*|
|poke|p2|Gurdurr, M|
|poke|p2|Whimsicott, F|
|rule|Sleep Clause Mod: Limit one foe put to sleep
|rule|Species Clause: Limit one of each Pokémon
|rule|OHKO Clause: OHKO moves are banned
|rule|Evasion Moves Clause: Evasion moves are banned
|rule|Endless Battle Clause: Forcing endless battles is banned
|rule|HP Percentage Mod: HP is shown in percentages
|rule|Dynamax Clause: You cannot dynamax
|teampreview
|
|start
|switch|p1a: Rillaboom|Rillaboom, M|100/100
|switch|p2a: Whimsicott|Whimsicott, F|100/100
|turn|1
|
|move|p1a: Rillaboom|U-turn|p2a: Whimsicott
|-damage|p2a: Whimsicott|62/100
|
|switch|p1a: Dusclops|Dusclops, F|100/100|[from]move: U-turn
|-ability|p1a: Dusclops|Pressure
|move|p2a: Whimsicott|U-turn|p1a: Dusclops
|-resisted|p1a: Dusclops
|-damage|p1a: Dusclops|98/100
|
|switch|p2a: Gigalith|Gigalith, F|100/100|[from]move: U-turn
|-weather|Sandstorm|[from] ability: Sand Stream|[of] p2a: Gigalith
|
|-weather|Sandstorm|[upkeep]
|-damage|p1a: Dusclops|92/100|[from] Sandstorm
|upkeep
|turn|2
|
|switch|p2a: Whimsicott|Whimsicott, F|62/100
|switch|p1a: Xatu|Xatu, M|100/100
|
|-weather|Sandstorm|[upkeep]
|-damage|p2a: Whimsicott|56/100|[from] Sandstorm
|-damage|p1a: Xatu|95/100|[from] Sandstorm
|-heal|p1a: Xatu|100/100|[from] item: Leftovers
|upkeep
|turn|3
|
|move|p2a: Whimsicott|U-turn|p1a: Xatu
|-damage|p1a: Xatu|83/100
|
|switch|p2a: Silvally|Silvally-Ghost|100/100|[from]move: U-turn
|move|p1a: Xatu|Heat Wave|p2a: Silvally
|-damage|p2a: Silvally|74/100
|
|-weather|Sandstorm|[upkeep]
|-damage|p1a: Xatu|77/100|[from] Sandstorm
|-damage|p2a: Silvally|68/100|[from] Sandstorm
|-heal|p1a: Xatu|83/100|[from] item: Leftovers
|upkeep
|turn|4
|
|switch|p1a: Gastrodon|Gastrodon, M|100/100
|move|p2a: Silvally|Multi-Attack|p1a: Gastrodon
|-damage|p1a: Gastrodon|62/100
|
|-weather|Sandstorm|[upkeep]
|-damage|p2a: Silvally|62/100|[from] Sandstorm
|-heal|p1a: Gastrodon|69/100|[from] item: Leftovers
|upkeep
|turn|5
|
|move|p2a: Silvally|U-turn|p1a: Gastrodon
|-damage|p1a: Gastrodon|54/100
|
|switch|p2a: Whimsicott|Whimsicott, F|56/100|[from]move: U-turn
|move|p1a: Gastrodon|Recover|p1a: Gastrodon
|-heal|p1a: Gastrodon|100/100
|
|-weather|none
|upkeep
|turn|6
|
|switch|p1a: Xatu|Xatu, M|83/100
|move|p2a: Whimsicott|Giga Drain|p1a: Xatu
|-resisted|p1a: Xatu
|-damage|p1a: Xatu|61/100
|-heal|p2a: Whimsicott|67/100|[from] drain|[of] p1a: Xatu
|
|-heal|p1a: Xatu|67/100|[from] item: Leftovers
|upkeep
|turn|7
|
|move|p2a: Whimsicott|Moonblast|p1a: Xatu
|-damage|p1a: Xatu|8/100
|move|p1a: Xatu|Calm Mind|p1a: Xatu
|-boost|p1a: Xatu|spa|1
|-boost|p1a: Xatu|spd|1
|
|-heal|p1a: Xatu|14/100|[from] item: Leftovers
|upkeep
|turn|8
|
|switch|p1a: Dusclops|Dusclops, F|92/100
|-ability|p1a: Dusclops|Pressure
|move|p2a: Whimsicott|Moonblast|p1a: Dusclops
|-damage|p1a: Dusclops|73/100
|
|upkeep
|turn|9
|
|move|p2a: Whimsicott|Giga Drain|p1a: Dusclops
|-damage|p1a: Dusclops|56/100
|-heal|p2a: Whimsicott|76/100|[from] drain|[of] p1a: Dusclops
|move|p1a: Dusclops|Will-O-Wisp|p2a: Whimsicott
|-status|p2a: Whimsicott|brn
|
|-damage|p2a: Whimsicott|70/100 brn|[from] brn
|upkeep
|turn|10
|
|move|p2a: Whimsicott|Encore|p1a: Dusclops
|-start|p1a: Dusclops|Encore
|move|p1a: Dusclops|Will-O-Wisp|p2a: Whimsicott
|-fail|p2a: Whimsicott|brn
|
|-damage|p2a: Whimsicott|64/100 brn|[from] brn
|upkeep
|turn|11
|
|move|p2a: Whimsicott|Giga Drain|p1a: Dusclops
|-damage|p1a: Dusclops|42/100
|-heal|p2a: Whimsicott|72/100 brn|[from] drain|[of] p1a: Dusclops
|move|p1a: Dusclops|Will-O-Wisp|p2a: Whimsicott
|-fail|p2a: Whimsicott|brn
|
|-damage|p2a: Whimsicott|66/100 brn|[from] brn
|upkeep
|turn|12
|
|switch|p1a: Rillaboom|Rillaboom, M|100/100
|move|p2a: Whimsicott|Giga Drain|p1a: Rillaboom
|-resisted|p1a: Rillaboom
|-damage|p1a: Rillaboom|83/100
|-heal|p2a: Whimsicott|77/100 brn|[from] drain|[of] p1a: Rillaboom
|
|-damage|p2a: Whimsicott|71/100 brn|[from] brn
|upkeep
|turn|13
|
|switch|p2a: Gigalith|Gigalith, F|100/100
|-weather|Sandstorm|[from] ability: Sand Stream|[of] p2a: Gigalith
|move|p1a: Rillaboom|U-turn|p2a: Gigalith
|-damage|p2a: Gigalith|84/100
|j|+Feliburn
|
|switch|p1a: Xatu|Xatu, M|14/100|[from]move: U-turn
|
|-weather|Sandstorm|[upkeep]
|-damage|p1a: Xatu|8/100|[from] Sandstorm
|-heal|p1a: Xatu|14/100|[from] item: Leftovers
|-heal|p2a: Gigalith|90/100|[from] item: Leftovers
|upkeep
|turn|14
|
|move|p1a: Xatu|Roost|p1a: Xatu
|-heal|p1a: Xatu|64/100
|-singleturn|p1a: Xatu|move: Roost
|move|p2a: Gigalith|Earthquake|p1a: Xatu
|-damage|p1a: Xatu|5/100
|
|-weather|Sandstorm|[upkeep]
|-damage|p1a: Xatu|0 fnt|[from] Sandstorm
|faint|p1a: Xatu
|-heal|p2a: Gigalith|96/100|[from] item: Leftovers
|upkeep
|
|switch|p1a: Gastrodon|Gastrodon, M|100/100
|turn|15
|
|switch|p2a: Whimsicott|Whimsicott, F|71/100 brn
|move|p1a: Gastrodon|Scald|p2a: Whimsicott
|-resisted|p2a: Whimsicott
|-damage|p2a: Whimsicott|49/100 brn
|
|-weather|Sandstorm|[upkeep]
|-damage|p2a: Whimsicott|43/100 brn|[from] Sandstorm
|-damage|p2a: Whimsicott|37/100 brn|[from] brn
|upkeep
|turn|16
|
|switch|p1a: Rillaboom|Rillaboom, M|83/100
|move|p2a: Whimsicott|U-turn|p1a: Rillaboom
|-supereffective|p1a: Rillaboom
|-damage|p1a: Rillaboom|71/100
|
|switch|p2a: Indeedee|Indeedee-F, F|100/100|[from]move: U-turn
|-fieldstart|move: Psychic Terrain|[from] ability: Psychic Surge|[of] p2a: Indeedee
|
|-weather|Sandstorm|[upkeep]
|-damage|p1a: Rillaboom|64/100|[from] Sandstorm
|-damage|p2a: Indeedee|94/100|[from] Sandstorm
|upkeep
|turn|17
|
|switch|p2a: Gurdurr|Gurdurr, M|100/100
|move|p1a: Rillaboom|Darkest Lariat|p2a: Gurdurr
|-resisted|p2a: Gurdurr
|-damage|p2a: Gurdurr|93/100
|
|-weather|none
|upkeep
|turn|18
|
|switch|p1a: Hitmontop|Hitmontop, M|100/100
|-ability|p1a: Hitmontop|Intimidate|boost
|-unboost|p2a: Gurdurr|atk|1
|move|p2a: Gurdurr|Stone Edge|p1a: Hitmontop
|-resisted|p1a: Hitmontop
|-damage|p1a: Hitmontop|90/100
|
|upkeep
|turn|19
|
|switch|p2a: Gigalith|Gigalith, F|96/100
|-weather|Sandstorm|[from] ability: Sand Stream|[of] p2a: Gigalith
|move|p1a: Hitmontop|Earthquake|p2a: Gigalith
|-supereffective|p2a: Gigalith
|-damage|p2a: Gigalith|53/100
|
|-weather|Sandstorm|[upkeep]
|-damage|p1a: Hitmontop|84/100|[from] Sandstorm
|-heal|p2a: Gigalith|59/100|[from] item: Leftovers
|upkeep
|turn|20
|
|switch|p2a: Silvally|Silvally-Ghost|62/100
|move|p1a: Hitmontop|Earthquake|p2a: Silvally
|-damage|p2a: Silvally|27/100
|
|-weather|Sandstorm|[upkeep]
|-damage|p2a: Silvally|21/100|[from] Sandstorm
|-damage|p1a: Hitmontop|78/100|[from] Sandstorm
|-fieldend|move: Psychic Terrain
|upkeep
|turn|21
|
|move|p2a: Silvally|U-turn|p1a: Hitmontop
|-resisted|p1a: Hitmontop
|-damage|p1a: Hitmontop|67/100
|
|switch|p2a: Indeedee|Indeedee-F, F|94/100|[from]move: U-turn
|-fieldstart|move: Psychic Terrain|[from] ability: Psychic Surge|[of] p2a: Indeedee
|move|p1a: Hitmontop|Earthquake|p2a: Indeedee
|-damage|p2a: Indeedee|39/100
|
|-weather|Sandstorm|[upkeep]
|-damage|p2a: Indeedee|33/100|[from] Sandstorm
|-damage|p1a: Hitmontop|61/100|[from] Sandstorm
|upkeep
|turn|22
|
|move|p1a: Hitmontop|Bullet Punch|p2a: Indeedee
|-activate|p2a: Indeedee|move: Psychic Terrain
|move|p2a: Indeedee|Psychic|p1a: Hitmontop
|-supereffective|p1a: Hitmontop
|-damage|p1a: Hitmontop|0 fnt
|faint|p1a: Hitmontop
|
|-weather|Sandstorm|[upkeep]
|-damage|p2a: Indeedee|27/100|[from] Sandstorm
|upkeep
|
|switch|p1a: Rillaboom|Rillaboom, M|64/100
|turn|23
|
|switch|p2a: Gurdurr|Gurdurr, M|93/100
|move|p1a: Rillaboom|U-turn|p2a: Gurdurr
|-resisted|p2a: Gurdurr
|-damage|p2a: Gurdurr|86/100
|
|switch|p1a: Galvantula|Galvantula, M|100/100|[from]move: U-turn
|
|-weather|none
|upkeep
|turn|24
|
|move|p1a: Galvantula|Sticky Web|p2a: Gurdurr
|-sidestart|p2: thievul is good|move: Sticky Web
|move|p2a: Gurdurr|Drain Punch|p1a: Galvantula
|-resisted|p1a: Galvantula
|-damage|p1a: Galvantula|75/100
|-heal|p2a: Gurdurr|96/100|[from] drain|[of] p1a: Galvantula
|
|upkeep
|turn|25
|
|move|p1a: Galvantula|Thunder|p2a: Gurdurr
|-damage|p2a: Gurdurr|51/100
|move|p2a: Gurdurr|Defog|p1a: Galvantula
|-unboost|p1a: Galvantula|evasion|1
|-sideend|p2: thievul is good|Sticky Web|[from] move: Defog|[of] p2a: Gurdurr
|-fieldend|move: Psychic Terrain
|
|upkeep
|turn|26
|
|move|p1a: Galvantula|Thunder|p2a: Gurdurr
|-crit|p2a: Gurdurr
|-damage|p2a: Gurdurr|0 fnt
|faint|p2a: Gurdurr
|
|upkeep
|
|switch|p2a: Indeedee|Indeedee-F, F|27/100
|-fieldstart|move: Psychic Terrain|[from] ability: Psychic Surge|[of] p2a: Indeedee
|turn|27
|
|move|p2a: Indeedee|Mystical Fire|p1a: Galvantula
|-supereffective|p1a: Galvantula
|-damage|p1a: Galvantula|0 fnt
|faint|p1a: Galvantula
|
|upkeep
|
|switch|p1a: Rillaboom|Rillaboom, M|64/100
|turn|28
|
|move|p2a: Indeedee|Mystical Fire|p1a: Rillaboom
|-supereffective|p1a: Rillaboom
|-damage|p1a: Rillaboom|11/100
|-unboost|p1a: Rillaboom|spa|1
|move|p1a: Rillaboom|U-turn|p2a: Indeedee
|-supereffective|p2a: Indeedee
|-damage|p2a: Indeedee|0 fnt
|faint|p2a: Indeedee
|
|switch|p1a: Gastrodon|Gastrodon, M|100/100|[from]move: U-turn
|
|upkeep
|
|switch|p2a: Thievul|Thievul, M|100/100
|-enditem|p2a: Thievul|Psychic Seed
|-boost|p2a: Thievul|spd|1|[from] item: Psychic Seed
|turn|29
|
|move|p2a: Thievul|Nasty Plot|p2a: Thievul
|-boost|p2a: Thievul|spa|2
|move|p1a: Gastrodon|Clear Smog|p2a: Thievul
|-damage|p2a: Thievul|92/100
|-clearboost|p2a: Thievul
|
|upkeep
|turn|30
|
|move|p2a: Thievul|Grass Knot|p1a: Gastrodon
|-supereffective|p1a: Gastrodon
|-damage|p1a: Gastrodon|37/100
|move|p1a: Gastrodon|Clear Smog|p2a: Thievul
|-damage|p2a: Thievul|79/100
|-clearboost|p2a: Thievul
|
|-heal|p1a: Gastrodon|43/100|[from] item: Leftovers
|upkeep
|turn|31
|j|‽Ramolost
|
|switch|p1a: Dusclops|Dusclops, F|42/100
|-ability|p1a: Dusclops|Pressure
|move|p2a: Thievul|Grass Knot|p1a: Dusclops
|-damage|p1a: Dusclops|32/100
|
|-fieldend|move: Psychic Terrain
|upkeep
|turn|32
|
|move|p2a: Thievul|Dark Pulse|p1a: Dusclops
|-supereffective|p1a: Dusclops
|-damage|p1a: Dusclops|0 fnt
|faint|p1a: Dusclops
|
|upkeep
|
|switch|p1a: Rillaboom|Rillaboom, M|11/100
|turn|33
|
|move|p2a: Thievul|Dark Pulse|p1a: Rillaboom
|-damage|p1a: Rillaboom|0 fnt
|faint|p1a: Rillaboom
|
|upkeep
|c|☆thievul is good|gg
|-message|brettlv2 forfeited.
|
|win|thievul is good
|l|☆brettlv2
|raw|brettlv2's rating: 1243 &rarr; <strong>1222</strong><br />(-21 for losing)
|raw|thievul is good's rating: 1297 &rarr; <strong>1318</strong><br />(+21 for winning)
