|j|☆purple mountains
|j|☆its not ok man
|t:|1598402385
|player|p1|purple mountains|teammagmagruntf-gen3|1499
|player|p2|its not ok man|burglar|1262
|teamsize|p1|6
|teamsize|p2|6
|gametype|singles
|gen|8
|tier|[Gen 8] RU
|rated|
|clearpoke
|poke|p1|Golurk|
|poke|p1|Rotom-Mow|
|poke|p1|Gardevoir, M|
|poke|p1|Copperajah, F|
|poke|p1|Golisopod, M|
|poke|p1|Drapion, F|
|poke|p2|Charizard, F|
|poke|p2|Vaporeon, F|
|poke|p2|Gardevoir, M|
|poke|p2|Virizion|
|poke|p2|Golurk|
|poke|p2|Drapion, M|
|rule|Sleep Clause Mod: Limit one foe put to sleep
|rule|Species Clause: Limit one of each Pokémon
|rule|OHKO Clause: OHKO moves are banned
|rule|Evasion Moves Clause: Evasion moves are banned
|rule|Endless Battle Clause: Forcing endless battles is banned
|rule|HP Percentage Mod: HP is shown in percentages
|rule|Dynamax Clause: You cannot dynamax
|teampreview
|
|t:|1598402403
|start
|switch|p1a: Drapion|Drapion, F|100/100
|switch|p2a: Drapion|Drapion, M|100/100
|turn|1
|
|t:|1598402409
|move|p1a: Drapion|Earthquake|p2a: Drapion
|-supereffective|p2a: Drapion
|-damage|p2a: Drapion|38/100
|move|p2a: Drapion|Swords Dance|p2a: Drapion
|-boost|p2a: Drapion|atk|2
|
|-heal|p2a: Drapion|44/100|[from] item: Black Sludge
|upkeep
|turn|2
|
|t:|1598402422
|switch|p2a: Charizard|Charizard, F|100/100
|move|p1a: Drapion|Toxic Spikes|p2a: Charizard
|-sidestart|p2: its not ok man|move: Toxic Spikes
|
|upkeep
|turn|3
|
|t:|1598402428
|move|p2a: Charizard|Fire Blast|p1a: Drapion|[miss]
|-miss|p2a: Charizard|p1a: Drapion
|move|p1a: Drapion|Knock Off|p2a: Charizard
|-damage|p2a: Charizard|32/100
|-enditem|p2a: Charizard|Heavy-Duty Boots|[from] move: Knock Off|[of] p1a: Drapion
|
|upkeep
|turn|4
|
|t:|1598402440
|switch|p1a: Golisopod|Golisopod, M|100/100
|move|p2a: Charizard|Fire Blast|p1a: Golisopod
|-damage|p1a: Golisopod|11/100
|-activate|p1a: Golisopod|ability: Emergency Exit
|
|t:|1598402446
|switch|p1a: Gardevoir|Gardevoir, M|100/100
|-ability|p1a: Gardevoir|Blaze|[from] ability: Trace|[of] p2a: Charizard
|
|upkeep
|turn|5
|
|t:|1598402456
|switch|p2a: Vaporeon|Vaporeon, F|100/100
|-status|p2a: Vaporeon|psn
|move|p1a: Gardevoir|Moonblast|p2a: Vaporeon
|-damage|p2a: Vaporeon|66/100 psn
|-unboost|p2a: Vaporeon|spa|1
|
|-heal|p2a: Vaporeon|72/100 psn|[from] item: Leftovers
|-damage|p2a: Vaporeon|60/100 psn|[from] psn
|upkeep
|turn|6
|
|t:|1598402463
|switch|p1a: Rotom|Rotom-Mow|100/100
|move|p2a: Vaporeon|Wish|p2a: Vaporeon
|
|-heal|p2a: Vaporeon|66/100 psn|[from] item: Leftovers
|-damage|p2a: Vaporeon|54/100 psn|[from] psn
|upkeep
|turn|7
|
|t:|1598402468
|move|p2a: Vaporeon|Protect|p2a: Vaporeon
|-singleturn|p2a: Vaporeon|Protect
|move|p1a: Rotom|Volt Switch|p2a: Vaporeon
|-activate|p2a: Vaporeon|move: Protect
|
|-heal|p2a: Vaporeon|100/100 psn|[from] move: Wish|[wisher] Vaporeon
|-damage|p2a: Vaporeon|88/100 psn|[from] psn
|upkeep
|turn|8
|
|t:|1598402474
|switch|p2a: Virizion|Virizion|100/100
|-status|p2a: Virizion|psn
|move|p1a: Rotom|Volt Switch|p2a: Virizion
|-resisted|p2a: Virizion
|-damage|p2a: Virizion|88/100 psn
|
|t:|1598402482
|switch|p1a: Gardevoir|Gardevoir, M|100/100|[from]move: Volt Switch
|-ability|p1a: Gardevoir|Justified|[from] ability: Trace|[of] p2a: Virizion
|
|-damage|p2a: Virizion|76/100 psn|[from] psn
|upkeep
|turn|9
|
|t:|1598402490
|switch|p2a: Drapion|Drapion, M|44/100
|-sideend|p2: its not ok man|move: Toxic Spikes|[of] p2a: Drapion
|move|p1a: Gardevoir|Moonblast|p2a: Drapion
|-damage|p2a: Drapion|0 fnt
|faint|p2a: Drapion
|
|upkeep
|
|t:|1598402498
|switch|p2a: Gardevoir|Gardevoir, M|100/100
|-ability|p2a: Gardevoir|Justified|[from] ability: Trace|[of] p1a: Gardevoir
|turn|10
|
|t:|1598402506
|move|p2a: Gardevoir|Mystical Fire|p1a: Gardevoir
|-damage|p1a: Gardevoir|73/100
|-unboost|p1a: Gardevoir|spa|1
|move|p1a: Gardevoir|Moonblast|p2a: Gardevoir
|-damage|p2a: Gardevoir|63/100
|
|upkeep
|turn|11
|
|t:|1598402520
|switch|p2a: Charizard|Charizard, F|32/100
|move|p1a: Gardevoir|Moonblast|p2a: Charizard
|-resisted|p2a: Charizard
|-damage|p2a: Charizard|10/100
|-unboost|p2a: Charizard|spa|1
|
|upkeep
|turn|12
|
|t:|1598402526
|move|p1a: Gardevoir|Moonblast|p2a: Charizard
|-resisted|p2a: Charizard
|-damage|p2a: Charizard|0 fnt
|faint|p2a: Charizard
|
|upkeep
|-message|its not ok man forfeited.
|
|win|purple mountains
|l|☆its not ok man
|raw|purple mountains's rating: 1500 &rarr; <strong>1508</strong><br />(+8 for winning)
|raw|its not ok man's rating: 1263 &rarr; <strong>1253</strong><br />(-10 for losing)
