|j|☆Breachingtrout
|j|☆wave emoji
|t:|1609058962
|player|p1|Breachingtrout|madame|1662
|player|p2|wave emoji|tuber|1339
|teamsize|p1|6
|teamsize|p2|6
|gametype|singles
|gen|8
|tier|[Gen 8] RU
|rated|
|clearpoke
|poke|p1|Umbreon, M|
|poke|p1|Steelix, M|
|poke|p1|Togekiss, M|
|poke|p1|Raikou|
|poke|p1|Darmanitan, F|
|poke|p1|Celebi|
|poke|p2|Milotic, M|
|poke|p2|Xurkitree|
|poke|p2|Registeel|
|poke|p2|Umbreon, M|
|poke|p2|Zygarde-10%|
|poke|p2|Dhelmise|
|rule|Sleep Clause Mod: Limit one foe put to sleep
|rule|Species Clause: Limit one of each Pokémon
|rule|OHKO Clause: OHKO moves are banned
|rule|Evasion Moves Clause: Evasion moves are banned
|rule|Endless Battle Clause: Forcing endless battles is banned
|rule|HP Percentage Mod: HP is shown in percentages
|rule|Dynamax Clause: You cannot dynamax
|teampreview
|inactive|Battle timer is ON: inactive players will automatically lose when time's up. (requested by Breachingtrout)
|
|t:|1609058979
|start
|switch|p1a: Steelix|Steelix, M|100/100
|switch|p2a: Dhelmise|Dhelmise|100/100
|turn|1
|
|t:|1609058982
|move|p2a: Dhelmise|Knock Off|p1a: Steelix
|-damage|p1a: Steelix|88/100
|-damage|p2a: Dhelmise|84/100|[from] item: Rocky Helmet|[of] p1a: Steelix
|-enditem|p1a: Steelix|Rocky Helmet|[from] move: Knock Off|[of] p2a: Dhelmise
|move|p1a: Steelix|Toxic|p2a: Dhelmise
|-status|p2a: Dhelmise|tox
|
|-heal|p2a: Dhelmise|90/100 tox|[from] item: Leftovers
|-damage|p2a: Dhelmise|84/100 tox|[from] psn
|upkeep
|turn|2
|
|t:|1609058988
|move|p2a: Dhelmise|Power Whip|p1a: Steelix
|-damage|p1a: Steelix|63/100
|move|p1a: Steelix|Stealth Rock|p2a: Dhelmise
|-sidestart|p2: wave emoji|move: Stealth Rock
|
|-heal|p2a: Dhelmise|90/100 tox|[from] item: Leftovers
|-damage|p2a: Dhelmise|78/100 tox|[from] psn
|upkeep
|turn|3
|
|t:|1609058995
|switch|p2a: Milotic|Milotic, M|100/100
|-damage|p2a: Milotic|88/100|[from] Stealth Rock
|move|p1a: Steelix|Earthquake|p2a: Milotic
|-damage|p2a: Milotic|63/100
|
|-heal|p2a: Milotic|69/100|[from] item: Leftovers
|upkeep
|turn|4
|
|t:|1609059003
|switch|p1a: Celebi|Celebi|100/100
|move|p2a: Milotic|Flip Turn|p1a: Celebi
|-resisted|p1a: Celebi
|-crit|p1a: Celebi
|-damage|p1a: Celebi|94/100
|
|t:|1609059011
|switch|p2a: Registeel|Registeel|100/100|[from]move: Flip Turn
|-damage|p2a: Registeel|94/100|[from] Stealth Rock
|
|-heal|p1a: Celebi|99/100|[from] item: Leftovers
|-heal|p2a: Registeel|100/100|[from] item: Leftovers
|upkeep
|turn|5
|
|t:|1609059014
|move|p1a: Celebi|Nasty Plot|p1a: Celebi
|-boost|p1a: Celebi|spa|2
|move|p2a: Registeel|Stealth Rock|p1a: Celebi
|-sidestart|p1: Breachingtrout|move: Stealth Rock
|
|-heal|p1a: Celebi|100/100|[from] item: Leftovers
|upkeep
|turn|6
|
|t:|1609059017
|move|p1a: Celebi|Nasty Plot|p1a: Celebi
|-boost|p1a: Celebi|spa|2
|move|p2a: Registeel|Toxic|p1a: Celebi
|-status|p1a: Celebi|tox
|
|-damage|p1a: Celebi|94/100 tox|[from] psn
|upkeep
|turn|7
|
|t:|1609059022
|move|p2a: Registeel|Protect|p2a: Registeel
|-singleturn|p2a: Registeel|Protect
|move|p1a: Celebi|Future Sight|p2a: Registeel
|-start|p1a: Celebi|move: Future Sight
|
|-heal|p1a: Celebi|100/100 tox|[from] item: Leftovers
|-damage|p1a: Celebi|88/100 tox|[from] psn
|upkeep
|turn|8
|
|t:|1609059025
|move|p1a: Celebi|Aura Sphere|p2a: Registeel
|-supereffective|p2a: Registeel
|-damage|p2a: Registeel|42/100
|move|p2a: Registeel|Seismic Toss|p1a: Celebi
|-damage|p1a: Celebi|63/100 tox
|
|-heal|p1a: Celebi|70/100 tox|[from] item: Leftovers
|-heal|p2a: Registeel|48/100|[from] item: Leftovers
|-damage|p1a: Celebi|51/100 tox|[from] psn
|upkeep
|turn|9
|
|t:|1609059031
|move|p1a: Celebi|Recover|p1a: Celebi
|-heal|p1a: Celebi|100/100 tox
|move|p2a: Registeel|Seismic Toss|p1a: Celebi
|-damage|p1a: Celebi|76/100 tox
|
|-end|p2a: Registeel|move: Future Sight
|-resisted|p2a: Registeel
|-damage|p2a: Registeel|14/100
|-heal|p1a: Celebi|82/100 tox|[from] item: Leftovers
|-heal|p2a: Registeel|20/100|[from] item: Leftovers
|-damage|p1a: Celebi|57/100 tox|[from] psn
|upkeep
|turn|10
|
|t:|1609059041
|move|p2a: Registeel|Protect|p2a: Registeel
|-singleturn|p2a: Registeel|Protect
|move|p1a: Celebi|Aura Sphere|p2a: Registeel
|-activate|p2a: Registeel|move: Protect
|
|-heal|p1a: Celebi|63/100 tox|[from] item: Leftovers
|-heal|p2a: Registeel|26/100|[from] item: Leftovers
|-damage|p1a: Celebi|32/100 tox|[from] psn
|upkeep
|turn|11
|
|t:|1609059045
|move|p1a: Celebi|Recover|p1a: Celebi
|-heal|p1a: Celebi|82/100 tox
|move|p2a: Registeel|Seismic Toss|p1a: Celebi
|-damage|p1a: Celebi|58/100 tox
|
|-heal|p1a: Celebi|64/100 tox|[from] item: Leftovers
|-heal|p2a: Registeel|32/100|[from] item: Leftovers
|-damage|p1a: Celebi|27/100 tox|[from] psn
|upkeep
|turn|12
|
|t:|1609059048
|switch|p1a: Umbreon|Umbreon, M|100/100
|-damage|p1a: Umbreon|88/100|[from] Stealth Rock
|move|p2a: Registeel|Seismic Toss|p1a: Umbreon
|-damage|p1a: Umbreon|63/100
|
|-heal|p1a: Umbreon|69/100|[from] item: Leftovers
|-heal|p2a: Registeel|38/100|[from] item: Leftovers
|upkeep
|turn|13
|
|t:|1609059053
|switch|p2a: Umbreon|Umbreon, M|100/100
|-damage|p2a: Umbreon|88/100|[from] Stealth Rock
|move|p1a: Umbreon|Wish|p1a: Umbreon
|
|-heal|p1a: Umbreon|75/100|[from] item: Leftovers
|-heal|p2a: Umbreon|94/100|[from] item: Leftovers
|upkeep
|turn|14
|
|t:|1609059057
|switch|p1a: Steelix|Steelix, M|63/100
|-damage|p1a: Steelix|60/100|[from] Stealth Rock
|move|p2a: Umbreon|Foul Play|p1a: Steelix
|-damage|p1a: Steelix|47/100
|
|-heal|p1a: Steelix|100/100|[from] move: Wish|[wisher] Umbreon
|-heal|p2a: Umbreon|99/100|[from] item: Leftovers
|upkeep
|turn|15
|
|t:|1609059060
|switch|p2a: Dhelmise|Dhelmise|78/100 tox
|-damage|p2a: Dhelmise|65/100 tox|[from] Stealth Rock
|move|p1a: Steelix|Body Press|p2a: Dhelmise
|-immune|p2a: Dhelmise
|
|-heal|p2a: Dhelmise|71/100 tox|[from] item: Leftovers
|-damage|p2a: Dhelmise|65/100 tox|[from] psn
|upkeep
|turn|16
|
|t:|1609059063
|move|p2a: Dhelmise|Rapid Spin|p1a: Steelix
|-resisted|p1a: Steelix
|-damage|p1a: Steelix|97/100
|-boost|p2a: Dhelmise|spe|1
|-sideend|p2: wave emoji|Stealth Rock|[from] move: Rapid Spin|[of] p2a: Dhelmise
|move|p1a: Steelix|Earthquake|p2a: Dhelmise
|-resisted|p2a: Dhelmise
|-damage|p2a: Dhelmise|53/100 tox
|
|-heal|p2a: Dhelmise|59/100 tox|[from] item: Leftovers
|-damage|p2a: Dhelmise|46/100 tox|[from] psn
|upkeep
|turn|17
|
|t:|1609059067
|move|p2a: Dhelmise|Synthesis|p2a: Dhelmise
|-heal|p2a: Dhelmise|96/100 tox
|move|p1a: Steelix|Stealth Rock|p2a: Dhelmise
|-sidestart|p2: wave emoji|move: Stealth Rock
|
|-heal|p2a: Dhelmise|100/100 tox|[from] item: Leftovers
|-damage|p2a: Dhelmise|82/100 tox|[from] psn
|upkeep
|turn|18
|
|t:|1609059071
|switch|p2a: Milotic|Milotic, M|69/100
|-damage|p2a: Milotic|57/100|[from] Stealth Rock
|move|p1a: Steelix|Earthquake|p2a: Milotic
|-damage|p2a: Milotic|34/100
|
|-heal|p2a: Milotic|40/100|[from] item: Leftovers
|upkeep
|turn|19
|
|t:|1609059075
|move|p2a: Milotic|Recover|p2a: Milotic
|-heal|p2a: Milotic|90/100
|move|p1a: Steelix|Toxic|p2a: Milotic
|-status|p2a: Milotic|tox
|
|-heal|p2a: Milotic|96/100 tox|[from] item: Leftovers
|-damage|p2a: Milotic|90/100 tox|[from] psn
|upkeep
|turn|20
|
|t:|1609059083
|move|p2a: Milotic|Flip Turn|p1a: Steelix
|-supereffective|p1a: Steelix
|-damage|p1a: Steelix|86/100
|
|t:|1609059087
|switch|p2a: Dhelmise|Dhelmise|82/100 tox|[from]move: Flip Turn
|-damage|p2a: Dhelmise|70/100 tox|[from] Stealth Rock
|move|p1a: Steelix|Body Press|p2a: Dhelmise
|-immune|p2a: Dhelmise
|
|-heal|p2a: Dhelmise|76/100 tox|[from] item: Leftovers
|-damage|p2a: Dhelmise|70/100 tox|[from] psn
|upkeep
|turn|21
|
|t:|1609059093
|move|p2a: Dhelmise|Power Whip|p1a: Steelix
|-damage|p1a: Steelix|61/100
|move|p1a: Steelix|Earthquake|p2a: Dhelmise
|-resisted|p2a: Dhelmise
|-damage|p2a: Dhelmise|56/100 tox
|
|-heal|p2a: Dhelmise|62/100 tox|[from] item: Leftovers
|-damage|p2a: Dhelmise|50/100 tox|[from] psn
|upkeep
|turn|22
|
|t:|1609059099
|move|p2a: Dhelmise|Synthesis|p2a: Dhelmise
|-heal|p2a: Dhelmise|99/100 tox
|move|p1a: Steelix|Earthquake|p2a: Dhelmise
|-resisted|p2a: Dhelmise
|-damage|p2a: Dhelmise|87/100 tox
|
|-heal|p2a: Dhelmise|93/100 tox|[from] item: Leftovers
|-damage|p2a: Dhelmise|75/100 tox|[from] psn
|upkeep
|turn|23
|
|t:|1609059105
|switch|p2a: Milotic|Milotic, M|90/100 tox
|-damage|p2a: Milotic|77/100 tox|[from] Stealth Rock
|move|p1a: Steelix|Earthquake|p2a: Milotic
|-damage|p2a: Milotic|60/100 tox
|
|-heal|p2a: Milotic|66/100 tox|[from] item: Leftovers
|-damage|p2a: Milotic|60/100 tox|[from] psn
|upkeep
|turn|24
|
|t:|1609059109
|switch|p1a: Raikou|Raikou|100/100
|-damage|p1a: Raikou|88/100|[from] Stealth Rock
|-ability|p1a: Raikou|Pressure
|move|p2a: Milotic|Flip Turn|p1a: Raikou
|-damage|p1a: Raikou|72/100
|
|t:|1609059113
|switch|p2a: Zygarde|Zygarde-10%|100/100|[from]move: Flip Turn
|-damage|p2a: Zygarde|94/100|[from] Stealth Rock
|-ability|p2a: Zygarde|Aura Break
|
|upkeep
|turn|25
|
|t:|1609059122
|move|p1a: Raikou|Scald|p2a: Zygarde
|-damage|p2a: Zygarde|36/100
|move|p2a: Zygarde|Thousand Arrows|p1a: Raikou
|-supereffective|p1a: Raikou
|-damage|p1a: Raikou|0 fnt
|faint|p1a: Raikou
|
|upkeep
|
|t:|1609059128
|switch|p1a: Darmanitan|Darmanitan, F|100/100
|-damage|p1a: Darmanitan|76/100|[from] Stealth Rock
|turn|26
|
|t:|1609059131
|switch|p2a: Milotic|Milotic, M|60/100 tox
|-damage|p2a: Milotic|48/100 tox|[from] Stealth Rock
|move|p1a: Darmanitan|Flare Blitz|p2a: Milotic
|-resisted|p2a: Milotic
|-damage|p2a: Milotic|28/100 tox
|-damage|p1a: Darmanitan|68/100|[from] Recoil
|
|-heal|p2a: Milotic|34/100 tox|[from] item: Leftovers
|-damage|p2a: Milotic|28/100 tox|[from] psn
|upkeep
|turn|27
|
|t:|1609059137
|switch|p1a: Celebi|Celebi|27/100
|-damage|p1a: Celebi|14/100|[from] Stealth Rock
|move|p2a: Milotic|Recover|p2a: Milotic
|-heal|p2a: Milotic|78/100 tox
|
|-heal|p1a: Celebi|21/100|[from] item: Leftovers
|-heal|p2a: Milotic|84/100 tox|[from] item: Leftovers
|-damage|p2a: Milotic|72/100 tox|[from] psn
|upkeep
|turn|28
|
|t:|1609059141
|move|p1a: Celebi|Recover|p1a: Celebi
|-heal|p1a: Celebi|71/100
|move|p2a: Milotic|Flip Turn|p1a: Celebi
|-resisted|p1a: Celebi
|-damage|p1a: Celebi|67/100
|
|t:|1609059151
|switch|p2a: Dhelmise|Dhelmise|75/100 tox|[from]move: Flip Turn
|-damage|p2a: Dhelmise|62/100 tox|[from] Stealth Rock
|
|-heal|p1a: Celebi|73/100|[from] item: Leftovers
|-heal|p2a: Dhelmise|68/100 tox|[from] item: Leftovers
|-damage|p2a: Dhelmise|62/100 tox|[from] psn
|upkeep
|turn|29
|
|t:|1609059158
|switch|p1a: Steelix|Steelix, M|61/100
|-damage|p1a: Steelix|58/100|[from] Stealth Rock
|move|p2a: Dhelmise|Knock Off|p1a: Steelix
|-damage|p1a: Steelix|49/100
|
|-heal|p2a: Dhelmise|68/100 tox|[from] item: Leftovers
|-damage|p2a: Dhelmise|56/100 tox|[from] psn
|upkeep
|turn|30
|
|t:|1609059161
|move|p2a: Dhelmise|Synthesis|p2a: Dhelmise
|-heal|p2a: Dhelmise|100/100 tox
|move|p1a: Steelix|Earthquake|p2a: Dhelmise
|-resisted|p2a: Dhelmise
|-damage|p2a: Dhelmise|87/100 tox
|
|-heal|p2a: Dhelmise|93/100 tox|[from] item: Leftovers
|-damage|p2a: Dhelmise|74/100 tox|[from] psn
|upkeep
|turn|31
|
|t:|1609059166
|switch|p2a: Umbreon|Umbreon, M|99/100
|-damage|p2a: Umbreon|88/100|[from] Stealth Rock
|switch|p1a: Togekiss|Togekiss, M|100/100
|
|-heal|p2a: Umbreon|94/100|[from] item: Leftovers
|upkeep
|turn|32
|
|t:|1609059171
|move|p1a: Togekiss|Defog|p2a: Umbreon
|-unboost|p2a: Umbreon|evasion|1
|-sideend|p2: wave emoji|Stealth Rock|[from] move: Defog|[of] p1a: Togekiss
|-sideend|p1: Breachingtrout|Stealth Rock|[from] move: Defog|[of] p1a: Togekiss
|move|p2a: Umbreon|Wish|p2a: Umbreon
|
|-heal|p2a: Umbreon|99/100|[from] item: Leftovers
|upkeep
|turn|33
|
|t:|1609059179
|switch|p1a: Darmanitan|Darmanitan, F|68/100
|switch|p2a: Registeel|Registeel|38/100
|
|-heal|p2a: Registeel|93/100|[from] move: Wish|[wisher] Umbreon
|-heal|p2a: Registeel|99/100|[from] item: Leftovers
|upkeep
|turn|34
|
|t:|1609059183
|move|p2a: Registeel|Protect|p2a: Registeel
|-singleturn|p2a: Registeel|Protect
|move|p1a: Darmanitan|Flare Blitz|p2a: Registeel
|-activate|p2a: Registeel|move: Protect
|
|-heal|p2a: Registeel|100/100|[from] item: Leftovers
|upkeep
|turn|35
|
|t:|1609059188
|switch|p2a: Milotic|Milotic, M|72/100 tox
|move|p1a: Darmanitan|Flare Blitz|p2a: Milotic
|-resisted|p2a: Milotic
|-damage|p2a: Milotic|49/100 tox
|-damage|p1a: Darmanitan|60/100|[from] Recoil
|
|-heal|p2a: Milotic|55/100 tox|[from] item: Leftovers
|-damage|p2a: Milotic|49/100 tox|[from] psn
|upkeep
|turn|36
|
|t:|1609059194
|switch|p1a: Celebi|Celebi|73/100
|move|p2a: Milotic|Recover|p2a: Milotic
|-heal|p2a: Milotic|99/100 tox
|
|-heal|p1a: Celebi|79/100|[from] item: Leftovers
|-heal|p2a: Milotic|100/100 tox|[from] item: Leftovers
|-damage|p2a: Milotic|88/100 tox|[from] psn
|upkeep
|turn|37
|
|t:|1609059199
|move|p1a: Celebi|Future Sight|p2a: Milotic
|-start|p1a: Celebi|move: Future Sight
|move|p2a: Milotic|Flip Turn|p1a: Celebi
|-resisted|p1a: Celebi
|-damage|p1a: Celebi|75/100
|
|t:|1609059209
|switch|p2a: Registeel|Registeel|100/100|[from]move: Flip Turn
|
|-heal|p1a: Celebi|81/100|[from] item: Leftovers
|upkeep
|turn|38
|
|t:|1609059216
|move|p1a: Celebi|Nasty Plot|p1a: Celebi
|-boost|p1a: Celebi|spa|2
|move|p2a: Registeel|Toxic|p1a: Celebi
|-status|p1a: Celebi|tox
|
|-heal|p1a: Celebi|87/100 tox|[from] item: Leftovers
|-damage|p1a: Celebi|81/100 tox|[from] psn
|upkeep
|turn|39
|
|t:|1609059220
|move|p1a: Celebi|Nasty Plot|p1a: Celebi
|-boost|p1a: Celebi|spa|2
|move|p2a: Registeel|Seismic Toss|p1a: Celebi
|-damage|p1a: Celebi|56/100 tox
|
|-end|p2a: Registeel|move: Future Sight
|-resisted|p2a: Registeel
|-damage|p2a: Registeel|68/100
|-heal|p1a: Celebi|62/100 tox|[from] item: Leftovers
|-heal|p2a: Registeel|74/100|[from] item: Leftovers
|-damage|p1a: Celebi|50/100 tox|[from] psn
|upkeep
|turn|40
|
|t:|1609059225
|move|p1a: Celebi|Aura Sphere|p2a: Registeel
|-supereffective|p2a: Registeel
|-damage|p2a: Registeel|18/100
|move|p2a: Registeel|Seismic Toss|p1a: Celebi
|-damage|p1a: Celebi|25/100 tox
|
|-heal|p1a: Celebi|31/100 tox|[from] item: Leftovers
|-heal|p2a: Registeel|24/100|[from] item: Leftovers
|-damage|p1a: Celebi|13/100 tox|[from] psn
|upkeep
|turn|41
|
|t:|1609059229
|move|p1a: Celebi|Recover|p1a: Celebi
|-heal|p1a: Celebi|63/100 tox
|move|p2a: Registeel|Seismic Toss|p1a: Celebi
|-damage|p1a: Celebi|38/100 tox
|
|-heal|p1a: Celebi|44/100 tox|[from] item: Leftovers
|-heal|p2a: Registeel|30/100|[from] item: Leftovers
|-damage|p1a: Celebi|20/100 tox|[from] psn
|upkeep
|turn|42
|
|t:|1609059233
|-curestatus|p1a: Celebi|tox|[from] ability: Natural Cure
|switch|p1a: Togekiss|Togekiss, M|100/100
|move|p2a: Registeel|Seismic Toss|p1a: Togekiss
|-damage|p1a: Togekiss|74/100
|
|-heal|p2a: Registeel|36/100|[from] item: Leftovers
|upkeep
|turn|43
|
|t:|1609059238
|move|p1a: Togekiss|Flamethrower|p2a: Registeel
|-supereffective|p2a: Registeel
|-damage|p2a: Registeel|12/100
|move|p2a: Registeel|Toxic|p1a: Togekiss
|-status|p1a: Togekiss|tox
|
|-heal|p2a: Registeel|18/100|[from] item: Leftovers
|-damage|p1a: Togekiss|68/100 tox|[from] psn
|upkeep
|turn|44
|
|t:|1609059244
|switch|p1a: Darmanitan|Darmanitan, F|60/100
|move|p2a: Registeel|Protect||[still]
|-fail|p2a: Registeel
|
|-heal|p2a: Registeel|24/100|[from] item: Leftovers
|upkeep
|turn|45
|
|t:|1609059248
|move|p2a: Registeel|Protect|p2a: Registeel
|-singleturn|p2a: Registeel|Protect
|move|p1a: Darmanitan|Flare Blitz|p2a: Registeel
|-activate|p2a: Registeel|move: Protect
|
|-heal|p2a: Registeel|30/100|[from] item: Leftovers
|upkeep
|turn|46
|
|t:|1609059252
|switch|p2a: Milotic|Milotic, M|88/100 tox
|move|p1a: Darmanitan|Flare Blitz|p2a: Milotic
|-resisted|p2a: Milotic
|-damage|p2a: Milotic|65/100 tox
|-damage|p1a: Darmanitan|51/100|[from] Recoil
|
|-heal|p2a: Milotic|71/100 tox|[from] item: Leftovers
|-damage|p2a: Milotic|65/100 tox|[from] psn
|upkeep
|turn|47
|
|t:|1609059254
|switch|p1a: Celebi|Celebi|20/100
|move|p2a: Milotic|Flip Turn|p1a: Celebi
|-resisted|p1a: Celebi
|-damage|p1a: Celebi|15/100
|
|t:|1609059257
|switch|p2a: Zygarde|Zygarde-10%|36/100|[from]move: Flip Turn
|-ability|p2a: Zygarde|Aura Break
|
|-heal|p1a: Celebi|22/100|[from] item: Leftovers
|upkeep
|turn|48
|
|t:|1609059262
|switch|p1a: Umbreon|Umbreon, M|75/100
|move|p2a: Zygarde|Thousand Arrows|p1a: Umbreon
|-damage|p1a: Umbreon|28/100
|
|-heal|p1a: Umbreon|34/100|[from] item: Leftovers
|upkeep
|turn|49
|
|t:|1609059265
|move|p1a: Umbreon|Protect|p1a: Umbreon
|-singleturn|p1a: Umbreon|Protect
|move|p2a: Zygarde|Thousand Arrows|p1a: Umbreon
|-activate|p1a: Umbreon|move: Protect
|
|-heal|p1a: Umbreon|40/100|[from] item: Leftovers
|upkeep
|turn|50
|
|t:|1609059272
|switch|p1a: Steelix|Steelix, M|49/100
|move|p2a: Zygarde|Thousand Arrows|p1a: Steelix
|-supereffective|p1a: Steelix
|-damage|p1a: Steelix|0 fnt
|faint|p1a: Steelix
|
|upkeep
|
|t:|1609059274
|switch|p1a: Darmanitan|Darmanitan, F|51/100
|turn|51
|
|t:|1609059277
|switch|p2a: Milotic|Milotic, M|65/100 tox
|move|p1a: Darmanitan|U-turn|p2a: Milotic
|-damage|p2a: Milotic|53/100 tox
|
|t:|1609059281
|switch|p1a: Celebi|Celebi|22/100|[from]move: U-turn
|
|-heal|p1a: Celebi|28/100|[from] item: Leftovers
|-heal|p2a: Milotic|59/100 tox|[from] item: Leftovers
|-damage|p2a: Milotic|53/100 tox|[from] psn
|upkeep
|turn|52
|
|t:|1609059284
|move|p1a: Celebi|Recover|p1a: Celebi
|-heal|p1a: Celebi|78/100
|move|p2a: Milotic|Recover|p2a: Milotic
|-heal|p2a: Milotic|100/100 tox
|
|-heal|p1a: Celebi|84/100|[from] item: Leftovers
|-damage|p2a: Milotic|88/100 tox|[from] psn
|upkeep
|turn|53
|
|t:|1609059289
|move|p1a: Celebi|Nasty Plot|p1a: Celebi
|-boost|p1a: Celebi|spa|2
|move|p2a: Milotic|Flip Turn|p1a: Celebi
|-resisted|p1a: Celebi
|-damage|p1a: Celebi|80/100
|
|t:|1609059293
|switch|p2a: Dhelmise|Dhelmise|74/100 tox|[from]move: Flip Turn
|
|-heal|p1a: Celebi|86/100|[from] item: Leftovers
|-heal|p2a: Dhelmise|80/100 tox|[from] item: Leftovers
|-damage|p2a: Dhelmise|74/100 tox|[from] psn
|upkeep
|turn|54
|
|t:|1609059300
|switch|p1a: Togekiss|Togekiss, M|68/100 tox
|move|p2a: Dhelmise|Knock Off|p1a: Togekiss
|-resisted|p1a: Togekiss
|-damage|p1a: Togekiss|53/100 tox
|-enditem|p1a: Togekiss|Heavy-Duty Boots|[from] move: Knock Off|[of] p2a: Dhelmise
|
|-heal|p2a: Dhelmise|80/100 tox|[from] item: Leftovers
|-damage|p1a: Togekiss|47/100 tox|[from] psn
|-damage|p2a: Dhelmise|68/100 tox|[from] psn
|upkeep
|turn|55
|
|t:|1609059309
|switch|p1a: Darmanitan|Darmanitan, F|51/100
|switch|p2a: Registeel|Registeel|30/100
|
|-heal|p2a: Registeel|36/100|[from] item: Leftovers
|upkeep
|turn|56
|
|t:|1609059312
|move|p2a: Registeel|Protect|p2a: Registeel
|-singleturn|p2a: Registeel|Protect
|move|p1a: Darmanitan|Flare Blitz|p2a: Registeel
|-activate|p2a: Registeel|move: Protect
|
|-heal|p2a: Registeel|43/100|[from] item: Leftovers
|upkeep
|turn|57
|
|t:|1609059320
|switch|p1a: Celebi|Celebi|86/100
|move|p2a: Registeel|Seismic Toss|p1a: Celebi
|-damage|p1a: Celebi|61/100
|
|-heal|p1a: Celebi|67/100|[from] item: Leftovers
|-heal|p2a: Registeel|49/100|[from] item: Leftovers
|upkeep
|turn|58
|
|t:|1609059328
|move|p1a: Celebi|Future Sight|p2a: Registeel
|-start|p1a: Celebi|move: Future Sight
|move|p2a: Registeel|Stealth Rock|p1a: Celebi
|-sidestart|p1: Breachingtrout|move: Stealth Rock
|
|-heal|p1a: Celebi|74/100|[from] item: Leftovers
|-heal|p2a: Registeel|55/100|[from] item: Leftovers
|upkeep
|turn|59
|
|t:|1609059331
|move|p1a: Celebi|Nasty Plot|p1a: Celebi
|-boost|p1a: Celebi|spa|2
|move|p2a: Registeel|Seismic Toss|p1a: Celebi
|-damage|p1a: Celebi|49/100
|
|-heal|p1a: Celebi|55/100|[from] item: Leftovers
|-heal|p2a: Registeel|61/100|[from] item: Leftovers
|upkeep
|turn|60
|
|t:|1609059334
|move|p1a: Celebi|Aura Sphere|p2a: Registeel
|-supereffective|p2a: Registeel
|-damage|p2a: Registeel|23/100
|move|p2a: Registeel|Toxic|p1a: Celebi
|-status|p1a: Celebi|tox
|
|-end|p2a: Registeel|move: Future Sight
|-resisted|p2a: Registeel
|-damage|p2a: Registeel|0 fnt
|-heal|p1a: Celebi|61/100 tox|[from] item: Leftovers
|faint|p2a: Registeel
|-damage|p1a: Celebi|55/100 tox|[from] psn
|upkeep
|
|t:|1609059344
|switch|p2a: Dhelmise|Dhelmise|68/100 tox
|turn|61
|
|t:|1609059354
|-curestatus|p1a: Celebi|tox|[from] ability: Natural Cure
|switch|p1a: Togekiss|Togekiss, M|47/100 tox
|-damage|p1a: Togekiss|22/100 tox|[from] Stealth Rock
|move|p2a: Dhelmise|Knock Off|p1a: Togekiss
|-resisted|p1a: Togekiss
|-damage|p1a: Togekiss|13/100 tox
|
|-heal|p2a: Dhelmise|74/100 tox|[from] item: Leftovers
|-damage|p1a: Togekiss|7/100 tox|[from] psn
|-damage|p2a: Dhelmise|68/100 tox|[from] psn
|upkeep
|turn|62
|
|t:|1609059358
|move|p1a: Togekiss|Defog|p2a: Dhelmise
|-unboost|p2a: Dhelmise|evasion|1
|-sideend|p1: Breachingtrout|Stealth Rock|[from] move: Defog|[of] p1a: Togekiss
|move|p2a: Dhelmise|Power Whip|p1a: Togekiss
|-resisted|p1a: Togekiss
|-damage|p1a: Togekiss|0 fnt
|faint|p1a: Togekiss
|
|-heal|p2a: Dhelmise|74/100 tox|[from] item: Leftovers
|-damage|p2a: Dhelmise|62/100 tox|[from] psn
|upkeep
|
|t:|1609059362
|switch|p1a: Darmanitan|Darmanitan, F|51/100
|turn|63
|
|t:|1609059368
|switch|p2a: Milotic|Milotic, M|88/100 tox
|move|p1a: Darmanitan|Trick|p2a: Milotic
|-activate|p1a: Darmanitan|move: Trick|[of] p2a: Milotic
|-item|p2a: Milotic|Choice Scarf|[from] move: Trick
|-item|p1a: Darmanitan|Leftovers|[from] move: Trick
|
|-heal|p1a: Darmanitan|57/100|[from] item: Leftovers
|-damage|p2a: Milotic|82/100 tox|[from] psn
|upkeep
|turn|64
|
|t:|1609059376
|move|p1a: Darmanitan|U-turn|p2a: Milotic
|-damage|p2a: Milotic|70/100 tox
|
|t:|1609059380
|switch|p1a: Celebi|Celebi|55/100|[from]move: U-turn
|move|p2a: Milotic|Flip Turn|p1a: Celebi
|-resisted|p1a: Celebi
|-crit|p1a: Celebi
|-damage|p1a: Celebi|49/100
|inactive|wave emoji has 120 seconds left.
|
|t:|1609059412
|switch|p2a: Zygarde|Zygarde-10%|36/100|[from]move: Flip Turn
|-ability|p2a: Zygarde|Aura Break
|
|-heal|p1a: Celebi|55/100|[from] item: Leftovers
|upkeep
|turn|65
|
|t:|1609059418
|move|p2a: Zygarde|Outrage|p1a: Celebi
|-damage|p1a: Celebi|7/100
|move|p1a: Celebi|Recover|p1a: Celebi
|-heal|p1a: Celebi|57/100
|
|-heal|p1a: Celebi|63/100|[from] item: Leftovers
|upkeep
|turn|66
|
|t:|1609059424
|move|p2a: Zygarde|Outrage|p1a: Celebi|[from]lockedmove
|-damage|p1a: Celebi|9/100
|move|p1a: Celebi|Recover|p1a: Celebi
|-heal|p1a: Celebi|59/100
|
|-heal|p1a: Celebi|65/100|[from] item: Leftovers
|upkeep
|turn|67
|
|t:|1609059429
|move|p2a: Zygarde|Outrage|p1a: Celebi|[from]lockedmove
|-damage|p1a: Celebi|13/100
|-start|p2a: Zygarde|confusion|[fatigue]
|move|p1a: Celebi|Recover|p1a: Celebi
|-heal|p1a: Celebi|63/100
|
|-heal|p1a: Celebi|70/100|[from] item: Leftovers
|upkeep
|turn|68
|
|t:|1609059436
|switch|p2a: Dhelmise|Dhelmise|62/100 tox
|move|p1a: Celebi|Recover|p1a: Celebi
|-heal|p1a: Celebi|100/100
|
|-heal|p2a: Dhelmise|68/100 tox|[from] item: Leftovers
|-damage|p2a: Dhelmise|62/100 tox|[from] psn
|upkeep
|turn|69
|
|t:|1609059440
|switch|p1a: Umbreon|Umbreon, M|40/100
|move|p2a: Dhelmise|Knock Off|p1a: Umbreon
|-resisted|p1a: Umbreon
|-damage|p1a: Umbreon|29/100
|-enditem|p1a: Umbreon|Leftovers|[from] move: Knock Off|[of] p2a: Dhelmise
|
|-heal|p2a: Dhelmise|68/100 tox|[from] item: Leftovers
|-damage|p2a: Dhelmise|56/100 tox|[from] psn
|upkeep
|turn|70
|
|t:|1609059443
|move|p1a: Umbreon|Wish|p1a: Umbreon
|move|p2a: Dhelmise|Power Whip|p1a: Umbreon
|-damage|p1a: Umbreon|0 fnt
|faint|p1a: Umbreon
|
|-heal|p2a: Dhelmise|62/100 tox|[from] item: Leftovers
|-damage|p2a: Dhelmise|43/100 tox|[from] psn
|upkeep
|
|t:|1609059446
|switch|p1a: Darmanitan|Darmanitan, F|57/100
|turn|71
|
|t:|1609059453
|switch|p2a: Milotic|Milotic, M|70/100 tox
|move|p1a: Darmanitan|Flare Blitz|p2a: Milotic
|-resisted|p2a: Milotic
|-damage|p2a: Milotic|49/100 tox
|-damage|p1a: Darmanitan|50/100|[from] Recoil
|
|-heal|p1a: Darmanitan|100/100|[from] move: Wish|[wisher] Umbreon
|-damage|p2a: Milotic|43/100 tox|[from] psn
|upkeep
|turn|72
|
|t:|1609059462
|move|p1a: Darmanitan|U-turn|p2a: Milotic
|-damage|p2a: Milotic|30/100 tox
|
|t:|1609059464
|switch|p1a: Celebi|Celebi|100/100|[from]move: U-turn
|move|p2a: Milotic|Recover|p2a: Milotic
|-heal|p2a: Milotic|80/100 tox
|
|-damage|p2a: Milotic|68/100 tox|[from] psn
|upkeep
|turn|73
|
|t:|1609059468
|switch|p2a: Dhelmise|Dhelmise|43/100 tox
|move|p1a: Celebi|Future Sight|p2a: Dhelmise
|-start|p1a: Celebi|move: Future Sight
|
|-heal|p2a: Dhelmise|50/100 tox|[from] item: Leftovers
|-damage|p2a: Dhelmise|43/100 tox|[from] psn
|upkeep
|turn|74
|
|t:|1609059472
|switch|p1a: Darmanitan|Darmanitan, F|100/100
|move|p2a: Dhelmise|Synthesis|p2a: Dhelmise
|-heal|p2a: Dhelmise|93/100 tox
|
|-heal|p2a: Dhelmise|99/100 tox|[from] item: Leftovers
|-damage|p2a: Dhelmise|87/100 tox|[from] psn
|upkeep
|turn|75
|
|t:|1609059480
|switch|p2a: Umbreon|Umbreon, M|99/100
|move|p1a: Darmanitan|U-turn|p2a: Umbreon
|-supereffective|p2a: Umbreon
|-damage|p2a: Umbreon|59/100
|
|t:|1609059482
|switch|p1a: Celebi|Celebi|100/100|[from]move: U-turn
|
|-end|p2a: Umbreon|move: Future Sight
|-immune|p2a: Umbreon
|-heal|p2a: Umbreon|65/100|[from] item: Leftovers
|upkeep
|turn|76
|
|t:|1609059484
|move|p1a: Celebi|Nasty Plot|p1a: Celebi
|-boost|p1a: Celebi|spa|2
|move|p2a: Umbreon|Toxic|p1a: Celebi|[miss]
|-miss|p2a: Umbreon|p1a: Celebi
|
|-heal|p2a: Umbreon|71/100|[from] item: Leftovers
|upkeep
|turn|77
|
|t:|1609059489
|switch|p2a: Dhelmise|Dhelmise|87/100 tox
|move|p1a: Celebi|Aura Sphere|p2a: Dhelmise
|-immune|p2a: Dhelmise
|
|-heal|p2a: Dhelmise|93/100 tox|[from] item: Leftovers
|-damage|p2a: Dhelmise|87/100 tox|[from] psn
|upkeep
|turn|78
|
|t:|1609059491
|move|p1a: Celebi|Future Sight|p2a: Dhelmise
|-start|p1a: Celebi|move: Future Sight
|move|p2a: Dhelmise|Knock Off|p1a: Celebi
|-supereffective|p1a: Celebi
|-damage|p1a: Celebi|63/100
|-enditem|p1a: Celebi|Leftovers|[from] move: Knock Off|[of] p2a: Dhelmise
|
|-heal|p2a: Dhelmise|93/100 tox|[from] item: Leftovers
|-damage|p2a: Dhelmise|81/100 tox|[from] psn
|upkeep
|turn|79
|
|t:|1609059501
|switch|p2a: Umbreon|Umbreon, M|71/100
|move|p1a: Celebi|Recover|p1a: Celebi
|-heal|p1a: Celebi|100/100
|
|-heal|p2a: Umbreon|77/100|[from] item: Leftovers
|upkeep
|turn|80
|
|t:|1609059505
|move|p1a: Celebi|Aura Sphere|p2a: Umbreon
|-supereffective|p2a: Umbreon
|-damage|p2a: Umbreon|33/100
|move|p2a: Umbreon|Toxic|p1a: Celebi
|-status|p1a: Celebi|tox
|
|-end|p2a: Umbreon|move: Future Sight
|-immune|p2a: Umbreon
|-heal|p2a: Umbreon|40/100|[from] item: Leftovers
|-damage|p1a: Celebi|94/100 tox|[from] psn
|upkeep
|turn|81
|
|t:|1609059511
|move|p2a: Umbreon|Protect|p2a: Umbreon
|-singleturn|p2a: Umbreon|Protect
|move|p1a: Celebi|Aura Sphere|p2a: Umbreon
|-activate|p2a: Umbreon|move: Protect
|
|-heal|p2a: Umbreon|46/100|[from] item: Leftovers
|-damage|p1a: Celebi|82/100 tox|[from] psn
|upkeep
|turn|82
|
|t:|1609059514
|move|p1a: Celebi|Future Sight|p2a: Umbreon
|-start|p1a: Celebi|move: Future Sight
|move|p2a: Umbreon|Foul Play|p1a: Celebi
|-supereffective|p1a: Celebi
|-damage|p1a: Celebi|46/100 tox
|
|-heal|p2a: Umbreon|52/100|[from] item: Leftovers
|-damage|p1a: Celebi|27/100 tox|[from] psn
|upkeep
|turn|83
|
|t:|1609059518
|-curestatus|p1a: Celebi|tox|[from] ability: Natural Cure
|switch|p1a: Darmanitan|Darmanitan, F|100/100
|move|p2a: Umbreon|Foul Play|p1a: Darmanitan
|-damage|p1a: Darmanitan|15/100
|
|-heal|p1a: Darmanitan|21/100|[from] item: Leftovers
|-heal|p2a: Umbreon|58/100|[from] item: Leftovers
|upkeep
|turn|84
|
|t:|1609059522
|move|p2a: Umbreon|Protect|p2a: Umbreon
|-singleturn|p2a: Umbreon|Protect
|move|p1a: Darmanitan|Flare Blitz|p2a: Umbreon
|-activate|p2a: Umbreon|move: Protect
|
|-end|p2a: Umbreon|move: Future Sight
|-immune|p2a: Umbreon
|-heal|p1a: Darmanitan|27/100|[from] item: Leftovers
|-heal|p2a: Umbreon|64/100|[from] item: Leftovers
|upkeep
|turn|85
|
|t:|1609059526
|move|p1a: Darmanitan|U-turn|p2a: Umbreon
|-supereffective|p2a: Umbreon
|-damage|p2a: Umbreon|19/100
|
|t:|1609059528
|switch|p1a: Celebi|Celebi|27/100|[from]move: U-turn
|move|p2a: Umbreon|Foul Play|p1a: Celebi
|-supereffective|p1a: Celebi
|-damage|p1a: Celebi|0 fnt
|faint|p1a: Celebi
|
|-heal|p2a: Umbreon|25/100|[from] item: Leftovers
|upkeep
|-message|Breachingtrout forfeited.
|
|win|wave emoji
|l|☆Breachingtrout
