|j|☆Artemis_V13
|j|☆RUodent
|player|p1|Artemis_V13|juan|1443
|player|p2|RUodent|gambler|1221
|teamsize|p1|6
|teamsize|p2|6
|gametype|singles
|gen|8
|tier|[Gen 8] RU
|rated|
|clearpoke
|poke|p1|Appletun, F|
|poke|p1|Jellicent, M|
|poke|p1|Dhelmise|
|poke|p1|Toxicroak, M|
|poke|p1|Stunfisk-Galar, F|
|poke|p1|Slurpuff, M|
|poke|p2|Quagsire, M|
|poke|p2|Silvally-*|
|poke|p2|Escavalier, M|
|poke|p2|Goodra, M|
|poke|p2|Mudsdale, M|
|poke|p2|Xatu, F|
|rule|Sleep Clause Mod: Limit one foe put to sleep
|rule|Species Clause: Limit one of each Pokémon
|rule|OHKO Clause: OHKO moves are banned
|rule|Evasion Moves Clause: Evasion moves are banned
|rule|Endless Battle Clause: Forcing endless battles is banned
|rule|HP Percentage Mod: HP is shown in percentages
|rule|Dynamax Clause: You cannot dynamax
|teampreview
|
|start
|switch|p1a: Dhelmise|Dhelmise|100/100
|switch|p2a: Goodra|Goodra, M|100/100
|turn|1
|
|move|p2a: Goodra|Fire Blast|p1a: Dhelmise
|-supereffective|p1a: Dhelmise
|-damage|p1a: Dhelmise|28/100
|move|p1a: Dhelmise|Anchor Shot|p2a: Goodra
|-damage|p2a: Goodra|11/100
|-activate|p2a: Goodra|trapped
|
|upkeep
|turn|2
|
|switch|p1a: Jellicent|Jellicent, M|100/100
|move|p2a: Goodra|Ice Beam|p1a: Jellicent
|-resisted|p1a: Jellicent
|-damage|p1a: Jellicent|92/100
|
|-heal|p1a: Jellicent|98/100|[from] item: Leftovers
|upkeep
|turn|3
|
|move|p2a: Goodra|Thunderbolt|p1a: Jellicent
|-supereffective|p1a: Jellicent
|-damage|p1a: Jellicent|64/100
|move|p1a: Jellicent|Hex|p2a: Goodra
|-damage|p2a: Goodra|4/100
|
|-heal|p1a: Jellicent|70/100|[from] item: Leftovers
|upkeep
|turn|4
|
|move|p2a: Goodra|Thunderbolt|p1a: Jellicent
|-supereffective|p1a: Jellicent
|-damage|p1a: Jellicent|37/100
|move|p1a: Jellicent|Recover|p1a: Jellicent
|-heal|p1a: Jellicent|87/100
|
|-heal|p1a: Jellicent|93/100|[from] item: Leftovers
|upkeep
|turn|5
|
|move|p2a: Goodra|Draco Meteor|p1a: Jellicent
|-damage|p1a: Jellicent|52/100
|-unboost|p2a: Goodra|spa|2
|move|p1a: Jellicent|Recover|p1a: Jellicent
|-heal|p1a: Jellicent|100/100
|
|upkeep
|turn|6
|
|switch|p2a: Escavalier|Escavalier, M|100/100
|move|p1a: Jellicent|Will-O-Wisp|p2a: Escavalier
|-status|p2a: Escavalier|brn
|
|-damage|p2a: Escavalier|94/100 brn|[from] brn
|upkeep
|turn|7
|
|move|p1a: Jellicent|Hex|p2a: Escavalier
|-damage|p2a: Escavalier|56/100 brn
|move|p2a: Escavalier|Knock Off|p1a: Jellicent
|-supereffective|p1a: Jellicent
|-damage|p1a: Jellicent|55/100
|-enditem|p1a: Jellicent|Leftovers|[from] move: Knock Off|[of] p2a: Escavalier
|
|-heal|p2a: Escavalier|63/100 brn|[from] item: Leftovers
|-damage|p2a: Escavalier|56/100 brn|[from] brn
|upkeep
|turn|8
|
|switch|p2a: Quagsire|Quagsire, M|100/100
|move|p1a: Jellicent|Recover|p1a: Jellicent
|-heal|p1a: Jellicent|100/100
|
|upkeep
|turn|9
|
|move|p1a: Jellicent|Taunt|p2a: Quagsire
|-start|p2a: Quagsire|move: Taunt
|move|p2a: Quagsire|Scald|p1a: Jellicent
|-immune|p1a: Jellicent|[from] ability: Water Absorb
|
|upkeep
|turn|10
|
|switch|p2a: Goodra|Goodra, M|4/100
|move|p1a: Jellicent|Hex|p2a: Goodra
|-damage|p2a: Goodra|0 fnt
|faint|p2a: Goodra
|
|upkeep
|
|switch|p2a: Silvally|Silvally-Ghost|100/100
|turn|11
|
|switch|p1a: Appletun|Appletun, F|100/100
|move|p2a: Silvally|Multi-Attack|p1a: Appletun
|-damage|p1a: Appletun|64/100
|
|-heal|p1a: Appletun|70/100|[from] item: Leftovers
|upkeep
|turn|12
|
|move|p2a: Silvally|Swords Dance|p2a: Silvally
|-boost|p2a: Silvally|atk|2
|move|p1a: Appletun|Leech Seed|p2a: Silvally
|-start|p2a: Silvally|move: Leech Seed
|
|-heal|p1a: Appletun|76/100|[from] item: Leftovers
|-damage|p2a: Silvally|88/100|[from] Leech Seed|[of] p1a: Appletun
|-heal|p1a: Appletun|86/100|[silent]
|upkeep
|turn|13
|
|move|p2a: Silvally|Multi-Attack|p1a: Appletun
|-damage|p1a: Appletun|21/100
|move|p1a: Appletun|Recover|p1a: Appletun
|-heal|p1a: Appletun|71/100
|
|-heal|p1a: Appletun|77/100|[from] item: Leftovers
|-damage|p2a: Silvally|76/100|[from] Leech Seed|[of] p1a: Appletun
|-heal|p1a: Appletun|87/100|[silent]
|upkeep
|turn|14
|
|move|p2a: Silvally|Swords Dance|p2a: Silvally
|-boost|p2a: Silvally|atk|2
|move|p1a: Appletun|Apple Acid|p2a: Silvally
|-damage|p2a: Silvally|48/100
|-unboost|p2a: Silvally|spd|1
|
|-heal|p1a: Appletun|93/100|[from] item: Leftovers
|-damage|p2a: Silvally|35/100|[from] Leech Seed|[of] p1a: Appletun
|-heal|p1a: Appletun|100/100|[silent]
|upkeep
|turn|15
|
|switch|p1a: Dhelmise|Dhelmise|28/100
|move|p2a: Silvally|Multi-Attack|p1a: Dhelmise
|-supereffective|p1a: Dhelmise
|-damage|p1a: Dhelmise|0 fnt
|faint|p1a: Dhelmise
|
|upkeep
|
|switch|p1a: Toxicroak|Toxicroak, M|100/100
|turn|16
|
|switch|p2a: Mudsdale|Mudsdale, M|100/100
|move|p1a: Toxicroak|Sucker Punch||[still]
|-fail|p1a: Toxicroak
|
|upkeep
|turn|17
|
|switch|p1a: Appletun|Appletun, F|100/100
|move|p2a: Mudsdale|Stealth Rock|p1a: Appletun
|-sidestart|p1: Artemis_V13|move: Stealth Rock
|
|upkeep
|turn|18
|
|switch|p2a: Xatu|Xatu, F|100/100
|move|p1a: Appletun|Apple Acid|p2a: Xatu
|-resisted|p2a: Xatu
|-damage|p2a: Xatu|87/100
|-unboost|p2a: Xatu|spd|1
|
|upkeep
|turn|19
|
|move|p2a: Xatu|Psychic|p1a: Appletun
|-damage|p1a: Appletun|71/100
|move|p1a: Appletun|Dragon Pulse|p2a: Xatu
|-damage|p2a: Xatu|43/100
|
|-heal|p1a: Appletun|77/100|[from] item: Leftovers
|upkeep
|turn|20
|
|move|p2a: Xatu|Roost|p2a: Xatu
|-heal|p2a: Xatu|93/100
|-singleturn|p2a: Xatu|move: Roost
|move|p1a: Appletun|Dragon Pulse|p2a: Xatu
|-damage|p2a: Xatu|52/100
|
|-heal|p1a: Appletun|83/100|[from] item: Leftovers
|upkeep
|turn|21
|
|switch|p2a: Escavalier|Escavalier, M|56/100 brn
|move|p1a: Appletun|Apple Acid|p2a: Escavalier
|-resisted|p2a: Escavalier
|-damage|p2a: Escavalier|50/100 brn
|-unboost|p2a: Escavalier|spd|1
|
|-heal|p1a: Appletun|89/100|[from] item: Leftovers
|-heal|p2a: Escavalier|56/100 brn|[from] item: Leftovers
|-damage|p2a: Escavalier|50/100 brn|[from] brn
|upkeep
|turn|22
|
|switch|p1a: Stunfisk|Stunfisk-Galar, F|100/100
|-damage|p1a: Stunfisk|97/100|[from] Stealth Rock
|move|p2a: Escavalier|Swords Dance|p2a: Escavalier
|-boost|p2a: Escavalier|atk|2
|
|-heal|p1a: Stunfisk|100/100|[from] item: Leftovers
|-heal|p2a: Escavalier|56/100 brn|[from] item: Leftovers
|-damage|p2a: Escavalier|50/100 brn|[from] brn
|upkeep
|turn|23
|
|move|p1a: Stunfisk|Stealth Rock|p2a: Escavalier
|-sidestart|p2: RUodent|move: Stealth Rock
|move|p2a: Escavalier|Drill Run|p1a: Stunfisk
|-supereffective|p1a: Stunfisk
|-crit|p1a: Stunfisk
|-damage|p1a: Stunfisk|25/100
|
|-heal|p1a: Stunfisk|32/100|[from] item: Leftovers
|-heal|p2a: Escavalier|56/100 brn|[from] item: Leftovers
|-damage|p2a: Escavalier|50/100 brn|[from] brn
|upkeep
|turn|24
|
|move|p1a: Stunfisk|Earthquake|p2a: Escavalier
|-damage|p2a: Escavalier|24/100 brn
|move|p2a: Escavalier|Knock Off|p1a: Stunfisk
|-damage|p1a: Stunfisk|2/100
|-enditem|p1a: Stunfisk|Leftovers|[from] move: Knock Off|[of] p2a: Escavalier
|
|-heal|p2a: Escavalier|31/100 brn|[from] item: Leftovers
|-damage|p2a: Escavalier|24/100 brn|[from] brn
|upkeep
|turn|25
|
|move|p1a: Stunfisk|Earthquake|p2a: Escavalier
|-damage|p2a: Escavalier|0 fnt
|faint|p2a: Escavalier
|
|upkeep
|
|switch|p2a: Silvally|Silvally-Ghost|35/100
|-damage|p2a: Silvally|23/100|[from] Stealth Rock
|turn|26
|
|move|p2a: Silvally|Multi-Attack|p1a: Stunfisk
|-damage|p1a: Stunfisk|0 fnt
|faint|p1a: Stunfisk
|
|upkeep
|
|switch|p1a: Slurpuff|Slurpuff, M|100/100
|-damage|p1a: Slurpuff|88/100|[from] Stealth Rock
|turn|27
|
|move|p2a: Silvally|Explosion|p1a: Slurpuff
|-damage|p1a: Slurpuff|0 fnt
|faint|p2a: Silvally
|faint|p1a: Slurpuff
|
|upkeep
|
|switch|p2a: Quagsire|Quagsire, M|100/100
|switch|p1a: Appletun|Appletun, F|89/100
|-damage|p2a: Quagsire|94/100|[from] Stealth Rock
|-damage|p1a: Appletun|76/100|[from] Stealth Rock
|turn|28
|
|move|p2a: Quagsire|Protect|p2a: Quagsire
|-singleturn|p2a: Quagsire|Protect
|move|p1a: Appletun|Apple Acid|p2a: Quagsire
|-activate|p2a: Quagsire|move: Protect
|
|-heal|p2a: Quagsire|100/100|[from] item: Leftovers
|-heal|p1a: Appletun|83/100|[from] item: Leftovers
|upkeep
|turn|29
|
|move|p2a: Quagsire|Toxic|p1a: Appletun
|-status|p1a: Appletun|tox
|move|p1a: Appletun|Apple Acid|p2a: Quagsire
|-supereffective|p2a: Quagsire
|-damage|p2a: Quagsire|0 fnt
|faint|p2a: Quagsire
|
|-heal|p1a: Appletun|89/100 tox|[from] item: Leftovers
|-damage|p1a: Appletun|83/100 tox|[from] psn
|upkeep
|
|switch|p2a: Xatu|Xatu, F|52/100
|-damage|p2a: Xatu|27/100|[from] Stealth Rock
|turn|30
|
|move|p1a: Appletun|Apple Acid|p2a: Xatu
|-resisted|p2a: Xatu
|-crit|p2a: Xatu
|-damage|p2a: Xatu|9/100
|-unboost|p2a: Xatu|spd|1
|move|p2a: Xatu|Trick Room|p2a: Xatu
|-fieldstart|move: Trick Room|[of] p2a: Xatu
|
|-heal|p1a: Appletun|89/100 tox|[from] item: Leftovers
|-damage|p1a: Appletun|76/100 tox|[from] psn
|upkeep
|turn|31
|
|move|p1a: Appletun|Apple Acid|p2a: Xatu
|-resisted|p2a: Xatu
|-damage|p2a: Xatu|0 fnt
|faint|p2a: Xatu
|
|-heal|p1a: Appletun|83/100 tox|[from] item: Leftovers
|-damage|p1a: Appletun|64/100 tox|[from] psn
|upkeep
|
|switch|p2a: Mudsdale|Mudsdale, M|100/100
|-damage|p2a: Mudsdale|94/100|[from] Stealth Rock
|turn|32
|
|switch|p1a: Jellicent|Jellicent, M|100/100
|-damage|p1a: Jellicent|88/100|[from] Stealth Rock
|move|p2a: Mudsdale|Earthquake|p1a: Jellicent
|-damage|p1a: Jellicent|23/100
|
|-heal|p2a: Mudsdale|100/100|[from] item: Leftovers
|upkeep
|turn|33
|
|switch|p1a: Appletun|Appletun, F|64/100 tox
|-damage|p1a: Appletun|52/100 tox|[from] Stealth Rock
|move|p2a: Mudsdale|Earthquake|p1a: Appletun
|-resisted|p1a: Appletun
|-damage|p1a: Appletun|33/100 tox
|
|-heal|p1a: Appletun|39/100 tox|[from] item: Leftovers
|-damage|p1a: Appletun|33/100 tox|[from] psn
|upkeep
|turn|34
|
|switch|p1a: Toxicroak|Toxicroak, M|100/100
|-damage|p1a: Toxicroak|94/100|[from] Stealth Rock
|move|p2a: Mudsdale|Close Combat|p1a: Toxicroak
|-resisted|p1a: Toxicroak
|-damage|p1a: Toxicroak|61/100
|-unboost|p2a: Mudsdale|def|1
|-unboost|p2a: Mudsdale|spd|1
|
|-fieldend|move: Trick Room
|upkeep
|turn|35
|
|move|p1a: Toxicroak|Drain Punch|p2a: Mudsdale
|-damage|p2a: Mudsdale|44/100
|-heal|p1a: Toxicroak|98/100|[from] drain|[of] p2a: Mudsdale
|-ability|p2a: Mudsdale|Stamina|boost
|-boost|p2a: Mudsdale|def|1
|-damage|p1a: Toxicroak|88/100|[from] item: Life Orb
|move|p2a: Mudsdale|Earthquake|p1a: Toxicroak
|-supereffective|p1a: Toxicroak
|-damage|p1a: Toxicroak|0 fnt
|faint|p1a: Toxicroak
|
|-heal|p2a: Mudsdale|50/100|[from] item: Leftovers
|upkeep
|
|switch|p1a: Jellicent|Jellicent, M|23/100
|-damage|p1a: Jellicent|10/100|[from] Stealth Rock
|turn|36
|
|move|p1a: Jellicent|Will-O-Wisp|p2a: Mudsdale
|-status|p2a: Mudsdale|brn
|move|p2a: Mudsdale|Earthquake|p1a: Jellicent
|-damage|p1a: Jellicent|0 fnt
|faint|p1a: Jellicent
|
|-heal|p2a: Mudsdale|57/100 brn|[from] item: Leftovers
|-damage|p2a: Mudsdale|50/100 brn|[from] brn
|upkeep
|
|switch|p1a: Appletun|Appletun, F|33/100 tox
|-damage|p1a: Appletun|20/100 tox|[from] Stealth Rock
|turn|37
|
|move|p2a: Mudsdale|Rock Slide|p1a: Appletun
|-damage|p1a: Appletun|11/100 tox
|cant|p1a: Appletun|flinch
|
|-heal|p2a: Mudsdale|57/100 brn|[from] item: Leftovers
|-heal|p1a: Appletun|17/100 tox|[from] item: Leftovers
|-damage|p2a: Mudsdale|50/100 brn|[from] brn
|-damage|p1a: Appletun|11/100 tox|[from] psn
|upkeep
|turn|38
|c|☆Artemis_V13|nice
|c|☆RUodent|gotta do what i can for the W
|c|☆Artemis_V13|damned haxxx boys
|c|☆RUodent|click
|c|☆RUodent|stop being baby
|inactive|Battle timer is ON: inactive players will automatically lose when time's up. (requested by RUodent)
|c|☆Artemis_V13|sad to see
|c|☆RUodent|take L and moved on ur hard threw by switching into jelli
|c|☆RUodent|on EQ
|inactive|Artemis_V13 has 120 seconds left.
|inactive|Artemis_V13 has 90 seconds left.
|c|☆RUodent|ur fuming so hard rn
|c|☆RUodent|LOOOOL
|inactive|Artemis_V13 has 60 seconds left.
|inactive|Artemis_V13 has 30 seconds left.
|inactive|Artemis_V13 has 20 seconds left.
|inactive|Artemis_V13 has 15 seconds left.
|inactive|Artemis_V13 has 10 seconds left.
|inactive|Artemis_V13 has 5 seconds left.
|-message|Artemis_V13 lost due to inactivity.
|
|win|RUodent
|c|☆RUodent|get shit on, thx for the pts
