|j|☆whisperofheart
|j|☆Feliburn
|inactive|Battle timer is ON: inactive players will automatically lose when time's up.
|t:|1631940687
|gametype|singles
|player|p1|whisperofheart|kimonogirl|
|player|p2|Feliburn|#feliburn|
|teamsize|p1|6
|teamsize|p2|6
|gen|8
|tier|[Gen 8] RU
|rated|Tournament battle
|rule|Sleep Clause Mod: Limit one foe put to sleep
|rule|Species Clause: Limit one of each Pokémon
|rule|OHKO Clause: OHKO moves are banned
|rule|Evasion Moves Clause: Evasion moves are banned
|rule|Endless Battle Clause: Forcing endless battles is banned
|rule|HP Percentage Mod: HP is shown in percentages
|rule|Dynamax Clause: You cannot dynamax
|clearpoke
|poke|p1|Registeel|
|poke|p1|Mimikyu, F|
|poke|p1|Sharpedo, M|
|poke|p1|Flygon, F|
|poke|p1|Xatu, M|
|poke|p1|Diancie|
|poke|p2|Articuno-Galar|
|poke|p2|Passimian, M|
|poke|p2|Togedemaru, F|
|poke|p2|Whimsicott, M|
|poke|p2|Sandaconda, M|
|poke|p2|Archeops, M|
|teampreview
|inactive|whisperofheart also wants the timer to be on.
|j|+Oathkeepre
|c|☆Feliburn|hf
|c|+Oathkeepre|cool PU team Feliburn
|j| Beanieater
|c|☆Feliburn|ty
|inactive|whisperofheart has 120 seconds left.
|
|t:|1631940724
|start
|switch|p1a: Xatu|Xatu, M|100/100
|switch|p2a: Whimsicott|Whimsicott, M|100/100
|turn|1
|
|t:|1631940728
|move|p1a: Xatu|Trick|p2a: Whimsicott
|-activate|p1a: Xatu|move: Trick|[of] p2a: Whimsicott
|-item|p2a: Whimsicott|Choice Scarf|[from] move: Trick
|-item|p1a: Xatu|Heavy-Duty Boots|[from] move: Trick
|move|p2a: Whimsicott|Moonblast|p1a: Xatu
|-damage|p1a: Xatu|36/100
|
|upkeep
|turn|2
|
|t:|1631940737
|switch|p2a: Archeops|Archeops, M|100/100
|move|p1a: Xatu|Psychic|p2a: Archeops
|-damage|p2a: Archeops|33/100
|-unboost|p2a: Archeops|spd|1
|
|upkeep
|turn|3
|
|t:|1631940746
|move|p2a: Archeops|Stone Edge|p1a: Xatu|[miss]
|-miss|p2a: Archeops|p1a: Xatu
|move|p1a: Xatu|Psychic|p2a: Archeops
|-damage|p2a: Archeops|0 fnt
|faint|p2a: Archeops
|
|upkeep
|c|☆Feliburn|bop
|
|t:|1631940752
|switch|p2a: Togedemaru|Togedemaru, F|100/100
|turn|4
|
|t:|1631940757
|switch|p1a: Registeel|Registeel|100/100
|move|p2a: Togedemaru|Iron Head|p1a: Registeel
|-resisted|p1a: Registeel
|-damage|p1a: Registeel|93/100
|
|-heal|p1a: Registeel|99/100|[from] item: Leftovers
|upkeep
|turn|5
|
|t:|1631940763
|switch|p2a: Sandaconda|Sandaconda, M|100/100
|move|p1a: Registeel|Stealth Rock|p2a: Sandaconda
|-sidestart|p2: Feliburn|move: Stealth Rock
|
|-heal|p1a: Registeel|100/100|[from] item: Leftovers
|upkeep
|turn|6
|
|t:|1631940792
|move|p2a: Sandaconda|Coil|p2a: Sandaconda
|-boost|p2a: Sandaconda|atk|1
|-boost|p2a: Sandaconda|def|1
|-boost|p2a: Sandaconda|accuracy|1
|move|p1a: Registeel|Iron Defense|p1a: Registeel
|-boost|p1a: Registeel|def|2
|
|upkeep
|turn|7
|inactive|whisperofheart has 120 seconds left.
|
|t:|1631940808
|switch|p1a: Sharpedo|Sharpedo, M|100/100
|move|p2a: Sandaconda|Coil|p2a: Sandaconda
|-boost|p2a: Sandaconda|atk|1
|-boost|p2a: Sandaconda|def|1
|-boost|p2a: Sandaconda|accuracy|1
|
|upkeep
|turn|8
|
|t:|1631940813
|switch|p2a: Togedemaru|Togedemaru, F|100/100
|-damage|p2a: Togedemaru|95/100|[from] Stealth Rock
|move|p1a: Sharpedo|Hydro Pump|p2a: Togedemaru
|-damage|p2a: Togedemaru|35/100
|-damage|p1a: Sharpedo|91/100|[from] item: Life Orb
|
|-ability|p1a: Sharpedo|Speed Boost|boost
|-boost|p1a: Sharpedo|spe|1
|upkeep
|turn|9
|
|t:|1631940822
|move|p1a: Sharpedo|Protect|p1a: Sharpedo
|-singleturn|p1a: Sharpedo|Protect
|move|p2a: Togedemaru|Spiky Shield||[still]
|-fail|p2a: Togedemaru
|
|-ability|p1a: Sharpedo|Speed Boost|boost
|-boost|p1a: Sharpedo|spe|1
|upkeep
|turn|10
|
|t:|1631940825
|move|p2a: Togedemaru|Spiky Shield|p2a: Togedemaru
|-singleturn|p2a: Togedemaru|move: Protect
|move|p1a: Sharpedo|Dark Pulse|p2a: Togedemaru
|-activate|p2a: Togedemaru|move: Protect
|
|-ability|p1a: Sharpedo|Speed Boost|boost
|-boost|p1a: Sharpedo|spe|1
|upkeep
|turn|11
|
|t:|1631940834
|move|p1a: Sharpedo|Dark Pulse|p2a: Togedemaru
|-damage|p2a: Togedemaru|0 fnt
|faint|p2a: Togedemaru
|-damage|p1a: Sharpedo|81/100|[from] item: Life Orb
|
|-ability|p1a: Sharpedo|Speed Boost|boost
|-boost|p1a: Sharpedo|spe|1
|upkeep
|
|t:|1631940837
|switch|p2a: Whimsicott|Whimsicott, M|100/100
|-damage|p2a: Whimsicott|88/100|[from] Stealth Rock
|turn|12
|
|t:|1631940841
|switch|p1a: Xatu|Xatu, M|36/100
|move|p2a: Whimsicott|Moonblast|p1a: Xatu
|-damage|p1a: Xatu|0 fnt
|faint|p1a: Xatu
|
|upkeep
|
|t:|1631940844
|switch|p1a: Diancie|Diancie|100/100
|turn|13
|
|t:|1631940849
|switch|p2a: Articuno|Articuno-Galar|100/100
|move|p1a: Diancie|Rock Polish|p1a: Diancie
|-boost|p1a: Diancie|spe|2
|
|upkeep
|turn|14
|
|t:|1631940852
|move|p1a: Diancie|Meteor Beam||[still]
|-prepare|p1a: Diancie|Meteor Beam
|-boost|p1a: Diancie|spa|1
|-enditem|p1a: Diancie|Power Herb
|-anim|p1a: Diancie|Meteor Beam|p2a: Articuno
|-supereffective|p2a: Articuno
|-damage|p2a: Articuno|0 fnt
|faint|p2a: Articuno
|
|upkeep
|
|t:|1631940855
|switch|p2a: Sandaconda|Sandaconda, M|100/100
|-damage|p2a: Sandaconda|94/100|[from] Stealth Rock
|turn|15
|
|t:|1631940879
|move|p1a: Diancie|Moonblast|p2a: Sandaconda
|-damage|p2a: Sandaconda|18/100
|-unboost|p2a: Sandaconda|spa|1
|move|p2a: Sandaconda|Earthquake|p1a: Diancie
|-supereffective|p1a: Diancie
|-damage|p1a: Diancie|31/100
|
|-heal|p2a: Sandaconda|24/100|[from] item: Leftovers
|upkeep
|turn|16
|
|t:|1631940883
|move|p1a: Diancie|Moonblast|p2a: Sandaconda
|-damage|p2a: Sandaconda|0 fnt
|faint|p2a: Sandaconda
|
|upkeep
|c|☆Feliburn|gg
|-message|Feliburn forfeited.
|
|win|whisperofheart
|n|☆whisperofheart|whisperofheart
|n|☆Feliburn|feliburn
|n|+Oathkeepre|oathkeepre
|n| Beanieater|beanieater
