|j|☆blib blab blub
|j|☆brandon barber
|t:|1651474235
|gametype|singles
|player|p1|blib blab blub|ethan|1285
|player|p2|brandon barber|brock|1346
|teamsize|p1|6
|teamsize|p2|6
|gen|8
|tier|[Gen 8] RU
|rated|
|rule|Sleep Clause Mod: Limit one foe put to sleep
|rule|Species Clause: Limit one of each Pokémon
|rule|OHKO Clause: OHKO moves are banned
|rule|Evasion Moves Clause: Evasion moves are banned
|rule|Endless Battle Clause: Forcing endless battles is banned
|rule|HP Percentage Mod: HP is shown in percentages
|rule|Dynamax Clause: You cannot dynamax
|clearpoke
|poke|p1|Quagsire, F|
|poke|p1|Scrafty, F|
|poke|p1|Weezing-Galar, M|
|poke|p1|Registeel|
|poke|p1|Gardevoir, F|
|poke|p1|Polteageist|
|poke|p2|Ninetales, F|
|poke|p2|Xatu, M|
|poke|p2|Rhyperior, M|
|poke|p2|Shiftry, F|
|poke|p2|Chandelure, M|
|poke|p2|Charizard, M|
|teampreview
|
|t:|1651474266
|start
|switch|p1a: Scrafty|Scrafty, F|100/100
|switch|p2a: Ninetales|Ninetales, F|100/100
|-weather|SunnyDay|[from] ability: Drought|[of] p2a: Ninetales
|turn|1
|
|t:|1651474272
|switch|p2a: Charizard|Charizard, M|100/100
|move|p1a: Scrafty|Bulk Up|p1a: Scrafty
|-boost|p1a: Scrafty|atk|1
|-boost|p1a: Scrafty|def|1
|
|-weather|SunnyDay|[upkeep]
|-damage|p2a: Charizard|88/100|[from] ability: Solar Power|[of] p2a: Charizard
|upkeep
|turn|2
|
|t:|1651474276
|move|p2a: Charizard|Weather Ball|p1a: Scrafty
|-damage|p1a: Scrafty|35/100
|move|p1a: Scrafty|Knock Off|p2a: Charizard
|-damage|p2a: Charizard|29/100
|-enditem|p2a: Charizard|Heavy-Duty Boots|[from] move: Knock Off|[of] p1a: Scrafty
|
|-weather|SunnyDay|[upkeep]
|-damage|p2a: Charizard|17/100|[from] ability: Solar Power|[of] p2a: Charizard
|-heal|p1a: Scrafty|41/100|[from] item: Leftovers
|upkeep
|turn|3
|
|t:|1651474292
|switch|p1a: Quagsire|Quagsire, F|100/100
|move|p2a: Charizard|Weather Ball|p1a: Quagsire
|-resisted|p1a: Quagsire
|-damage|p1a: Quagsire|38/100
|
|-weather|SunnyDay|[upkeep]
|-damage|p2a: Charizard|4/100|[from] ability: Solar Power|[of] p2a: Charizard
|-heal|p1a: Quagsire|44/100|[from] item: Leftovers
|upkeep
|turn|4
|
|t:|1651474305
|switch|p1a: Weezing|Weezing-Galar, M|100/100
|-ability|p1a: Weezing|Neutralizing Gas
|move|p2a: Charizard|Weather Ball|p1a: Weezing
|-damage|p1a: Weezing|5/100
|
|-weather|SunnyDay|[upkeep]
|-heal|p1a: Weezing|11/100|[from] item: Black Sludge
|upkeep
|turn|5
|
|t:|1651474313
|move|p2a: Charizard|Weather Ball|p1a: Weezing
|-damage|p1a: Weezing|0 fnt
|faint|p1a: Weezing
|-end|p1a: Weezing|ability: Neutralizing Gas
|
|-weather|SunnyDay|[upkeep]
|-damage|p2a: Charizard|0 fnt|[from] ability: Solar Power|[of] p2a: Charizard
|faint|p2a: Charizard
|upkeep
|
|t:|1651474327
|switch|p2a: Chandelure|Chandelure, M|100/100
|switch|p1a: Gardevoir|Gardevoir, F|100/100
|-ability|p1a: Gardevoir|Flash Fire|[from] ability: Trace|[of] p2a: Chandelure
|turn|6
|
|t:|1651474337
|move|p1a: Gardevoir|Healing Wish|p1a: Gardevoir
|faint|p1a: Gardevoir
|move|p2a: Chandelure|Shadow Ball|p1: Gardevoir|[notarget]
|-fail|p2a: Chandelure
|
|-weather|SunnyDay|[upkeep]
|upkeep
|
|t:|1651474340
|switch|p1a: Scrafty|Scrafty, F|41/100
|-heal|p1a: Scrafty|100/100|[from] move: Healing Wish
|turn|7
|
|t:|1651474352
|switch|p2a: Xatu|Xatu, M|100/100
|move|p1a: Scrafty|Bulk Up|p1a: Scrafty
|-boost|p1a: Scrafty|atk|1
|-boost|p1a: Scrafty|def|1
|
|-weather|SunnyDay|[upkeep]
|upkeep
|turn|8
|
|t:|1651474355
|move|p1a: Scrafty|Bulk Up|p1a: Scrafty
|-boost|p1a: Scrafty|atk|1
|-boost|p1a: Scrafty|def|1
|move|p2a: Xatu|Teleport|p2a: Xatu
|
|t:|1651474359
|switch|p2a: Chandelure|Chandelure, M|100/100|[from]move: Teleport
|
|-weather|none
|upkeep
|turn|9
|
|t:|1651474362
|switch|p2a: Ninetales|Ninetales, F|100/100
|-weather|SunnyDay|[from] ability: Drought|[of] p2a: Ninetales
|move|p1a: Scrafty|Knock Off|p2a: Ninetales
|-crit|p2a: Ninetales
|-damage|p2a: Ninetales|0 fnt
|-enditem|p2a: Ninetales|Heat Rock|[from] move: Knock Off|[of] p1a: Scrafty
|faint|p2a: Ninetales
|
|-weather|SunnyDay|[upkeep]
|upkeep
|
|t:|1651474364
|switch|p2a: Chandelure|Chandelure, M|100/100
|turn|10
|
|t:|1651474369
|move|p2a: Chandelure|Overheat|p1a: Scrafty|[miss]
|-miss|p2a: Chandelure|p1a: Scrafty
|move|p1a: Scrafty|Knock Off|p2a: Chandelure
|-supereffective|p2a: Chandelure
|-damage|p2a: Chandelure|0 fnt
|-enditem|p2a: Chandelure|Choice Scarf|[from] move: Knock Off|[of] p1a: Scrafty
|faint|p2a: Chandelure
|
|-weather|SunnyDay|[upkeep]
|upkeep
|n|!brandon barber|brandonbarber
|
|t:|1651474378
|switch|p2a: Rhyperior|Rhyperior, M|100/100
|turn|11
|
|t:|1651474382
|move|p1a: Scrafty|Drain Punch|p2a: Rhyperior
|-supereffective|p2a: Rhyperior
|-damage|p2a: Rhyperior|66/100
|move|p2a: Rhyperior|Earthquake|p1a: Scrafty
|-damage|p1a: Scrafty|80/100
|
|-weather|SunnyDay|[upkeep]
|-heal|p1a: Scrafty|86/100|[from] item: Leftovers
|-heal|p2a: Rhyperior|73/100|[from] item: Leftovers
|upkeep
|turn|12
|
|t:|1651474386
|move|p1a: Scrafty|Bulk Up|p1a: Scrafty
|-boost|p1a: Scrafty|atk|1
|-boost|p1a: Scrafty|def|1
|move|p2a: Rhyperior|Earthquake|p1a: Scrafty
|-damage|p1a: Scrafty|71/100
|
|-weather|SunnyDay|[upkeep]
|-heal|p1a: Scrafty|77/100|[from] item: Leftovers
|-heal|p2a: Rhyperior|79/100|[from] item: Leftovers
|upkeep
|turn|13
|
|t:|1651474388
|move|p1a: Scrafty|Drain Punch|p2a: Rhyperior
|-supereffective|p2a: Rhyperior
|-damage|p2a: Rhyperior|34/100
|-heal|p1a: Scrafty|100/100|[from] drain|[of] p2a: Rhyperior
|move|p2a: Rhyperior|Earthquake|p1a: Scrafty
|-damage|p1a: Scrafty|83/100
|
|-weather|SunnyDay|[upkeep]
|-heal|p1a: Scrafty|89/100|[from] item: Leftovers
|-heal|p2a: Rhyperior|41/100|[from] item: Leftovers
|upkeep
|turn|14
|
|t:|1651474391
|move|p1a: Scrafty|Drain Punch|p2a: Rhyperior
|-supereffective|p2a: Rhyperior
|-damage|p2a: Rhyperior|1/100
|-heal|p1a: Scrafty|100/100|[from] drain|[of] p2a: Rhyperior
|move|p2a: Rhyperior|Earthquake|p1a: Scrafty
|-damage|p1a: Scrafty|83/100
|
|-weather|SunnyDay|[upkeep]
|-heal|p1a: Scrafty|89/100|[from] item: Leftovers
|-heal|p2a: Rhyperior|7/100|[from] item: Leftovers
|upkeep
|turn|15
|
|t:|1651474395
|move|p1a: Scrafty|Drain Punch|p2a: Rhyperior
|-supereffective|p2a: Rhyperior
|-damage|p2a: Rhyperior|0 fnt
|-heal|p1a: Scrafty|94/100|[from] drain|[of] p2a: Rhyperior
|faint|p2a: Rhyperior
|
|-weather|SunnyDay|[upkeep]
|-heal|p1a: Scrafty|99/100|[from] item: Leftovers
|upkeep
|
|t:|1651474396
|switch|p2a: Shiftry|Shiftry, F|100/100
|turn|16
|
|t:|1651474398
|move|p2a: Shiftry|Leaf Blade|p1a: Scrafty
|-damage|p1a: Scrafty|78/100
|-damage|p2a: Shiftry|91/100|[from] item: Life Orb
|move|p1a: Scrafty|Drain Punch|p2a: Shiftry
|-supereffective|p2a: Shiftry
|-damage|p2a: Shiftry|0 fnt
|-heal|p1a: Scrafty|100/100|[from] drain|[of] p2a: Shiftry
|faint|p2a: Shiftry
|
|-weather|none
|upkeep
|-message|brandon barber forfeited.
|
|win|blib blab blub
|raw|blib blab blub's rating: 1285 &rarr; <strong>1314</strong><br />(+29 for winning)
|raw|brandon barber's rating: 1346 &rarr; <strong>1323</strong><br />(-23 for losing)
