|j|☆LarsoTubeJeanLouis
|j|☆A floor mat
|t:|1624381849
|gametype|singles
|player|p1|LarsoTubeJeanLouis|zinnia|
|player|p2|A floor mat|unknown|
|teamsize|p1|6
|teamsize|p2|6
|gen|8
|tier|[Gen 8] RU
|rule|Sleep Clause Mod: Limit one foe put to sleep
|rule|Species Clause: Limit one of each Pokémon
|rule|OHKO Clause: OHKO moves are banned
|rule|Evasion Moves Clause: Evasion moves are banned
|rule|Endless Battle Clause: Forcing endless battles is banned
|rule|HP Percentage Mod: HP is shown in percentages
|rule|Dynamax Clause: You cannot dynamax
|clearpoke
|poke|p1|Regirock|
|poke|p1|Zarude|
|poke|p1|Reuniclus, M|
|poke|p1|Togekiss, F|
|poke|p1|Gastrodon, F|
|poke|p1|Mienshao, M|
|poke|p2|Sudowoodo, M|
|poke|p2|Crobat, F|
|poke|p2|Gastrodon, M|
|poke|p2|Incineroar, M|
|poke|p2|Steelix, M|
|poke|p2|Celebi|
|teampreview
|inactive|Battle timer is ON: inactive players will automatically lose when time's up. (requested by LarsoTubeJeanLouis)
|c|☆A floor mat|its time!
|c|☆LarsoTubeJeanLouis|yeah
|c|☆LarsoTubeJeanLouis|final round
|inactive|LarsoTubeJeanLouis has 270 seconds left.
|c|☆LarsoTubeJeanLouis|ya see
|c|☆LarsoTubeJeanLouis|when rhyperior leaves
|c|☆LarsoTubeJeanLouis|regirock is my new main rocker
|c|☆LarsoTubeJeanLouis|just cause'
|c|☆A floor mat|i c i c
|c|☆LarsoTubeJeanLouis|its good
|
|t:|1624381906
|start
|switch|p1a: Regirock|Regirock|100/100
|switch|p2a: Paul|Steelix, M|100/100
|turn|1
|
|t:|1624381911
|move|p1a: Regirock|Stealth Rock|p2a: Paul
|-sidestart|p2: A floor mat|move: Stealth Rock
|move|p2a: Paul|Stealth Rock|p1a: Regirock
|-sidestart|p1: LarsoTubeJeanLouis|move: Stealth Rock
|
|upkeep
|turn|2
|
|t:|1624381926
|switch|p1a: Gastrodon|Gastrodon, F|100/100
|-damage|p1a: Gastrodon|94/100|[from] Stealth Rock
|move|p2a: Paul|Toxic|p1a: Gastrodon
|-status|p1a: Gastrodon|tox
|
|-heal|p1a: Gastrodon|100/100 tox|[from] item: Leftovers
|-damage|p1a: Gastrodon|94/100 tox|[from] psn
|upkeep
|turn|3
|c|☆LarsoTubeJeanLouis|im running this crazy set that loses to steelix 100% of the time
|
|t:|1624381935
|switch|p2a: Celebi|Celebi|100/100
|-damage|p2a: Celebi|88/100|[from] Stealth Rock
|move|p1a: Gastrodon|Toxic|p2a: Celebi
|-status|p2a: Celebi|tox
|
|-heal|p2a: Celebi|94/100 tox|[from] item: Leftovers
|-heal|p1a: Gastrodon|100/100 tox|[from] item: Leftovers
|-damage|p2a: Celebi|88/100 tox|[from] psn
|-damage|p1a: Gastrodon|88/100 tox|[from] psn
|upkeep
|turn|4
|c|☆LarsoTubeJeanLouis|go away
|c|☆A floor mat|lol
|
|t:|1624381949
|switch|p1a: Togekiss|Togekiss, F|100/100
|move|p2a: Celebi|U-turn|p1a: Togekiss
|-resisted|p1a: Togekiss
|-damage|p1a: Togekiss|97/100
|c|☆LarsoTubeJeanLouis|bye
|
|t:|1624381957
|switch|p2a: SudoXerneas|Sudowoodo, M|100/100|[from]move: U-turn
|-damage|p2a: SudoXerneas|88/100|[from] Stealth Rock
|
|upkeep
|turn|5
|c|☆LarsoTubeJeanLouis|danger danger
|c|☆LarsoTubeJeanLouis|banded sudowodo
|
|t:|1624381973
|switch|p1a: Regirock|Regirock|100/100
|-damage|p1a: Regirock|88/100|[from] Stealth Rock
|move|p2a: SudoXerneas|Earthquake|p1a: Regirock
|-supereffective|p1a: Regirock
|-damage|p1a: Regirock|47/100
|
|-heal|p1a: Regirock|53/100|[from] item: Leftovers
|upkeep
|turn|6
|
|t:|1624381982
|move|p2a: SudoXerneas|Wood Hammer|p1a: Regirock
|-supereffective|p1a: Regirock
|-damage|p1a: Regirock|6/100
|move|p1a: Regirock|Rock Slide|p2a: SudoXerneas
|-damage|p2a: SudoXerneas|59/100
|
|-heal|p1a: Regirock|12/100|[from] item: Leftovers
|upkeep
|turn|7
|c|☆LarsoTubeJeanLouis|nvm
|
|t:|1624381993
|move|p1a: Regirock|Protect|p1a: Regirock
|-singleturn|p1a: Regirock|Protect
|move|p2a: SudoXerneas|Earthquake|p1a: Regirock
|-activate|p1a: Regirock|move: Protect
|
|-heal|p1a: Regirock|18/100|[from] item: Leftovers
|upkeep
|turn|8
|c|☆LarsoTubeJeanLouis|nice stall
|
|t:|1624382000
|move|p2a: SudoXerneas|Earthquake|p1a: Regirock
|-supereffective|p1a: Regirock
|-damage|p1a: Regirock|0 fnt
|faint|p1a: Regirock
|
|upkeep
|c|☆LarsoTubeJeanLouis|nice chip
|c|☆A floor mat|tru
|
|t:|1624382006
|switch|p1a: Mienshao|Mienshao, M|100/100
|-damage|p1a: Mienshao|95/100|[from] Stealth Rock
|turn|9
|
|t:|1624382012
|switch|p2a: Smoothie|Crobat, F, shiny|100/100
|move|p1a: Mienshao|Knock Off|p2a: Smoothie
|-damage|p2a: Smoothie|57/100
|-enditem|p2a: Smoothie|Heavy-Duty Boots|[from] move: Knock Off|[of] p1a: Mienshao
|-damage|p1a: Mienshao|85/100|[from] item: Life Orb
|
|upkeep
|turn|10
|c|☆LarsoTubeJeanLouis|im crazy
|
|t:|1624382024
|switch|p1a: Reuniclus|Reuniclus, M|100/100
|-damage|p1a: Reuniclus|88/100|[from] Stealth Rock
|move|p2a: Smoothie|Roost|p2a: Smoothie
|-heal|p2a: Smoothie|100/100
|-singleturn|p2a: Smoothie|move: Roost
|
|upkeep
|turn|11
|
|t:|1624382032
|move|p2a: Smoothie|Defog|p1a: Reuniclus
|-unboost|p1a: Reuniclus|evasion|1
|-sideend|p1: LarsoTubeJeanLouis|Stealth Rock|[from] move: Defog|[of] p2a: Smoothie
|-sideend|p2: A floor mat|Stealth Rock|[from] move: Defog|[of] p2a: Smoothie
|move|p1a: Reuniclus|Substitute|p1a: Reuniclus
|-start|p1a: Reuniclus|Substitute
|-damage|p1a: Reuniclus|63/100
|
|upkeep
|turn|12
|
|t:|1624382042
|move|p2a: Smoothie|U-turn|p1a: Reuniclus
|-supereffective|p1a: Reuniclus
|-damage|p1a: Reuniclus|39/100
|
|t:|1624382046
|switch|p2a: Incineroar|Incineroar, M|100/100|[from]move: U-turn
|-ability|p2a: Incineroar|Intimidate|boost
|-immune|p1a: Reuniclus
|move|p1a: Reuniclus|Future Sight|p2a: Incineroar
|-start|p1a: Reuniclus|move: Future Sight
|
|upkeep
|turn|13
|
|t:|1624382053
|move|p2a: Incineroar|Knock Off|p1a: Reuniclus
|-supereffective|p1a: Reuniclus
|-end|p1a: Reuniclus|Substitute
|move|p1a: Reuniclus|Focus Blast|p2a: Incineroar
|-supereffective|p2a: Incineroar
|-crit|p2a: Incineroar
|-damage|p2a: Incineroar|38/100
|
|upkeep
|turn|14
|c|☆A floor mat|damn!
|
|t:|1624382064
|switch|p1a: Togekiss|Togekiss, F|97/100
|move|p2a: Incineroar|Knock Off|p1a: Togekiss
|-resisted|p1a: Togekiss
|-damage|p1a: Togekiss|82/100
|-enditem|p1a: Togekiss|Heavy-Duty Boots|[from] move: Knock Off|[of] p2a: Incineroar
|
|-end|p2a: Incineroar|move: Future Sight
|-immune|p2a: Incineroar
|upkeep
|turn|15
|c|☆LarsoTubeJeanLouis|ik
|c|☆LarsoTubeJeanLouis|crazy damage
|
|t:|1624382073
|switch|p2a: Paul|Steelix, M|100/100
|move|p1a: Togekiss|Heal Bell|p1a: Togekiss
|-activate|p1a: Togekiss|move: Heal Bell
|-curestatus|p1: Gastrodon|tox|[msg]
|
|upkeep
|turn|16
|
|t:|1624382079
|switch|p1a: Zarude|Zarude|100/100
|move|p2a: Paul|Stealth Rock|p1a: Zarude
|-sidestart|p1: LarsoTubeJeanLouis|move: Stealth Rock
|
|upkeep
|turn|17
|
|t:|1624382084
|move|p1a: Zarude|Power Whip|p2a: Paul
|-damage|p2a: Paul|72/100
|move|p2a: Paul|Heavy Slam|p1a: Zarude
|-damage|p1a: Zarude|67/100
|
|-heal|p2a: Paul|78/100|[from] item: Leftovers
|upkeep
|turn|18
|
|t:|1624382091
|move|p1a: Zarude|U-turn|p2a: Paul
|-resisted|p2a: Paul
|-damage|p2a: Paul|72/100
|
|t:|1624382095
|switch|p1a: Gastrodon|Gastrodon, F|88/100|[from]move: U-turn
|-damage|p1a: Gastrodon|82/100|[from] Stealth Rock
|move|p2a: Paul|Heavy Slam|p1a: Gastrodon
|-resisted|p1a: Gastrodon
|-damage|p1a: Gastrodon|70/100
|
|-heal|p1a: Gastrodon|76/100|[from] item: Leftovers
|-heal|p2a: Paul|78/100|[from] item: Leftovers
|upkeep
|turn|19
|
|t:|1624382105
|switch|p1a: Zarude|Zarude|67/100
|switch|p2a: Celebi|Celebi|88/100
|
|-heal|p2a: Celebi|94/100|[from] item: Leftovers
|upkeep
|turn|20
|
|t:|1624382114
|switch|p2a: Smoothie|Crobat, F, shiny|100/100
|move|p1a: Zarude|U-turn|p2a: Smoothie
|-resisted|p2a: Smoothie
|-damage|p2a: Smoothie|95/100
|
|t:|1624382122
|switch|p1a: Reuniclus|Reuniclus, M|73/100|[from]move: U-turn
|-damage|p1a: Reuniclus|60/100|[from] Stealth Rock
|
|upkeep
|turn|21
|
|t:|1624382132
|switch|p1a: Togekiss|Togekiss, F|82/100
|-damage|p1a: Togekiss|57/100|[from] Stealth Rock
|move|p2a: Smoothie|U-turn|p1a: Togekiss
|-resisted|p1a: Togekiss
|-damage|p1a: Togekiss|55/100
|
|t:|1624382142
|switch|p2a: SudoXerneas|Sudowoodo, M|59/100|[from]move: U-turn
|
|upkeep
|turn|22
|
|t:|1624382149
|switch|p1a: Gastrodon|Gastrodon, F|76/100
|-damage|p1a: Gastrodon|70/100|[from] Stealth Rock
|move|p2a: SudoXerneas|Head Smash|p1a: Gastrodon
|-resisted|p1a: Gastrodon
|-crit|p1a: Gastrodon
|-damage|p1a: Gastrodon|30/100
|
|-heal|p1a: Gastrodon|36/100|[from] item: Leftovers
|upkeep
|turn|23
|c|☆LarsoTubeJeanLouis|tell me
|c|☆LarsoTubeJeanLouis|is that max speed
|
|t:|1624382170
|switch|p2a: Celebi|Celebi|94/100
|move|p1a: Gastrodon|Scald|p2a: Celebi
|-resisted|p2a: Celebi
|-damage|p2a: Celebi|82/100
|
|-heal|p2a: Celebi|88/100|[from] item: Leftovers
|-heal|p1a: Gastrodon|43/100|[from] item: Leftovers
|upkeep
|turn|24
|c|☆LarsoTubeJeanLouis|so no
|c|☆A floor mat|u will never know
|
|t:|1624382183
|move|p2a: Celebi|Leaf Blade|p1a: Gastrodon
|-supereffective|p1a: Gastrodon
|-damage|p1a: Gastrodon|0 fnt
|faint|p1a: Gastrodon
|
|-heal|p2a: Celebi|94/100|[from] item: Leftovers
|upkeep
|
|t:|1624382188
|switch|p1a: Zarude|Zarude|67/100
|turn|25
|
|t:|1624382194
|switch|p2a: Incineroar|Incineroar, M|38/100
|-ability|p2a: Incineroar|Intimidate|boost
|-unboost|p1a: Zarude|atk|1
|move|p1a: Zarude|Darkest Lariat|p2a: Incineroar
|-resisted|p2a: Incineroar
|-damage|p2a: Incineroar|25/100
|
|upkeep
|turn|26
|
|t:|1624382203
|move|p1a: Zarude|U-turn|p2a: Incineroar
|-damage|p2a: Incineroar|10/100
|
|t:|1624382208
|switch|p1a: Togekiss|Togekiss, F|55/100|[from]move: U-turn
|-damage|p1a: Togekiss|30/100|[from] Stealth Rock
|move|p2a: Incineroar|U-turn|p1a: Togekiss
|-resisted|p1a: Togekiss
|-damage|p1a: Togekiss|27/100
|c|☆LarsoTubeJeanLouis|im cpicy rn
|c|☆LarsoTubeJeanLouis|spicy
|c|☆A floor mat|tru
|
|t:|1624382221
|switch|p2a: Smoothie|Crobat, F, shiny|95/100|[from]move: U-turn
|
|upkeep
|turn|27
|
|t:|1624382234
|move|p2a: Smoothie|Brave Bird|p1a: Togekiss
|-damage|p1a: Togekiss|0 fnt
|faint|p1a: Togekiss
|-damage|p2a: Smoothie|86/100|[from] Recoil
|
|upkeep
|c|☆LarsoTubeJeanLouis|NANI
|c|☆LarsoTubeJeanLouis|impossibke
|
|t:|1624382244
|switch|p1a: Reuniclus|Reuniclus, M|93/100
|-damage|p1a: Reuniclus|81/100|[from] Stealth Rock
|turn|28
|c|☆A floor mat|it is!
|
|t:|1624382254
|move|p2a: Smoothie|U-turn|p1a: Reuniclus
|-supereffective|p1a: Reuniclus
|-damage|p1a: Reuniclus|60/100
|
|t:|1624382257
|switch|p2a: Celebi|Celebi|94/100|[from]move: U-turn
|move|p1a: Reuniclus|Future Sight|p2a: Celebi
|-start|p1a: Reuniclus|move: Future Sight
|
|-heal|p2a: Celebi|99/100|[from] item: Leftovers
|upkeep
|turn|29
|
|t:|1624382263
|move|p2a: Celebi|Leaf Blade|p1a: Reuniclus
|-damage|p1a: Reuniclus|27/100
|move|p1a: Reuniclus|Knock Off|p2a: Celebi
|-supereffective|p2a: Celebi
|-damage|p2a: Celebi|73/100
|-enditem|p2a: Celebi|Leftovers|[from] move: Knock Off|[of] p1a: Reuniclus
|
|upkeep
|turn|30
|
|t:|1624382271
|switch|p1a: Zarude|Zarude|67/100
|move|p2a: Celebi|Leaf Blade|p1a: Zarude
|-resisted|p1a: Zarude
|-crit|p1a: Zarude
|-damage|p1a: Zarude|42/100
|
|-end|p2a: Celebi|move: Future Sight
|-resisted|p2a: Celebi
|-damage|p2a: Celebi|46/100
|upkeep
|turn|31
|
|t:|1624382280
|switch|p2a: Incineroar|Incineroar, M|10/100
|-ability|p2a: Incineroar|Intimidate|boost
|-unboost|p1a: Zarude|atk|1
|move|p1a: Zarude|Darkest Lariat|p2a: Incineroar
|-resisted|p2a: Incineroar
|-damage|p2a: Incineroar|0 fnt
|faint|p2a: Incineroar
|
|upkeep
|c|☆LarsoTubeJeanLouis|yeha gg
|c|☆LarsoTubeJeanLouis|i lose
|c|☆A floor mat|gg!
|
|t:|1624382293
|switch|p2a: Smoothie|Crobat, F, shiny|86/100
|turn|32
|-message|LarsoTubeJeanLouis forfeited.
|
|win|A floor mat
|c|☆LarsoTubeJeanLouis|im tired
