|j|☆Sabado Perpetuo
|j|☆Kingston9629
|inactive|Battle timer is ON: inactive players will automatically lose when time's up.
|t:|1636557199
|gametype|singles
|player|p1|Sabado Perpetuo|ninjaboy|
|player|p2|Kingston9629|1|
|teamsize|p1|6
|teamsize|p2|6
|gen|8
|tier|[Gen 8] RU
|rated|Tournament battle
|rule|Sleep Clause Mod: Limit one foe put to sleep
|rule|Species Clause: Limit one of each Pokémon
|rule|OHKO Clause: OHKO moves are banned
|rule|Evasion Moves Clause: Evasion moves are banned
|rule|Endless Battle Clause: Forcing endless battles is banned
|rule|HP Percentage Mod: HP is shown in percentages
|rule|Dynamax Clause: You cannot dynamax
|clearpoke
|poke|p1|Golurk|
|poke|p1|Roserade, M|
|poke|p1|Bronzong|
|poke|p1|Raikou|
|poke|p1|Incineroar, F|
|poke|p1|Noivern, M|
|poke|p2|Chandelure, F|
|poke|p2|Nidoqueen, F|
|poke|p2|Bronzong|
|poke|p2|Togekiss, F|
|poke|p2|Golisopod, M|
|poke|p2|Flygon, M|
|teampreview
|j|*Lady Monita ☽
|c|☆Kingston9629|gl hf!
|j| Gool456
|j| PokeArt2004❤
|j| bestgijljhkhas45
|j| daniYSB
|l| daniYSB
|c|☆Sabado Perpetuo|u2
|inactive|Sabado Perpetuo has 120 seconds left.
|inactive|Kingston9629 has 120 seconds left.
|
|t:|1636557259
|start
|switch|p1a: Noivern|Noivern, M|100/100
|switch|p2a: Nidoqueen|Nidoqueen, F|100/100
|turn|1
|
|t:|1636557265
|move|p1a: Noivern|U-turn|p2a: Nidoqueen
|-resisted|p2a: Nidoqueen
|-damage|p2a: Nidoqueen|94/100
|
|t:|1636557268
|switch|p1a: Bronzong|Bronzong|100/100|[from]move: U-turn
|move|p2a: Nidoqueen|Ice Beam|p1a: Bronzong
|-resisted|p1a: Bronzong
|-damage|p1a: Bronzong|87/100
|
|-heal|p1a: Bronzong|94/100|[from] item: Leftovers
|upkeep
|turn|2
|
|t:|1636557273
|switch|p2a: Golisopod|Golisopod, M, shiny|100/100
|move|p1a: Bronzong|Stealth Rock|p2a: Golisopod
|-sidestart|p2: Kingston9629|move: Stealth Rock
|
|-heal|p1a: Bronzong|99/100|[from] item: Leftovers
|upkeep
|turn|3
|
|t:|1636557284
|switch|p1a: Noivern|Noivern, M|100/100
|move|p2a: Golisopod|Knock Off|p1a: Noivern
|-damage|p1a: Noivern|63/100
|-enditem|p1a: Noivern|Heavy-Duty Boots|[from] move: Knock Off|[of] p2a: Golisopod
|
|upkeep
|turn|4
|
|t:|1636557299
|switch|p2a: Bronzong|Bronzong|100/100
|-damage|p2a: Bronzong|94/100|[from] Stealth Rock
|move|p1a: Noivern|Roost|p1a: Noivern
|-heal|p1a: Noivern|100/100
|-singleturn|p1a: Noivern|move: Roost
|
|-heal|p2a: Bronzong|100/100|[from] item: Leftovers
|upkeep
|turn|5
|
|t:|1636557304
|move|p1a: Noivern|U-turn|p2a: Bronzong
|-damage|p2a: Bronzong|90/100
|
|t:|1636557306
|switch|p1a: Golurk|Golurk|100/100|[from]move: U-turn
|move|p2a: Bronzong|Toxic|p1a: Golurk
|-status|p1a: Golurk|tox
|
|-heal|p2a: Bronzong|97/100|[from] item: Leftovers
|-damage|p1a: Golurk|95/100 tox|[from] psn
|upkeep
|turn|6
|
|t:|1636557313
|switch|p2a: Flygon|Flygon, M, shiny|100/100
|-damage|p2a: Flygon|94/100|[from] Stealth Rock
|move|p1a: Golurk|Poltergeist|p2a: Flygon
|-activate|p2a: Flygon|move: Poltergeist|Leftovers
|-damage|p2a: Flygon|12/100
|
|-heal|p2a: Flygon|18/100|[from] item: Leftovers
|-damage|p1a: Golurk|83/100 tox|[from] psn
|upkeep
|turn|7
|
|t:|1636557317
|move|p2a: Flygon|Defog|p1a: Golurk
|-unboost|p1a: Golurk|evasion|1
|-sideend|p2: Kingston9629|Stealth Rock|[from] move: Defog|[of] p2a: Flygon
|move|p1a: Golurk|Poltergeist|p2a: Flygon
|-activate|p2a: Flygon|move: Poltergeist|Leftovers
|-damage|p2a: Flygon|0 fnt
|faint|p2a: Flygon
|
|-damage|p1a: Golurk|65/100 tox|[from] psn
|upkeep
|
|t:|1636557322
|switch|p2a: Chandelure|Chandelure, F, shiny|100/100
|turn|8
|
|t:|1636557325
|switch|p1a: Incineroar|Incineroar, F|100/100
|-ability|p1a: Incineroar|Intimidate|boost
|-unboost|p2a: Chandelure|atk|1
|move|p2a: Chandelure|Shadow Ball|p1a: Incineroar
|-resisted|p1a: Incineroar
|-damage|p1a: Incineroar|77/100
|
|upkeep
|turn|9
|j| bouky
|
|t:|1636557332
|switch|p2a: Togekiss|Togekiss, F|100/100
|move|p1a: Incineroar|U-turn|p2a: Togekiss
|-resisted|p2a: Togekiss
|-damage|p2a: Togekiss|95/100
|
|t:|1636557343
|switch|p1a: Raikou|Raikou, shiny|100/100|[from]move: U-turn
|-ability|p1a: Raikou|Pressure
|
|upkeep
|turn|10
|
|t:|1636557350
|switch|p2a: Bronzong|Bronzong|97/100
|move|p1a: Raikou|Scald|p2a: Bronzong
|-damage|p2a: Bronzong|79/100
|
|-heal|p2a: Bronzong|85/100|[from] item: Leftovers
|upkeep
|turn|11
|
|t:|1636557353
|move|p1a: Raikou|Volt Switch|p2a: Bronzong
|-damage|p2a: Bronzong|64/100
|
|t:|1636557355
|switch|p1a: Bronzong|Bronzong|99/100|[from]move: Volt Switch
|move|p2a: Bronzong|Stealth Rock|p1a: Bronzong
|-sidestart|p1: Sabado Perpetuo|move: Stealth Rock
|
|-heal|p2a: Bronzong|71/100|[from] item: Leftovers
|-heal|p1a: Bronzong|100/100|[from] item: Leftovers
|upkeep
|turn|12
|
|t:|1636557360
|switch|p2a: Chandelure|Chandelure, F, shiny|100/100
|move|p1a: Bronzong|Stealth Rock|p2a: Chandelure
|-sidestart|p2: Kingston9629|move: Stealth Rock
|
|upkeep
|turn|13
|
|t:|1636557364
|switch|p1a: Incineroar|Incineroar, F|77/100
|-ability|p1a: Incineroar|Intimidate|boost
|-unboost|p2a: Chandelure|atk|1
|move|p2a: Chandelure|Shadow Ball|p1a: Incineroar
|-resisted|p1a: Incineroar
|-damage|p1a: Incineroar|55/100
|
|upkeep
|turn|14
|j| wesh papillon
|
|t:|1636557372
|switch|p2a: Golisopod|Golisopod, M, shiny|100/100
|move|p1a: Incineroar|Knock Off|p2a: Golisopod
|-damage|p2a: Golisopod|69/100
|-enditem|p2a: Golisopod|Heavy-Duty Boots|[from] move: Knock Off|[of] p1a: Incineroar
|
|upkeep
|turn|15
|j| Tsar Dedede
|j| X R X yt
|
|t:|1636557393
|switch|p2a: Togekiss|Togekiss, F|95/100
|-damage|p2a: Togekiss|70/100|[from] Stealth Rock
|move|p1a: Incineroar|U-turn|p2a: Togekiss
|-resisted|p2a: Togekiss
|-damage|p2a: Togekiss|65/100
|
|t:|1636557399
|switch|p1a: Raikou|Raikou, shiny|100/100|[from]move: U-turn
|-ability|p1a: Raikou|Pressure
|
|upkeep
|turn|16
|
|t:|1636557407
|switch|p2a: Nidoqueen|Nidoqueen, F|94/100
|-damage|p2a: Nidoqueen|88/100|[from] Stealth Rock
|move|p1a: Raikou|Scald|p2a: Nidoqueen
|-supereffective|p2a: Nidoqueen
|-damage|p2a: Nidoqueen|30/100
|-status|p2a: Nidoqueen|brn
|
|-damage|p2a: Nidoqueen|23/100 brn|[from] brn
|upkeep
|turn|17
|
|t:|1636557410
|move|p1a: Raikou|Scald|p2a: Nidoqueen
|-supereffective|p2a: Nidoqueen
|-damage|p2a: Nidoqueen|0 fnt
|faint|p2a: Nidoqueen
|
|upkeep
|
|t:|1636557415
|switch|p2a: Golisopod|Golisopod, M, shiny|69/100
|-damage|p2a: Golisopod|44/100|[from] Stealth Rock
|-activate|p2a: Golisopod|ability: Emergency Exit
|
|t:|1636557417
|switch|p2a: Bronzong|Bronzong|71/100
|-damage|p2a: Bronzong|64/100|[from] Stealth Rock
|turn|18
|
|t:|1636557424
|move|p1a: Raikou|Volt Switch|p2a: Bronzong
|-damage|p2a: Bronzong|44/100
|
|t:|1636557426
|switch|p1a: Bronzong|Bronzong|100/100|[from]move: Volt Switch
|-damage|p1a: Bronzong|94/100|[from] Stealth Rock
|move|p2a: Bronzong|Earthquake|p1a: Bronzong
|-immune|p1a: Bronzong|[from] ability: Levitate
|
|-heal|p2a: Bronzong|50/100|[from] item: Leftovers
|-heal|p1a: Bronzong|100/100|[from] item: Leftovers
|upkeep
|turn|19
|
|t:|1636557432
|switch|p2a: Golisopod|Golisopod, M, shiny|44/100
|-damage|p2a: Golisopod|19/100|[from] Stealth Rock
|switch|p1a: Golurk|Golurk|65/100 tox
|-damage|p1a: Golurk|59/100 tox|[from] Stealth Rock
|
|-damage|p1a: Golurk|53/100 tox|[from] psn
|upkeep
|turn|20
|
|t:|1636557441
|move|p2a: Golisopod|First Impression|p1a: Golurk
|-resisted|p1a: Golurk
|-damage|p1a: Golurk|19/100 tox
|move|p1a: Golurk|Earthquake|p2a: Golisopod
|-resisted|p2a: Golisopod
|-damage|p2a: Golisopod|0 fnt
|faint|p2a: Golisopod
|
|-damage|p1a: Golurk|7/100 tox|[from] psn
|upkeep
|c|☆Kingston9629|gg
|
|t:|1636557455
|switch|p2a: Chandelure|Chandelure, F, shiny|100/100
|-damage|p2a: Chandelure|76/100|[from] Stealth Rock
|turn|21
|
|t:|1636557458
|move|p2a: Chandelure|Shadow Ball|p1a: Golurk
|-supereffective|p1a: Golurk
|-damage|p1a: Golurk|0 fnt
|faint|p1a: Golurk
|
|upkeep
|j| micoytancinco12
|
|t:|1636557463
|switch|p1a: Incineroar|Incineroar, F|55/100
|-ability|p1a: Incineroar|Intimidate|boost
|-unboost|p2a: Chandelure|atk|1
|turn|22
|
|t:|1636557468
|move|p2a: Chandelure|Shadow Ball|p1a: Incineroar
|-resisted|p1a: Incineroar
|-damage|p1a: Incineroar|31/100
|move|p1a: Incineroar|Knock Off|p2a: Chandelure
|-supereffective|p2a: Chandelure
|-damage|p2a: Chandelure|0 fnt
|-enditem|p2a: Chandelure|Choice Specs|[from] move: Knock Off|[of] p1a: Incineroar
|faint|p2a: Chandelure
|
|upkeep
|
|t:|1636557472
|switch|p2a: Togekiss|Togekiss, F|65/100
|-damage|p2a: Togekiss|40/100|[from] Stealth Rock
|turn|23
|
|t:|1636557475
|move|p2a: Togekiss|Air Slash|p1a: Incineroar
|-damage|p1a: Incineroar|3/100
|move|p1a: Incineroar|U-turn|p2a: Togekiss
|-resisted|p2a: Togekiss
|-damage|p2a: Togekiss|35/100
|
|t:|1636557478
|switch|p1a: Raikou|Raikou, shiny|100/100|[from]move: U-turn
|-ability|p1a: Raikou|Pressure
|
|upkeep
|turn|24
|
|t:|1636557481
|move|p2a: Togekiss|Air Slash|p1a: Raikou
|-resisted|p1a: Raikou
|-crit|p1a: Raikou
|-damage|p1a: Raikou|72/100
|move|p1a: Raikou|Thunderbolt|p2a: Togekiss
|-supereffective|p2a: Togekiss
|-damage|p2a: Togekiss|0 fnt
|faint|p2a: Togekiss
|
|upkeep
|c|☆Sabado Perpetuo|gg
|-message|Kingston9629 forfeited.
|
|win|Sabado Perpetuo
|n|☆Sabado Perpetuo|sabadoperpetuo
|n|☆Kingston9629|kingston9629
|n|*Lady Monita ☽|ladymonita
|n| Gool456|gool456
|n| PokeArt2004❤|pokeart2004
|n| bestgijljhkhas45|bestgijljhkhas45
|n| bouky|bouky
|n| wesh papillon|weshpapillon
|n| Tsar Dedede|tsardedede
|n| X R X yt|xrxyt
|n| micoytancinco12|micoytancinco12
|l|*Lady Monita ☽
|l|☆Kingston9629
|l|☆Sabado Perpetuo
|l| micoytancinco12
|l| X R X yt
|l| Gool456
