|j|☆Guybackstage
|j|☆Yimiku
|t:|1646527919
|gametype|singles
|player|p1|Guybackstage|cameraman|1404
|player|p2|Yimiku|camper|1321
|teamsize|p1|6
|teamsize|p2|6
|gen|8
|tier|[Gen 8] RU
|rated|
|rule|Sleep Clause Mod: Limit one foe put to sleep
|rule|Species Clause: Limit one of each Pokémon
|rule|OHKO Clause: OHKO moves are banned
|rule|Evasion Moves Clause: Evasion moves are banned
|rule|Endless Battle Clause: Forcing endless battles is banned
|rule|HP Percentage Mod: HP is shown in percentages
|rule|Dynamax Clause: You cannot dynamax
|clearpoke
|poke|p1|Natu, M|
|poke|p1|Snorlax, M|
|poke|p1|Marowak-Alola, F|
|poke|p1|Porygon2|
|poke|p1|Pangoro, F|
|poke|p1|Whimsicott, M|
|poke|p2|Porygon-Z|
|poke|p2|Tsareena, F|
|poke|p2|Comfey, M|
|poke|p2|Passimian, F|
|poke|p2|Metagross|
|poke|p2|Flygon, M|
|teampreview
|c|☆Yimiku|gl hf
|inactive|Battle timer is ON: inactive players will automatically lose when time's up. (requested by Guybackstage)
|c|☆Guybackstage|Gl hf!
|
|t:|1646527941
|start
|switch|p1a: Natu|Natu, M|100/100
|switch|p2a: Passimian|Passimian, F|100/100
|turn|1
|
|t:|1646527947
|move|p2a: Passimian|Rock Slide|p1a: Natu|[miss]
|-miss|p2a: Passimian|p1a: Natu
|move|p1a: Natu|Trick Room|p1a: Natu
|-fieldstart|move: Trick Room|[of] p1a: Natu
|
|upkeep
|turn|2
|
|t:|1646527958
|move|p2a: Passimian|Rock Slide|p1a: Natu
|-supereffective|p1a: Natu
|-enditem|p1a: Natu|Focus Sash
|-damage|p1a: Natu|1/100
|move|p1a: Natu|Teleport|p1a: Natu
|
|t:|1646527965
|switch|p1a: Marowak|Marowak-Alola, F|100/100|[from]move: Teleport
|
|upkeep
|turn|3
|
|t:|1646527984
|switch|p2a: Tsareena|Tsareena, F|100/100
|move|p1a: Marowak|Flare Blitz|p2a: Tsareena
|-supereffective|p2a: Tsareena
|-damage|p2a: Tsareena|0 fnt
|faint|p2a: Tsareena
|
|upkeep
|
|t:|1646527990
|switch|p2a: Flygon|Flygon, M|100/100
|turn|4
|
|t:|1646527994
|move|p1a: Marowak|Poltergeist|p2a: Flygon
|-activate|p2a: Flygon|move: Poltergeist|Life Orb
|-damage|p2a: Flygon|0 fnt
|faint|p2a: Flygon
|
|upkeep
|
|t:|1646528004
|switch|p2a: Metagross|Metagross|100/100
|turn|5
|
|t:|1646528011
|switch|p2a: Porygon-Z|Porygon-Z|100/100
|move|p1a: Marowak|Flare Blitz|p2a: Porygon-Z
|-damage|p2a: Porygon-Z|0 fnt
|faint|p2a: Porygon-Z
|
|-fieldend|move: Trick Room
|upkeep
|
|t:|1646528019
|switch|p2a: Metagross|Metagross|100/100
|turn|6
|
|t:|1646528023
|switch|p1a: Natu|Natu, M|1/100
|move|p2a: Metagross|Earthquake|p1a: Natu
|-immune|p1a: Natu
|
|upkeep
|turn|7
|
|t:|1646528030
|switch|p2a: Cozy :)|Comfey, M, shiny|100/100
|move|p1a: Natu|Trick Room|p1a: Natu
|-fieldstart|move: Trick Room|[of] p1a: Natu
|
|upkeep
|turn|8
|
|t:|1646528035
|move|p2a: Cozy :)|Calm Mind|p2a: Cozy :)
|-boost|p2a: Cozy :)|spa|1
|-boost|p2a: Cozy :)|spd|1
|move|p1a: Natu|Teleport|p1a: Natu
|
|t:|1646528040
|switch|p1a: Marowak|Marowak-Alola, F|100/100|[from]move: Teleport
|
|upkeep
|turn|9
|
|t:|1646528044
|move|p2a: Cozy :)|Draining Kiss|p1a: Marowak
|-resisted|p1a: Marowak
|-damage|p1a: Marowak|74/100
|-damage|p2a: Cozy :)|91/100|[from] item: Life Orb
|move|p1a: Marowak|Flare Blitz|p2a: Cozy :)
|-damage|p2a: Cozy :)|0 fnt
|faint|p2a: Cozy :)
|
|upkeep
|
|t:|1646528047
|switch|p2a: Passimian|Passimian, F|100/100
|turn|10
|c|☆Yimiku|gg
|
|t:|1646528055
|move|p1a: Marowak|Flare Blitz|p2a: Passimian
|-damage|p2a: Passimian|0 fnt
|faint|p2a: Passimian
|
|upkeep
|
|t:|1646528058
|switch|p2a: Metagross|Metagross|100/100
|turn|11
|
|t:|1646528062
|move|p1a: Marowak|Flare Blitz|p2a: Metagross
|-supereffective|p2a: Metagross
|-damage|p2a: Metagross|0 fnt
|faint|p2a: Metagross
|
|win|Guybackstage
|raw|Guybackstage's rating: 1404 &rarr; <strong>1419</strong><br />(+15 for winning)
|raw|Yimiku's rating: 1321 &rarr; <strong>1306</strong><br />(-15 for losing)
|c|☆Guybackstage|Gg
|l|☆Yimiku
||Ladder isn't responding, score probably updated but might not have (Request timeout).
