|j|☆DeathOfASusMan
|j|☆Ill Leave
|t:|1667687644
|gametype|singles
|player|p1|DeathOfASusMan|depotagent|1295
|player|p2|Ill Leave|170|1532
|teamsize|p1|6
|teamsize|p2|6
|gen|8
|tier|[Gen 8] RU
|rated|
|rule|Sleep Clause Mod: Limit one foe put to sleep
|rule|Species Clause: Limit one of each Pokémon
|rule|OHKO Clause: OHKO moves are banned
|rule|Evasion Items Clause: Evasion items are banned
|rule|Evasion Moves Clause: Evasion moves are banned
|rule|Endless Battle Clause: Forcing endless battles is banned
|rule|HP Percentage Mod: HP is shown in percentages
|rule|Dynamax Clause: You cannot dynamax
|clearpoke
|poke|p1|Lycanroc, F|
|poke|p1|Polteageist|
|poke|p1|Flygon, F|
|poke|p1|Cloyster, F|
|poke|p1|Raikou|
|poke|p1|Heracross, M|
|poke|p2|Weezing-Galar, F|
|poke|p2|Suicune|
|poke|p2|Metagross|
|poke|p2|Mudsdale, M|
|poke|p2|Pangoro, M|
|poke|p2|Tentacruel, M|
|teampreview
|inactive|Battle timer is ON: inactive players will automatically lose when time's up. (requested by DeathOfASusMan)
|
|t:|1667687654
|start
|switch|p1a: Lycanroc|Lycanroc, F|100/100
|switch|p2a: Weezing|Weezing-Galar, F|100/100
|turn|1
|j| hoyssxo
|c|☆DeathOfASusMan|glhf
|l| hoyssxo
|
|t:|1667687661
|move|p1a: Lycanroc|Taunt|p2a: Weezing
|-start|p2a: Weezing|move: Taunt
|move|p2a: Weezing|Strange Steam|p1a: Lycanroc
|-damage|p1a: Lycanroc|55/100
|
|upkeep
|turn|2
|j| hoyssxo
|
|t:|1667687668
|move|p1a: Lycanroc|Stealth Rock|p2a: Weezing
|-sidestart|p2: Ill Leave|move: Stealth Rock
|move|p2a: Weezing|Strange Steam|p1a: Lycanroc
|-damage|p1a: Lycanroc|12/100
|
|upkeep
|turn|3
|
|t:|1667687674
|move|p1a: Lycanroc|Endeavor|p2a: Weezing
|-damage|p2a: Weezing|11/100
|-damage|p1a: Lycanroc|0 fnt|[from] item: Rocky Helmet|[of] p2a: Weezing
|faint|p1a: Lycanroc
|move|p2a: Weezing|Strange Steam|p1: Lycanroc|[notarget]
|-fail|p2a: Weezing
|
|-end|p2a: Weezing|move: Taunt
|upkeep
|l| hoyssxo
|
|t:|1667687690
|switch|p1a: Heracross|Heracross, M|100/100
|turn|4
|
|t:|1667687697
|move|p1a: Heracross|Knock Off|p2a: Weezing
|-resisted|p2a: Weezing
|-damage|p2a: Weezing|0 fnt
|-damage|p1a: Heracross|84/100|[from] item: Rocky Helmet|[of] p2a: Weezing
|-enditem|p2a: Weezing|Rocky Helmet|[from] move: Knock Off|[of] p1a: Heracross
|faint|p2a: Weezing
|-ability|p1a: Heracross|Moxie|boost
|-boost|p1a: Heracross|atk|1
|
|upkeep
|
|t:|1667687705
|switch|p2a: Pangoro|Pangoro, M|100/100
|-damage|p2a: Pangoro|94/100|[from] Stealth Rock
|turn|5
|
|t:|1667687708
|move|p1a: Heracross|Knock Off|p2a: Pangoro
|-resisted|p2a: Pangoro
|-damage|p2a: Pangoro|80/100
|-enditem|p2a: Pangoro|Choice Band|[from] move: Knock Off|[of] p1a: Heracross
|move|p2a: Pangoro|Knock Off|p1a: Heracross
|-resisted|p1a: Heracross
|-damage|p1a: Heracross|46/100
|-enditem|p1a: Heracross|Choice Scarf|[from] move: Knock Off|[of] p2a: Pangoro
|
|upkeep
|turn|6
|
|t:|1667687720
|switch|p2a: Tentacruel|Tentacruel, M|100/100
|-damage|p2a: Tentacruel|88/100|[from] Stealth Rock
|move|p1a: Heracross|Megahorn|p2a: Tentacruel
|-resisted|p2a: Tentacruel
|-damage|p2a: Tentacruel|22/100
|
|-heal|p2a: Tentacruel|28/100|[from] item: Black Sludge
|upkeep
|turn|7
|
|t:|1667687728
|move|p1a: Heracross|Megahorn|p2a: Tentacruel|[miss]
|-miss|p1a: Heracross|p2a: Tentacruel
|move|p2a: Tentacruel|Rapid Spin|p1a: Heracross
|-damage|p1a: Heracross|35/100
|-boost|p2a: Tentacruel|spe|1
|-sideend|p2: Ill Leave|Stealth Rock|[from] move: Rapid Spin|[of] p2a: Tentacruel
|
|-heal|p2a: Tentacruel|34/100|[from] item: Black Sludge
|upkeep
|turn|8
|
|t:|1667687735
|move|p2a: Tentacruel|Sludge Bomb|p1a: Heracross
|-damage|p1a: Heracross|5/100
|move|p1a: Heracross|Megahorn|p2a: Tentacruel
|-resisted|p2a: Tentacruel
|-damage|p2a: Tentacruel|0 fnt
|faint|p2a: Tentacruel
|-ability|p1a: Heracross|Moxie|boost
|-boost|p1a: Heracross|atk|1
|
|upkeep
|
|t:|1667687743
|switch|p2a: Pangoro|Pangoro, M|80/100
|turn|9
|j| cha00s
|
|t:|1667687753
|move|p2a: Pangoro|Bullet Punch|p1a: Heracross
|-crit|p1a: Heracross
|-damage|p1a: Heracross|0 fnt
|faint|p1a: Heracross
|
|upkeep
|
|t:|1667687758
|switch|p1a: Raikou|Raikou|100/100
|-ability|p1a: Raikou|Pressure
|turn|10
|
|t:|1667687764
|move|p1a: Raikou|Thunderbolt|p2a: Pangoro
|-damage|p2a: Pangoro|0 fnt
|faint|p2a: Pangoro
|
|upkeep
|
|t:|1667687767
|switch|p2a: Mudsdale|Mudsdale, M|100/100
|turn|11
|
|t:|1667687773
|switch|p1a: Polteageist|Polteageist|100/100
|move|p2a: Mudsdale|Stealth Rock|p1a: Polteageist
|-sidestart|p1: DeathOfASusMan|move: Stealth Rock
|
|upkeep
|turn|12
|
|t:|1667687779
|move|p1a: Polteageist|Shell Smash|p1a: Polteageist
|-unboost|p1a: Polteageist|def|1
|-unboost|p1a: Polteageist|spd|1
|-boost|p1a: Polteageist|atk|2
|-boost|p1a: Polteageist|spa|2
|-boost|p1a: Polteageist|spe|2
|-enditem|p1a: Polteageist|White Herb
|-clearnegativeboost|p1a: Polteageist|[silent]
|move|p2a: Mudsdale|Earthquake|p1a: Polteageist
|-damage|p1a: Polteageist|17/100
|-start|p2a: Mudsdale|Disable|Earthquake|[from] ability: Cursed Body|[of] p1a: Polteageist
|
|upkeep
|turn|13
|
|t:|1667687791
|move|p1a: Polteageist|Giga Drain|p2a: Mudsdale
|-supereffective|p2a: Mudsdale
|-damage|p2a: Mudsdale|6/100
|-heal|p1a: Polteageist|89/100|[from] drain|[of] p2a: Mudsdale
|-ability|p2a: Mudsdale|Stamina|boost
|-boost|p2a: Mudsdale|def|1
|move|p2a: Mudsdale|Toxic|p1a: Polteageist
|-status|p1a: Polteageist|tox
|
|-heal|p2a: Mudsdale|13/100|[from] item: Leftovers
|-damage|p1a: Polteageist|83/100 tox|[from] psn
|upkeep
|turn|14
|inactive|Ill Leave has 120 seconds left.
|
|t:|1667687826
|move|p2a: Mudsdale|Protect|p2a: Mudsdale
|-singleturn|p2a: Mudsdale|Protect
|move|p1a: Polteageist|Giga Drain|p2a: Mudsdale
|-activate|p2a: Mudsdale|move: Protect
|
|-heal|p2a: Mudsdale|19/100|[from] item: Leftovers
|-damage|p1a: Polteageist|71/100 tox|[from] psn
|upkeep
|turn|15
|
|t:|1667687833
|switch|p2a: Metagross|Metagross|100/100
|move|p1a: Polteageist|Giga Drain|p2a: Metagross
|-resisted|p2a: Metagross
|-damage|p2a: Metagross|62/100
|-heal|p1a: Polteageist|93/100 tox|[from] drain|[of] p2a: Metagross
|
|-damage|p1a: Polteageist|75/100 tox|[from] psn
|upkeep
|turn|16
|
|t:|1667687848
|switch|p2a: Suicune|Suicune|100/100
|-ability|p2a: Suicune|Pressure
|move|p1a: Polteageist|Shadow Ball|p2a: Suicune
|-damage|p2a: Suicune|30/100
|
|-heal|p2a: Suicune|36/100|[from] item: Leftovers
|-damage|p1a: Polteageist|50/100 tox|[from] psn
|upkeep
|turn|17
|
|t:|1667687859
|switch|p2a: Metagross|Metagross|62/100
|move|p1a: Polteageist|Giga Drain|p2a: Metagross
|-resisted|p2a: Metagross
|-damage|p2a: Metagross|26/100
|-heal|p1a: Polteageist|71/100 tox|[from] drain|[of] p2a: Metagross
|
|-damage|p1a: Polteageist|40/100 tox|[from] psn
|upkeep
|turn|18
|inactive|Ill Leave has 120 seconds left.
|
|t:|1667687896
|move|p1a: Polteageist|Giga Drain|p2a: Metagross
|-resisted|p2a: Metagross
|-damage|p2a: Metagross|0 fnt
|-heal|p1a: Polteageist|55/100 tox|[from] drain|[of] p2a: Metagross
|faint|p2a: Metagross
|
|-damage|p1a: Polteageist|19/100 tox|[from] psn
|upkeep
|
|t:|1667687900
|switch|p2a: Mudsdale|Mudsdale, M|19/100
|turn|19
|
|t:|1667687904
|move|p2a: Mudsdale|Protect|p2a: Mudsdale
|-singleturn|p2a: Mudsdale|Protect
|move|p1a: Polteageist|Giga Drain|p2a: Mudsdale
|-activate|p2a: Mudsdale|move: Protect
|
|-heal|p2a: Mudsdale|25/100|[from] item: Leftovers
|-damage|p1a: Polteageist|0 fnt|[from] psn
|faint|p1a: Polteageist
|upkeep
|
|t:|1667687914
|switch|p1a: Cloyster|Cloyster, F|100/100
|-damage|p1a: Cloyster|76/100|[from] Stealth Rock
|turn|20
|
|t:|1667687923
|move|p1a: Cloyster|Icicle Spear|p2a: Mudsdale
|-supereffective|p2a: Mudsdale
|-damage|p2a: Mudsdale|9/100
|-ability|p2a: Mudsdale|Stamina|boost
|-boost|p2a: Mudsdale|def|1
|-supereffective|p2a: Mudsdale
|-damage|p2a: Mudsdale|0 fnt
|faint|p2a: Mudsdale
|-hitcount|p2: Mudsdale|2
|
|upkeep
|
|t:|1667687928
|switch|p2a: Suicune|Suicune|36/100
|-ability|p2a: Suicune|Pressure
|turn|21
|
|t:|1667687933
|move|p1a: Cloyster|Rock Blast|p2a: Suicune
|-crit|p2a: Suicune
|-damage|p2a: Suicune|29/100
|-damage|p2a: Suicune|25/100
|-damage|p2a: Suicune|20/100
|-damage|p2a: Suicune|15/100
|-damage|p2a: Suicune|11/100
|-hitcount|p2a: Suicune|5
|move|p2a: Suicune|Calm Mind|p2a: Suicune
|-boost|p2a: Suicune|spa|1
|-boost|p2a: Suicune|spd|1
|
|-heal|p2a: Suicune|17/100|[from] item: Leftovers
|upkeep
|turn|22
|
|t:|1667687945
|move|p1a: Cloyster|Rock Blast|p2a: Suicune
|-damage|p2a: Suicune|12/100
|-crit|p2a: Suicune
|-damage|p2a: Suicune|6/100
|-damage|p2a: Suicune|1/100
|-damage|p2a: Suicune|0 fnt
|faint|p2a: Suicune
|-hitcount|p2: Suicune|4
|
|win|DeathOfASusMan
|raw|DeathOfASusMan's rating: 1295 &rarr; <strong>1335</strong><br />(+40 for winning)
|raw|Ill Leave's rating: 1532 &rarr; <strong>1500</strong><br />(-32 for losing)
|c|☆DeathOfASusMan|ggwp
|l|☆Ill Leave
|l|☆DeathOfASusMan
