|j|☆Cyan Rain
|j|☆4damantium
|player|p1|Cyan Rain|282|1376
|player|p2|4damantium|274|1375
|teamsize|p1|6
|teamsize|p2|6
|gametype|singles
|gen|8
|tier|[Gen 8] RU
|rated|
|clearpoke
|poke|p1|Virizion|
|poke|p1|Salazzle, F|
|poke|p1|Indeedee, M|
|poke|p1|Silvally-*|
|poke|p1|Jellicent, M|
|poke|p1|Mudsdale, F|
|poke|p2|Vileplume, M|
|poke|p2|Xatu, F|
|poke|p2|Morpeko, F|
|poke|p2|Passimian, F|
|poke|p2|Jellicent, M|
|poke|p2|Steelix, F|
|rule|Sleep Clause Mod: Limit one foe put to sleep
|rule|Species Clause: Limit one of each Pokémon
|rule|OHKO Clause: OHKO moves are banned
|rule|Evasion Moves Clause: Evasion moves are banned
|rule|Endless Battle Clause: Forcing endless battles is banned
|rule|HP Percentage Mod: HP is shown in percentages
|rule|Dynamax Clause: You cannot dynamax
|teampreview
|
|start
|switch|p1a: Indeedee|Indeedee, M|100/100
|switch|p2a: Passimian|Passimian, F|100/100
|-fieldstart|move: Psychic Terrain|[from] ability: Psychic Surge|[of] p1a: Indeedee
|turn|1
|
|switch|p2a: Steelix|Steelix, F|100/100
|move|p1a: Indeedee|Psychic|p2a: Steelix
|-resisted|p2a: Steelix
|-damage|p2a: Steelix|75/100
|-unboost|p2a: Steelix|spd|1
|
|-heal|p2a: Steelix|81/100|[from] item: Leftovers
|upkeep
|turn|2
|
|switch|p1a: Jellicent|Jellicent, M|100/100
|move|p2a: Steelix|Stealth Rock|p1a: Jellicent
|-sidestart|p1: Cyan Rain|move: Stealth Rock
|
|-heal|p2a: Steelix|87/100|[from] item: Leftovers
|upkeep
|turn|3
|
|switch|p2a: Xatu|Xatu, F|100/100
|move|p1a: Jellicent|Scald|p2a: Xatu
|-damage|p2a: Xatu|68/100
|-status|p2a: Xatu|brn
|
|-heal|p2a: Xatu|74/100 brn|[from] item: Leftovers
|-damage|p2a: Xatu|68/100 brn|[from] brn
|upkeep
|turn|4
|
|move|p2a: Xatu|Calm Mind|p2a: Xatu
|-boost|p2a: Xatu|spa|1
|-boost|p2a: Xatu|spd|1
|move|p1a: Jellicent|Hex|p2a: Xatu
|-supereffective|p2a: Xatu
|-damage|p2a: Xatu|0 fnt
|faint|p2a: Xatu
|
|upkeep
|
|switch|p2a: Morpeko|Morpeko, F, shiny|100/100
|turn|5
|
|switch|p1a: Mudsdale|Mudsdale, F|100/100
|-damage|p1a: Mudsdale|94/100|[from] Stealth Rock
|move|p2a: Morpeko|Parting Shot|p1a: Mudsdale
|-unboost|p1a: Mudsdale|atk|1
|-unboost|p1a: Mudsdale|spa|1
|
|switch|p2a: Jellicent|Jellicent, M|100/100|[from]move: Parting Shot
|
|-heal|p1a: Mudsdale|100/100|[from] item: Leftovers
|-fieldend|move: Psychic Terrain
|upkeep
|turn|6
|
|switch|p1a: Silvally|Silvally-Steel|100/100
|-damage|p1a: Silvally|94/100|[from] Stealth Rock
|move|p2a: Jellicent|Toxic|p1a: Silvally
|-immune|p1a: Silvally
|
|upkeep
|turn|7
|
|move|p1a: Silvally|U-turn|p2a: Jellicent
|-resisted|p2a: Jellicent
|-damage|p2a: Jellicent|92/100
|-start|p1a: Silvally|Disable|U-turn|[from] ability: Cursed Body|[of] p2a: Jellicent
|
|switch|p1a: Jellicent|Jellicent, M|100/100|[from]move: U-turn
|-damage|p1a: Jellicent|88/100|[from] Stealth Rock
|move|p2a: Jellicent|Scald|p1a: Jellicent
|-heal|p1a: Jellicent|100/100|[from] ability: Water Absorb|[of] p2a: Jellicent
|
|upkeep
|turn|8
|
|switch|p2a: Vileplume|Vileplume, M|100/100
|move|p1a: Jellicent|Taunt|p2a: Vileplume
|-start|p2a: Vileplume|move: Taunt
|
|upkeep
|turn|9
|
|switch|p1a: Silvally|Silvally-Steel|94/100
|-damage|p1a: Silvally|88/100|[from] Stealth Rock
|switch|p2a: Passimian|Passimian, F|100/100
|
|upkeep
|turn|10
|
|move|p2a: Passimian|Knock Off|p1a: Silvally
|-damage|p1a: Silvally|64/100
|move|p1a: Silvally|Defog|p2a: Passimian
|-unboost|p2a: Passimian|evasion|1
|-ability|p2a: Passimian|Defiant
|-boost|p2a: Passimian|atk|2
|-sideend|p1: Cyan Rain|Stealth Rock|[from] move: Defog|[of] p1a: Silvally
|
|upkeep
|turn|11
|
|move|p2a: Passimian|Knock Off|p1a: Silvally
|-damage|p1a: Silvally|17/100
|move|p1a: Silvally|U-turn|p2a: Passimian
|-resisted|p2a: Passimian
|-damage|p2a: Passimian|91/100
|
|switch|p1a: Indeedee|Indeedee, M|100/100|[from]move: U-turn
|-fieldstart|move: Psychic Terrain|[from] ability: Psychic Surge|[of] p1a: Indeedee
|
|upkeep
|turn|12
|
|switch|p1a: Salazzle|Salazzle, F|100/100
|switch|p2a: Steelix|Steelix, F|87/100
|
|-heal|p2a: Steelix|93/100|[from] item: Leftovers
|upkeep
|turn|13
|
|switch|p2a: Jellicent|Jellicent, M|92/100
|move|p1a: Salazzle|Toxic|p2a: Jellicent
|-status|p2a: Jellicent|tox
|
|-damage|p2a: Jellicent|86/100 tox|[from] psn
|upkeep
|turn|14
|
|switch|p1a: Jellicent|Jellicent, M|100/100
|move|p2a: Jellicent|Toxic|p1a: Jellicent
|-status|p1a: Jellicent|tox
|
|-damage|p2a: Jellicent|74/100 tox|[from] psn
|-damage|p1a: Jellicent|94/100 tox|[from] psn
|upkeep
|turn|15
|
|switch|p2a: Vileplume|Vileplume, M|100/100
|switch|p1a: Salazzle|Salazzle, F|100/100
|
|-fieldend|move: Psychic Terrain
|upkeep
|turn|16
|
|switch|p2a: Jellicent|Jellicent, M|74/100 tox
|move|p1a: Salazzle|Fire Blast|p2a: Jellicent
|-resisted|p2a: Jellicent
|-damage|p2a: Jellicent|54/100 tox
|-start|p1a: Salazzle|Disable|Fire Blast|[from] ability: Cursed Body|[of] p2a: Jellicent
|
|-damage|p2a: Jellicent|48/100 tox|[from] psn
|upkeep
|turn|17
|
|switch|p1a: Silvally|Silvally-Steel|17/100
|move|p2a: Jellicent|Strength Sap|p1a: Silvally
|-unboost|p1a: Silvally|atk|1
|-heal|p2a: Jellicent|100/100 tox
|
|-damage|p2a: Jellicent|88/100 tox|[from] psn
|upkeep
|turn|18
|
|switch|p2a: Steelix|Steelix, F|93/100
|move|p1a: Silvally|U-turn|p2a: Steelix
|-resisted|p2a: Steelix
|-damage|p2a: Steelix|90/100
|
|switch|p1a: Salazzle|Salazzle, F|100/100|[from]move: U-turn
|
|-heal|p2a: Steelix|96/100|[from] item: Leftovers
|upkeep
|turn|19
|
|switch|p2a: Jellicent|Jellicent, M|88/100 tox
|move|p1a: Salazzle|Fire Blast|p2a: Jellicent
|-resisted|p2a: Jellicent
|-damage|p2a: Jellicent|69/100 tox
|
|-damage|p2a: Jellicent|62/100 tox|[from] psn
|upkeep
|turn|20
|
|switch|p1a: Jellicent|Jellicent, M|94/100 tox
|move|p2a: Jellicent|Hex|p1a: Jellicent
|-supereffective|p1a: Jellicent
|-damage|p1a: Jellicent|27/100 tox
|
|-heal|p1a: Jellicent|34/100 tox|[from] item: Leftovers
|-damage|p2a: Jellicent|50/100 tox|[from] psn
|-damage|p1a: Jellicent|27/100 tox|[from] psn
|upkeep
|turn|21
|
|switch|p2a: Vileplume|Vileplume, M|100/100
|move|p1a: Jellicent|Hex|p2a: Vileplume
|-damage|p2a: Vileplume|87/100
|
|-heal|p1a: Jellicent|34/100 tox|[from] item: Leftovers
|-heal|p2a: Vileplume|93/100|[from] item: Black Sludge
|-damage|p1a: Jellicent|21/100 tox|[from] psn
|upkeep
|turn|22
|
|switch|p1a: Silvally|Silvally-Steel|17/100
|move|p2a: Vileplume|Leech Seed|p1a: Silvally
|-start|p1a: Silvally|move: Leech Seed
|
|-heal|p2a: Vileplume|99/100|[from] item: Black Sludge
|-damage|p1a: Silvally|5/100|[from] Leech Seed|[of] p2a: Vileplume
|-heal|p2a: Vileplume|100/100|[silent]
|upkeep
|turn|23
|
|move|p1a: Silvally|U-turn|p2a: Vileplume
|-damage|p2a: Vileplume|80/100
|-status|p1a: Silvally|slp|[from] ability: Effect Spore|[of] p2a: Vileplume
|
|switch|p1a: Indeedee|Indeedee, M|100/100|[from]move: U-turn
|-fieldstart|move: Psychic Terrain|[from] ability: Psychic Surge|[of] p1a: Indeedee
|move|p2a: Vileplume|Strength Sap|p1a: Indeedee
|-unboost|p1a: Indeedee|atk|1
|-heal|p2a: Vileplume|100/100
|
|upkeep
|turn|24
|
|switch|p1a: Mudsdale|Mudsdale, F|100/100
|move|p2a: Vileplume|Leech Seed|p1a: Mudsdale
|-start|p1a: Mudsdale|move: Leech Seed
|
|-damage|p1a: Mudsdale|88/100|[from] Leech Seed|[of] p2a: Vileplume
|upkeep
|turn|25
|
|move|p2a: Vileplume|Giga Drain|p1a: Mudsdale
|-supereffective|p1a: Mudsdale
|-damage|p1a: Mudsdale|33/100
|-ability|p1a: Mudsdale|Stamina|boost
|-boost|p1a: Mudsdale|def|1
|move|p1a: Mudsdale|Stealth Rock|p2a: Vileplume
|-sidestart|p2: 4damantium|move: Stealth Rock
|
|-heal|p1a: Mudsdale|39/100|[from] item: Leftovers
|-damage|p1a: Mudsdale|27/100|[from] Leech Seed|[of] p2a: Vileplume
|upkeep
|turn|26
|
|switch|p2a: Steelix|Steelix, F|96/100
|-damage|p2a: Steelix|93/100|[from] Stealth Rock
|switch|p1a: Salazzle|Salazzle, F|100/100
|
|-heal|p2a: Steelix|99/100|[from] item: Leftovers
|upkeep
|turn|27
|
|move|p1a: Salazzle|Nasty Plot|p1a: Salazzle
|-boost|p1a: Salazzle|spa|2
|move|p2a: Steelix|Earthquake|p1a: Salazzle
|-supereffective|p1a: Salazzle
|-crit|p1a: Salazzle
|-damage|p1a: Salazzle|0 fnt
|faint|p1a: Salazzle
|
|-heal|p2a: Steelix|100/100|[from] item: Leftovers
|-fieldend|move: Psychic Terrain
|upkeep
|
|switch|p1a: Virizion|Virizion|100/100
|turn|28
|
|switch|p1a: Indeedee|Indeedee, M|100/100
|-fieldstart|move: Psychic Terrain|[from] ability: Psychic Surge|[of] p1a: Indeedee
|move|p2a: Steelix|Dragon Tail|p1a: Indeedee
|-damage|p1a: Indeedee|75/100
|drag|p1a: Mudsdale|Mudsdale, F|27/100
|
|-heal|p1a: Mudsdale|33/100|[from] item: Leftovers
|upkeep
|turn|29
|
|move|p1a: Mudsdale|Earthquake|p2a: Steelix
|-supereffective|p2a: Steelix
|-damage|p2a: Steelix|58/100
|move|p2a: Steelix|Stealth Rock|p1a: Mudsdale
|-sidestart|p1: Cyan Rain|move: Stealth Rock
|
|-heal|p1a: Mudsdale|39/100|[from] item: Leftovers
|-heal|p2a: Steelix|64/100|[from] item: Leftovers
|upkeep
|turn|30
|
|switch|p2a: Vileplume|Vileplume, M|100/100
|-damage|p2a: Vileplume|88/100|[from] Stealth Rock
|move|p1a: Mudsdale|Earthquake|p2a: Vileplume
|-damage|p2a: Vileplume|41/100
|
|-heal|p2a: Vileplume|48/100|[from] item: Black Sludge
|-heal|p1a: Mudsdale|46/100|[from] item: Leftovers
|upkeep
|turn|31
|
|move|p1a: Mudsdale|Protect|p1a: Mudsdale
|-singleturn|p1a: Mudsdale|Protect
|move|p2a: Vileplume|Strength Sap|p1a: Mudsdale
|-activate|p1a: Mudsdale|move: Protect
|
|-heal|p2a: Vileplume|54/100|[from] item: Black Sludge
|-heal|p1a: Mudsdale|52/100|[from] item: Leftovers
|upkeep
|turn|32
|
|switch|p1a: Silvally|Silvally-Steel|5/100 slp
|-damage|p1a: Silvally|0 fnt|[from] Stealth Rock
|faint|p1a: Silvally
|move|p2a: Vileplume|Strength Sap|p1: Silvally|[notarget]
|-fail|p2a: Vileplume
|
|-heal|p2a: Vileplume|60/100|[from] item: Black Sludge
|-fieldend|move: Psychic Terrain
|upkeep
|
|switch|p1a: Indeedee|Indeedee, M|75/100
|-damage|p1a: Indeedee|63/100|[from] Stealth Rock
|-fieldstart|move: Psychic Terrain|[from] ability: Psychic Surge|[of] p1a: Indeedee
|turn|33
|
|switch|p2a: Jellicent|Jellicent, M|50/100 tox
|-damage|p2a: Jellicent|38/100 tox|[from] Stealth Rock
|move|p1a: Indeedee|Psychic|p2a: Jellicent
|-damage|p2a: Jellicent|0 fnt
|-start|p1a: Indeedee|Disable|Psychic|[from] ability: Cursed Body|[of] p2a: Jellicent
|faint|p2a: Jellicent
|
|upkeep
|
|switch|p2a: Vileplume|Vileplume, M|60/100
|-damage|p2a: Vileplume|48/100|[from] Stealth Rock
|turn|34
|
|switch|p1a: Jellicent|Jellicent, M|21/100 tox
|-damage|p1a: Jellicent|9/100 tox|[from] Stealth Rock
|move|p2a: Vileplume|Leech Seed|p1a: Jellicent
|-start|p1a: Jellicent|move: Leech Seed
|
|-heal|p1a: Jellicent|15/100 tox|[from] item: Leftovers
|-heal|p2a: Vileplume|54/100|[from] item: Black Sludge
|-damage|p1a: Jellicent|3/100 tox|[from] Leech Seed|[of] p2a: Vileplume
|-heal|p2a: Vileplume|68/100|[silent]
|-damage|p1a: Jellicent|0 fnt|[from] psn
|faint|p1a: Jellicent
|upkeep
|
|switch|p1a: Indeedee|Indeedee, M|63/100
|-damage|p1a: Indeedee|50/100|[from] Stealth Rock
|turn|35
|
|switch|p1a: Mudsdale|Mudsdale, F|52/100
|-damage|p1a: Mudsdale|46/100|[from] Stealth Rock
|switch|p2a: Steelix|Steelix, F|64/100
|-damage|p2a: Steelix|61/100|[from] Stealth Rock
|
|-heal|p1a: Mudsdale|52/100|[from] item: Leftovers
|-heal|p2a: Steelix|67/100|[from] item: Leftovers
|upkeep
|turn|36
|inactive|Battle timer is ON: inactive players will automatically lose when time's up. (requested by Cyan Rain)
|
|move|p1a: Mudsdale|Earthquake|p2a: Steelix
|-supereffective|p2a: Steelix
|-damage|p2a: Steelix|25/100
|move|p2a: Steelix|Earthquake|p1a: Mudsdale
|-damage|p1a: Mudsdale|31/100
|-ability|p1a: Mudsdale|Stamina|boost
|-boost|p1a: Mudsdale|def|1
|
|-heal|p1a: Mudsdale|38/100|[from] item: Leftovers
|-heal|p2a: Steelix|31/100|[from] item: Leftovers
|upkeep
|turn|37
|
|move|p1a: Mudsdale|Earthquake|p2a: Steelix
|-supereffective|p2a: Steelix
|-damage|p2a: Steelix|0 fnt
|faint|p2a: Steelix
|
|-heal|p1a: Mudsdale|44/100|[from] item: Leftovers
|-fieldend|move: Psychic Terrain
|upkeep
|
|switch|p2a: Vileplume|Vileplume, M|68/100
|-damage|p2a: Vileplume|56/100|[from] Stealth Rock
|turn|38
|
|move|p2a: Vileplume|Giga Drain|p1a: Mudsdale
|-supereffective|p1a: Mudsdale
|-damage|p1a: Mudsdale|0 fnt
|-heal|p2a: Vileplume|80/100|[from] drain|[of] p1a: Mudsdale
|faint|p1a: Mudsdale
|
|-heal|p2a: Vileplume|87/100|[from] item: Black Sludge
|upkeep
|
|switch|p1a: Indeedee|Indeedee, M|50/100
|-damage|p1a: Indeedee|38/100|[from] Stealth Rock
|-fieldstart|move: Psychic Terrain|[from] ability: Psychic Surge|[of] p1a: Indeedee
|turn|39
|inactive|Cyan Rain has 120 seconds left.
|inactive|Cyan Rain has 90 seconds left.
|
|switch|p2a: Passimian|Passimian, F|91/100
|-damage|p2a: Passimian|84/100|[from] Stealth Rock
|move|p1a: Indeedee|Hyper Voice|p2a: Passimian
|-damage|p2a: Passimian|25/100
|
|upkeep
|turn|40
|
|move|p1a: Indeedee|Hyper Voice|p2a: Passimian
|-damage|p2a: Passimian|0 fnt
|faint|p2a: Passimian
|
|upkeep
|
|switch|p2a: Morpeko|Morpeko, F, shiny|100/100
|-damage|p2a: Morpeko|88/100|[from] Stealth Rock
|turn|41
|inactive|Cyan Rain has 90 seconds left.
|
|move|p1a: Indeedee|Hyper Voice|p2a: Morpeko
|-damage|p2a: Morpeko|9/100
|move|p2a: Morpeko|Aura Wheel|p1a: Indeedee
|-damage|p1a: Indeedee|0 fnt
|-boost|p2a: Morpeko|spe|1
|-damage|p2a: Morpeko|0 fnt|[from] item: Life Orb
|faint|p1a: Indeedee
|faint|p2a: Morpeko
|
|upkeep
|
|switch|p1a: Virizion|Virizion|100/100
|switch|p2a: Vileplume|Vileplume, M|87/100
|-damage|p1a: Virizion|94/100|[from] Stealth Rock
|-damage|p2a: Vileplume|74/100|[from] Stealth Rock
|turn|42
|
|move|p1a: Virizion|Swords Dance|p1a: Virizion
|-boost|p1a: Virizion|atk|2
|move|p2a: Vileplume|Sludge Bomb|p1a: Virizion
|-supereffective|p1a: Virizion
|-damage|p1a: Virizion|38/100
|-status|p1a: Virizion|psn
|
|-heal|p2a: Vileplume|80/100|[from] item: Black Sludge
|-damage|p1a: Virizion|26/100 psn|[from] psn
|upkeep
|turn|43
|
|move|p1a: Virizion|Stone Edge|p2a: Vileplume
|-damage|p2a: Vileplume|6/100
|-damage|p1a: Virizion|16/100 psn|[from] item: Life Orb
|move|p2a: Vileplume|Sludge Bomb|p1a: Virizion
|-supereffective|p1a: Virizion
|-damage|p1a: Virizion|0 fnt
|faint|p1a: Virizion
|
|win|4damantium
|c|☆4damantium|Gg
|raw|Cyan Rain's rating: 1376 &rarr; <strong>1355</strong><br />(-21 for losing)
|raw|4damantium's rating: 1350 &rarr; <strong>1371</strong><br />(+21 for winning)
