|html|<div class="broadcast-blue"><strong>[Gen 8] RU is currently suspecting Durant! For information on how to participate check out the <a href="https://www.smogon.com/forums/threads/np-ru-stage-9-hit-or-miss-durant-suspect-test.3690288/">suspect thread</a>.</strong></div>
|j|☆Avaluggtrio
|j|☆epicowl10
|t:|1631072595
|gametype|singles
|player|p1|Avaluggtrio|ninjaboy|1440
|player|p2|epicowl10|lucas|1369
|teamsize|p1|6
|teamsize|p2|6
|gen|8
|tier|[Gen 8] RU
|rated|
|rule|Sleep Clause Mod: Limit one foe put to sleep
|rule|Species Clause: Limit one of each Pokémon
|rule|OHKO Clause: OHKO moves are banned
|rule|Evasion Moves Clause: Evasion moves are banned
|rule|Endless Battle Clause: Forcing endless battles is banned
|rule|HP Percentage Mod: HP is shown in percentages
|rule|Dynamax Clause: You cannot dynamax
|clearpoke
|poke|p1|Metagross|
|poke|p1|Incineroar, M|
|poke|p1|Heracross, M|
|poke|p1|Starmie|
|poke|p1|Goodra, F|
|poke|p1|Cloyster, F|
|poke|p2|Chandelure, M|
|poke|p2|Cloyster, M|
|poke|p2|Rotom-Mow|
|poke|p2|Cobalion|
|poke|p2|Togekiss, M|
|poke|p2|Flygon, F|
|teampreview
|
|t:|1631072602
|start
|switch|p1a: Metagross|Metagross|100/100
|switch|p2a: Rotom|Rotom-Mow|100/100
|turn|1
|
|t:|1631072609
|move|p2a: Rotom|Volt Switch|p1a: Metagross
|-damage|p1a: Metagross|72/100
|
|t:|1631072612
|switch|p2a: Cobalion|Cobalion|100/100|[from]move: Volt Switch
|move|p1a: Metagross|Toxic|p2a: Cobalion
|-immune|p2a: Cobalion
|
|-heal|p1a: Metagross|78/100|[from] item: Leftovers
|upkeep
|turn|2
|
|t:|1631072617
|move|p2a: Cobalion|Volt Switch|p1a: Metagross
|-damage|p1a: Metagross|63/100
|
|t:|1631072619
|switch|p2a: Rotom|Rotom-Mow|100/100|[from]move: Volt Switch
|move|p1a: Metagross|Stealth Rock|p2a: Rotom
|-sidestart|p2: epicowl10|move: Stealth Rock
|
|-heal|p1a: Metagross|69/100|[from] item: Leftovers
|upkeep
|turn|3
|
|t:|1631072623
|move|p2a: Rotom|Volt Switch|p1a: Metagross
|-damage|p1a: Metagross|40/100
|
|t:|1631072625
|switch|p2a: Cobalion|Cobalion|100/100|[from]move: Volt Switch
|-damage|p2a: Cobalion|97/100|[from] Stealth Rock
|move|p1a: Metagross|Meteor Mash|p2a: Cobalion
|-resisted|p2a: Cobalion
|-damage|p2a: Cobalion|85/100
|
|-heal|p2a: Cobalion|91/100|[from] item: Leftovers
|-heal|p1a: Metagross|46/100|[from] item: Leftovers
|upkeep
|turn|4
|
|t:|1631072631
|switch|p1a: Goodra|Goodra, F|100/100
|move|p2a: Cobalion|Volt Switch|p1a: Goodra
|-resisted|p1a: Goodra
|-damage|p1a: Goodra|97/100
|
|t:|1631072634
|switch|p2a: Cloyster|Cloyster, M|100/100|[from]move: Volt Switch
|
|upkeep
|turn|5
|inactive|Battle timer is ON: inactive players will automatically lose when time's up. (requested by Avaluggtrio)
|
|t:|1631072639
|move|p2a: Cloyster|Icicle Spear|p1a: Goodra
|-supereffective|p1a: Goodra
|-damage|p1a: Goodra|69/100
|-supereffective|p1a: Goodra
|-damage|p1a: Goodra|40/100
|-supereffective|p1a: Goodra
|-damage|p1a: Goodra|15/100
|-supereffective|p1a: Goodra
|-damage|p1a: Goodra|0 fnt
|faint|p1a: Goodra
|-hitcount|p1: Goodra|4
|
|upkeep
|
|t:|1631072645
|switch|p1a: Incineroar|Incineroar, M|100/100
|-ability|p1a: Incineroar|Intimidate|boost
|-unboost|p2a: Cloyster|atk|1
|turn|6
|
|t:|1631072651
|switch|p2a: Flygon|Flygon, F|100/100
|-damage|p2a: Flygon|95/100|[from] Stealth Rock
|move|p1a: Incineroar|Parting Shot|p2a: Flygon
|-unboost|p2a: Flygon|atk|1
|-unboost|p2a: Flygon|spa|1
|
|t:|1631072657
|switch|p1a: Cloyster|Cloyster, F|100/100|[from]move: Parting Shot
|
|upkeep
|turn|7
|
|t:|1631072671
|move|p2a: Flygon|U-turn|p1a: Cloyster
|-damage|p1a: Cloyster|89/100
|
|t:|1631072673
|switch|p2a: Cobalion|Cobalion|91/100|[from]move: U-turn
|-damage|p2a: Cobalion|88/100|[from] Stealth Rock
|move|p1a: Cloyster|Shell Smash|p1a: Cloyster
|-unboost|p1a: Cloyster|def|1
|-unboost|p1a: Cloyster|spd|1
|-boost|p1a: Cloyster|atk|2
|-boost|p1a: Cloyster|spa|2
|-boost|p1a: Cloyster|spe|2
|
|-heal|p2a: Cobalion|94/100|[from] item: Leftovers
|upkeep
|turn|8
|
|t:|1631072697
|move|p1a: Cloyster|Surf|p2a: Cobalion
|-damage|p2a: Cobalion|27/100
|move|p2a: Cobalion|Volt Switch|p1a: Cloyster
|-supereffective|p1a: Cloyster
|-damage|p1a: Cloyster|0 fnt
|faint|p1a: Cloyster
|
|t:|1631072704
|switch|p2a: Rotom|Rotom-Mow|100/100|[from]move: Volt Switch
|-damage|p2a: Rotom|88/100|[from] Stealth Rock
|
|upkeep
|
|t:|1631072713
|switch|p1a: Incineroar|Incineroar, M|100/100
|-ability|p1a: Incineroar|Intimidate|boost
|-unboost|p2a: Rotom|atk|1
|turn|9
|
|t:|1631072727
|move|p2a: Rotom|Volt Switch|p1a: Incineroar
|-damage|p1a: Incineroar|77/100
|
|t:|1631072728
|switch|p2a: Cobalion|Cobalion|27/100|[from]move: Volt Switch
|-damage|p2a: Cobalion|24/100|[from] Stealth Rock
|move|p1a: Incineroar|Toxic|p2a: Cobalion
|-immune|p2a: Cobalion
|
|-heal|p2a: Cobalion|30/100|[from] item: Leftovers
|upkeep
|turn|10
|
|t:|1631072754
|move|p2a: Cobalion|Stealth Rock|p1a: Incineroar
|-sidestart|p1: Avaluggtrio|move: Stealth Rock
|move|p1a: Incineroar|Overheat|p2a: Cobalion
|-supereffective|p2a: Cobalion
|-damage|p2a: Cobalion|0 fnt
|-unboost|p1a: Incineroar|spa|2
|faint|p2a: Cobalion
|
|upkeep
|
|t:|1631072759
|switch|p2a: Cloyster|Cloyster, M|100/100
|turn|11
|
|t:|1631072769
|switch|p1a: Metagross|Metagross|46/100
|-damage|p1a: Metagross|40/100|[from] Stealth Rock
|move|p2a: Cloyster|Shell Smash|p2a: Cloyster
|-unboost|p2a: Cloyster|def|1
|-unboost|p2a: Cloyster|spd|1
|-boost|p2a: Cloyster|atk|2
|-boost|p2a: Cloyster|spa|2
|-boost|p2a: Cloyster|spe|2
|
|-heal|p1a: Metagross|46/100|[from] item: Leftovers
|upkeep
|turn|12
|
|t:|1631072775
|move|p2a: Cloyster|Liquidation|p1a: Metagross
|-damage|p1a: Metagross|0 fnt
|faint|p1a: Metagross
|
|upkeep
|
|t:|1631072785
|switch|p1a: Incineroar|Incineroar, M|77/100
|-ability|p1a: Incineroar|Intimidate|boost
|-unboost|p2a: Cloyster|atk|1
|turn|13
|inactive|epicowl10 has 120 seconds left.
|
|t:|1631072823
|move|p2a: Cloyster|Rock Blast|p1a: Incineroar
|-supereffective|p1a: Incineroar
|-damage|p1a: Incineroar|56/100
|-supereffective|p1a: Incineroar
|-damage|p1a: Incineroar|33/100
|-supereffective|p1a: Incineroar
|-damage|p1a: Incineroar|8/100
|-supereffective|p1a: Incineroar
|-damage|p1a: Incineroar|0 fnt
|faint|p1a: Incineroar
|-hitcount|p1: Incineroar|4
|
|upkeep
|l|☆Avaluggtrio
|inactive|Avaluggtrio disconnected and has a minute to reconnect!
|player|p1|
|j|☆Avaluggtrio
|inactive|Avaluggtrio reconnected and has 135 seconds left.
|player|p1|Avaluggtrio|ninjaboy
|
|t:|1631072846
|switch|p1a: Starmie|Starmie|100/100
|turn|14
|inactive|epicowl10 has 120 seconds left.
|
|t:|1631072867
|move|p2a: Cloyster|Rock Blast|p1a: Starmie
|-damage|p1a: Starmie|84/100
|-damage|p1a: Starmie|65/100
|-damage|p1a: Starmie|46/100
|-damage|p1a: Starmie|28/100
|-damage|p1a: Starmie|10/100
|-hitcount|p1a: Starmie|5
|move|p1a: Starmie|Scald|p2a: Cloyster
|-resisted|p2a: Cloyster
|-crit|p2a: Cloyster
|-damage|p2a: Cloyster|0 fnt
|faint|p2a: Cloyster
|
|upkeep
|
|t:|1631072869
|switch|p2a: Rotom|Rotom-Mow|88/100
|-damage|p2a: Rotom|76/100|[from] Stealth Rock
|turn|15
|
|t:|1631072883
|move|p2a: Rotom|Thunderbolt|p1a: Starmie
|-supereffective|p1a: Starmie
|-damage|p1a: Starmie|0 fnt
|faint|p1a: Starmie
|
|upkeep
|
|t:|1631072885
|switch|p1a: Heracross|Heracross, M|100/100
|-damage|p1a: Heracross|88/100|[from] Stealth Rock
|turn|16
|
|t:|1631072890
|move|p2a: Rotom|Thunderbolt|p1a: Heracross
|-damage|p1a: Heracross|37/100
|move|p1a: Heracross|Stone Edge|p2a: Rotom
|-damage|p2a: Rotom|29/100
|
|upkeep
|turn|17
|
|t:|1631072893
|move|p2a: Rotom|Thunderbolt|p1a: Heracross
|-damage|p1a: Heracross|0 fnt
|faint|p1a: Heracross
|
|win|epicowl10
|raw|Avaluggtrio's rating: 1440 &rarr; <strong>1416</strong><br />(-24 for losing)
|raw|epicowl10's rating: 1369 &rarr; <strong>1393</strong><br />(+24 for winning)
|l|☆Avaluggtrio
