|j|☆Minimaxify
|j|☆Guybackstage
|t:|1647528259
|gametype|singles
|player|p1|Minimaxify|veteranf|1291
|player|p2|Guybackstage|cameraman|1445
|teamsize|p1|6
|teamsize|p2|6
|gen|8
|tier|[Gen 8] RU
|rated|
|rule|Sleep Clause Mod: Limit one foe put to sleep
|rule|Species Clause: Limit one of each Pokémon
|rule|OHKO Clause: OHKO moves are banned
|rule|Evasion Moves Clause: Evasion moves are banned
|rule|Endless Battle Clause: Forcing endless battles is banned
|rule|HP Percentage Mod: HP is shown in percentages
|rule|Dynamax Clause: You cannot dynamax
|clearpoke
|poke|p1|Sneasel, F|
|poke|p1|Metagross|
|poke|p1|Rotom-Mow|
|poke|p1|Cobalion|
|poke|p1|Vaporeon, M|
|poke|p1|Flygon, F|
|poke|p2|Natu, M|
|poke|p2|Snorlax, M|
|poke|p2|Marowak-Alola, M|
|poke|p2|Porygon2|
|poke|p2|Pangoro, F|
|poke|p2|Whimsicott, F|
|teampreview
|inactive|Battle timer is ON: inactive players will automatically lose when time's up. (requested by Guybackstage)
|inactive|Minimaxify has 120 seconds left.
|
|t:|1647528302
|start
|switch|p1a: Metagross|Metagross, shiny|100/100
|switch|p2a: Natu|Natu, M|100/100
|turn|1
|
|t:|1647528309
|move|p1a: Metagross|Meteor Mash|p2a: Natu|[miss]
|-miss|p1a: Metagross|p2a: Natu
|move|p2a: Natu|Trick Room|p2a: Natu
|-fieldstart|move: Trick Room|[of] p2a: Natu
|
|upkeep
|turn|2
|
|t:|1647528316
|move|p1a: Metagross|Meteor Mash|p2a: Natu|[miss]
|-miss|p1a: Metagross|p2a: Natu
|move|p2a: Natu|Teleport|p2a: Natu
|
|t:|1647528320
|switch|p2a: Marowak|Marowak-Alola, M|100/100|[from]move: Teleport
|
|upkeep
|turn|3
|
|t:|1647528325
|switch|p1a: Vaporeon|Vaporeon, M|100/100
|move|p2a: Marowak|Flare Blitz|p1a: Vaporeon
|-resisted|p1a: Vaporeon
|-damage|p1a: Vaporeon|65/100
|
|-heal|p1a: Vaporeon|71/100|[from] item: Leftovers
|upkeep
|turn|4
|
|t:|1647528334
|move|p2a: Marowak|Poltergeist|p1a: Vaporeon
|-activate|p1a: Vaporeon|move: Poltergeist|Leftovers
|-damage|p1a: Vaporeon|5/100
|move|p1a: Vaporeon|Wish|p1a: Vaporeon
|
|-heal|p1a: Vaporeon|11/100|[from] item: Leftovers
|upkeep
|turn|5
|
|t:|1647528344
|move|p1a: Vaporeon|Protect|p1a: Vaporeon
|-singleturn|p1a: Vaporeon|Protect
|move|p2a: Marowak|Swords Dance|p2a: Marowak
|-boost|p2a: Marowak|atk|2
|
|-heal|p1a: Vaporeon|61/100|[from] move: Wish|[wisher] Vaporeon
|-heal|p1a: Vaporeon|67/100|[from] item: Leftovers
|-fieldend|move: Trick Room
|upkeep
|turn|6
|
|t:|1647528367
|switch|p1a: Sneasel|Sneasel, F|100/100
|move|p2a: Marowak|Poltergeist|p1a: Sneasel|[miss]
|-miss|p2a: Marowak|p1a: Sneasel
|
|upkeep
|turn|7
|
|t:|1647528375
|switch|p2a: Natu|Natu, M|100/100
|move|p1a: Sneasel|Knock Off|p2a: Natu
|-supereffective|p2a: Natu
|-enditem|p2a: Natu|Focus Sash
|-damage|p2a: Natu|1/100
|-damage|p1a: Sneasel|91/100|[from] item: Life Orb
|
|upkeep
|turn|8
|
|t:|1647528389
|move|p1a: Sneasel|Knock Off|p2a: Natu
|-supereffective|p2a: Natu
|-damage|p2a: Natu|0 fnt
|faint|p2a: Natu
|-damage|p1a: Sneasel|81/100|[from] item: Life Orb
|
|upkeep
|
|t:|1647528397
|switch|p2a: Porygon2|Porygon2, shiny|100/100
|-ability|p2a: Porygon2|Inner Focus|[from] ability: Trace|[of] p1a: Sneasel
|turn|9
|
|t:|1647528404
|move|p1a: Sneasel|Knock Off|p2a: Porygon2
|-damage|p2a: Porygon2|66/100
|-enditem|p2a: Porygon2|Eviolite|[from] move: Knock Off|[of] p1a: Sneasel
|-damage|p1a: Sneasel|71/100|[from] item: Life Orb
|move|p2a: Porygon2|Trick Room|p2a: Porygon2
|-fieldstart|move: Trick Room|[of] p2a: Porygon2
|
|upkeep
|turn|10
|
|t:|1647528413
|switch|p1a: Cobalion|Cobalion, shiny|100/100
|move|p2a: Porygon2|Teleport|p2a: Porygon2
|
|t:|1647528420
|switch|p2a: Pangoro|Pangoro, F, shiny|100/100|[from]move: Teleport
|
|upkeep
|turn|11
|
|t:|1647528425
|move|p2a: Pangoro|Close Combat|p1a: Cobalion
|-supereffective|p1a: Cobalion
|-damage|p1a: Cobalion|0 fnt
|-unboost|p2a: Pangoro|def|1
|-unboost|p2a: Pangoro|spd|1
|-damage|p2a: Pangoro|84/100|[from] item: Rocky Helmet|[of] p1a: Cobalion
|faint|p1a: Cobalion
|-damage|p2a: Pangoro|74/100|[from] item: Life Orb
|
|upkeep
|
|t:|1647528429
|switch|p1a: Vaporeon|Vaporeon, M|67/100
|turn|12
|
|t:|1647528437
|move|p2a: Pangoro|Close Combat|p1a: Vaporeon
|-damage|p1a: Vaporeon|7/100
|-unboost|p2a: Pangoro|def|1
|-unboost|p2a: Pangoro|spd|1
|-damage|p2a: Pangoro|64/100|[from] item: Life Orb
|move|p1a: Vaporeon|Wish|p1a: Vaporeon
|
|-heal|p1a: Vaporeon|13/100|[from] item: Leftovers
|upkeep
|turn|13
|
|t:|1647528454
|switch|p2a: Porygon2|Porygon2, shiny|66/100
|-ability|p2a: Porygon2|Water Absorb|[from] ability: Trace|[of] p1a: Vaporeon
|move|p1a: Vaporeon|Protect||[still]
|-fail|p1a: Vaporeon
|
|-heal|p1a: Vaporeon|63/100|[from] move: Wish|[wisher] Vaporeon
|-heal|p1a: Vaporeon|69/100|[from] item: Leftovers
|-fieldend|move: Trick Room
|upkeep
|turn|14
|j| Me bad boi
|
|t:|1647528465
|switch|p1a: Flygon|Flygon, F|100/100
|move|p2a: Porygon2|Trick Room|p2a: Porygon2
|-fieldstart|move: Trick Room|[of] p2a: Porygon2
|
|upkeep
|turn|15
|
|t:|1647528473
|move|p2a: Porygon2|Ice Beam|p1a: Flygon
|-supereffective|p1a: Flygon
|-damage|p1a: Flygon|0 fnt
|faint|p1a: Flygon
|
|upkeep
|
|t:|1647528480
|switch|p1a: Metagross|Metagross, shiny|100/100
|turn|16
|
|t:|1647528483
|move|p1a: Metagross|Meteor Mash|p2a: Porygon2
|-damage|p2a: Porygon2|24/100
|-boost|p1a: Metagross|atk|1
|move|p2a: Porygon2|Teleport|p2a: Porygon2
|j| XPSH
|
|t:|1647528494
|switch|p2a: Marowak|Marowak-Alola, M|100/100|[from]move: Teleport
|
|upkeep
|turn|17
|
|t:|1647528521
|switch|p1a: Vaporeon|Vaporeon, M|69/100
|move|p2a: Marowak|Flare Blitz|p1a: Vaporeon
|-resisted|p1a: Vaporeon
|-damage|p1a: Vaporeon|33/100
|
|-heal|p1a: Vaporeon|39/100|[from] item: Leftovers
|upkeep
|turn|18
|
|t:|1647528532
|move|p1a: Vaporeon|Protect|p1a: Vaporeon
|-singleturn|p1a: Vaporeon|Protect
|move|p2a: Marowak|Poltergeist|p1a: Vaporeon
|-activate|p1a: Vaporeon|move: Protect
|
|-heal|p1a: Vaporeon|45/100|[from] item: Leftovers
|-fieldend|move: Trick Room
|upkeep
|turn|19
|
|t:|1647528547
|switch|p1a: Sneasel|Sneasel, F|71/100
|move|p2a: Marowak|Poltergeist|p1a: Sneasel
|-activate|p1a: Sneasel|move: Poltergeist|Life Orb
|-resisted|p1a: Sneasel
|-damage|p1a: Sneasel|0 fnt
|faint|p1a: Sneasel
|
|upkeep
|inactive|Minimaxify has 120 seconds left.
|
|t:|1647528558
|switch|p1a: Metagross|Metagross, shiny|100/100
|turn|20
|
|t:|1647528575
|move|p1a: Metagross|Earthquake|p2a: Marowak
|-supereffective|p2a: Marowak
|-damage|p2a: Marowak|29/100
|move|p2a: Marowak|Flare Blitz|p1a: Metagross
|-supereffective|p1a: Metagross
|-damage|p1a: Metagross|0 fnt
|faint|p1a: Metagross
|
|upkeep
|inactive|Minimaxify has 120 seconds left.
|
|t:|1647528593
|switch|p1a: Vaporeon|Vaporeon, M|45/100
|turn|21
|
|t:|1647528597
|switch|p2a: Whimsicott|Whimsicott, F, shiny|100/100
|move|p1a: Vaporeon|Scald|p2a: Whimsicott
|-resisted|p2a: Whimsicott
|-damage|p2a: Whimsicott|82/100
|-status|p2a: Whimsicott|brn
|
|-heal|p2a: Whimsicott|88/100 brn|[from] item: Leftovers
|-heal|p1a: Vaporeon|52/100|[from] item: Leftovers
|-damage|p2a: Whimsicott|82/100 brn|[from] brn
|upkeep
|turn|22
|
|t:|1647528609
|switch|p1a: Rotom|Rotom-Mow, shiny|100/100
|move|p2a: Whimsicott|Trick Room|p2a: Whimsicott
|-fieldstart|move: Trick Room|[of] p2a: Whimsicott
|
|-heal|p2a: Whimsicott|88/100 brn|[from] item: Leftovers
|-damage|p2a: Whimsicott|82/100 brn|[from] brn
|upkeep
|turn|23
|
|t:|1647528627
|move|p2a: Whimsicott|U-turn|p1a: Rotom
|-supereffective|p1a: Rotom
|-damage|p1a: Rotom|88/100
|
|t:|1647528631
|switch|p2a: Porygon2|Porygon2, shiny|24/100|[from]move: U-turn
|-ability|p2a: Porygon2|Levitate|[from] ability: Trace|[of] p1a: Rotom
|move|p1a: Rotom|Leaf Storm|p2a: Porygon2
|-damage|p2a: Porygon2|0 fnt
|-unboost|p1a: Rotom|spa|2
|faint|p2a: Porygon2
|
|upkeep
|
|t:|1647528642
|switch|p2a: Pangoro|Pangoro, F, shiny|64/100
|turn|24
|
|t:|1647528651
|move|p2a: Pangoro|Close Combat|p1a: Rotom
|-damage|p1a: Rotom|0 fnt
|-unboost|p2a: Pangoro|def|1
|-unboost|p2a: Pangoro|spd|1
|faint|p1a: Rotom
|-damage|p2a: Pangoro|54/100|[from] item: Life Orb
|
|upkeep
|
|t:|1647528654
|switch|p1a: Vaporeon|Vaporeon, M|52/100
|turn|25
|
|t:|1647528661
|move|p2a: Pangoro|Close Combat|p1a: Vaporeon
|-damage|p1a: Vaporeon|0 fnt
|-unboost|p2a: Pangoro|def|1
|-unboost|p2a: Pangoro|spd|1
|faint|p1a: Vaporeon
|-damage|p2a: Pangoro|44/100|[from] item: Life Orb
|
|win|Guybackstage
|raw|Minimaxify's rating: 1291 &rarr; <strong>1276</strong><br />(-15 for losing)
|raw|Guybackstage's rating: 1445 &rarr; <strong>1457</strong><br />(+12 for winning)
|l|☆Minimaxify
||Ladder isn't responding, score probably updated but might not have (Request timeout).
