|j|☆le_patrooon
|j|☆Moxirilla
|t:|1612977355
|player|p1|le_patrooon|lucas|1478
|player|p2|Moxirilla|thorton|1287
|teamsize|p1|6
|teamsize|p2|6
|gametype|singles
|gen|8
|tier|[Gen 8] RU
|rated|
|clearpoke
|poke|p1|Cloyster, M|
|poke|p1|Weezing-Galar, M|
|poke|p1|Zygarde-10%|
|poke|p1|Registeel|
|poke|p1|Suicune|
|poke|p1|Celebi|
|poke|p2|Starmie|
|poke|p2|Xurkitree|
|poke|p2|Zygarde-10%|
|poke|p2|Incineroar, M|
|poke|p2|Klefki, M|
|poke|p2|Reuniclus, M|
|rule|Sleep Clause Mod: Limit one foe put to sleep
|rule|Species Clause: Limit one of each Pokémon
|rule|OHKO Clause: OHKO moves are banned
|rule|Evasion Moves Clause: Evasion moves are banned
|rule|Endless Battle Clause: Forcing endless battles is banned
|rule|HP Percentage Mod: HP is shown in percentages
|rule|Dynamax Clause: You cannot dynamax
|teampreview
|
|t:|1612977413
|start
|switch|p1a: Registeel|Registeel|100/100
|switch|p2a: Incineroar|Incineroar, M|100/100
|-ability|p2a: Incineroar|Intimidate|boost
|-fail|p1a: Registeel|unboost|[from] ability: Clear Body|[of] p1a: Registeel
|turn|1
|
|t:|1612977423
|switch|p1a: Weezing|Weezing-Galar, M|100/100
|move|p2a: Incineroar|Knock Off|p1a: Weezing
|-resisted|p1a: Weezing
|-damage|p1a: Weezing|88/100
|-damage|p2a: Incineroar|84/100|[from] item: Rocky Helmet|[of] p1a: Weezing
|-enditem|p1a: Weezing|Rocky Helmet|[from] move: Knock Off|[of] p2a: Incineroar
|
|upkeep
|turn|2
|
|t:|1612977432
|move|p1a: Weezing|Toxic Spikes|p2a: Incineroar
|-sidestart|p2: Moxirilla|move: Toxic Spikes
|move|p2a: Incineroar|Parting Shot|p1a: Weezing
|-unboost|p1a: Weezing|atk|1
|-unboost|p1a: Weezing|spa|1
|
|t:|1612977452
|switch|p2a: Klefki|Klefki, M|100/100|[from]move: Parting Shot
|
|upkeep
|turn|3
|
|t:|1612977458
|move|p2a: Klefki|Spikes|p1a: Weezing
|-sidestart|p1: le_patrooon|Spikes
|move|p1a: Weezing|Will-O-Wisp|p2a: Klefki
|-status|p2a: Klefki|brn
|
|-damage|p2a: Klefki|95/100 brn|[from] brn
|upkeep
|turn|4
|
|t:|1612977477
|move|p2a: Klefki|Thunder Wave|p1a: Weezing
|-status|p1a: Weezing|par
|move|p1a: Weezing|Defog|p2a: Klefki
|-unboost|p2a: Klefki|evasion|1
|-sideend|p2: Moxirilla|Toxic Spikes|[from] move: Defog|[of] p1a: Weezing
|-sideend|p1: le_patrooon|Spikes|[from] move: Defog|[of] p1a: Weezing
|
|-heal|p2a: Klefki|100/100 brn|[from] item: Leftovers
|-damage|p2a: Klefki|95/100 brn|[from] brn
|upkeep
|turn|5
|
|t:|1612977491
|move|p2a: Klefki|Spikes|p1a: Weezing
|-sidestart|p1: le_patrooon|Spikes
|move|p1a: Weezing|Toxic Spikes|p2a: Klefki
|-sidestart|p2: Moxirilla|move: Toxic Spikes
|
|-heal|p2a: Klefki|100/100 brn|[from] item: Leftovers
|-damage|p2a: Klefki|95/100 brn|[from] brn
|upkeep
|turn|6
|
|t:|1612977505
|switch|p1a: Celebi|Celebi|100/100
|-damage|p1a: Celebi|88/100|[from] Spikes
|move|p2a: Klefki|Dazzling Gleam|p1a: Celebi
|-damage|p1a: Celebi|68/100
|
|-heal|p1a: Celebi|74/100|[from] item: Leftovers
|-heal|p2a: Klefki|100/100 brn|[from] item: Leftovers
|-damage|p2a: Klefki|95/100 brn|[from] brn
|upkeep
|turn|7
|
|t:|1612977519
|move|p2a: Klefki|Toxic|p1a: Celebi
|-status|p1a: Celebi|tox
|move|p1a: Celebi|Nasty Plot|p1a: Celebi
|-boost|p1a: Celebi|spa|2
|
|-heal|p1a: Celebi|80/100 tox|[from] item: Leftovers
|-heal|p2a: Klefki|100/100 brn|[from] item: Leftovers
|-damage|p1a: Celebi|74/100 tox|[from] psn
|-damage|p2a: Klefki|95/100 brn|[from] brn
|upkeep
|turn|8
|
|t:|1612977530
|move|p1a: Celebi|Aura Sphere|p2a: Klefki
|-damage|p2a: Klefki|64/100 brn
|move|p2a: Klefki|Dazzling Gleam|p1a: Celebi
|-damage|p1a: Celebi|57/100 tox
|
|-heal|p1a: Celebi|63/100 tox|[from] item: Leftovers
|-heal|p2a: Klefki|70/100 brn|[from] item: Leftovers
|-damage|p1a: Celebi|50/100 tox|[from] psn
|-damage|p2a: Klefki|64/100 brn|[from] brn
|upkeep
|turn|9
|
|t:|1612977541
|move|p1a: Celebi|Recover|p1a: Celebi
|-heal|p1a: Celebi|100/100 tox
|move|p2a: Klefki|Dazzling Gleam|p1a: Celebi
|-damage|p1a: Celebi|82/100 tox
|
|-heal|p1a: Celebi|88/100 tox|[from] item: Leftovers
|-heal|p2a: Klefki|70/100 brn|[from] item: Leftovers
|-damage|p1a: Celebi|69/100 tox|[from] psn
|-damage|p2a: Klefki|64/100 brn|[from] brn
|upkeep
|turn|10
|
|t:|1612977558
|switch|p1a: Registeel|Registeel|100/100
|-damage|p1a: Registeel|88/100|[from] Spikes
|move|p2a: Klefki|Dazzling Gleam|p1a: Registeel
|-resisted|p1a: Registeel
|-damage|p1a: Registeel|80/100
|
|-heal|p2a: Klefki|70/100 brn|[from] item: Leftovers
|-heal|p1a: Registeel|86/100|[from] item: Leftovers
|-damage|p2a: Klefki|64/100 brn|[from] brn
|upkeep
|turn|11
|
|t:|1612977579
|switch|p2a: Reuniclus|Reuniclus, M|100/100
|-status|p2a: Reuniclus|psn
|move|p1a: Registeel|Stealth Rock|p2a: Reuniclus
|-sidestart|p2: Moxirilla|move: Stealth Rock
|
|-heal|p1a: Registeel|93/100|[from] item: Leftovers
|upkeep
|turn|12
|
|t:|1612977587
|switch|p1a: Celebi|Celebi|69/100
|-damage|p1a: Celebi|57/100|[from] Spikes
|move|p2a: Reuniclus|Calm Mind|p2a: Reuniclus
|-boost|p2a: Reuniclus|spa|1
|-boost|p2a: Reuniclus|spd|1
|
|-heal|p1a: Celebi|63/100|[from] item: Leftovers
|upkeep
|turn|13
|
|t:|1612977598
|move|p1a: Celebi|Nasty Plot|p1a: Celebi
|-boost|p1a: Celebi|spa|2
|move|p2a: Reuniclus|Calm Mind|p2a: Reuniclus
|-boost|p2a: Reuniclus|spa|1
|-boost|p2a: Reuniclus|spd|1
|
|-heal|p1a: Celebi|69/100|[from] item: Leftovers
|upkeep
|turn|14
|
|t:|1612977606
|move|p1a: Celebi|Nasty Plot|p1a: Celebi
|-boost|p1a: Celebi|spa|2
|move|p2a: Reuniclus|Psyshock|p1a: Celebi
|-resisted|p1a: Celebi
|-damage|p1a: Celebi|34/100
|
|-heal|p1a: Celebi|40/100|[from] item: Leftovers
|upkeep
|turn|15
|
|t:|1612977615
|move|p1a: Celebi|Energy Ball|p2a: Reuniclus
|-damage|p2a: Reuniclus|56/100 psn
|move|p2a: Reuniclus|Calm Mind|p2a: Reuniclus
|-boost|p2a: Reuniclus|spa|1
|-boost|p2a: Reuniclus|spd|1
|
|-heal|p1a: Celebi|46/100|[from] item: Leftovers
|-heal|p2a: Reuniclus|62/100 psn|[from] item: Leftovers
|upkeep
|turn|16
|
|t:|1612977627
|move|p1a: Celebi|Recover|p1a: Celebi
|-heal|p1a: Celebi|96/100
|move|p2a: Reuniclus|Psyshock|p1a: Celebi
|-resisted|p1a: Celebi
|-damage|p1a: Celebi|54/100
|
|-heal|p1a: Celebi|60/100|[from] item: Leftovers
|-heal|p2a: Reuniclus|68/100 psn|[from] item: Leftovers
|upkeep
|turn|17
|
|t:|1612977635
|move|p1a: Celebi|Nasty Plot|p1a: Celebi
|-boost|p1a: Celebi|spa|2
|move|p2a: Reuniclus|Calm Mind|p2a: Reuniclus
|-boost|p2a: Reuniclus|spa|1
|-boost|p2a: Reuniclus|spd|1
|
|-heal|p1a: Celebi|66/100|[from] item: Leftovers
|-heal|p2a: Reuniclus|74/100 psn|[from] item: Leftovers
|upkeep
|turn|18
|
|t:|1612977646
|move|p1a: Celebi|Energy Ball|p2a: Reuniclus
|-damage|p2a: Reuniclus|36/100 psn
|move|p2a: Reuniclus|Calm Mind|p2a: Reuniclus
|-boost|p2a: Reuniclus|spa|1
|-boost|p2a: Reuniclus|spd|1
|
|-heal|p1a: Celebi|72/100|[from] item: Leftovers
|-heal|p2a: Reuniclus|42/100 psn|[from] item: Leftovers
|upkeep
|turn|19
|
|t:|1612977655
|move|p1a: Celebi|Energy Ball|p2a: Reuniclus
|-damage|p2a: Reuniclus|8/100 psn
|move|p2a: Reuniclus|Recover|p2a: Reuniclus
|-heal|p2a: Reuniclus|58/100 psn
|
|-heal|p1a: Celebi|78/100|[from] item: Leftovers
|-heal|p2a: Reuniclus|64/100 psn|[from] item: Leftovers
|upkeep
|turn|20
|
|t:|1612977664
|move|p1a: Celebi|Energy Ball|p2a: Reuniclus
|-damage|p2a: Reuniclus|31/100 psn
|-unboost|p2a: Reuniclus|spd|1
|move|p2a: Reuniclus|Calm Mind|p2a: Reuniclus
|-boost|p2a: Reuniclus|spa|1
|-boost|p2a: Reuniclus|spd|1
|
|-heal|p1a: Celebi|84/100|[from] item: Leftovers
|-heal|p2a: Reuniclus|37/100 psn|[from] item: Leftovers
|upkeep
|turn|21
|
|t:|1612977673
|move|p1a: Celebi|Energy Ball|p2a: Reuniclus
|-damage|p2a: Reuniclus|5/100 psn
|move|p2a: Reuniclus|Recover|p2a: Reuniclus
|-heal|p2a: Reuniclus|55/100 psn
|
|-heal|p1a: Celebi|91/100|[from] item: Leftovers
|-heal|p2a: Reuniclus|61/100 psn|[from] item: Leftovers
|upkeep
|turn|22
|
|t:|1612977682
|move|p1a: Celebi|Energy Ball|p2a: Reuniclus
|-damage|p2a: Reuniclus|30/100 psn
|move|p2a: Reuniclus|Recover|p2a: Reuniclus
|-heal|p2a: Reuniclus|80/100 psn
|
|-heal|p1a: Celebi|97/100|[from] item: Leftovers
|-heal|p2a: Reuniclus|86/100 psn|[from] item: Leftovers
|upkeep
|turn|23
|
|t:|1612977690
|move|p1a: Celebi|Energy Ball|p2a: Reuniclus
|-damage|p2a: Reuniclus|53/100 psn
|move|p2a: Reuniclus|Calm Mind|p2a: Reuniclus
|-boost|p2a: Reuniclus|spa|0
|-boost|p2a: Reuniclus|spd|1
|
|-heal|p1a: Celebi|100/100|[from] item: Leftovers
|-heal|p2a: Reuniclus|59/100 psn|[from] item: Leftovers
|upkeep
|turn|24
|
|t:|1612977698
|move|p1a: Celebi|Energy Ball|p2a: Reuniclus
|-damage|p2a: Reuniclus|29/100 psn
|move|p2a: Reuniclus|Recover|p2a: Reuniclus
|-heal|p2a: Reuniclus|79/100 psn
|
|-heal|p2a: Reuniclus|85/100 psn|[from] item: Leftovers
|upkeep
|turn|25
|
|t:|1612977705
|move|p1a: Celebi|Energy Ball|p2a: Reuniclus
|-damage|p2a: Reuniclus|55/100 psn
|move|p2a: Reuniclus|Psyshock|p1a: Celebi
|-resisted|p1a: Celebi
|-damage|p1a: Celebi|31/100
|
|-heal|p1a: Celebi|37/100|[from] item: Leftovers
|-heal|p2a: Reuniclus|62/100 psn|[from] item: Leftovers
|upkeep
|turn|26
|
|t:|1612977714
|move|p1a: Celebi|Energy Ball|p2a: Reuniclus
|-damage|p2a: Reuniclus|33/100 psn
|move|p2a: Reuniclus|Psyshock|p1a: Celebi
|-resisted|p1a: Celebi
|-damage|p1a: Celebi|0 fnt
|faint|p1a: Celebi
|
|-heal|p2a: Reuniclus|39/100 psn|[from] item: Leftovers
|upkeep
|
|t:|1612977731
|switch|p1a: Zygarde|Zygarde-10%|100/100
|-damage|p1a: Zygarde|88/100|[from] Spikes
|-ability|p1a: Zygarde|Aura Break
|turn|27
|
|t:|1612977746
|switch|p2a: Incineroar|Incineroar, M|84/100
|-ability|p2a: Incineroar|Intimidate|boost
|-unboost|p1a: Zygarde|atk|1
|move|p1a: Zygarde|Thousand Arrows|p2a: Incineroar
|-supereffective|p2a: Incineroar
|-damage|p2a: Incineroar|6/100
|
|upkeep
|turn|28
|
|t:|1612977758
|move|p1a: Zygarde|Thousand Arrows|p2a: Incineroar
|-supereffective|p2a: Incineroar
|-damage|p2a: Incineroar|0 fnt
|faint|p2a: Incineroar
|
|upkeep
|
|t:|1612977764
|switch|p2a: Starmie|Starmie|100/100
|turn|29
|
|t:|1612977767
|move|p2a: Starmie|Rapid Spin|p1a: Zygarde
|-damage|p1a: Zygarde|76/100
|-boost|p2a: Starmie|spe|1
|-sideend|p2: Moxirilla|Toxic Spikes|[from] move: Rapid Spin|[of] p2a: Starmie
|-sideend|p2: Moxirilla|Stealth Rock|[from] move: Rapid Spin|[of] p2a: Starmie
|move|p1a: Zygarde|Thousand Arrows|p2a: Starmie
|-damage|p2a: Starmie|39/100
|
|upkeep
|turn|30
|
|t:|1612977786
|switch|p1a: Registeel|Registeel|93/100
|-damage|p1a: Registeel|80/100|[from] Spikes
|move|p2a: Starmie|Recover|p2a: Starmie
|-heal|p2a: Starmie|89/100
|
|-heal|p1a: Registeel|86/100|[from] item: Leftovers
|upkeep
|turn|31
|
|t:|1612977798
|move|p2a: Starmie|Scald|p1a: Registeel
|-damage|p1a: Registeel|64/100
|move|p1a: Registeel|Seismic Toss|p2a: Starmie
|-damage|p2a: Starmie|51/100
|
|-heal|p1a: Registeel|70/100|[from] item: Leftovers
|upkeep
|turn|32
|
|t:|1612977807
|move|p2a: Starmie|Scald|p1a: Registeel
|-damage|p1a: Registeel|47/100
|move|p1a: Registeel|Toxic|p2a: Starmie|[miss]
|-miss|p1a: Registeel|p2a: Starmie
|
|-heal|p1a: Registeel|54/100|[from] item: Leftovers
|upkeep
|turn|33
|
|t:|1612977815
|switch|p2a: Reuniclus|Reuniclus, M|39/100 psn
|move|p1a: Registeel|Seismic Toss|p2a: Reuniclus
|-damage|p2a: Reuniclus|16/100 psn
|
|-heal|p1a: Registeel|60/100|[from] item: Leftovers
|-heal|p2a: Reuniclus|22/100 psn|[from] item: Leftovers
|upkeep
|turn|34
|
|t:|1612977830
|switch|p2a: Zygarde|Zygarde-10%|100/100
|-ability|p2a: Zygarde|Aura Break
|move|p1a: Registeel|Seismic Toss|p2a: Zygarde
|-damage|p2a: Zygarde|60/100
|
|-heal|p1a: Registeel|66/100|[from] item: Leftovers
|upkeep
|turn|35
|
|t:|1612977843
|switch|p1a: Suicune|Suicune|100/100
|-damage|p1a: Suicune|88/100|[from] Spikes
|-ability|p1a: Suicune|Pressure
|move|p2a: Zygarde|Thousand Arrows|p1a: Suicune
|-damage|p1a: Suicune|52/100
|
|-heal|p1a: Suicune|58/100|[from] item: Leftovers
|upkeep
|turn|36
|
|t:|1612977855
|move|p2a: Zygarde|Thousand Arrows|p1a: Suicune
|-damage|p1a: Suicune|24/100
|move|p1a: Suicune|Scald|p2a: Zygarde
|-damage|p2a: Zygarde|22/100
|-status|p2a: Zygarde|brn
|
|-heal|p1a: Suicune|30/100|[from] item: Leftovers
|-damage|p2a: Zygarde|16/100 brn|[from] brn
|upkeep
|turn|37
|
|t:|1612977865
|switch|p2a: Xurkitree|Xurkitree|100/100
|move|p1a: Suicune|Scald|p2a: Xurkitree
|-damage|p2a: Xurkitree|65/100
|-status|p2a: Xurkitree|brn
|
|-heal|p1a: Suicune|37/100|[from] item: Leftovers
|-damage|p2a: Xurkitree|59/100 brn|[from] brn
|upkeep
|turn|38
|
|t:|1612977877
|switch|p1a: Registeel|Registeel|66/100
|-damage|p1a: Registeel|53/100|[from] Spikes
|move|p2a: Xurkitree|Dazzling Gleam|p1a: Registeel
|-resisted|p1a: Registeel
|-damage|p1a: Registeel|42/100
|
|-heal|p1a: Registeel|48/100|[from] item: Leftovers
|-damage|p2a: Xurkitree|53/100 brn|[from] brn
|upkeep
|turn|39
|-message|Moxirilla forfeited.
|
|win|le_patrooon
|l|☆Moxirilla
||Ladder (probably) updated, but score could not be retrieved (Request timeout).
