|j|☆Docteur Grandhomme
|j|☆Ambidexx
|t:|1657165588
|gametype|singles
|player|p1|Docteur Grandhomme|scientistf|1287
|player|p2|Ambidexx|iris|1547
|teamsize|p1|6
|teamsize|p2|6
|gen|8
|tier|[Gen 8] RU
|rated|
|rule|Sleep Clause Mod: Limit one foe put to sleep
|rule|Species Clause: Limit one of each Pokémon
|rule|OHKO Clause: OHKO moves are banned
|rule|Evasion Moves Clause: Evasion moves are banned
|rule|Endless Battle Clause: Forcing endless battles is banned
|rule|HP Percentage Mod: HP is shown in percentages
|rule|Dynamax Clause: You cannot dynamax
|clearpoke
|poke|p1|Umbreon, F|
|poke|p1|Cloyster, M|
|poke|p1|Nidoqueen, F|
|poke|p1|Chandelure, F|
|poke|p1|Xurkitree|
|poke|p1|Slurpuff, F|
|poke|p2|Nidoqueen, F|
|poke|p2|Snorlax, M|
|poke|p2|Golisopod, F|
|poke|p2|Rotom-Mow|
|poke|p2|Milotic, M|
|poke|p2|Chandelure, F|
|teampreview
|inactive|Battle timer is ON: inactive players will automatically lose when time's up. (requested by Docteur Grandhomme)
|inactive|Ambidexx has 120 seconds left.
|inactive|Ambidexx has 90 seconds left.
|
|t:|1657165653
|start
|switch|p1a: Slurpuff|Slurpuff, F|100/100
|switch|p2a: Nidoqueen|Nidoqueen, F|100/100
|turn|1
|
|t:|1657165660
|move|p1a: Slurpuff|Sticky Web|p2a: Nidoqueen
|-sidestart|p2: Ambidexx|move: Sticky Web
|move|p2a: Nidoqueen|Sludge Wave|p1a: Slurpuff
|-supereffective|p1a: Slurpuff
|-enditem|p1a: Slurpuff|Focus Sash
|-damage|p1a: Slurpuff|1/100
|
|upkeep
|turn|2
|
|t:|1657165666
|move|p1a: Slurpuff|Endeavor|p2a: Nidoqueen
|-damage|p2a: Nidoqueen|1/100
|move|p2a: Nidoqueen|Stealth Rock|p1a: Slurpuff
|-sidestart|p1: Docteur Grandhomme|move: Stealth Rock
|
|-heal|p2a: Nidoqueen|7/100|[from] item: Black Sludge
|upkeep
|turn|3
|
|t:|1657165672
|move|p1a: Slurpuff|Dazzling Gleam|p2a: Nidoqueen
|-resisted|p2a: Nidoqueen
|-damage|p2a: Nidoqueen|0 fnt
|faint|p2a: Nidoqueen
|
|upkeep
|
|t:|1657165676
|switch|p2a: Golisopod|Golisopod, F|100/100
|turn|4
|
|t:|1657165682
|move|p2a: Golisopod|First Impression|p1a: Slurpuff
|-resisted|p1a: Slurpuff
|-damage|p1a: Slurpuff|0 fnt
|faint|p1a: Slurpuff
|
|upkeep
|
|t:|1657165687
|switch|p1a: Xurkitree|Xurkitree|100/100
|-damage|p1a: Xurkitree|88/100|[from] Stealth Rock
|turn|5
|
|t:|1657165692
|switch|p2a: Snorlax|Snorlax, M|100/100
|-activate|p2a: Snorlax|move: Sticky Web
|-unboost|p2a: Snorlax|spe|1
|move|p1a: Xurkitree|Calm Mind|p1a: Xurkitree
|-boost|p1a: Xurkitree|spa|1
|-boost|p1a: Xurkitree|spd|1
|
|-heal|p1a: Xurkitree|94/100|[from] item: Leftovers
|upkeep
|turn|6
|
|t:|1657165700
|move|p1a: Xurkitree|Thunderbolt|p2a: Snorlax
|-damage|p2a: Snorlax|57/100
|move|p2a: Snorlax|Facade|p1a: Xurkitree
|-damage|p1a: Xurkitree|48/100
|
|-heal|p1a: Xurkitree|54/100|[from] item: Leftovers
|upkeep
|turn|7
|
|t:|1657165707
|move|p1a: Xurkitree|Calm Mind|p1a: Xurkitree
|-boost|p1a: Xurkitree|spa|1
|-boost|p1a: Xurkitree|spd|1
|move|p2a: Snorlax|Facade|p1a: Xurkitree
|-damage|p1a: Xurkitree|14/100
|
|-heal|p1a: Xurkitree|20/100|[from] item: Leftovers
|upkeep
|turn|8
|
|t:|1657165714
|move|p1a: Xurkitree|Thunderbolt|p2a: Snorlax
|-damage|p2a: Snorlax|0 fnt
|faint|p2a: Snorlax
|-ability|p1a: Xurkitree|Beast Boost|boost
|-boost|p1a: Xurkitree|spa|1
|
|-heal|p1a: Xurkitree|26/100|[from] item: Leftovers
|upkeep
|
|t:|1657165722
|switch|p2a: Rotom|Rotom-Mow|100/100
|turn|9
|
|t:|1657165727
|move|p2a: Rotom|Leaf Storm|p1a: Xurkitree
|-damage|p1a: Xurkitree|0 fnt
|-unboost|p2a: Rotom|spa|2
|faint|p1a: Xurkitree
|
|upkeep
|
|t:|1657165736
|switch|p1a: Chandelure|Chandelure, F|100/100
|-damage|p1a: Chandelure|76/100|[from] Stealth Rock
|turn|10
|
|t:|1657165756
|switch|p2a: Milotic|Milotic, M|100/100
|-activate|p2a: Milotic|move: Sticky Web
|-unboost|p2a: Milotic|spe|1
|move|p1a: Chandelure|Shadow Ball|p2a: Milotic
|-damage|p2a: Milotic|56/100
|
|upkeep
|turn|11
|
|t:|1657165763
|move|p1a: Chandelure|Shadow Ball|p2a: Milotic
|-damage|p2a: Milotic|4/100
|move|p2a: Milotic|Recover|p2a: Milotic
|-heal|p2a: Milotic|54/100
|
|upkeep
|turn|12
|
|t:|1657165769
|move|p1a: Chandelure|Shadow Ball|p2a: Milotic
|-damage|p2a: Milotic|7/100
|-unboost|p2a: Milotic|spd|1
|move|p2a: Milotic|Scald|p1a: Chandelure
|-supereffective|p1a: Chandelure
|-damage|p1a: Chandelure|0 fnt
|faint|p1a: Chandelure
|
|upkeep
|
|t:|1657165775
|switch|p1a: Nidoqueen|Nidoqueen, F|100/100
|-damage|p1a: Nidoqueen|94/100|[from] Stealth Rock
|turn|13
|
|t:|1657165788
|move|p1a: Nidoqueen|Sludge Bomb|p2a: Milotic
|-damage|p2a: Milotic|0 fnt
|faint|p2a: Milotic
|
|upkeep
|
|t:|1657165804
|switch|p2a: Golisopod|Golisopod, F|100/100
|turn|14
|
|t:|1657165809
|switch|p1a: Cloyster|Cloyster, M|100/100
|-damage|p1a: Cloyster|76/100|[from] Stealth Rock
|move|p2a: Golisopod|Knock Off|p1a: Cloyster
|-damage|p1a: Cloyster|46/100
|-enditem|p1a: Cloyster|White Herb|[from] move: Knock Off|[of] p2a: Golisopod
|
|upkeep
|turn|15
|
|t:|1657165830
|switch|p2a: Chandelure|Chandelure, F|100/100
|-activate|p2a: Chandelure|move: Sticky Web
|-unboost|p2a: Chandelure|spe|1
|move|p1a: Cloyster|Rock Blast|p2a: Chandelure|[miss]
|-miss|p1a: Cloyster|p2a: Chandelure
|
|upkeep
|turn|16
|
|t:|1657165839
|move|p1a: Cloyster|Hydro Pump|p2a: Chandelure
|-supereffective|p2a: Chandelure
|-damage|p2a: Chandelure|5/100
|move|p2a: Chandelure|Shadow Ball|p1a: Cloyster
|-damage|p1a: Cloyster|0 fnt
|faint|p1a: Cloyster
|
|upkeep
|
|t:|1657165847
|switch|p1a: Nidoqueen|Nidoqueen, F|94/100
|-damage|p1a: Nidoqueen|88/100|[from] Stealth Rock
|turn|17
|
|t:|1657165855
|move|p1a: Nidoqueen|Sludge Bomb|p2a: Chandelure
|-resisted|p2a: Chandelure
|-damage|p2a: Chandelure|0 fnt
|faint|p2a: Chandelure
|
|upkeep
|
|t:|1657165859
|switch|p2a: Golisopod|Golisopod, F|100/100
|turn|18
|
|t:|1657165864
|move|p2a: Golisopod|First Impression|p1a: Nidoqueen
|-resisted|p1a: Nidoqueen
|-damage|p1a: Nidoqueen|56/100
|move|p1a: Nidoqueen|Sludge Bomb|p2a: Golisopod
|-damage|p2a: Golisopod|39/100
|
|upkeep
|turn|19
|
|t:|1657165871
|switch|p2a: Rotom|Rotom-Mow|100/100
|move|p1a: Nidoqueen|Sludge Bomb|p2a: Rotom
|-supereffective|p2a: Rotom
|-damage|p2a: Rotom|0 fnt
|faint|p2a: Rotom
|
|upkeep
|c|☆Docteur Grandhomme|uhm
|c|☆Ambidexx|???
|c|☆Docteur Grandhomme|why didn't he switch
|inactive|Ambidexx has 120 seconds left.
|c|☆Ambidexx|ive never seen that before
|c|☆Docteur Grandhomme|that was weird to you too? okay lol
|c|☆Docteur Grandhomme|sorry for the bug
|inactive|Ambidexx has 90 seconds left.
|inactiveoff|Battle timer is now OFF.
|c|☆Ambidexx|i think it was a lost cause anyway
|
|t:|1657165957
|switch|p2a: Golisopod|Golisopod, F|39/100
|turn|20
|c|☆Docteur Grandhomme|i'll report it to the game
|c|☆Docteur Grandhomme|did it make you switch or was that a choice
|
|t:|1657165977
|move|p1a: Nidoqueen|Sludge Bomb|p2a: Golisopod
|-damage|p2a: Golisopod|0 fnt
|faint|p2a: Golisopod
|
|win|Docteur Grandhomme
|raw|Docteur Grandhomme's rating: 1287 &rarr; <strong>1328</strong><br />(+41 for winning)
|raw|Ambidexx's rating: 1547 &rarr; <strong>1514</strong><br />(-33 for losing)
||Ladder isn't responding, score probably updated but might not have (Request timeout).
