|j|☆heddwyn
|j|☆testinganteater
|t:|1646384886
|gametype|singles
|player|p1|heddwyn|1|1391
|player|p2|testinganteater|juggler|1289
|teamsize|p1|6
|teamsize|p2|6
|gen|8
|tier|[Gen 8] RU
|rated|
|rule|Sleep Clause Mod: Limit one foe put to sleep
|rule|Species Clause: Limit one of each Pokémon
|rule|OHKO Clause: OHKO moves are banned
|rule|Evasion Moves Clause: Evasion moves are banned
|rule|Endless Battle Clause: Forcing endless battles is banned
|rule|HP Percentage Mod: HP is shown in percentages
|rule|Dynamax Clause: You cannot dynamax
|clearpoke
|poke|p1|Polteageist|
|poke|p1|Indeedee-F, F|
|poke|p1|Flygon, F|
|poke|p1|Metagross|
|poke|p1|Togekiss, M|
|poke|p1|Volcanion|
|poke|p2|Darmanitan, M|
|poke|p2|Starmie|
|poke|p2|Xurkitree|
|poke|p2|Bronzong|
|poke|p2|Nidoqueen, F|
|poke|p2|Guzzlord|
|teampreview
|
|t:|1646384896
|start
|switch|p1a: Volcanion|Volcanion|100/100
|switch|p2a: Bronzong|Bronzong|100/100
|turn|1
|
|t:|1646384903
|switch|p2a: Guzzlord|Guzzlord|100/100
|move|p1a: Volcanion|Flamethrower|p2a: Guzzlord
|-resisted|p2a: Guzzlord
|-damage|p2a: Guzzlord|85/100
|
|-heal|p2a: Guzzlord|91/100|[from] item: Leftovers
|upkeep
|turn|2
|
|t:|1646384912
|switch|p1a: Metagross|Metagross|100/100
|move|p2a: Guzzlord|Knock Off|p1a: Metagross
|-supereffective|p1a: Metagross
|-enditem|p1a: Metagross|Colbur Berry|[eat]
|-enditem|p1a: Metagross|Colbur Berry|[weaken]
|-damage|p1a: Metagross|72/100
|
|-heal|p2a: Guzzlord|97/100|[from] item: Leftovers
|upkeep
|turn|3
|
|t:|1646384922
|switch|p2a: Bronzong|Bronzong|100/100
|move|p1a: Metagross|Hammer Arm|p2a: Bronzong|[miss]
|-miss|p1a: Metagross|p2a: Bronzong
|
|upkeep
|turn|4
|
|t:|1646384939
|switch|p1a: Volcanion|Volcanion|100/100
|move|p2a: Bronzong|Toxic|p1a: Volcanion|[miss]
|-miss|p2a: Bronzong|p1a: Volcanion
|
|upkeep
|turn|5
|
|t:|1646384945
|switch|p2a: Guzzlord|Guzzlord|97/100
|move|p1a: Volcanion|Flamethrower|p2a: Guzzlord
|-resisted|p2a: Guzzlord
|-damage|p2a: Guzzlord|81/100
|
|-heal|p2a: Guzzlord|87/100|[from] item: Leftovers
|upkeep
|turn|6
|
|t:|1646384956
|switch|p1a: Togekiss|Togekiss, M|100/100
|move|p2a: Guzzlord|Knock Off|p1a: Togekiss
|-resisted|p1a: Togekiss
|-damage|p1a: Togekiss|80/100
|-enditem|p1a: Togekiss|Leftovers|[from] move: Knock Off|[of] p2a: Guzzlord
|
|-heal|p2a: Guzzlord|93/100|[from] item: Leftovers
|upkeep
|turn|7
|
|t:|1646384966
|switch|p2a: Xurkitree|Xurkitree|100/100
|move|p1a: Togekiss|Substitute|p1a: Togekiss
|-start|p1a: Togekiss|Substitute
|-damage|p1a: Togekiss|55/100
|
|upkeep
|turn|8
|
|t:|1646384985
|move|p2a: Xurkitree|Thunderbolt|p1a: Togekiss
|-supereffective|p1a: Togekiss
|-end|p1a: Togekiss|Substitute
|move|p1a: Togekiss|Flamethrower|p2a: Xurkitree
|-damage|p2a: Xurkitree|61/100
|
|upkeep
|turn|9
|
|t:|1646384996
|switch|p1a: Flygon|Flygon, F|100/100
|move|p2a: Xurkitree|Dazzling Gleam|p1a: Flygon
|-supereffective|p1a: Flygon
|-damage|p1a: Flygon|46/100
|-enditem|p1a: Flygon|Sitrus Berry|[eat]
|-heal|p1a: Flygon|71/100|[from] item: Sitrus Berry
|
|upkeep
|turn|10
|
|t:|1646385007
|switch|p2a: Bronzong|Bronzong|100/100
|move|p1a: Flygon|U-turn|p2a: Bronzong
|-damage|p2a: Bronzong|85/100
|
|t:|1646385012
|switch|p1a: Volcanion|Volcanion|100/100|[from]move: U-turn
|
|-heal|p2a: Bronzong|92/100|[from] item: Leftovers
|upkeep
|turn|11
|
|t:|1646385022
|switch|p1a: Metagross|Metagross|72/100
|switch|p2a: Guzzlord|Guzzlord|93/100
|
|-heal|p2a: Guzzlord|99/100|[from] item: Leftovers
|upkeep
|turn|12
|
|t:|1646385037
|switch|p2a: Starmie|Starmie|100/100
|move|p1a: Metagross|Stealth Rock|p2a: Starmie
|-sidestart|p2: testinganteater|move: Stealth Rock
|
|upkeep
|turn|13
|
|t:|1646385059
|switch|p1a: Volcanion|Volcanion|100/100
|move|p2a: Starmie|Rapid Spin|p1a: Volcanion
|-damage|p1a: Volcanion|93/100
|-boost|p2a: Starmie|spe|1
|-sideend|p2: testinganteater|Stealth Rock|[from] move: Rapid Spin|[of] p2a: Starmie
|
|upkeep
|turn|14
|
|t:|1646385067
|switch|p1a: Flygon|Flygon, F|71/100
|move|p2a: Starmie|Teleport|p2a: Starmie
|
|t:|1646385076
|switch|p2a: Bronzong|Bronzong|92/100|[from]move: Teleport
|
|-heal|p2a: Bronzong|98/100|[from] item: Leftovers
|upkeep
|turn|15
|
|t:|1646385091
|move|p1a: Flygon|Roost|p1a: Flygon
|-heal|p1a: Flygon|100/100
|-singleturn|p1a: Flygon|move: Roost
|move|p2a: Bronzong|Toxic|p1a: Flygon
|-status|p1a: Flygon|tox
|
|-heal|p2a: Bronzong|100/100|[from] item: Leftovers
|-damage|p1a: Flygon|94/100 tox|[from] psn
|upkeep
|turn|16
|
|t:|1646385103
|switch|p1a: Volcanion|Volcanion|93/100
|move|p2a: Bronzong|Body Press|p1a: Volcanion
|-damage|p1a: Volcanion|75/100
|
|upkeep
|turn|17
|
|t:|1646385112
|switch|p2a: Guzzlord|Guzzlord|99/100
|move|p1a: Volcanion|Toxic|p2a: Guzzlord
|-status|p2a: Guzzlord|tox
|
|-heal|p2a: Guzzlord|100/100 tox|[from] item: Leftovers
|-damage|p2a: Guzzlord|94/100 tox|[from] psn
|upkeep
|turn|18
|
|t:|1646385139
|switch|p1a: Togekiss|Togekiss, M|55/100
|switch|p2a: Nidoqueen|Nidoqueen, F|100/100
|
|upkeep
|turn|19
|
|t:|1646385151
|move|p1a: Togekiss|Air Slash|p2a: Nidoqueen
|-damage|p2a: Nidoqueen|74/100
|cant|p2a: Nidoqueen|flinch
|
|-heal|p2a: Nidoqueen|80/100|[from] item: Black Sludge
|upkeep
|turn|20
|
|t:|1646385160
|switch|p1a: Volcanion|Volcanion|75/100
|move|p2a: Nidoqueen|Stealth Rock|p1a: Volcanion
|-sidestart|p1: heddwyn|move: Stealth Rock
|
|-heal|p2a: Nidoqueen|86/100|[from] item: Black Sludge
|upkeep
|turn|21
|inactive|Battle timer is ON: inactive players will automatically lose when time's up. (requested by heddwyn)
|
|t:|1646385173
|move|p1a: Volcanion|Steam Eruption|p2a: Nidoqueen
|-supereffective|p2a: Nidoqueen
|-damage|p2a: Nidoqueen|0 fnt
|faint|p2a: Nidoqueen
|
|upkeep
|
|t:|1646385187
|switch|p2a: Xurkitree|Xurkitree|61/100
|turn|22
|
|t:|1646385210
|move|p2a: Xurkitree|Thunderbolt|p1a: Volcanion
|-supereffective|p1a: Volcanion
|-damage|p1a: Volcanion|0 fnt
|faint|p1a: Volcanion
|-ability|p2a: Xurkitree|Beast Boost|boost
|-boost|p2a: Xurkitree|spa|1
|
|upkeep
|inactive|heddwyn has 120 seconds left.
|
|t:|1646385227
|switch|p1a: Flygon|Flygon, F|94/100 tox
|-damage|p1a: Flygon|88/100 tox|[from] Stealth Rock
|turn|23
|
|t:|1646385242
|switch|p2a: Bronzong|Bronzong|100/100
|move|p1a: Flygon|Defog|p2a: Bronzong
|-unboost|p2a: Bronzong|evasion|1
|-sideend|p1: heddwyn|Stealth Rock|[from] move: Defog|[of] p1a: Flygon
|
|-damage|p1a: Flygon|82/100 tox|[from] psn
|upkeep
|turn|24
|
|t:|1646385252
|switch|p1a: Indeedee|Indeedee-F, F|100/100
|-fieldstart|move: Psychic Terrain|[from] ability: Psychic Surge|[of] p1a: Indeedee
|move|p2a: Bronzong|Iron Defense|p2a: Bronzong
|-boost|p2a: Bronzong|def|2
|
|upkeep
|turn|25
|
|t:|1646385266
|move|p1a: Indeedee|Trick|p2a: Bronzong
|-activate|p1a: Indeedee|move: Trick|[of] p2a: Bronzong
|-item|p2a: Bronzong|Choice Scarf|[from] move: Trick
|-item|p1a: Indeedee|Leftovers|[from] move: Trick
|move|p2a: Bronzong|Body Press|p1a: Indeedee
|-damage|p1a: Indeedee|23/100
|
|-heal|p1a: Indeedee|29/100|[from] item: Leftovers
|upkeep
|turn|26
|
|t:|1646385281
|switch|p1a: Polteageist|Polteageist|100/100
|move|p2a: Bronzong|Body Press|p1a: Polteageist
|-immune|p1a: Polteageist
|
|upkeep
|turn|27
|
|t:|1646385293
|switch|p2a: Guzzlord|Guzzlord|94/100 tox
|move|p1a: Polteageist|Shadow Ball|p2a: Guzzlord
|-resisted|p2a: Guzzlord
|-damage|p2a: Guzzlord|81/100 tox
|
|-heal|p2a: Guzzlord|87/100 tox|[from] item: Leftovers
|-damage|p2a: Guzzlord|81/100 tox|[from] psn
|upkeep
|turn|28
|
|t:|1646385304
|switch|p1a: Togekiss|Togekiss, M|55/100
|switch|p2a: Darmanitan|Darmanitan, M|100/100
|
|-fieldend|move: Psychic Terrain
|upkeep
|turn|29
|inactive|heddwyn has 120 seconds left.
|
|t:|1646385337
|switch|p1a: Flygon|Flygon, F|82/100 tox
|move|p2a: Darmanitan|Flare Blitz|p1a: Flygon
|-resisted|p1a: Flygon
|-damage|p1a: Flygon|36/100 tox
|-damage|p2a: Darmanitan|85/100|[from] Recoil
|
|-damage|p1a: Flygon|30/100 tox|[from] psn
|upkeep
|turn|30
|inactive|heddwyn has 120 seconds left.
|
|t:|1646385346
|move|p2a: Darmanitan|Flare Blitz|p1a: Flygon
|-resisted|p1a: Flygon
|-damage|p1a: Flygon|0 fnt
|faint|p1a: Flygon
|-damage|p2a: Darmanitan|75/100|[from] Recoil
|
|upkeep
|inactive|heddwyn has 120 seconds left.
|c|☆testinganteater|i like your team
|-message|heddwyn forfeited.
|
|win|testinganteater
|raw|heddwyn's rating: 1391 &rarr; <strong>1365</strong><br />(-26 for losing)
|raw|testinganteater's rating: 1289 &rarr; <strong>1321</strong><br />(+32 for winning)
|l|☆heddwyn
|c|☆testinganteater|gg
||Ladder isn't responding, score probably updated but might not have (Request timeout).
