|j|☆Kingston9629
|j|☆marko14404444
|inactive|Battle timer is ON: inactive players will automatically lose when time's up.
|t:|1636556625
|gametype|singles
|player|p1|Kingston9629|1|
|player|p2|marko14404444|cynthia|
|teamsize|p1|6
|teamsize|p2|6
|gen|8
|tier|[Gen 8] RU
|rated|Tournament battle
|rule|Sleep Clause Mod: Limit one foe put to sleep
|rule|Species Clause: Limit one of each Pokémon
|rule|OHKO Clause: OHKO moves are banned
|rule|Evasion Moves Clause: Evasion moves are banned
|rule|Endless Battle Clause: Forcing endless battles is banned
|rule|HP Percentage Mod: HP is shown in percentages
|rule|Dynamax Clause: You cannot dynamax
|clearpoke
|poke|p1|Chandelure, F|
|poke|p1|Nidoqueen, F|
|poke|p1|Bronzong|
|poke|p1|Togekiss, M|
|poke|p1|Golisopod, F|
|poke|p1|Flygon, F|
|poke|p2|Flygon, M|
|poke|p2|Umbreon, M|
|poke|p2|Cobalion|
|poke|p2|Reuniclus, F|
|poke|p2|Weezing-Galar, M|
|poke|p2|Mimikyu, M|
|teampreview
|j|*Lady Monita ☽
|c|☆Kingston9629|gl hf!
|inactive|Kingston9629 has 120 seconds left.
|c|☆marko14404444|gl
|inactive|Kingston9629 has 90 seconds left.
|
|t:|1636556694
|start
|switch|p1a: Golisopod|Golisopod, F, shiny|100/100
|switch|p2a: Flygon|Flygon, M|100/100
|turn|1
|j| PokemonDimensions
|
|t:|1636556705
|move|p1a: Golisopod|First Impression|p2a: Flygon
|-damage|p2a: Flygon|37/100
|move|p2a: Flygon|Stone Edge|p1a: Golisopod
|-supereffective|p1a: Golisopod
|-damage|p1a: Golisopod|60/100
|
|upkeep
|turn|2
|
|t:|1636556711
|switch|p1a: Flygon|Flygon, F, shiny|100/100
|move|p2a: Flygon|Stone Edge|p1a: Flygon
|-resisted|p1a: Flygon
|-crit|p1a: Flygon
|-damage|p1a: Flygon|79/100
|
|-heal|p1a: Flygon|85/100|[from] item: Leftovers
|upkeep
|turn|3
|
|t:|1636556735
|switch|p2a: Weezing|Weezing-Galar, M|100/100
|move|p1a: Flygon|Toxic|p2a: Weezing|[miss]
|-miss|p1a: Flygon|p2a: Weezing
|
|-heal|p1a: Flygon|91/100|[from] item: Leftovers
|upkeep
|turn|4
|
|t:|1636556751
|switch|p1a: Bronzong|Bronzong|100/100
|move|p2a: Weezing|Will-O-Wisp|p1a: Bronzong
|-status|p1a: Bronzong|brn
|
|-damage|p1a: Bronzong|94/100 brn|[from] brn
|upkeep
|turn|5
|
|t:|1636556758
|switch|p2a: Umbreon|Umbreon, M|100/100
|move|p1a: Bronzong|Stealth Rock|p2a: Umbreon
|-sidestart|p2: marko14404444|move: Stealth Rock
|
|-heal|p1a: Bronzong|100/100 brn|[from] item: Leftovers
|-damage|p1a: Bronzong|94/100 brn|[from] brn
|upkeep
|turn|6
|
|t:|1636556763
|switch|p1a: Togekiss|Togekiss, M|100/100
|move|p2a: Umbreon|Foul Play|p1a: Togekiss
|-resisted|p1a: Togekiss
|-damage|p1a: Togekiss|93/100
|
|upkeep
|turn|7
|
|t:|1636556778
|switch|p2a: Cobalion|Cobalion|100/100
|-damage|p2a: Cobalion|97/100|[from] Stealth Rock
|move|p1a: Togekiss|Trick|p2a: Cobalion
|-activate|p1a: Togekiss|move: Trick|[of] p2a: Cobalion
|-item|p2a: Cobalion|Choice Scarf|[from] move: Trick
|-item|p1a: Togekiss|Rocky Helmet|[from] move: Trick
|
|upkeep
|turn|8
|
|t:|1636556793
|switch|p1a: Golisopod|Golisopod, F, shiny|60/100
|move|p2a: Cobalion|Volt Switch|p1a: Golisopod
|-supereffective|p1a: Golisopod
|-damage|p1a: Golisopod|29/100
|-activate|p1a: Golisopod|ability: Emergency Exit
|l| PokemonDimensions
|j| bestgijljhkhas45
|
|t:|1636556801
|switch|p1a: Flygon|Flygon, F, shiny|91/100
|
|-heal|p1a: Flygon|97/100|[from] item: Leftovers
|upkeep
|turn|9
|
|t:|1636556814
|switch|p2a: Weezing|Weezing-Galar, M|100/100
|-damage|p2a: Weezing|88/100|[from] Stealth Rock
|switch|p1a: Chandelure|Chandelure, F, shiny|100/100
|
|-heal|p2a: Weezing|94/100|[from] item: Black Sludge
|upkeep
|turn|10
|l| bestgijljhkhas45
|
|t:|1636556833
|move|p1a: Chandelure|Flamethrower|p2a: Weezing
|-damage|p2a: Weezing|0 fnt
|faint|p2a: Weezing
|
|upkeep
|j| wesh papillon
|
|t:|1636556845
|switch|p2a: Umbreon|Umbreon, M|100/100
|-damage|p2a: Umbreon|88/100|[from] Stealth Rock
|turn|11
|
|t:|1636556849
|switch|p1a: Togekiss|Togekiss, M|93/100
|move|p2a: Umbreon|Foul Play|p1a: Togekiss
|-resisted|p1a: Togekiss
|-damage|p1a: Togekiss|86/100
|-damage|p2a: Umbreon|72/100|[from] item: Rocky Helmet|[of] p1a: Togekiss
|
|-heal|p2a: Umbreon|78/100|[from] item: Leftovers
|upkeep
|turn|12
|
|t:|1636556855
|move|p2a: Umbreon|Protect|p2a: Umbreon
|-singleturn|p2a: Umbreon|Protect
|move|p1a: Togekiss|Flamethrower|p2a: Umbreon
|-activate|p2a: Umbreon|move: Protect
|
|-heal|p2a: Umbreon|84/100|[from] item: Leftovers
|upkeep
|turn|13
|j| bestgijljhkhas45
|
|t:|1636556863
|move|p1a: Togekiss|Air Slash|p2a: Umbreon
|-damage|p2a: Umbreon|64/100
|cant|p2a: Umbreon|flinch
|
|-heal|p2a: Umbreon|70/100|[from] item: Leftovers
|upkeep
|turn|14
|
|t:|1636556869
|switch|p1a: Golisopod|Golisopod, F, shiny|29/100
|move|p2a: Umbreon|Wish|p2a: Umbreon
|
|-heal|p2a: Umbreon|76/100|[from] item: Leftovers
|upkeep
|turn|15
|
|t:|1636556874
|move|p2a: Umbreon|Protect|p2a: Umbreon
|-singleturn|p2a: Umbreon|Protect
|move|p1a: Golisopod|Spikes|p2a: Umbreon
|-sidestart|p2: marko14404444|Spikes
|
|-heal|p2a: Umbreon|100/100|[from] move: Wish|[wisher] Umbreon
|upkeep
|turn|16
|
|t:|1636556878
|switch|p1a: Togekiss|Togekiss, M|86/100
|move|p2a: Umbreon|Foul Play|p1a: Togekiss
|-resisted|p1a: Togekiss
|-damage|p1a: Togekiss|78/100
|-damage|p2a: Umbreon|84/100|[from] item: Rocky Helmet|[of] p1a: Togekiss
|
|-heal|p2a: Umbreon|90/100|[from] item: Leftovers
|upkeep
|turn|17
|
|t:|1636556884
|switch|p1a: Flygon|Flygon, F, shiny|97/100
|switch|p2a: Cobalion|Cobalion|97/100
|-damage|p2a: Cobalion|94/100|[from] Stealth Rock
|-damage|p2a: Cobalion|82/100|[from] Spikes
|
|-heal|p1a: Flygon|100/100|[from] item: Leftovers
|upkeep
|turn|18
|
|t:|1636556891
|switch|p2a: Reuniclus|Reuniclus, F|100/100
|move|p1a: Flygon|Roost||[still]
|-fail|p1a: Flygon|heal
|
|upkeep
|turn|19
|
|t:|1636556900
|switch|p1a: Chandelure|Chandelure, F, shiny|100/100
|move|p2a: Reuniclus|Recover||[still]
|-fail|p2a: Reuniclus|heal
|
|upkeep
|turn|20
|
|t:|1636556908
|switch|p2a: Mimikyu|Mimikyu, M|100/100
|-damage|p2a: Mimikyu|88/100|[from] Stealth Rock
|-damage|p2a: Mimikyu|76/100|[from] Spikes
|move|p1a: Chandelure|Shadow Ball|p2a: Mimikyu
|-activate|p2a: Mimikyu|ability: Disguise
|-damage|p2a: Mimikyu|76/100
|detailschange|p2a: Mimikyu|Mimikyu-Busted, M
|-damage|p2a: Mimikyu|63/100|[from] pokemon: Mimikyu-Busted
|
|upkeep
|turn|21
|inactive|Kingston9629 has 120 seconds left.
|
|t:|1636556941
|switch|p1a: Nidoqueen|Nidoqueen, F|100/100
|move|p2a: Mimikyu|Shadow Claw|p1a: Nidoqueen
|-damage|p1a: Nidoqueen|58/100
|-damage|p2a: Mimikyu|53/100|[from] item: Life Orb
|
|upkeep
|turn|22
|j| Gool456
|j| bouky
|inactive|Kingston9629 has 120 seconds left.
|
|t:|1636556959
|switch|p2a: Reuniclus|Reuniclus, F|100/100
|move|p1a: Nidoqueen|Sludge Wave|p2a: Reuniclus
|-damage|p2a: Reuniclus|47/100
|
|-heal|p2a: Reuniclus|53/100|[from] item: Leftovers
|upkeep
|turn|23
|inactive|Kingston9629 has 120 seconds left.
|
|t:|1636556969
|move|p1a: Nidoqueen|Sludge Wave|p2a: Reuniclus
|-damage|p2a: Reuniclus|0 fnt
|faint|p2a: Reuniclus
|
|upkeep
|
|t:|1636556979
|switch|p2a: Flygon|Flygon, M|37/100
|-damage|p2a: Flygon|31/100|[from] Stealth Rock
|turn|24
|inactive|Kingston9629 has 120 seconds left.
|
|t:|1636556990
|switch|p1a: Bronzong|Bronzong|94/100 brn
|move|p2a: Flygon|Stone Edge|p1a: Bronzong
|-resisted|p1a: Bronzong
|-damage|p1a: Bronzong|81/100 brn
|
|-heal|p1a: Bronzong|87/100 brn|[from] item: Leftovers
|-damage|p1a: Bronzong|81/100 brn|[from] brn
|upkeep
|turn|25
|
|t:|1636556997
|switch|p2a: Umbreon|Umbreon, M|90/100
|-damage|p2a: Umbreon|78/100|[from] Spikes
|-damage|p2a: Umbreon|65/100|[from] Stealth Rock
|move|p1a: Bronzong|Toxic||[still]
|-status|p2a: Umbreon|tox
|-activate|p2a: Umbreon|ability: Synchronize
|-fail|p2a: Umbreon
|
|-heal|p2a: Umbreon|71/100 tox|[from] item: Leftovers
|-heal|p1a: Bronzong|87/100 brn|[from] item: Leftovers
|-damage|p2a: Umbreon|65/100 tox|[from] psn
|-damage|p1a: Bronzong|81/100 brn|[from] brn
|upkeep
|turn|26
|
|t:|1636557003
|switch|p2a: Cobalion|Cobalion|82/100
|-damage|p2a: Cobalion|79/100|[from] Stealth Rock
|-damage|p2a: Cobalion|66/100|[from] Spikes
|switch|p1a: Togekiss|Togekiss, M|78/100
|
|upkeep
|turn|27
|
|t:|1636557014
|switch|p1a: Flygon|Flygon, F, shiny|100/100
|move|p2a: Cobalion|Close Combat|p1a: Flygon
|-damage|p1a: Flygon|54/100
|-unboost|p2a: Cobalion|def|1
|-unboost|p2a: Cobalion|spd|1
|
|-heal|p1a: Flygon|60/100|[from] item: Leftovers
|upkeep
|turn|28
|
|t:|1636557018
|switch|p2a: Flygon|Flygon, M|31/100
|-damage|p2a: Flygon|25/100|[from] Stealth Rock
|move|p1a: Flygon|Roost|p1a: Flygon
|-heal|p1a: Flygon|100/100
|-singleturn|p1a: Flygon|move: Roost
|
|upkeep
|turn|29
|
|t:|1636557033
|switch|p1a: Togekiss|Togekiss, M|78/100
|move|p2a: Flygon|Outrage|p1a: Togekiss
|-immune|p1a: Togekiss
|
|upkeep
|turn|30
|
|t:|1636557043
|switch|p2a: Cobalion|Cobalion|66/100
|-damage|p2a: Cobalion|54/100|[from] Spikes
|-damage|p2a: Cobalion|51/100|[from] Stealth Rock
|move|p1a: Togekiss|Air Slash|p2a: Cobalion
|-damage|p2a: Cobalion|0 fnt
|faint|p2a: Cobalion
|
|upkeep
|
|t:|1636557047
|switch|p2a: Mimikyu|Mimikyu-Busted, M|53/100
|-damage|p2a: Mimikyu|41/100|[from] Stealth Rock
|-damage|p2a: Mimikyu|29/100|[from] Spikes
|turn|31
|
|t:|1636557064
|switch|p1a: Nidoqueen|Nidoqueen, F|58/100
|move|p2a: Mimikyu|Shadow Claw|p1a: Nidoqueen
|-crit|p1a: Nidoqueen
|-damage|p1a: Nidoqueen|0 fnt
|faint|p1a: Nidoqueen
|-damage|p2a: Mimikyu|19/100|[from] item: Life Orb
|
|upkeep
|
|t:|1636557071
|switch|p1a: Golisopod|Golisopod, F, shiny|29/100
|turn|32
|
|t:|1636557074
|move|p1a: Golisopod|First Impression|p2a: Mimikyu
|-resisted|p2a: Mimikyu
|-damage|p2a: Mimikyu|0 fnt
|faint|p2a: Mimikyu
|
|upkeep
|
|t:|1636557077
|switch|p2a: Flygon|Flygon, M|25/100
|-damage|p2a: Flygon|19/100|[from] Stealth Rock
|turn|33
|
|t:|1636557080
|switch|p1a: Bronzong|Bronzong|81/100 brn
|move|p2a: Flygon|Stone Edge|p1a: Bronzong
|-resisted|p1a: Bronzong
|-damage|p1a: Bronzong|68/100 brn
|
|-heal|p1a: Bronzong|74/100 brn|[from] item: Leftovers
|-damage|p1a: Bronzong|68/100 brn|[from] brn
|upkeep
|turn|34
|
|t:|1636557085
|switch|p2a: Umbreon|Umbreon, M|65/100 tox
|-damage|p2a: Umbreon|53/100 tox|[from] Spikes
|-damage|p2a: Umbreon|40/100 tox|[from] Stealth Rock
|move|p1a: Bronzong|Heavy Slam|p2a: Umbreon
|-damage|p2a: Umbreon|25/100 tox
|
|-heal|p2a: Umbreon|31/100 tox|[from] item: Leftovers
|-heal|p1a: Bronzong|74/100 brn|[from] item: Leftovers
|-damage|p2a: Umbreon|25/100 tox|[from] psn
|-damage|p1a: Bronzong|68/100 brn|[from] brn
|upkeep
|turn|35
|
|t:|1636557103
|switch|p1a: Chandelure|Chandelure, F, shiny|100/100
|move|p2a: Umbreon|Wish|p2a: Umbreon
|
|-heal|p2a: Umbreon|31/100 tox|[from] item: Leftovers
|-damage|p2a: Umbreon|19/100 tox|[from] psn
|upkeep
|turn|36
|
|t:|1636557119
|move|p2a: Umbreon|Protect|p2a: Umbreon
|-singleturn|p2a: Umbreon|Protect
|move|p1a: Chandelure|Flamethrower|p2a: Umbreon
|-activate|p2a: Umbreon|move: Protect
|
|-heal|p2a: Umbreon|69/100 tox|[from] move: Wish|[wisher] Umbreon
|-heal|p2a: Umbreon|75/100 tox|[from] item: Leftovers
|-damage|p2a: Umbreon|57/100 tox|[from] psn
|upkeep
|turn|37
|l| bouky
|
|t:|1636557144
|move|p1a: Chandelure|Flamethrower|p2a: Umbreon
|-damage|p2a: Umbreon|15/100 tox
|move|p2a: Umbreon|Foul Play|p1a: Chandelure
|-supereffective|p1a: Chandelure
|-damage|p1a: Chandelure|57/100
|
|-heal|p2a: Umbreon|21/100 tox|[from] item: Leftovers
|-damage|p2a: Umbreon|0 fnt|[from] psn
|faint|p2a: Umbreon
|upkeep
|
|t:|1636557147
|switch|p2a: Flygon|Flygon, M|19/100
|-damage|p2a: Flygon|13/100|[from] Stealth Rock
|turn|38
|
|t:|1636557151
|move|p2a: Flygon|Stone Edge|p1a: Chandelure
|-supereffective|p1a: Chandelure
|-damage|p1a: Chandelure|0 fnt
|faint|p1a: Chandelure
|
|upkeep
|c|☆Kingston9629|gg
|
|t:|1636557157
|switch|p1a: Flygon|Flygon, F, shiny|100/100
|turn|39
|
|t:|1636557164
|move|p2a: Flygon|Stone Edge|p1a: Flygon
|-resisted|p1a: Flygon
|-damage|p1a: Flygon|85/100
|move|p1a: Flygon|Roost|p1a: Flygon
|-heal|p1a: Flygon|100/100
|-singleturn|p1a: Flygon|move: Roost
|
|upkeep
|turn|40
|
|t:|1636557178
|move|p2a: Flygon|Stone Edge|p1a: Flygon
|-resisted|p1a: Flygon
|-damage|p1a: Flygon|86/100
|move|p1a: Flygon|Roost|p1a: Flygon
|-heal|p1a: Flygon|100/100
|-singleturn|p1a: Flygon|move: Roost
|
|upkeep
|turn|41
|-message|marko14404444 forfeited.
|
|win|Kingston9629
|n|☆Kingston9629|kingston9629
|n|☆marko14404444|marko14404444
|n|*Lady Monita ☽|ladymonita
|n| wesh papillon|weshpapillon
|n| bestgijljhkhas45|bestgijljhkhas45
|n| Gool456|gool456
|l|*Lady Monita ☽
|l|☆marko14404444
