|j|☆amphareixon
|j|☆purple mountains
|inactive|Battle timer is ON: inactive players will automatically lose when time's up.
|t:|1641609374
|gametype|singles
|player|p1|amphareixon|gladion|
|player|p2|purple mountains|giovanni|
|teamsize|p1|6
|teamsize|p2|6
|gen|8
|tier|[Gen 8] RU
|rated|Tournament battle
|rule|Sleep Clause Mod: Limit one foe put to sleep
|rule|Species Clause: Limit one of each Pokémon
|rule|OHKO Clause: OHKO moves are banned
|rule|Evasion Moves Clause: Evasion moves are banned
|rule|Endless Battle Clause: Forcing endless battles is banned
|rule|HP Percentage Mod: HP is shown in percentages
|rule|Dynamax Clause: You cannot dynamax
|clearpoke
|poke|p1|Tyrantrum, F|
|poke|p1|Mimikyu, F|
|poke|p1|Volcanion|
|poke|p1|Flygon, F|
|poke|p1|Cobalion|
|poke|p1|Gardevoir, F|
|poke|p2|Necrozma|
|poke|p2|Lucario, F|
|poke|p2|Celebi|
|poke|p2|Flygon, M|
|poke|p2|Mimikyu, M|
|poke|p2|Metagross|
|teampreview
|j|+Oathkeeper
|
|t:|1641609388
|start
|switch|p1a: Cobalion|Cobalion|100/100
|switch|p2a: Necrozma|Necrozma|100/100
|turn|1
|
|t:|1641609395
|move|p1a: Cobalion|Stealth Rock|p2a: Necrozma
|-sidestart|p2: purple mountains|move: Stealth Rock
|move|p2a: Necrozma|Heat Wave|p1a: Cobalion
|-supereffective|p1a: Cobalion
|-damage|p1a: Cobalion|15/100
|
|upkeep
|turn|2
|
|t:|1641609400
|move|p1a: Cobalion|Iron Head|p2a: Necrozma
|-damage|p2a: Necrozma|69/100
|cant|p2a: Necrozma|flinch
|
|upkeep
|turn|3
|
|t:|1641609404
|move|p1a: Cobalion|Iron Head|p2a: Necrozma
|-damage|p2a: Necrozma|36/100
|move|p2a: Necrozma|Stealth Rock|p1a: Cobalion
|-sidestart|p1: amphareixon|move: Stealth Rock
|
|upkeep
|turn|4
|
|t:|1641609409
|move|p1a: Cobalion|Iron Head|p2a: Necrozma
|-damage|p2a: Necrozma|5/100
|move|p2a: Necrozma|Photon Geyser|p1a: Cobalion
|-damage|p1a: Cobalion|0 fnt
|faint|p1a: Cobalion
|
|upkeep
|
|t:|1641609429
|switch|p1a: Volcanion|Volcanion|100/100
|-damage|p1a: Volcanion|76/100|[from] Stealth Rock
|turn|5
|
|t:|1641609434
|move|p2a: Necrozma|Meteor Beam||[still]
|-prepare|p2a: Necrozma|Meteor Beam
|-boost|p2a: Necrozma|spa|1
|-enditem|p2a: Necrozma|Power Herb
|-anim|p2a: Necrozma|Meteor Beam|p1a: Volcanion
|-supereffective|p1a: Volcanion
|-damage|p1a: Volcanion|0 fnt
|faint|p1a: Volcanion
|
|upkeep
|
|t:|1641609444
|switch|p1a: Mimikyu|Mimikyu, F|100/100
|-damage|p1a: Mimikyu|88/100|[from] Stealth Rock
|turn|6
|
|t:|1641609450
|move|p1a: Mimikyu|Shadow Sneak|p2a: Necrozma
|-supereffective|p2a: Necrozma
|-damage|p2a: Necrozma|0 fnt
|faint|p2a: Necrozma
|-damage|p1a: Mimikyu|78/100|[from] item: Life Orb
|
|upkeep
|
|t:|1641609456
|switch|p2a: Mimikyu|Mimikyu, M|100/100
|-damage|p2a: Mimikyu|88/100|[from] Stealth Rock
|turn|7
|
|t:|1641609465
|move|p1a: Mimikyu|Shadow Sneak|p2a: Mimikyu
|-activate|p2a: Mimikyu|ability: Disguise
|-damage|p2a: Mimikyu|88/100
|detailschange|p2a: Mimikyu|Mimikyu-Busted, M
|-damage|p2a: Mimikyu|76/100|[from] pokemon: Mimikyu-Busted
|-damage|p1a: Mimikyu|68/100|[from] item: Life Orb
|move|p2a: Mimikyu|Shadow Sneak|p1a: Mimikyu
|-activate|p1a: Mimikyu|ability: Disguise
|-damage|p1a: Mimikyu|68/100
|detailschange|p1a: Mimikyu|Mimikyu-Busted, F
|-damage|p1a: Mimikyu|56/100|[from] pokemon: Mimikyu-Busted
|-damage|p2a: Mimikyu|66/100|[from] item: Life Orb
|
|upkeep
|turn|8
|
|t:|1641609475
|move|p1a: Mimikyu|Shadow Sneak|p2a: Mimikyu
|-supereffective|p2a: Mimikyu
|-crit|p2a: Mimikyu
|-damage|p2a: Mimikyu|0 fnt
|faint|p2a: Mimikyu
|-damage|p1a: Mimikyu|46/100|[from] item: Life Orb
|
|upkeep
|
|t:|1641609479
|switch|p2a: Flygon|Flygon, M|100/100
|-damage|p2a: Flygon|95/100|[from] Stealth Rock
|turn|9
|
|t:|1641609484
|switch|p1a: Gardevoir|Gardevoir, F|100/100
|-damage|p1a: Gardevoir|88/100|[from] Stealth Rock
|-ability|p1a: Gardevoir|Levitate|[from] ability: Trace|[of] p2a: Flygon
|move|p2a: Flygon|Earthquake|p1a: Gardevoir
|-immune|p1a: Gardevoir|[from] ability: Levitate
|
|upkeep
|turn|10
|
|t:|1641609506
|switch|p1a: Flygon|Flygon, F|100/100
|-damage|p1a: Flygon|95/100|[from] Stealth Rock
|switch|p2a: Lucario|Lucario, F|100/100
|-damage|p2a: Lucario|98/100|[from] Stealth Rock
|
|upkeep
|turn|11
|inactive|purple mountains has 120 seconds left.
|
|t:|1641609540
|switch|p2a: Celebi|Celebi|100/100
|-damage|p2a: Celebi|88/100|[from] Stealth Rock
|move|p1a: Flygon|Earthquake|p2a: Celebi
|-resisted|p2a: Celebi
|-damage|p2a: Celebi|67/100
|
|-heal|p2a: Celebi|73/100|[from] item: Leftovers
|upkeep
|turn|12
|
|t:|1641609552
|move|p1a: Flygon|Dragon Dance|p1a: Flygon
|-boost|p1a: Flygon|atk|1
|-boost|p1a: Flygon|spe|1
|move|p2a: Celebi|Giga Drain|p1a: Flygon
|-damage|p1a: Flygon|43/100
|-heal|p2a: Celebi|96/100|[from] drain|[of] p1a: Flygon
|
|-heal|p2a: Celebi|100/100|[from] item: Leftovers
|upkeep
|turn|13
|inactive|purple mountains has 120 seconds left.
|
|t:|1641609558
|move|p1a: Flygon|Outrage|p2a: Celebi
|-damage|p2a: Celebi|17/100
|move|p2a: Celebi|Giga Drain|p1a: Flygon
|-damage|p1a: Flygon|0 fnt
|-heal|p2a: Celebi|36/100|[from] drain|[of] p1a: Flygon
|faint|p1a: Flygon
|
|-heal|p2a: Celebi|42/100|[from] item: Leftovers
|upkeep
|
|t:|1641609576
|switch|p1a: Mimikyu|Mimikyu-Busted, F|46/100
|-damage|p1a: Mimikyu|34/100|[from] Stealth Rock
|turn|14
|
|t:|1641609584
|move|p1a: Mimikyu|Shadow Claw|p2a: Celebi
|-supereffective|p2a: Celebi
|-damage|p2a: Celebi|0 fnt
|faint|p2a: Celebi
|-damage|p1a: Mimikyu|24/100|[from] item: Life Orb
|
|upkeep
|j| Arch en Ciel 22
|
|t:|1641609596
|switch|p2a: Flygon|Flygon, M|95/100
|-damage|p2a: Flygon|89/100|[from] Stealth Rock
|turn|15
|
|t:|1641609603
|switch|p1a: Gardevoir|Gardevoir, F|88/100
|-damage|p1a: Gardevoir|76/100|[from] Stealth Rock
|-ability|p1a: Gardevoir|Levitate|[from] ability: Trace|[of] p2a: Flygon
|move|p2a: Flygon|Iron Tail|p1a: Gardevoir
|-supereffective|p1a: Gardevoir
|-damage|p1a: Gardevoir|0 fnt
|faint|p1a: Gardevoir
|
|upkeep
|
|t:|1641609613
|switch|p1a: Tyrantrum|Tyrantrum, F|100/100
|-damage|p1a: Tyrantrum|88/100|[from] Stealth Rock
|turn|16
|
|t:|1641609622
|move|p2a: Flygon|Outrage|p1a: Tyrantrum
|-supereffective|p1a: Tyrantrum
|-damage|p1a: Tyrantrum|0 fnt
|faint|p1a: Tyrantrum
|
|upkeep
|
|t:|1641609625
|switch|p1a: Mimikyu|Mimikyu-Busted, F|24/100
|-damage|p1a: Mimikyu|11/100|[from] Stealth Rock
|turn|17
|
|t:|1641609633
|move|p2a: Flygon|Outrage|p1a: Mimikyu|[from]lockedmove
|-immune|p1a: Mimikyu
|move|p1a: Mimikyu|Drain Punch|p2a: Flygon
|-damage|p2a: Flygon|51/100
|-heal|p1a: Mimikyu|34/100|[from] drain|[of] p2a: Flygon
|-damage|p1a: Mimikyu|24/100|[from] item: Life Orb
|
|upkeep
|turn|18
|
|t:|1641609643
|move|p2a: Flygon|Earthquake|p1a: Mimikyu
|-damage|p1a: Mimikyu|0 fnt
|faint|p1a: Mimikyu
|
|win|purple mountains
|n|☆amphareixon|amphareixon
|n|☆purple mountains|purplemountains
|n|+Oathkeeper|oathkeeper
|n| Arch en Ciel 22|archenciel22
