|j|☆howsitdoin
|j|☆hoyssxo
|t:|1617806186
|gametype|singles
|player|p1|howsitdoin|pokemonranger-gen4|1365
|player|p2|hoyssxo|172|1417
|teamsize|p1|6
|teamsize|p2|6
|gen|8
|tier|[Gen 8] RU
|rated|
|clearpoke
|poke|p1|Aurorus, F|
|poke|p1|Flygon, M|
|poke|p1|Xurkitree|
|poke|p1|Gastrodon, M|
|poke|p1|Crobat, F|
|poke|p1|Arctovish|
|poke|p2|Snorlax, F|
|poke|p2|Darmanitan, F|
|poke|p2|Roserade, F|
|poke|p2|Noivern, F|
|poke|p2|Rhyperior, F|
|poke|p2|Golisopod, F|
|rule|Sleep Clause Mod: Limit one foe put to sleep
|rule|Species Clause: Limit one of each Pokémon
|rule|OHKO Clause: OHKO moves are banned
|rule|Evasion Moves Clause: Evasion moves are banned
|rule|Endless Battle Clause: Forcing endless battles is banned
|rule|HP Percentage Mod: HP is shown in percentages
|rule|Dynamax Clause: You cannot dynamax
|teampreview
|inactive|Battle timer is ON: inactive players will automatically lose when time's up. (requested by howsitdoin)
|
|t:|1617806204
|start
|switch|p1a: Aurorus|Aurorus, F|100/100
|switch|p2a: Rhyperior|Rhyperior, F|100/100
|-weather|Hail|[from] ability: Snow Warning|[of] p1a: Aurorus
|turn|1
|
|t:|1617806215
|move|p1a: Aurorus|Freeze-Dry|p2a: Rhyperior
|-supereffective|p2a: Rhyperior
|-damage|p2a: Rhyperior|35/100
|move|p2a: Rhyperior|Stone Edge|p1a: Aurorus|[miss]
|-miss|p2a: Rhyperior|p1a: Aurorus
|
|-weather|Hail|[upkeep]
|-damage|p2a: Rhyperior|29/100|[from] Hail
|-heal|p2a: Rhyperior|35/100|[from] item: Leftovers
|upkeep
|turn|2
|
|t:|1617806222
|switch|p2a: Snorlax|Snorlax, F|100/100
|move|p1a: Aurorus|Freeze-Dry|p2a: Snorlax
|-damage|p2a: Snorlax|92/100
|-status|p2a: Snorlax|frz
|
|-weather|Hail|[upkeep]
|-damage|p2a: Snorlax|86/100 frz|[from] Hail
|-heal|p2a: Snorlax|92/100 frz|[from] item: Leftovers
|upkeep
|turn|3
|c|☆hoyssxo|nooooooo
|
|t:|1617806231
|move|p1a: Aurorus|Aurora Veil|p1a: Aurorus
|-sidestart|p1: howsitdoin|move: Aurora Veil
|cant|p2a: Snorlax|frz
|
|-weather|Hail|[upkeep]
|-damage|p2a: Snorlax|86/100 frz|[from] Hail
|-heal|p2a: Snorlax|92/100 frz|[from] item: Leftovers
|upkeep
|turn|4
|c|☆howsitdoin|im so sorry
|
|t:|1617806235
|switch|p1a: Arctovish|Arctovish|100/100
|cant|p2a: Snorlax|frz
|
|-weather|Hail|[upkeep]
|-damage|p2a: Snorlax|86/100 frz|[from] Hail
|-heal|p2a: Snorlax|92/100 frz|[from] item: Leftovers
|upkeep
|turn|5
|
|t:|1617806247
|switch|p2a: Golisopod|Golisopod, F|100/100
|move|p1a: Arctovish|Fishious Rend|p2a: Golisopod
|-resisted|p2a: Golisopod
|-damage|p2a: Golisopod|59/100
|
|-weather|Hail|[upkeep]
|-damage|p2a: Golisopod|52/100|[from] Hail
|upkeep
|turn|6
|
|t:|1617806254
|move|p2a: Golisopod|First Impression|p1a: Arctovish
|-damage|p1a: Arctovish|73/100
|move|p1a: Arctovish|Fishious Rend|p2a: Golisopod
|-resisted|p2a: Golisopod
|-damage|p2a: Golisopod|31/100
|-activate|p2a: Golisopod|ability: Emergency Exit
|
|t:|1617806272
|switch|p2a: Roserade|Roserade, F|100/100
|
|-weather|Hail|[upkeep]
|-damage|p2a: Roserade|94/100|[from] Hail
|-heal|p2a: Roserade|100/100|[from] item: Black Sludge
|upkeep
|turn|7
|inactive|howsitdoin has 120 seconds left.
|
|t:|1617806320
|move|p1a: Arctovish|Fishious Rend|p2a: Roserade
|-resisted|p2a: Roserade
|-damage|p2a: Roserade|0 fnt
|faint|p2a: Roserade
|
|-weather|Hail|[upkeep]
|-sideend|p1: howsitdoin|move: Aurora Veil
|upkeep
|
|t:|1617806339
|switch|p2a: Noivern|Noivern, F|100/100
|turn|8
|
|t:|1617806348
|switch|p1a: Gastrodon|Gastrodon, M|100/100
|move|p2a: Noivern|Hurricane|p1a: Gastrodon
|-damage|p1a: Gastrodon|53/100
|
|-weather|none
|-heal|p1a: Gastrodon|59/100|[from] item: Leftovers
|upkeep
|turn|9
|
|t:|1617806354
|switch|p2a: Snorlax|Snorlax, F|92/100 frz
|move|p1a: Gastrodon|Recover|p1a: Gastrodon
|-heal|p1a: Gastrodon|100/100
|
|-heal|p2a: Snorlax|98/100 frz|[from] item: Leftovers
|upkeep
|turn|10
|
|t:|1617806361
|switch|p1a: Aurorus|Aurorus, F|100/100
|-weather|Hail|[from] ability: Snow Warning|[of] p1a: Aurorus
|cant|p2a: Snorlax|frz
|
|-weather|Hail|[upkeep]
|-damage|p2a: Snorlax|92/100 frz|[from] Hail
|-heal|p2a: Snorlax|98/100 frz|[from] item: Leftovers
|upkeep
|turn|11
|
|t:|1617806364
|move|p1a: Aurorus|Aurora Veil|p1a: Aurorus
|-sidestart|p1: howsitdoin|move: Aurora Veil
|cant|p2a: Snorlax|frz
|
|-weather|Hail|[upkeep]
|-damage|p2a: Snorlax|92/100 frz|[from] Hail
|-heal|p2a: Snorlax|98/100 frz|[from] item: Leftovers
|upkeep
|turn|12
|
|t:|1617806366
|switch|p1a: Arctovish|Arctovish|73/100
|cant|p2a: Snorlax|frz
|
|-weather|Hail|[upkeep]
|-damage|p2a: Snorlax|92/100 frz|[from] Hail
|-heal|p2a: Snorlax|98/100 frz|[from] item: Leftovers
|upkeep
|turn|13
|
|t:|1617806376
|switch|p2a: Rhyperior|Rhyperior, F|35/100
|move|p1a: Arctovish|Fishious Rend|p2a: Rhyperior
|-supereffective|p2a: Rhyperior
|-damage|p2a: Rhyperior|0 fnt
|faint|p2a: Rhyperior
|
|-weather|Hail|[upkeep]
|upkeep
|
|t:|1617806378
|switch|p2a: Noivern|Noivern, F|100/100
|turn|14
|
|t:|1617806397
|switch|p1a: Xurkitree|Xurkitree|100/100
|move|p2a: Noivern|Flamethrower|p1a: Xurkitree
|-damage|p1a: Xurkitree|64/100
|
|-weather|Hail|[upkeep]
|-damage|p1a: Xurkitree|58/100|[from] Hail
|-damage|p2a: Noivern|94/100|[from] Hail
|upkeep
|turn|15
|
|t:|1617806405
|move|p1a: Xurkitree|Volt Switch|p2a: Noivern
|-damage|p2a: Noivern|32/100
|
|t:|1617806408
|switch|p1a: Flygon|Flygon, M|100/100|[from]move: Volt Switch
|move|p2a: Noivern|Flamethrower|p1a: Flygon
|-resisted|p1a: Flygon
|-damage|p1a: Flygon|84/100
|
|-weather|Hail|[upkeep]
|-damage|p1a: Flygon|78/100|[from] Hail
|-damage|p2a: Noivern|26/100|[from] Hail
|-sideend|p1: howsitdoin|move: Aurora Veil
|upkeep
|turn|16
|
|t:|1617806414
|move|p1a: Flygon|Outrage|p2a: Noivern
|-supereffective|p2a: Noivern
|-damage|p2a: Noivern|0 fnt
|faint|p2a: Noivern
|
|-weather|Hail|[upkeep]
|-damage|p1a: Flygon|72/100|[from] Hail
|upkeep
|
|t:|1617806419
|switch|p2a: Golisopod|Golisopod, F|31/100
|turn|17
|
|t:|1617806422
|move|p2a: Golisopod|First Impression|p1a: Flygon
|-damage|p1a: Flygon|3/100
|move|p1a: Flygon|Outrage|p2a: Golisopod|[from]lockedmove
|-damage|p2a: Golisopod|0 fnt
|faint|p2a: Golisopod
|
|-weather|none
|upkeep
|
|t:|1617806431
|switch|p2a: Darmanitan|Darmanitan, F|100/100
|turn|18
|
|t:|1617806434
|move|p1a: Flygon|Outrage|p2a: Darmanitan|[from]lockedmove
|-damage|p2a: Darmanitan|17/100
|-start|p1a: Flygon|confusion|[fatigue]
|move|p2a: Darmanitan|U-turn|p1a: Flygon
|-damage|p1a: Flygon|0 fnt
|faint|p1a: Flygon
|
|t:|1617806436
|switch|p2a: Snorlax|Snorlax, F|98/100 frz|[from]move: U-turn
|
|-heal|p2a: Snorlax|100/100 frz|[from] item: Leftovers
|upkeep
|
|t:|1617806440
|switch|p1a: Arctovish|Arctovish|73/100
|turn|19
|
|t:|1617806443
|move|p1a: Arctovish|Fishious Rend|p2a: Snorlax
|-damage|p2a: Snorlax|15/100 frz
|cant|p2a: Snorlax|frz
|
|-heal|p2a: Snorlax|21/100 frz|[from] item: Leftovers
|upkeep
|turn|20
|
|t:|1617806447
|move|p1a: Arctovish|Fishious Rend|p2a: Snorlax
|-damage|p2a: Snorlax|0 fnt
|faint|p2a: Snorlax
|
|upkeep
|-message|hoyssxo forfeited.
|
|win|howsitdoin
|l|☆hoyssxo
|raw|howsitdoin's rating: 1365 &rarr; <strong>1388</strong><br />(+23 for winning)
|raw|hoyssxo's rating: 1418 &rarr; <strong>1395</strong><br />(-23 for losing)
