|j|☆Tintincpajouer
|j|☆Bryancg
|t:|1642624758
|gametype|singles
|player|p1|Tintincpajouer|101|1359
|player|p2|Bryancg|colress|1352
|teamsize|p1|6
|teamsize|p2|6
|gen|8
|tier|[Gen 8] RU
|rated|
|rule|Sleep Clause Mod: Limit one foe put to sleep
|rule|Species Clause: Limit one of each Pokémon
|rule|OHKO Clause: OHKO moves are banned
|rule|Evasion Moves Clause: Evasion moves are banned
|rule|Endless Battle Clause: Forcing endless battles is banned
|rule|HP Percentage Mod: HP is shown in percentages
|rule|Dynamax Clause: You cannot dynamax
|clearpoke
|poke|p1|Porygon-Z|
|poke|p1|Cobalion|
|poke|p1|Shuckle, M|
|poke|p1|Crobat, M|
|poke|p1|Mimikyu, F|
|poke|p1|Xurkitree|
|poke|p2|Volcanion|
|poke|p2|Tsareena, F|
|poke|p2|Linoone, F|
|poke|p2|Porygon-Z|
|poke|p2|Darmanitan, F|
|poke|p2|Doublade, M|
|teampreview
|inactive|Battle timer is ON: inactive players will automatically lose when time's up. (requested by Bryancg)
|
|t:|1642624784
|start
|switch|p1a: Porygon-Z|Porygon-Z|100/100
|switch|p2a: Porygon-Z|Porygon-Z|100/100
|turn|1
|
|t:|1642624804
|move|p1a: Porygon-Z|Tri Attack|p2a: Porygon-Z
|-damage|p2a: Porygon-Z|9/100
|move|p2a: Porygon-Z|Tri Attack|p1a: Porygon-Z
|-damage|p1a: Porygon-Z|0 fnt
|faint|p1a: Porygon-Z
|
|upkeep
|
|t:|1642624822
|switch|p1a: Mimikyu|Mimikyu, F|100/100
|turn|2
|
|t:|1642624829
|switch|p2a: Volcanion|Volcanion|100/100
|move|p1a: Mimikyu|Swords Dance|p1a: Mimikyu
|-boost|p1a: Mimikyu|atk|2
|
|upkeep
|turn|3
|
|t:|1642624844
|move|p1a: Mimikyu|Shadow Claw|p2a: Volcanion
|-damage|p2a: Volcanion|37/100
|-damage|p1a: Mimikyu|91/100|[from] item: Life Orb
|move|p2a: Volcanion|Steam Eruption|p1a: Mimikyu
|-activate|p1a: Mimikyu|ability: Disguise
|-damage|p1a: Mimikyu|91/100
|-status|p1a: Mimikyu|brn
|detailschange|p1a: Mimikyu|Mimikyu-Busted, F
|-damage|p1a: Mimikyu|78/100 brn|[from] pokemon: Mimikyu-Busted
|
|-heal|p2a: Volcanion|43/100|[from] item: Leftovers
|-damage|p1a: Mimikyu|72/100 brn|[from] brn
|upkeep
|turn|4
|
|t:|1642624859
|move|p1a: Mimikyu|Shadow Claw|p2a: Volcanion
|-damage|p2a: Volcanion|11/100
|-damage|p1a: Mimikyu|62/100 brn|[from] item: Life Orb
|move|p2a: Volcanion|Steam Eruption|p1a: Mimikyu
|-damage|p1a: Mimikyu|0 fnt
|faint|p1a: Mimikyu
|
|-heal|p2a: Volcanion|17/100|[from] item: Leftovers
|upkeep
|
|t:|1642624870
|switch|p1a: Xurkitree|Xurkitree|100/100
|turn|5
|
|t:|1642624877
|switch|p2a: Tsareena|Tsareena, F|100/100
|move|p1a: Xurkitree|Thunderbolt|p2a: Tsareena
|-resisted|p2a: Tsareena
|-damage|p2a: Tsareena|64/100
|
|upkeep
|turn|6
|
|t:|1642624888
|switch|p1a: Crobat|Crobat, M|100/100
|move|p2a: Tsareena|Knock Off|p1a: Crobat
|-damage|p1a: Crobat|44/100
|-enditem|p1a: Crobat|Heavy-Duty Boots|[from] move: Knock Off|[of] p2a: Tsareena
|-damage|p2a: Tsareena|54/100|[from] item: Life Orb
|
|upkeep
|turn|7
|
|t:|1642624899
|switch|p2a: Volcanion|Volcanion|17/100
|move|p1a: Crobat|Nasty Plot|p1a: Crobat
|-boost|p1a: Crobat|spa|2
|
|-heal|p2a: Volcanion|23/100|[from] item: Leftovers
|upkeep
|turn|8
|
|t:|1642624906
|move|p1a: Crobat|Sludge Bomb|p2a: Volcanion
|-damage|p2a: Volcanion|0 fnt
|faint|p2a: Volcanion
|
|upkeep
|
|t:|1642624915
|switch|p2a: Doublade|Doublade, M|100/100
|turn|9
|
|t:|1642624918
|move|p1a: Crobat|Heat Wave|p2a: Doublade
|-supereffective|p2a: Doublade
|-damage|p2a: Doublade|0 fnt
|faint|p2a: Doublade
|
|upkeep
|
|t:|1642624922
|switch|p2a: Linoone|Linoone, F|100/100
|turn|10
|
|t:|1642624938
|switch|p1a: Shuckle|Shuckle, M|100/100
|move|p2a: Linoone|Extreme Speed|p1a: Shuckle
|-resisted|p1a: Shuckle
|-damage|p1a: Shuckle|92/100
|
|upkeep
|turn|11
|
|t:|1642624947
|switch|p2a: Porygon-Z|Porygon-Z|9/100
|move|p1a: Shuckle|Encore||[still]
|-fail|p1a: Shuckle
|
|upkeep
|turn|12
|
|t:|1642624958
|move|p2a: Porygon-Z|Trick|p1a: Shuckle
|-activate|p2a: Porygon-Z|move: Trick|[of] p1a: Shuckle
|-item|p1a: Shuckle|Choice Specs|[from] move: Trick
|-item|p2a: Porygon-Z|Mental Herb|[from] move: Trick
|move|p1a: Shuckle|Stealth Rock|p2a: Porygon-Z
|-sidestart|p2: Bryancg|move: Stealth Rock
|
|upkeep
|turn|13
|
|t:|1642624975
|switch|p1a: Cobalion|Cobalion|100/100
|move|p2a: Porygon-Z|Tri Attack|p1a: Cobalion
|-resisted|p1a: Cobalion
|-damage|p1a: Cobalion|60/100
|
|upkeep
|turn|14
|
|t:|1642624989
|move|p1a: Cobalion|Volt Switch|p2a: Porygon-Z
|-damage|p2a: Porygon-Z|0 fnt
|faint|p2a: Porygon-Z
|
|t:|1642624994
|switch|p1a: Shuckle|Shuckle, M|92/100|[from]move: Volt Switch
|
|upkeep
|
|t:|1642625007
|switch|p2a: Darmanitan|Darmanitan, F|100/100
|-damage|p2a: Darmanitan|76/100|[from] Stealth Rock
|turn|15
|
|t:|1642625029
|switch|p1a: Crobat|Crobat, M|44/100
|move|p2a: Darmanitan|U-turn|p1a: Crobat
|-resisted|p1a: Crobat
|-damage|p1a: Crobat|32/100
|-damage|p2a: Darmanitan|66/100|[from] item: Life Orb
|
|t:|1642625033
|switch|p2a: Linoone|Linoone, F|100/100|[from]move: U-turn
|-damage|p2a: Linoone|88/100|[from] Stealth Rock
|
|upkeep
|turn|16
|
|t:|1642625040
|switch|p1a: Shuckle|Shuckle, M|92/100
|move|p2a: Linoone|Belly Drum|p2a: Linoone
|-damage|p2a: Linoone|38/100
|-setboost|p2a: Linoone|atk|6|[from] move: Belly Drum
|-enditem|p2a: Linoone|Aguav Berry|[eat]
|-heal|p2a: Linoone|71/100|[from] item: Aguav Berry
|
|upkeep
|turn|17
|
|t:|1642625053
|move|p2a: Linoone|Extreme Speed|p1a: Shuckle
|-resisted|p1a: Shuckle
|-damage|p1a: Shuckle|58/100
|move|p1a: Shuckle|Sticky Web|p2a: Linoone
|-sidestart|p2: Bryancg|move: Sticky Web
|
|upkeep
|turn|18
|inactive|Tintincpajouer has 120 seconds left.
|inactive|Tintincpajouer has 90 seconds left.
|
|t:|1642625126
|switch|p1a: Xurkitree|Xurkitree|100/100
|move|p2a: Linoone|Extreme Speed|p1a: Xurkitree
|-damage|p1a: Xurkitree|0 fnt
|faint|p1a: Xurkitree
|
|upkeep
|
|t:|1642625136
|switch|p1a: Cobalion|Cobalion|60/100
|turn|19
|l|☆Bryancg
|inactive|Bryancg disconnected and has a minute to reconnect!
|player|p2|
|j|☆Bryancg
|inactive|Bryancg reconnected and has 140 seconds left.
|player|p2|Bryancg|colress
|
|t:|1642625150
|move|p2a: Linoone|Extreme Speed|p1a: Cobalion
|-resisted|p1a: Cobalion
|-damage|p1a: Cobalion|5/100
|move|p1a: Cobalion|Close Combat|p2a: Linoone
|-supereffective|p2a: Linoone
|-damage|p2a: Linoone|0 fnt
|-unboost|p1a: Cobalion|def|1
|-unboost|p1a: Cobalion|spd|1
|faint|p2a: Linoone
|
|upkeep
|
|t:|1642625160
|switch|p2a: Tsareena|Tsareena, F|54/100
|-activate|p2a: Tsareena|move: Sticky Web
|-unboost|p2a: Tsareena|spe|1
|-damage|p2a: Tsareena|42/100|[from] Stealth Rock
|turn|20
|
|t:|1642625166
|move|p1a: Cobalion|Close Combat|p2a: Tsareena
|-damage|p2a: Tsareena|0 fnt
|-unboost|p1a: Cobalion|def|1
|-unboost|p1a: Cobalion|spd|1
|faint|p2a: Tsareena
|
|upkeep
|-message|Bryancg forfeited.
|
|win|Tintincpajouer
|raw|Tintincpajouer's rating: 1359 &rarr; <strong>1379</strong><br />(+20 for winning)
|raw|Bryancg's rating: 1352 &rarr; <strong>1332</strong><br />(-20 for losing)
|l|☆Bryancg
