|j|☆venad
|j|☆linlinzhu
|t:|1625050531
|gametype|singles
|player|p1|venad|169|1356
|player|p2|linlinzhu|bianca|1386
|teamsize|p1|6
|teamsize|p2|6
|gen|8
|tier|[Gen 8] RU
|rated|
|rule|Sleep Clause Mod: Limit one foe put to sleep
|rule|Species Clause: Limit one of each Pokémon
|rule|OHKO Clause: OHKO moves are banned
|rule|Evasion Moves Clause: Evasion moves are banned
|rule|Endless Battle Clause: Forcing endless battles is banned
|rule|HP Percentage Mod: HP is shown in percentages
|rule|Dynamax Clause: You cannot dynamax
|clearpoke
|poke|p1|Obstagoon, M|
|poke|p1|Indeedee-F, F|
|poke|p1|Volcanion|
|poke|p1|Flygon, M|
|poke|p1|Metagross|
|poke|p1|Cloyster, M|
|poke|p2|Escavalier, M|
|poke|p2|Sylveon, F|
|poke|p2|Seismitoad, F|
|poke|p2|Zarude-Dada|
|poke|p2|Xurkitree|
|poke|p2|Crobat, F|
|teampreview
|
|t:|1625050557
|start
|switch|p1a: Flygon|Flygon, M|100/100
|switch|p2a: Zarude|Zarude-Dada|100/100
|turn|1
|
|t:|1625050574
|switch|p2a: Sylveon|Sylveon, F|100/100
|move|p1a: Flygon|U-turn|p2a: Sylveon
|-resisted|p2a: Sylveon
|-damage|p2a: Sylveon|93/100
|
|t:|1625050585
|switch|p1a: Metagross|Metagross|100/100|[from]move: U-turn
|
|-heal|p2a: Sylveon|99/100|[from] item: Leftovers
|upkeep
|turn|2
|
|t:|1625050593
|switch|p2a: Seismitoad|Seismitoad, F|100/100
|move|p1a: Metagross|Stealth Rock|p2a: Seismitoad
|-sidestart|p2: linlinzhu|move: Stealth Rock
|
|upkeep
|turn|3
|
|t:|1625050611
|switch|p1a: Flygon|Flygon, M|100/100
|move|p2a: Seismitoad|Stealth Rock|p1a: Flygon
|-sidestart|p1: venad|move: Stealth Rock
|
|upkeep
|turn|4
|
|t:|1625050616
|move|p1a: Flygon|Defog|p2a: Seismitoad
|-unboost|p2a: Seismitoad|evasion|1
|-sideend|p2: linlinzhu|Stealth Rock|[from] move: Defog|[of] p1a: Flygon
|-sideend|p1: venad|Stealth Rock|[from] move: Defog|[of] p1a: Flygon
|move|p2a: Seismitoad|Toxic|p1a: Flygon|[miss]
|-miss|p2a: Seismitoad|p1a: Flygon
|
|upkeep
|turn|5
|
|t:|1625050623
|move|p1a: Flygon|U-turn|p2a: Seismitoad
|-damage|p2a: Seismitoad|88/100
|
|t:|1625050626
|switch|p1a: Metagross|Metagross|100/100|[from]move: U-turn
|move|p2a: Seismitoad|Stealth Rock|p1a: Metagross
|-sidestart|p1: venad|move: Stealth Rock
|
|-heal|p2a: Seismitoad|94/100|[from] item: Leftovers
|upkeep
|turn|6
|
|t:|1625050636
|move|p2a: Seismitoad|Earth Power|p1a: Metagross
|-supereffective|p1a: Metagross
|-damage|p1a: Metagross|39/100
|move|p1a: Metagross|Stealth Rock|p2a: Seismitoad
|-sidestart|p2: linlinzhu|move: Stealth Rock
|
|-heal|p2a: Seismitoad|99/100|[from] item: Leftovers
|upkeep
|turn|7
|
|t:|1625050646
|switch|p1a: Obstagoon|Obstagoon, M|100/100
|-damage|p1a: Obstagoon|88/100|[from] Stealth Rock
|move|p2a: Seismitoad|Earth Power|p1a: Obstagoon
|-damage|p1a: Obstagoon|55/100
|
|-heal|p2a: Seismitoad|100/100|[from] item: Leftovers
|-status|p1a: Obstagoon|brn|[from] item: Flame Orb
|upkeep
|turn|8
|
|t:|1625050666
|switch|p2a: Sylveon|Sylveon, F|99/100
|-damage|p2a: Sylveon|86/100|[from] Stealth Rock
|move|p1a: Obstagoon|Knock Off|p2a: Sylveon
|-resisted|p2a: Sylveon
|-damage|p2a: Sylveon|62/100
|-enditem|p2a: Sylveon|Leftovers|[from] move: Knock Off|[of] p1a: Obstagoon
|
|-damage|p1a: Obstagoon|49/100 brn|[from] brn
|upkeep
|turn|9
|
|t:|1625050677
|move|p2a: Sylveon|Protect|p2a: Sylveon
|-singleturn|p2a: Sylveon|Protect
|move|p1a: Obstagoon|Facade|p2a: Sylveon
|-activate|p2a: Sylveon|move: Protect
|
|-damage|p1a: Obstagoon|43/100 brn|[from] brn
|upkeep
|turn|10
|
|t:|1625050687
|move|p1a: Obstagoon|Facade|p2a: Sylveon
|-damage|p2a: Sylveon|0 fnt
|faint|p2a: Sylveon
|
|-damage|p1a: Obstagoon|37/100 brn|[from] brn
|upkeep
|
|t:|1625050697
|switch|p2a: Zarude|Zarude-Dada|100/100
|-damage|p2a: Zarude|88/100|[from] Stealth Rock
|turn|11
|
|t:|1625050701
|move|p1a: Obstagoon|Obstruct|p1a: Obstagoon
|-singleturn|p1a: Obstagoon|Protect
|move|p2a: Zarude|U-turn|p1a: Obstagoon
|-activate|p1a: Obstagoon|move: Protect
|-unboost|p2a: Zarude|def|2
|
|-damage|p1a: Obstagoon|31/100 brn|[from] brn
|upkeep
|turn|12
|
|t:|1625050723
|switch|p1a: Flygon|Flygon, M|100/100
|-damage|p1a: Flygon|94/100|[from] Stealth Rock
|move|p2a: Zarude|U-turn|p1a: Flygon
|-damage|p1a: Flygon|68/100
|
|t:|1625050746
|switch|p2a: Crobat|Crobat, F|100/100|[from]move: U-turn
|
|-heal|p1a: Flygon|74/100|[from] item: Leftovers
|upkeep
|turn|13
|
|t:|1625050756
|move|p2a: Crobat|Brave Bird|p1a: Flygon
|-damage|p1a: Flygon|32/100
|-damage|p2a: Crobat|87/100|[from] Recoil
|move|p1a: Flygon|U-turn|p2a: Crobat
|-resisted|p2a: Crobat
|-damage|p2a: Crobat|82/100
|
|t:|1625050779
|switch|p1a: Volcanion|Volcanion|100/100|[from]move: U-turn
|
|upkeep
|turn|14
|
|t:|1625050790
|switch|p2a: Seismitoad|Seismitoad, F|100/100
|-damage|p2a: Seismitoad|94/100|[from] Stealth Rock
|move|p1a: Volcanion|Flamethrower|p2a: Seismitoad
|-resisted|p2a: Seismitoad
|-damage|p2a: Seismitoad|70/100
|
|-heal|p2a: Seismitoad|76/100|[from] item: Leftovers
|upkeep
|turn|15
|
|t:|1625050806
|switch|p1a: Flygon|Flygon, M|32/100
|-damage|p1a: Flygon|26/100|[from] Stealth Rock
|move|p2a: Seismitoad|Earth Power|p1a: Flygon
|-immune|p1a: Flygon|[from] ability: Levitate
|
|-heal|p1a: Flygon|32/100|[from] item: Leftovers
|-heal|p2a: Seismitoad|82/100|[from] item: Leftovers
|upkeep
|turn|16
|
|t:|1625050818
|move|p1a: Flygon|Roost|p1a: Flygon
|-heal|p1a: Flygon|82/100
|-singleturn|p1a: Flygon|move: Roost
|move|p2a: Seismitoad|Scald|p1a: Flygon
|-damage|p1a: Flygon|59/100
|
|-heal|p1a: Flygon|65/100|[from] item: Leftovers
|-heal|p2a: Seismitoad|88/100|[from] item: Leftovers
|upkeep
|turn|17
|
|t:|1625050831
|move|p1a: Flygon|Defog|p2a: Seismitoad
|-unboost|p2a: Seismitoad|evasion|1
|-sideend|p2: linlinzhu|Stealth Rock|[from] move: Defog|[of] p1a: Flygon
|-sideend|p1: venad|Stealth Rock|[from] move: Defog|[of] p1a: Flygon
|move|p2a: Seismitoad|Scald|p1a: Flygon
|-damage|p1a: Flygon|43/100
|
|-heal|p1a: Flygon|49/100|[from] item: Leftovers
|-heal|p2a: Seismitoad|94/100|[from] item: Leftovers
|upkeep
|turn|18
|
|t:|1625050842
|move|p1a: Flygon|Roost|p1a: Flygon
|-heal|p1a: Flygon|99/100
|-singleturn|p1a: Flygon|move: Roost
|move|p2a: Seismitoad|Scald|p1a: Flygon
|-damage|p1a: Flygon|77/100
|-status|p1a: Flygon|brn
|
|-heal|p1a: Flygon|83/100 brn|[from] item: Leftovers
|-heal|p2a: Seismitoad|99/100|[from] item: Leftovers
|-damage|p1a: Flygon|77/100 brn|[from] brn
|upkeep
|turn|19
|
|t:|1625050855
|move|p1a: Flygon|U-turn|p2a: Seismitoad
|-damage|p2a: Seismitoad|94/100
|
|t:|1625050862
|switch|p1a: Cloyster|Cloyster, M|100/100|[from]move: U-turn
|move|p2a: Seismitoad|Earth Power|p1a: Cloyster
|-damage|p1a: Cloyster|26/100
|
|-heal|p2a: Seismitoad|99/100|[from] item: Leftovers
|upkeep
|turn|20
|j| Cangey
|
|t:|1625050884
|switch|p1a: Flygon|Flygon, M|77/100 brn
|switch|p2a: Escavalier|Escavalier, M|100/100
|
|-heal|p1a: Flygon|83/100 brn|[from] item: Leftovers
|-damage|p1a: Flygon|77/100 brn|[from] brn
|upkeep
|turn|21
|
|t:|1625050894
|move|p1a: Flygon|U-turn|p2a: Escavalier
|-resisted|p2a: Escavalier
|-damage|p2a: Escavalier|96/100
|
|t:|1625050908
|switch|p1a: Volcanion|Volcanion|100/100|[from]move: U-turn
|move|p2a: Escavalier|Knock Off|p1a: Volcanion
|-damage|p1a: Volcanion|78/100
|-enditem|p1a: Volcanion|Heavy-Duty Boots|[from] move: Knock Off|[of] p2a: Escavalier
|
|-heal|p2a: Escavalier|100/100|[from] item: Leftovers
|upkeep
|turn|22
|
|t:|1625050920
|switch|p1a: Obstagoon|Obstagoon, M|31/100 brn
|switch|p2a: Seismitoad|Seismitoad, F|99/100
|
|-heal|p2a: Seismitoad|100/100|[from] item: Leftovers
|-damage|p1a: Obstagoon|25/100 brn|[from] brn
|upkeep
|turn|23
|
|t:|1625050932
|move|p1a: Obstagoon|Facade|p2a: Seismitoad
|-damage|p2a: Seismitoad|41/100
|move|p2a: Seismitoad|Earth Power|p1a: Obstagoon
|-damage|p1a: Obstagoon|0 fnt
|faint|p1a: Obstagoon
|
|-heal|p2a: Seismitoad|47/100|[from] item: Leftovers
|upkeep
|
|t:|1625050955
|switch|p1a: Indeedee|Indeedee-F, F|100/100
|-fieldstart|move: Psychic Terrain|[from] ability: Psychic Surge|[of] p1a: Indeedee
|turn|24
|j| rav 3nd an
|
|t:|1625050974
|switch|p1a: Volcanion|Volcanion|78/100
|switch|p2a: Crobat|Crobat, F|82/100
|
|upkeep
|turn|25
|
|t:|1625050989
|move|p2a: Crobat|Brave Bird|p1a: Volcanion
|-damage|p1a: Volcanion|50/100
|-damage|p2a: Crobat|73/100|[from] Recoil
|move|p1a: Volcanion|Flamethrower|p2a: Crobat
|-crit|p2a: Crobat
|-damage|p2a: Crobat|0 fnt
|faint|p2a: Crobat
|
|upkeep
|
|t:|1625051006
|switch|p2a: Xurkitree|Xurkitree|100/100
|turn|26
|
|t:|1625051010
|switch|p1a: Flygon|Flygon, M|77/100 brn
|move|p2a: Xurkitree|Thunderbolt|p1a: Flygon
|-immune|p1a: Flygon
|
|-heal|p1a: Flygon|83/100 brn|[from] item: Leftovers
|-damage|p1a: Flygon|77/100 brn|[from] brn
|upkeep
|turn|27
|
|t:|1625051021
|move|p2a: Xurkitree|Dazzling Gleam|p1a: Flygon
|-supereffective|p1a: Flygon
|-damage|p1a: Flygon|12/100 brn
|move|p1a: Flygon|U-turn|p2a: Xurkitree
|-crit|p2a: Xurkitree
|-damage|p2a: Xurkitree|79/100
|
|t:|1625051030
|switch|p1a: Indeedee|Indeedee-F, F|100/100|[from]move: U-turn
|
|upkeep
|turn|28
|
|t:|1625051041
|switch|p1a: Metagross|Metagross|39/100
|switch|p2a: Escavalier|Escavalier, M|100/100
|
|-fieldend|move: Psychic Terrain
|upkeep
|turn|29
|
|t:|1625051049
|switch|p2a: Seismitoad|Seismitoad, F|47/100
|move|p1a: Metagross|Earthquake|p2a: Seismitoad
|-damage|p2a: Seismitoad|17/100
|
|-heal|p2a: Seismitoad|23/100|[from] item: Leftovers
|upkeep
|turn|30
|
|t:|1625051059
|move|p2a: Seismitoad|Earth Power|p1a: Metagross
|-supereffective|p1a: Metagross
|-damage|p1a: Metagross|0 fnt
|faint|p1a: Metagross
|
|-heal|p2a: Seismitoad|29/100|[from] item: Leftovers
|upkeep
|
|t:|1625051080
|switch|p1a: Cloyster|Cloyster, M|26/100
|turn|31
|
|t:|1625051090
|switch|p2a: Escavalier|Escavalier, M|100/100
|move|p1a: Cloyster|Icicle Spear|p2a: Escavalier
|-resisted|p2a: Escavalier
|-damage|p2a: Escavalier|95/100
|-resisted|p2a: Escavalier
|-damage|p2a: Escavalier|90/100
|-resisted|p2a: Escavalier
|-damage|p2a: Escavalier|85/100
|-resisted|p2a: Escavalier
|-damage|p2a: Escavalier|80/100
|-resisted|p2a: Escavalier
|-damage|p2a: Escavalier|75/100
|-hitcount|p2a: Escavalier|5
|
|-heal|p2a: Escavalier|81/100|[from] item: Leftovers
|upkeep
|turn|32
|
|t:|1625051105
|switch|p1a: Volcanion|Volcanion|50/100
|move|p2a: Escavalier|Close Combat|p1a: Volcanion
|-damage|p1a: Volcanion|19/100
|-unboost|p2a: Escavalier|def|1
|-unboost|p2a: Escavalier|spd|1
|
|-heal|p2a: Escavalier|87/100|[from] item: Leftovers
|upkeep
|turn|33
|
|t:|1625051122
|switch|p2a: Seismitoad|Seismitoad, F|29/100
|move|p1a: Volcanion|Earth Power|p2a: Seismitoad
|-damage|p2a: Seismitoad|0 fnt
|faint|p2a: Seismitoad
|
|upkeep
|
|t:|1625051130
|switch|p2a: Xurkitree|Xurkitree|79/100
|turn|34
|
|t:|1625051168
|switch|p1a: Cloyster|Cloyster, M|26/100
|move|p2a: Xurkitree|Volt Switch|p1a: Cloyster
|-supereffective|p1a: Cloyster
|-damage|p1a: Cloyster|0 fnt
|faint|p1a: Cloyster
|-ability|p2a: Xurkitree|Beast Boost|boost
|-boost|p2a: Xurkitree|spa|1
|
|t:|1625051175
|switch|p2a: Zarude|Zarude-Dada|88/100|[from]move: Volt Switch
|
|upkeep
|
|t:|1625051191
|switch|p1a: Indeedee|Indeedee-F, F|100/100
|-fieldstart|move: Psychic Terrain|[from] ability: Psychic Surge|[of] p1a: Indeedee
|turn|35
|
|t:|1625051209
|move|p2a: Zarude|U-turn|p1a: Indeedee
|-supereffective|p1a: Indeedee
|-damage|p1a: Indeedee|27/100
|
|t:|1625051217
|switch|p2a: Escavalier|Escavalier, M|87/100|[from]move: U-turn
|move|p1a: Indeedee|Healing Wish|p1a: Indeedee
|faint|p1a: Indeedee
|
|-heal|p2a: Escavalier|93/100|[from] item: Leftovers
|upkeep
|
|t:|1625051231
|switch|p1a: Volcanion|Volcanion|19/100
|-heal|p1a: Volcanion|100/100|[from] move: Healing Wish
|turn|36
|
|t:|1625051252
|move|p1a: Volcanion|Steam Eruption|p2a: Escavalier
|-damage|p2a: Escavalier|48/100
|move|p2a: Escavalier|Close Combat|p1a: Volcanion
|-damage|p1a: Volcanion|69/100
|-unboost|p2a: Escavalier|def|1
|-unboost|p2a: Escavalier|spd|1
|
|-heal|p2a: Escavalier|54/100|[from] item: Leftovers
|upkeep
|turn|37
|
|t:|1625051262
|move|p1a: Volcanion|Steam Eruption|p2a: Escavalier
|-damage|p2a: Escavalier|0 fnt
|faint|p2a: Escavalier
|
|upkeep
|
|t:|1625051276
|switch|p2a: Xurkitree|Xurkitree|79/100
|turn|38
|
|t:|1625051280
|switch|p1a: Flygon|Flygon, M|12/100 brn
|move|p2a: Xurkitree|Thunderbolt|p1a: Flygon
|-immune|p1a: Flygon
|
|-heal|p1a: Flygon|18/100 brn|[from] item: Leftovers
|-damage|p1a: Flygon|12/100 brn|[from] brn
|upkeep
|turn|39
|
|t:|1625051302
|move|p2a: Xurkitree|Dazzling Gleam|p1a: Flygon
|-supereffective|p1a: Flygon
|-damage|p1a: Flygon|0 fnt
|faint|p1a: Flygon
|-ability|p2a: Xurkitree|Beast Boost|boost
|-boost|p2a: Xurkitree|spa|1
|
|-fieldend|move: Psychic Terrain
|upkeep
|-message|venad forfeited.
|
|win|linlinzhu
|raw|venad's rating: 1356 &rarr; <strong>1338</strong><br />(-18 for losing)
|raw|linlinzhu's rating: 1386 &rarr; <strong>1404</strong><br />(+18 for winning)
|l|☆venad
|l| rav 3nd an
