|j|☆Steven Davis
|j|☆quietcobra
|player|p1|Steven Davis|steven|1330
|player|p2|quietcobra|101|1202
|teamsize|p1|6
|teamsize|p2|6
|gametype|singles
|gen|8
|tier|[Gen 8] RU
|rated|
|clearpoke
|poke|p1|Copperajah, M|
|poke|p1|Vanilluxe, M|
|poke|p1|Xatu, M|
|poke|p1|Steelix, F|
|poke|p1|Gurdurr, M|
|poke|p1|Rotom|
|poke|p2|Alcremie, F|
|poke|p2|Quagsire, M|
|poke|p2|Hitmonlee, M|
|poke|p2|Indeedee, M|
|poke|p2|Charizard, M|
|poke|p2|Xatu, F|
|rule|Sleep Clause Mod: Limit one foe put to sleep
|rule|Species Clause: Limit one of each Pokémon
|rule|OHKO Clause: OHKO moves are banned
|rule|Evasion Moves Clause: Evasion moves are banned
|rule|Endless Battle Clause: Forcing endless battles is banned
|rule|HP Percentage Mod: HP is shown in percentages
|rule|Dynamax Clause: You cannot dynamax
|teampreview
|inactive|Battle timer is ON: inactive players will automatically lose when time's up. (requested by Steven Davis)
|
|start
|switch|p1a: Rotom|Rotom|100/100
|switch|p2a: Charizard|Charizard, M|100/100
|turn|1
|
|switch|p2a: Quagsire|Quagsire, M|100/100
|move|p1a: Rotom|Thunderbolt|p2a: Quagsire
|-immune|p2a: Quagsire
|
|upkeep
|turn|2
|
|switch|p1a: Xatu|Xatu, M|100/100
|switch|p2a: Charizard|Charizard, M|100/100
|
|upkeep
|turn|3
|
|switch|p1a: Gurdurr|Gurdurr, M|100/100
|move|p2a: Charizard|Overheat|p1a: Gurdurr
|-damage|p1a: Gurdurr|33/100
|-unboost|p2a: Charizard|spa|2
|
|upkeep
|turn|4
|
|move|p1a: Gurdurr|Mach Punch|p2a: Charizard
|-resisted|p2a: Charizard
|-damage|p2a: Charizard|87/100
|move|p2a: Charizard|Overheat|p1a: Gurdurr
|-damage|p1a: Gurdurr|0 fnt
|-unboost|p2a: Charizard|spa|2
|faint|p1a: Gurdurr
|
|upkeep
|
|switch|p1a: Rotom|Rotom|100/100
|turn|5
|
|switch|p2a: Alcremie|Alcremie, F|100/100
|move|p1a: Rotom|Trick|p2a: Alcremie
|-activate|p1a: Rotom|move: Trick|[of] p2a: Alcremie
|-item|p2a: Alcremie|Choice Scarf|[from] move: Trick
|-item|p1a: Rotom|Leftovers|[from] move: Trick
|
|upkeep
|turn|6
|
|move|p1a: Rotom|Volt Switch|p2a: Alcremie
|-damage|p2a: Alcremie|82/100
|
|switch|p1a: Steelix|Steelix, F|100/100|[from]move: Volt Switch
|move|p2a: Alcremie|Dazzling Gleam|p1a: Steelix
|-resisted|p1a: Steelix
|-crit|p1a: Steelix
|-damage|p1a: Steelix|79/100
|
|-heal|p1a: Steelix|85/100|[from] item: Leftovers
|upkeep
|turn|7
|
|switch|p2a: Quagsire|Quagsire, M|100/100
|move|p1a: Steelix|Toxic|p2a: Quagsire
|-status|p2a: Quagsire|tox
|
|-heal|p1a: Steelix|91/100|[from] item: Leftovers
|-damage|p2a: Quagsire|94/100 tox|[from] psn
|upkeep
|turn|8
|
|switch|p1a: Vanilluxe|Vanilluxe, M|100/100
|-weather|Hail|[from] ability: Snow Warning|[of] p1a: Vanilluxe
|move|p2a: Quagsire|Curse|p2a: Quagsire
|-unboost|p2a: Quagsire|spe|1
|-boost|p2a: Quagsire|atk|1
|-boost|p2a: Quagsire|def|1
|
|-weather|Hail|[upkeep]
|-damage|p2a: Quagsire|88/100 tox|[from] Hail
|-heal|p2a: Quagsire|94/100 tox|[from] item: Leftovers
|-damage|p2a: Quagsire|82/100 tox|[from] psn
|upkeep
|turn|9
|
|move|p1a: Vanilluxe|Aurora Veil|p1a: Vanilluxe
|-sidestart|p1: Steven Davis|move: Aurora Veil
|move|p2a: Quagsire|Waterfall|p1a: Vanilluxe
|-crit|p1a: Vanilluxe
|-damage|p1a: Vanilluxe|27/100
|
|-weather|Hail|[upkeep]
|-damage|p2a: Quagsire|76/100 tox|[from] Hail
|-heal|p2a: Quagsire|82/100 tox|[from] item: Leftovers
|-damage|p2a: Quagsire|64/100 tox|[from] psn
|upkeep
|turn|10
|
|switch|p2a: Alcremie|Alcremie, F|82/100
|move|p1a: Vanilluxe|Freeze-Dry|p2a: Alcremie
|-damage|p2a: Alcremie|62/100
|
|-weather|Hail|[upkeep]
|-damage|p2a: Alcremie|56/100|[from] Hail
|upkeep
|turn|11
|
|move|p1a: Vanilluxe|Blizzard|p2a: Alcremie
|-damage|p2a: Alcremie|24/100
|move|p2a: Alcremie|Aromatherapy|p2a: Alcremie
|-activate|p2a: Alcremie|move: Aromatherapy
|-curestatus|p2: Quagsire|tox|[msg]
|
|-weather|Hail|[upkeep]
|-damage|p2a: Alcremie|18/100|[from] Hail
|upkeep
|turn|12
|
|move|p1a: Vanilluxe|Blizzard|p2a: Alcremie
|-damage|p2a: Alcremie|0 fnt
|faint|p2a: Alcremie
|
|-weather|none
|upkeep
|
|switch|p2a: Charizard|Charizard, M|87/100
|turn|13
|
|move|p2a: Charizard|Overheat|p1a: Vanilluxe
|-supereffective|p1a: Vanilluxe
|-damage|p1a: Vanilluxe|0 fnt
|-unboost|p2a: Charizard|spa|2
|faint|p1a: Vanilluxe
|
|-sideend|p1: Steven Davis|move: Aurora Veil
|upkeep
|
|switch|p1a: Rotom|Rotom|100/100
|turn|14
|
|switch|p2a: Quagsire|Quagsire, M|64/100
|move|p1a: Rotom|Volt Switch|p2a: Quagsire
|-immune|p2a: Quagsire
|
|-heal|p2a: Quagsire|70/100|[from] item: Leftovers
|upkeep
|turn|15
|
|move|p1a: Rotom|Shadow Ball|p2a: Quagsire
|-damage|p2a: Quagsire|32/100
|move|p2a: Quagsire|Recover|p2a: Quagsire
|-heal|p2a: Quagsire|82/100
|
|-heal|p2a: Quagsire|88/100|[from] item: Leftovers
|upkeep
|turn|16
|
|switch|p1a: Copperajah|Copperajah, M|100/100
|move|p2a: Quagsire|Waterfall|p1a: Copperajah
|-damage|p1a: Copperajah|71/100
|
|-heal|p2a: Quagsire|94/100|[from] item: Leftovers
|upkeep
|turn|17
|
|switch|p2a: Charizard|Charizard, M|87/100
|move|p1a: Copperajah|Power Whip|p2a: Charizard
|-resisted|p2a: Charizard
|-damage|p2a: Charizard|58/100
|
|upkeep
|turn|18
|
|switch|p1a: Xatu|Xatu, M|100/100
|move|p2a: Charizard|Flamethrower|p1a: Xatu
|-damage|p1a: Xatu|40/100
|
|upkeep
|turn|19
|
|move|p2a: Charizard|Flamethrower|p1a: Xatu
|-damage|p1a: Xatu|0 fnt
|faint|p1a: Xatu
|
|upkeep
|
|switch|p1a: Rotom|Rotom|100/100
|turn|20
|
|switch|p2a: Quagsire|Quagsire, M|94/100
|move|p1a: Rotom|Volt Switch|p2a: Quagsire
|-immune|p2a: Quagsire
|
|-heal|p2a: Quagsire|99/100|[from] item: Leftovers
|upkeep
|turn|21
|
|switch|p1a: Copperajah|Copperajah, M|71/100
|move|p2a: Quagsire|Waterfall|p1a: Copperajah
|-damage|p1a: Copperajah|42/100
|
|-heal|p2a: Quagsire|100/100|[from] item: Leftovers
|upkeep
|turn|22
|
|move|p1a: Copperajah|Heavy Slam|p2a: Quagsire
|-resisted|p2a: Quagsire
|-damage|p2a: Quagsire|62/100
|move|p2a: Quagsire|Earth Power|p1a: Copperajah
|-supereffective|p1a: Copperajah
|-damage|p1a: Copperajah|0 fnt
|faint|p1a: Copperajah
|
|-heal|p2a: Quagsire|69/100|[from] item: Leftovers
|upkeep
|-message|Steven Davis forfeited.
|
|win|quietcobra
|l|☆Steven Davis
||Ladder (probably) updated, but score could not be retrieved (Response not received).
