|j|☆Robjr
|j|☆bebo7788
|player|p1|Robjr|lance|
|player|p2|bebo7788|2|
|teamsize|p1|6
|teamsize|p2|6
|gametype|singles
|gen|8
|tier|[Gen 8] RU
|rule|Sleep Clause Mod: Limit one foe put to sleep
|rule|Species Clause: Limit one of each Pokémon
|rule|OHKO Clause: OHKO moves are banned
|rule|Evasion Moves Clause: Evasion moves are banned
|rule|Endless Battle Clause: Forcing endless battles is banned
|rule|HP Percentage Mod: HP is shown in percentages
|clearpoke
|poke|p1|Gigalith, F|
|poke|p1|Vileplume, F|
|poke|p1|Sigilyph, M|
|poke|p1|Passimian, F|
|poke|p1|Mr. Rime, M|
|poke|p1|Gastrodon, F|
|poke|p2|Galvantula, M|
|poke|p2|Sigilyph, M|
|poke|p2|Salazzle, F|
|poke|p2|Barbaracle, F|
|poke|p2|Silvally-*|
|poke|p2|Rotom|
|rule|Dynamax Clause: You cannot dynamax
|teampreview
|c|☆bebo7788|hf
|c|☆Robjr|hf
|
|start
|switch|p1a: Gigalith|Gigalith, F|100/100
|switch|p2a: Barbaracle|Barbaracle, F|100/100
|-weather|Sandstorm|[from] ability: Sand Stream|[of] p1a: Gigalith
|turn|1
|
|move|p2a: Barbaracle|Stealth Rock|p1a: Gigalith
|-sidestart|p1: Robjr|move: Stealth Rock
|move|p1a: Gigalith|Earthquake|p2a: Barbaracle
|-supereffective|p2a: Barbaracle
|-damage|p2a: Barbaracle|39/100
|
|-weather|Sandstorm|[upkeep]
|upkeep
|turn|2
|
|switch|p2a: Galvantula|Galvantula, M|100/100
|move|p1a: Gigalith|Stealth Rock|p2a: Galvantula
|-sidestart|p2: bebo7788|move: Stealth Rock
|
|-weather|Sandstorm|[upkeep]
|-damage|p2a: Galvantula|94/100|[from] Sandstorm
|upkeep
|turn|3
|
|move|p2a: Galvantula|Sticky Web|p1a: Gigalith
|-sidestart|p1: Robjr|move: Sticky Web
|move|p1a: Gigalith|Stone Edge|p2a: Galvantula
|-supereffective|p2a: Galvantula
|-damage|p2a: Galvantula|0 fnt
|faint|p2a: Galvantula
|
|-weather|Sandstorm|[upkeep]
|upkeep
|
|switch|p2a: Silvally|Silvally-Steel|100/100
|-damage|p2a: Silvally|94/100|[from] Stealth Rock
|turn|4
|
|move|p2a: Silvally|Multi-Attack|p1a: Gigalith
|-supereffective|p1a: Gigalith
|-damage|p1a: Gigalith|33/100
|move|p1a: Gigalith|Earthquake|p2a: Silvally
|-supereffective|p2a: Silvally
|-damage|p2a: Silvally|26/100
|
|-weather|Sandstorm|[upkeep]
|-heal|p1a: Gigalith|39/100|[from] item: Leftovers
|upkeep
|turn|5
|
|switch|p2a: Sigilyph|Sigilyph, M|100/100
|move|p1a: Gigalith|Protect||[still]
|-fail|p1a: Gigalith
|
|-weather|none
|-heal|p1a: Gigalith|45/100|[from] item: Leftovers
|upkeep
|turn|6
|
|switch|p2a: Barbaracle|Barbaracle, F|39/100
|-damage|p2a: Barbaracle|27/100|[from] Stealth Rock
|move|p1a: Gigalith|Stone Edge|p2a: Barbaracle
|-damage|p2a: Barbaracle|0 fnt
|faint|p2a: Barbaracle
|
|-heal|p1a: Gigalith|51/100|[from] item: Leftovers
|upkeep
|
|switch|p2a: Silvally|Silvally-Steel|26/100
|-damage|p2a: Silvally|20/100|[from] Stealth Rock
|turn|7
|
|move|p1a: Gigalith|Protect|p1a: Gigalith
|-singleturn|p1a: Gigalith|Protect
|move|p2a: Silvally|Multi-Attack|p1a: Gigalith
|-activate|p1a: Gigalith|move: Protect
|
|-heal|p1a: Gigalith|57/100|[from] item: Leftovers
|upkeep
|turn|8
|
|switch|p1a: Gastrodon|Gastrodon, F|100/100
|-activate|p1a: Gastrodon|move: Sticky Web
|-unboost|p1a: Gastrodon|spe|1
|-damage|p1a: Gastrodon|94/100|[from] Stealth Rock
|move|p2a: Silvally|Multi-Attack|p1a: Gastrodon
|-resisted|p1a: Gastrodon
|-damage|p1a: Gastrodon|77/100
|
|-heal|p1a: Gastrodon|83/100|[from] item: Leftovers
|upkeep
|turn|9
|
|move|p2a: Silvally|Multi-Attack|p1a: Gastrodon
|-resisted|p1a: Gastrodon
|-damage|p1a: Gastrodon|63/100
|move|p1a: Gastrodon|Scald|p2a: Silvally
|-damage|p2a: Silvally|0 fnt
|faint|p2a: Silvally
|
|-heal|p1a: Gastrodon|69/100|[from] item: Leftovers
|upkeep
|
|switch|p2a: Sigilyph|Sigilyph, M|100/100
|turn|10
|
|move|p2a: Sigilyph|Calm Mind|p2a: Sigilyph
|-boost|p2a: Sigilyph|spa|1
|-boost|p2a: Sigilyph|spd|1
|move|p1a: Gastrodon|Clear Smog|p2a: Sigilyph
|-damage|p2a: Sigilyph|90/100
|-clearboost|p2a: Sigilyph
|
|-heal|p1a: Gastrodon|75/100|[from] item: Leftovers
|upkeep
|turn|11
|
|move|p2a: Sigilyph|Calm Mind|p2a: Sigilyph
|-boost|p2a: Sigilyph|spa|1
|-boost|p2a: Sigilyph|spd|1
|move|p1a: Gastrodon|Clear Smog|p2a: Sigilyph
|-damage|p2a: Sigilyph|79/100
|-clearboost|p2a: Sigilyph
|
|-heal|p1a: Gastrodon|81/100|[from] item: Leftovers
|upkeep
|turn|12
|
|move|p2a: Sigilyph|Calm Mind|p2a: Sigilyph
|-boost|p2a: Sigilyph|spa|1
|-boost|p2a: Sigilyph|spd|1
|move|p1a: Gastrodon|Clear Smog|p2a: Sigilyph
|-damage|p2a: Sigilyph|69/100
|-clearboost|p2a: Sigilyph
|
|-heal|p1a: Gastrodon|88/100|[from] item: Leftovers
|upkeep
|turn|13
|
|move|p2a: Sigilyph|Calm Mind|p2a: Sigilyph
|-boost|p2a: Sigilyph|spa|1
|-boost|p2a: Sigilyph|spd|1
|move|p1a: Gastrodon|Clear Smog|p2a: Sigilyph
|-damage|p2a: Sigilyph|58/100
|-clearboost|p2a: Sigilyph
|
|-heal|p1a: Gastrodon|94/100|[from] item: Leftovers
|upkeep
|turn|14
|
|move|p2a: Sigilyph|Roost|p2a: Sigilyph
|-heal|p2a: Sigilyph|100/100
|-singleturn|p2a: Sigilyph|move: Roost
|move|p1a: Gastrodon|Clear Smog|p2a: Sigilyph
|-damage|p2a: Sigilyph|85/100
|-clearboost|p2a: Sigilyph
|
|-heal|p1a: Gastrodon|99/100|[from] item: Leftovers
|upkeep
|turn|15
|
|move|p2a: Sigilyph|Calm Mind|p2a: Sigilyph
|-boost|p2a: Sigilyph|spa|1
|-boost|p2a: Sigilyph|spd|1
|move|p1a: Gastrodon|Clear Smog|p2a: Sigilyph
|-damage|p2a: Sigilyph|75/100
|-clearboost|p2a: Sigilyph
|
|-heal|p1a: Gastrodon|100/100|[from] item: Leftovers
|upkeep
|turn|16
|
|move|p2a: Sigilyph|Calm Mind|p2a: Sigilyph
|-boost|p2a: Sigilyph|spa|1
|-boost|p2a: Sigilyph|spd|1
|move|p1a: Gastrodon|Clear Smog|p2a: Sigilyph
|-damage|p2a: Sigilyph|65/100
|-clearboost|p2a: Sigilyph
|
|upkeep
|turn|17
|
|switch|p1a: Mr. Rime|Mr. Rime, M|100/100
|move|p2a: Sigilyph|Roost|p2a: Sigilyph
|-heal|p2a: Sigilyph|100/100
|-singleturn|p2a: Sigilyph|move: Roost
|
|upkeep
|turn|18
|
|switch|p2a: Rotom|Rotom|100/100
|-damage|p2a: Rotom|88/100|[from] Stealth Rock
|move|p1a: Mr. Rime|Rapid Spin|p2a: Rotom
|-immune|p2a: Rotom
|
|upkeep
|turn|19
|
|switch|p1a: Gastrodon|Gastrodon, F|100/100
|-damage|p1a: Gastrodon|94/100|[from] Stealth Rock
|-activate|p1a: Gastrodon|move: Sticky Web
|-unboost|p1a: Gastrodon|spe|1
|move|p2a: Rotom|Shadow Ball|p1a: Gastrodon
|-damage|p1a: Gastrodon|61/100
|
|-heal|p1a: Gastrodon|67/100|[from] item: Leftovers
|upkeep
|turn|20
|
|switch|p2a: Sigilyph|Sigilyph, M|100/100
|move|p1a: Gastrodon|Scald|p2a: Sigilyph
|-damage|p2a: Sigilyph|66/100
|-status|p2a: Sigilyph|brn
|
|-heal|p1a: Gastrodon|74/100|[from] item: Leftovers
|upkeep
|turn|21
|
|switch|p1a: Gigalith|Gigalith, F|57/100
|-activate|p1a: Gigalith|move: Sticky Web
|-unboost|p1a: Gigalith|spe|1
|-damage|p1a: Gigalith|45/100|[from] Stealth Rock
|-weather|Sandstorm|[from] ability: Sand Stream|[of] p1a: Gigalith
|move|p2a: Sigilyph|Calm Mind|p2a: Sigilyph
|-boost|p2a: Sigilyph|spa|1
|-boost|p2a: Sigilyph|spd|1
|
|-weather|Sandstorm|[upkeep]
|-heal|p1a: Gigalith|51/100|[from] item: Leftovers
|upkeep
|turn|22
|
|move|p2a: Sigilyph|Psyshock|p1a: Gigalith
|-damage|p1a: Gigalith|4/100
|move|p1a: Gigalith|Stone Edge|p2a: Sigilyph|[miss]
|-miss|p1a: Gigalith|p2a: Sigilyph
|
|-weather|Sandstorm|[upkeep]
|-heal|p1a: Gigalith|10/100|[from] item: Leftovers
|upkeep
|turn|23
|
|move|p2a: Sigilyph|Psyshock|p1a: Gigalith
|-damage|p1a: Gigalith|0 fnt
|faint|p1a: Gigalith
|
|-weather|Sandstorm|[upkeep]
|upkeep
|
|switch|p1a: Sigilyph|Sigilyph, M|100/100
|turn|24
|
|move|p1a: Sigilyph|Air Slash|p2a: Sigilyph
|-damage|p2a: Sigilyph|23/100 brn
|move|p2a: Sigilyph|Heat Wave|p1a: Sigilyph
|-damage|p1a: Sigilyph|17/100
|
|-weather|Sandstorm|[upkeep]
|upkeep
|turn|25
|
|switch|p2a: Salazzle|Salazzle, F|100/100
|move|p1a: Sigilyph|Air Slash|p2a: Salazzle
|-damage|p2a: Salazzle|25/100
|
|-weather|none
|upkeep
|turn|26
|
|switch|p1a: Gastrodon|Gastrodon, F|74/100
|-damage|p1a: Gastrodon|67/100|[from] Stealth Rock
|-activate|p1a: Gastrodon|move: Sticky Web
|-unboost|p1a: Gastrodon|spe|1
|move|p2a: Salazzle|Sludge Wave|p1a: Gastrodon
|-resisted|p1a: Gastrodon
|-damage|p1a: Gastrodon|47/100
|
|-heal|p1a: Gastrodon|53/100|[from] item: Leftovers
|upkeep
|turn|27
|
|move|p2a: Salazzle|Toxic|p1a: Gastrodon
|-status|p1a: Gastrodon|tox
|move|p1a: Gastrodon|Scald|p2a: Salazzle
|-supereffective|p2a: Salazzle
|-damage|p2a: Salazzle|0 fnt
|faint|p2a: Salazzle
|
|-heal|p1a: Gastrodon|59/100 tox|[from] item: Leftovers
|-damage|p1a: Gastrodon|53/100 tox|[from] psn
|upkeep
|
|switch|p2a: Sigilyph|Sigilyph, M|23/100 brn
|turn|28
|
|switch|p1a: Sigilyph|Sigilyph, M|17/100
|move|p2a: Sigilyph|Roost|p2a: Sigilyph
|-heal|p2a: Sigilyph|73/100 brn
|-singleturn|p2a: Sigilyph|move: Roost
|
|upkeep
|turn|29
|
|move|p2a: Sigilyph|Psyshock|p1a: Sigilyph
|-resisted|p1a: Sigilyph
|-damage|p1a: Sigilyph|0 fnt
|faint|p1a: Sigilyph
|
|upkeep
|
|switch|p1a: Mr. Rime|Mr. Rime, M|100/100
|turn|30
|
|switch|p2a: Rotom|Rotom|88/100
|-damage|p2a: Rotom|76/100|[from] Stealth Rock
|move|p1a: Mr. Rime|Rapid Spin|p2a: Rotom
|-immune|p2a: Rotom
|
|upkeep
|turn|31
|
|switch|p1a: Gastrodon|Gastrodon, F|53/100 tox
|-damage|p1a: Gastrodon|47/100 tox|[from] Stealth Rock
|-activate|p1a: Gastrodon|move: Sticky Web
|-unboost|p1a: Gastrodon|spe|1
|move|p2a: Rotom|Shadow Ball|p1a: Gastrodon
|-damage|p1a: Gastrodon|13/100 tox
|
|-heal|p1a: Gastrodon|19/100 tox|[from] item: Leftovers
|-damage|p1a: Gastrodon|13/100 tox|[from] psn
|upkeep
|turn|32
|
|move|p2a: Rotom|Shadow Ball|p1a: Gastrodon
|-damage|p1a: Gastrodon|0 fnt
|faint|p1a: Gastrodon
|
|upkeep
|
|switch|p1a: Vileplume|Vileplume, F|100/100
|-activate|p1a: Vileplume|move: Sticky Web
|-unboost|p1a: Vileplume|spe|1
|-damage|p1a: Vileplume|88/100|[from] Stealth Rock
|turn|33
|
|switch|p2a: Sigilyph|Sigilyph, M|73/100 brn
|move|p1a: Vileplume|Sludge Bomb|p2a: Sigilyph
|-damage|p2a: Sigilyph|21/100 brn
|
|-heal|p1a: Vileplume|94/100|[from] item: Black Sludge
|upkeep
|turn|34
|
|move|p2a: Sigilyph|Roost|p2a: Sigilyph
|-heal|p2a: Sigilyph|71/100 brn
|-singleturn|p2a: Sigilyph|move: Roost
|move|p1a: Vileplume|Sludge Bomb|p2a: Sigilyph
|-damage|p2a: Sigilyph|23/100 brn
|
|-heal|p1a: Vileplume|100/100|[from] item: Black Sludge
|upkeep
|turn|35
|
|move|p2a: Sigilyph|Roost|p2a: Sigilyph
|-heal|p2a: Sigilyph|73/100 brn
|-singleturn|p2a: Sigilyph|move: Roost
|move|p1a: Vileplume|Sludge Bomb|p2a: Sigilyph
|-damage|p2a: Sigilyph|28/100 brn
|
|upkeep
|turn|36
|
|move|p2a: Sigilyph|Roost|p2a: Sigilyph
|-heal|p2a: Sigilyph|78/100 brn
|-singleturn|p2a: Sigilyph|move: Roost
|move|p1a: Vileplume|Sludge Bomb|p2a: Sigilyph
|-damage|p2a: Sigilyph|33/100 brn
|
|upkeep
|turn|37
|
|switch|p1a: Mr. Rime|Mr. Rime, M|100/100
|move|p2a: Sigilyph|Roost|p2a: Sigilyph
|-heal|p2a: Sigilyph|83/100 brn
|-singleturn|p2a: Sigilyph|move: Roost
|
|upkeep
|turn|38
|
|switch|p2a: Rotom|Rotom|76/100
|-damage|p2a: Rotom|63/100|[from] Stealth Rock
|move|p1a: Mr. Rime|Rapid Spin|p2a: Rotom
|-immune|p2a: Rotom
|
|upkeep
|turn|39
|
|switch|p1a: Vileplume|Vileplume, F|100/100
|-activate|p1a: Vileplume|move: Sticky Web
|-unboost|p1a: Vileplume|spe|1
|-damage|p1a: Vileplume|88/100|[from] Stealth Rock
|move|p2a: Rotom|Shadow Ball|p1a: Vileplume
|-damage|p1a: Vileplume|50/100
|-unboost|p1a: Vileplume|spd|1
|
|-heal|p1a: Vileplume|57/100|[from] item: Black Sludge
|upkeep
|turn|40
|j|+killin'time
|
|switch|p2a: Sigilyph|Sigilyph, M|83/100 brn
|move|p1a: Vileplume|Strength Sap|p2a: Sigilyph
|-unboost|p2a: Sigilyph|atk|1
|-heal|p1a: Vileplume|87/100
|
|-heal|p1a: Vileplume|93/100|[from] item: Black Sludge
|upkeep
|turn|41
|
|switch|p1a: Mr. Rime|Mr. Rime, M|100/100
|move|p2a: Sigilyph|Calm Mind|p2a: Sigilyph
|-boost|p2a: Sigilyph|spa|1
|-boost|p2a: Sigilyph|spd|1
|
|upkeep
|turn|42
|
|move|p2a: Sigilyph|Heat Wave|p1a: Mr. Rime
|-supereffective|p1a: Mr. Rime
|-damage|p1a: Mr. Rime|0 fnt
|faint|p1a: Mr. Rime
|
|upkeep
|c|☆Robjr|gg
|c|☆bebo7788|gg
|-message|Robjr forfeited.
|
|win|bebo7788
|l|☆Robjr
|l|+killin'time
|l|☆bebo7788
|j|☆Robjr
|player|p1|Robjr|lance
