|j|☆Escovidth
|j|☆hoyssxo
|t:|1618852816
|gametype|singles
|player|p1|Escovidth|erika|1461
|player|p2|hoyssxo|172|1355
|teamsize|p1|6
|teamsize|p2|6
|gen|8
|tier|[Gen 8] RU
|rated|
|clearpoke
|poke|p1|Reuniclus, F|
|poke|p1|Cobalion|
|poke|p1|Gastrodon, F|
|poke|p1|Noivern, M|
|poke|p1|Togekiss, F|
|poke|p1|Zarude|
|poke|p2|Snorlax, M|
|poke|p2|Darmanitan, F|
|poke|p2|Roserade, M|
|poke|p2|Noivern, F|
|poke|p2|Rhyperior, F|
|poke|p2|Golisopod, F|
|rule|Sleep Clause Mod: Limit one foe put to sleep
|rule|Species Clause: Limit one of each Pokémon
|rule|OHKO Clause: OHKO moves are banned
|rule|Evasion Moves Clause: Evasion moves are banned
|rule|Endless Battle Clause: Forcing endless battles is banned
|rule|HP Percentage Mod: HP is shown in percentages
|rule|Dynamax Clause: You cannot dynamax
|teampreview
|inactive|Battle timer is ON: inactive players will automatically lose when time's up. (requested by Escovidth)
|inactive|hoyssxo has 120 seconds left.
|inactive|hoyssxo has 90 seconds left.
|c|☆Escovidth|test
|inactive|hoyssxo has 60 seconds left.
|inactive|hoyssxo has 30 seconds left.
|inactive|hoyssxo has 20 seconds left.
|
|t:|1618852964
|start
|switch|p1a: Cobalion|Cobalion|100/100
|switch|p2a: Rhyperior|Rhyperior, F|100/100
|turn|1
|
|t:|1618852985
|move|p1a: Cobalion|Stealth Rock|p2a: Rhyperior
|-sidestart|p2: hoyssxo|move: Stealth Rock
|move|p2a: Rhyperior|Earthquake|p1a: Cobalion
|-supereffective|p1a: Cobalion
|-damage|p1a: Cobalion|6/100
|
|upkeep
|turn|2
|inactive|hoyssxo has 90 seconds left.
|
|t:|1618853003
|move|p1a: Cobalion|Close Combat|p2a: Rhyperior
|-supereffective|p2a: Rhyperior
|-damage|p2a: Rhyperior|46/100
|-unboost|p1a: Cobalion|def|1
|-unboost|p1a: Cobalion|spd|1
|move|p2a: Rhyperior|Earthquake|p1a: Cobalion
|-supereffective|p1a: Cobalion
|-damage|p1a: Cobalion|0 fnt
|faint|p1a: Cobalion
|
|-heal|p2a: Rhyperior|53/100|[from] item: Leftovers
|upkeep
|
|t:|1618853012
|switch|p1a: Zarude|Zarude|100/100
|turn|3
|
|t:|1618853017
|switch|p2a: Noivern|Noivern, F|100/100
|move|p1a: Zarude|U-turn|p2a: Noivern
|-resisted|p2a: Noivern
|-damage|p2a: Noivern|86/100
|
|t:|1618853019
|switch|p1a: Reuniclus|Reuniclus, F|100/100|[from]move: U-turn
|
|upkeep
|turn|4
|
|t:|1618853029
|switch|p2a: Roserade|Roserade, M|100/100
|-damage|p2a: Roserade|88/100|[from] Stealth Rock
|move|p1a: Reuniclus|Future Sight|p2a: Roserade
|-start|p1a: Reuniclus|move: Future Sight
|
|-heal|p2a: Roserade|94/100|[from] item: Black Sludge
|upkeep
|turn|5
|
|t:|1618853038
|move|p2a: Roserade|Sleep Powder|p1a: Reuniclus
|-status|p1a: Reuniclus|slp|[from] move: Sleep Powder
|cant|p1a: Reuniclus|slp
|
|-heal|p2a: Roserade|100/100|[from] item: Black Sludge
|upkeep
|turn|6
|
|t:|1618853042
|switch|p2a: Snorlax|Snorlax, M|100/100
|-damage|p2a: Snorlax|88/100|[from] Stealth Rock
|switch|p1a: Zarude|Zarude|100/100
|
|-end|p2a: Snorlax|move: Future Sight
|-damage|p2a: Snorlax|60/100
|-heal|p2a: Snorlax|66/100|[from] item: Leftovers
|upkeep
|turn|7
|
|t:|1618853051
|switch|p2a: Noivern|Noivern, F|86/100
|move|p1a: Zarude|U-turn|p2a: Noivern
|-resisted|p2a: Noivern
|-damage|p2a: Noivern|71/100
|
|t:|1618853056
|switch|p1a: Reuniclus|Reuniclus, F|100/100 slp|[from]move: U-turn
|
|upkeep
|turn|8
|
|t:|1618853060
|move|p2a: Noivern|Defog|p1a: Reuniclus
|-unboost|p1a: Reuniclus|evasion|1
|-sideend|p2: hoyssxo|Stealth Rock|[from] move: Defog|[of] p2a: Noivern
|-curestatus|p1a: Reuniclus|slp|[msg]
|move|p1a: Reuniclus|Future Sight|p2a: Noivern
|-start|p1a: Reuniclus|move: Future Sight
|
|upkeep
|turn|9
|inactive|hoyssxo has 120 seconds left.
|
|t:|1618853115
|switch|p2a: Snorlax|Snorlax, M|66/100
|move|p1a: Reuniclus|Psyshock|p2a: Snorlax
|-damage|p2a: Snorlax|35/100
|
|-heal|p2a: Snorlax|41/100|[from] item: Leftovers
|upkeep
|turn|10
|
|t:|1618853126
|switch|p1a: Gastrodon|Gastrodon, F|100/100
|move|p2a: Snorlax|Body Slam|p1a: Gastrodon
|-damage|p1a: Gastrodon|76/100
|
|-end|p2a: Snorlax|move: Future Sight
|-damage|p2a: Snorlax|15/100
|-heal|p2a: Snorlax|21/100|[from] item: Leftovers
|upkeep
|turn|11
|
|t:|1618853132
|move|p1a: Gastrodon|Earth Power|p2a: Snorlax
|-damage|p2a: Snorlax|7/100
|move|p2a: Snorlax|Rest|p2a: Snorlax
|-status|p2a: Snorlax|slp|[from] move: Rest
|-heal|p2a: Snorlax|100/100 slp|[silent]
|
|upkeep
|turn|12
|
|t:|1618853139
|switch|p1a: Togekiss|Togekiss, F|100/100
|cant|p2a: Snorlax|slp
|
|upkeep
|turn|13
|
|t:|1618853146
|move|p1a: Togekiss|Nasty Plot|p1a: Togekiss
|-boost|p1a: Togekiss|spa|2
|cant|p2a: Snorlax|slp
|
|upkeep
|turn|14
|
|t:|1618853149
|move|p1a: Togekiss|Air Slash|p2a: Snorlax
|-damage|p2a: Snorlax|68/100 slp
|-curestatus|p2a: Snorlax|slp|[msg]
|cant|p2a: Snorlax|flinch
|
|-heal|p2a: Snorlax|74/100|[from] item: Leftovers
|upkeep
|turn|15
|
|t:|1618853156
|move|p1a: Togekiss|Air Slash|p2a: Snorlax
|-damage|p2a: Snorlax|42/100
|move|p2a: Snorlax|Body Slam|p1a: Togekiss
|-damage|p1a: Togekiss|70/100
|
|-heal|p2a: Snorlax|48/100|[from] item: Leftovers
|upkeep
|turn|16
|
|t:|1618853162
|move|p1a: Togekiss|Air Slash|p2a: Snorlax
|-damage|p2a: Snorlax|21/100
|move|p2a: Snorlax|Body Slam|p1a: Togekiss
|-damage|p1a: Togekiss|38/100
|
|-heal|p2a: Snorlax|27/100|[from] item: Leftovers
|upkeep
|turn|17
|inactive|hoyssxo has 120 seconds left.
|
|t:|1618853196
|move|p1a: Togekiss|Air Slash|p2a: Snorlax
|-damage|p2a: Snorlax|0 fnt
|faint|p2a: Snorlax
|
|upkeep
|inactive|hoyssxo has 120 seconds left.
|
|t:|1618853206
|switch|p2a: Roserade|Roserade, M|100/100
|turn|18
|
|t:|1618853213
|switch|p1a: Reuniclus|Reuniclus, F|100/100
|move|p2a: Roserade|Sleep Powder|p1a: Reuniclus
|-status|p1a: Reuniclus|slp|[from] move: Sleep Powder
|
|upkeep
|turn|19
|
|t:|1618853224
|switch|p2a: Golisopod|Golisopod, F|100/100
|cant|p1a: Reuniclus|slp
|
|upkeep
|turn|20
|
|t:|1618853230
|switch|p1a: Noivern|Noivern, M|100/100
|move|p2a: Golisopod|Swords Dance|p2a: Golisopod
|-boost|p2a: Golisopod|atk|2
|
|upkeep
|turn|21
|inactive|hoyssxo has 120 seconds left.
|
|t:|1618853258
|switch|p2a: Noivern|Noivern, F|71/100
|move|p1a: Noivern|Draco Meteor|p2a: Noivern
|-supereffective|p2a: Noivern
|-damage|p2a: Noivern|0 fnt
|-unboost|p1a: Noivern|spa|2
|faint|p2a: Noivern
|
|upkeep
|
|t:|1618853267
|switch|p2a: Darmanitan|Darmanitan, F|100/100
|turn|22
|inactive|hoyssxo has 120 seconds left.
|
|t:|1618853283
|move|p2a: Darmanitan|U-turn|p1a: Noivern
|-resisted|p1a: Noivern
|-damage|p1a: Noivern|85/100
|inactive|hoyssxo has 120 seconds left.
|
|t:|1618853295
|switch|p2a: Rhyperior|Rhyperior, F|53/100|[from]move: U-turn
|move|p1a: Noivern|U-turn|p2a: Rhyperior
|-damage|p2a: Rhyperior|44/100
|
|t:|1618853299
|switch|p1a: Gastrodon|Gastrodon, F|76/100|[from]move: U-turn
|
|-heal|p2a: Rhyperior|50/100|[from] item: Leftovers
|upkeep
|turn|23
|
|t:|1618853304
|move|p2a: Rhyperior|Stealth Rock|p1a: Gastrodon
|-sidestart|p1: Escovidth|move: Stealth Rock
|move|p1a: Gastrodon|Earth Power|p2a: Rhyperior
|-supereffective|p2a: Rhyperior
|-damage|p2a: Rhyperior|0 fnt
|faint|p2a: Rhyperior
|
|upkeep
|
|t:|1618853310
|switch|p2a: Roserade|Roserade, M|100/100
|turn|24
|
|t:|1618853318
|switch|p2a: Golisopod|Golisopod, F|100/100
|switch|p1a: Reuniclus|Reuniclus, F|100/100 slp
|-damage|p1a: Reuniclus|88/100 slp|[from] Stealth Rock
|
|upkeep
|turn|25
|
|t:|1618853324
|switch|p2a: Darmanitan|Darmanitan, F|100/100
|switch|p1a: Togekiss|Togekiss, F|38/100
|
|upkeep
|turn|26
|
|t:|1618853332
|move|p2a: Darmanitan|Flare Blitz|p1a: Togekiss
|-damage|p1a: Togekiss|0 fnt
|-damage|p2a: Darmanitan|87/100|[from] Recoil
|faint|p1a: Togekiss
|
|upkeep
|
|t:|1618853334
|switch|p1a: Gastrodon|Gastrodon, F|76/100
|turn|27
|
|t:|1618853355
|switch|p2a: Roserade|Roserade, M|100/100
|switch|p1a: Reuniclus|Reuniclus, F|100/100 slp
|-damage|p1a: Reuniclus|88/100 slp|[from] Stealth Rock
|
|upkeep
|turn|28
|
|t:|1618853362
|switch|p2a: Golisopod|Golisopod, F|100/100
|cant|p1a: Reuniclus|slp
|
|upkeep
|turn|29
|
|t:|1618853371
|switch|p1a: Noivern|Noivern, M|85/100
|move|p2a: Golisopod|First Impression|p1a: Noivern
|-resisted|p1a: Noivern
|-damage|p1a: Noivern|52/100
|
|upkeep
|turn|30
|
|t:|1618853386
|switch|p2a: Roserade|Roserade, M|100/100
|move|p1a: Noivern|Roost|p1a: Noivern
|-heal|p1a: Noivern|100/100
|-singleturn|p1a: Noivern|move: Roost
|
|upkeep
|turn|31
|
|t:|1618853391
|move|p1a: Noivern|Flamethrower|p2a: Roserade
|-supereffective|p2a: Roserade
|-damage|p2a: Roserade|33/100
|move|p2a: Roserade|Sludge Bomb|p1a: Noivern
|-damage|p1a: Noivern|42/100
|
|-heal|p2a: Roserade|39/100|[from] item: Black Sludge
|upkeep
|turn|32
|
|t:|1618853395
|move|p1a: Noivern|Flamethrower|p2a: Roserade
|-supereffective|p2a: Roserade
|-damage|p2a: Roserade|0 fnt
|faint|p2a: Roserade
|
|upkeep
|
|t:|1618853398
|switch|p2a: Darmanitan|Darmanitan, F|87/100
|turn|33
|
|t:|1618853405
|switch|p1a: Reuniclus|Reuniclus, F|100/100 slp
|-damage|p1a: Reuniclus|88/100 slp|[from] Stealth Rock
|move|p2a: Darmanitan|U-turn|p1a: Reuniclus
|-supereffective|p1a: Reuniclus
|-damage|p1a: Reuniclus|35/100 slp
|
|t:|1618853408
|switch|p2a: Golisopod|Golisopod, F|100/100|[from]move: U-turn
|
|upkeep
|turn|34
|j| Sedivanius
|
|t:|1618853421
|switch|p2a: Darmanitan|Darmanitan, F|87/100
|cant|p1a: Reuniclus|slp
|
|upkeep
|turn|35
|
|t:|1618853425
|move|p2a: Darmanitan|U-turn|p1a: Reuniclus
|-supereffective|p1a: Reuniclus
|-damage|p1a: Reuniclus|0 fnt
|faint|p1a: Reuniclus
|
|t:|1618853428
|switch|p2a: Golisopod|Golisopod, F|100/100|[from]move: U-turn
|
|upkeep
|
|t:|1618853430
|switch|p1a: Noivern|Noivern, M|42/100
|turn|36
|
|t:|1618853433
|switch|p2a: Darmanitan|Darmanitan, F|87/100
|move|p1a: Noivern|Draco Meteor|p2a: Darmanitan
|-damage|p2a: Darmanitan|3/100
|-unboost|p1a: Noivern|spa|2
|
|upkeep
|turn|37
|
|t:|1618853446
|switch|p1a: Zarude|Zarude|100/100
|move|p2a: Darmanitan|Trick|p1a: Zarude
|-activate|p2a: Darmanitan|move: Trick|[of] p1a: Zarude
|-item|p1a: Zarude|Choice Scarf|[from] move: Trick
|-item|p2a: Darmanitan|Heavy-Duty Boots|[from] move: Trick
|
|upkeep
|turn|38
|
|t:|1618853457
|move|p1a: Zarude|Darkest Lariat|p2a: Darmanitan
|-damage|p2a: Darmanitan|0 fnt
|faint|p2a: Darmanitan
|
|upkeep
|
|t:|1618853460
|switch|p2a: Golisopod|Golisopod, F|100/100
|turn|39
|
|t:|1618853463
|move|p1a: Zarude|Darkest Lariat|p2a: Golisopod
|-damage|p2a: Golisopod|62/100
|move|p2a: Golisopod|Swords Dance|p2a: Golisopod
|-boost|p2a: Golisopod|atk|2
|
|upkeep
|turn|40
|
|t:|1618853469
|move|p1a: Zarude|Darkest Lariat|p2a: Golisopod
|-damage|p2a: Golisopod|25/100
|move|p2a: Golisopod|Leech Life|p1a: Zarude
|-supereffective|p1a: Zarude
|-damage|p1a: Zarude|0 fnt
|-heal|p2a: Golisopod|86/100|[from] drain|[of] p1a: Zarude
|faint|p1a: Zarude
|
|upkeep
|
|t:|1618853472
|switch|p1a: Gastrodon|Gastrodon, F|76/100
|turn|41
|
|t:|1618853477
|move|p2a: Golisopod|Swords Dance|p2a: Golisopod
|-boost|p2a: Golisopod|atk|2
|move|p1a: Gastrodon|Toxic|p2a: Golisopod
|-status|p2a: Golisopod|tox
|
|-damage|p2a: Golisopod|80/100 tox|[from] psn
|upkeep
|turn|42
|
|t:|1618853480
|move|p2a: Golisopod|Leech Life|p1a: Gastrodon
|-damage|p1a: Gastrodon|0 fnt
|-heal|p2a: Golisopod|100/100 tox|[from] drain|[of] p1a: Gastrodon
|faint|p1a: Gastrodon
|
|-damage|p2a: Golisopod|88/100 tox|[from] psn
|upkeep
|
|t:|1618853482
|switch|p1a: Noivern|Noivern, M|42/100
|turn|43
|
|t:|1618853484
|move|p2a: Golisopod|Aqua Jet|p1a: Noivern
|-resisted|p1a: Noivern
|-damage|p1a: Noivern|0 fnt
|faint|p1a: Noivern
|
|win|hoyssxo
|raw|Escovidth's rating: 1468 &rarr; <strong>1442</strong><br />(-26 for losing)
|raw|hoyssxo's rating: 1355 &rarr; <strong>1381</strong><br />(+26 for winning)
|l|☆hoyssxo
|l| Sedivanius
||Ladder isn't responding, score probably updated but might not have (Request timeout).
