|j|☆austerende8587
|j|☆Glidinganteater
|t:|1621440448
|gametype|singles
|player|p1|austerende8587|265|1274
|player|p2|Glidinganteater|palmer|1397
|teamsize|p1|6
|teamsize|p2|6
|gen|8
|tier|[Gen 8] RU
|rated|
|rule|Sleep Clause Mod: Limit one foe put to sleep
|rule|Species Clause: Limit one of each Pokémon
|rule|OHKO Clause: OHKO moves are banned
|rule|Evasion Moves Clause: Evasion moves are banned
|rule|Endless Battle Clause: Forcing endless battles is banned
|rule|HP Percentage Mod: HP is shown in percentages
|rule|Dynamax Clause: You cannot dynamax
|clearpoke
|poke|p1|Charizard, F|
|poke|p1|Golisopod, F|
|poke|p1|Togekiss, M|
|poke|p1|Toxicroak, F|
|poke|p1|Rhyperior, F|
|poke|p1|Zarude-Dada|
|poke|p2|Noivern, M|
|poke|p2|Seismitoad, M|
|poke|p2|Dhelmise|
|poke|p2|Diancie|
|poke|p2|Ditto|
|poke|p2|Raikou|
|teampreview
|
|t:|1621440467
|start
|switch|p1a: Zarude|Zarude-Dada|100/100
|switch|p2a: Raikou|Raikou|100/100
|-ability|p2a: Raikou|Pressure
|turn|1
|
|t:|1621440473
|switch|p2a: Noivern|Noivern, M|100/100
|move|p1a: Zarude|U-turn|p2a: Noivern
|-resisted|p2a: Noivern
|-crit|p2a: Noivern
|-damage|p2a: Noivern|77/100
|
|t:|1621440498
|switch|p1a: Togekiss|Togekiss, M|100/100|[from]move: U-turn
|
|upkeep
|turn|2
|j| I.am.a.noobboy
|
|t:|1621440509
|move|p2a: Noivern|U-turn|p1a: Togekiss
|-resisted|p1a: Togekiss
|-damage|p1a: Togekiss|98/100
|
|t:|1621440512
|switch|p2a: Raikou|Raikou|100/100|[from]move: U-turn
|-ability|p2a: Raikou|Pressure
|move|p1a: Togekiss|Thunder Wave|p2a: Raikou
|-immune|p2a: Raikou
|
|upkeep
|turn|3
|
|t:|1621440522
|switch|p1a: Toxicroak|Toxicroak, F|100/100
|move|p2a: Raikou|Toxic|p1a: Toxicroak
|-immune|p1a: Toxicroak
|
|upkeep
|turn|4
|
|t:|1621440535
|move|p2a: Raikou|Volt Switch|p1a: Toxicroak
|-damage|p1a: Toxicroak|51/100
|
|t:|1621440542
|switch|p2a: Noivern|Noivern, M|77/100|[from]move: Volt Switch
|move|p1a: Toxicroak|Gunk Shot|p2a: Noivern|[miss]
|-miss|p1a: Toxicroak|p2a: Noivern
|
|upkeep
|turn|5
|
|t:|1621440554
|move|p2a: Noivern|U-turn|p1a: Toxicroak
|-resisted|p1a: Toxicroak
|-damage|p1a: Toxicroak|47/100
|
|t:|1621440557
|switch|p2a: Seismitoad|Seismitoad, M|100/100|[from]move: U-turn
|move|p1a: Toxicroak|Drain Punch|p2a: Seismitoad
|-damage|p2a: Seismitoad|64/100
|-heal|p1a: Toxicroak|72/100|[from] drain|[of] p2a: Seismitoad
|-damage|p1a: Toxicroak|62/100|[from] item: Life Orb
|
|-heal|p2a: Seismitoad|70/100|[from] item: Leftovers
|upkeep
|turn|6
|
|t:|1621440571
|switch|p1a: Zarude|Zarude-Dada|100/100
|move|p2a: Seismitoad|Stealth Rock|p1a: Zarude
|-sidestart|p1: austerende8587|move: Stealth Rock
|
|-heal|p2a: Seismitoad|76/100|[from] item: Leftovers
|upkeep
|turn|7
|
|t:|1621440583
|switch|p2a: Noivern|Noivern, M|77/100
|move|p1a: Zarude|Darkest Lariat|p2a: Noivern
|-damage|p2a: Noivern|20/100
|
|upkeep
|turn|8
|
|t:|1621440590
|switch|p2a: Diancie|Diancie|100/100
|move|p1a: Zarude|Darkest Lariat|p2a: Diancie
|-resisted|p2a: Diancie
|-damage|p2a: Diancie|85/100
|
|-heal|p2a: Diancie|91/100|[from] item: Leftovers
|upkeep
|turn|9
|
|t:|1621440601
|switch|p1a: Rhyperior|Rhyperior, F|100/100
|-damage|p1a: Rhyperior|94/100|[from] Stealth Rock
|move|p2a: Diancie|Diamond Storm|p1a: Rhyperior
|-resisted|p1a: Rhyperior
|-damage|p1a: Rhyperior|83/100
|-boost|p2a: Diancie|def|2
|
|-heal|p2a: Diancie|98/100|[from] item: Leftovers
|-heal|p1a: Rhyperior|89/100|[from] item: Leftovers
|upkeep
|turn|10
|
|t:|1621440620
|move|p2a: Diancie|Body Press|p1a: Rhyperior
|-supereffective|p1a: Rhyperior
|-damage|p1a: Rhyperior|38/100
|move|p1a: Rhyperior|Ice Punch|p2a: Diancie
|-damage|p2a: Diancie|86/100
|
|-heal|p2a: Diancie|92/100|[from] item: Leftovers
|-heal|p1a: Rhyperior|44/100|[from] item: Leftovers
|upkeep
|turn|11
|
|t:|1621440640
|switch|p1a: Golisopod|Golisopod, F|100/100
|move|p2a: Diancie|Body Press|p1a: Golisopod
|-resisted|p1a: Golisopod
|-crit|p1a: Golisopod
|-damage|p1a: Golisopod|71/100
|
|-heal|p2a: Diancie|99/100|[from] item: Leftovers
|upkeep
|turn|12
|
|t:|1621440647
|move|p2a: Diancie|Diamond Storm|p1a: Golisopod
|-supereffective|p1a: Golisopod
|-damage|p1a: Golisopod|17/100
|-activate|p1a: Golisopod|ability: Emergency Exit
|
|t:|1621440657
|switch|p1a: Toxicroak|Toxicroak, F|62/100
|-damage|p1a: Toxicroak|56/100|[from] Stealth Rock
|
|-heal|p2a: Diancie|100/100|[from] item: Leftovers
|upkeep
|turn|13
|
|t:|1621440664
|move|p1a: Toxicroak|Swords Dance|p1a: Toxicroak
|-boost|p1a: Toxicroak|atk|2
|move|p2a: Diancie|Diamond Storm|p1a: Toxicroak
|-resisted|p1a: Toxicroak
|-damage|p1a: Toxicroak|26/100
|
|upkeep
|turn|14
|
|t:|1621440670
|move|p1a: Toxicroak|Drain Punch|p2a: Diancie
|-crit|p2a: Diancie
|-damage|p2a: Diancie|0 fnt
|-heal|p1a: Toxicroak|76/100|[from] drain|[of] p2a: Diancie
|faint|p2a: Diancie
|-damage|p1a: Toxicroak|66/100|[from] item: Life Orb
|
|upkeep
|
|t:|1621440676
|switch|p2a: Ditto|Ditto, shiny|100/100
|-transform|p2a: Ditto|p1a: Toxicroak|[from] ability: Imposter
|turn|15
|
|t:|1621440697
|move|p1a: Toxicroak|Sucker Punch|p2a: Ditto
|-resisted|p2a: Ditto
|-damage|p2a: Ditto|56/100
|-damage|p1a: Toxicroak|56/100|[from] item: Life Orb
|move|p2a: Ditto|Gunk Shot|p1a: Toxicroak
|-resisted|p1a: Toxicroak
|-damage|p1a: Toxicroak|0 fnt
|faint|p1a: Toxicroak
|
|upkeep
|
|t:|1621440725
|switch|p1a: Zarude|Zarude-Dada|100/100
|-damage|p1a: Zarude|88/100|[from] Stealth Rock
|turn|16
|
|t:|1621440735
|move|p1a: Zarude|Close Combat|p2a: Ditto
|-resisted|p2a: Ditto
|-damage|p2a: Ditto|22/100
|-unboost|p1a: Zarude|def|1
|-unboost|p1a: Zarude|spd|1
|move|p2a: Ditto|Gunk Shot|p1a: Zarude
|-supereffective|p1a: Zarude
|-damage|p1a: Zarude|0 fnt
|faint|p1a: Zarude
|
|upkeep
|
|t:|1621440748
|switch|p1a: Golisopod|Golisopod, F|17/100
|turn|17
|
|t:|1621440763
|switch|p2a: Seismitoad|Seismitoad, M|76/100
|move|p1a: Golisopod|First Impression|p2a: Seismitoad
|-damage|p2a: Seismitoad|41/100
|
|-heal|p2a: Seismitoad|47/100|[from] item: Leftovers
|upkeep
|turn|18
|
|t:|1621440774
|switch|p1a: Togekiss|Togekiss, M|98/100
|move|p2a: Seismitoad|Knock Off|p1a: Togekiss
|-resisted|p1a: Togekiss
|-damage|p1a: Togekiss|87/100
|-enditem|p1a: Togekiss|Heavy-Duty Boots|[from] move: Knock Off|[of] p2a: Seismitoad
|
|-heal|p2a: Seismitoad|53/100|[from] item: Leftovers
|upkeep
|turn|19
|
|t:|1621440782
|switch|p2a: Raikou|Raikou|100/100
|-ability|p2a: Raikou|Pressure
|move|p1a: Togekiss|Defog|p2a: Raikou
|-unboost|p2a: Raikou|evasion|1
|-sideend|p1: austerende8587|Stealth Rock|[from] move: Defog|[of] p1a: Togekiss
|
|upkeep
|turn|20
|
|t:|1621440793
|switch|p1a: Rhyperior|Rhyperior, F|44/100
|move|p2a: Raikou|Thunderbolt|p1a: Rhyperior
|-immune|p1a: Rhyperior
|
|-heal|p1a: Rhyperior|50/100|[from] item: Leftovers
|upkeep
|turn|21
|
|t:|1621440803
|move|p2a: Raikou|Scald|p1a: Rhyperior
|-supereffective|p1a: Rhyperior
|-damage|p1a: Rhyperior|0 fnt
|faint|p1a: Rhyperior
|
|upkeep
|
|t:|1621440812
|switch|p1a: Golisopod|Golisopod, F|17/100
|turn|22
|
|t:|1621440819
|move|p1a: Golisopod|First Impression|p2a: Raikou
|-damage|p2a: Raikou|30/100
|move|p2a: Raikou|Thunderbolt|p1a: Golisopod
|-supereffective|p1a: Golisopod
|-damage|p1a: Golisopod|0 fnt
|faint|p1a: Golisopod
|
|upkeep
|
|t:|1621440826
|switch|p1a: Charizard|Charizard, F|100/100
|turn|23
|
|t:|1621440833
|switch|p2a: Seismitoad|Seismitoad, M|53/100
|move|p1a: Charizard|Fire Punch|p2a: Seismitoad
|-resisted|p2a: Seismitoad
|-damage|p2a: Seismitoad|42/100
|
|-heal|p2a: Seismitoad|48/100|[from] item: Leftovers
|upkeep
|turn|24
|
|t:|1621440841
|move|p1a: Charizard|Substitute|p1a: Charizard
|-start|p1a: Charizard|Substitute
|-damage|p1a: Charizard|75/100
|move|p2a: Seismitoad|Toxic||[still]
|-fail|p2a: Seismitoad
|
|-heal|p2a: Seismitoad|54/100|[from] item: Leftovers
|upkeep
|turn|25
|
|t:|1621440849
|move|p1a: Charizard|Belly Drum|p1a: Charizard
|-damage|p1a: Charizard|25/100
|-setboost|p1a: Charizard|atk|6|[from] move: Belly Drum
|-enditem|p1a: Charizard|Salac Berry|[eat]
|-boost|p1a: Charizard|spe|1|[from] item: Salac Berry
|move|p2a: Seismitoad|Knock Off|p1a: Charizard
|-crit|p1a: Charizard
|-end|p1a: Charizard|Substitute
|
|-heal|p2a: Seismitoad|60/100|[from] item: Leftovers
|upkeep
|turn|26
|
|t:|1621440859
|move|p1a: Charizard|Acrobatics|p2a: Seismitoad
|-damage|p2a: Seismitoad|0 fnt
|faint|p2a: Seismitoad
|
|upkeep
|
|t:|1621440862
|switch|p2a: Ditto|Ditto, shiny|22/100
|-transform|p2a: Ditto|p1a: Charizard|[from] ability: Imposter
|turn|27
|
|t:|1621440873
|move|p2a: Ditto|Fire Punch|p1a: Charizard
|-resisted|p1a: Charizard
|-damage|p1a: Charizard|0 fnt
|faint|p1a: Charizard
|
|upkeep
|c|☆Glidinganteater|Gg
|c|☆austerende8587|without ditto i won :(
|c|☆Glidinganteater|But I had ditto lol
|c|☆austerende8587|lol
|-message|austerende8587 forfeited.
|
|win|Glidinganteater
|l|☆austerende8587
|raw|austerende8587's rating: 1274 &rarr; <strong>1257</strong><br />(-17 for losing)
|raw|Glidinganteater's rating: 1397 &rarr; <strong>1410</strong><br />(+13 for winning)
|c|☆Glidinganteater|So that doesn’t matter
