|j|☆SchizoTache
|j|☆RULT3ro good vibes
|t:|1598006837
|player|p1|SchizoTache|burglar-gen1|1400
|player|p2|RULT3ro good vibes|1|1574
|teamsize|p1|6
|teamsize|p2|6
|gametype|singles
|gen|8
|tier|[Gen 8] RU
|rated|
|clearpoke
|poke|p1|Silvally-*|
|poke|p1|Clawitzer, F|
|poke|p1|Copperajah, F|
|poke|p1|Slowbro-Galar, M|
|poke|p1|Rotom-Mow|
|poke|p1|Passimian, M|
|poke|p2|Gigalith, F|
|poke|p2|Rotom-Mow|
|poke|p2|Slowbro-Galar, F|
|poke|p2|Klefki, F|
|poke|p2|Xatu, F|
|poke|p2|Passimian, F|
|rule|Sleep Clause Mod: Limit one foe put to sleep
|rule|Species Clause: Limit one of each Pokémon
|rule|OHKO Clause: OHKO moves are banned
|rule|Evasion Moves Clause: Evasion moves are banned
|rule|Endless Battle Clause: Forcing endless battles is banned
|rule|HP Percentage Mod: HP is shown in percentages
|rule|Dynamax Clause: You cannot dynamax
|teampreview
|inactive|Battle timer is ON: inactive players will automatically lose when time's up. (requested by SchizoTache)
|
|t:|1598006937
|start
|switch|p1a: Passimian|Passimian, M|100/100
|switch|p2a: Rotom|Rotom-Mow|100/100
|turn|1
|
|t:|1598006942
|move|p2a: Rotom|Volt Switch|p1a: Passimian
|-damage|p1a: Passimian|54/100
|
|t:|1598006947
|switch|p2a: Slowbro|Slowbro-Galar, F|100/100|[from]move: Volt Switch
|move|p1a: Passimian|U-turn|p2a: Slowbro
|-damage|p2a: Slowbro|86/100
|
|t:|1598006950
|switch|p1a: Clawitzer|Clawitzer, F|100/100|[from]move: U-turn
|
|upkeep
|turn|2
|
|t:|1598006958
|switch|p2a: Gigalith|Gigalith, F|100/100
|-weather|Sandstorm|[from] ability: Sand Stream|[of] p2a: Gigalith
|move|p1a: Clawitzer|Water Pulse|p2a: Gigalith
|-supereffective|p2a: Gigalith
|-damage|p2a: Gigalith|7/100
|
|-weather|Sandstorm|[upkeep]
|-damage|p1a: Clawitzer|94/100|[from] Sandstorm
|-heal|p2a: Gigalith|14/100|[from] item: Leftovers
|upkeep
|turn|3
|
|t:|1598006961
|switch|p2a: Rotom|Rotom-Mow|100/100
|move|p1a: Clawitzer|Water Pulse|p2a: Rotom
|-resisted|p2a: Rotom
|-damage|p2a: Rotom|53/100
|
|-weather|Sandstorm|[upkeep]
|-damage|p2a: Rotom|47/100|[from] Sandstorm
|-damage|p1a: Clawitzer|88/100|[from] Sandstorm
|upkeep
|turn|4
|
|t:|1598006968
|switch|p1a: Rotom|Rotom-Mow|100/100
|move|p2a: Rotom|Volt Switch|p1a: Rotom
|-resisted|p1a: Rotom
|-damage|p1a: Rotom|91/100
|
|t:|1598006991
|switch|p2a: Passimian|Passimian, F|100/100|[from]move: Volt Switch
|
|-weather|Sandstorm|[upkeep]
|-damage|p1a: Rotom|85/100|[from] Sandstorm
|-damage|p2a: Passimian|94/100|[from] Sandstorm
|-heal|p1a: Rotom|91/100|[from] item: Leftovers
|upkeep
|turn|5
|
|t:|1598006997
|move|p1a: Rotom|Volt Switch|p2a: Passimian
|-damage|p2a: Passimian|48/100
|
|t:|1598007001
|switch|p1a: Slowbro|Slowbro-Galar, M|100/100|[from]move: Volt Switch
|move|p2a: Passimian|Knock Off|p1a: Slowbro
|-supereffective|p1a: Slowbro
|-damage|p1a: Slowbro|59/100
|
|-weather|Sandstorm|[upkeep]
|-damage|p2a: Passimian|42/100|[from] Sandstorm
|-damage|p1a: Slowbro|53/100|[from] Sandstorm
|upkeep
|turn|6
|
|t:|1598007009
|switch|p2a: Klefki|Klefki, F|100/100
|switch|p1a: Silvally|Silvally-Ground|100/100
|
|-weather|none
|upkeep
|turn|7
|
|t:|1598007018
|move|p2a: Klefki|Spikes|p1a: Silvally
|-sidestart|p1: SchizoTache|Spikes
|move|p1a: Silvally|Swords Dance|p1a: Silvally
|-boost|p1a: Silvally|atk|2
|
|upkeep
|turn|8
|
|t:|1598007026
|move|p2a: Klefki|Toxic|p1a: Silvally
|-status|p1a: Silvally|tox
|move|p1a: Silvally|Rock Slide|p2a: Klefki
|-resisted|p2a: Klefki
|-damage|p2a: Klefki|82/100
|
|-heal|p2a: Klefki|88/100|[from] item: Leftovers
|-damage|p1a: Silvally|94/100 tox|[from] psn
|upkeep
|turn|9
|
|t:|1598007041
|switch|p2a: Gigalith|Gigalith, F|14/100
|-weather|Sandstorm|[from] ability: Sand Stream|[of] p2a: Gigalith
|move|p1a: Silvally|Rock Slide|p2a: Gigalith
|-damage|p2a: Gigalith|0 fnt
|faint|p2a: Gigalith
|
|-weather|Sandstorm|[upkeep]
|-damage|p1a: Silvally|82/100 tox|[from] psn
|upkeep
|
|t:|1598007046
|switch|p2a: Rotom|Rotom-Mow|47/100
|turn|10
|
|t:|1598007056
|switch|p1a: Rotom|Rotom-Mow|91/100
|move|p2a: Rotom|Volt Switch|p1a: Rotom
|-resisted|p1a: Rotom
|-damage|p1a: Rotom|80/100
|
|t:|1598007064
|switch|p2a: Slowbro|Slowbro-Galar, F|100/100|[from]move: Volt Switch
|
|-weather|Sandstorm|[upkeep]
|-damage|p1a: Rotom|74/100|[from] Sandstorm
|-damage|p2a: Slowbro|94/100|[from] Sandstorm
|-heal|p1a: Rotom|80/100|[from] item: Leftovers
|upkeep
|turn|11
|
|t:|1598007067
|move|p1a: Rotom|Volt Switch|p2a: Slowbro
|-damage|p2a: Slowbro|59/100
|
|t:|1598007073
|switch|p1a: Copperajah|Copperajah, F|100/100|[from]move: Volt Switch
|-damage|p1a: Copperajah|88/100|[from] Spikes
|move|p2a: Slowbro|Calm Mind|p2a: Slowbro
|-boost|p2a: Slowbro|spa|1
|-boost|p2a: Slowbro|spd|1
|
|-weather|Sandstorm|[upkeep]
|-damage|p2a: Slowbro|52/100|[from] Sandstorm
|-heal|p1a: Copperajah|94/100|[from] item: Leftovers
|upkeep
|turn|12
|
|t:|1598007078
|switch|p1a: Clawitzer|Clawitzer, F|88/100
|-damage|p1a: Clawitzer|76/100|[from] Spikes
|move|p2a: Slowbro|Slack Off|p2a: Slowbro
|-heal|p2a: Slowbro|100/100
|
|-weather|Sandstorm|[upkeep]
|-damage|p1a: Clawitzer|70/100|[from] Sandstorm
|-damage|p2a: Slowbro|94/100|[from] Sandstorm
|upkeep
|turn|13
|inactive|RULT3ro good vibes has 120 seconds left.
|
|t:|1598007111
|switch|p2a: Klefki|Klefki, F|88/100
|move|p1a: Clawitzer|Dark Pulse|p2a: Klefki
|-resisted|p2a: Klefki
|-damage|p2a: Klefki|49/100
|
|-weather|none
|-heal|p2a: Klefki|55/100|[from] item: Leftovers
|upkeep
|turn|14
|
|t:|1598007120
|switch|p1a: Silvally|Silvally-Ground|82/100 tox
|-damage|p1a: Silvally|70/100 tox|[from] Spikes
|move|p2a: Klefki|Spikes|p1a: Silvally
|-sidestart|p1: SchizoTache|Spikes
|
|-heal|p2a: Klefki|61/100|[from] item: Leftovers
|-damage|p1a: Silvally|64/100 tox|[from] psn
|upkeep
|turn|15
|
|t:|1598007128
|switch|p2a: Xatu|Xatu, F|100/100
|move|p1a: Silvally|U-turn|p2a: Xatu
|-damage|p2a: Xatu|82/100
|-damage|p1a: Silvally|47/100 tox|[from] item: Rocky Helmet|[of] p2a: Xatu
|
|t:|1598007131
|switch|p1a: Clawitzer|Clawitzer, F|70/100|[from]move: U-turn
|-damage|p1a: Clawitzer|54/100|[from] Spikes
|
|upkeep
|turn|16
|
|t:|1598007140
|move|p2a: Xatu|Psychic|p1a: Clawitzer
|-damage|p1a: Clawitzer|12/100
|move|p1a: Clawitzer|Water Pulse|p2a: Xatu
|-damage|p2a: Xatu|0 fnt
|faint|p2a: Xatu
|
|upkeep
|
|t:|1598007148
|switch|p2a: Passimian|Passimian, F|42/100
|turn|17
|
|t:|1598007151
|switch|p1a: Slowbro|Slowbro-Galar, M|87/100
|-damage|p1a: Slowbro|70/100|[from] Spikes
|move|p2a: Passimian|U-turn|p1a: Slowbro
|-damage|p1a: Slowbro|47/100
|
|t:|1598007159
|switch|p2a: Slowbro|Slowbro-Galar, F|100/100|[from]move: U-turn
|
|upkeep
|turn|18
|
|t:|1598007167
|switch|p1a: Silvally|Silvally-Ground|47/100 tox
|-damage|p1a: Silvally|31/100 tox|[from] Spikes
|move|p2a: Slowbro|Calm Mind|p2a: Slowbro
|-boost|p2a: Slowbro|spa|1
|-boost|p2a: Slowbro|spd|1
|
|-damage|p1a: Silvally|25/100 tox|[from] psn
|upkeep
|turn|19
|
|t:|1598007174
|switch|p2a: Rotom|Rotom-Mow|47/100
|move|p1a: Silvally|Multi-Attack|p2a: Rotom
|-immune|p2a: Rotom|[from] ability: Levitate
|
|-damage|p1a: Silvally|13/100 tox|[from] psn
|upkeep
|turn|20
|
|t:|1598007191
|switch|p2a: Slowbro|Slowbro-Galar, F|100/100
|move|p1a: Silvally|U-turn|p2a: Slowbro
|-damage|p2a: Slowbro|88/100
|
|t:|1598007202
|switch|p1a: Slowbro|Slowbro-Galar, M|81/100|[from]move: U-turn
|-damage|p1a: Slowbro|64/100|[from] Spikes
|
|upkeep
|turn|21
|
|t:|1598007205
|move|p1a: Slowbro|Calm Mind|p1a: Slowbro
|-boost|p1a: Slowbro|spa|1
|-boost|p1a: Slowbro|spd|1
|move|p2a: Slowbro|Calm Mind|p2a: Slowbro
|-boost|p2a: Slowbro|spa|1
|-boost|p2a: Slowbro|spd|1
|
|upkeep
|turn|22
|
|t:|1598007215
|switch|p2a: Klefki|Klefki, F|61/100
|move|p1a: Slowbro|Calm Mind|p1a: Slowbro
|-boost|p1a: Slowbro|spa|1
|-boost|p1a: Slowbro|spd|1
|
|-heal|p2a: Klefki|67/100|[from] item: Leftovers
|upkeep
|turn|23
|
|t:|1598007220
|switch|p1a: Rotom|Rotom-Mow|80/100
|move|p2a: Klefki|Thunder Wave|p1a: Rotom
|-immune|p1a: Rotom
|
|-heal|p1a: Rotom|86/100|[from] item: Leftovers
|-heal|p2a: Klefki|73/100|[from] item: Leftovers
|upkeep
|turn|24
|
|t:|1598007223
|move|p2a: Klefki|Toxic|p1a: Rotom
|-status|p1a: Rotom|tox
|move|p1a: Rotom|Defog|p2a: Klefki
|-unboost|p2a: Klefki|evasion|1
|-sideend|p1: SchizoTache|Spikes|[from] move: Defog|[of] p1a: Rotom
|
|-heal|p1a: Rotom|93/100 tox|[from] item: Leftovers
|-heal|p2a: Klefki|78/100|[from] item: Leftovers
|-damage|p1a: Rotom|86/100 tox|[from] psn
|upkeep
|turn|25
|
|t:|1598007226
|move|p2a: Klefki|Spikes|p1a: Rotom
|-sidestart|p1: SchizoTache|Spikes
|move|p1a: Rotom|Volt Switch|p2a: Klefki
|-damage|p2a: Klefki|39/100
|
|t:|1598007230
|switch|p1a: Copperajah|Copperajah, F|94/100|[from]move: Volt Switch
|-damage|p1a: Copperajah|82/100|[from] Spikes
|
|-heal|p2a: Klefki|45/100|[from] item: Leftovers
|-heal|p1a: Copperajah|88/100|[from] item: Leftovers
|upkeep
|turn|26
|
|t:|1598007235
|move|p2a: Klefki|Thunder Wave|p1a: Copperajah
|-status|p1a: Copperajah|par
|move|p1a: Copperajah|Heavy Slam|p2a: Klefki
|-damage|p2a: Klefki|0 fnt
|faint|p2a: Klefki
|
|-heal|p1a: Copperajah|94/100 par|[from] item: Leftovers
|upkeep
|
|t:|1598007240
|switch|p2a: Slowbro|Slowbro-Galar, F|100/100
|turn|27
|
|t:|1598007242
|switch|p1a: Slowbro|Slowbro-Galar, M|97/100
|-damage|p1a: Slowbro|85/100|[from] Spikes
|move|p2a: Slowbro|Calm Mind|p2a: Slowbro
|-boost|p2a: Slowbro|spa|1
|-boost|p2a: Slowbro|spd|1
|
|upkeep
|turn|28
|
|t:|1598007251
|move|p1a: Slowbro|Calm Mind|p1a: Slowbro
|-boost|p1a: Slowbro|spa|1
|-boost|p1a: Slowbro|spd|1
|move|p2a: Slowbro|Calm Mind|p2a: Slowbro
|-boost|p2a: Slowbro|spa|1
|-boost|p2a: Slowbro|spd|1
|
|upkeep
|turn|29
|
|t:|1598007253
|move|p1a: Slowbro|Calm Mind|p1a: Slowbro
|-boost|p1a: Slowbro|spa|1
|-boost|p1a: Slowbro|spd|1
|move|p2a: Slowbro|Calm Mind|p2a: Slowbro
|-boost|p2a: Slowbro|spa|1
|-boost|p2a: Slowbro|spd|1
|
|upkeep
|turn|30
|
|t:|1598007256
|move|p1a: Slowbro|Calm Mind|p1a: Slowbro
|-boost|p1a: Slowbro|spa|1
|-boost|p1a: Slowbro|spd|1
|move|p2a: Slowbro|Calm Mind|p2a: Slowbro
|-boost|p2a: Slowbro|spa|1
|-boost|p2a: Slowbro|spd|1
|
|upkeep
|turn|31
|
|t:|1598007257
|move|p1a: Slowbro|Calm Mind|p1a: Slowbro
|-boost|p1a: Slowbro|spa|1
|-boost|p1a: Slowbro|spd|1
|move|p2a: Slowbro|Calm Mind|p2a: Slowbro
|-boost|p2a: Slowbro|spa|1
|-boost|p2a: Slowbro|spd|1
|
|upkeep
|turn|32
|
|t:|1598007259
|move|p1a: Slowbro|Calm Mind|p1a: Slowbro
|-boost|p1a: Slowbro|spa|1
|-boost|p1a: Slowbro|spd|1
|move|p2a: Slowbro|Calm Mind|p2a: Slowbro
|-boost|p2a: Slowbro|spa|1
|-boost|p2a: Slowbro|spd|1
|
|upkeep
|turn|33
|
|t:|1598007261
|move|p1a: Slowbro|Calm Mind|p1a: Slowbro
|-boost|p1a: Slowbro|spa|1
|-boost|p1a: Slowbro|spd|1
|move|p2a: Slowbro|Scald|p1a: Slowbro
|-damage|p1a: Slowbro|64/100
|
|upkeep
|turn|34
|
|t:|1598007266
|move|p1a: Slowbro|Shell Side Arm|p2a: Slowbro
|-resisted|p2a: Slowbro
|-crit|p2a: Slowbro
|-damage|p2a: Slowbro|0 fnt
|-hint|Special Shell Side Arm
|faint|p2a: Slowbro
|
|upkeep
|c|☆SchizoTache|yes
|-message|RULT3ro good vibes forfeited.
|
|win|SchizoTache
|l|☆RULT3ro good vibes
|raw|SchizoTache's rating: 1400 &rarr; <strong>1430</strong><br />(+30 for winning)
|raw|RULT3ro good vibes's rating: 1574 &rarr; <strong>1545</strong><br />(-29 for losing)
