|j|☆Testinganteater
|j|☆Perc 30
|t:|1624498640
|gametype|singles
|player|p1|Testinganteater|palmer|1377
|player|p2|Perc 30|pokemonbreeder-gen4|1386
|teamsize|p1|6
|teamsize|p2|6
|gen|8
|tier|[Gen 8] RU
|rated|
|rule|Sleep Clause Mod: Limit one foe put to sleep
|rule|Species Clause: Limit one of each Pokémon
|rule|OHKO Clause: OHKO moves are banned
|rule|Evasion Moves Clause: Evasion moves are banned
|rule|Endless Battle Clause: Forcing endless battles is banned
|rule|HP Percentage Mod: HP is shown in percentages
|rule|Dynamax Clause: You cannot dynamax
|clearpoke
|poke|p1|Glastrier|
|poke|p1|Flygon, M|
|poke|p1|Togekiss, F|
|poke|p1|Bronzong|
|poke|p1|Incineroar, F|
|poke|p1|Xurkitree|
|poke|p2|Steelix, F|
|poke|p2|Milotic, M|
|poke|p2|Roserade, M|
|poke|p2|Xatu, M|
|poke|p2|Audino, M|
|poke|p2|Togekiss, M|
|teampreview
|
|t:|1624498656
|start
|switch|p1a: Flygon|Flygon, M, shiny|100/100
|switch|p2a: Audino|Audino, M, shiny|100/100
|turn|1
|
|t:|1624498661
|move|p1a: Flygon|U-turn|p2a: Audino
|-damage|p2a: Audino|85/100
|
|t:|1624498666
|switch|p1a: Incineroar|Incineroar, F|100/100|[from]move: U-turn
|-ability|p1a: Incineroar|Intimidate|boost
|-unboost|p2a: Audino|atk|1
|move|p2a: Audino|Knock Off|p1a: Incineroar
|-resisted|p1a: Incineroar
|-damage|p1a: Incineroar|96/100
|-enditem|p1a: Incineroar|Heavy-Duty Boots|[from] move: Knock Off|[of] p2a: Audino
|
|-heal|p2a: Audino|91/100|[from] item: Leftovers
|upkeep
|turn|2
|
|t:|1624498679
|switch|p2a: Milotic|Milotic, M|100/100
|move|p1a: Incineroar|Knock Off|p2a: Milotic
|-damage|p2a: Milotic|74/100
|-damage|p1a: Incineroar|79/100|[from] item: Rocky Helmet|[of] p2a: Milotic
|-enditem|p2a: Milotic|Rocky Helmet|[from] move: Knock Off|[of] p1a: Incineroar
|
|upkeep
|turn|3
|
|t:|1624498690
|switch|p1a: Xurkitree|Xurkitree|100/100
|move|p2a: Milotic|Scald|p1a: Xurkitree
|-damage|p1a: Xurkitree|59/100
|
|upkeep
|turn|4
|
|t:|1624498698
|switch|p2a: Roserade|Roserade, M|100/100
|move|p1a: Xurkitree|Volt Switch|p2a: Roserade
|-resisted|p2a: Roserade
|-damage|p2a: Roserade|80/100
|
|t:|1624498703
|switch|p1a: Bronzong|Bronzong|100/100|[from]move: Volt Switch
|
|-heal|p2a: Roserade|87/100|[from] item: Black Sludge
|upkeep
|turn|5
|
|t:|1624498709
|switch|p2a: Xatu|Xatu, M|100/100
|move|p1a: Bronzong|Heavy Slam|p2a: Xatu
|-damage|p2a: Xatu|66/100
|-damage|p1a: Bronzong|84/100|[from] item: Rocky Helmet|[of] p2a: Xatu
|
|-heal|p1a: Bronzong|90/100|[from] item: Leftovers
|upkeep
|turn|6
|
|t:|1624498715
|switch|p1a: Xurkitree|Xurkitree|59/100
|move|p2a: Xatu|Teleport|p2a: Xatu
|
|t:|1624498718
|switch|p2a: Roserade|Roserade, M|87/100|[from]move: Teleport
|
|-heal|p2a: Roserade|93/100|[from] item: Black Sludge
|upkeep
|turn|7
|
|t:|1624498723
|switch|p1a: Bronzong|Bronzong|90/100
|move|p2a: Roserade|Spikes|p1a: Bronzong
|-sidestart|p1: Testinganteater|Spikes
|
|-heal|p2a: Roserade|99/100|[from] item: Black Sludge
|-heal|p1a: Bronzong|96/100|[from] item: Leftovers
|upkeep
|turn|8
|
|t:|1624498726
|switch|p2a: Xatu|Xatu, M|66/100
|move|p1a: Bronzong|Stealth Rock|p2a: Xatu
|move|p2a: Xatu|Stealth Rock|p1a: Bronzong|[from]ability: Magic Bounce
|-sidestart|p1: Testinganteater|move: Stealth Rock
|
|-heal|p1a: Bronzong|100/100|[from] item: Leftovers
|upkeep
|turn|9
|
|t:|1624498730
|move|p1a: Bronzong|Heavy Slam|p2a: Xatu
|-damage|p2a: Xatu|27/100
|-damage|p1a: Bronzong|84/100|[from] item: Rocky Helmet|[of] p2a: Xatu
|move|p2a: Xatu|Teleport|p2a: Xatu
|
|t:|1624498734
|switch|p2a: Audino|Audino, M, shiny|100/100|[from]move: Teleport
|
|-heal|p1a: Bronzong|90/100|[from] item: Leftovers
|upkeep
|turn|10
|
|t:|1624498744
|switch|p2a: Xatu|Xatu, M|27/100
|switch|p1a: Flygon|Flygon, M, shiny|100/100
|-damage|p1a: Flygon|94/100|[from] Stealth Rock
|
|-heal|p1a: Flygon|100/100|[from] item: Leftovers
|upkeep
|turn|11
|
|t:|1624498754
|move|p1a: Flygon|Defog|p2a: Xatu
|move|p2a: Xatu|Defog|p1a: Flygon|[from]ability: Magic Bounce
|-unboost|p1a: Flygon|evasion|1
|-sideend|p1: Testinganteater|Spikes|[from] move: Defog|[of] p2a: Xatu
|-sideend|p1: Testinganteater|Stealth Rock|[from] move: Defog|[of] p2a: Xatu
|move|p2a: Xatu|Roost|p2a: Xatu
|-heal|p2a: Xatu|77/100
|-singleturn|p2a: Xatu|move: Roost
|
|upkeep
|turn|12
|
|t:|1624498770
|move|p1a: Flygon|U-turn|p2a: Xatu
|-damage|p2a: Xatu|62/100
|-damage|p1a: Flygon|84/100|[from] item: Rocky Helmet|[of] p2a: Xatu
|
|t:|1624498776
|switch|p1a: Glastrier|Glastrier|100/100|[from]move: U-turn
|move|p2a: Xatu|Roost|p2a: Xatu
|-heal|p2a: Xatu|100/100
|-singleturn|p2a: Xatu|move: Roost
|
|upkeep
|turn|13
|
|t:|1624498784
|switch|p2a: Milotic|Milotic, M|74/100
|move|p1a: Glastrier|Substitute|p1a: Glastrier
|-start|p1a: Glastrier|Substitute
|-damage|p1a: Glastrier|76/100
|
|-heal|p1a: Glastrier|82/100|[from] item: Leftovers
|upkeep
|turn|14
|
|t:|1624498786
|move|p2a: Milotic|Scald|p1a: Glastrier
|-activate|p1a: Glastrier|move: Substitute|[damage]
|move|p1a: Glastrier|Swords Dance|p1a: Glastrier
|-boost|p1a: Glastrier|atk|2
|
|-heal|p1a: Glastrier|88/100|[from] item: Leftovers
|upkeep
|turn|15
|
|t:|1624498790
|move|p2a: Milotic|Scald|p1a: Glastrier
|-end|p1a: Glastrier|Substitute
|move|p1a: Glastrier|Substitute|p1a: Glastrier
|-start|p1a: Glastrier|Substitute
|-damage|p1a: Glastrier|63/100
|
|-heal|p1a: Glastrier|69/100|[from] item: Leftovers
|upkeep
|turn|16
|
|t:|1624498794
|move|p2a: Milotic|Scald|p1a: Glastrier
|-activate|p1a: Glastrier|move: Substitute|[damage]
|move|p1a: Glastrier|Swords Dance|p1a: Glastrier
|-boost|p1a: Glastrier|atk|2
|
|-heal|p1a: Glastrier|76/100|[from] item: Leftovers
|upkeep
|turn|17
|
|t:|1624498797
|move|p2a: Milotic|Scald|p1a: Glastrier
|-end|p1a: Glastrier|Substitute
|move|p1a: Glastrier|Substitute|p1a: Glastrier
|-start|p1a: Glastrier|Substitute
|-damage|p1a: Glastrier|51/100
|
|-heal|p1a: Glastrier|57/100|[from] item: Leftovers
|upkeep
|turn|18
|
|t:|1624498801
|move|p2a: Milotic|Scald|p1a: Glastrier
|-activate|p1a: Glastrier|move: Substitute|[damage]
|move|p1a: Glastrier|High Horsepower|p2a: Milotic
|-damage|p2a: Milotic|0 fnt
|faint|p2a: Milotic
|-ability|p1a: Glastrier|Chilling Neigh|boost
|-boost|p1a: Glastrier|atk|1
|
|-heal|p1a: Glastrier|63/100|[from] item: Leftovers
|upkeep
|
|t:|1624498808
|switch|p2a: Steelix|Steelix, F|100/100
|turn|19
|
|t:|1624498813
|move|p1a: Glastrier|High Horsepower|p2a: Steelix
|-supereffective|p2a: Steelix
|-ability|p2a: Steelix|Sturdy
|-damage|p2a: Steelix|1/100
|move|p2a: Steelix|Iron Head|p1a: Glastrier
|-supereffective|p1a: Glastrier
|-end|p1a: Glastrier|Substitute
|
|-heal|p1a: Glastrier|69/100|[from] item: Leftovers
|-heal|p2a: Steelix|7/100|[from] item: Leftovers
|upkeep
|turn|20
|j| Jimmy Mungus
|
|t:|1624498823
|move|p1a: Glastrier|High Horsepower|p2a: Steelix
|-supereffective|p2a: Steelix
|-damage|p2a: Steelix|0 fnt
|faint|p2a: Steelix
|-ability|p1a: Glastrier|Chilling Neigh|boost
|-boost|p1a: Glastrier|atk|1
|
|-heal|p1a: Glastrier|76/100|[from] item: Leftovers
|upkeep
|
|t:|1624498826
|switch|p2a: Togekiss|Togekiss, M|100/100
|turn|21
|
|t:|1624498830
|move|p2a: Togekiss|Air Slash|p1a: Glastrier|[miss]
|-miss|p2a: Togekiss|p1a: Glastrier
|move|p1a: Glastrier|Icicle Crash|p2a: Togekiss
|-supereffective|p2a: Togekiss
|-damage|p2a: Togekiss|0 fnt
|faint|p2a: Togekiss
|
|-heal|p1a: Glastrier|82/100|[from] item: Leftovers
|upkeep
|-message|Perc 30 forfeited.
|
|win|Testinganteater
|raw|Testinganteater's rating: 1377 &rarr; <strong>1398</strong><br />(+21 for winning)
|raw|Perc 30's rating: 1386 &rarr; <strong>1365</strong><br />(-21 for losing)
|l|☆Perc 30
