|j|☆epicowl10
|j|☆rareold
|t:|1631661774
|gametype|singles
|player|p1|epicowl10|lucas|1495
|player|p2|rareold|cynthia-gen4|1264
|teamsize|p1|6
|teamsize|p2|6
|gen|8
|tier|[Gen 8] RU
|rated|
|rule|Sleep Clause Mod: Limit one foe put to sleep
|rule|Species Clause: Limit one of each Pokémon
|rule|OHKO Clause: OHKO moves are banned
|rule|Evasion Moves Clause: Evasion moves are banned
|rule|Endless Battle Clause: Forcing endless battles is banned
|rule|HP Percentage Mod: HP is shown in percentages
|rule|Dynamax Clause: You cannot dynamax
|clearpoke
|poke|p1|Mimikyu, F|
|poke|p1|Darmanitan, F|
|poke|p1|Araquanid, F|
|poke|p1|Flygon, M|
|poke|p1|Regidrago|
|poke|p1|Toxtricity, F|
|poke|p2|Drapion, M|
|poke|p2|Hitmonlee, M|
|poke|p2|Piloswine, F|
|poke|p2|Vileplume, F|
|poke|p2|Frosmoth, M|
|poke|p2|Inteleon, F|
|teampreview
|
|t:|1631661793
|start
|switch|p1a: Darmanitan|Darmanitan, F|100/100
|switch|p2a: Raul Gil|Piloswine, F|100/100
|turn|1
|
|t:|1631661811
|move|p1a: Darmanitan|Flare Blitz|p2a: Raul Gil
|-supereffective|p2a: Raul Gil
|-damage|p2a: Raul Gil|13/100
|-damage|p1a: Darmanitan|68/100|[from] Recoil
|move|p2a: Raul Gil|Stealth Rock|p1a: Darmanitan
|-sidestart|p1: epicowl10|move: Stealth Rock
|
|upkeep
|turn|2
|
|t:|1631661815
|move|p2a: Raul Gil|Ice Shard|p1a: Darmanitan
|-resisted|p1a: Darmanitan
|-damage|p1a: Darmanitan|57/100
|move|p1a: Darmanitan|Flare Blitz|p2a: Raul Gil
|-supereffective|p2a: Raul Gil
|-damage|p2a: Raul Gil|0 fnt
|faint|p2a: Raul Gil
|-damage|p1a: Darmanitan|52/100|[from] Recoil
|
|upkeep
|
|t:|1631661819
|switch|p2a: Gal Gadot|Inteleon, F, shiny|100/100
|turn|3
|
|t:|1631661822
|switch|p1a: Araquanid|Araquanid, F|100/100
|move|p2a: Gal Gadot|Snipe Shot|p1a: Araquanid
|-resisted|p1a: Araquanid
|-damage|p1a: Araquanid|72/100
|
|upkeep
|turn|4
|
|t:|1631661830
|switch|p2a: Hebe Camargo|Vileplume, F|100/100
|move|p1a: Araquanid|Sticky Web|p2a: Hebe Camargo
|-sidestart|p2: rareold|move: Sticky Web
|
|upkeep
|turn|5
|
|t:|1631661843
|move|p2a: Hebe Camargo|Sleep Powder|p1a: Araquanid
|-status|p1a: Araquanid|slp|[from] move: Sleep Powder
|cant|p1a: Araquanid|slp
|
|upkeep
|turn|6
|
|t:|1631661849
|switch|p1a: Regidrago|Regidrago|100/100
|-damage|p1a: Regidrago|88/100|[from] Stealth Rock
|move|p2a: Hebe Camargo|Strength Sap|p1a: Regidrago
|-unboost|p1a: Regidrago|atk|1
|
|upkeep
|turn|7
|
|t:|1631661872
|move|p1a: Regidrago|Dragon Energy|p2a: Hebe Camargo
|-damage|p2a: Hebe Camargo|0 fnt
|faint|p2a: Hebe Camargo
|
|upkeep
|
|t:|1631661877
|switch|p2a: Franciny Ehlke|Frosmoth, M, shiny|100/100
|turn|8
|
|t:|1631661919
|move|p1a: Regidrago|Dragon Energy|p2a: Franciny Ehlke
|-damage|p2a: Franciny Ehlke|3/100
|move|p2a: Franciny Ehlke|Quiver Dance|p2a: Franciny Ehlke
|-boost|p2a: Franciny Ehlke|spa|1
|-boost|p2a: Franciny Ehlke|spd|1
|-boost|p2a: Franciny Ehlke|spe|1
|
|upkeep
|turn|9
|
|t:|1631661939
|switch|p1a: Mimikyu|Mimikyu, F|100/100
|-damage|p1a: Mimikyu|88/100|[from] Stealth Rock
|move|p2a: Franciny Ehlke|Ice Beam|p1a: Mimikyu
|-activate|p1a: Mimikyu|ability: Disguise
|-damage|p1a: Mimikyu|88/100
|detailschange|p1a: Mimikyu|Mimikyu-Busted, F
|-damage|p1a: Mimikyu|76/100|[from] pokemon: Mimikyu-Busted
|
|upkeep
|turn|10
|
|t:|1631661942
|move|p1a: Mimikyu|Shadow Sneak|p2a: Franciny Ehlke
|-damage|p2a: Franciny Ehlke|0 fnt
|faint|p2a: Franciny Ehlke
|-damage|p1a: Mimikyu|66/100|[from] item: Life Orb
|
|upkeep
|
|t:|1631661945
|switch|p2a: Gal Gadot|Inteleon, F, shiny|100/100
|-activate|p2a: Gal Gadot|move: Sticky Web
|-unboost|p2a: Gal Gadot|spe|1
|turn|11
|
|t:|1631661958
|move|p1a: Mimikyu|Play Rough|p2a: Gal Gadot
|-damage|p2a: Gal Gadot|17/100
|-damage|p1a: Mimikyu|56/100|[from] item: Life Orb
|move|p2a: Gal Gadot|Dark Pulse|p1a: Mimikyu
|-damage|p1a: Mimikyu|1/100
|
|upkeep
|turn|12
|
|t:|1631661968
|move|p1a: Mimikyu|Shadow Claw|p2a: Gal Gadot
|-damage|p2a: Gal Gadot|0 fnt
|faint|p2a: Gal Gadot
|-damage|p1a: Mimikyu|0 fnt|[from] item: Life Orb
|faint|p1a: Mimikyu
|
|upkeep
|
|t:|1631661985
|switch|p2a: Jason Statham|Hitmonlee, M, shiny|100/100
|switch|p1a: Flygon|Flygon, M|100/100
|-activate|p2a: Jason Statham|move: Sticky Web
|-unboost|p2a: Jason Statham|spe|1
|-enditem|p2a: Jason Statham|White Herb
|-clearnegativeboost|p2a: Jason Statham|[silent]
|-damage|p1a: Flygon|94/100|[from] Stealth Rock
|turn|13
|
|t:|1631661991
|move|p2a: Jason Statham|Close Combat|p1a: Flygon
|-damage|p1a: Flygon|40/100
|-unboost|p2a: Jason Statham|def|1
|-unboost|p2a: Jason Statham|spd|1
|-damage|p2a: Jason Statham|84/100|[from] item: Rocky Helmet|[of] p1a: Flygon
|move|p1a: Flygon|Earthquake|p2a: Jason Statham
|-damage|p2a: Jason Statham|0 fnt
|faint|p2a: Jason Statham
|
|upkeep
|c|☆epicowl10|gg
|
|t:|1631661997
|switch|p2a: Tommy Lee Jones|Drapion, M, shiny|100/100
|-activate|p2a: Tommy Lee Jones|move: Sticky Web
|-unboost|p2a: Tommy Lee Jones|spe|1
|turn|14
|c|☆rareold|gg
|
|t:|1631662003
|move|p1a: Flygon|Earthquake|p2a: Tommy Lee Jones
|-supereffective|p2a: Tommy Lee Jones
|-damage|p2a: Tommy Lee Jones|26/100
|move|p2a: Tommy Lee Jones|Knock Off|p1a: Flygon
|-damage|p1a: Flygon|12/100
|-damage|p2a: Tommy Lee Jones|9/100|[from] item: Rocky Helmet|[of] p1a: Flygon
|-enditem|p1a: Flygon|Rocky Helmet|[from] move: Knock Off|[of] p2a: Tommy Lee Jones
|
|-heal|p2a: Tommy Lee Jones|15/100|[from] item: Black Sludge
|upkeep
|turn|15
|
|t:|1631662006
|move|p1a: Flygon|Earthquake|p2a: Tommy Lee Jones
|-supereffective|p2a: Tommy Lee Jones
|-damage|p2a: Tommy Lee Jones|0 fnt
|faint|p2a: Tommy Lee Jones
|
|win|epicowl10
|raw|epicowl10's rating: 1495 &rarr; <strong>1503</strong><br />(+8 for winning)
|raw|rareold's rating: 1264 &rarr; <strong>1254</strong><br />(-10 for losing)
|l|☆rareold
