|j|☆Kairak
|j|☆Papichef
|t:|1637181332
|gametype|singles
|player|p1|Kairak|roughneck-gen4|1383
|player|p2|Papichef|blackbelt-gen4|1365
|teamsize|p1|6
|teamsize|p2|6
|gen|8
|tier|[Gen 8] RU
|rated|
|rule|Sleep Clause Mod: Limit one foe put to sleep
|rule|Species Clause: Limit one of each Pokémon
|rule|OHKO Clause: OHKO moves are banned
|rule|Evasion Moves Clause: Evasion moves are banned
|rule|Endless Battle Clause: Forcing endless battles is banned
|rule|HP Percentage Mod: HP is shown in percentages
|rule|Dynamax Clause: You cannot dynamax
|clearpoke
|poke|p1|Metagross|
|poke|p1|Togekiss, F|
|poke|p1|Flygon, M|
|poke|p1|Lanturn, F|
|poke|p1|Weezing-Galar, F|
|poke|p1|Bronzong|
|poke|p2|Cobalion|
|poke|p2|Pangoro, F|
|poke|p2|Hitmonlee, M|
|poke|p2|Gallade, M|
|poke|p2|Heracross, M|
|poke|p2|Toxicroak, M|
|teampreview
|
|t:|1637181355
|start
|switch|p1a: Togekiss|Togekiss, F|100/100
|switch|p2a: Gallade|Gallade, M|100/100
|turn|1
|
|t:|1637181360
|move|p2a: Gallade|Ice Punch|p1a: Togekiss
|-supereffective|p1a: Togekiss
|-damage|p1a: Togekiss|53/100
|move|p1a: Togekiss|Air Slash|p2a: Gallade
|-supereffective|p2a: Gallade
|-damage|p2a: Gallade|54/100
|
|upkeep
|turn|2
|
|t:|1637181373
|move|p1a: Togekiss|Roost|p1a: Togekiss
|-heal|p1a: Togekiss|100/100
|-singleturn|p1a: Togekiss|move: Roost
|move|p2a: Gallade|Ice Punch|p1a: Togekiss
|-damage|p1a: Togekiss|78/100
|
|upkeep
|turn|3
|
|t:|1637181390
|move|p2a: Gallade|Ice Punch|p1a: Togekiss
|-supereffective|p1a: Togekiss
|-damage|p1a: Togekiss|27/100
|move|p1a: Togekiss|Nasty Plot|p1a: Togekiss
|-boost|p1a: Togekiss|spa|2
|
|upkeep
|turn|4
|
|t:|1637181396
|move|p1a: Togekiss|Air Slash|p2a: Gallade
|-supereffective|p2a: Gallade
|-damage|p2a: Gallade|0 fnt
|faint|p2a: Gallade
|
|upkeep
|
|t:|1637181407
|switch|p2a: Toxicroak|Toxicroak, M|100/100
|turn|5
|
|t:|1637181412
|move|p2a: Toxicroak|Gunk Shot|p1a: Togekiss
|-supereffective|p1a: Togekiss
|-damage|p1a: Togekiss|0 fnt
|faint|p1a: Togekiss
|-damage|p2a: Toxicroak|91/100|[from] item: Life Orb
|
|upkeep
|
|t:|1637181414
|switch|p1a: Flygon|Flygon, M|100/100
|turn|6
|
|t:|1637181418
|switch|p2a: Cobalion|Cobalion|100/100
|-item|p2a: Cobalion|Air Balloon
|move|p1a: Flygon|Earthquake|p2a: Cobalion
|-immune|p2a: Cobalion
|
|upkeep
|turn|7
|
|t:|1637181431
|switch|p1a: Bronzong|Bronzong|100/100
|move|p2a: Cobalion|Swords Dance|p2a: Cobalion
|-boost|p2a: Cobalion|atk|2
|
|upkeep
|turn|8
|
|t:|1637181436
|move|p2a: Cobalion|Swords Dance|p2a: Cobalion
|-boost|p2a: Cobalion|atk|2
|move|p1a: Bronzong|Heavy Slam|p2a: Cobalion
|-resisted|p2a: Cobalion
|-damage|p2a: Cobalion|96/100
|-enditem|p2a: Cobalion|Air Balloon
|
|upkeep
|turn|9
|
|t:|1637181440
|move|p2a: Cobalion|Rock Polish|p2a: Cobalion
|-boost|p2a: Cobalion|spe|2
|move|p1a: Bronzong|Stealth Rock|p2a: Cobalion
|-sidestart|p2: Papichef|move: Stealth Rock
|
|upkeep
|turn|10
|
|t:|1637181442
|move|p2a: Cobalion|Swords Dance|p2a: Cobalion
|-boost|p2a: Cobalion|atk|2
|move|p1a: Bronzong|Earthquake|p2a: Cobalion
|-supereffective|p2a: Cobalion
|-damage|p2a: Cobalion|60/100
|
|upkeep
|turn|11
|
|t:|1637181446
|move|p2a: Cobalion|Close Combat|p1a: Bronzong
|-damage|p1a: Bronzong|0 fnt
|-unboost|p2a: Cobalion|def|1
|-unboost|p2a: Cobalion|spd|1
|faint|p1a: Bronzong
|
|upkeep
|
|t:|1637181450
|switch|p1a: Lanturn|Lanturn, F|100/100
|turn|12
|
|t:|1637181452
|move|p2a: Cobalion|Close Combat|p1a: Lanturn
|-damage|p1a: Lanturn|0 fnt
|-unboost|p2a: Cobalion|def|1
|-unboost|p2a: Cobalion|spd|1
|faint|p1a: Lanturn
|
|upkeep
|
|t:|1637181456
|switch|p1a: Weezing|Weezing-Galar, F|100/100
|-ability|p1a: Weezing|Neutralizing Gas
|turn|13
|
|t:|1637181461
|move|p2a: Cobalion|Iron Head|p1a: Weezing
|-supereffective|p1a: Weezing
|-damage|p1a: Weezing|0 fnt
|faint|p1a: Weezing
|-end|p1a: Weezing|ability: Neutralizing Gas
|
|upkeep
|-message|Kairak forfeited.
|
|win|Papichef
|raw|Kairak's rating: 1383 &rarr; <strong>1362</strong><br />(-21 for losing)
|raw|Papichef's rating: 1365 &rarr; <strong>1386</strong><br />(+21 for winning)
|l|☆Kairak
