|raw|<div class="broadcast-red"><strong>This battle is invite-only!</strong><br />Users must be invited with <code>/invite</code> (or be staff) to join</div>
|j|‽RULT4pm Aqua
|j|☆Murman64
|t:|1598575559
|player|p1|RULT4pm Aqua|2|1515
|player|p2|Murman64|steven|1257
|teamsize|p1|6
|teamsize|p2|6
|gametype|singles
|gen|8
|tier|[Gen 8] RU
|rated|
|clearpoke
|poke|p1|Dragalge, M|
|poke|p1|Umbreon, M|
|poke|p1|Bronzong|
|poke|p1|Mantine, F|
|poke|p1|Quagsire, F|
|poke|p1|Tangela, M|
|poke|p2|Slowbro-Galar, F|
|poke|p2|Quagsire, F|
|poke|p2|Umbreon, M|
|poke|p2|Mantine, M|
|poke|p2|Coalossal, M|
|poke|p2|Eldegoss, M|
|rule|Sleep Clause Mod: Limit one foe put to sleep
|rule|Species Clause: Limit one of each Pokémon
|rule|OHKO Clause: OHKO moves are banned
|rule|Evasion Moves Clause: Evasion moves are banned
|rule|Endless Battle Clause: Forcing endless battles is banned
|rule|HP Percentage Mod: HP is shown in percentages
|rule|Dynamax Clause: You cannot dynamax
|teampreview
|inactive|Battle timer is ON: inactive players will automatically lose when time's up. (requested by Murman64)
|
|t:|1598575595
|start
|switch|p1a: Quagsire|Quagsire, F|100/100
|switch|p2a: Quagsire|Quagsire, F|100/100
|turn|1
|
|t:|1598575600
|switch|p1a: Umbreon|Umbreon, M|100/100
|move|p2a: Quagsire|Toxic|p1a: Umbreon
|-status|p1a: Umbreon|tox
|-activate|p1a: Umbreon|ability: Synchronize
|-status|p2a: Quagsire|tox
|
|-damage|p1a: Umbreon|94/100 tox|[from] psn
|-damage|p2a: Quagsire|94/100 tox|[from] psn
|upkeep
|turn|2
|
|t:|1598575607
|switch|p1a: Dragalge|Dragalge, M|100/100
|switch|p2a: Eldegoss|Eldegoss, M|100/100
|
|upkeep
|turn|3
|
|t:|1598575612
|switch|p2a: Mantine|Mantine, M|100/100
|move|p1a: Dragalge|Sludge Bomb|p2a: Mantine
|-damage|p2a: Mantine|79/100
|-status|p2a: Mantine|psn
|
|-damage|p2a: Mantine|67/100 psn|[from] psn
|upkeep
|turn|4
|
|t:|1598575617
|move|p2a: Mantine|Roost|p2a: Mantine
|-heal|p2a: Mantine|100/100 psn
|-singleturn|p2a: Mantine|move: Roost
|move|p1a: Dragalge|Toxic Spikes|p2a: Mantine
|-sidestart|p2: Murman64|move: Toxic Spikes
|
|-damage|p2a: Mantine|88/100 psn|[from] psn
|upkeep
|turn|5
|
|t:|1598575625
|move|p2a: Mantine|Defog|p1a: Dragalge
|-unboost|p1a: Dragalge|evasion|1
|-sideend|p2: Murman64|Toxic Spikes|[from] move: Defog|[of] p2a: Mantine
|move|p1a: Dragalge|Dragon Tail|p2a: Mantine
|-damage|p2a: Mantine|59/100 psn
|drag|p2a: Umbreon|Umbreon, M|100/100
|
|upkeep
|turn|6
|
|t:|1598575630
|move|p2a: Umbreon|Wish|p2a: Umbreon
|move|p1a: Dragalge|Sludge Bomb|p2a: Umbreon
|-damage|p2a: Umbreon|79/100
|
|-heal|p2a: Umbreon|85/100|[from] item: Leftovers
|upkeep
|turn|7
|
|t:|1598575635
|move|p2a: Umbreon|Foul Play|p1a: Dragalge
|-damage|p1a: Dragalge|73/100
|move|p1a: Dragalge|Dragon Tail|p2a: Umbreon
|-damage|p2a: Umbreon|65/100
|drag|p2a: Coalossal|Coalossal, M|100/100
|
|-heal|p1a: Dragalge|79/100|[from] item: Black Sludge
|upkeep
|turn|8
|
|t:|1598575646
|switch|p1a: Tangela|Tangela, M|100/100
|move|p2a: Coalossal|Stealth Rock|p1a: Tangela
|-sidestart|p1: RULT4pm Aqua|move: Stealth Rock
|
|upkeep
|turn|9
|
|t:|1598575649
|move|p1a: Tangela|Knock Off|p2a: Coalossal
|-damage|p2a: Coalossal|91/100
|-enditem|p2a: Coalossal|Heavy-Duty Boots|[from] move: Knock Off|[of] p1a: Tangela
|move|p2a: Coalossal|Flamethrower|p1a: Tangela
|-supereffective|p1a: Tangela
|-damage|p1a: Tangela|24/100
|
|upkeep
|turn|10
|
|t:|1598575653
|switch|p1a: Mantine|Mantine, F|100/100
|move|p2a: Coalossal|Flamethrower|p1a: Mantine
|-resisted|p1a: Mantine
|-damage|p1a: Mantine|92/100
|
|upkeep
|turn|11
|
|t:|1598575657
|switch|p2a: Mantine|Mantine, M|59/100 psn
|move|p1a: Mantine|Defog|p2a: Mantine
|-unboost|p2a: Mantine|evasion|1
|-sideend|p1: RULT4pm Aqua|Stealth Rock|[from] move: Defog|[of] p1a: Mantine
|
|-damage|p2a: Mantine|46/100 psn|[from] psn
|upkeep
|turn|12
|
|t:|1598575661
|switch|p2a: Eldegoss|Eldegoss, M|100/100
|switch|p1a: Dragalge|Dragalge, M|79/100
|
|-heal|p1a: Dragalge|85/100|[from] item: Black Sludge
|upkeep
|turn|13
|
|t:|1598575666
|switch|p2a: Umbreon|Umbreon, M|65/100
|move|p1a: Dragalge|Sludge Bomb|p2a: Umbreon
|-damage|p2a: Umbreon|44/100
|
|-heal|p2a: Umbreon|50/100|[from] item: Leftovers
|-heal|p1a: Dragalge|91/100|[from] item: Black Sludge
|upkeep
|turn|14
|
|t:|1598575670
|move|p2a: Umbreon|Moonlight|p2a: Umbreon
|-heal|p2a: Umbreon|99/100
|move|p1a: Dragalge|Dragon Tail|p2a: Umbreon
|-damage|p2a: Umbreon|82/100
|drag|p2a: Slowbro|Slowbro-Galar, F|100/100
|
|-heal|p1a: Dragalge|97/100|[from] item: Black Sludge
|upkeep
|turn|15
|
|t:|1598575682
|move|p1a: Dragalge|Toxic Spikes|p2a: Slowbro
|-sidestart|p2: Murman64|move: Toxic Spikes
|move|p2a: Slowbro|Sludge Bomb|p1a: Dragalge
|-resisted|p1a: Dragalge
|-damage|p1a: Dragalge|86/100
|
|-heal|p1a: Dragalge|92/100|[from] item: Black Sludge
|upkeep
|turn|16
|
|t:|1598575689
|switch|p2a: Mantine|Mantine, M|46/100 psn
|move|p1a: Dragalge|Dragon Tail|p2a: Mantine
|-damage|p2a: Mantine|21/100 psn
|drag|p2a: Slowbro|Slowbro-Galar, F|100/100
|-sideend|p2: Murman64|move: Toxic Spikes|[of] p2a: Slowbro
|
|-heal|p1a: Dragalge|98/100|[from] item: Black Sludge
|upkeep
|turn|17
|
|t:|1598575699
|move|p1a: Dragalge|Toxic Spikes|p2a: Slowbro
|-sidestart|p2: Murman64|move: Toxic Spikes
|move|p2a: Slowbro|Sludge Bomb|p1a: Dragalge
|-resisted|p1a: Dragalge
|-damage|p1a: Dragalge|88/100
|
|-heal|p1a: Dragalge|94/100|[from] item: Black Sludge
|upkeep
|turn|18
|
|t:|1598575704
|move|p2a: Slowbro|Sludge Bomb|p1a: Dragalge
|-resisted|p1a: Dragalge
|-damage|p1a: Dragalge|82/100
|move|p1a: Dragalge|Dragon Tail|p2a: Slowbro
|-damage|p2a: Slowbro|85/100
|drag|p2a: Quagsire|Quagsire, F|94/100 tox
|
|-heal|p1a: Dragalge|88/100|[from] item: Black Sludge
|-heal|p2a: Quagsire|100/100 tox|[from] item: Leftovers
|-damage|p2a: Quagsire|94/100 tox|[from] psn
|upkeep
|turn|19
|
|t:|1598575712
|switch|p1a: Tangela|Tangela, M|58/100
|move|p2a: Quagsire|Earthquake|p1a: Tangela
|-resisted|p1a: Tangela
|-damage|p1a: Tangela|52/100
|
|-heal|p2a: Quagsire|100/100 tox|[from] item: Leftovers
|-damage|p2a: Quagsire|88/100 tox|[from] psn
|upkeep
|turn|20
|
|t:|1598575717
|switch|p2a: Eldegoss|Eldegoss, M|100/100
|-status|p2a: Eldegoss|psn
|move|p1a: Tangela|Giga Drain|p2a: Eldegoss
|-resisted|p2a: Eldegoss
|-damage|p2a: Eldegoss|91/100 psn
|-heal|p1a: Tangela|57/100|[from] drain|[of] p2a: Eldegoss
|
|-heal|p2a: Eldegoss|97/100 psn|[from] item: Leftovers
|-damage|p2a: Eldegoss|84/100 psn|[from] psn
|upkeep
|turn|21
|
|t:|1598575720
|switch|p1a: Dragalge|Dragalge, M|88/100
|move|p2a: Eldegoss|Aromatherapy|p2a: Eldegoss
|-activate|p2a: Eldegoss|move: Aromatherapy
|-curestatus|p2a: Eldegoss|psn|[msg]
|-curestatus|p2: Mantine|psn|[msg]
|-curestatus|p2: Quagsire|tox|[msg]
|
|-heal|p2a: Eldegoss|91/100|[from] item: Leftovers
|-heal|p1a: Dragalge|94/100|[from] item: Black Sludge
|upkeep
|turn|22
|
|t:|1598575724
|switch|p2a: Slowbro|Slowbro-Galar, F|100/100
|-sideend|p2: Murman64|move: Toxic Spikes|[of] p2a: Slowbro
|move|p1a: Dragalge|Sludge Bomb|p2a: Slowbro
|-resisted|p2a: Slowbro
|-damage|p2a: Slowbro|75/100
|
|-heal|p1a: Dragalge|99/100|[from] item: Black Sludge
|upkeep
|turn|23
|
|t:|1598575734
|move|p1a: Dragalge|Sludge Bomb|p2a: Slowbro
|-resisted|p2a: Slowbro
|-damage|p2a: Slowbro|50/100
|move|p2a: Slowbro|Scald|p1a: Dragalge
|-resisted|p1a: Dragalge
|-damage|p1a: Dragalge|94/100
|
|-heal|p1a: Dragalge|99/100|[from] item: Black Sludge
|upkeep
|turn|24
|
|t:|1598575737
|move|p1a: Dragalge|Toxic Spikes|p2a: Slowbro
|-sidestart|p2: Murman64|move: Toxic Spikes
|move|p2a: Slowbro|Slack Off|p2a: Slowbro
|-heal|p2a: Slowbro|99/100
|
|-heal|p1a: Dragalge|100/100|[from] item: Black Sludge
|upkeep
|turn|25
|
|t:|1598575744
|move|p2a: Slowbro|Scald|p1a: Dragalge
|-resisted|p1a: Dragalge
|-damage|p1a: Dragalge|94/100
|move|p1a: Dragalge|Dragon Tail|p2a: Slowbro
|-damage|p2a: Slowbro|85/100
|drag|p2a: Quagsire|Quagsire, F|88/100
|-status|p2a: Quagsire|psn
|
|-heal|p1a: Dragalge|99/100|[from] item: Black Sludge
|-heal|p2a: Quagsire|94/100 psn|[from] item: Leftovers
|-damage|p2a: Quagsire|82/100 psn|[from] psn
|upkeep
|turn|26
|
|t:|1598575754
|switch|p1a: Tangela|Tangela, M|90/100
|move|p2a: Quagsire|Earthquake|p1a: Tangela
|-resisted|p1a: Tangela
|-damage|p1a: Tangela|85/100
|
|-heal|p2a: Quagsire|88/100 psn|[from] item: Leftovers
|-damage|p2a: Quagsire|76/100 psn|[from] psn
|upkeep
|turn|27
|
|t:|1598575760
|switch|p2a: Mantine|Mantine, M|21/100
|move|p1a: Tangela|Knock Off|p2a: Mantine
|-damage|p2a: Mantine|5/100
|-enditem|p2a: Mantine|Heavy-Duty Boots|[from] move: Knock Off|[of] p1a: Tangela
|
|upkeep
|turn|28
|
|t:|1598575765
|move|p2a: Mantine|Roost|p2a: Mantine
|-heal|p2a: Mantine|55/100
|-singleturn|p2a: Mantine|move: Roost
|move|p1a: Tangela|Leech Seed|p2a: Mantine
|-start|p2a: Mantine|move: Leech Seed
|
|-damage|p2a: Mantine|43/100|[from] Leech Seed|[of] p1a: Tangela
|-heal|p1a: Tangela|98/100|[silent]
|upkeep
|turn|29
|
|t:|1598575767
|move|p2a: Mantine|Roost|p2a: Mantine
|-heal|p2a: Mantine|93/100
|-singleturn|p2a: Mantine|move: Roost
|move|p1a: Tangela|Sludge Bomb|p2a: Mantine
|-damage|p2a: Mantine|81/100
|-status|p2a: Mantine|psn
|
|-damage|p2a: Mantine|69/100 psn|[from] Leech Seed|[of] p1a: Tangela
|-heal|p1a: Tangela|100/100|[silent]
|-damage|p2a: Mantine|57/100 psn|[from] psn
|upkeep
|turn|30
|
|t:|1598575775
|move|p2a: Mantine|Roost|p2a: Mantine
|-heal|p2a: Mantine|100/100 psn
|-singleturn|p2a: Mantine|move: Roost
|move|p1a: Tangela|Sludge Bomb|p2a: Mantine
|-damage|p2a: Mantine|90/100 psn
|
|-damage|p2a: Mantine|77/100 psn|[from] Leech Seed|[of] p1a: Tangela
|-damage|p2a: Mantine|65/100 psn|[from] psn
|upkeep
|turn|31
|
|t:|1598575780
|switch|p2a: Slowbro|Slowbro-Galar, F|100/100
|-sideend|p2: Murman64|move: Toxic Spikes|[of] p2a: Slowbro
|move|p1a: Tangela|Knock Off|p2a: Slowbro
|-supereffective|p2a: Slowbro
|-damage|p2a: Slowbro|84/100
|-enditem|p2a: Slowbro|Heavy-Duty Boots|[from] move: Knock Off|[of] p1a: Tangela
|
|upkeep
|turn|32
|
|t:|1598575785
|switch|p1a: Dragalge|Dragalge, M|99/100
|move|p2a: Slowbro|Sludge Bomb|p1a: Dragalge
|-resisted|p1a: Dragalge
|-damage|p1a: Dragalge|89/100
|
|-heal|p1a: Dragalge|95/100|[from] item: Black Sludge
|upkeep
|turn|33
|
|t:|1598575789
|move|p1a: Dragalge|Toxic Spikes|p2a: Slowbro
|-sidestart|p2: Murman64|move: Toxic Spikes
|move|p2a: Slowbro|Scald|p1a: Dragalge
|-resisted|p1a: Dragalge
|-damage|p1a: Dragalge|89/100
|
|-heal|p1a: Dragalge|95/100|[from] item: Black Sludge
|upkeep
|turn|34
|
|t:|1598575796
|move|p2a: Slowbro|Protect|p2a: Slowbro
|-singleturn|p2a: Slowbro|Protect
|move|p1a: Dragalge|Dragon Tail|p2a: Slowbro
|-activate|p2a: Slowbro|move: Protect
|
|-heal|p1a: Dragalge|100/100|[from] item: Black Sludge
|upkeep
|turn|35
|
|t:|1598575805
|move|p2a: Slowbro|Scald|p1a: Dragalge
|-resisted|p1a: Dragalge
|-damage|p1a: Dragalge|94/100
|move|p1a: Dragalge|Dragon Tail|p2a: Slowbro
|-damage|p2a: Slowbro|69/100
|drag|p2a: Eldegoss|Eldegoss, M|100/100
|-status|p2a: Eldegoss|psn
|
|-heal|p1a: Dragalge|100/100|[from] item: Black Sludge
|-damage|p2a: Eldegoss|88/100 psn|[from] psn
|upkeep
|turn|36
|
|t:|1598575818
|switch|p2a: Slowbro|Slowbro-Galar, F|100/100
|-sideend|p2: Murman64|move: Toxic Spikes|[of] p2a: Slowbro
|move|p1a: Dragalge|Toxic Spikes|p2a: Slowbro
|-sidestart|p2: Murman64|move: Toxic Spikes
|
|upkeep
|turn|37
|
|t:|1598575823
|switch|p1a: Bronzong|Bronzong|100/100
|move|p2a: Slowbro|Scald|p1a: Bronzong
|-damage|p1a: Bronzong|87/100
|-status|p1a: Bronzong|brn
|
|-heal|p1a: Bronzong|94/100 brn|[from] item: Leftovers
|-damage|p1a: Bronzong|91/100 brn|[from] brn
|upkeep
|turn|38
|
|t:|1598575831
|switch|p2a: Coalossal|Coalossal, M|91/100
|-status|p2a: Coalossal|psn
|switch|p1a: Dragalge|Dragalge, M|100/100
|
|-damage|p2a: Coalossal|79/100 psn|[from] psn
|upkeep
|turn|39
|
|t:|1598575840
|move|p1a: Dragalge|Sludge Bomb|p2a: Coalossal
|-resisted|p2a: Coalossal
|-damage|p2a: Coalossal|66/100 psn
|move|p2a: Coalossal|Stealth Rock|p1a: Dragalge
|-sidestart|p1: RULT4pm Aqua|move: Stealth Rock
|
|-damage|p2a: Coalossal|54/100 psn|[from] psn
|upkeep
|turn|40
|
|t:|1598575861
|switch|p2a: Umbreon|Umbreon, M|82/100
|-status|p2a: Umbreon|psn
|move|p1a: Dragalge|Dragon Tail|p2a: Umbreon
|-damage|p2a: Umbreon|65/100 psn
|drag|p2a: Coalossal|Coalossal, M|54/100 psn
|
|-damage|p2a: Coalossal|41/100 psn|[from] psn
|upkeep
|turn|41
|
|t:|1598575869
|switch|p2a: Umbreon|Umbreon, M|65/100 psn
|move|p1a: Dragalge|Dragon Tail|p2a: Umbreon
|-damage|p2a: Umbreon|47/100 psn
|drag|p2a: Mantine|Mantine, M|65/100 psn
|
|-damage|p2a: Mantine|53/100 psn|[from] psn
|upkeep
|turn|42
|
|t:|1598575877
|move|p2a: Mantine|Roost|p2a: Mantine
|-heal|p2a: Mantine|100/100 psn
|-singleturn|p2a: Mantine|move: Roost
|move|p1a: Dragalge|Sludge Bomb|p2a: Mantine
|-damage|p2a: Mantine|79/100 psn
|
|-damage|p2a: Mantine|67/100 psn|[from] psn
|upkeep
|turn|43
|
|t:|1598575884
|move|p2a: Mantine|Scald|p1a: Dragalge
|-resisted|p1a: Dragalge
|-damage|p1a: Dragalge|92/100
|move|p1a: Dragalge|Toxic Spikes|p2a: Mantine
|-sidestart|p2: Murman64|move: Toxic Spikes
|
|-heal|p1a: Dragalge|98/100|[from] item: Black Sludge
|-damage|p2a: Mantine|54/100 psn|[from] psn
|upkeep
|turn|44
|
|t:|1598575898
|switch|p1a: Mantine|Mantine, F|92/100
|move|p2a: Mantine|Roost|p2a: Mantine
|-heal|p2a: Mantine|100/100 psn
|-singleturn|p2a: Mantine|move: Roost
|
|-damage|p2a: Mantine|88/100 psn|[from] psn
|upkeep
|turn|45
|
|t:|1598575901
|switch|p2a: Slowbro|Slowbro-Galar, F|100/100
|-sideend|p2: Murman64|move: Toxic Spikes|[of] p2a: Slowbro
|switch|p1a: Dragalge|Dragalge, M|98/100
|-damage|p1a: Dragalge|85/100|[from] Stealth Rock
|
|-heal|p1a: Dragalge|91/100|[from] item: Black Sludge
|upkeep
|turn|46
|
|t:|1598575911
|switch|p1a: Mantine|Mantine, F|92/100
|move|p2a: Slowbro|Scald|p1a: Mantine
|-heal|p1a: Mantine|100/100|[from] ability: Water Absorb|[of] p2a: Slowbro
|
|upkeep
|turn|47
|
|t:|1598575914
|move|p1a: Mantine|Haze|p1a: Mantine
|-clearallboost
|move|p2a: Slowbro|Sludge Bomb|p1a: Mantine
|-damage|p1a: Mantine|79/100
|
|upkeep
|turn|48
|
|t:|1598575917
|switch|p1a: Dragalge|Dragalge, M|91/100
|-damage|p1a: Dragalge|79/100|[from] Stealth Rock
|move|p2a: Slowbro|Sludge Bomb|p1a: Dragalge
|-resisted|p1a: Dragalge
|-damage|p1a: Dragalge|69/100
|
|-heal|p1a: Dragalge|75/100|[from] item: Black Sludge
|upkeep
|turn|49
|
|t:|1598575920
|switch|p1a: Mantine|Mantine, F|79/100
|move|p2a: Slowbro|Sludge Bomb|p1a: Mantine
|-damage|p1a: Mantine|56/100
|
|upkeep
|turn|50
|
|t:|1598575923
|move|p1a: Mantine|Defog|p2a: Slowbro
|-unboost|p2a: Slowbro|evasion|1
|-sideend|p1: RULT4pm Aqua|Stealth Rock|[from] move: Defog|[of] p1a: Mantine
|move|p2a: Slowbro|Sludge Bomb|p1a: Mantine
|-damage|p1a: Mantine|35/100
|
|upkeep
|turn|51
|
|t:|1598575925
|move|p1a: Mantine|Roost|p1a: Mantine
|-heal|p1a: Mantine|85/100
|-singleturn|p1a: Mantine|move: Roost
|move|p2a: Slowbro|Sludge Bomb|p1a: Mantine
|-damage|p1a: Mantine|65/100
|
|upkeep
|turn|52
|
|t:|1598575931
|switch|p1a: Dragalge|Dragalge, M|75/100
|move|p2a: Slowbro|Sludge Bomb|p1a: Dragalge
|-resisted|p1a: Dragalge
|-damage|p1a: Dragalge|64/100
|
|-heal|p1a: Dragalge|70/100|[from] item: Black Sludge
|upkeep
|turn|53
|
|t:|1598575959
|move|p1a: Dragalge|Toxic Spikes|p2a: Slowbro
|-sidestart|p2: Murman64|move: Toxic Spikes
|move|p2a: Slowbro|Scald|p1a: Dragalge
|-resisted|p1a: Dragalge
|-damage|p1a: Dragalge|63/100
|-status|p1a: Dragalge|brn
|
|-heal|p1a: Dragalge|69/100 brn|[from] item: Black Sludge
|-damage|p1a: Dragalge|63/100 brn|[from] brn
|upkeep
|turn|54
|
|t:|1598575968
|move|p2a: Slowbro|Sludge Bomb|p1a: Dragalge
|-resisted|p1a: Dragalge
|-damage|p1a: Dragalge|51/100 brn
|move|p1a: Dragalge|Dragon Tail|p2a: Slowbro
|-damage|p2a: Slowbro|93/100
|drag|p2a: Coalossal|Coalossal, M|41/100 psn
|
|-heal|p1a: Dragalge|57/100 brn|[from] item: Black Sludge
|-damage|p1a: Dragalge|51/100 brn|[from] brn
|-damage|p2a: Coalossal|29/100 psn|[from] psn
|upkeep
|turn|55
|
|t:|1598575976
|switch|p2a: Umbreon|Umbreon, M|47/100 psn
|move|p1a: Dragalge|Dragon Tail|p2a: Umbreon|[miss]
|-miss|p1a: Dragalge|p2a: Umbreon
|
|-heal|p2a: Umbreon|54/100 psn|[from] item: Leftovers
|-heal|p1a: Dragalge|57/100 brn|[from] item: Black Sludge
|-damage|p2a: Umbreon|41/100 psn|[from] psn
|-damage|p1a: Dragalge|51/100 brn|[from] brn
|upkeep
|turn|56
|
|t:|1598575981
|move|p2a: Umbreon|Moonlight|p2a: Umbreon
|-heal|p2a: Umbreon|91/100 psn
|move|p1a: Dragalge|Sludge Bomb|p2a: Umbreon
|-damage|p2a: Umbreon|68/100 psn
|
|-heal|p2a: Umbreon|74/100 psn|[from] item: Leftovers
|-heal|p1a: Dragalge|57/100 brn|[from] item: Black Sludge
|-damage|p2a: Umbreon|61/100 psn|[from] psn
|-damage|p1a: Dragalge|51/100 brn|[from] brn
|upkeep
|turn|57
|
|t:|1598575986
|move|p2a: Umbreon|Wish|p2a: Umbreon
|move|p1a: Dragalge|Dragon Tail|p2a: Umbreon
|-damage|p2a: Umbreon|52/100 psn
|drag|p2a: Quagsire|Quagsire, F|76/100 psn
|
|-heal|p1a: Dragalge|57/100 brn|[from] item: Black Sludge
|-heal|p2a: Quagsire|82/100 psn|[from] item: Leftovers
|-damage|p1a: Dragalge|51/100 brn|[from] brn
|-damage|p2a: Quagsire|69/100 psn|[from] psn
|upkeep
|turn|58
|
|t:|1598575991
|switch|p1a: Mantine|Mantine, F|65/100
|move|p2a: Quagsire|Toxic|p1a: Mantine|[miss]
|-miss|p2a: Quagsire|p1a: Mantine
|
|-heal|p2a: Quagsire|100/100 psn|[from] move: Wish|[wisher] Umbreon
|-damage|p2a: Quagsire|88/100 psn|[from] psn
|upkeep
|turn|59
|
|t:|1598576000
|switch|p1a: Umbreon|Umbreon, M|94/100 tox
|switch|p2a: Eldegoss|Eldegoss, M|100/100 psn
|
|-damage|p1a: Umbreon|88/100 tox|[from] psn
|-damage|p2a: Eldegoss|88/100 psn|[from] psn
|upkeep
|turn|60
|
|t:|1598576005
|move|p1a: Umbreon|Heal Bell|p1a: Umbreon
|-activate|p1a: Umbreon|move: Heal Bell
|-curestatus|p1a: Umbreon|tox|[msg]
|-curestatus|p1: Bronzong|brn|[msg]
|-curestatus|p1: Dragalge|brn|[msg]
|move|p2a: Eldegoss|Aromatherapy|p2a: Eldegoss
|-activate|p2a: Eldegoss|move: Aromatherapy
|-curestatus|p2a: Eldegoss|psn|[msg]
|-curestatus|p2: Mantine|psn|[msg]
|-curestatus|p2: Umbreon|psn|[msg]
|-curestatus|p2: Coalossal|psn|[msg]
|-curestatus|p2: Quagsire|psn|[msg]
|
|-heal|p2a: Eldegoss|94/100|[from] item: Leftovers
|upkeep
|turn|61
|
|t:|1598576009
|move|p1a: Umbreon|Foul Play|p2a: Eldegoss
|-damage|p2a: Eldegoss|83/100
|move|p2a: Eldegoss|Pollen Puff|p1a: Umbreon
|-supereffective|p1a: Umbreon
|-damage|p1a: Umbreon|71/100
|
|-heal|p2a: Eldegoss|89/100|[from] item: Leftovers
|upkeep
|turn|62
|
|t:|1598576012
|move|p1a: Umbreon|Wish|p1a: Umbreon
|move|p2a: Eldegoss|Rapid Spin|p1a: Umbreon
|-crit|p1a: Umbreon
|-damage|p1a: Umbreon|65/100
|-boost|p2a: Eldegoss|spe|1
|-sideend|p2: Murman64|Toxic Spikes|[from] move: Rapid Spin|[of] p2a: Eldegoss
|
|-heal|p2a: Eldegoss|95/100|[from] item: Leftovers
|upkeep
|turn|63
|
|t:|1598576018
|switch|p2a: Mantine|Mantine, M|88/100
|switch|p1a: Dragalge|Dragalge, M|51/100
|
|-heal|p1a: Dragalge|100/100|[from] move: Wish|[wisher] Umbreon
|upkeep
|turn|64
|
|t:|1598576020
|move|p2a: Mantine|Scald|p1a: Dragalge
|-resisted|p1a: Dragalge
|-damage|p1a: Dragalge|92/100
|move|p1a: Dragalge|Toxic Spikes|p2a: Mantine
|-sidestart|p2: Murman64|move: Toxic Spikes
|
|-heal|p1a: Dragalge|98/100|[from] item: Black Sludge
|upkeep
|turn|65
|
|t:|1598576025
|switch|p1a: Mantine|Mantine, F|65/100
|move|p2a: Mantine|Scald|p1a: Mantine
|-heal|p1a: Mantine|90/100|[from] ability: Water Absorb|[of] p2a: Mantine
|
|upkeep
|turn|66
|
|t:|1598576029
|switch|p1a: Dragalge|Dragalge, M|98/100
|move|p2a: Mantine|Defog|p1a: Dragalge
|-unboost|p1a: Dragalge|evasion|1
|-sideend|p2: Murman64|Toxic Spikes|[from] move: Defog|[of] p2a: Mantine
|
|-heal|p1a: Dragalge|100/100|[from] item: Black Sludge
|upkeep
|turn|67
|
|t:|1598576035
|move|p2a: Mantine|Scald|p1a: Dragalge
|-resisted|p1a: Dragalge
|-damage|p1a: Dragalge|93/100
|move|p1a: Dragalge|Toxic Spikes|p2a: Mantine
|-sidestart|p2: Murman64|move: Toxic Spikes
|
|-heal|p1a: Dragalge|99/100|[from] item: Black Sludge
|upkeep
|turn|68
|
|t:|1598576039
|switch|p1a: Mantine|Mantine, F|90/100
|move|p2a: Mantine|Scald|p1a: Mantine
|-heal|p1a: Mantine|100/100|[from] ability: Water Absorb|[of] p2a: Mantine
|
|upkeep
|turn|69
|
|t:|1598576044
|move|p2a: Mantine|Defog|p1a: Mantine
|-unboost|p1a: Mantine|evasion|1
|-sideend|p2: Murman64|Toxic Spikes|[from] move: Defog|[of] p2a: Mantine
|move|p1a: Mantine|Scald|p2a: Mantine
|-heal|p2a: Mantine|100/100|[from] ability: Water Absorb|[of] p1a: Mantine
|
|upkeep
|turn|70
|
|t:|1598576051
|switch|p1a: Dragalge|Dragalge, M|99/100
|switch|p2a: Umbreon|Umbreon, M|52/100
|
|-heal|p2a: Umbreon|58/100|[from] item: Leftovers
|-heal|p1a: Dragalge|100/100|[from] item: Black Sludge
|upkeep
|turn|71
|
|t:|1598576058
|move|p2a: Umbreon|Moonlight|p2a: Umbreon
|-heal|p2a: Umbreon|100/100
|move|p1a: Dragalge|Toxic Spikes|p2a: Umbreon
|-sidestart|p2: Murman64|move: Toxic Spikes
|
|upkeep
|turn|72
|
|t:|1598576064
|move|p2a: Umbreon|Wish|p2a: Umbreon
|move|p1a: Dragalge|Dragon Tail|p2a: Umbreon
|-damage|p2a: Umbreon|82/100
|drag|p2a: Coalossal|Coalossal, M|29/100
|-status|p2a: Coalossal|psn
|
|-damage|p2a: Coalossal|16/100 psn|[from] psn
|upkeep
|turn|73
|
|t:|1598576070
|switch|p2a: Slowbro|Slowbro-Galar, F|100/100
|-sideend|p2: Murman64|move: Toxic Spikes|[of] p2a: Slowbro
|move|p1a: Dragalge|Dragon Tail|p2a: Slowbro
|-damage|p2a: Slowbro|86/100
|drag|p2a: Quagsire|Quagsire, F|88/100
|
|-heal|p2a: Quagsire|100/100|[from] move: Wish|[wisher] Umbreon
|upkeep
|turn|74
|
|t:|1598576075
|switch|p1a: Mantine|Mantine, F|100/100
|move|p2a: Quagsire|Toxic|p1a: Mantine
|-status|p1a: Mantine|tox
|
|-damage|p1a: Mantine|94/100 tox|[from] psn
|upkeep
|turn|75
|
|t:|1598576087
|switch|p1a: Umbreon|Umbreon, M|65/100
|switch|p2a: Umbreon|Umbreon, M|82/100
|
|-heal|p2a: Umbreon|88/100|[from] item: Leftovers
|upkeep
|turn|76
|
|t:|1598576093
|switch|p2a: Quagsire|Quagsire, F|100/100
|move|p1a: Umbreon|Heal Bell|p1a: Umbreon
|-activate|p1a: Umbreon|move: Heal Bell
|-curestatus|p1: Mantine|tox|[msg]
|
|upkeep
|turn|77
|
|t:|1598576097
|move|p1a: Umbreon|Wish|p1a: Umbreon
|move|p2a: Quagsire|Toxic|p1a: Umbreon|[miss]
|-miss|p2a: Quagsire|p1a: Umbreon
|
|upkeep
|turn|78
|
|t:|1598576102
|switch|p1a: Bronzong|Bronzong|91/100
|move|p2a: Quagsire|Earthquake|p1a: Bronzong
|-supereffective|p1a: Bronzong
|-damage|p1a: Bronzong|45/100
|
|-heal|p1a: Bronzong|100/100|[from] move: Wish|[wisher] Umbreon
|upkeep
|turn|79
|
|t:|1598576109
|switch|p2a: Slowbro|Slowbro-Galar, F|100/100
|move|p1a: Bronzong|Stealth Rock|p2a: Slowbro
|-sidestart|p2: Murman64|move: Stealth Rock
|
|upkeep
|turn|80
|
|t:|1598576120
|move|p2a: Slowbro|Scald|p1a: Bronzong
|-damage|p1a: Bronzong|87/100
|-status|p1a: Bronzong|brn
|move|p1a: Bronzong|Heavy Slam|p2a: Slowbro
|-damage|p2a: Slowbro|95/100
|
|-heal|p1a: Bronzong|94/100 brn|[from] item: Leftovers
|-damage|p1a: Bronzong|91/100 brn|[from] brn
|upkeep
|turn|81
|inactive|Murman64 has 120 seconds left.
|
|t:|1598576151
|move|p2a: Slowbro|Protect|p2a: Slowbro
|-singleturn|p2a: Slowbro|Protect
|move|p1a: Bronzong|Heavy Slam|p2a: Slowbro
|-activate|p2a: Slowbro|move: Protect
|
|-heal|p1a: Bronzong|97/100 brn|[from] item: Leftovers
|-damage|p1a: Bronzong|94/100 brn|[from] brn
|upkeep
|turn|82
|
|t:|1598576159
|switch|p2a: Eldegoss|Eldegoss, M|100/100
|-damage|p2a: Eldegoss|88/100|[from] Stealth Rock
|move|p1a: Bronzong|Stealth Rock||[still]
|-fail|p1a: Bronzong
|
|-heal|p2a: Eldegoss|94/100|[from] item: Leftovers
|-heal|p1a: Bronzong|99/100 brn|[from] item: Leftovers
|-damage|p1a: Bronzong|97/100 brn|[from] brn
|upkeep
|turn|83
|
|t:|1598576166
|move|p2a: Eldegoss|Rapid Spin|p1a: Bronzong
|-resisted|p1a: Bronzong
|-damage|p1a: Bronzong|95/100 brn
|-boost|p2a: Eldegoss|spe|1
|-sideend|p2: Murman64|Stealth Rock|[from] move: Rapid Spin|[of] p2a: Eldegoss
|move|p1a: Bronzong|Heavy Slam|p2a: Eldegoss
|-damage|p2a: Eldegoss|76/100
|
|-heal|p2a: Eldegoss|82/100|[from] item: Leftovers
|-heal|p1a: Bronzong|100/100 brn|[from] item: Leftovers
|-damage|p1a: Bronzong|98/100 brn|[from] brn
|upkeep
|turn|84
|
|t:|1598576171
|move|p2a: Eldegoss|Pollen Puff|p1a: Bronzong
|-damage|p1a: Bronzong|86/100 brn
|move|p1a: Bronzong|Stealth Rock|p2a: Eldegoss
|-sidestart|p2: Murman64|move: Stealth Rock
|
|-heal|p2a: Eldegoss|88/100|[from] item: Leftovers
|-heal|p1a: Bronzong|92/100 brn|[from] item: Leftovers
|-damage|p1a: Bronzong|89/100 brn|[from] brn
|upkeep
|turn|85
|
|t:|1598576181
|switch|p1a: Dragalge|Dragalge, M|100/100
|move|p2a: Eldegoss|Rapid Spin|p1a: Dragalge
|-damage|p1a: Dragalge|96/100
|-boost|p2a: Eldegoss|spe|1
|-sideend|p2: Murman64|Stealth Rock|[from] move: Rapid Spin|[of] p2a: Eldegoss
|
|-heal|p2a: Eldegoss|95/100|[from] item: Leftovers
|-heal|p1a: Dragalge|100/100|[from] item: Black Sludge
|upkeep
|turn|86
|
|t:|1598576185
|switch|p2a: Mantine|Mantine, M|100/100
|move|p1a: Dragalge|Toxic Spikes|p2a: Mantine
|-sidestart|p2: Murman64|move: Toxic Spikes
|
|upkeep
|turn|87
|
|t:|1598576192
|switch|p2a: Slowbro|Slowbro-Galar, F|100/100
|-sideend|p2: Murman64|move: Toxic Spikes|[of] p2a: Slowbro
|move|p1a: Dragalge|Sludge Bomb|p2a: Slowbro
|-resisted|p2a: Slowbro
|-damage|p2a: Slowbro|77/100
|
|upkeep
|turn|88
|
|t:|1598576197
|move|p1a: Dragalge|Toxic Spikes|p2a: Slowbro
|-sidestart|p2: Murman64|move: Toxic Spikes
|move|p2a: Slowbro|Scald|p1a: Dragalge
|-resisted|p1a: Dragalge
|-damage|p1a: Dragalge|94/100
|-status|p1a: Dragalge|brn
|
|-heal|p1a: Dragalge|99/100 brn|[from] item: Black Sludge
|-damage|p1a: Dragalge|94/100 brn|[from] brn
|upkeep
|turn|89
|
|t:|1598576204
|move|p1a: Dragalge|Sludge Bomb|p2a: Slowbro
|-resisted|p2a: Slowbro
|-damage|p2a: Slowbro|53/100
|move|p2a: Slowbro|Slack Off|p2a: Slowbro
|-heal|p2a: Slowbro|100/100
|
|-heal|p1a: Dragalge|99/100 brn|[from] item: Black Sludge
|-damage|p1a: Dragalge|94/100 brn|[from] brn
|upkeep
|turn|90
|
|t:|1598576219
|switch|p2a: Mantine|Mantine, M|100/100
|move|p1a: Dragalge|Dragon Tail|p2a: Mantine
|-damage|p2a: Mantine|86/100
|drag|p2a: Umbreon|Umbreon, M|88/100
|-status|p2a: Umbreon|psn
|
|-heal|p2a: Umbreon|94/100 psn|[from] item: Leftovers
|-heal|p1a: Dragalge|99/100 brn|[from] item: Black Sludge
|-damage|p2a: Umbreon|82/100 psn|[from] psn
|-damage|p1a: Dragalge|94/100 brn|[from] brn
|upkeep
|turn|91
|
|t:|1598576227
|switch|p1a: Mantine|Mantine, F|94/100
|move|p2a: Umbreon|Wish|p2a: Umbreon
|
|-heal|p2a: Umbreon|88/100 psn|[from] item: Leftovers
|-damage|p2a: Umbreon|76/100 psn|[from] psn
|upkeep
|turn|92
|
|t:|1598576233
|switch|p2a: Slowbro|Slowbro-Galar, F|100/100
|-sideend|p2: Murman64|move: Toxic Spikes|[of] p2a: Slowbro
|move|p1a: Mantine|Scald|p2a: Slowbro
|-damage|p2a: Slowbro|73/100
|-status|p2a: Slowbro|brn
|
|-heal|p2a: Slowbro|100/100 brn|[from] move: Wish|[wisher] Umbreon
|-damage|p2a: Slowbro|94/100 brn|[from] brn
|upkeep
|turn|93
|
|t:|1598576240
|switch|p1a: Bronzong|Bronzong|89/100 brn
|move|p2a: Slowbro|Sludge Bomb|p1a: Bronzong
|-immune|p1a: Bronzong
|
|-heal|p1a: Bronzong|95/100 brn|[from] item: Leftovers
|-damage|p2a: Slowbro|88/100 brn|[from] brn
|-damage|p1a: Bronzong|93/100 brn|[from] brn
|upkeep
|turn|94
|
|t:|1598576248
|switch|p2a: Quagsire|Quagsire, F|100/100
|move|p1a: Bronzong|Stealth Rock|p2a: Quagsire
|-sidestart|p2: Murman64|move: Stealth Rock
|
|-heal|p1a: Bronzong|99/100 brn|[from] item: Leftovers
|-damage|p1a: Bronzong|96/100 brn|[from] brn
|upkeep
|turn|95
|
|t:|1598576256
|switch|p2a: Coalossal|Coalossal, M|16/100 psn
|-damage|p2a: Coalossal|0 fnt|[from] Stealth Rock
|faint|p2a: Coalossal
|switch|p1a: Tangela|Tangela, M|100/100
|
|upkeep
|
|t:|1598576261
|switch|p2a: Slowbro|Slowbro-Galar, F|100/100 brn
|-damage|p2a: Slowbro|88/100 brn|[from] Stealth Rock
|turn|96
|
|t:|1598576267
|switch|p2a: Umbreon|Umbreon, M|76/100 psn
|-damage|p2a: Umbreon|63/100 psn|[from] Stealth Rock
|move|p1a: Tangela|Leech Seed|p2a: Umbreon
|-start|p2a: Umbreon|move: Leech Seed
|
|-heal|p2a: Umbreon|69/100 psn|[from] item: Leftovers
|-damage|p2a: Umbreon|57/100 psn|[from] Leech Seed|[of] p1a: Tangela
|-damage|p2a: Umbreon|44/100 psn|[from] psn
|upkeep
|turn|97
|
|t:|1598576274
|move|p2a: Umbreon|Moonlight|p2a: Umbreon
|-heal|p2a: Umbreon|94/100 psn
|move|p1a: Tangela|Giga Drain|p2a: Umbreon
|-damage|p2a: Umbreon|80/100 psn
|
|-heal|p2a: Umbreon|86/100 psn|[from] item: Leftovers
|-damage|p2a: Umbreon|73/100 psn|[from] Leech Seed|[of] p1a: Tangela
|-damage|p2a: Umbreon|61/100 psn|[from] psn
|upkeep
|turn|98
|
|t:|1598576279
|switch|p2a: Eldegoss|Eldegoss, M|100/100
|-damage|p2a: Eldegoss|88/100|[from] Stealth Rock
|move|p1a: Tangela|Giga Drain|p2a: Eldegoss
|-resisted|p2a: Eldegoss
|-damage|p2a: Eldegoss|77/100
|
|-heal|p2a: Eldegoss|83/100|[from] item: Leftovers
|upkeep
|turn|99
|
|t:|1598576284
|move|p2a: Eldegoss|Rapid Spin|p1a: Tangela
|-damage|p1a: Tangela|98/100
|-boost|p2a: Eldegoss|spe|1
|-sideend|p2: Murman64|Stealth Rock|[from] move: Rapid Spin|[of] p2a: Eldegoss
|move|p1a: Tangela|Knock Off|p2a: Eldegoss
|-damage|p2a: Eldegoss|70/100
|-enditem|p2a: Eldegoss|Leftovers|[from] move: Knock Off|[of] p1a: Tangela
|
|upkeep
|turn|100
|
|t:|1598576290
|move|p2a: Eldegoss|Pollen Puff|p1a: Tangela
|-supereffective|p1a: Tangela
|-damage|p1a: Tangela|50/100
|move|p1a: Tangela|Sludge Bomb|p2a: Eldegoss
|-supereffective|p2a: Eldegoss
|-damage|p2a: Eldegoss|36/100
|
|upkeep
|turn|101
|
|t:|1598576298
|switch|p2a: Slowbro|Slowbro-Galar, F|100/100 brn
|move|p1a: Tangela|Sludge Bomb|p2a: Slowbro
|-resisted|p2a: Slowbro
|-damage|p2a: Slowbro|89/100 brn
|
|-damage|p2a: Slowbro|83/100 brn|[from] brn
|upkeep
|turn|102
|
|t:|1598576304
|switch|p1a: Bronzong|Bronzong|96/100 brn
|move|p2a: Slowbro|Scald|p1a: Bronzong
|-damage|p1a: Bronzong|84/100 brn
|
|-heal|p1a: Bronzong|90/100 brn|[from] item: Leftovers
|-damage|p2a: Slowbro|77/100 brn|[from] brn
|-damage|p1a: Bronzong|87/100 brn|[from] brn
|upkeep
|turn|103
|
|t:|1598576312
|switch|p2a: Eldegoss|Eldegoss, M|69/100
|move|p1a: Bronzong|Stealth Rock|p2a: Eldegoss
|-sidestart|p2: Murman64|move: Stealth Rock
|
|-heal|p1a: Bronzong|94/100 brn|[from] item: Leftovers
|-damage|p1a: Bronzong|91/100 brn|[from] brn
|upkeep
|turn|104
|
|t:|1598576315
|move|p2a: Eldegoss|Rapid Spin|p1a: Bronzong
|-resisted|p1a: Bronzong
|-damage|p1a: Bronzong|89/100 brn
|-boost|p2a: Eldegoss|spe|1
|-sideend|p2: Murman64|Stealth Rock|[from] move: Rapid Spin|[of] p2a: Eldegoss
|move|p1a: Bronzong|Rest|p1a: Bronzong
|-status|p1a: Bronzong|slp|[from] move: Rest
|-heal|p1a: Bronzong|100/100 slp|[silent]
|
|upkeep
|turn|105
|
|t:|1598576328
|switch|p2a: Slowbro|Slowbro-Galar, F|100/100 brn
|switch|p1a: Tangela|Tangela, M|83/100
|
|-damage|p2a: Slowbro|94/100 brn|[from] brn
|upkeep
|turn|106
|
|t:|1598576333
|switch|p1a: Bronzong|Bronzong|100/100 slp
|move|p2a: Slowbro|Sludge Bomb|p1a: Bronzong
|-immune|p1a: Bronzong
|
|-damage|p2a: Slowbro|88/100 brn|[from] brn
|upkeep
|turn|107
|c|‽RULT4pm Aqua|/log RULT4pm Aqua made this room public.
|raw|<div class="broadcast-blue"><strong>This room is no longer invite only!</strong><br />Anyone may now join.</div>
|c|‽RULT4pm Aqua|/log RULT4pm Aqua turned off modjoin.
|
|t:|1598576353
|switch|p2a: Eldegoss|Eldegoss, M|100/100
|cant|p1a: Bronzong|slp
|
|upkeep
|turn|108
|inactive|RULT4pm Aqua has 120 seconds left.
|inactive|RULT4pm Aqua has 90 seconds left.
|
|t:|1598576425
|switch|p2a: Slowbro|Slowbro-Galar, F|100/100 brn
|cant|p1a: Bronzong|slp
|
|-damage|p2a: Slowbro|94/100 brn|[from] brn
|upkeep
|turn|109
|
|t:|1598576435
|switch|p2a: Eldegoss|Eldegoss, M|100/100
|-curestatus|p1a: Bronzong|slp|[msg]
|move|p1a: Bronzong|Stealth Rock|p2a: Eldegoss
|-sidestart|p2: Murman64|move: Stealth Rock
|
|upkeep
|turn|110
|
|t:|1598576441
|switch|p2a: Slowbro|Slowbro-Galar, F|100/100 brn
|-damage|p2a: Slowbro|88/100 brn|[from] Stealth Rock
|move|p1a: Bronzong|Stealth Rock||[still]
|-fail|p1a: Bronzong
|
|-damage|p2a: Slowbro|82/100 brn|[from] brn
|upkeep
|turn|111
|j| Yummers mc Stan
|
|t:|1598576445
|switch|p2a: Eldegoss|Eldegoss, M|100/100
|-damage|p2a: Eldegoss|88/100|[from] Stealth Rock
|switch|p1a: Umbreon|Umbreon, M|65/100
|
|upkeep
|turn|112
|
|t:|1598576450
|move|p1a: Umbreon|Wish|p1a: Umbreon
|move|p2a: Eldegoss|Pollen Puff|p1a: Umbreon
|-supereffective|p1a: Umbreon
|-damage|p1a: Umbreon|47/100
|
|upkeep
|turn|113
|
|t:|1598576454
|move|p1a: Umbreon|Foul Play|p2a: Eldegoss
|-crit|p2a: Eldegoss
|-damage|p2a: Eldegoss|69/100
|move|p2a: Eldegoss|Rapid Spin|p1a: Umbreon
|-damage|p1a: Umbreon|44/100
|-boost|p2a: Eldegoss|spe|1
|-sideend|p2: Murman64|Stealth Rock|[from] move: Rapid Spin|[of] p2a: Eldegoss
|
|-heal|p1a: Umbreon|94/100|[from] move: Wish|[wisher] Umbreon
|upkeep
|turn|114
|
|t:|1598576458
|switch|p2a: Slowbro|Slowbro-Galar, F|100/100 brn
|switch|p1a: Bronzong|Bronzong|100/100
|
|-damage|p2a: Slowbro|94/100 brn|[from] brn
|upkeep
|turn|115
|
|t:|1598576462
|switch|p2a: Eldegoss|Eldegoss, M|100/100
|move|p1a: Bronzong|Stealth Rock|p2a: Eldegoss
|-sidestart|p2: Murman64|move: Stealth Rock
|
|upkeep
|turn|116
|
|t:|1598576466
|switch|p2a: Slowbro|Slowbro-Galar, F|100/100 brn
|-damage|p2a: Slowbro|88/100 brn|[from] Stealth Rock
|switch|p1a: Mantine|Mantine, F|94/100
|
|-damage|p2a: Slowbro|82/100 brn|[from] brn
|upkeep
|turn|117
|
|t:|1598576471
|switch|p1a: Tangela|Tangela, M|100/100
|switch|p2a: Eldegoss|Eldegoss, M|100/100
|-damage|p2a: Eldegoss|88/100|[from] Stealth Rock
|
|upkeep
|turn|118
|
|t:|1598576477
|switch|p2a: Slowbro|Slowbro-Galar, F|100/100 brn
|-damage|p2a: Slowbro|88/100 brn|[from] Stealth Rock
|move|p1a: Tangela|Sludge Bomb|p2a: Slowbro
|-resisted|p2a: Slowbro
|-damage|p2a: Slowbro|76/100 brn
|
|-damage|p2a: Slowbro|70/100 brn|[from] brn
|upkeep
|turn|119
|
|t:|1598576481
|switch|p2a: Eldegoss|Eldegoss, M|100/100
|-damage|p2a: Eldegoss|88/100|[from] Stealth Rock
|move|p1a: Tangela|Leech Seed|p2a: Eldegoss
|-immune|p2a: Eldegoss
|
|upkeep
|turn|120
|
|t:|1598576485
|switch|p2a: Slowbro|Slowbro-Galar, F|100/100 brn
|-damage|p2a: Slowbro|88/100 brn|[from] Stealth Rock
|move|p1a: Tangela|Leech Seed|p2a: Slowbro
|-start|p2a: Slowbro|move: Leech Seed
|
|-damage|p2a: Slowbro|76/100 brn|[from] Leech Seed|[of] p1a: Tangela
|-damage|p2a: Slowbro|70/100 brn|[from] brn
|upkeep
|turn|121
|
|t:|1598576488
|move|p1a: Tangela|Sludge Bomb|p2a: Slowbro
|-resisted|p2a: Slowbro
|-damage|p2a: Slowbro|58/100 brn
|move|p2a: Slowbro|Sludge Bomb|p1a: Tangela
|-supereffective|p1a: Tangela
|-damage|p1a: Tangela|7/100
|
|-damage|p2a: Slowbro|46/100 brn|[from] Leech Seed|[of] p1a: Tangela
|-heal|p1a: Tangela|22/100|[silent]
|-damage|p2a: Slowbro|40/100 brn|[from] brn
|upkeep
|turn|122
|
|t:|1598576494
|switch|p1a: Umbreon|Umbreon, M|94/100
|switch|p2a: Eldegoss|Eldegoss, M|100/100
|-damage|p2a: Eldegoss|88/100|[from] Stealth Rock
|
|upkeep
|turn|123
|
|t:|1598576496
|move|p1a: Umbreon|Wish|p1a: Umbreon
|move|p2a: Eldegoss|Rapid Spin|p1a: Umbreon
|-damage|p1a: Umbreon|90/100
|-boost|p2a: Eldegoss|spe|1
|-sideend|p2: Murman64|Stealth Rock|[from] move: Rapid Spin|[of] p2a: Eldegoss
|
|upkeep
|turn|124
|
|t:|1598576499
|switch|p2a: Slowbro|Slowbro-Galar, F|73/100 brn
|switch|p1a: Tangela|Tangela, M|55/100
|
|-heal|p1a: Tangela|100/100|[from] move: Wish|[wisher] Umbreon
|-damage|p2a: Slowbro|67/100 brn|[from] brn
|upkeep
|turn|125
|
|t:|1598576504
|switch|p1a: Bronzong|Bronzong|100/100
|switch|p2a: Eldegoss|Eldegoss, M|100/100
|
|upkeep
|turn|126
|l| Yummers mc Stan
|
|t:|1598576510
|switch|p2a: Slowbro|Slowbro-Galar, F|99/100 brn
|move|p1a: Bronzong|Stealth Rock|p2a: Slowbro
|-sidestart|p2: Murman64|move: Stealth Rock
|
|-damage|p2a: Slowbro|94/100 brn|[from] brn
|upkeep
|turn|127
|
|t:|1598576514
|switch|p2a: Eldegoss|Eldegoss, M|100/100
|-damage|p2a: Eldegoss|88/100|[from] Stealth Rock
|move|p1a: Bronzong|Heavy Slam|p2a: Eldegoss
|-damage|p2a: Eldegoss|57/100
|
|upkeep
|turn|128
|
|t:|1598576519
|switch|p2a: Slowbro|Slowbro-Galar, F|100/100 brn
|-damage|p2a: Slowbro|88/100 brn|[from] Stealth Rock
|move|p1a: Bronzong|Heavy Slam|p2a: Slowbro
|-damage|p2a: Slowbro|76/100 brn
|
|-damage|p2a: Slowbro|70/100 brn|[from] brn
|upkeep
|turn|129
|
|t:|1598576525
|switch|p2a: Quagsire|Quagsire, F|100/100
|-damage|p2a: Quagsire|94/100|[from] Stealth Rock
|switch|p1a: Dragalge|Dragalge, M|94/100 brn
|
|-heal|p1a: Dragalge|99/100 brn|[from] item: Black Sludge
|-heal|p2a: Quagsire|100/100|[from] item: Leftovers
|-damage|p1a: Dragalge|94/100 brn|[from] brn
|upkeep
|turn|130
|
|t:|1598576533
|switch|p2a: Umbreon|Umbreon, M|61/100 psn
|-damage|p2a: Umbreon|48/100 psn|[from] Stealth Rock
|move|p1a: Dragalge|Toxic Spikes|p2a: Umbreon
|-sidestart|p2: Murman64|move: Toxic Spikes
|
|-heal|p2a: Umbreon|55/100 psn|[from] item: Leftovers
|-heal|p1a: Dragalge|99/100 brn|[from] item: Black Sludge
|-damage|p2a: Umbreon|42/100 psn|[from] psn
|-damage|p1a: Dragalge|94/100 brn|[from] brn
|upkeep
|turn|131
|
|t:|1598576536
|move|p2a: Umbreon|Moonlight|p2a: Umbreon
|-heal|p2a: Umbreon|92/100 psn
|move|p1a: Dragalge|Sludge Bomb|p2a: Umbreon
|-damage|p2a: Umbreon|71/100 psn
|
|-heal|p2a: Umbreon|77/100 psn|[from] item: Leftovers
|-heal|p1a: Dragalge|99/100 brn|[from] item: Black Sludge
|-damage|p2a: Umbreon|65/100 psn|[from] psn
|-damage|p1a: Dragalge|94/100 brn|[from] brn
|upkeep
|turn|132
|j| pattek
|
|t:|1598576542
|switch|p2a: Mantine|Mantine, M|86/100
|-damage|p2a: Mantine|61/100|[from] Stealth Rock
|switch|p1a: Tangela|Tangela, M|100/100
|
|upkeep
|turn|133
|
|t:|1598576547
|move|p2a: Mantine|Defog|p1a: Tangela
|-unboost|p1a: Tangela|evasion|1
|-sideend|p2: Murman64|Toxic Spikes|[from] move: Defog|[of] p2a: Mantine
|-sideend|p2: Murman64|Stealth Rock|[from] move: Defog|[of] p2a: Mantine
|move|p1a: Tangela|Leech Seed|p2a: Mantine
|-start|p2a: Mantine|move: Leech Seed
|
|-damage|p2a: Mantine|48/100|[from] Leech Seed|[of] p1a: Tangela
|upkeep
|turn|134
|c| pattek|you lost
|
|t:|1598576554
|move|p2a: Mantine|Roost|p2a: Mantine
|-heal|p2a: Mantine|99/100
|-singleturn|p2a: Mantine|move: Roost
|move|p1a: Tangela|Giga Drain|p2a: Mantine
|-supereffective|p2a: Mantine
|-crit|p2a: Mantine
|-damage|p2a: Mantine|58/100
|
|-damage|p2a: Mantine|46/100|[from] Leech Seed|[of] p1a: Tangela
|upkeep
|turn|135
|c| pattek|forfeit now
|c|☆Murman64|how so?
|
|t:|1598576566
|switch|p2a: Eldegoss|Eldegoss, M|90/100
|move|p1a: Tangela|Giga Drain|p2a: Eldegoss
|-resisted|p2a: Eldegoss
|-damage|p2a: Eldegoss|79/100
|
|upkeep
|turn|136
|c| pattek|i dont know
|
|t:|1598576572
|switch|p2a: Slowbro|Slowbro-Galar, F|100/100 brn
|move|p1a: Tangela|Leech Seed|p2a: Slowbro
|-start|p2a: Slowbro|move: Leech Seed
|
|-damage|p2a: Slowbro|88/100 brn|[from] Leech Seed|[of] p1a: Tangela
|-damage|p2a: Slowbro|82/100 brn|[from] brn
|upkeep
|turn|137
|c| pattek|aquarius told me to say you lost
|
|t:|1598576579
|move|p1a: Tangela|Sludge Bomb|p2a: Slowbro
|-resisted|p2a: Slowbro
|-damage|p2a: Slowbro|70/100 brn
|move|p2a: Slowbro|Sludge Bomb|p1a: Tangela
|-supereffective|p1a: Tangela
|-damage|p1a: Tangela|11/100
|
|-damage|p2a: Slowbro|57/100 brn|[from] Leech Seed|[of] p1a: Tangela
|-heal|p1a: Tangela|25/100|[silent]
|-damage|p2a: Slowbro|51/100 brn|[from] brn
|upkeep
|turn|138
|c| pattek|and what he says goes
|
|t:|1598576584
|switch|p1a: Bronzong|Bronzong|100/100
|move|p2a: Slowbro|Slack Off|p2a: Slowbro
|-heal|p2a: Slowbro|100/100 brn
|
|-damage|p2a: Slowbro|88/100 brn|[from] Leech Seed|[of] p1a: Bronzong
|-damage|p2a: Slowbro|82/100 brn|[from] brn
|upkeep
|turn|139
|c| pattek|so forfeit
|c| pattek|you have lost
|c| pattek|this is unwinnable
|c| pattek|you will never win
|n| RULT4PM INTERNAL|kinginternal
|
|t:|1598576599
|move|p2a: Slowbro|Scald|p1a: Bronzong
|-damage|p1a: Bronzong|89/100
|move|p1a: Bronzong|Stealth Rock|p2a: Slowbro
|-sidestart|p2: Murman64|move: Stealth Rock
|
|-heal|p1a: Bronzong|95/100|[from] item: Leftovers
|-damage|p2a: Slowbro|70/100 brn|[from] Leech Seed|[of] p1a: Bronzong
|-heal|p1a: Bronzong|100/100|[silent]
|-damage|p2a: Slowbro|63/100 brn|[from] brn
|upkeep
|turn|140
|c|☆Murman64|for you maybe
|c| RULT4PM INTERNAL|certain things just started getting tenser
|
|t:|1598576606
|switch|p2a: Eldegoss|Eldegoss, M|100/100
|-damage|p2a: Eldegoss|88/100|[from] Stealth Rock
|switch|p1a: Dragalge|Dragalge, M|94/100 brn
|
|-heal|p1a: Dragalge|99/100 brn|[from] item: Black Sludge
|-damage|p1a: Dragalge|94/100 brn|[from] brn
|upkeep
|turn|141
|
|t:|1598576612
|switch|p2a: Slowbro|Slowbro-Galar, F|97/100 brn
|-damage|p2a: Slowbro|84/100 brn|[from] Stealth Rock
|move|p1a: Dragalge|Toxic Spikes|p2a: Slowbro
|-sidestart|p2: Murman64|move: Toxic Spikes
|
|-heal|p1a: Dragalge|99/100 brn|[from] item: Black Sludge
|-damage|p1a: Dragalge|94/100 brn|[from] brn
|-damage|p2a: Slowbro|78/100 brn|[from] brn
|upkeep
|turn|142
|c| RULT4PM INTERNAL|certain things just started getting tenser
|c| RULT4PM INTERNAL|certain things just started getting tenser
|c| pattek|cringe
|
|t:|1598576624
|switch|p2a: Mantine|Mantine, M|46/100
|-damage|p2a: Mantine|21/100|[from] Stealth Rock
|move|p1a: Dragalge|Sludge Bomb|p2a: Mantine
|-damage|p2a: Mantine|0 fnt
|faint|p2a: Mantine
|
|-heal|p1a: Dragalge|99/100 brn|[from] item: Black Sludge
|-damage|p1a: Dragalge|94/100 brn|[from] brn
|upkeep
|c| RULT4PM INTERNAL|shut up bitch
|
|t:|1598576628
|switch|p2a: Slowbro|Slowbro-Galar, F|100/100 brn
|-damage|p2a: Slowbro|88/100 brn|[from] Stealth Rock
|-sideend|p2: Murman64|move: Toxic Spikes|[of] p2a: Slowbro
|turn|143
|c| pattek|internal copyin robjr
|j| Yummers mc Stan
|c| pattek|loool
|
|t:|1598576648
|switch|p1a: Mantine|Mantine, F|94/100
|switch|p2a: Umbreon|Umbreon, M|65/100 psn
|-damage|p2a: Umbreon|53/100 psn|[from] Stealth Rock
|
|-heal|p2a: Umbreon|59/100 psn|[from] item: Leftovers
|-damage|p2a: Umbreon|46/100 psn|[from] psn
|upkeep
|turn|144
|
|t:|1598576653
|switch|p1a: Tangela|Tangela, M|59/100
|move|p2a: Umbreon|Moonlight|p2a: Umbreon
|-heal|p2a: Umbreon|96/100 psn
|
|-heal|p2a: Umbreon|100/100 psn|[from] item: Leftovers
|-damage|p2a: Umbreon|88/100 psn|[from] psn
|upkeep
|turn|145
|
|t:|1598576657
|switch|p2a: Slowbro|Slowbro-Galar, F|100/100 brn
|-damage|p2a: Slowbro|88/100 brn|[from] Stealth Rock
|move|p1a: Tangela|Leech Seed|p2a: Slowbro
|-start|p2a: Slowbro|move: Leech Seed
|
|-damage|p2a: Slowbro|76/100 brn|[from] Leech Seed|[of] p1a: Tangela
|-heal|p1a: Tangela|73/100|[silent]
|-damage|p2a: Slowbro|70/100 brn|[from] brn
|upkeep
|turn|146
|
|t:|1598576663
|switch|p1a: Bronzong|Bronzong|100/100
|switch|p2a: Eldegoss|Eldegoss, M|100/100
|-damage|p2a: Eldegoss|88/100|[from] Stealth Rock
|
|upkeep
|turn|147
|
|t:|1598576666
|move|p2a: Eldegoss|Rapid Spin|p1a: Bronzong
|-resisted|p1a: Bronzong
|-damage|p1a: Bronzong|99/100
|-boost|p2a: Eldegoss|spe|1
|-sideend|p2: Murman64|Stealth Rock|[from] move: Rapid Spin|[of] p2a: Eldegoss
|move|p1a: Bronzong|Heavy Slam|p2a: Eldegoss
|-damage|p2a: Eldegoss|54/100
|
|-heal|p1a: Bronzong|100/100|[from] item: Leftovers
|upkeep
|turn|148
|
|t:|1598576669
|switch|p2a: Slowbro|Slowbro-Galar, F|100/100 brn
|move|p1a: Bronzong|Stealth Rock|p2a: Slowbro
|-sidestart|p2: Murman64|move: Stealth Rock
|
|-damage|p2a: Slowbro|94/100 brn|[from] brn
|upkeep
|turn|149
|c| pattek|you are facing aquarius
|
|t:|1598576677
|switch|p1a: Tangela|Tangela, M|100/100
|move|p2a: Slowbro|Scald|p1a: Tangela
|-resisted|p1a: Tangela
|-damage|p1a: Tangela|88/100
|-status|p1a: Tangela|brn
|
|-damage|p1a: Tangela|82/100 brn|[from] brn
|-damage|p2a: Slowbro|88/100 brn|[from] brn
|upkeep
|turn|150
|
|t:|1598576685
|switch|p1a: Umbreon|Umbreon, M|90/100
|move|p2a: Slowbro|Sludge Bomb|p1a: Umbreon
|-damage|p1a: Umbreon|74/100
|
|-damage|p2a: Slowbro|82/100 brn|[from] brn
|upkeep
|turn|151
|c| pattek|he is known as the stall god of ru
|c|☆Murman64|well
|c| pattek|u lost the moment this battle started
|c| pattek|forfeit now
|c| pattek|u have no win condition
|c|☆Murman64|i just started learning ru because i have not played ru since gen 7
|c|☆Murman64|but i refuse
|
|t:|1598576712
|switch|p2a: Eldegoss|Eldegoss, M|87/100
|-damage|p2a: Eldegoss|75/100|[from] Stealth Rock
|move|p1a: Umbreon|Heal Bell|p1a: Umbreon
|-activate|p1a: Umbreon|move: Heal Bell
|-curestatus|p1: Tangela|brn|[msg]
|-curestatus|p1: Dragalge|brn|[msg]
|
|upkeep
|turn|152
|c| pattek|cringe.
|
|t:|1598576726
|switch|p1a: Tangela|Tangela, M|100/100
|switch|p2a: Slowbro|Slowbro-Galar, F|100/100 brn
|-damage|p2a: Slowbro|88/100 brn|[from] Stealth Rock
|
|-damage|p2a: Slowbro|82/100 brn|[from] brn
|upkeep
|turn|153
|c| pattek|stubbornness will get you nowhere
|
|t:|1598576733
|switch|p1a: Quagsire|Quagsire, F|100/100
|switch|p2a: Eldegoss|Eldegoss, M|100/100
|-damage|p2a: Eldegoss|88/100|[from] Stealth Rock
|
|upkeep
|turn|154
|c| pattek|a true player admits when they have losy
|c|☆Murman64|ik
|c| pattek|lost
|
|t:|1598576740
|switch|p1a: Dragalge|Dragalge, M|94/100
|move|p2a: Eldegoss|Giga Drain|p1a: Dragalge
|-resisted|p1a: Dragalge
|-damage|p1a: Dragalge|90/100
|-heal|p2a: Eldegoss|90/100|[from] drain|[of] p1a: Dragalge
|
|-heal|p1a: Dragalge|96/100|[from] item: Black Sludge
|upkeep
|turn|155
|
|t:|1598576743
|switch|p2a: Slowbro|Slowbro-Galar, F|100/100 brn
|-damage|p2a: Slowbro|88/100 brn|[from] Stealth Rock
|move|p1a: Dragalge|Toxic Spikes|p2a: Slowbro
|-sidestart|p2: Murman64|move: Toxic Spikes
|
|-heal|p1a: Dragalge|100/100|[from] item: Black Sludge
|-damage|p2a: Slowbro|82/100 brn|[from] brn
|upkeep
|turn|156
|c|☆Murman64|i havent lost yet htough
|
|t:|1598576754
|switch|p2a: Umbreon|Umbreon, M|88/100 psn
|-damage|p2a: Umbreon|76/100 psn|[from] Stealth Rock
|move|p1a: Dragalge|Sludge Bomb|p2a: Umbreon
|-damage|p2a: Umbreon|54/100 psn
|
|-heal|p2a: Umbreon|60/100 psn|[from] item: Leftovers
|-damage|p2a: Umbreon|48/100 psn|[from] psn
|upkeep
|turn|157
|c| pattek|like i said
|
|t:|1598576760
|switch|p1a: Quagsire|Quagsire, F|100/100
|move|p2a: Umbreon|Moonlight|p2a: Umbreon
|-heal|p2a: Umbreon|98/100 psn
|
|-heal|p2a: Umbreon|100/100 psn|[from] item: Leftovers
|-damage|p2a: Umbreon|88/100 psn|[from] psn
|upkeep
|turn|158
|c| pattek|you lost the moment this battle started
|c| Yummers mc Stan|You have tho
|
|t:|1598576766
|switch|p2a: Eldegoss|Eldegoss, M|100/100
|-damage|p2a: Eldegoss|88/100|[from] Stealth Rock
|-status|p2a: Eldegoss|psn
|move|p1a: Quagsire|Toxic||[still]
|-fail|p1a: Quagsire
|
|-damage|p2a: Eldegoss|76/100 psn|[from] psn
|upkeep
|turn|159
|
|t:|1598576777
|switch|p1a: Dragalge|Dragalge, M|100/100
|move|p2a: Eldegoss|Aromatherapy|p2a: Eldegoss
|-activate|p2a: Eldegoss|move: Aromatherapy
|-curestatus|p2a: Eldegoss|psn|[msg]
|-curestatus|p2: Umbreon|psn|[msg]
|-curestatus|p2: Slowbro|brn|[msg]
|
|upkeep
|turn|160
|c| pattek|aquarius has victimized you
|c| Yummers mc Stan|You can't break anything on his team
|c| pattek|you ate his puppet
|c| pattek|are
|
|t:|1598576786
|switch|p2a: Slowbro|Slowbro-Galar, F|100/100
|-sideend|p2: Murman64|move: Toxic Spikes|[of] p2a: Slowbro
|-damage|p2a: Slowbro|88/100|[from] Stealth Rock
|switch|p1a: Quagsire|Quagsire, F|100/100
|
|upkeep
|turn|161
|c| pattek|he is controlling this game
|
|t:|1598576798
|move|p2a: Slowbro|Scald|p1a: Quagsire
|-damage|p1a: Quagsire|76/100
|move|p1a: Quagsire|Toxic|p2a: Slowbro|[miss]
|-miss|p1a: Quagsire|p2a: Slowbro
|
|upkeep
|turn|162
|c| pattek|he has you under his command
|
|t:|1598576805
|move|p2a: Slowbro|Scald|p1a: Quagsire
|-damage|p1a: Quagsire|55/100
|move|p1a: Quagsire|Earthquake|p2a: Slowbro
|-supereffective|p2a: Slowbro
|-crit|p2a: Slowbro
|-damage|p2a: Slowbro|26/100
|
|upkeep
|turn|163
|c| pattek|easiest crit of his life
|
|t:|1598576816
|switch|p2a: Eldegoss|Eldegoss, M|100/100
|-damage|p2a: Eldegoss|88/100|[from] Stealth Rock
|move|p1a: Quagsire|Recover|p1a: Quagsire
|-heal|p1a: Quagsire|100/100
|
|upkeep
|turn|164
|
|t:|1598576820
|switch|p1a: Bronzong|Bronzong|100/100
|move|p2a: Eldegoss|Rapid Spin|p1a: Bronzong
|-resisted|p1a: Bronzong
|-damage|p1a: Bronzong|98/100
|-boost|p2a: Eldegoss|spe|1
|-sideend|p2: Murman64|Stealth Rock|[from] move: Rapid Spin|[of] p2a: Eldegoss
|
|-heal|p1a: Bronzong|100/100|[from] item: Leftovers
|upkeep
|turn|165
|
|t:|1598576824
|switch|p2a: Slowbro|Slowbro-Galar, F|59/100
|move|p1a: Bronzong|Stealth Rock|p2a: Slowbro
|-sidestart|p2: Murman64|move: Stealth Rock
|
|upkeep
|turn|166
|
|t:|1598576828
|switch|p2a: Eldegoss|Eldegoss, M|100/100
|-damage|p2a: Eldegoss|88/100|[from] Stealth Rock
|switch|p1a: Mantine|Mantine, F|94/100
|
|upkeep
|turn|167
|
|t:|1598576840
|move|p1a: Mantine|Scald|p2a: Eldegoss
|-resisted|p2a: Eldegoss
|-damage|p2a: Eldegoss|79/100
|move|p2a: Eldegoss|Rapid Spin|p1a: Mantine
|-crit|p1a: Mantine
|-damage|p1a: Mantine|88/100
|-boost|p2a: Eldegoss|spe|1
|-sideend|p2: Murman64|Stealth Rock|[from] move: Rapid Spin|[of] p2a: Eldegoss
|
|upkeep
|turn|168
|c| pattek|ight im gone
|l| pattek
|inactive|RULT4pm Aqua has 120 seconds left.
|
|t:|1598576878
|switch|p2a: Slowbro|Slowbro-Galar, F|92/100
|move|p1a: Mantine|Scald|p2a: Slowbro
|-damage|p2a: Slowbro|68/100
|
|upkeep
|turn|169
|
|t:|1598576890
|switch|p2a: Eldegoss|Eldegoss, M|100/100
|move|p1a: Mantine|Scald|p2a: Eldegoss
|-resisted|p2a: Eldegoss
|-damage|p2a: Eldegoss|92/100
|
|upkeep
|turn|170
|
|t:|1598576896
|switch|p1a: Dragalge|Dragalge, M|100/100
|switch|p2a: Slowbro|Slowbro-Galar, F|100/100
|
|upkeep
|turn|171
|
|t:|1598576903
|move|p2a: Slowbro|Protect|p2a: Slowbro
|-singleturn|p2a: Slowbro|Protect
|move|p1a: Dragalge|Toxic Spikes|p2a: Slowbro
|-sidestart|p2: Murman64|move: Toxic Spikes
|
|upkeep
|turn|172
|
|t:|1598576913
|switch|p1a: Quagsire|Quagsire, F|100/100
|switch|p2a: Umbreon|Umbreon, M|88/100
|-status|p2a: Umbreon|psn
|
|-heal|p2a: Umbreon|94/100 psn|[from] item: Leftovers
|-damage|p2a: Umbreon|82/100 psn|[from] psn
|upkeep
|turn|173
|
|t:|1598576918
|switch|p2a: Eldegoss|Eldegoss, M|100/100
|-status|p2a: Eldegoss|psn
|move|p1a: Quagsire|Curse|p1a: Quagsire
|-unboost|p1a: Quagsire|spe|1
|-boost|p1a: Quagsire|atk|1
|-boost|p1a: Quagsire|def|1
|
|-damage|p2a: Eldegoss|88/100 psn|[from] psn
|upkeep
|turn|174
|
|t:|1598576923
|switch|p1a: Bronzong|Bronzong|100/100
|move|p2a: Eldegoss|Giga Drain|p1a: Bronzong
|-resisted|p1a: Bronzong
|-damage|p1a: Bronzong|94/100
|-heal|p2a: Eldegoss|92/100 psn|[from] drain|[of] p1a: Bronzong
|
|-heal|p1a: Bronzong|99/100|[from] item: Leftovers
|-damage|p2a: Eldegoss|80/100 psn|[from] psn
|upkeep
|turn|175
|
|t:|1598576926
|switch|p2a: Slowbro|Slowbro-Galar, F|100/100
|-sideend|p2: Murman64|move: Toxic Spikes|[of] p2a: Slowbro
|move|p1a: Bronzong|Stealth Rock|p2a: Slowbro
|-sidestart|p2: Murman64|move: Stealth Rock
|
|-heal|p1a: Bronzong|100/100|[from] item: Leftovers
|upkeep
|turn|176
|
|t:|1598576930
|switch|p2a: Eldegoss|Eldegoss, M|100/100 psn
|-damage|p2a: Eldegoss|88/100 psn|[from] Stealth Rock
|switch|p1a: Quagsire|Quagsire, F|100/100
|
|-damage|p2a: Eldegoss|76/100 psn|[from] psn
|upkeep
|turn|177
|
|t:|1598576935
|switch|p2a: Slowbro|Slowbro-Galar, F|100/100
|-damage|p2a: Slowbro|88/100|[from] Stealth Rock
|switch|p1a: Tangela|Tangela, M|100/100
|
|upkeep
|turn|178
|
|t:|1598576942
|switch|p2a: Eldegoss|Eldegoss, M|100/100 psn
|-damage|p2a: Eldegoss|88/100 psn|[from] Stealth Rock
|move|p1a: Tangela|Sludge Bomb|p2a: Eldegoss
|-supereffective|p2a: Eldegoss
|-damage|p2a: Eldegoss|54/100 psn
|
|-damage|p2a: Eldegoss|41/100 psn|[from] psn
|upkeep
|turn|179
|
|t:|1598576950
|switch|p2a: Slowbro|Slowbro-Galar, F|100/100
|-damage|p2a: Slowbro|88/100|[from] Stealth Rock
|move|p1a: Tangela|Knock Off|p2a: Slowbro
|-supereffective|p2a: Slowbro
|-damage|p2a: Slowbro|75/100
|
|upkeep
|turn|180
|
|t:|1598576958
|switch|p1a: Dragalge|Dragalge, M|100/100
|switch|p2a: Umbreon|Umbreon, M|82/100 psn
|-damage|p2a: Umbreon|69/100 psn|[from] Stealth Rock
|
|-heal|p2a: Umbreon|75/100 psn|[from] item: Leftovers
|-damage|p2a: Umbreon|63/100 psn|[from] psn
|upkeep
|turn|181
|
|t:|1598576963
|move|p2a: Umbreon|Moonlight|p2a: Umbreon
|-heal|p2a: Umbreon|100/100 psn
|move|p1a: Dragalge|Toxic Spikes|p2a: Umbreon
|-sidestart|p2: Murman64|move: Toxic Spikes
|
|-damage|p2a: Umbreon|88/100 psn|[from] psn
|upkeep
|turn|182
|
|t:|1598576986
|switch|p2a: Slowbro|Slowbro-Galar, F|100/100
|-sideend|p2: Murman64|move: Toxic Spikes|[of] p2a: Slowbro
|-damage|p2a: Slowbro|88/100|[from] Stealth Rock
|move|p1a: Dragalge|Toxic Spikes|p2a: Slowbro
|-sidestart|p2: Murman64|move: Toxic Spikes
|
|upkeep
|turn|183
|n|‽RULT4pm Aqua|rult4pmaqua
|
|t:|1598576993
|switch|p2a: Umbreon|Umbreon, M|88/100 psn
|-damage|p2a: Umbreon|76/100 psn|[from] Stealth Rock
|move|p1a: Dragalge|Sludge Bomb|p2a: Umbreon
|-damage|p2a: Umbreon|54/100 psn
|
|-heal|p2a: Umbreon|60/100 psn|[from] item: Leftovers
|-damage|p2a: Umbreon|47/100 psn|[from] psn
|upkeep
|turn|184
|
|t:|1598577001
|switch|p1a: Tangela|Tangela, M|100/100
|move|p2a: Umbreon|Wish|p2a: Umbreon
|
|-heal|p2a: Umbreon|54/100 psn|[from] item: Leftovers
|-damage|p2a: Umbreon|41/100 psn|[from] psn
|upkeep
|turn|185
|
|t:|1598577004
|move|p2a: Umbreon|Protect|p2a: Umbreon
|-singleturn|p2a: Umbreon|Protect
|move|p1a: Tangela|Leech Seed|p2a: Umbreon
|-activate|p2a: Umbreon|move: Protect
|
|-heal|p2a: Umbreon|91/100 psn|[from] move: Wish|[wisher] Umbreon
|-heal|p2a: Umbreon|97/100 psn|[from] item: Leftovers
|-damage|p2a: Umbreon|85/100 psn|[from] psn
|upkeep
|turn|186
|
|t:|1598577011
|switch|p2a: Eldegoss|Eldegoss, M|75/100 psn
|-damage|p2a: Eldegoss|62/100 psn|[from] Stealth Rock
|move|p1a: Tangela|Sludge Bomb|p2a: Eldegoss
|-supereffective|p2a: Eldegoss
|-damage|p2a: Eldegoss|26/100 psn
|
|-damage|p2a: Eldegoss|14/100 psn|[from] psn
|upkeep
|turn|187
|
|t:|1598577020
|switch|p2a: Slowbro|Slowbro-Galar, F|100/100
|-damage|p2a: Slowbro|88/100|[from] Stealth Rock
|-sideend|p2: Murman64|move: Toxic Spikes|[of] p2a: Slowbro
|move|p1a: Tangela|Sludge Bomb|p2a: Slowbro
|-resisted|p2a: Slowbro
|-damage|p2a: Slowbro|75/100
|
|upkeep
|turn|188
|
|t:|1598577026
|move|p2a: Slowbro|Protect|p2a: Slowbro
|-singleturn|p2a: Slowbro|Protect
|move|p1a: Tangela|Sludge Bomb|p2a: Slowbro
|-activate|p2a: Slowbro|move: Protect
|
|upkeep
|turn|189
|
|t:|1598577030
|switch|p2a: Umbreon|Umbreon, M|85/100 psn
|-damage|p2a: Umbreon|72/100 psn|[from] Stealth Rock
|move|p1a: Tangela|Leech Seed|p2a: Umbreon
|-start|p2a: Umbreon|move: Leech Seed
|
|-heal|p2a: Umbreon|78/100 psn|[from] item: Leftovers
|-damage|p2a: Umbreon|66/100 psn|[from] Leech Seed|[of] p1a: Tangela
|-damage|p2a: Umbreon|54/100 psn|[from] psn
|upkeep
|turn|190
|
|t:|1598577035
|switch|p2a: Slowbro|Slowbro-Galar, F|100/100
|-damage|p2a: Slowbro|88/100|[from] Stealth Rock
|move|p1a: Tangela|Giga Drain|p2a: Slowbro
|-resisted|p2a: Slowbro
|-damage|p2a: Slowbro|73/100
|
|upkeep
|turn|191
|
|t:|1598577038
|switch|p2a: Umbreon|Umbreon, M|54/100 psn
|-damage|p2a: Umbreon|41/100 psn|[from] Stealth Rock
|move|p1a: Tangela|Knock Off|p2a: Umbreon
|-resisted|p2a: Umbreon
|-damage|p2a: Umbreon|36/100 psn
|-enditem|p2a: Umbreon|Leftovers|[from] move: Knock Off|[of] p1a: Tangela
|
|-damage|p2a: Umbreon|24/100 psn|[from] psn
|upkeep
|turn|192
|c| Yummers mc Stan|Give up bro
|inactive|RULT4pm Aqua has 120 seconds left.
|
|t:|1598577080
|switch|p2a: Eldegoss|Eldegoss, M|47/100 psn
|-damage|p2a: Eldegoss|35/100 psn|[from] Stealth Rock
|move|p1a: Tangela|Giga Drain|p2a: Eldegoss
|-resisted|p2a: Eldegoss
|-damage|p2a: Eldegoss|25/100 psn
|
|-damage|p2a: Eldegoss|13/100 psn|[from] psn
|upkeep
|turn|193
|
|t:|1598577085
|move|p2a: Eldegoss|Rapid Spin|p1a: Tangela
|-damage|p1a: Tangela|98/100
|-boost|p2a: Eldegoss|spe|1
|-sideend|p2: Murman64|Stealth Rock|[from] move: Rapid Spin|[of] p2a: Eldegoss
|move|p1a: Tangela|Sludge Bomb|p2a: Eldegoss
|-supereffective|p2a: Eldegoss
|-crit|p2a: Eldegoss
|-damage|p2a: Eldegoss|0 fnt
|faint|p2a: Eldegoss
|
|upkeep
|
|t:|1598577093
|switch|p2a: Umbreon|Umbreon, M|24/100 psn
|turn|194
|
|t:|1598577099
|move|p2a: Umbreon|Wish|p2a: Umbreon
|move|p1a: Tangela|Giga Drain|p2a: Umbreon
|-damage|p2a: Umbreon|10/100 psn
|-heal|p1a: Tangela|100/100|[from] drain|[of] p2a: Umbreon
|
|-damage|p2a: Umbreon|0 fnt|[from] psn
|faint|p2a: Umbreon
|upkeep
|
|t:|1598577103
|switch|p2a: Slowbro|Slowbro-Galar, F|100/100
|turn|195
|c|☆Murman64|well
|c|☆Murman64|this was fun
|c|☆Murman64|respect your dedication
|c|☆Murman64|still new to gen 8 ru so good to fight a good opponent
|
|t:|1598577132
|switch|p1a: Bronzong|Bronzong|100/100
|switch|p2a: Quagsire|Quagsire, F|100/100
|
|upkeep
|turn|196
|inactive|Murman64 has 120 seconds left.
|
|t:|1598577138
|switch|p2a: Slowbro|Slowbro-Galar, F|100/100
|switch|p1a: Tangela|Tangela, M|100/100
|
|upkeep
|turn|197
|
|t:|1598577142
|switch|p1a: Bronzong|Bronzong|100/100
|switch|p2a: Quagsire|Quagsire, F|100/100
|
|upkeep
|turn|198
|
|t:|1598577146
|move|p2a: Quagsire|Toxic|p1a: Bronzong
|-immune|p1a: Bronzong
|move|p1a: Bronzong|Stealth Rock|p2a: Quagsire
|-sidestart|p2: Murman64|move: Stealth Rock
|
|upkeep
|turn|199
|
|t:|1598577150
|switch|p1a: Tangela|Tangela, M|100/100
|move|p2a: Quagsire|Curse|p2a: Quagsire
|-unboost|p2a: Quagsire|spe|1
|-boost|p2a: Quagsire|atk|1
|-boost|p2a: Quagsire|def|1
|
|upkeep
|turn|200
|
|t:|1598577157
|move|p1a: Tangela|Leech Seed|p2a: Quagsire
|-start|p2a: Quagsire|move: Leech Seed
|move|p2a: Quagsire|Toxic|p1a: Tangela
|-status|p1a: Tangela|tox
|
|-damage|p2a: Quagsire|88/100|[from] Leech Seed|[of] p1a: Tangela
|-damage|p1a: Tangela|95/100 tox|[from] psn
|upkeep
|turn|201
|
|t:|1598577160
|switch|p2a: Slowbro|Slowbro-Galar, F|100/100
|-damage|p2a: Slowbro|88/100|[from] Stealth Rock
|move|p1a: Tangela|Giga Drain|p2a: Slowbro
|-resisted|p2a: Slowbro
|-damage|p2a: Slowbro|72/100
|-heal|p1a: Tangela|100/100 tox|[from] drain|[of] p2a: Slowbro
|
|-damage|p1a: Tangela|89/100 tox|[from] psn
|upkeep
|turn|202
|
|t:|1598577167
|switch|p1a: Umbreon|Umbreon, M|74/100
|move|p2a: Slowbro|Scald|p1a: Umbreon
|-damage|p1a: Umbreon|64/100
|
|upkeep
|turn|203
|
|t:|1598577174
|switch|p2a: Quagsire|Quagsire, F|88/100
|-damage|p2a: Quagsire|82/100|[from] Stealth Rock
|move|p1a: Umbreon|Foul Play|p2a: Quagsire
|-damage|p2a: Quagsire|64/100
|
|-heal|p2a: Quagsire|70/100|[from] item: Leftovers
|upkeep
|turn|204
|
|t:|1598577181
|move|p1a: Umbreon|Wish|p1a: Umbreon
|move|p2a: Quagsire|Toxic|p1a: Umbreon
|-status|p1a: Umbreon|tox
|-activate|p1a: Umbreon|ability: Synchronize
|-status|p2a: Quagsire|tox
|
|-heal|p2a: Quagsire|76/100 tox|[from] item: Leftovers
|-damage|p1a: Umbreon|58/100 tox|[from] psn
|-damage|p2a: Quagsire|70/100 tox|[from] psn
|upkeep
|turn|205
|
|t:|1598577187
|move|p1a: Umbreon|Heal Bell|p1a: Umbreon
|-activate|p1a: Umbreon|move: Heal Bell
|-curestatus|p1a: Umbreon|tox|[msg]
|-curestatus|p1: Tangela|tox|[msg]
|move|p2a: Quagsire|Recover|p2a: Quagsire
|-heal|p2a: Quagsire|100/100 tox
|
|-heal|p1a: Umbreon|100/100|[from] move: Wish|[wisher] Umbreon
|-damage|p2a: Quagsire|88/100 tox|[from] psn
|upkeep
|turn|206
|
|t:|1598577191
|switch|p1a: Bronzong|Bronzong|100/100
|switch|p2a: Slowbro|Slowbro-Galar, F|100/100
|-damage|p2a: Slowbro|88/100|[from] Stealth Rock
|
|upkeep
|turn|207
|
|t:|1598577195
|switch|p1a: Dragalge|Dragalge, M|100/100
|move|p2a: Slowbro|Scald|p1a: Dragalge
|-resisted|p1a: Dragalge
|-damage|p1a: Dragalge|94/100
|
|-heal|p1a: Dragalge|99/100|[from] item: Black Sludge
|upkeep
|turn|208
|
|t:|1598577202
|switch|p1a: Tangela|Tangela, M|100/100
|move|p2a: Slowbro|Protect||[still]
|-fail|p2a: Slowbro
|
|upkeep
|turn|209
|
|t:|1598577207
|move|p1a: Tangela|Knock Off|p2a: Slowbro
|-supereffective|p2a: Slowbro
|-damage|p2a: Slowbro|75/100
|move|p2a: Slowbro|Scald|p1a: Tangela
|-resisted|p1a: Tangela
|-damage|p1a: Tangela|89/100
|
|upkeep
|turn|210
|
|t:|1598577210
|switch|p2a: Quagsire|Quagsire, F|88/100 tox
|-damage|p2a: Quagsire|82/100 tox|[from] Stealth Rock
|move|p1a: Tangela|Knock Off|p2a: Quagsire
|-damage|p2a: Quagsire|72/100 tox
|-enditem|p2a: Quagsire|Leftovers|[from] move: Knock Off|[of] p1a: Tangela
|
|-damage|p2a: Quagsire|66/100 tox|[from] psn
|upkeep
|turn|211
|
|t:|1598577217
|move|p1a: Tangela|Giga Drain|p2a: Quagsire
|-supereffective|p2a: Quagsire
|-crit|p2a: Quagsire
|-damage|p2a: Quagsire|0 fnt
|-heal|p1a: Tangela|100/100|[from] drain|[of] p2a: Quagsire
|faint|p2a: Quagsire
|
|upkeep
|
|t:|1598577219
|switch|p2a: Slowbro|Slowbro-Galar, F|100/100
|-damage|p2a: Slowbro|88/100|[from] Stealth Rock
|turn|212
|
|t:|1598577226
|move|p2a: Slowbro|Protect|p2a: Slowbro
|-singleturn|p2a: Slowbro|Protect
|move|p1a: Tangela|Leech Seed|p2a: Slowbro
|-activate|p2a: Slowbro|move: Protect
|
|upkeep
|turn|213
|
|t:|1598577229
|move|p1a: Tangela|Leech Seed|p2a: Slowbro|[miss]
|-miss|p1a: Tangela|p2a: Slowbro
|move|p2a: Slowbro|Scald|p1a: Tangela
|-resisted|p1a: Tangela
|-damage|p1a: Tangela|89/100
|
|upkeep
|turn|214
|
|t:|1598577233
|move|p2a: Slowbro|Protect|p2a: Slowbro
|-singleturn|p2a: Slowbro|Protect
|move|p1a: Tangela|Knock Off|p2a: Slowbro
|-activate|p2a: Slowbro|move: Protect
|
|upkeep
|turn|215
|
|t:|1598577236
|move|p1a: Tangela|Leech Seed|p2a: Slowbro
|-start|p2a: Slowbro|move: Leech Seed
|move|p2a: Slowbro|Scald|p1a: Tangela
|-resisted|p1a: Tangela
|-damage|p1a: Tangela|76/100
|
|-damage|p2a: Slowbro|76/100|[from] Leech Seed|[of] p1a: Tangela
|-heal|p1a: Tangela|91/100|[silent]
|upkeep
|turn|216
|
|t:|1598577240
|switch|p1a: Mantine|Mantine, F|88/100
|move|p2a: Slowbro|Protect||[still]
|-fail|p2a: Slowbro
|
|-damage|p2a: Slowbro|63/100|[from] Leech Seed|[of] p1a: Mantine
|-heal|p1a: Mantine|100/100|[silent]
|upkeep
|turn|217
|
|t:|1598577243
|move|p1a: Mantine|Scald|p2a: Slowbro
|-damage|p2a: Slowbro|36/100
|move|p2a: Slowbro|Slack Off|p2a: Slowbro
|-heal|p2a: Slowbro|86/100
|
|-damage|p2a: Slowbro|73/100|[from] Leech Seed|[of] p1a: Mantine
|upkeep
|turn|218
|
|t:|1598577247
|move|p2a: Slowbro|Protect|p2a: Slowbro
|-singleturn|p2a: Slowbro|Protect
|move|p1a: Mantine|Scald|p2a: Slowbro
|-activate|p2a: Slowbro|move: Protect
|
|-damage|p2a: Slowbro|61/100|[from] Leech Seed|[of] p1a: Mantine
|upkeep
|turn|219
|
|t:|1598577249
|move|p1a: Mantine|Scald|p2a: Slowbro
|-damage|p2a: Slowbro|36/100
|move|p2a: Slowbro|Slack Off|p2a: Slowbro
|-heal|p2a: Slowbro|86/100
|
|-damage|p2a: Slowbro|74/100|[from] Leech Seed|[of] p1a: Mantine
|upkeep
|turn|220
|c| Yummers mc Stan|Omg
|c| Yummers mc Stan|Why
|
|t:|1598577260
|move|p2a: Slowbro|Protect|p2a: Slowbro
|-singleturn|p2a: Slowbro|Protect
|move|p1a: Mantine|Scald|p2a: Slowbro
|-activate|p2a: Slowbro|move: Protect
|
|-damage|p2a: Slowbro|61/100|[from] Leech Seed|[of] p1a: Mantine
|upkeep
|turn|221
|
|t:|1598577265
|move|p1a: Mantine|Scald|p2a: Slowbro
|-damage|p2a: Slowbro|34/100
|move|p2a: Slowbro|Slack Off|p2a: Slowbro
|-heal|p2a: Slowbro|84/100
|
|-damage|p2a: Slowbro|72/100|[from] Leech Seed|[of] p1a: Mantine
|upkeep
|turn|222
|
|t:|1598577271
|move|p2a: Slowbro|Protect|p2a: Slowbro
|-singleturn|p2a: Slowbro|Protect
|move|p1a: Mantine|Scald|p2a: Slowbro
|-activate|p2a: Slowbro|move: Protect
|
|-damage|p2a: Slowbro|59/100|[from] Leech Seed|[of] p1a: Mantine
|upkeep
|turn|223
|n|‽RULT4pm Aqua|rult4pmaqua
|
|t:|1598577277
|move|p1a: Mantine|Scald|p2a: Slowbro
|-damage|p2a: Slowbro|34/100
|-status|p2a: Slowbro|brn
|move|p2a: Slowbro|Slack Off|p2a: Slowbro
|-heal|p2a: Slowbro|84/100 brn
|
|-damage|p2a: Slowbro|72/100 brn|[from] Leech Seed|[of] p1a: Mantine
|-damage|p2a: Slowbro|65/100 brn|[from] brn
|upkeep
|turn|224
|
|t:|1598577283
|switch|p1a: Quagsire|Quagsire, F|100/100
|move|p2a: Slowbro|Slack Off|p2a: Slowbro
|-heal|p2a: Slowbro|100/100 brn
|
|-damage|p2a: Slowbro|88/100 brn|[from] Leech Seed|[of] p1a: Quagsire
|-damage|p2a: Slowbro|82/100 brn|[from] brn
|upkeep
|turn|225
|
|t:|1598577286
|move|p2a: Slowbro|Scald|p1a: Quagsire
|-damage|p1a: Quagsire|78/100
|move|p1a: Quagsire|Curse|p1a: Quagsire
|-unboost|p1a: Quagsire|spe|1
|-boost|p1a: Quagsire|atk|1
|-boost|p1a: Quagsire|def|1
|
|-damage|p2a: Slowbro|70/100 brn|[from] Leech Seed|[of] p1a: Quagsire
|-heal|p1a: Quagsire|91/100|[silent]
|-damage|p2a: Slowbro|63/100 brn|[from] brn
|upkeep
|turn|226
|
|t:|1598577289
|move|p2a: Slowbro|Scald|p1a: Quagsire
|-damage|p1a: Quagsire|69/100
|move|p1a: Quagsire|Earthquake|p2a: Slowbro
|-supereffective|p2a: Slowbro
|-damage|p2a: Slowbro|2/100 brn
|
|-damage|p2a: Slowbro|0 fnt|[from] Leech Seed|[of] p1a: Quagsire
|-heal|p1a: Quagsire|71/100|[silent]
|faint|p2a: Slowbro
|
|win|RULT4pm Aqua
|upkeep
|c|☆Murman64|gg
|c|☆Murman64|was fun
|raw|RULT4pm Aqua's rating: 1483 &rarr; <strong>1492</strong><br />(+9 for winning)
|raw|Murman64's rating: 1257 &rarr; <strong>1246</strong><br />(-11 for losing)
