|j|☆A-Loquesea
|j|☆NaomiGogoat67
|t:|1612317560
|player|p1|A-Loquesea|acetrainerf|1390
|player|p2|NaomiGogoat67|guzma|1240
|teamsize|p1|6
|teamsize|p2|6
|gametype|singles
|gen|8
|tier|[Gen 8] RU
|rated|
|clearpoke
|poke|p1|Dragalge, M|
|poke|p1|Klefki, F|
|poke|p1|Seismitoad, M|
|poke|p1|Xurkitree|
|poke|p1|Zarude|
|poke|p1|Crobat, M|
|poke|p2|Gardevoir, M|
|poke|p2|Seismitoad, F|
|poke|p2|Noivern, M|
|poke|p2|Obstagoon, F|
|poke|p2|Slowbro-Galar, M|
|poke|p2|Doublade, M|
|rule|Sleep Clause Mod: Limit one foe put to sleep
|rule|Species Clause: Limit one of each Pokémon
|rule|OHKO Clause: OHKO moves are banned
|rule|Evasion Moves Clause: Evasion moves are banned
|rule|Endless Battle Clause: Forcing endless battles is banned
|rule|HP Percentage Mod: HP is shown in percentages
|rule|Dynamax Clause: You cannot dynamax
|teampreview
|c|☆NaomiGogoat67|glhf
|inactive|Battle timer is ON: inactive players will automatically lose when time's up. (requested by NaomiGogoat67)
|
|t:|1612317579
|start
|switch|p1a: Zarude|Zarude|100/100
|switch|p2a: Noivern|Noivern, M, shiny|100/100
|turn|1
|
|t:|1612317585
|move|p2a: Noivern|Flamethrower|p1a: Zarude
|-supereffective|p1a: Zarude
|-damage|p1a: Zarude|49/100
|move|p1a: Zarude|U-turn|p2a: Noivern
|-resisted|p2a: Noivern
|-damage|p2a: Noivern|85/100
|
|t:|1612317597
|switch|p1a: Klefki|Klefki, F|100/100|[from]move: U-turn
|
|upkeep
|turn|2
|
|t:|1612317605
|switch|p2a: Seismitoad|Seismitoad, F|100/100
|move|p1a: Klefki|Spikes|p2a: Seismitoad
|-sidestart|p2: NaomiGogoat67|Spikes
|
|upkeep
|turn|3
|
|t:|1612317609
|move|p1a: Klefki|Switcheroo|p2a: Seismitoad
|-activate|p1a: Klefki|move: Trick|[of] p2a: Seismitoad
|-item|p2a: Seismitoad|Ring Target|[from] move: Switcheroo
|-item|p1a: Klefki|Leftovers|[from] move: Switcheroo
|move|p2a: Seismitoad|Knock Off|p1a: Klefki
|-resisted|p1a: Klefki
|-damage|p1a: Klefki|87/100
|-enditem|p1a: Klefki|Leftovers|[from] move: Knock Off|[of] p2a: Seismitoad
|
|upkeep
|turn|4
|
|t:|1612317617
|switch|p1a: Zarude|Zarude|49/100
|move|p2a: Seismitoad|Stealth Rock|p1a: Zarude
|-sidestart|p1: A-Loquesea|move: Stealth Rock
|
|upkeep
|turn|5
|
|t:|1612317624
|switch|p2a: Noivern|Noivern, M, shiny|85/100
|move|p1a: Zarude|U-turn|p2a: Noivern
|-resisted|p2a: Noivern
|-damage|p2a: Noivern|71/100
|
|t:|1612317627
|switch|p1a: Klefki|Klefki, F|87/100|[from]move: U-turn
|-damage|p1a: Klefki|81/100|[from] Stealth Rock
|
|upkeep
|turn|6
|
|t:|1612317633
|move|p1a: Klefki|Toxic|p2a: Noivern
|-status|p2a: Noivern|tox
|move|p2a: Noivern|Flamethrower|p1a: Klefki
|-supereffective|p1a: Klefki
|-damage|p1a: Klefki|40/100
|
|-damage|p2a: Noivern|65/100 tox|[from] psn
|upkeep
|turn|7
|
|t:|1612317635
|move|p1a: Klefki|Spikes|p2a: Noivern
|-sidestart|p2: NaomiGogoat67|Spikes
|move|p2a: Noivern|Flamethrower|p1a: Klefki
|-supereffective|p1a: Klefki
|-damage|p1a: Klefki|0 fnt
|faint|p1a: Klefki
|
|-damage|p2a: Noivern|53/100 tox|[from] psn
|upkeep
|
|t:|1612317637
|switch|p1a: Xurkitree|Xurkitree|100/100
|-damage|p1a: Xurkitree|88/100|[from] Stealth Rock
|turn|8
|
|t:|1612317640
|move|p1a: Xurkitree|Thunderbolt|p2a: Noivern
|-damage|p2a: Noivern|0 fnt
|faint|p2a: Noivern
|-ability|p1a: Xurkitree|Beast Boost|boost
|-boost|p1a: Xurkitree|spa|1
|
|upkeep
|
|t:|1612317645
|switch|p2a: Seismitoad|Seismitoad, F|100/100
|-damage|p2a: Seismitoad|84/100|[from] Spikes
|turn|9
|
|t:|1612317647
|move|p1a: Xurkitree|Thunderbolt|p2a: Seismitoad
|-supereffective|p2a: Seismitoad
|-damage|p2a: Seismitoad|0 fnt
|faint|p2a: Seismitoad
|-ability|p1a: Xurkitree|Beast Boost|boost
|-boost|p1a: Xurkitree|spa|1
|
|upkeep
|c|☆NaomiGogoat67|oh dang
|
|t:|1612317656
|switch|p2a: Gardevoir|Gardevoir, M|100/100
|-damage|p2a: Gardevoir|84/100|[from] Spikes
|-ability|p2a: Gardevoir|Beast Boost|[from] ability: Trace|[of] p1a: Xurkitree
|turn|10
|
|t:|1612317662
|move|p1a: Xurkitree|Thunderbolt|p2a: Gardevoir
|-damage|p2a: Gardevoir|0 fnt
|faint|p2a: Gardevoir
|-ability|p1a: Xurkitree|Beast Boost|boost
|-boost|p1a: Xurkitree|spa|1
|
|upkeep
|
|t:|1612317666
|switch|p2a: Slowbro|Slowbro-Galar, M|100/100
|-damage|p2a: Slowbro|84/100|[from] Spikes
|turn|11
|
|t:|1612317668
|move|p1a: Xurkitree|Thunderbolt|p2a: Slowbro
|-damage|p2a: Slowbro|0 fnt
|faint|p2a: Slowbro
|-ability|p1a: Xurkitree|Beast Boost|boost
|-boost|p1a: Xurkitree|spa|1
|
|upkeep
|c|☆NaomiGogoat67|gg
|-message|NaomiGogoat67 forfeited.
|
|win|A-Loquesea
|l|☆NaomiGogoat67
|c|☆A-Loquesea|gg
|raw|A-Loquesea's rating: 1397 &rarr; <strong>1409</strong><br />(+12 for winning)
|raw|NaomiGogoat67's rating: 1241 &rarr; <strong>1226</strong><br />(-15 for losing)
