|j|☆Glidinganteater
|j|☆32CountyRepublic
|t:|1621708171
|gametype|singles
|player|p1|Glidinganteater|palmer|1474
|player|p2|32CountyRepublic|linebacker|1411
|teamsize|p1|6
|teamsize|p2|6
|gen|8
|tier|[Gen 8] RU
|rated|
|rule|Sleep Clause Mod: Limit one foe put to sleep
|rule|Species Clause: Limit one of each Pokémon
|rule|OHKO Clause: OHKO moves are banned
|rule|Evasion Moves Clause: Evasion moves are banned
|rule|Endless Battle Clause: Forcing endless battles is banned
|rule|HP Percentage Mod: HP is shown in percentages
|rule|Dynamax Clause: You cannot dynamax
|clearpoke
|poke|p1|Noivern, M|
|poke|p1|Seismitoad, M|
|poke|p1|Dhelmise|
|poke|p1|Diancie|
|poke|p1|Ditto|
|poke|p1|Raikou|
|poke|p2|Toxtricity, F|
|poke|p2|Umbreon, M|
|poke|p2|Darmanitan, M|
|poke|p2|Seismitoad, M|
|poke|p2|Togekiss, F|
|poke|p2|Cloyster, M|
|teampreview
|inactive|Battle timer is ON: inactive players will automatically lose when time's up. (requested by 32CountyRepublic)
|
|t:|1621708186
|start
|switch|p1a: Noivern|Noivern, M|100/100
|switch|p2a: Toxtricity|Toxtricity, F|100/100
|turn|1
|
|t:|1621708190
|move|p1a: Noivern|U-turn|p2a: Toxtricity
|-resisted|p2a: Toxtricity
|-damage|p2a: Toxtricity|93/100
|
|t:|1621708193
|switch|p1a: Diancie|Diancie|100/100|[from]move: U-turn
|move|p2a: Toxtricity|Boomburst|p1a: Diancie
|-resisted|p1a: Diancie
|-damage|p1a: Diancie|71/100
|
|-heal|p1a: Diancie|77/100|[from] item: Leftovers
|upkeep
|turn|2
|
|t:|1621708201
|switch|p2a: Seismitoad|Seismitoad, M|100/100
|move|p1a: Diancie|Toxic|p2a: Seismitoad
|-status|p2a: Seismitoad|tox
|
|-heal|p1a: Diancie|83/100|[from] item: Leftovers
|-damage|p2a: Seismitoad|94/100 tox|[from] psn
|upkeep
|turn|3
|
|t:|1621708207
|switch|p1a: Dhelmise|Dhelmise|100/100
|move|p2a: Seismitoad|Toxic|p1a: Dhelmise
|-status|p1a: Dhelmise|tox
|
|-heal|p2a: Seismitoad|100/100 tox|[from] item: Leftovers
|-damage|p2a: Seismitoad|88/100 tox|[from] psn
|-damage|p1a: Dhelmise|94/100 tox|[from] psn
|upkeep
|turn|4
|
|t:|1621708216
|switch|p2a: Umbreon|Umbreon, M|100/100
|move|p1a: Dhelmise|Poltergeist|p2a: Umbreon
|-activate|p2a: Umbreon|move: Poltergeist|Leftovers
|-resisted|p2a: Umbreon
|-damage|p2a: Umbreon|77/100
|
|-heal|p2a: Umbreon|83/100|[from] item: Leftovers
|-damage|p1a: Dhelmise|82/100 tox|[from] psn
|upkeep
|turn|5
|
|t:|1621708221
|switch|p1a: Diancie|Diancie|83/100
|move|p2a: Umbreon|Wish|p2a: Umbreon
|
|-heal|p2a: Umbreon|89/100|[from] item: Leftovers
|-heal|p1a: Diancie|89/100|[from] item: Leftovers
|upkeep
|turn|6
|inactive|32CountyRepublic has 120 seconds left.
|
|t:|1621708253
|switch|p2a: Toxtricity|Toxtricity, F|93/100
|move|p1a: Diancie|Body Press|p2a: Toxtricity
|-resisted|p2a: Toxtricity
|-damage|p2a: Toxtricity|72/100
|
|-heal|p2a: Toxtricity|100/100|[from] move: Wish|[wisher] Umbreon
|-heal|p1a: Diancie|96/100|[from] item: Leftovers
|upkeep
|turn|7
|
|t:|1621708265
|switch|p1a: Seismitoad|Seismitoad, M|100/100
|move|p2a: Toxtricity|Overdrive|p1a: Seismitoad
|-immune|p1a: Seismitoad
|
|upkeep
|turn|8
|
|t:|1621708270
|switch|p2a: Umbreon|Umbreon, M|89/100
|move|p1a: Seismitoad|Knock Off|p2a: Umbreon
|-resisted|p2a: Umbreon
|-damage|p2a: Umbreon|80/100
|-enditem|p2a: Umbreon|Leftovers|[from] move: Knock Off|[of] p1a: Seismitoad
|
|upkeep
|turn|9
|
|t:|1621708276
|move|p1a: Seismitoad|Stealth Rock|p2a: Umbreon
|-sidestart|p2: 32CountyRepublic|move: Stealth Rock
|move|p2a: Umbreon|Heal Bell|p2a: Umbreon
|-activate|p2a: Umbreon|move: Heal Bell
|-curestatus|p2: Seismitoad|tox|[msg]
|
|upkeep
|turn|10
|
|t:|1621708287
|switch|p1a: Diancie|Diancie|96/100
|move|p2a: Umbreon|Wish|p2a: Umbreon
|
|-heal|p1a: Diancie|100/100|[from] item: Leftovers
|upkeep
|turn|11
|
|t:|1621708299
|switch|p2a: Toxtricity|Toxtricity, F|100/100
|-damage|p2a: Toxtricity|88/100|[from] Stealth Rock
|move|p1a: Diancie|Diamond Storm|p2a: Toxtricity
|-damage|p2a: Toxtricity|35/100
|
|-heal|p2a: Toxtricity|100/100|[from] move: Wish|[wisher] Umbreon
|upkeep
|turn|12
|
|t:|1621708309
|move|p2a: Toxtricity|Overdrive|p1a: Diancie
|-damage|p1a: Diancie|54/100
|move|p1a: Diancie|Diamond Storm|p2a: Toxtricity
|-damage|p2a: Toxtricity|48/100
|-boost|p1a: Diancie|def|2
|
|-heal|p1a: Diancie|60/100|[from] item: Leftovers
|upkeep
|turn|13
|
|t:|1621708322
|move|p2a: Toxtricity|Overdrive|p1a: Diancie
|-damage|p1a: Diancie|14/100
|move|p1a: Diancie|Body Press|p2a: Toxtricity
|-resisted|p2a: Toxtricity
|-damage|p2a: Toxtricity|8/100
|
|-heal|p1a: Diancie|20/100|[from] item: Leftovers
|upkeep
|turn|14
|
|t:|1621708327
|switch|p1a: Seismitoad|Seismitoad, M|100/100
|move|p2a: Toxtricity|Overdrive|p1a: Seismitoad
|-immune|p1a: Seismitoad
|
|upkeep
|turn|15
|
|t:|1621708341
|switch|p2a: Togekiss|Togekiss, F|100/100
|move|p1a: Seismitoad|Earthquake|p2a: Togekiss
|-immune|p2a: Togekiss
|
|upkeep
|turn|16
|
|t:|1621708347
|move|p2a: Togekiss|Defog|p1a: Seismitoad
|-unboost|p1a: Seismitoad|evasion|1
|-sideend|p2: 32CountyRepublic|Stealth Rock|[from] move: Defog|[of] p2a: Togekiss
|move|p1a: Seismitoad|Knock Off|p2a: Togekiss
|-resisted|p2a: Togekiss
|-damage|p2a: Togekiss|90/100
|-enditem|p2a: Togekiss|Heavy-Duty Boots|[from] move: Knock Off|[of] p1a: Seismitoad
|
|upkeep
|turn|17
|
|t:|1621708351
|switch|p1a: Raikou|Raikou|100/100
|-ability|p1a: Raikou|Pressure
|move|p2a: Togekiss|Air Slash|p1a: Raikou
|-resisted|p1a: Raikou
|-damage|p1a: Raikou|82/100
|
|upkeep
|turn|18
|
|t:|1621708355
|switch|p2a: Seismitoad|Seismitoad, M|88/100
|move|p1a: Raikou|Toxic|p2a: Seismitoad
|-status|p2a: Seismitoad|tox
|
|-heal|p2a: Seismitoad|94/100 tox|[from] item: Leftovers
|-damage|p2a: Seismitoad|88/100 tox|[from] psn
|upkeep
|turn|19
|
|t:|1621708362
|switch|p1a: Dhelmise|Dhelmise|82/100 tox
|move|p2a: Seismitoad|Stealth Rock|p1a: Dhelmise
|-sidestart|p1: Glidinganteater|move: Stealth Rock
|
|-heal|p2a: Seismitoad|94/100 tox|[from] item: Leftovers
|-damage|p2a: Seismitoad|82/100 tox|[from] psn
|-damage|p1a: Dhelmise|76/100 tox|[from] psn
|upkeep
|turn|20
|
|t:|1621708372
|switch|p2a: Darmanitan|Darmanitan, M|100/100
|move|p1a: Dhelmise|Rapid Spin|p2a: Darmanitan
|-damage|p2a: Darmanitan|69/100
|-boost|p1a: Dhelmise|spe|1
|-sideend|p1: Glidinganteater|Stealth Rock|[from] move: Rapid Spin|[of] p1a: Dhelmise
|
|-damage|p1a: Dhelmise|64/100 tox|[from] psn
|upkeep
|turn|21
|
|t:|1621708377
|switch|p1a: Seismitoad|Seismitoad, M|100/100
|move|p2a: Darmanitan|Flare Blitz|p1a: Seismitoad
|-resisted|p1a: Seismitoad
|-damage|p1a: Seismitoad|56/100
|-damage|p2a: Darmanitan|52/100|[from] Recoil
|
|-heal|p1a: Seismitoad|62/100|[from] item: Leftovers
|upkeep
|turn|22
|
|t:|1621708401
|move|p2a: Darmanitan|Zen Headbutt|p1a: Seismitoad
|-damage|p1a: Seismitoad|27/100
|move|p1a: Seismitoad|Stealth Rock|p2a: Darmanitan
|-sidestart|p2: 32CountyRepublic|move: Stealth Rock
|
|-heal|p1a: Seismitoad|33/100|[from] item: Leftovers
|upkeep
|turn|23
|
|t:|1621708409
|switch|p1a: Noivern|Noivern, M|100/100
|move|p2a: Darmanitan|Flare Blitz|p1a: Noivern
|-resisted|p1a: Noivern
|-damage|p1a: Noivern|30/100
|-damage|p2a: Darmanitan|31/100|[from] Recoil
|
|upkeep
|turn|24
|
|t:|1621708433
|switch|p2a: Toxtricity|Toxtricity, F|8/100
|-damage|p2a: Toxtricity|0 fnt|[from] Stealth Rock
|faint|p2a: Toxtricity
|move|p1a: Noivern|Draco Meteor|p2: Toxtricity|[notarget]
|-fail|p1a: Noivern
|
|upkeep
|
|t:|1621708441
|switch|p2a: Togekiss|Togekiss, F|90/100
|-damage|p2a: Togekiss|65/100|[from] Stealth Rock
|turn|25
|
|t:|1621708445
|move|p1a: Noivern|U-turn|p2a: Togekiss
|-resisted|p2a: Togekiss
|-damage|p2a: Togekiss|63/100
|j| scanik
|
|t:|1621708452
|switch|p1a: Diancie|Diancie|20/100|[from]move: U-turn
|move|p2a: Togekiss|Defog|p1a: Diancie
|-fail|p1a: Diancie|unboost|[from] ability: Clear Body|[of] p1a: Diancie
|-sideend|p2: 32CountyRepublic|Stealth Rock|[from] move: Defog|[of] p2a: Togekiss
|
|-heal|p1a: Diancie|26/100|[from] item: Leftovers
|upkeep
|turn|26
|
|t:|1621708466
|switch|p1a: Raikou|Raikou|82/100
|-ability|p1a: Raikou|Pressure
|move|p2a: Togekiss|Air Slash|p1a: Raikou
|-resisted|p1a: Raikou
|-damage|p1a: Raikou|62/100
|
|upkeep
|turn|27
|j| Off diva sim
|
|t:|1621708478
|switch|p1a: Dhelmise|Dhelmise|64/100 tox
|switch|p2a: Umbreon|Umbreon, M|80/100
|
|-damage|p1a: Dhelmise|58/100 tox|[from] psn
|upkeep
|turn|28
|
|t:|1621708492
|switch|p1a: Ditto|Ditto, shiny|100/100
|-transform|p1a: Ditto|p2a: Umbreon|[from] ability: Imposter
|move|p2a: Umbreon|Foul Play|p1a: Ditto
|-resisted|p1a: Ditto
|-damage|p1a: Ditto|92/100
|
|upkeep
|turn|29
|
|t:|1621708499
|switch|p2a: Cloyster|Cloyster, M|100/100
|move|p1a: Ditto|Wish|p1a: Ditto
|
|upkeep
|turn|30
|l| Off diva sim
|
|t:|1621708509
|switch|p1a: Diancie|Diancie|26/100
|move|p2a: Cloyster|Shell Smash|p2a: Cloyster
|-unboost|p2a: Cloyster|def|1
|-unboost|p2a: Cloyster|spd|1
|-boost|p2a: Cloyster|atk|2
|-boost|p2a: Cloyster|spa|2
|-boost|p2a: Cloyster|spe|2
|
|-heal|p1a: Diancie|75/100|[from] move: Wish|[wisher] Ditto
|-heal|p1a: Diancie|82/100|[from] item: Leftovers
|upkeep
|turn|31
|
|t:|1621708523
|switch|p1a: Seismitoad|Seismitoad, M|33/100
|move|p2a: Cloyster|Icicle Spear|p1a: Seismitoad
|-damage|p1a: Seismitoad|16/100
|-damage|p1a: Seismitoad|0 fnt
|faint|p1a: Seismitoad
|-hitcount|p1: Seismitoad|2
|
|upkeep
|
|t:|1621708530
|switch|p1a: Ditto|Ditto, shiny|92/100
|-transform|p1a: Ditto|p2a: Cloyster|[from] ability: Imposter
|turn|32
|
|t:|1621708537
|switch|p2a: Darmanitan|Darmanitan, M|31/100
|move|p1a: Ditto|Rock Blast|p2a: Darmanitan
|-supereffective|p2a: Darmanitan
|-damage|p2a: Darmanitan|0 fnt
|faint|p2a: Darmanitan
|-hitcount|p2: Darmanitan|1
|
|upkeep
|
|t:|1621708547
|switch|p2a: Seismitoad|Seismitoad, M|82/100 tox
|turn|33
|
|t:|1621708555
|switch|p1a: Dhelmise|Dhelmise|58/100 tox
|move|p2a: Seismitoad|Scald|p1a: Dhelmise
|-resisted|p1a: Dhelmise
|-damage|p1a: Dhelmise|46/100 tox
|
|-heal|p2a: Seismitoad|88/100 tox|[from] item: Leftovers
|-damage|p2a: Seismitoad|82/100 tox|[from] psn
|-damage|p1a: Dhelmise|40/100 tox|[from] psn
|upkeep
|turn|34
|
|t:|1621708561
|switch|p2a: Togekiss|Togekiss, F|63/100
|move|p1a: Dhelmise|Synthesis|p1a: Dhelmise
|-heal|p1a: Dhelmise|90/100 tox
|
|-damage|p1a: Dhelmise|78/100 tox|[from] psn
|upkeep
|turn|35
|
|t:|1621708571
|switch|p2a: Umbreon|Umbreon, M|80/100
|switch|p1a: Raikou|Raikou|62/100
|-ability|p1a: Raikou|Pressure
|
|upkeep
|turn|36
|
|t:|1621708581
|move|p1a: Raikou|Volt Switch|p2a: Umbreon
|-damage|p2a: Umbreon|64/100
|
|t:|1621708590
|switch|p1a: Noivern|Noivern, M|30/100|[from]move: Volt Switch
|move|p2a: Umbreon|Heal Bell|p2a: Umbreon
|-activate|p2a: Umbreon|move: Heal Bell
|-curestatus|p2: Seismitoad|tox|[msg]
|
|upkeep
|turn|37
|
|t:|1621708597
|move|p1a: Noivern|Roost|p1a: Noivern
|-heal|p1a: Noivern|80/100
|-singleturn|p1a: Noivern|move: Roost
|move|p2a: Umbreon|Wish|p2a: Umbreon
|
|upkeep
|turn|38
|
|t:|1621708606
|move|p1a: Noivern|U-turn|p2a: Umbreon
|-supereffective|p2a: Umbreon
|-damage|p2a: Umbreon|46/100
|
|t:|1621708609
|switch|p1a: Diancie|Diancie|82/100|[from]move: U-turn
|move|p2a: Umbreon|Foul Play|p1a: Diancie
|-resisted|p1a: Diancie
|-damage|p1a: Diancie|69/100
|
|-heal|p2a: Umbreon|96/100|[from] move: Wish|[wisher] Umbreon
|-heal|p1a: Diancie|75/100|[from] item: Leftovers
|upkeep
|turn|39
|
|t:|1621708622
|switch|p2a: Seismitoad|Seismitoad, M|82/100
|move|p1a: Diancie|Toxic|p2a: Seismitoad
|-status|p2a: Seismitoad|tox
|
|-heal|p2a: Seismitoad|88/100 tox|[from] item: Leftovers
|-heal|p1a: Diancie|82/100|[from] item: Leftovers
|-damage|p2a: Seismitoad|82/100 tox|[from] psn
|upkeep
|turn|40
|
|t:|1621708634
|switch|p1a: Ditto|Ditto, shiny|92/100
|-transform|p1a: Ditto|p2a: Seismitoad|[from] ability: Imposter
|move|p2a: Seismitoad|Scald|p1a: Ditto
|-heal|p1a: Ditto|100/100|[from] ability: Water Absorb|[of] p2a: Seismitoad
|
|-heal|p2a: Seismitoad|88/100 tox|[from] item: Leftovers
|-damage|p2a: Seismitoad|76/100 tox|[from] psn
|upkeep
|turn|41
|
|t:|1621708643
|move|p1a: Ditto|Stealth Rock|p2a: Seismitoad
|-sidestart|p2: 32CountyRepublic|move: Stealth Rock
|move|p2a: Seismitoad|Toxic|p1a: Ditto
|-status|p1a: Ditto|tox
|
|-heal|p2a: Seismitoad|82/100 tox|[from] item: Leftovers
|-damage|p1a: Ditto|94/100 tox|[from] psn
|-damage|p2a: Seismitoad|64/100 tox|[from] psn
|upkeep
|turn|42
|
|t:|1621708649
|switch|p1a: Dhelmise|Dhelmise|78/100 tox
|move|p2a: Seismitoad|Stealth Rock|p1a: Dhelmise
|-sidestart|p1: Glidinganteater|move: Stealth Rock
|
|-heal|p2a: Seismitoad|70/100 tox|[from] item: Leftovers
|-damage|p2a: Seismitoad|46/100 tox|[from] psn
|-damage|p1a: Dhelmise|72/100 tox|[from] psn
|upkeep
|turn|43
|
|t:|1621708657
|switch|p2a: Umbreon|Umbreon, M|96/100
|-damage|p2a: Umbreon|83/100|[from] Stealth Rock
|move|p1a: Dhelmise|Rapid Spin|p2a: Umbreon
|-damage|p2a: Umbreon|68/100
|-boost|p1a: Dhelmise|spe|1
|-sideend|p1: Glidinganteater|Stealth Rock|[from] move: Rapid Spin|[of] p1a: Dhelmise
|
|-damage|p1a: Dhelmise|60/100 tox|[from] psn
|upkeep
|turn|44
|
|t:|1621708663
|switch|p1a: Diancie|Diancie|82/100
|move|p2a: Umbreon|Foul Play|p1a: Diancie
|-resisted|p1a: Diancie
|-damage|p1a: Diancie|69/100
|
|-heal|p1a: Diancie|75/100|[from] item: Leftovers
|upkeep
|turn|45
|
|t:|1621708675
|move|p2a: Umbreon|Heal Bell|p2a: Umbreon
|-activate|p2a: Umbreon|move: Heal Bell
|-curestatus|p2: Seismitoad|tox|[msg]
|move|p1a: Diancie|Body Press|p2a: Umbreon
|-supereffective|p2a: Umbreon
|-damage|p2a: Umbreon|25/100
|
|-heal|p1a: Diancie|81/100|[from] item: Leftovers
|upkeep
|turn|46
|
|t:|1621708687
|move|p2a: Umbreon|Wish|p2a: Umbreon
|move|p1a: Diancie|Body Press|p2a: Umbreon
|-supereffective|p2a: Umbreon
|-damage|p2a: Umbreon|0 fnt
|faint|p2a: Umbreon
|
|-heal|p1a: Diancie|87/100|[from] item: Leftovers
|upkeep
|
|t:|1621708701
|switch|p2a: Cloyster|Cloyster, M|100/100
|-damage|p2a: Cloyster|76/100|[from] Stealth Rock
|turn|47
|
|t:|1621708707
|move|p2a: Cloyster|Shell Smash|p2a: Cloyster
|-unboost|p2a: Cloyster|def|1
|-unboost|p2a: Cloyster|spd|1
|-boost|p2a: Cloyster|atk|2
|-boost|p2a: Cloyster|spa|2
|-boost|p2a: Cloyster|spe|2
|move|p1a: Diancie|Diamond Storm|p2a: Cloyster
|-supereffective|p2a: Cloyster
|-damage|p2a: Cloyster|0 fnt
|-boost|p1a: Diancie|def|2
|faint|p2a: Cloyster
|
|-heal|p1a: Diancie|94/100|[from] item: Leftovers
|upkeep
|-message|32CountyRepublic forfeited.
|
|win|Glidinganteater
|raw|Glidinganteater's rating: 1474 &rarr; <strong>1490</strong><br />(+16 for winning)
|raw|32CountyRepublic's rating: 1411 &rarr; <strong>1395</strong><br />(-16 for losing)
|l|☆32CountyRepublic
