|j|☆Davicin
|j|☆Kyerndo
|t:|1646784513
|gametype|singles
|player|p1|Davicin|266|1245
|player|p2|Kyerndo|265|1370
|teamsize|p1|6
|teamsize|p2|6
|gen|8
|tier|[Gen 8] RU
|rated|
|rule|Sleep Clause Mod: Limit one foe put to sleep
|rule|Species Clause: Limit one of each Pokémon
|rule|OHKO Clause: OHKO moves are banned
|rule|Evasion Moves Clause: Evasion moves are banned
|rule|Endless Battle Clause: Forcing endless battles is banned
|rule|HP Percentage Mod: HP is shown in percentages
|rule|Dynamax Clause: You cannot dynamax
|clearpoke
|poke|p1|Cresselia, F|
|poke|p1|Porygon2|
|poke|p1|Grimmsnarl, M|
|poke|p1|Exeggutor-Alola, F|
|poke|p1|Marowak-Alola, F|
|poke|p1|Golisopod, M|
|poke|p2|Marowak-Alola, F|
|poke|p2|Dragalge, F|
|poke|p2|Copperajah, M|
|poke|p2|Bronzong|
|poke|p2|Cresselia, F|
|poke|p2|Diancie|
|teampreview
|inactive|Battle timer is ON: inactive players will automatically lose when time's up. (requested by Davicin)
|
|t:|1646784536
|start
|switch|p1a: Grimmsnarl|Grimmsnarl, M, shiny|100/100
|switch|p2a: Marowak|Marowak-Alola, F|100/100
|turn|1
|
|t:|1646784546
|switch|p2a: Diancie|Diancie|100/100
|move|p1a: Grimmsnarl|Darkest Lariat|p2a: Diancie
|-resisted|p2a: Diancie
|-damage|p2a: Diancie|72/100
|
|upkeep
|turn|2
|
|t:|1646784561
|switch|p1a: Golisopod|Golisopod, M, shiny|100/100
|move|p2a: Diancie|Diamond Storm|p1a: Golisopod
|-supereffective|p1a: Golisopod
|-damage|p1a: Golisopod|48/100
|-activate|p1a: Golisopod|ability: Emergency Exit
|
|t:|1646784574
|switch|p1a: Cresselia|Cresselia, F, shiny|100/100
|
|upkeep
|turn|3
|
|t:|1646784579
|move|p2a: Diancie|Stealth Rock|p1a: Cresselia
|-sidestart|p1: Davicin|move: Stealth Rock
|move|p1a: Cresselia|Trick Room|p1a: Cresselia
|-fieldstart|move: Trick Room|[of] p1a: Cresselia
|
|upkeep
|turn|4
|c|☆Kyerndo|I don't know if this helps you or me more and I'm scared
|inactive|Kyerndo has 120 seconds left.
|
|t:|1646784611
|switch|p2a: Dragalge|Dragalge, F|100/100
|move|p1a: Cresselia|Lunar Dance|p1a: Cresselia
|faint|p1a: Cresselia
|
|upkeep
|
|t:|1646784622
|switch|p1a: Grimmsnarl|Grimmsnarl, M, shiny|100/100
|-heal|p1a: Grimmsnarl|100/100|[from] move: Lunar Dance
|-damage|p1a: Grimmsnarl|88/100|[from] Stealth Rock
|turn|5
|
|t:|1646784630
|move|p2a: Dragalge|Sludge Wave|p1a: Grimmsnarl
|-supereffective|p1a: Grimmsnarl
|-damage|p1a: Grimmsnarl|0 fnt
|faint|p1a: Grimmsnarl
|
|upkeep
|j| ghghgfjkykdkdckx
|
|t:|1646784637
|switch|p1a: Marowak|Marowak-Alola, F|100/100
|-damage|p1a: Marowak|76/100|[from] Stealth Rock
|turn|6
|
|t:|1646784648
|switch|p2a: Copperajah|Copperajah, M|100/100
|move|p1a: Marowak|Substitute|p1a: Marowak
|-start|p1a: Marowak|Substitute
|-damage|p1a: Marowak|51/100
|
|upkeep
|turn|7
|l| ghghgfjkykdkdckx
|
|t:|1646784655
|move|p2a: Copperajah|Iron Head|p1a: Marowak
|-resisted|p1a: Marowak
|-end|p1a: Marowak|Substitute
|move|p1a: Marowak|Flare Blitz|p2a: Copperajah
|-supereffective|p2a: Copperajah
|-damage|p2a: Copperajah|0 fnt
|faint|p2a: Copperajah
|
|-fieldend|move: Trick Room
|upkeep
|
|t:|1646784664
|switch|p2a: Diancie|Diancie|72/100
|turn|8
|
|t:|1646784672
|switch|p1a: Exeggutor|Exeggutor-Alola, F, shiny|100/100
|-damage|p1a: Exeggutor|88/100|[from] Stealth Rock
|-item|p2a: Diancie|Shuca Berry|[from] ability: Frisk|[of] p1a: Exeggutor|[identify]
|move|p2a: Diancie|Diamond Storm|p1a: Exeggutor
|-damage|p1a: Exeggutor|53/100
|-boost|p2a: Diancie|def|2
|
|upkeep
|turn|9
|
|t:|1646784695
|switch|p2a: Cresselia|Cresselia, F|100/100
|move|p1a: Exeggutor|Trick Room|p1a: Exeggutor
|-fieldstart|move: Trick Room|[of] p1a: Exeggutor
|
|upkeep
|turn|10
|
|t:|1646784706
|move|p1a: Exeggutor|Draco Meteor|p2a: Cresselia
|-damage|p2a: Cresselia|64/100
|-unboost|p1a: Exeggutor|spa|2
|-enditem|p1a: Exeggutor|Eject Pack
|
|t:|1646784711
|switch|p1a: Marowak|Marowak-Alola, F|51/100
|-damage|p1a: Marowak|26/100|[from] Stealth Rock
|move|p2a: Cresselia|Ice Beam|p1a: Marowak
|-resisted|p1a: Marowak
|-damage|p1a: Marowak|16/100
|
|upkeep
|turn|11
|
|t:|1646784734
|switch|p2a: Diancie|Diancie|72/100
|move|p1a: Marowak|Poltergeist|p2a: Diancie
|-activate|p2a: Diancie|move: Poltergeist|Shuca Berry
|-damage|p2a: Diancie|1/100
|
|upkeep
|turn|12
|
|t:|1646784743
|move|p2a: Diancie|Diamond Storm|p1a: Marowak
|-supereffective|p1a: Marowak
|-damage|p1a: Marowak|0 fnt
|-boost|p2a: Diancie|def|2
|faint|p1a: Marowak
|
|upkeep
|
|t:|1646784750
|switch|p1a: Golisopod|Golisopod, M, shiny|48/100
|-damage|p1a: Golisopod|23/100|[from] Stealth Rock
|turn|13
|
|t:|1646784757
|move|p1a: Golisopod|First Impression|p2a: Diancie
|-resisted|p2a: Diancie
|-damage|p2a: Diancie|0 fnt
|faint|p2a: Diancie
|-damage|p1a: Golisopod|13/100|[from] item: Life Orb
|
|-fieldend|move: Trick Room
|upkeep
|
|t:|1646784768
|switch|p2a: Dragalge|Dragalge, F|100/100
|turn|14
|
|t:|1646784774
|move|p1a: Golisopod|Leech Life|p2a: Dragalge
|-resisted|p2a: Dragalge
|-damage|p2a: Dragalge|68/100
|-heal|p1a: Golisopod|29/100|[from] drain|[of] p2a: Dragalge
|-damage|p1a: Golisopod|19/100|[from] item: Life Orb
|move|p2a: Dragalge|Sludge Wave|p1a: Golisopod
|-damage|p1a: Golisopod|0 fnt
|faint|p1a: Golisopod
|
|upkeep
|
|t:|1646784786
|switch|p1a: Porygon2|Porygon2, shiny|100/100
|-damage|p1a: Porygon2|88/100|[from] Stealth Rock
|-ability|p1a: Porygon2|Adaptability|[from] ability: Trace|[of] p2a: Dragalge
|turn|15
|
|t:|1646784793
|switch|p2a: Cresselia|Cresselia, F|64/100
|move|p1a: Porygon2|Trick Room|p1a: Porygon2
|-fieldstart|move: Trick Room|[of] p1a: Porygon2
|
|upkeep
|turn|16
|-message|Davicin forfeited.
|
|win|Kyerndo
|raw|Davicin's rating: 1245 &rarr; <strong>1229</strong><br />(-16 for losing)
|raw|Kyerndo's rating: 1370 &rarr; <strong>1383</strong><br />(+13 for winning)
|l|☆Davicin
||Ladder isn't responding, score probably updated but might not have (Request timeout).
