|j|☆Bump is testing
|j|☆Testinganteater
|t:|1659571798
|gametype|singles
|player|p1|Bump is testing|giovanni|1317
|player|p2|Testinganteater|juggler|1285
|teamsize|p1|6
|teamsize|p2|6
|gen|8
|tier|[Gen 8] RU
|rated|
|rule|Sleep Clause Mod: Limit one foe put to sleep
|rule|Species Clause: Limit one of each Pokémon
|rule|OHKO Clause: OHKO moves are banned
|rule|Evasion Moves Clause: Evasion moves are banned
|rule|Endless Battle Clause: Forcing endless battles is banned
|rule|HP Percentage Mod: HP is shown in percentages
|rule|Dynamax Clause: You cannot dynamax
|clearpoke
|poke|p1|Umbreon, F|
|poke|p1|Weezing-Galar, M|
|poke|p1|Seismitoad, M|
|poke|p1|Barbaracle, M|
|poke|p1|Lucario, F|
|poke|p1|Xurkitree|
|poke|p2|Gardevoir, F|
|poke|p2|Heracross, M|
|poke|p2|Flygon, M|
|poke|p2|Bronzong|
|poke|p2|Heliolisk, M|
|poke|p2|Golisopod, M|
|teampreview
|
|t:|1659571821
|start
|switch|p1a: Xurkitree|Xurkitree|100/100
|switch|p2a: Heliolisk|Heliolisk, M|100/100
|turn|1
|
|t:|1659571832
|move|p1a: Xurkitree|Volt Switch|p2a: Heliolisk
|-resisted|p2a: Heliolisk
|-damage|p2a: Heliolisk|70/100
|
|t:|1659571836
|switch|p1a: Seismitoad|Seismitoad, M|100/100|[from]move: Volt Switch
|move|p2a: Heliolisk|U-turn|p1a: Seismitoad
|-damage|p1a: Seismitoad|91/100
|
|t:|1659571849
|switch|p2a: Heracross|Heracross, M|100/100|[from]move: U-turn
|
|-heal|p1a: Seismitoad|97/100|[from] item: Leftovers
|-status|p2a: Heracross|brn|[from] item: Flame Orb
|upkeep
|turn|2
|inactive|Battle timer is ON: inactive players will automatically lose when time's up. (requested by Testinganteater)
|
|t:|1659571897
|switch|p1a: Weezing|Weezing-Galar, M|100/100
|move|p2a: Heracross|Knock Off|p1a: Weezing
|-resisted|p1a: Weezing
|-damage|p1a: Weezing|86/100
|-damage|p2a: Heracross|84/100 brn|[from] item: Rocky Helmet|[of] p1a: Weezing
|-enditem|p1a: Weezing|Rocky Helmet|[from] move: Knock Off|[of] p2a: Heracross
|
|-damage|p2a: Heracross|78/100 brn|[from] brn
|upkeep
|turn|3
|
|t:|1659571907
|switch|p2a: Bronzong|Bronzong|100/100
|move|p1a: Weezing|Strange Steam|p2a: Bronzong
|-resisted|p2a: Bronzong
|-damage|p2a: Bronzong|92/100
|-start|p2a: Bronzong|confusion
|
|-heal|p2a: Bronzong|98/100|[from] item: Leftovers
|upkeep
|turn|4
|
|t:|1659571923
|move|p1a: Weezing|Will-O-Wisp|p2a: Bronzong|[miss]
|-miss|p1a: Weezing|p2a: Bronzong
|-activate|p2a: Bronzong|confusion
|move|p2a: Bronzong|Toxic|p1a: Weezing
|-immune|p1a: Weezing
|
|-heal|p2a: Bronzong|100/100|[from] item: Leftovers
|upkeep
|turn|5
|
|t:|1659571937
|switch|p2a: Gardevoir|Gardevoir, F, shiny|100/100
|-ability|p2a: Gardevoir|Levitate|[from] ability: Trace|[of] p1a: Weezing
|move|p1a: Weezing|Strange Steam|p2a: Gardevoir
|-damage|p2a: Gardevoir|71/100
|
|upkeep
|turn|6
|inactive|Testinganteater has 120 seconds left.
|
|t:|1659571964
|switch|p1a: Umbreon|Umbreon, F|100/100
|move|p2a: Gardevoir|Trick|p1a: Umbreon
|-activate|p2a: Gardevoir|move: Trick|[of] p1a: Umbreon
|-item|p1a: Umbreon|Choice Scarf|[from] move: Trick
|-item|p2a: Gardevoir|Leftovers|[from] move: Trick
|
|-heal|p2a: Gardevoir|77/100|[from] item: Leftovers
|upkeep
|turn|7
|inactive|Testinganteater has 120 seconds left.
|
|t:|1659571980
|switch|p1a: Xurkitree|Xurkitree|100/100
|move|p2a: Gardevoir|Moonblast|p1a: Xurkitree
|-damage|p1a: Xurkitree|25/100
|
|-heal|p2a: Gardevoir|83/100|[from] item: Leftovers
|upkeep
|turn|8
|inactive|Testinganteater has 120 seconds left.
|
|t:|1659571999
|switch|p2a: Bronzong|Bronzong|100/100
|move|p1a: Xurkitree|Volt Switch|p2a: Bronzong
|-damage|p2a: Bronzong|69/100
|
|t:|1659572007
|switch|p1a: Lucario|Lucario, F|100/100|[from]move: Volt Switch
|
|-heal|p2a: Bronzong|75/100|[from] item: Leftovers
|upkeep
|turn|9
|
|t:|1659572013
|move|p1a: Lucario|Swords Dance|p1a: Lucario
|-boost|p1a: Lucario|atk|2
|move|p2a: Bronzong|Earthquake|p1a: Lucario
|-supereffective|p1a: Lucario
|-damage|p1a: Lucario|35/100
|
|-heal|p2a: Bronzong|82/100|[from] item: Leftovers
|upkeep
|turn|10
|
|t:|1659572023
|switch|p2a: Gardevoir|Gardevoir, F, shiny|83/100
|-ability|p2a: Gardevoir|Inner Focus|[from] ability: Trace|[of] p1a: Lucario
|move|p1a: Lucario|Close Combat|p2a: Gardevoir
|-resisted|p2a: Gardevoir
|-damage|p2a: Gardevoir|19/100
|-unboost|p1a: Lucario|def|1
|-unboost|p1a: Lucario|spd|1
|-damage|p1a: Lucario|25/100|[from] item: Life Orb
|
|-heal|p2a: Gardevoir|25/100|[from] item: Leftovers
|upkeep
|turn|11
|inactive|Testinganteater has 120 seconds left.
|
|t:|1659572048
|switch|p2a: Bronzong|Bronzong|82/100
|move|p1a: Lucario|Extreme Speed|p2a: Bronzong
|-resisted|p2a: Bronzong
|-damage|p2a: Bronzong|55/100
|-damage|p1a: Lucario|15/100|[from] item: Life Orb
|
|-heal|p2a: Bronzong|61/100|[from] item: Leftovers
|upkeep
|turn|12
|inactive|Testinganteater has 120 seconds left.
|inactive|Testinganteater has 90 seconds left.
|
|t:|1659572093
|switch|p2a: Heracross|Heracross, M|78/100 brn
|move|p1a: Lucario|Close Combat|p2a: Heracross
|-resisted|p2a: Heracross
|-damage|p2a: Heracross|0 fnt
|-unboost|p1a: Lucario|def|1
|-unboost|p1a: Lucario|spd|1
|faint|p2a: Heracross
|-damage|p1a: Lucario|5/100|[from] item: Life Orb
|
|upkeep
|
|t:|1659572106
|switch|p2a: Flygon|Flygon, M, shiny|100/100
|turn|13
|
|t:|1659572108
|move|p1a: Lucario|Extreme Speed|p2a: Flygon
|-damage|p2a: Flygon|23/100
|-damage|p1a: Lucario|0 fnt|[from] item: Life Orb
|faint|p1a: Lucario
|move|p2a: Flygon|Roost|p2a: Flygon
|-heal|p2a: Flygon|73/100
|-singleturn|p2a: Flygon|move: Roost
|
|upkeep
|
|t:|1659572120
|switch|p1a: Seismitoad|Seismitoad, M|97/100
|turn|14
|inactive|Testinganteater has 90 seconds left.
|
|t:|1659572132
|move|p2a: Flygon|Earthquake|p1a: Seismitoad
|-damage|p1a: Seismitoad|55/100
|move|p1a: Seismitoad|Stealth Rock|p2a: Flygon
|-sidestart|p2: Testinganteater|move: Stealth Rock
|
|-heal|p1a: Seismitoad|61/100|[from] item: Leftovers
|upkeep
|turn|15
|inactive|Testinganteater has 90 seconds left.
|
|t:|1659572162
|move|p2a: Flygon|Defog|p1a: Seismitoad
|-unboost|p1a: Seismitoad|evasion|1
|-sideend|p2: Testinganteater|Stealth Rock|[from] move: Defog|[of] p2a: Flygon
|move|p1a: Seismitoad|Toxic|p2a: Flygon
|-status|p2a: Flygon|tox
|
|-heal|p1a: Seismitoad|67/100|[from] item: Leftovers
|-damage|p2a: Flygon|67/100 tox|[from] psn
|upkeep
|turn|16
|
|t:|1659572168
|move|p2a: Flygon|U-turn|p1a: Seismitoad
|-damage|p1a: Seismitoad|49/100
|
|t:|1659572172
|switch|p2a: Golisopod|Golisopod, M|100/100|[from]move: U-turn
|move|p1a: Seismitoad|Stealth Rock|p2a: Golisopod
|-sidestart|p2: Testinganteater|move: Stealth Rock
|
|-heal|p1a: Seismitoad|55/100|[from] item: Leftovers
|upkeep
|turn|17
|
|t:|1659572184
|move|p1a: Seismitoad|Toxic|p2a: Golisopod
|-status|p2a: Golisopod|tox
|move|p2a: Golisopod|Spikes|p1a: Seismitoad
|-sidestart|p1: Bump is testing|Spikes
|
|-heal|p1a: Seismitoad|61/100|[from] item: Leftovers
|-damage|p2a: Golisopod|95/100 tox|[from] psn
|upkeep
|turn|18
|
|t:|1659572196
|switch|p1a: Barbaracle|Barbaracle, M|100/100
|-damage|p1a: Barbaracle|88/100|[from] Spikes
|move|p2a: Golisopod|Spikes|p1a: Barbaracle
|-sidestart|p1: Bump is testing|Spikes
|
|-damage|p2a: Golisopod|83/100 tox|[from] psn
|upkeep
|turn|19
|
|t:|1659572202
|move|p2a: Golisopod|Aqua Jet|p1a: Barbaracle
|-damage|p1a: Barbaracle|66/100
|move|p1a: Barbaracle|Stone Edge|p2a: Golisopod
|-supereffective|p2a: Golisopod
|-damage|p2a: Golisopod|3/100 tox
|-activate|p2a: Golisopod|ability: Emergency Exit
|
|t:|1659572220
|switch|p2a: Heliolisk|Heliolisk, M|70/100
|
|upkeep
|turn|20
|
|t:|1659572240
|switch|p1a: Umbreon|Umbreon, F|100/100
|-damage|p1a: Umbreon|84/100|[from] Spikes
|move|p2a: Heliolisk|Grass Knot|p1a: Umbreon
|-damage|p1a: Umbreon|72/100
|
|upkeep
|turn|21
|inactive|Testinganteater has 90 seconds left.
|
|t:|1659572272
|move|p2a: Heliolisk|U-turn|p1a: Umbreon
|-supereffective|p1a: Umbreon
|-crit|p1a: Umbreon
|-damage|p1a: Umbreon|53/100
|inactive|Testinganteater has 60 seconds left.
|
|t:|1659572299
|switch|p2a: Flygon|Flygon, M, shiny|67/100 tox|[from]move: U-turn
|-damage|p2a: Flygon|61/100 tox|[from] Stealth Rock
|move|p1a: Umbreon|Wish|p1a: Umbreon
|
|-damage|p2a: Flygon|55/100 tox|[from] psn
|upkeep
|turn|22
|inactive|Testinganteater has 60 seconds left.
|
|t:|1659572316
|move|p2a: Flygon|Earthquake|p1a: Umbreon
|-damage|p1a: Umbreon|27/100
|move|p1a: Umbreon|Wish||[still]
|-fail|p1a: Umbreon
|
|-heal|p1a: Umbreon|77/100|[from] move: Wish|[wisher] Umbreon
|-damage|p2a: Flygon|43/100 tox|[from] psn
|upkeep
|turn|23
|
|t:|1659572328
|switch|p1a: Weezing|Weezing-Galar, M|86/100
|move|p2a: Flygon|U-turn|p1a: Weezing
|-resisted|p1a: Weezing
|-damage|p1a: Weezing|83/100
|
|t:|1659572332
|switch|p2a: Gardevoir|Gardevoir, F, shiny|25/100|[from]move: U-turn
|-damage|p2a: Gardevoir|13/100|[from] Stealth Rock
|-ability|p2a: Gardevoir|Levitate|[from] ability: Trace|[of] p1a: Weezing
|
|-heal|p2a: Gardevoir|19/100|[from] item: Leftovers
|upkeep
|turn|24
|
|t:|1659572338
|switch|p1a: Umbreon|Umbreon, F|77/100
|-damage|p1a: Umbreon|61/100|[from] Spikes
|move|p2a: Gardevoir|Psychic|p1a: Umbreon
|-immune|p1a: Umbreon
|
|-heal|p2a: Gardevoir|25/100|[from] item: Leftovers
|upkeep
|turn|25
|
|t:|1659572355
|move|p2a: Gardevoir|Moonblast|p1a: Umbreon
|-supereffective|p1a: Umbreon
|-damage|p1a: Umbreon|3/100
|-unboost|p1a: Umbreon|spa|1
|move|p1a: Umbreon|Foul Play|p2a: Gardevoir
|-damage|p2a: Gardevoir|0 fnt
|faint|p2a: Gardevoir
|
|upkeep
|
|t:|1659572362
|switch|p2a: Heliolisk|Heliolisk, M|70/100
|turn|26
|inactive|Testinganteater has 90 seconds left.
|
|t:|1659572374
|move|p2a: Heliolisk|Thunderbolt|p1a: Umbreon
|-damage|p1a: Umbreon|0 fnt
|faint|p1a: Umbreon
|
|upkeep
|l|☆Bump is testing
|inactive|Bump is testing disconnected and has a minute to reconnect!
|player|p1|
|j|☆Bump is testing
|inactive|Bump is testing reconnected and has 130 seconds left.
|player|p1|Bump is testing|giovanni
|inactive|Bump is testing has 120 seconds left.
|
|t:|1659572419
|switch|p1a: Weezing|Weezing-Galar, M|83/100
|turn|27
|
|t:|1659572427
|move|p2a: Heliolisk|U-turn|p1a: Weezing
|-resisted|p1a: Weezing
|-damage|p1a: Weezing|82/100
|
|t:|1659572431
|switch|p2a: Bronzong|Bronzong|61/100|[from]move: U-turn
|-damage|p2a: Bronzong|55/100|[from] Stealth Rock
|move|p1a: Weezing|Strange Steam|p2a: Bronzong
|-resisted|p2a: Bronzong
|-damage|p2a: Bronzong|45/100
|
|-heal|p2a: Bronzong|52/100|[from] item: Leftovers
|upkeep
|turn|28
|
|t:|1659572439
|move|p1a: Weezing|Defog|p2a: Bronzong
|-unboost|p2a: Bronzong|evasion|1
|-sideend|p2: Testinganteater|Stealth Rock|[from] move: Defog|[of] p1a: Weezing
|-sideend|p1: Bump is testing|Spikes|[from] move: Defog|[of] p1a: Weezing
|move|p2a: Bronzong|Gyro Ball|p1a: Weezing
|-supereffective|p1a: Weezing
|-damage|p1a: Weezing|58/100
|
|-heal|p2a: Bronzong|58/100|[from] item: Leftovers
|upkeep
|turn|29
|
|t:|1659572456
|move|p1a: Weezing|Will-O-Wisp|p2a: Bronzong
|-status|p2a: Bronzong|brn
|move|p2a: Bronzong|Earthquake|p1a: Weezing
|-immune|p1a: Weezing|[from] ability: Levitate
|
|-heal|p2a: Bronzong|64/100 brn|[from] item: Leftovers
|-damage|p2a: Bronzong|58/100 brn|[from] brn
|upkeep
|turn|30
|
|t:|1659572471
|switch|p1a: Barbaracle|Barbaracle, M|66/100
|switch|p2a: Heliolisk|Heliolisk, M|70/100
|
|upkeep
|turn|31
|
|t:|1659572474
|switch|p1a: Seismitoad|Seismitoad, M|61/100
|move|p2a: Heliolisk|Thunderbolt|p1a: Seismitoad
|-immune|p1a: Seismitoad
|
|-heal|p1a: Seismitoad|67/100|[from] item: Leftovers
|upkeep
|turn|32
|
|t:|1659572488
|switch|p1a: Weezing|Weezing-Galar, M|58/100
|move|p2a: Heliolisk|Grass Knot|p1a: Weezing
|-resisted|p1a: Weezing
|-damage|p1a: Weezing|50/100
|
|upkeep
|turn|33
|
|t:|1659572494
|switch|p1a: Seismitoad|Seismitoad, M|67/100
|move|p2a: Heliolisk|Thunderbolt|p1a: Seismitoad
|-immune|p1a: Seismitoad
|
|-heal|p1a: Seismitoad|73/100|[from] item: Leftovers
|upkeep
|turn|34
|
|t:|1659572507
|switch|p1a: Weezing|Weezing-Galar, M|50/100
|move|p2a: Heliolisk|Grass Knot|p1a: Weezing
|-resisted|p1a: Weezing
|-damage|p1a: Weezing|42/100
|
|upkeep
|turn|35
|
|t:|1659572514
|move|p2a: Heliolisk|Hyper Voice|p1a: Weezing
|-damage|p1a: Weezing|0 fnt
|faint|p1a: Weezing
|
|upkeep
|
|t:|1659572539
|switch|p1a: Xurkitree|Xurkitree|25/100
|turn|36
|
|t:|1659572555
|switch|p1a: Seismitoad|Seismitoad, M|73/100
|switch|p2a: Flygon|Flygon, M, shiny|43/100 tox
|
|-heal|p1a: Seismitoad|79/100|[from] item: Leftovers
|-damage|p2a: Flygon|37/100 tox|[from] psn
|upkeep
|turn|37
|
|t:|1659572567
|move|p2a: Flygon|Earthquake|p1a: Seismitoad
|-damage|p1a: Seismitoad|40/100
|move|p1a: Seismitoad|Stealth Rock|p2a: Flygon
|-sidestart|p2: Testinganteater|move: Stealth Rock
|
|-heal|p1a: Seismitoad|46/100|[from] item: Leftovers
|-damage|p2a: Flygon|25/100 tox|[from] psn
|upkeep
|turn|38
|
|t:|1659572587
|move|p2a: Flygon|Earthquake|p1a: Seismitoad
|-crit|p1a: Seismitoad
|-damage|p1a: Seismitoad|0 fnt
|faint|p1a: Seismitoad
|
|-damage|p2a: Flygon|6/100 tox|[from] psn
|upkeep
|
|t:|1659572597
|switch|p1a: Barbaracle|Barbaracle, M|66/100
|turn|39
|
|t:|1659572600
|move|p2a: Flygon|Earthquake|p1a: Barbaracle
|-supereffective|p1a: Barbaracle
|-damage|p1a: Barbaracle|0 fnt
|faint|p1a: Barbaracle
|
|-damage|p2a: Flygon|0 fnt|[from] psn
|faint|p2a: Flygon
|upkeep
|
|t:|1659572605
|switch|p2a: Golisopod|Golisopod, M|3/100 tox
|switch|p1a: Xurkitree|Xurkitree|25/100
|turn|40
|
|t:|1659572611
|move|p2a: Golisopod|First Impression|p1a: Xurkitree
|-damage|p1a: Xurkitree|0 fnt
|faint|p1a: Xurkitree
|
|win|Testinganteater
|raw|Bump is testing's rating: 1317 &rarr; <strong>1295</strong><br />(-22 for losing)
|raw|Testinganteater's rating: 1285 &rarr; <strong>1312</strong><br />(+27 for winning)
|l|☆Bump is testing
|c|☆Testinganteater|Gg
