|j|☆GreedentFan69
|j|☆JLT3 Savage
|player|p1|GreedentFan69|greta-gen3|1488
|player|p2|JLT3 Savage|biker-gen4|1161
|teamsize|p1|6
|teamsize|p2|6
|gametype|singles
|gen|8
|tier|[Gen 8] RU
|rated|
|clearpoke
|poke|p1|Sableye, M|
|poke|p1|Mantine, F|
|poke|p1|Snorlax, F|
|poke|p1|Steelix, M|
|poke|p1|Salazzle, F|
|poke|p1|Scrafty, M|
|poke|p2|Cramorant, M|
|poke|p2|Vileplume, M|
|poke|p2|Indeedee, M|
|poke|p2|Vanilluxe, F|
|poke|p2|Flapple, F|
|poke|p2|Steelix, F|
|rule|Sleep Clause Mod: Limit one foe put to sleep
|rule|Species Clause: Limit one of each Pokémon
|rule|OHKO Clause: OHKO moves are banned
|rule|Evasion Moves Clause: Evasion moves are banned
|rule|Endless Battle Clause: Forcing endless battles is banned
|rule|HP Percentage Mod: HP is shown in percentages
|rule|Dynamax Clause: You cannot dynamax
|teampreview
|c|☆GreedentFan69|hf
|c|☆JLT3 Savage|u2
|inactive|Battle timer is ON: inactive players will automatically lose when time's up. (requested by GreedentFan69)
|
|start
|switch|p1a: Salazzle|Salazzle, F|100/100
|switch|p2a: Vanilluxe|Vanilluxe, F|100/100
|-weather|Hail|[from] ability: Snow Warning|[of] p2a: Vanilluxe
|turn|1
|
|switch|p2a: Indeedee|Indeedee, M|100/100
|-fieldstart|move: Psychic Terrain|[from] ability: Psychic Surge|[of] p2a: Indeedee
|move|p1a: Salazzle|Flamethrower|p2a: Indeedee
|-damage|p2a: Indeedee|40/100
|-status|p2a: Indeedee|brn
|
|-weather|Hail|[upkeep]
|-damage|p2a: Indeedee|33/100 brn|[from] Hail
|-damage|p1a: Salazzle|94/100|[from] Hail
|-heal|p1a: Salazzle|100/100|[from] item: Leftovers
|-damage|p2a: Indeedee|27/100 brn|[from] brn
|upkeep
|turn|2
|
|move|p1a: Salazzle|Protect|p1a: Salazzle
|-singleturn|p1a: Salazzle|Protect
|move|p2a: Indeedee|Psychic|p1a: Salazzle
|-activate|p1a: Salazzle|move: Protect
|
|-weather|Hail|[upkeep]
|-damage|p2a: Indeedee|21/100 brn|[from] Hail
|-damage|p1a: Salazzle|94/100|[from] Hail
|-heal|p1a: Salazzle|100/100|[from] item: Leftovers
|-damage|p2a: Indeedee|15/100 brn|[from] brn
|upkeep
|turn|3
|
|switch|p2a: Vanilluxe|Vanilluxe, F|100/100
|switch|p1a: Steelix|Steelix, M|100/100
|
|-weather|Hail|[upkeep]
|-damage|p1a: Steelix|94/100|[from] Hail
|-heal|p1a: Steelix|100/100|[from] item: Leftovers
|upkeep
|turn|4
|
|switch|p2a: Cramorant|Cramorant, M|100/100
|switch|p1a: Snorlax|Snorlax, F|100/100
|
|-weather|Hail|[upkeep]
|-damage|p2a: Cramorant|94/100|[from] Hail
|-damage|p1a: Snorlax|94/100|[from] Hail
|-heal|p1a: Snorlax|100/100|[from] item: Leftovers
|upkeep
|turn|5
|
|move|p2a: Cramorant|Surf|p1a: Snorlax
|-crit|p1a: Snorlax
|-formechange|p2a: Cramorant|Cramorant-Gulping|
|-damage|p1a: Snorlax|73/100
|move|p1a: Snorlax|Body Slam|p2a: Cramorant
|-damage|p2a: Cramorant|30/100
|-status|p2a: Cramorant|par
|-damage|p1a: Snorlax|48/100|[from] ability: Gulp Missile|[of] p2a: Cramorant
|-unboost|p1a: Snorlax|def|1
|-formechange|p2a: Cramorant|Cramorant|
|
|-weather|none
|-heal|p1a: Snorlax|54/100|[from] item: Leftovers
|-fieldend|move: Psychic Terrain
|upkeep
|turn|6
|
|cant|p2a: Cramorant|par
|move|p1a: Snorlax|Body Slam|p2a: Cramorant
|-damage|p2a: Cramorant|0 fnt
|faint|p2a: Cramorant
|
|-heal|p1a: Snorlax|60/100|[from] item: Leftovers
|upkeep
|
|switch|p2a: Steelix|Steelix, F|100/100
|turn|7
|
|switch|p1a: Scrafty|Scrafty, M|100/100
|move|p2a: Steelix|Stealth Rock|p1a: Scrafty
|-sidestart|p1: GreedentFan69|move: Stealth Rock
|
|upkeep
|turn|8
|
|switch|p2a: Vileplume|Vileplume, M|100/100
|move|p1a: Scrafty|Knock Off|p2a: Vileplume
|-damage|p2a: Vileplume|69/100
|-status|p1a: Scrafty|slp|[from] ability: Effect Spore|[of] p2a: Vileplume
|-enditem|p1a: Scrafty|Lum Berry|[eat]
|-curestatus|p1a: Scrafty|slp|[msg]
|-enditem|p2a: Vileplume|Black Sludge|[from] move: Knock Off|[of] p1a: Scrafty
|
|upkeep
|turn|9
|
|switch|p1a: Mantine|Mantine, F|100/100
|move|p2a: Vileplume|Stun Spore|p1a: Mantine
|-status|p1a: Mantine|par
|
|upkeep
|turn|10
|
|move|p2a: Vileplume|Giga Drain|p1a: Mantine
|-damage|p1a: Mantine|82/100 par
|-heal|p2a: Vileplume|79/100|[from] drain|[of] p1a: Mantine
|move|p1a: Mantine|Defog|p2a: Vileplume
|-unboost|p2a: Vileplume|evasion|1
|-sideend|p1: GreedentFan69|Stealth Rock|[from] move: Defog|[of] p1a: Mantine
|
|upkeep
|turn|11
|
|move|p2a: Vileplume|Giga Drain|p1a: Mantine
|-damage|p1a: Mantine|63/100 par
|-heal|p2a: Vileplume|89/100|[from] drain|[of] p1a: Mantine
|move|p1a: Mantine|Hurricane|p2a: Vileplume
|-supereffective|p2a: Vileplume
|-damage|p2a: Vileplume|18/100
|-start|p2a: Vileplume|confusion
|
|upkeep
|turn|12
|
|-activate|p2a: Vileplume|confusion
|move|p2a: Vileplume|Strength Sap|p1a: Mantine
|-unboost|p1a: Mantine|atk|1
|-heal|p2a: Vileplume|39/100
|move|p1a: Mantine|Roost|p1a: Mantine
|-heal|p1a: Mantine|100/100 par
|-singleturn|p1a: Mantine|move: Roost
|
|upkeep
|turn|13
|
|switch|p2a: Vanilluxe|Vanilluxe, F|100/100
|-weather|Hail|[from] ability: Snow Warning|[of] p2a: Vanilluxe
|cant|p1a: Mantine|par
|
|-weather|Hail|[upkeep]
|-damage|p1a: Mantine|94/100 par|[from] Hail
|upkeep
|turn|14
|
|switch|p1a: Snorlax|Snorlax, F|60/100
|move|p2a: Vanilluxe|Aurora Veil|p2a: Vanilluxe
|-sidestart|p2: JLT3 Savage|move: Aurora Veil
|
|-weather|Hail|[upkeep]
|-damage|p1a: Snorlax|54/100|[from] Hail
|-heal|p1a: Snorlax|60/100|[from] item: Leftovers
|upkeep
|turn|15
|
|switch|p2a: Vileplume|Vileplume, M|39/100
|move|p1a: Snorlax|Rest|p1a: Snorlax
|-status|p1a: Snorlax|slp|[from] move: Rest
|-heal|p1a: Snorlax|100/100 slp|[silent]
|
|-weather|Hail|[upkeep]
|-damage|p2a: Vileplume|33/100|[from] Hail
|-damage|p1a: Snorlax|94/100 slp|[from] Hail
|-heal|p1a: Snorlax|100/100 slp|[from] item: Leftovers
|upkeep
|turn|16
|j| SaveMoreWithGeico
|
|switch|p2a: Flapple|Flapple, F|100/100
|switch|p1a: Mantine|Mantine, F|94/100 par
|
|-weather|Hail|[upkeep]
|-damage|p2a: Flapple|94/100|[from] Hail
|-damage|p1a: Mantine|88/100 par|[from] Hail
|upkeep
|turn|17
|l| SaveMoreWithGeico
|
|switch|p1a: Sableye|Sableye, M|100/100
|move|p2a: Flapple|Dragon Dance|p2a: Flapple
|-boost|p2a: Flapple|atk|1
|-boost|p2a: Flapple|spe|1
|
|-weather|none
|upkeep
|turn|18
|
|move|p1a: Sableye|Encore|p2a: Flapple
|-start|p2a: Flapple|Encore
|move|p2a: Flapple|Dragon Dance|p2a: Flapple
|-boost|p2a: Flapple|atk|1
|-boost|p2a: Flapple|spe|1
|
|upkeep
|turn|19
|
|switch|p2a: Vanilluxe|Vanilluxe, F|100/100
|-weather|Hail|[from] ability: Snow Warning|[of] p2a: Vanilluxe
|move|p1a: Sableye|Will-O-Wisp|p2a: Vanilluxe|[miss]
|-miss|p1a: Sableye|p2a: Vanilluxe
|
|-weather|Hail|[upkeep]
|-damage|p1a: Sableye|94/100|[from] Hail
|-heal|p1a: Sableye|100/100|[from] item: Leftovers
|upkeep
|turn|20
|
|switch|p2a: Flapple|Flapple, F|94/100
|switch|p1a: Snorlax|Snorlax, F|100/100 slp
|
|-weather|Hail|[upkeep]
|-damage|p2a: Flapple|88/100|[from] Hail
|-damage|p1a: Snorlax|94/100 slp|[from] Hail
|-heal|p1a: Snorlax|100/100 slp|[from] item: Leftovers
|upkeep
|turn|21
|
|switch|p1a: Salazzle|Salazzle, F|100/100
|move|p2a: Flapple|Grav Apple|p1a: Salazzle|[miss]
|-miss|p2a: Flapple|p1a: Salazzle
|
|-weather|Hail|[upkeep]
|-damage|p1a: Salazzle|94/100|[from] Hail
|-damage|p2a: Flapple|82/100|[from] Hail
|-heal|p1a: Salazzle|100/100|[from] item: Leftovers
|-sideend|p2: JLT3 Savage|move: Aurora Veil
|upkeep
|turn|22
|
|move|p1a: Salazzle|Substitute|p1a: Salazzle
|-start|p1a: Salazzle|Substitute
|-damage|p1a: Salazzle|76/100
|move|p2a: Flapple|Outrage|p1a: Salazzle
|-end|p1a: Salazzle|Substitute
|-damage|p2a: Flapple|72/100|[from] item: Life Orb
|
|-weather|Hail|[upkeep]
|-damage|p1a: Salazzle|69/100|[from] Hail
|-damage|p2a: Flapple|66/100|[from] Hail
|-heal|p1a: Salazzle|76/100|[from] item: Leftovers
|upkeep
|turn|23
|
|switch|p1a: Steelix|Steelix, M|100/100
|move|p2a: Flapple|Outrage|p1a: Steelix|[from]lockedmove|[miss]
|-miss|p2a: Flapple|p1a: Steelix
|-start|p2a: Flapple|confusion|[fatigue]
|
|-weather|none
|upkeep
|turn|24
|
|switch|p2a: Vileplume|Vileplume, M|33/100
|move|p1a: Steelix|Stealth Rock|p2a: Vileplume
|-sidestart|p2: JLT3 Savage|move: Stealth Rock
|
|upkeep
|turn|25
|
|switch|p1a: Salazzle|Salazzle, F|76/100
|move|p2a: Vileplume|Giga Drain|p1a: Salazzle
|-resisted|p1a: Salazzle
|-damage|p1a: Salazzle|62/100
|-heal|p2a: Vileplume|39/100|[from] drain|[of] p1a: Salazzle
|
|-heal|p1a: Salazzle|68/100|[from] item: Leftovers
|upkeep
|turn|26
|
|switch|p2a: Indeedee|Indeedee, M|15/100 brn
|-damage|p2a: Indeedee|3/100 brn|[from] Stealth Rock
|-fieldstart|move: Psychic Terrain|[from] ability: Psychic Surge|[of] p2a: Indeedee
|move|p1a: Salazzle|Substitute|p1a: Salazzle
|-start|p1a: Salazzle|Substitute
|-damage|p1a: Salazzle|43/100
|
|-heal|p1a: Salazzle|49/100|[from] item: Leftovers
|-damage|p2a: Indeedee|0 fnt|[from] brn
|faint|p2a: Indeedee
|upkeep
|-message|JLT3 Savage forfeited.
|
|win|GreedentFan69
|l|☆JLT3 Savage
|c|☆GreedentFan69|gg
