|j|☆S-Baleno
|j|☆47 goonz
|player|p1|S-Baleno|265|1421
|player|p2|47 goonz|2|1530
|teamsize|p1|6
|teamsize|p2|6
|gametype|singles
|gen|8
|tier|[Gen 8] RU
|rated|
|clearpoke
|poke|p1|Gourgeist-*, M|
|poke|p1|Vaporeon, M|
|poke|p1|Piloswine, F|
|poke|p1|Salazzle, F|
|poke|p1|Drifblim, M|
|poke|p1|Pangoro, F|
|poke|p2|Gigalith, F|
|poke|p2|Silvally-*|
|poke|p2|Sigilyph, F|
|poke|p2|Quagsire, F|
|poke|p2|Passimian, F|
|poke|p2|Roserade, M|
|rule|Sleep Clause Mod: Limit one foe put to sleep
|rule|Species Clause: Limit one of each Pokémon
|rule|OHKO Clause: OHKO moves are banned
|rule|Evasion Moves Clause: Evasion moves are banned
|rule|Endless Battle Clause: Forcing endless battles is banned
|rule|HP Percentage Mod: HP is shown in percentages
|rule|Dynamax Clause: You cannot dynamax
|teampreview
|
|start
|switch|p1a: Piloswine|Piloswine, F|100/100
|switch|p2a: Gigalith|Gigalith, F|100/100
|-weather|Sandstorm|[from] ability: Sand Stream|[of] p2a: Gigalith
|turn|1
|inactive|Battle timer is ON: inactive players will automatically lose when time's up. (requested by 47 goonz)
|
|move|p1a: Piloswine|Earthquake|p2a: Gigalith
|-supereffective|p2a: Gigalith
|-damage|p2a: Gigalith|31/100
|move|p2a: Gigalith|Stealth Rock|p1a: Piloswine
|-sidestart|p1: S-Baleno|move: Stealth Rock
|
|-weather|Sandstorm|[upkeep]
|-heal|p2a: Gigalith|37/100|[from] item: Leftovers
|upkeep
|turn|2
|
|move|p1a: Piloswine|Stealth Rock|p2a: Gigalith
|-sidestart|p2: 47 goonz|move: Stealth Rock
|move|p2a: Gigalith|Rock Blast|p1a: Piloswine|[miss]
|-miss|p2a: Gigalith|p1a: Piloswine
|
|-weather|Sandstorm|[upkeep]
|-heal|p2a: Gigalith|43/100|[from] item: Leftovers
|upkeep
|turn|3
|
|move|p2a: Gigalith|Protect|p2a: Gigalith
|-singleturn|p2a: Gigalith|Protect
|move|p1a: Piloswine|Icicle Crash|p2a: Gigalith
|-activate|p2a: Gigalith|move: Protect
|
|-weather|Sandstorm|[upkeep]
|-heal|p2a: Gigalith|49/100|[from] item: Leftovers
|upkeep
|turn|4
|
|switch|p2a: Quagsire|Quagsire, F|100/100
|-damage|p2a: Quagsire|94/100|[from] Stealth Rock
|move|p1a: Piloswine|Earthquake|p2a: Quagsire
|-damage|p2a: Quagsire|64/100
|
|-weather|Sandstorm|[upkeep]
|-heal|p2a: Quagsire|70/100|[from] item: Leftovers
|upkeep
|turn|5
|
|switch|p1a: Drifblim|Drifblim, M|100/100
|move|p2a: Quagsire|Toxic|p1a: Drifblim
|-status|p1a: Drifblim|tox
|
|-weather|none
|-heal|p2a: Quagsire|76/100|[from] item: Leftovers
|-damage|p1a: Drifblim|94/100 tox|[from] psn
|upkeep
|turn|6
|
|switch|p2a: Roserade|Roserade, M|100/100
|-damage|p2a: Roserade|88/100|[from] Stealth Rock
|move|p1a: Drifblim|Will-O-Wisp|p2a: Roserade|[miss]
|-miss|p1a: Drifblim|p2a: Roserade
|
|-heal|p2a: Roserade|94/100|[from] item: Black Sludge
|-damage|p1a: Drifblim|82/100 tox|[from] psn
|upkeep
|turn|7
|
|move|p2a: Roserade|Sludge Bomb|p1a: Drifblim
|-resisted|p1a: Drifblim
|-damage|p1a: Drifblim|60/100 tox
|move|p1a: Drifblim|Defog|p2a: Roserade
|-unboost|p2a: Roserade|evasion|1
|-sideend|p2: 47 goonz|Stealth Rock|[from] move: Defog|[of] p1a: Drifblim
|-sideend|p1: S-Baleno|Stealth Rock|[from] move: Defog|[of] p1a: Drifblim
|
|-heal|p2a: Roserade|100/100|[from] item: Black Sludge
|-damage|p1a: Drifblim|42/100 tox|[from] psn
|upkeep
|turn|8
|
|switch|p2a: Sigilyph|Sigilyph, F|100/100
|switch|p1a: Salazzle|Salazzle, F|100/100
|
|upkeep
|turn|9
|
|switch|p1a: Pangoro|Pangoro, F|100/100
|switch|p2a: Passimian|Passimian, F|100/100
|
|upkeep
|turn|10
|
|switch|p1a: Vaporeon|Vaporeon, M|100/100
|move|p2a: Passimian|U-turn|p1a: Vaporeon
|-damage|p1a: Vaporeon|83/100
|
|switch|p2a: Gigalith|Gigalith, F|49/100|[from]move: U-turn
|-weather|Sandstorm|[from] ability: Sand Stream|[of] p2a: Gigalith
|
|-weather|Sandstorm|[upkeep]
|-damage|p1a: Vaporeon|77/100|[from] Sandstorm
|-heal|p1a: Vaporeon|83/100|[from] item: Leftovers
|-heal|p2a: Gigalith|56/100|[from] item: Leftovers
|upkeep
|turn|11
|
|switch|p2a: Sigilyph|Sigilyph, F|100/100
|move|p1a: Vaporeon|Scald|p2a: Sigilyph
|-damage|p2a: Sigilyph|55/100
|-status|p2a: Sigilyph|brn
|
|-weather|Sandstorm|[upkeep]
|-damage|p1a: Vaporeon|77/100|[from] Sandstorm
|-heal|p1a: Vaporeon|83/100|[from] item: Leftovers
|upkeep
|turn|12
|
|switch|p1a: Piloswine|Piloswine, F|100/100
|move|p2a: Sigilyph|Roost|p2a: Sigilyph
|-heal|p2a: Sigilyph|100/100 brn
|-singleturn|p2a: Sigilyph|move: Roost
|
|-weather|Sandstorm|[upkeep]
|upkeep
|turn|13
|
|switch|p2a: Quagsire|Quagsire, F|76/100
|move|p1a: Piloswine|Stealth Rock|p2a: Quagsire
|-sidestart|p2: 47 goonz|move: Stealth Rock
|
|-weather|Sandstorm|[upkeep]
|-heal|p2a: Quagsire|82/100|[from] item: Leftovers
|upkeep
|turn|14
|
|switch|p1a: Drifblim|Drifblim, M|42/100 tox
|move|p2a: Quagsire|Toxic|p1a: Drifblim
|-fail|p1a: Drifblim|tox
|
|-weather|none
|-heal|p2a: Quagsire|88/100|[from] item: Leftovers
|-damage|p1a: Drifblim|35/100 tox|[from] psn
|upkeep
|turn|15
|
|switch|p2a: Roserade|Roserade, M|100/100
|-damage|p2a: Roserade|88/100|[from] Stealth Rock
|move|p1a: Drifblim|Strength Sap|p2a: Roserade
|-unboost|p2a: Roserade|atk|1
|-heal|p1a: Drifblim|65/100 tox
|
|-heal|p2a: Roserade|94/100|[from] item: Black Sludge
|-damage|p1a: Drifblim|53/100 tox|[from] psn
|upkeep
|turn|16
|
|switch|p1a: Salazzle|Salazzle, F|100/100
|move|p2a: Roserade|Toxic Spikes|p1a: Salazzle
|-sidestart|p1: S-Baleno|move: Toxic Spikes
|
|-heal|p2a: Roserade|100/100|[from] item: Black Sludge
|upkeep
|turn|17
|
|switch|p2a: Gigalith|Gigalith, F|56/100
|-damage|p2a: Gigalith|43/100|[from] Stealth Rock
|-weather|Sandstorm|[from] ability: Sand Stream|[of] p2a: Gigalith
|move|p1a: Salazzle|Toxic|p2a: Gigalith
|-status|p2a: Gigalith|tox
|
|-weather|Sandstorm|[upkeep]
|-damage|p1a: Salazzle|94/100|[from] Sandstorm
|-heal|p1a: Salazzle|100/100|[from] item: Black Sludge
|-heal|p2a: Gigalith|49/100 tox|[from] item: Leftovers
|-damage|p2a: Gigalith|43/100 tox|[from] psn
|upkeep
|turn|18
|
|switch|p1a: Pangoro|Pangoro, F|100/100
|-status|p1a: Pangoro|psn
|move|p2a: Gigalith|Stealth Rock|p1a: Pangoro
|-sidestart|p1: S-Baleno|move: Stealth Rock
|
|-weather|Sandstorm|[upkeep]
|-damage|p1a: Pangoro|94/100 psn|[from] Sandstorm
|-heal|p2a: Gigalith|49/100 tox|[from] item: Leftovers
|-damage|p1a: Pangoro|82/100 psn|[from] psn
|-damage|p2a: Gigalith|37/100 tox|[from] psn
|upkeep
|turn|19
|
|move|p2a: Gigalith|Protect|p2a: Gigalith
|-singleturn|p2a: Gigalith|Protect
|move|p1a: Pangoro|Close Combat|p2a: Gigalith
|-activate|p2a: Gigalith|move: Protect
|
|-weather|Sandstorm|[upkeep]
|-damage|p1a: Pangoro|76/100 psn|[from] Sandstorm
|-heal|p2a: Gigalith|43/100 tox|[from] item: Leftovers
|-damage|p1a: Pangoro|64/100 psn|[from] psn
|-damage|p2a: Gigalith|25/100 tox|[from] psn
|upkeep
|turn|20
|
|switch|p2a: Sigilyph|Sigilyph, F|100/100 brn
|move|p1a: Pangoro|Close Combat|p2a: Sigilyph
|-resisted|p2a: Sigilyph
|-damage|p2a: Sigilyph|78/100 brn
|-unboost|p1a: Pangoro|def|1
|-unboost|p1a: Pangoro|spd|1
|
|-weather|Sandstorm|[upkeep]
|-damage|p1a: Pangoro|58/100 psn|[from] Sandstorm
|-damage|p1a: Pangoro|45/100 psn|[from] psn
|upkeep
|turn|21
|
|switch|p1a: Drifblim|Drifblim, M|53/100 tox
|move|p2a: Sigilyph|Psyshock|p1a: Drifblim
|-damage|p1a: Drifblim|10/100 tox
|
|-weather|none
|-damage|p1a: Drifblim|4/100 tox|[from] psn
|upkeep
|turn|22
|
|switch|p1a: Pangoro|Pangoro, F|45/100 psn
|-damage|p1a: Pangoro|39/100 psn|[from] Stealth Rock
|move|p2a: Sigilyph|Psyshock|p1a: Pangoro
|-immune|p1a: Pangoro
|
|-damage|p1a: Pangoro|27/100 psn|[from] psn
|upkeep
|turn|23
|
|move|p1a: Pangoro|Darkest Lariat|p2a: Sigilyph
|-supereffective|p2a: Sigilyph
|-damage|p2a: Sigilyph|0 fnt
|faint|p2a: Sigilyph
|
|-damage|p1a: Pangoro|14/100 psn|[from] psn
|upkeep
|
|switch|p2a: Passimian|Passimian, F|100/100
|-damage|p2a: Passimian|94/100|[from] Stealth Rock
|turn|24
|
|switch|p1a: Salazzle|Salazzle, F|100/100
|-sideend|p1: S-Baleno|move: Toxic Spikes|[of] p1a: Salazzle
|-damage|p1a: Salazzle|76/100|[from] Stealth Rock
|move|p2a: Passimian|U-turn|p1a: Salazzle
|-resisted|p1a: Salazzle
|-damage|p1a: Salazzle|65/100
|
|switch|p2a: Silvally|Silvally-Ghost|100/100|[from]move: U-turn
|-damage|p2a: Silvally|88/100|[from] Stealth Rock
|
|-heal|p1a: Salazzle|71/100|[from] item: Black Sludge
|upkeep
|turn|25
|
|move|p1a: Salazzle|Substitute|p1a: Salazzle
|-start|p1a: Salazzle|Substitute
|-damage|p1a: Salazzle|46/100
|move|p2a: Silvally|Multi-Attack|p1a: Salazzle
|-end|p1a: Salazzle|Substitute
|
|-heal|p1a: Salazzle|52/100|[from] item: Black Sludge
|upkeep
|turn|26
|
|switch|p2a: Passimian|Passimian, F|94/100
|-damage|p2a: Passimian|88/100|[from] Stealth Rock
|move|p1a: Salazzle|Protect||[still]
|-fail|p1a: Salazzle
|
|-heal|p1a: Salazzle|59/100|[from] item: Black Sludge
|upkeep
|turn|27
|
|move|p1a: Salazzle|Protect|p1a: Salazzle
|-singleturn|p1a: Salazzle|Protect
|move|p2a: Passimian|Knock Off|p1a: Salazzle
|-activate|p1a: Salazzle|move: Protect
|
|-heal|p1a: Salazzle|65/100|[from] item: Black Sludge
|upkeep
|turn|28
|
|switch|p1a: Vaporeon|Vaporeon, M|83/100
|-damage|p1a: Vaporeon|71/100|[from] Stealth Rock
|move|p2a: Passimian|Knock Off|p1a: Vaporeon
|-damage|p1a: Vaporeon|45/100
|-enditem|p1a: Vaporeon|Leftovers|[from] move: Knock Off|[of] p2a: Passimian
|
|upkeep
|turn|29
|
|switch|p2a: Roserade|Roserade, M|100/100
|-damage|p2a: Roserade|88/100|[from] Stealth Rock
|move|p1a: Vaporeon|Wish|p1a: Vaporeon
|
|-heal|p2a: Roserade|94/100|[from] item: Black Sludge
|upkeep
|turn|30
|
|switch|p1a: Salazzle|Salazzle, F|65/100
|-damage|p1a: Salazzle|40/100|[from] Stealth Rock
|move|p2a: Roserade|Sludge Bomb|p1a: Salazzle
|-resisted|p1a: Salazzle
|-damage|p1a: Salazzle|0 fnt
|faint|p1a: Salazzle
|
|-heal|p2a: Roserade|100/100|[from] item: Black Sludge
|upkeep
|
|switch|p1a: Piloswine|Piloswine, F|100/100
|-damage|p1a: Piloswine|88/100|[from] Stealth Rock
|turn|31
|
|switch|p2a: Quagsire|Quagsire, F|88/100
|-damage|p2a: Quagsire|82/100|[from] Stealth Rock
|move|p1a: Piloswine|Icicle Crash|p2a: Quagsire
|-damage|p2a: Quagsire|55/100
|
|-heal|p2a: Quagsire|61/100|[from] item: Leftovers
|upkeep
|turn|32
|
|switch|p1a: Pangoro|Pangoro, F|14/100 psn
|-damage|p1a: Pangoro|8/100 psn|[from] Stealth Rock
|move|p2a: Quagsire|Scald|p1a: Pangoro
|-damage|p1a: Pangoro|0 fnt
|faint|p1a: Pangoro
|
|-heal|p2a: Quagsire|67/100|[from] item: Leftovers
|upkeep
|
|switch|p1a: Gourgeist|Gourgeist-Small, M|100/100
|-damage|p1a: Gourgeist|88/100|[from] Stealth Rock
|-item|p2a: Quagsire|Leftovers|[from] ability: Frisk|[of] p1a: Gourgeist|[identify]
|turn|33
|
|switch|p2a: Roserade|Roserade, M|100/100
|-damage|p2a: Roserade|88/100|[from] Stealth Rock
|move|p1a: Gourgeist|Substitute|p1a: Gourgeist
|-start|p1a: Gourgeist|Substitute
|-damage|p1a: Gourgeist|63/100
|
|-heal|p2a: Roserade|94/100|[from] item: Black Sludge
|upkeep
|turn|34
|
|move|p1a: Gourgeist|Phantom Force||[still]
|-prepare|p1a: Gourgeist|Phantom Force|p2a: Roserade
|move|p2a: Roserade|Toxic Spikes|p1a: Gourgeist
|-sidestart|p1: S-Baleno|move: Toxic Spikes
|
|-heal|p2a: Roserade|100/100|[from] item: Black Sludge
|upkeep
|turn|35
|
|move|p1a: Gourgeist|Phantom Force|p2a: Roserade|[from]lockedmove
|-damage|p2a: Roserade|17/100
|-damage|p1a: Gourgeist|53/100|[from] item: Life Orb
|move|p2a: Roserade|Synthesis|p2a: Roserade
|-heal|p2a: Roserade|67/100
|
|-heal|p2a: Roserade|73/100|[from] item: Black Sludge
|upkeep
|turn|36
|
|move|p1a: Gourgeist|Phantom Force||[still]
|-prepare|p1a: Gourgeist|Phantom Force|p2a: Roserade
|move|p2a: Roserade|Sludge Bomb|p1a: Gourgeist|[miss]
|-miss|p2a: Roserade|p1a: Gourgeist
|
|-heal|p2a: Roserade|79/100|[from] item: Black Sludge
|upkeep
|turn|37
|
|move|p1a: Gourgeist|Phantom Force|p2a: Roserade|[from]lockedmove
|-damage|p2a: Roserade|0 fnt
|-damage|p1a: Gourgeist|44/100|[from] item: Life Orb
|faint|p2a: Roserade
|
|upkeep
|
|switch|p2a: Passimian|Passimian, F|88/100
|-damage|p2a: Passimian|82/100|[from] Stealth Rock
|turn|38
|
|move|p2a: Passimian|U-turn|p1a: Gourgeist
|-end|p1a: Gourgeist|Substitute
|
|switch|p2a: Gigalith|Gigalith, F|25/100 tox|[from]move: U-turn
|-damage|p2a: Gigalith|13/100 tox|[from] Stealth Rock
|-weather|Sandstorm|[from] ability: Sand Stream|[of] p2a: Gigalith
|move|p1a: Gourgeist|Substitute|p1a: Gourgeist
|-start|p1a: Gourgeist|Substitute
|-damage|p1a: Gourgeist|19/100
|
|-weather|Sandstorm|[upkeep]
|-damage|p1a: Gourgeist|13/100|[from] Sandstorm
|-heal|p2a: Gigalith|19/100 tox|[from] item: Leftovers
|-damage|p2a: Gigalith|13/100 tox|[from] psn
|upkeep
|turn|39
|
|move|p1a: Gourgeist|Power Whip|p2a: Gigalith
|-supereffective|p2a: Gigalith
|-damage|p2a: Gigalith|0 fnt
|-damage|p1a: Gourgeist|3/100|[from] item: Life Orb
|faint|p2a: Gigalith
|
|-weather|Sandstorm|[upkeep]
|-damage|p1a: Gourgeist|0 fnt|[from] Sandstorm
|faint|p1a: Gourgeist
|upkeep
|
|switch|p1a: Piloswine|Piloswine, F|88/100
|switch|p2a: Passimian|Passimian, F|82/100
|-damage|p2a: Passimian|76/100|[from] Stealth Rock
|-status|p1a: Piloswine|psn
|-damage|p1a: Piloswine|76/100 psn|[from] Stealth Rock
|turn|40
|
|move|p2a: Passimian|U-turn|p1a: Piloswine
|-damage|p1a: Piloswine|61/100 psn
|
|switch|p2a: Quagsire|Quagsire, F|67/100|[from]move: U-turn
|-damage|p2a: Quagsire|61/100|[from] Stealth Rock
|move|p1a: Piloswine|Earthquake|p2a: Quagsire
|-damage|p2a: Quagsire|25/100
|
|-weather|Sandstorm|[upkeep]
|-heal|p2a: Quagsire|31/100|[from] item: Leftovers
|-damage|p1a: Piloswine|48/100 psn|[from] psn
|upkeep
|turn|41
|
|move|p1a: Piloswine|Earthquake|p2a: Quagsire
|-damage|p2a: Quagsire|0 fnt
|faint|p2a: Quagsire
|
|-weather|Sandstorm|[upkeep]
|-damage|p1a: Piloswine|36/100 psn|[from] psn
|upkeep
|
|switch|p2a: Silvally|Silvally-Ghost|88/100
|-damage|p2a: Silvally|76/100|[from] Stealth Rock
|turn|42
|
|move|p2a: Silvally|U-turn|p1a: Piloswine
|-damage|p1a: Piloswine|23/100 psn
|
|switch|p2a: Passimian|Passimian, F|76/100|[from]move: U-turn
|-damage|p2a: Passimian|70/100|[from] Stealth Rock
|move|p1a: Piloswine|Earthquake|p2a: Passimian
|-crit|p2a: Passimian
|-damage|p2a: Passimian|0 fnt
|faint|p2a: Passimian
|
|-weather|none
|-damage|p1a: Piloswine|10/100 psn|[from] psn
|upkeep
|
|switch|p2a: Silvally|Silvally-Ghost|76/100
|-damage|p2a: Silvally|63/100|[from] Stealth Rock
|turn|43
|
|move|p1a: Piloswine|Ice Shard|p2a: Silvally
|-damage|p2a: Silvally|42/100
|move|p2a: Silvally|Multi-Attack|p1a: Piloswine
|-damage|p1a: Piloswine|0 fnt
|faint|p1a: Piloswine
|
|upkeep
|
|switch|p1a: Vaporeon|Vaporeon, M|45/100
|-damage|p1a: Vaporeon|33/100|[from] Stealth Rock
|-status|p1a: Vaporeon|psn
|turn|44
|
|move|p2a: Silvally|Multi-Attack|p1a: Vaporeon
|-damage|p1a: Vaporeon|0 fnt
|faint|p1a: Vaporeon
|
|upkeep
|-message|S-Baleno forfeited.
|
|win|47 goonz
|l|☆S-Baleno
|raw|S-Baleno's rating: 1421 &rarr; <strong>1407</strong><br />(-14 for losing)
|raw|47 goonz's rating: 1530 &rarr; <strong>1544</strong><br />(+14 for winning)
