|j|☆bkdrew
|j|☆bebo7788
|player|p1|bkdrew|iris-gen5bw2|
|player|p2|bebo7788|2|
|teamsize|p1|6
|teamsize|p2|6
|gametype|singles
|gen|8
|tier|[Gen 8] RU
|clearpoke
|poke|p1|Escavalier, M|
|poke|p1|Gigalith, M|
|poke|p1|Passimian, F|
|poke|p1|Vaporeon, M|
|poke|p1|Roserade, F|
|poke|p1|Silvally-*|
|poke|p2|Silvally-*|
|poke|p2|Sigilyph, M|
|poke|p2|Passimian, M|
|poke|p2|Vaporeon, F|
|poke|p2|Vileplume, M|
|poke|p2|Gigalith, M|
|rule|Sleep Clause Mod: Limit one foe put to sleep
|rule|Species Clause: Limit one of each Pokémon
|rule|OHKO Clause: OHKO moves are banned
|rule|Evasion Moves Clause: Evasion moves are banned
|rule|Endless Battle Clause: Forcing endless battles is banned
|rule|HP Percentage Mod: HP is shown in percentages
|rule|Dynamax Clause: You cannot dynamax
|teampreview
|c|☆bebo7788|hf
|c|☆bkdrew|u2
|
|start
|switch|p1a: lady gaga|Gigalith, M|100/100
|switch|p2a: Silvally|Silvally-Steel|100/100
|-weather|Sandstorm|[from] ability: Sand Stream|[of] p1a: lady gaga
|turn|1
|
|move|p2a: Silvally|Swords Dance|p2a: Silvally
|-boost|p2a: Silvally|atk|2
|move|p1a: lady gaga|Superpower|p2a: Silvally
|-supereffective|p2a: Silvally
|-damage|p2a: Silvally|14/100
|-unboost|p1a: lady gaga|atk|1
|-unboost|p1a: lady gaga|def|1
|
|-weather|Sandstorm|[upkeep]
|upkeep
|turn|2
|
|switch|p1a: juul|Vaporeon, M|100/100
|move|p2a: Silvally|Multi-Attack|p1a: juul
|-resisted|p1a: juul
|-damage|p1a: juul|64/100
|
|-weather|Sandstorm|[upkeep]
|-damage|p1a: juul|57/100|[from] Sandstorm
|-heal|p1a: juul|64/100|[from] item: Leftovers
|upkeep
|turn|3
|
|move|p2a: Silvally|Explosion|p1a: juul
|-damage|p1a: juul|0 fnt
|faint|p2a: Silvally
|faint|p1a: juul
|
|-weather|Sandstorm|[upkeep]
|upkeep
|c|☆bkdrew|ah.
|
|switch|p2a: Sigilyph|Sigilyph, M|100/100
|switch|p1a: xern|Silvally-Fairy|100/100
|turn|4
|
|switch|p2a: Vileplume|Vileplume, M|100/100
|move|p1a: xern|Multi-Attack|p2a: Vileplume
|-resisted|p2a: Vileplume
|-damage|p2a: Vileplume|81/100
|
|-weather|Sandstorm|[upkeep]
|-damage|p1a: xern|94/100|[from] Sandstorm
|-damage|p2a: Vileplume|75/100|[from] Sandstorm
|-heal|p2a: Vileplume|81/100|[from] item: Black Sludge
|upkeep
|turn|5
|
|move|p1a: xern|U-turn|p2a: Vileplume
|-damage|p2a: Vileplume|66/100
|-status|p1a: xern|slp|[from] ability: Effect Spore|[of] p2a: Vileplume
|
|switch|p1a: Bits Of My Heart|Roserade, F|100/100|[from]move: U-turn
|move|p2a: Vileplume|Giga Drain|p1a: Bits Of My Heart
|-resisted|p1a: Bits Of My Heart
|-damage|p1a: Bits Of My Heart|92/100
|-heal|p2a: Vileplume|69/100|[from] drain|[of] p1a: Bits Of My Heart
|
|-weather|none
|-heal|p2a: Vileplume|76/100|[from] item: Black Sludge
|upkeep
|turn|6
|j| ASSOLO IL RE
|
|switch|p2a: Sigilyph|Sigilyph, M|100/100
|move|p1a: Bits Of My Heart|Sludge Bomb|p2a: Sigilyph
|-crit|p2a: Sigilyph
|-damage|p2a: Sigilyph|0 fnt
|-damage|p1a: Bits Of My Heart|82/100|[from] item: Life Orb
|faint|p2a: Sigilyph
|
|upkeep
|c|☆bebo7788|welp
|c|☆bkdrew|oh that was
|c|☆bkdrew|mega unfortunate
|c|☆bebo7788|y
|c|☆bebo7788|idt its winnable
|c|☆bebo7788|anymore
|
|switch|p2a: Passimian|Passimian, M|100/100
|turn|7
|c|☆bkdrew|ya i think rose wins
|
|move|p2a: Passimian|Earthquake|p1a: Bits Of My Heart
|-damage|p1a: Bits Of My Heart|26/100
|move|p1a: Bits Of My Heart|Extrasensory|p2a: Passimian
|-supereffective|p2a: Passimian
|-damage|p2a: Passimian|0 fnt
|-damage|p1a: Bits Of My Heart|16/100|[from] item: Life Orb
|faint|p2a: Passimian
|
|upkeep
|c|☆bebo7788|y
|c|☆bebo7788|gg
|c|☆bkdrew|ggs
|-message|bebo7788 forfeited.
|
|win|bkdrew
|l|☆bkdrew
|l| ASSOLO IL RE
|l|☆bebo7788
|j|☆bkdrew
|player|p1|bkdrew|iris-gen5bw2
