|j|☆yourwelcomethank
|j|☆Ponyhofleiter
|inactive|Battle timer is ON: inactive players will automatically lose when time's up.
|t:|1622493348
|gametype|singles
|player|p1|yourwelcomethank|hiker-gen4|
|player|p2|Ponyhofleiter|thorton|
|teamsize|p1|6
|teamsize|p2|6
|gen|8
|tier|[Gen 8] RU
|rated|Tournament battle
|rule|Sleep Clause Mod: Limit one foe put to sleep
|rule|Species Clause: Limit one of each Pokémon
|rule|OHKO Clause: OHKO moves are banned
|rule|Evasion Moves Clause: Evasion moves are banned
|rule|Endless Battle Clause: Forcing endless battles is banned
|rule|HP Percentage Mod: HP is shown in percentages
|rule|Dynamax Clause: You cannot dynamax
|clearpoke
|poke|p1|Darmanitan, M|
|poke|p1|Raikou|
|poke|p1|Crobat, F|
|poke|p1|Celebi|
|poke|p1|Diancie|
|poke|p1|Gastrodon, F|
|poke|p2|Mienshao, M|
|poke|p2|Xurkitree|
|poke|p2|Crobat, F|
|poke|p2|Milotic, F|
|poke|p2|Steelix, F|
|poke|p2|Reuniclus, F|
|teampreview
|c|☆Ponyhofleiter|hf
|
|t:|1622493374
|start
|switch|p1a: Crobat|Crobat, F, shiny|100/100
|switch|p2a: Steelix|Steelix, F|100/100
|turn|1
|c|☆yourwelcomethank|hf
|
|t:|1622493380
|move|p1a: Crobat|Taunt|p2a: Steelix
|-start|p2a: Steelix|move: Taunt
|cant|p2a: Steelix|move: Taunt|Stealth Rock
|
|upkeep
|turn|2
|
|t:|1622493387
|move|p1a: Crobat|U-turn|p2a: Steelix
|-resisted|p2a: Steelix
|-damage|p2a: Steelix|97/100
|
|t:|1622493398
|switch|p1a: Celebi|Celebi|100/100|[from]move: U-turn
|move|p2a: Steelix|Heavy Slam|p1a: Celebi
|-damage|p1a: Celebi|64/100
|
|-heal|p2a: Steelix|100/100|[from] item: Leftovers
|upkeep
|turn|3
|
|t:|1622493411
|switch|p2a: Reuniclus|Reuniclus, F|100/100
|move|p1a: Celebi|U-turn|p2a: Reuniclus
|-supereffective|p2a: Reuniclus
|-damage|p2a: Reuniclus|79/100
|
|t:|1622493417
|switch|p1a: Darmanitan|Darmanitan, M|100/100|[from]move: U-turn
|
|-heal|p2a: Reuniclus|85/100|[from] item: Leftovers
|upkeep
|turn|4
|
|t:|1622493426
|move|p1a: Darmanitan|Toxic|p2a: Reuniclus
|-status|p2a: Reuniclus|tox
|move|p2a: Reuniclus|Psyshock|p1a: Darmanitan
|-crit|p1a: Darmanitan
|-damage|p1a: Darmanitan|26/100
|
|-heal|p2a: Reuniclus|92/100 tox|[from] item: Leftovers
|upkeep
|turn|5
|
|t:|1622493432
|move|p1a: Darmanitan|U-turn|p2a: Reuniclus
|-supereffective|p2a: Reuniclus
|-damage|p2a: Reuniclus|56/100 tox
|
|t:|1622493435
|switch|p1a: Gastrodon|Gastrodon, F|100/100|[from]move: U-turn
|move|p2a: Reuniclus|Psyshock|p1a: Gastrodon
|-damage|p1a: Gastrodon|78/100
|
|-heal|p2a: Reuniclus|62/100 tox|[from] item: Leftovers
|upkeep
|turn|6
|
|t:|1622493442
|move|p1a: Gastrodon|Earth Power|p2a: Reuniclus
|-damage|p2a: Reuniclus|35/100 tox
|-unboost|p2a: Reuniclus|spd|1
|move|p2a: Reuniclus|Calm Mind|p2a: Reuniclus
|-boost|p2a: Reuniclus|spa|1
|-boost|p2a: Reuniclus|spd|1
|
|-heal|p2a: Reuniclus|41/100 tox|[from] item: Leftovers
|upkeep
|turn|7
|
|t:|1622493452
|move|p1a: Gastrodon|Earth Power|p2a: Reuniclus
|-damage|p2a: Reuniclus|15/100 tox
|-unboost|p2a: Reuniclus|spd|1
|move|p2a: Reuniclus|Recover|p2a: Reuniclus
|-heal|p2a: Reuniclus|65/100 tox
|
|-heal|p2a: Reuniclus|71/100 tox|[from] item: Leftovers
|upkeep
|turn|8
|
|t:|1622493457
|move|p1a: Gastrodon|Earth Power|p2a: Reuniclus
|-damage|p2a: Reuniclus|31/100 tox
|move|p2a: Reuniclus|Calm Mind|p2a: Reuniclus
|-boost|p2a: Reuniclus|spa|1
|-boost|p2a: Reuniclus|spd|1
|
|-heal|p2a: Reuniclus|37/100 tox|[from] item: Leftovers
|upkeep
|turn|9
|
|t:|1622493463
|move|p1a: Gastrodon|Earth Power|p2a: Reuniclus
|-damage|p2a: Reuniclus|9/100 tox
|move|p2a: Reuniclus|Recover|p2a: Reuniclus
|-heal|p2a: Reuniclus|59/100 tox
|
|-heal|p2a: Reuniclus|65/100 tox|[from] item: Leftovers
|upkeep
|turn|10
|
|t:|1622493471
|move|p1a: Gastrodon|Clear Smog|p2a: Reuniclus
|-damage|p2a: Reuniclus|55/100 tox
|-clearboost|p2a: Reuniclus
|move|p2a: Reuniclus|Calm Mind|p2a: Reuniclus
|-boost|p2a: Reuniclus|spa|1
|-boost|p2a: Reuniclus|spd|1
|
|-heal|p2a: Reuniclus|61/100 tox|[from] item: Leftovers
|upkeep
|turn|11
|
|t:|1622493478
|move|p1a: Gastrodon|Earth Power|p2a: Reuniclus
|-damage|p2a: Reuniclus|43/100 tox
|-unboost|p2a: Reuniclus|spd|1
|move|p2a: Reuniclus|Recover|p2a: Reuniclus
|-heal|p2a: Reuniclus|93/100 tox
|
|-heal|p2a: Reuniclus|99/100 tox|[from] item: Leftovers
|upkeep
|turn|12
|
|t:|1622493485
|switch|p2a: Mienshao|Mienshao, M|100/100
|move|p1a: Gastrodon|Clear Smog|p2a: Mienshao
|-damage|p2a: Mienshao|82/100
|-clearboost|p2a: Mienshao
|
|upkeep
|turn|13
|
|t:|1622493493
|move|p2a: Mienshao|Knock Off|p1a: Gastrodon
|-damage|p1a: Gastrodon|37/100
|-enditem|p1a: Gastrodon|Heavy-Duty Boots|[from] move: Knock Off|[of] p2a: Mienshao
|move|p1a: Gastrodon|Recover|p1a: Gastrodon
|-heal|p1a: Gastrodon|87/100
|
|upkeep
|turn|14
|
|t:|1622493507
|switch|p2a: Reuniclus|Reuniclus, F|99/100 tox
|switch|p1a: Darmanitan|Darmanitan, M|26/100
|
|-heal|p2a: Reuniclus|100/100 tox|[from] item: Leftovers
|upkeep
|turn|15
|
|t:|1622493514
|move|p1a: Darmanitan|U-turn|p2a: Reuniclus
|-supereffective|p2a: Reuniclus
|-damage|p2a: Reuniclus|67/100 tox
|
|t:|1622493517
|switch|p1a: Celebi|Celebi|64/100|[from]move: U-turn
|move|p2a: Reuniclus|Psyshock|p1a: Celebi
|-resisted|p1a: Celebi
|-damage|p1a: Celebi|47/100
|
|-heal|p2a: Reuniclus|73/100 tox|[from] item: Leftovers
|upkeep
|turn|16
|
|t:|1622493526
|move|p1a: Celebi|Leaf Storm|p2a: Reuniclus
|-damage|p2a: Reuniclus|22/100 tox
|-unboost|p1a: Celebi|spa|2
|move|p2a: Reuniclus|Calm Mind|p2a: Reuniclus
|-boost|p2a: Reuniclus|spa|1
|-boost|p2a: Reuniclus|spd|1
|
|-heal|p2a: Reuniclus|28/100 tox|[from] item: Leftovers
|upkeep
|turn|17
|
|t:|1622493551
|switch|p2a: Xurkitree|Xurkitree|100/100
|move|p1a: Celebi|U-turn|p2a: Xurkitree
|-damage|p2a: Xurkitree|77/100
|
|t:|1622493561
|switch|p1a: Diancie|Diancie|100/100|[from]move: U-turn
|
|upkeep
|turn|18
|
|t:|1622493580
|switch|p1a: Gastrodon|Gastrodon, F|87/100
|move|p2a: Xurkitree|Volt Switch|p1a: Gastrodon
|-immune|p1a: Gastrodon
|
|upkeep
|turn|19
|
|t:|1622493587
|switch|p2a: Milotic|Milotic, F|100/100
|switch|p1a: Celebi|Celebi|47/100
|
|upkeep
|turn|20
|
|t:|1622493591
|switch|p2a: Crobat|Crobat, F|100/100
|move|p1a: Celebi|Recover|p1a: Celebi
|-heal|p1a: Celebi|97/100
|
|upkeep
|turn|21
|
|t:|1622493600
|switch|p1a: Diancie|Diancie|100/100
|move|p2a: Crobat|U-turn|p1a: Diancie
|-resisted|p1a: Diancie
|-damage|p1a: Diancie|94/100
|
|t:|1622493609
|switch|p2a: Steelix|Steelix, F|100/100|[from]move: U-turn
|
|-heal|p1a: Diancie|99/100|[from] item: Leftovers
|upkeep
|turn|22
|
|t:|1622493621
|switch|p1a: Darmanitan|Darmanitan, M|26/100
|move|p2a: Steelix|Stealth Rock|p1a: Darmanitan
|-sidestart|p1: yourwelcomethank|move: Stealth Rock
|
|upkeep
|turn|23
|inactive|Ponyhofleiter has 120 seconds left.
|
|t:|1622493652
|move|p1a: Darmanitan|U-turn|p2a: Steelix
|-resisted|p2a: Steelix
|-damage|p2a: Steelix|93/100
|
|t:|1622493660
|switch|p1a: Celebi|Celebi|97/100|[from]move: U-turn
|move|p2a: Steelix|Earthquake|p1a: Celebi
|-resisted|p1a: Celebi
|-damage|p1a: Celebi|81/100
|
|-heal|p2a: Steelix|99/100|[from] item: Leftovers
|upkeep
|turn|24
|
|t:|1622493671
|switch|p2a: Crobat|Crobat, F|100/100
|move|p1a: Celebi|Stealth Rock|p2a: Crobat
|-sidestart|p2: Ponyhofleiter|move: Stealth Rock
|
|upkeep
|turn|25
|
|t:|1622493680
|switch|p1a: Crobat|Crobat, F, shiny|100/100
|move|p2a: Crobat|U-turn|p1a: Crobat
|-resisted|p1a: Crobat
|-damage|p1a: Crobat|97/100
|
|t:|1622493689
|switch|p2a: Milotic|Milotic, F|100/100|[from]move: U-turn
|-damage|p2a: Milotic|88/100|[from] Stealth Rock
|
|-heal|p2a: Milotic|94/100|[from] item: Leftovers
|upkeep
|turn|26
|
|t:|1622493695
|move|p1a: Crobat|Taunt|p2a: Milotic
|-start|p2a: Milotic|move: Taunt
|move|p2a: Milotic|Flip Turn|p1a: Crobat
|-damage|p1a: Crobat|84/100
|j| A Very Gay Girl
|l| A Very Gay Girl
|inactive|Ponyhofleiter has 120 seconds left.
|
|t:|1622493743
|switch|p2a: Xurkitree|Xurkitree|77/100|[from]move: Flip Turn
|-damage|p2a: Xurkitree|65/100|[from] Stealth Rock
|
|upkeep
|turn|27
|
|t:|1622493750
|switch|p1a: Celebi|Celebi|81/100
|move|p2a: Xurkitree|Energy Ball|p1a: Celebi
|-resisted|p1a: Celebi
|-damage|p1a: Celebi|60/100
|
|upkeep
|turn|28
|
|t:|1622493761
|switch|p2a: Crobat|Crobat, F|100/100
|move|p1a: Celebi|Recover|p1a: Celebi
|-heal|p1a: Celebi|100/100
|
|upkeep
|turn|29
|inactive|Ponyhofleiter has 120 seconds left.
|
|t:|1622493769
|switch|p1a: Diancie|Diancie|99/100
|-damage|p1a: Diancie|88/100|[from] Stealth Rock
|move|p2a: Crobat|Brave Bird|p1a: Diancie
|-resisted|p1a: Diancie
|-damage|p1a: Diancie|73/100
|-damage|p2a: Crobat|96/100|[from] Recoil
|
|-heal|p1a: Diancie|79/100|[from] item: Leftovers
|upkeep
|turn|30
|
|t:|1622493777
|move|p2a: Crobat|U-turn|p1a: Diancie
|-resisted|p1a: Diancie
|-crit|p1a: Diancie
|-damage|p1a: Diancie|70/100
|
|t:|1622493782
|switch|p2a: Steelix|Steelix, F|99/100|[from]move: U-turn
|-damage|p2a: Steelix|96/100|[from] Stealth Rock
|move|p1a: Diancie|Body Press|p2a: Steelix
|-supereffective|p2a: Steelix
|-damage|p2a: Steelix|68/100
|
|-heal|p1a: Diancie|76/100|[from] item: Leftovers
|-heal|p2a: Steelix|74/100|[from] item: Leftovers
|upkeep
|turn|31
|
|t:|1622493796
|switch|p1a: Gastrodon|Gastrodon, F|87/100
|-damage|p1a: Gastrodon|81/100|[from] Stealth Rock
|move|p2a: Steelix|Heavy Slam|p1a: Gastrodon
|-resisted|p1a: Gastrodon
|-damage|p1a: Gastrodon|67/100
|
|-heal|p2a: Steelix|80/100|[from] item: Leftovers
|upkeep
|turn|32
|
|t:|1622493810
|switch|p1a: Celebi|Celebi|100/100
|switch|p2a: Mienshao|Mienshao, M|82/100
|-damage|p2a: Mienshao|76/100|[from] Stealth Rock
|
|upkeep
|turn|33
|
|t:|1622493828
|switch|p1a: Crobat|Crobat, F, shiny|84/100
|move|p2a: Mienshao|U-turn|p1a: Crobat
|-resisted|p1a: Crobat
|-damage|p1a: Crobat|74/100
|
|t:|1622493834
|switch|p2a: Xurkitree|Xurkitree|65/100|[from]move: U-turn
|-damage|p2a: Xurkitree|53/100|[from] Stealth Rock
|
|upkeep
|turn|34
|
|t:|1622493842
|switch|p1a: Gastrodon|Gastrodon, F|67/100
|-damage|p1a: Gastrodon|61/100|[from] Stealth Rock
|move|p2a: Xurkitree|Volt Switch|p1a: Gastrodon
|-immune|p1a: Gastrodon
|
|upkeep
|turn|35
|
|t:|1622493853
|switch|p2a: Mienshao|Mienshao, M|76/100
|-damage|p2a: Mienshao|70/100|[from] Stealth Rock
|move|p1a: Gastrodon|Earth Power|p2a: Mienshao
|-damage|p2a: Mienshao|15/100
|
|upkeep
|turn|36
|
|t:|1622493863
|switch|p1a: Crobat|Crobat, F, shiny|74/100
|move|p2a: Mienshao|High Jump Kick|p1a: Crobat
|-resisted|p1a: Crobat
|-damage|p1a: Crobat|40/100
|
|upkeep
|turn|37
|
|t:|1622493872
|switch|p2a: Steelix|Steelix, F|80/100
|-damage|p2a: Steelix|77/100|[from] Stealth Rock
|move|p1a: Crobat|Brave Bird|p2a: Steelix
|-resisted|p2a: Steelix
|-damage|p2a: Steelix|67/100
|-damage|p1a: Crobat|37/100|[from] Recoil
|
|-heal|p2a: Steelix|73/100|[from] item: Leftovers
|upkeep
|turn|38
|j| RobertFrippGaming
|
|t:|1622493879
|move|p1a: Crobat|Roost|p1a: Crobat
|-heal|p1a: Crobat|87/100
|-singleturn|p1a: Crobat|move: Roost
|move|p2a: Steelix|Heavy Slam|p1a: Crobat
|-damage|p1a: Crobat|50/100
|
|-heal|p2a: Steelix|79/100|[from] item: Leftovers
|upkeep
|turn|39
|
|t:|1622493887
|move|p1a: Crobat|Roost|p1a: Crobat
|-heal|p1a: Crobat|99/100
|-singleturn|p1a: Crobat|move: Roost
|move|p2a: Steelix|Earthquake|p1a: Crobat
|-supereffective|p1a: Crobat
|-damage|p1a: Crobat|40/100
|
|-heal|p2a: Steelix|85/100|[from] item: Leftovers
|upkeep
|turn|40
|
|t:|1622493896
|move|p1a: Crobat|Roost|p1a: Crobat
|-heal|p1a: Crobat|90/100
|-singleturn|p1a: Crobat|move: Roost
|move|p2a: Steelix|Earthquake|p1a: Crobat
|-supereffective|p1a: Crobat
|-damage|p1a: Crobat|31/100
|
|-heal|p2a: Steelix|91/100|[from] item: Leftovers
|upkeep
|turn|41
|
|t:|1622493899
|move|p1a: Crobat|Roost|p1a: Crobat
|-heal|p1a: Crobat|81/100
|-singleturn|p1a: Crobat|move: Roost
|move|p2a: Steelix|Earthquake|p1a: Crobat
|-supereffective|p1a: Crobat
|-damage|p1a: Crobat|15/100
|
|-heal|p2a: Steelix|98/100|[from] item: Leftovers
|upkeep
|turn|42
|
|t:|1622493903
|move|p1a: Crobat|U-turn|p2a: Steelix
|-resisted|p2a: Steelix
|-damage|p2a: Steelix|93/100
|
|t:|1622493908
|switch|p1a: Celebi|Celebi|100/100|[from]move: U-turn
|move|p2a: Steelix|Earthquake|p1a: Celebi
|-resisted|p1a: Celebi
|-damage|p1a: Celebi|85/100
|
|-heal|p2a: Steelix|99/100|[from] item: Leftovers
|upkeep
|turn|43
|
|t:|1622493917
|move|p1a: Celebi|Leaf Storm|p2a: Steelix
|-damage|p2a: Steelix|50/100
|-unboost|p1a: Celebi|spa|2
|move|p2a: Steelix|Roar|p1a: Celebi
|drag|p1a: Darmanitan|Darmanitan, M|26/100
|
|-heal|p2a: Steelix|56/100|[from] item: Leftovers
|upkeep
|turn|44
|
|t:|1622493933
|move|p1a: Darmanitan|Flare Blitz|p2a: Steelix
|-supereffective|p2a: Steelix
|-damage|p2a: Steelix|0 fnt
|faint|p2a: Steelix
|-damage|p1a: Darmanitan|7/100|[from] Recoil
|
|upkeep
|
|t:|1622493937
|switch|p2a: Crobat|Crobat, F|96/100
|turn|45
|
|t:|1622493951
|switch|p1a: Diancie|Diancie|76/100
|-damage|p1a: Diancie|64/100|[from] Stealth Rock
|move|p2a: Crobat|U-turn|p1a: Diancie
|-resisted|p1a: Diancie
|-damage|p1a: Diancie|58/100
|
|t:|1622493959
|switch|p2a: Mienshao|Mienshao, M|15/100|[from]move: U-turn
|-damage|p2a: Mienshao|9/100|[from] Stealth Rock
|
|-heal|p1a: Diancie|64/100|[from] item: Leftovers
|upkeep
|turn|46
|
|t:|1622493973
|switch|p1a: Crobat|Crobat, F, shiny|15/100
|move|p2a: Mienshao|Knock Off|p1a: Crobat
|-damage|p1a: Crobat|0 fnt
|-enditem|p1a: Crobat|Heavy-Duty Boots|[from] move: Knock Off|[of] p2a: Mienshao
|faint|p1a: Crobat
|
|upkeep
|
|t:|1622493984
|switch|p1a: Raikou|Raikou|100/100
|-damage|p1a: Raikou|88/100|[from] Stealth Rock
|-ability|p1a: Raikou|Pressure
|turn|47
|
|t:|1622493997
|switch|p2a: Reuniclus|Reuniclus, F|28/100 tox
|move|p1a: Raikou|Thunderbolt|p2a: Reuniclus
|-damage|p2a: Reuniclus|0 fnt
|faint|p2a: Reuniclus
|
|-heal|p1a: Raikou|94/100|[from] item: Leftovers
|upkeep
|
|t:|1622494005
|switch|p2a: Milotic|Milotic, F|94/100
|-damage|p2a: Milotic|82/100|[from] Stealth Rock
|turn|48
|
|t:|1622494010
|move|p1a: Raikou|Calm Mind|p1a: Raikou
|-boost|p1a: Raikou|spa|1
|-boost|p1a: Raikou|spd|1
|move|p2a: Milotic|Scald|p1a: Raikou
|-damage|p1a: Raikou|75/100
|
|-heal|p1a: Raikou|81/100|[from] item: Leftovers
|-heal|p2a: Milotic|88/100|[from] item: Leftovers
|upkeep
|turn|49
|
|t:|1622494017
|move|p1a: Raikou|Thunderbolt|p2a: Milotic
|-supereffective|p2a: Milotic
|-damage|p2a: Milotic|0 fnt
|faint|p2a: Milotic
|
|-heal|p1a: Raikou|87/100|[from] item: Leftovers
|upkeep
|
|t:|1622494021
|switch|p2a: Mienshao|Mienshao, M|9/100
|-damage|p2a: Mienshao|3/100|[from] Stealth Rock
|turn|50
|
|t:|1622494026
|move|p1a: Raikou|Scald|p2a: Mienshao
|-damage|p2a: Mienshao|0 fnt
|faint|p2a: Mienshao
|
|-heal|p1a: Raikou|93/100|[from] item: Leftovers
|upkeep
|c|☆Ponyhofleiter|gg
|
|t:|1622494032
|switch|p2a: Xurkitree|Xurkitree|53/100
|-damage|p2a: Xurkitree|40/100|[from] Stealth Rock
|turn|51
|c|☆yourwelcomethank|gg
|
|t:|1622494036
|move|p2a: Xurkitree|Dazzling Gleam|p1a: Raikou
|-damage|p1a: Raikou|70/100
|move|p1a: Raikou|Aura Sphere|p2a: Xurkitree
|-damage|p2a: Xurkitree|0 fnt
|faint|p2a: Xurkitree
|
|-heal|p1a: Raikou|76/100|[from] item: Leftovers
|upkeep
|
|t:|1622494041
|switch|p2a: Crobat|Crobat, F|96/100
|turn|52
|
|t:|1622494044
|move|p2a: Crobat|Brave Bird|p1a: Raikou
|-resisted|p1a: Raikou
|-damage|p1a: Raikou|51/100
|-damage|p2a: Crobat|89/100|[from] Recoil
|move|p1a: Raikou|Thunderbolt|p2a: Crobat
|-supereffective|p2a: Crobat
|-damage|p2a: Crobat|0 fnt
|faint|p2a: Crobat
|
|win|yourwelcomethank
|n|☆yourwelcomethank|yourwelcomethank
|n|☆Ponyhofleiter|ponyhofleiter
|n| RobertFrippGaming|robertfrippgaming
|l|☆Ponyhofleiter
