|j|☆c rien c la RU
|j|☆icearrow77
|player|p1|c rien c la RU|104|1354
|player|p2|icearrow77|courtney-gen3|1390
|teamsize|p1|6
|teamsize|p2|6
|gametype|singles
|gen|8
|tier|[Gen 8] RU
|rated|
|clearpoke
|poke|p1|Decidueye, F|
|poke|p1|Steelix, F|
|poke|p1|Vileplume, M|
|poke|p1|Raichu-Alola, M|
|poke|p1|Coalossal, M|
|poke|p1|Braviary, M|
|poke|p2|Indeedee-F, F|
|poke|p2|Rillaboom, M|
|poke|p2|Steelix, M|
|poke|p2|Drapion, F|
|poke|p2|Vikavolt, F|
|poke|p2|Charizard, F|
|rule|Sleep Clause Mod: Limit one foe put to sleep
|rule|Species Clause: Limit one of each Pokémon
|rule|OHKO Clause: OHKO moves are banned
|rule|Evasion Moves Clause: Evasion moves are banned
|rule|Endless Battle Clause: Forcing endless battles is banned
|rule|HP Percentage Mod: HP is shown in percentages
|rule|Dynamax Clause: You cannot dynamax
|teampreview
|inactive|Battle timer is ON: inactive players will automatically lose when time's up. (requested by icearrow77)
|inactive|c rien c la RU has 120 seconds left.
|j| Csizzlesix
|
|start
|switch|p1a: Raichu|Raichu-Alola, M|100/100
|switch|p2a: Indeedee|Indeedee-F, F|100/100
|-fieldstart|move: Psychic Terrain|[from] ability: Psychic Surge|[of] p2a: Indeedee
|turn|1
|
|move|p1a: Raichu|Volt Switch|p2a: Indeedee
|-damage|p2a: Indeedee|52/100
|
|switch|p1a: Steelix|Steelix, F|100/100|[from]move: Volt Switch
|move|p2a: Indeedee|Expanding Force|p1a: Steelix
|-resisted|p1a: Steelix
|-damage|p1a: Steelix|57/100
|
|-heal|p1a: Steelix|63/100|[from] item: Leftovers
|upkeep
|turn|2
|
|switch|p2a: Charizard|Charizard, F|100/100
|move|p1a: Steelix|Heavy Slam|p2a: Charizard
|-resisted|p2a: Charizard
|-damage|p2a: Charizard|79/100
|
|-heal|p1a: Steelix|70/100|[from] item: Leftovers
|upkeep
|turn|3
|
|switch|p1a: Coalossal|Coalossal, M|100/100
|move|p2a: Charizard|Fire Blast|p1a: Coalossal
|-resisted|p1a: Coalossal
|-damage|p1a: Coalossal|93/100
|
|upkeep
|turn|4
|
|move|p2a: Charizard|Toxic|p1a: Coalossal
|-status|p1a: Coalossal|tox
|move|p1a: Coalossal|Spikes|p2a: Charizard
|-sidestart|p2: icearrow77|Spikes
|
|-damage|p1a: Coalossal|87/100 tox|[from] psn
|upkeep
|turn|5
|
|move|p2a: Charizard|Defog|p1a: Coalossal
|-unboost|p1a: Coalossal|evasion|1
|-sideend|p2: icearrow77|Spikes|[from] move: Defog|[of] p2a: Charizard
|-fieldend|move: Psychic Terrain
|move|p1a: Coalossal|Rock Blast|p2a: Charizard
|-supereffective|p2a: Charizard
|-damage|p2a: Charizard|35/100
|-supereffective|p2a: Charizard
|-damage|p2a: Charizard|0 fnt
|-hitcount|p2a: Charizard|2
|faint|p2a: Charizard
|
|-damage|p1a: Coalossal|74/100 tox|[from] psn
|upkeep
|
|switch|p2a: Rillaboom|Rillaboom, M|100/100
|-fieldstart|move: Grassy Terrain|[from] ability: Grassy Surge|[of] p2a: Rillaboom
|turn|6
|j| Aquarius Ghost ❤
|
|switch|p1a: Vileplume|Vileplume, M|100/100
|move|p2a: Rillaboom|Wood Hammer|p1a: Vileplume
|-resisted|p1a: Vileplume
|-damage|p1a: Vileplume|80/100
|-damage|p2a: Rillaboom|93/100|[from] Recoil
|
|-heal|p2a: Rillaboom|99/100|[from] Grassy Terrain
|-heal|p1a: Vileplume|86/100|[from] item: Leftovers
|-heal|p1a: Vileplume|92/100|[from] Grassy Terrain
|upkeep
|turn|7
|
|switch|p2a: Drapion|Drapion, F|100/100
|move|p1a: Vileplume|Sludge Bomb|p2a: Drapion
|-resisted|p2a: Drapion
|-damage|p2a: Drapion|74/100
|
|-heal|p2a: Drapion|80/100|[from] item: Black Sludge
|-heal|p2a: Drapion|86/100|[from] Grassy Terrain
|-heal|p1a: Vileplume|98/100|[from] item: Leftovers
|-heal|p1a: Vileplume|100/100|[from] Grassy Terrain
|upkeep
|turn|8
|
|switch|p1a: Coalossal|Coalossal, M|74/100 tox
|move|p2a: Drapion|Knock Off|p1a: Coalossal
|-damage|p1a: Coalossal|46/100 tox
|-enditem|p1a: Coalossal|Heavy-Duty Boots|[from] move: Knock Off|[of] p2a: Drapion
|
|-heal|p2a: Drapion|92/100|[from] item: Black Sludge
|-heal|p2a: Drapion|98/100|[from] Grassy Terrain
|-heal|p1a: Coalossal|53/100 tox|[from] Grassy Terrain
|-damage|p1a: Coalossal|46/100 tox|[from] psn
|upkeep
|turn|9
|
|switch|p2a: Indeedee|Indeedee-F, F|52/100
|-fieldstart|move: Psychic Terrain|[from] ability: Psychic Surge|[of] p2a: Indeedee
|move|p1a: Coalossal|Spikes|p2a: Indeedee
|-sidestart|p2: icearrow77|Spikes
|
|-damage|p1a: Coalossal|34/100 tox|[from] psn
|upkeep
|turn|10
|
|move|p2a: Indeedee|Expanding Force|p1a: Coalossal
|-crit|p1a: Coalossal
|-damage|p1a: Coalossal|0 fnt
|faint|p1a: Coalossal
|
|upkeep
|
|switch|p1a: Braviary|Braviary, M|100/100
|turn|11
|
|switch|p2a: Steelix|Steelix, M|100/100
|-damage|p2a: Steelix|88/100|[from] Spikes
|move|p1a: Braviary|U-turn|p2a: Steelix
|-resisted|p2a: Steelix
|-damage|p2a: Steelix|83/100
|
|switch|p1a: Raichu|Raichu-Alola, M|100/100|[from]move: U-turn
|
|-heal|p2a: Steelix|89/100|[from] item: Leftovers
|upkeep
|turn|12
|
|switch|p2a: Rillaboom|Rillaboom, M|99/100
|-damage|p2a: Rillaboom|87/100|[from] Spikes
|-fieldstart|move: Grassy Terrain|[from] ability: Grassy Surge|[of] p2a: Rillaboom
|move|p1a: Raichu|Surf|p2a: Rillaboom
|-resisted|p2a: Rillaboom
|-damage|p2a: Rillaboom|62/100
|
|-heal|p2a: Rillaboom|68/100|[from] Grassy Terrain
|upkeep
|turn|13
|
|switch|p1a: Vileplume|Vileplume, M|100/100
|move|p2a: Rillaboom|U-turn|p1a: Vileplume
|-damage|p1a: Vileplume|74/100
|
|switch|p2a: Indeedee|Indeedee-F, F|52/100|[from]move: U-turn
|-damage|p2a: Indeedee|40/100|[from] Spikes
|-fieldstart|move: Psychic Terrain|[from] ability: Psychic Surge|[of] p2a: Indeedee
|
|-heal|p1a: Vileplume|80/100|[from] item: Leftovers
|upkeep
|turn|14
|
|switch|p1a: Raichu|Raichu-Alola, M|100/100
|move|p2a: Indeedee|Expanding Force|p1a: Raichu
|-resisted|p1a: Raichu
|-damage|p1a: Raichu|28/100
|
|upkeep
|turn|15
|inactive|c rien c la RU has 120 seconds left.
|
|move|p1a: Raichu|Psychic|p2a: Indeedee
|-resisted|p2a: Indeedee
|-damage|p2a: Indeedee|0 fnt
|faint|p2a: Indeedee
|
|upkeep
|
|switch|p2a: Drapion|Drapion, F|98/100
|-damage|p2a: Drapion|86/100|[from] Spikes
|turn|16
|inactive|c rien c la RU has 120 seconds left.
|
|switch|p1a: Steelix|Steelix, F|70/100
|move|p2a: Drapion|Swords Dance|p2a: Drapion
|-boost|p2a: Drapion|atk|2
|
|-heal|p2a: Drapion|92/100|[from] item: Black Sludge
|-heal|p1a: Steelix|76/100|[from] item: Leftovers
|upkeep
|turn|17
|
|move|p2a: Drapion|Earthquake|p1a: Steelix
|-supereffective|p1a: Steelix
|-damage|p1a: Steelix|23/100
|move|p1a: Steelix|Body Press|p2a: Drapion
|-damage|p2a: Drapion|52/100
|
|-heal|p2a: Drapion|59/100|[from] item: Black Sludge
|-heal|p1a: Steelix|30/100|[from] item: Leftovers
|-fieldend|move: Psychic Terrain
|upkeep
|turn|18
|
|move|p2a: Drapion|Earthquake|p1a: Steelix
|-supereffective|p1a: Steelix
|-damage|p1a: Steelix|0 fnt
|faint|p1a: Steelix
|
|-heal|p2a: Drapion|65/100|[from] item: Black Sludge
|upkeep
|
|switch|p1a: Raichu|Raichu-Alola, M|28/100
|turn|19
|
|move|p1a: Raichu|Thunderbolt|p2a: Drapion
|-damage|p2a: Drapion|0 fnt
|faint|p2a: Drapion
|
|upkeep
|
|switch|p2a: Steelix|Steelix, M|89/100
|-damage|p2a: Steelix|77/100|[from] Spikes
|turn|20
|
|switch|p1a: Vileplume|Vileplume, M|80/100
|move|p2a: Steelix|Stealth Rock|p1a: Vileplume
|-sidestart|p1: c rien c la RU|move: Stealth Rock
|
|-heal|p1a: Vileplume|86/100|[from] item: Leftovers
|-heal|p2a: Steelix|83/100|[from] item: Leftovers
|upkeep
|turn|21
|
|move|p1a: Vileplume|Sludge Bomb|p2a: Steelix
|-immune|p2a: Steelix
|move|p2a: Steelix|Heavy Slam|p1a: Vileplume
|-damage|p1a: Vileplume|60/100
|
|-heal|p1a: Vileplume|66/100|[from] item: Leftovers
|-heal|p2a: Steelix|89/100|[from] item: Leftovers
|upkeep
|turn|22
|
|move|p1a: Vileplume|Sludge Bomb|p2a: Steelix
|-immune|p2a: Steelix
|move|p2a: Steelix|Earthquake|p1a: Vileplume
|-damage|p1a: Vileplume|41/100
|
|-heal|p1a: Vileplume|48/100|[from] item: Leftovers
|-heal|p2a: Steelix|95/100|[from] item: Leftovers
|upkeep
|turn|23
|
|move|p1a: Vileplume|Strength Sap|p2a: Steelix
|-unboost|p2a: Steelix|atk|1
|-heal|p1a: Vileplume|100/100
|move|p2a: Steelix|Earthquake|p1a: Vileplume
|-damage|p1a: Vileplume|86/100
|
|-heal|p1a: Vileplume|92/100|[from] item: Leftovers
|-heal|p2a: Steelix|100/100|[from] item: Leftovers
|upkeep
|turn|24
|
|move|p1a: Vileplume|Giga Drain|p2a: Steelix
|-damage|p2a: Steelix|74/100
|-heal|p1a: Vileplume|100/100|[from] drain|[of] p2a: Steelix
|move|p2a: Steelix|Heavy Slam|p1a: Vileplume
|-damage|p1a: Vileplume|83/100
|
|-heal|p1a: Vileplume|89/100|[from] item: Leftovers
|-heal|p2a: Steelix|80/100|[from] item: Leftovers
|upkeep
|turn|25
|
|switch|p2a: Vikavolt|Vikavolt, F|100/100
|move|p1a: Vileplume|Sludge Bomb|p2a: Vikavolt
|-damage|p2a: Vikavolt|58/100
|-status|p2a: Vikavolt|psn
|
|-heal|p1a: Vileplume|96/100|[from] item: Leftovers
|-damage|p2a: Vikavolt|46/100 psn|[from] psn
|upkeep
|turn|26
|
|switch|p1a: Decidueye|Decidueye, F|100/100
|-damage|p1a: Decidueye|88/100|[from] Stealth Rock
|move|p2a: Vikavolt|Roost|p2a: Vikavolt
|-heal|p2a: Vikavolt|96/100 psn
|-singleturn|p2a: Vikavolt|move: Roost
|
|-damage|p2a: Vikavolt|83/100 psn|[from] psn
|upkeep
|turn|27
|
|switch|p2a: Steelix|Steelix, M|80/100
|-damage|p2a: Steelix|68/100|[from] Spikes
|move|p1a: Decidueye|Poltergeist|p2a: Steelix
|-activate|p2a: Steelix|move: Poltergeist|Leftovers
|-damage|p2a: Steelix|31/100
|-damage|p1a: Decidueye|78/100|[from] item: Life Orb
|
|-heal|p2a: Steelix|38/100|[from] item: Leftovers
|upkeep
|turn|28
|
|move|p1a: Decidueye|Poltergeist|p2a: Steelix
|-activate|p2a: Steelix|move: Poltergeist|Leftovers
|-damage|p2a: Steelix|2/100
|-damage|p1a: Decidueye|69/100|[from] item: Life Orb
|move|p2a: Steelix|Heavy Slam|p1a: Decidueye
|-damage|p1a: Decidueye|13/100
|
|-heal|p2a: Steelix|8/100|[from] item: Leftovers
|upkeep
|turn|29
|
|move|p1a: Decidueye|Leaf Blade|p2a: Steelix
|-damage|p2a: Steelix|0 fnt
|-damage|p1a: Decidueye|3/100|[from] item: Life Orb
|faint|p2a: Steelix
|
|upkeep
|
|switch|p2a: Rillaboom|Rillaboom, M|68/100
|-damage|p2a: Rillaboom|56/100|[from] Spikes
|-fieldstart|move: Grassy Terrain|[from] ability: Grassy Surge|[of] p2a: Rillaboom
|turn|30
|
|move|p1a: Decidueye|Shadow Sneak|p2a: Rillaboom
|-damage|p2a: Rillaboom|26/100
|-damage|p1a: Decidueye|0 fnt|[from] item: Life Orb
|faint|p1a: Decidueye
|move|p2a: Rillaboom|U-turn|p1: Decidueye|[notarget]
|-fail|p2a: Rillaboom
|
|-heal|p2a: Rillaboom|32/100|[from] Grassy Terrain
|upkeep
|-message|icearrow77 forfeited.
|
|win|c rien c la RU
|l|☆icearrow77
|raw|c rien c la RU's rating: 1363 &rarr; <strong>1385</strong><br />(+22 for winning)
|raw|icearrow77's rating: 1398 &rarr; <strong>1376</strong><br />(-22 for losing)
