|j|☆Galileo Glalie 2
|j|☆yOuRwElCoMeThAnk
|inactive|Battle timer is ON: inactive players will automatically lose when time's up.
|t:|1664807158
|gametype|singles
|player|p1|Galileo Glalie 2|swimmerf|
|player|p2|yOuRwElCoMeThAnk|hiker-gen4|
|teamsize|p1|6
|teamsize|p2|6
|gen|8
|tier|[Gen 8] RU
|rated|Tournament battle
|rule|Sleep Clause Mod: Limit one foe put to sleep
|rule|Species Clause: Limit one of each Pokémon
|rule|OHKO Clause: OHKO moves are banned
|rule|Evasion Items Clause: Evasion items are banned
|rule|Evasion Moves Clause: Evasion moves are banned
|rule|Endless Battle Clause: Forcing endless battles is banned
|rule|HP Percentage Mod: HP is shown in percentages
|rule|Dynamax Clause: You cannot dynamax
|clearpoke
|poke|p1|Metagross|
|poke|p1|Umbreon, M|
|poke|p1|Weezing-Galar, M|
|poke|p1|Tentacruel, M|
|poke|p1|Flygon, M|
|poke|p1|Rhyperior, M|
|poke|p2|Zoroark, F|
|poke|p2|Xurkitree|
|poke|p2|Golisopod, M|
|poke|p2|Steelix, F|
|poke|p2|Gardevoir, M|
|poke|p2|Noivern, F|
|teampreview
|j|+Oathkeeper
|c|☆yOuRwElCoMeThAnk|hf
|c|☆Galileo Glalie 2|glhf
|j|%Beraldinhoo
|inactive|yOuRwElCoMeThAnk has 120 seconds left.
|
|t:|1664807192
|start
|switch|p1a: Flygon|Flygon, M|100/100
|switch|p2a: Golisopod|Golisopod, M|100/100
|turn|1
|
|t:|1664807198
|switch|p1a: Weezing|Weezing-Galar, M|100/100
|move|p2a: Golisopod|Knock Off|p1a: Weezing
|-resisted|p1a: Weezing
|-crit|p1a: Weezing
|-damage|p1a: Weezing|83/100
|-enditem|p1a: Weezing|Black Sludge|[from] move: Knock Off|[of] p2a: Golisopod
|
|upkeep
|turn|2
|
|t:|1664807214
|switch|p2a: Gardevoir|Gardevoir, M|100/100
|-ability|p2a: Gardevoir|Levitate|[from] ability: Trace|[of] p1a: Weezing
|move|p1a: Weezing|Toxic Spikes|p2a: Gardevoir
|-sidestart|p2: yOuRwElCoMeThAnk|move: Toxic Spikes
|
|upkeep
|turn|3
|
|t:|1664807231
|switch|p2a: Xurkitree|Xurkitree|100/100
|switch|p1a: Rhyperior|Rhyperior, M|100/100
|
|upkeep
|turn|4
|
|t:|1664807239
|switch|p1a: Flygon|Flygon, M|100/100
|move|p2a: Xurkitree|Knock Off|p1a: Flygon
|-damage|p1a: Flygon|41/100
|-enditem|p1a: Flygon|Choice Scarf|[from] move: Knock Off|[of] p2a: Xurkitree
|
|upkeep
|turn|5
|
|t:|1664807248
|switch|p2a: Golisopod|Golisopod, M|100/100
|switch|p1a: Weezing|Weezing-Galar, M|83/100
|
|upkeep
|turn|6
|
|t:|1664807265
|switch|p2a: Gardevoir|Gardevoir, M|100/100
|-status|p2a: Gardevoir|psn
|-ability|p2a: Gardevoir|Levitate|[from] ability: Trace|[of] p1a: Weezing
|move|p1a: Weezing|Corrosive Gas|p2a: Gardevoir
|-enditem|p2a: Gardevoir|Choice Scarf|[from] move: Corrosive Gas|[of] p1a: Weezing
|
|-damage|p2a: Gardevoir|88/100 psn|[from] psn
|upkeep
|turn|7
|
|t:|1664807274
|switch|p1a: Metagross|Metagross|100/100
|move|p2a: Gardevoir|Psychic|p1a: Metagross
|-resisted|p1a: Metagross
|-damage|p1a: Metagross|91/100
|
|-heal|p1a: Metagross|97/100|[from] item: Leftovers
|-damage|p2a: Gardevoir|76/100 psn|[from] psn
|upkeep
|turn|8
|
|t:|1664807289
|switch|p2a: Golisopod|Golisopod, M|100/100
|move|p1a: Metagross|Cosmic Power|p1a: Metagross
|-boost|p1a: Metagross|def|1
|-boost|p1a: Metagross|spd|1
|
|-heal|p1a: Metagross|100/100|[from] item: Leftovers
|upkeep
|turn|9
|j| Sneakyplanner
|
|t:|1664807295
|switch|p1a: Weezing|Weezing-Galar, M|83/100
|switch|p2a: Noivern|Noivern, F|100/100
|
|upkeep
|turn|10
|
|t:|1664807298
|move|p2a: Noivern|U-turn|p1a: Weezing
|-resisted|p1a: Weezing
|-damage|p1a: Weezing|82/100
|
|t:|1664807301
|switch|p2a: Gardevoir|Gardevoir, M|76/100 psn|[from]move: U-turn
|-ability|p2a: Gardevoir|Levitate|[from] ability: Trace|[of] p1a: Weezing
|move|p1a: Weezing|Strange Steam|p2a: Gardevoir
|-damage|p2a: Gardevoir|49/100 psn
|-start|p2a: Gardevoir|confusion
|
|-damage|p2a: Gardevoir|36/100 psn|[from] psn
|upkeep
|turn|11
|
|t:|1664807306
|switch|p2a: Noivern|Noivern, F|100/100
|switch|p1a: Metagross|Metagross|100/100
|
|upkeep
|turn|12
|
|t:|1664807312
|switch|p1a: Rhyperior|Rhyperior, M|100/100
|move|p2a: Noivern|Flamethrower|p1a: Rhyperior
|-resisted|p1a: Rhyperior
|-damage|p1a: Rhyperior|82/100
|
|-heal|p1a: Rhyperior|89/100|[from] item: Leftovers
|upkeep
|turn|13
|
|t:|1664807323
|switch|p2a: Gardevoir|Gardevoir, M|36/100 psn
|-ability|p2a: Gardevoir|Solid Rock|[from] ability: Trace|[of] p1a: Rhyperior
|move|p1a: Rhyperior|Stealth Rock|p2a: Gardevoir
|-sidestart|p2: yOuRwElCoMeThAnk|move: Stealth Rock
|
|-heal|p1a: Rhyperior|95/100|[from] item: Leftovers
|-damage|p2a: Gardevoir|24/100 psn|[from] psn
|upkeep
|turn|14
|
|t:|1664807330
|switch|p1a: Metagross|Metagross|100/100
|move|p2a: Gardevoir|Healing Wish|p2a: Gardevoir
|faint|p2a: Gardevoir
|
|upkeep
|
|t:|1664807340
|switch|p2a: Xurkitree|Xurkitree|100/100
|turn|15
|
|t:|1664807345
|switch|p1a: Umbreon|Umbreon, M|100/100
|move|p2a: Xurkitree|U-turn|p1a: Umbreon
|-supereffective|p1a: Umbreon
|-damage|p1a: Umbreon|70/100
|
|t:|1664807359
|switch|p2a: Steelix|Steelix, F|100/100|[from]move: U-turn
|-damage|p2a: Steelix|97/100|[from] Stealth Rock
|
|-heal|p2a: Steelix|100/100|[from] item: Leftovers
|upkeep
|turn|16
|
|t:|1664807367
|switch|p1a: Tentacruel|Tentacruel, M|100/100
|move|p2a: Steelix|Stealth Rock|p1a: Tentacruel
|-sidestart|p1: Galileo Glalie 2|move: Stealth Rock
|
|upkeep
|turn|17
|
|t:|1664807372
|move|p1a: Tentacruel|Knock Off|p2a: Steelix
|-damage|p2a: Steelix|92/100
|-enditem|p2a: Steelix|Leftovers|[from] move: Knock Off|[of] p1a: Tentacruel
|move|p2a: Steelix|Earthquake|p1a: Tentacruel
|-supereffective|p1a: Tentacruel
|-damage|p1a: Tentacruel|31/100
|
|-heal|p1a: Tentacruel|37/100|[from] item: Black Sludge
|upkeep
|turn|18
|
|t:|1664807381
|move|p1a: Tentacruel|Scald|p2a: Steelix
|-supereffective|p2a: Steelix
|-damage|p2a: Steelix|49/100
|-status|p2a: Steelix|brn
|move|p2a: Steelix|Earthquake|p1a: Tentacruel
|-supereffective|p1a: Tentacruel
|-damage|p1a: Tentacruel|0 fnt
|faint|p1a: Tentacruel
|
|-damage|p2a: Steelix|43/100 brn|[from] brn
|upkeep
|
|t:|1664807395
|switch|p1a: Flygon|Flygon, M|41/100
|-damage|p1a: Flygon|35/100|[from] Stealth Rock
|turn|19
|
|t:|1664807400
|switch|p2a: Golisopod|Golisopod, M|100/100
|move|p1a: Flygon|Earthquake|p2a: Golisopod
|-resisted|p2a: Golisopod
|-damage|p2a: Golisopod|84/100
|
|upkeep
|turn|20
|
|t:|1664807408
|switch|p1a: Weezing|Weezing-Galar, M|82/100
|-damage|p1a: Weezing|69/100|[from] Stealth Rock
|move|p2a: Golisopod|First Impression|p1a: Weezing
|-resisted|p1a: Weezing
|-damage|p1a: Weezing|62/100
|
|upkeep
|turn|21
|
|t:|1664807416
|switch|p2a: Steelix|Steelix, F|43/100 brn
|-heal|p2a: Steelix|100/100|[from] move: Healing Wish
|-damage|p2a: Steelix|97/100|[from] Stealth Rock
|move|p1a: Weezing|Strange Steam|p2a: Steelix
|-resisted|p2a: Steelix
|-damage|p2a: Steelix|84/100
|
|upkeep
|turn|22
|
|t:|1664807431
|move|p1a: Weezing|Will-O-Wisp|p2a: Steelix
|-status|p2a: Steelix|brn
|move|p2a: Steelix|Heavy Slam|p1a: Weezing
|-supereffective|p1a: Weezing
|-damage|p1a: Weezing|39/100
|
|-damage|p2a: Steelix|78/100 brn|[from] brn
|upkeep
|turn|23
|
|t:|1664807443
|switch|p1a: Umbreon|Umbreon, M|70/100
|switch|p2a: Golisopod|Golisopod, M|84/100
|
|upkeep
|turn|24
|
|t:|1664807451
|move|p1a: Umbreon|Protect|p1a: Umbreon
|-singleturn|p1a: Umbreon|Protect
|move|p2a: Golisopod|First Impression|p1a: Umbreon
|-activate|p1a: Umbreon|move: Protect
|
|upkeep
|turn|25
|
|t:|1664807455
|move|p1a: Umbreon|Foul Play|p2a: Golisopod
|-damage|p2a: Golisopod|46/100
|-activate|p2a: Golisopod|ability: Emergency Exit
|
|t:|1664807464
|switch|p2a: Xurkitree|Xurkitree|100/100
|
|upkeep
|turn|26
|
|t:|1664807466
|move|p1a: Umbreon|Protect|p1a: Umbreon
|-singleturn|p1a: Umbreon|Protect
|move|p2a: Xurkitree|U-turn|p1a: Umbreon
|-activate|p1a: Umbreon|move: Protect
|
|upkeep
|turn|27
|
|t:|1664807472
|move|p2a: Xurkitree|U-turn|p1a: Umbreon
|-supereffective|p1a: Umbreon
|-damage|p1a: Umbreon|34/100
|
|t:|1664807474
|switch|p2a: Golisopod|Golisopod, M|46/100|[from]move: U-turn
|move|p1a: Umbreon|Wish|p1a: Umbreon
|
|upkeep
|turn|28
|
|t:|1664807479
|move|p1a: Umbreon|Protect|p1a: Umbreon
|-singleturn|p1a: Umbreon|Protect
|move|p2a: Golisopod|First Impression|p1a: Umbreon
|-activate|p1a: Umbreon|move: Protect
|
|-heal|p1a: Umbreon|84/100|[from] move: Wish|[wisher] Umbreon
|upkeep
|turn|29
|
|t:|1664807486
|switch|p1a: Weezing|Weezing-Galar, M|39/100
|-damage|p1a: Weezing|27/100|[from] Stealth Rock
|move|p2a: Golisopod|Leech Life|p1a: Weezing
|-resisted|p1a: Weezing
|-damage|p1a: Weezing|20/100
|-heal|p2a: Golisopod|50/100|[from] drain|[of] p1a: Weezing
|
|upkeep
|turn|30
|
|t:|1664807498
|switch|p2a: Steelix|Steelix, F|78/100 brn
|-damage|p2a: Steelix|75/100 brn|[from] Stealth Rock
|move|p1a: Weezing|Strange Steam|p2a: Steelix
|-resisted|p2a: Steelix
|-damage|p2a: Steelix|62/100 brn
|
|-damage|p2a: Steelix|56/100 brn|[from] brn
|upkeep
|turn|31
|
|t:|1664807502
|switch|p1a: Umbreon|Umbreon, M|84/100
|move|p2a: Steelix|Heavy Slam|p1a: Umbreon
|-damage|p1a: Umbreon|69/100
|
|-damage|p2a: Steelix|49/100 brn|[from] brn
|upkeep
|turn|32
|
|t:|1664807507
|switch|p2a: Xurkitree|Xurkitree|100/100
|move|p1a: Umbreon|Wish|p1a: Umbreon
|
|upkeep
|turn|33
|
|t:|1664807517
|move|p2a: Xurkitree|Volt Switch|p1a: Umbreon
|-damage|p1a: Umbreon|44/100
|
|t:|1664807522
|switch|p2a: Steelix|Steelix, F|49/100 brn|[from]move: Volt Switch
|-damage|p2a: Steelix|46/100 brn|[from] Stealth Rock
|move|p1a: Umbreon|Foul Play|p2a: Steelix
|-damage|p2a: Steelix|31/100 brn
|
|-heal|p1a: Umbreon|94/100|[from] move: Wish|[wisher] Umbreon
|-damage|p2a: Steelix|25/100 brn|[from] brn
|upkeep
|turn|34
|
|t:|1664807526
|move|p1a: Umbreon|Wish|p1a: Umbreon
|move|p2a: Steelix|Toxic||[still]
|-status|p1a: Umbreon|tox
|-activate|p1a: Umbreon|ability: Synchronize
|-fail|p1a: Umbreon
|
|-damage|p1a: Umbreon|88/100 tox|[from] psn
|-damage|p2a: Steelix|19/100 brn|[from] brn
|upkeep
|turn|35
|
|t:|1664807531
|move|p1a: Umbreon|Heal Bell|p1a: Umbreon
|-activate|p1a: Umbreon|move: Heal Bell
|-curestatus|p1a: Umbreon|tox|[msg]
|move|p2a: Steelix|Heavy Slam|p1a: Umbreon
|-damage|p1a: Umbreon|73/100
|
|-heal|p1a: Umbreon|100/100|[from] move: Wish|[wisher] Umbreon
|-damage|p2a: Steelix|12/100 brn|[from] brn
|upkeep
|turn|36
|
|t:|1664807535
|move|p1a: Umbreon|Wish|p1a: Umbreon
|move|p2a: Steelix|Toxic|p1a: Umbreon|[miss]
|-miss|p2a: Steelix|p1a: Umbreon
|
|-damage|p2a: Steelix|6/100 brn|[from] brn
|upkeep
|turn|37
|
|t:|1664807538
|switch|p1a: Weezing|Weezing-Galar, M|20/100
|-damage|p1a: Weezing|8/100|[from] Stealth Rock
|move|p2a: Steelix|Heavy Slam|p1a: Weezing
|-supereffective|p1a: Weezing
|-damage|p1a: Weezing|0 fnt
|faint|p1a: Weezing
|
|-damage|p2a: Steelix|0 fnt|[from] brn
|faint|p2a: Steelix
|upkeep
|
|t:|1664807549
|switch|p1a: Metagross|Metagross|100/100
|switch|p2a: Golisopod|Golisopod, M|50/100
|-damage|p1a: Metagross|94/100|[from] Stealth Rock
|turn|38
|
|t:|1664807559
|switch|p1a: Umbreon|Umbreon, M|100/100
|move|p2a: Golisopod|First Impression|p1a: Umbreon
|-supereffective|p1a: Umbreon
|-damage|p1a: Umbreon|28/100
|
|upkeep
|turn|39
|
|t:|1664807566
|move|p1a: Umbreon|Protect|p1a: Umbreon
|-singleturn|p1a: Umbreon|Protect
|move|p2a: Golisopod|Leech Life|p1a: Umbreon
|-activate|p1a: Umbreon|move: Protect
|
|upkeep
|turn|40
|
|t:|1664807569
|move|p1a: Umbreon|Foul Play|p2a: Golisopod
|-damage|p2a: Golisopod|14/100
|move|p2a: Golisopod|Leech Life|p1a: Umbreon
|-supereffective|p1a: Umbreon
|-damage|p1a: Umbreon|0 fnt
|-heal|p2a: Golisopod|31/100|[from] drain|[of] p1a: Umbreon
|faint|p1a: Umbreon
|
|upkeep
|
|t:|1664807574
|switch|p1a: Metagross|Metagross|94/100
|-damage|p1a: Metagross|88/100|[from] Stealth Rock
|turn|41
|
|t:|1664807588
|switch|p2a: Noivern|Noivern, F|100/100
|-damage|p2a: Noivern|76/100|[from] Stealth Rock
|move|p1a: Metagross|Cosmic Power|p1a: Metagross
|-boost|p1a: Metagross|def|1
|-boost|p1a: Metagross|spd|1
|
|-heal|p1a: Metagross|94/100|[from] item: Leftovers
|upkeep
|turn|42
|
|t:|1664807590
|move|p2a: Noivern|Switcheroo|p1a: Metagross
|-activate|p2a: Noivern|move: Trick|[of] p1a: Metagross
|-item|p1a: Metagross|Choice Specs|[from] move: Switcheroo
|-item|p2a: Noivern|Leftovers|[from] move: Switcheroo
|move|p1a: Metagross|Cosmic Power|p1a: Metagross
|-boost|p1a: Metagross|def|1
|-boost|p1a: Metagross|spd|1
|
|-heal|p2a: Noivern|82/100|[from] item: Leftovers
|upkeep
|turn|43
|c|☆Galileo Glalie 2|gg
|-message|Galileo Glalie 2 forfeited.
|
|win|yOuRwElCoMeThAnk
|n|☆Galileo Glalie 2|galileoglalie2
|n|☆yOuRwElCoMeThAnk|yourwelcomethank
|n|+Oathkeeper|oathkeeper
|n| Beraldinhoo|beraldinhoo
|n| Sneakyplanner|sneakyplanner
