|raw|<div class="broadcast-blue"><strong>This battle is required to be public due to a player having a name starting with 'rult50'.</div>
|j|☆CBADgg
|j|☆RULT50A hjkhj
|t:|1625682821
|gametype|singles
|player|p1|CBADgg|169|1246
|player|p2|RULT50A hjkhj|infielder|1481
|teamsize|p1|6
|teamsize|p2|6
|gen|8
|tier|[Gen 8] RU
|rated|
|rule|Sleep Clause Mod: Limit one foe put to sleep
|rule|Species Clause: Limit one of each Pokémon
|rule|OHKO Clause: OHKO moves are banned
|rule|Evasion Moves Clause: Evasion moves are banned
|rule|Endless Battle Clause: Forcing endless battles is banned
|rule|HP Percentage Mod: HP is shown in percentages
|rule|Dynamax Clause: You cannot dynamax
|clearpoke
|poke|p1|Togekiss, M|
|poke|p1|Cobalion|
|poke|p1|Raikou|
|poke|p1|Milotic, M|
|poke|p1|Roserade, F|
|poke|p1|Flygon, F|
|poke|p2|Quagsire, M|
|poke|p2|Articuno|
|poke|p2|Registeel|
|poke|p2|Umbreon, M|
|poke|p2|Weezing, M|
|poke|p2|Necrozma|
|teampreview
|inactive|Battle timer is ON: inactive players will automatically lose when time's up. (requested by RULT50A hjkhj)
|j|+Natan
|
|t:|1625682839
|start
|switch|p1a: Roserade|Roserade, F|100/100
|switch|p2a: Necrozma|Necrozma|100/100
|turn|1
|
|t:|1625682844
|move|p1a: Roserade|Sleep Powder|p2a: Necrozma
|-status|p2a: Necrozma|slp|[from] move: Sleep Powder
|cant|p2a: Necrozma|slp
|
|upkeep
|turn|2
|
|t:|1625682847
|move|p1a: Roserade|Spikes|p2a: Necrozma
|-sidestart|p2: RULT50A hjkhj|Spikes
|cant|p2a: Necrozma|slp
|
|upkeep
|turn|3
|j| RULT50A Luna
|
|t:|1625682851
|switch|p1a: Milotic|Milotic, M|100/100
|-curestatus|p2a: Necrozma|slp|[msg]
|move|p2a: Necrozma|Photon Geyser|p1a: Milotic
|-damage|p1a: Milotic|75/100
|
|-status|p1a: Milotic|brn|[from] item: Flame Orb
|upkeep
|turn|4
|
|t:|1625682859
|move|p2a: Necrozma|Swords Dance|p2a: Necrozma
|-boost|p2a: Necrozma|atk|2
|move|p1a: Milotic|Toxic|p2a: Necrozma
|-status|p2a: Necrozma|tox
|
|-damage|p2a: Necrozma|94/100 tox|[from] psn
|-damage|p1a: Milotic|69/100 brn|[from] brn
|upkeep
|turn|5
|
|t:|1625682863
|move|p2a: Necrozma|Photon Geyser|p1a: Milotic
|-damage|p1a: Milotic|21/100 brn
|move|p1a: Milotic|Haze|p1a: Milotic
|-clearallboost
|
|-heal|p2a: Necrozma|100/100 tox|[from] item: Leftovers
|-damage|p2a: Necrozma|88/100 tox|[from] psn
|-damage|p1a: Milotic|15/100 brn|[from] brn
|upkeep
|turn|6
|
|t:|1625682868
|move|p2a: Necrozma|Photon Geyser|p1a: Milotic
|-damage|p1a: Milotic|0 fnt
|faint|p1a: Milotic
|
|-heal|p2a: Necrozma|94/100 tox|[from] item: Leftovers
|-damage|p2a: Necrozma|76/100 tox|[from] psn
|upkeep
|
|t:|1625682877
|switch|p1a: Togekiss|Togekiss, M|100/100
|turn|7
|
|t:|1625682881
|switch|p2a: Articuno|Articuno|100/100
|-ability|p2a: Articuno|Pressure
|move|p1a: Togekiss|Air Slash|p2a: Articuno
|-damage|p2a: Articuno|73/100
|
|upkeep
|turn|8
|
|t:|1625682884
|switch|p1a: Raikou|Raikou|100/100
|-ability|p1a: Raikou|Pressure
|move|p2a: Articuno|Defog|p1a: Raikou
|-unboost|p1a: Raikou|evasion|1
|-sideend|p2: RULT50A hjkhj|Spikes|[from] move: Defog|[of] p2a: Articuno
|
|upkeep
|turn|9
|
|t:|1625682892
|switch|p2a: Quagsire|Quagsire, M|100/100
|move|p1a: Raikou|Scald|p2a: Quagsire
|-damage|p2a: Quagsire|69/100
|-status|p2a: Quagsire|brn
|
|-heal|p2a: Quagsire|76/100 brn|[from] item: Leftovers
|-damage|p2a: Quagsire|69/100 brn|[from] brn
|upkeep
|turn|10
|
|t:|1625682900
|switch|p1a: Roserade|Roserade, F|100/100
|move|p2a: Quagsire|Recover|p2a: Quagsire
|-heal|p2a: Quagsire|100/100 brn
|
|-damage|p2a: Quagsire|94/100 brn|[from] brn
|upkeep
|turn|11
|
|t:|1625682904
|switch|p2a: Weezing|Weezing, M|100/100
|-ability|p2a: Weezing|Neutralizing Gas
|move|p1a: Roserade|Sleep Powder|p2a: Weezing
|-status|p2a: Weezing|slp|[from] move: Sleep Powder
|
|upkeep
|turn|12
|j| Gt0x
|l| Gt0x
|
|t:|1625682928
|switch|p1a: Togekiss|Togekiss, M|100/100
|-end|p2a: Weezing|ability: Neutralizing Gas
|switch|p2a: Articuno|Articuno|73/100
|-ability|p2a: Articuno|Pressure
|
|upkeep
|turn|13
|
|t:|1625682934
|move|p2a: Articuno|Freeze-Dry|p1a: Togekiss
|-supereffective|p1a: Togekiss
|-damage|p1a: Togekiss|62/100
|move|p1a: Togekiss|Nasty Plot|p1a: Togekiss
|-boost|p1a: Togekiss|spa|2
|
|upkeep
|turn|14
|
|t:|1625682943
|move|p2a: Articuno|Roost|p2a: Articuno
|-heal|p2a: Articuno|100/100
|-singleturn|p2a: Articuno|move: Roost
|move|p1a: Togekiss|Flamethrower|p2a: Articuno
|-supereffective|p2a: Articuno
|-damage|p2a: Articuno|21/100
|
|upkeep
|turn|15
|
|t:|1625682955
|move|p2a: Articuno|Haze|p2a: Articuno
|-clearallboost
|move|p1a: Togekiss|Flamethrower|p2a: Articuno
|-supereffective|p2a: Articuno
|-damage|p2a: Articuno|0 fnt
|faint|p2a: Articuno
|
|upkeep
|
|t:|1625682958
|switch|p2a: Registeel|Registeel|100/100
|turn|16
|
|t:|1625682966
|move|p1a: Togekiss|Flamethrower|p2a: Registeel
|-supereffective|p2a: Registeel
|-damage|p2a: Registeel|69/100
|move|p2a: Registeel|Stealth Rock|p1a: Togekiss
|-sidestart|p1: CBADgg|move: Stealth Rock
|
|-heal|p2a: Registeel|75/100|[from] item: Leftovers
|upkeep
|turn|17
|
|t:|1625682971
|move|p1a: Togekiss|Roost|p1a: Togekiss
|-heal|p1a: Togekiss|100/100
|-singleturn|p1a: Togekiss|move: Roost
|move|p2a: Registeel|Toxic|p1a: Togekiss
|-status|p1a: Togekiss|tox
|
|-heal|p2a: Registeel|81/100|[from] item: Leftovers
|-damage|p1a: Togekiss|94/100 tox|[from] psn
|upkeep
|turn|18
|
|t:|1625682973
|move|p1a: Togekiss|Flamethrower|p2a: Registeel
|-supereffective|p2a: Registeel
|-crit|p2a: Registeel
|-damage|p2a: Registeel|39/100
|move|p2a: Registeel|Seismic Toss|p1a: Togekiss
|-damage|p1a: Togekiss|62/100 tox
|
|-heal|p2a: Registeel|45/100|[from] item: Leftovers
|-damage|p1a: Togekiss|50/100 tox|[from] psn
|upkeep
|turn|19
|
|t:|1625682978
|move|p1a: Togekiss|Flamethrower|p2a: Registeel
|-supereffective|p2a: Registeel
|-damage|p2a: Registeel|15/100
|move|p2a: Registeel|Rest|p2a: Registeel
|-status|p2a: Registeel|slp|[from] move: Rest
|-heal|p2a: Registeel|100/100 slp|[silent]
|
|-damage|p1a: Togekiss|32/100 tox|[from] psn
|upkeep
|turn|20
|
|t:|1625682981
|switch|p1a: Cobalion|Cobalion|100/100
|-damage|p1a: Cobalion|97/100|[from] Stealth Rock
|switch|p2a: Umbreon|Umbreon, M|100/100
|
|upkeep
|turn|21
|
|t:|1625682986
|switch|p2a: Quagsire|Quagsire, M|94/100 brn
|move|p1a: Cobalion|Swords Dance|p1a: Cobalion
|-boost|p1a: Cobalion|atk|2
|
|-heal|p2a: Quagsire|100/100 brn|[from] item: Leftovers
|-damage|p2a: Quagsire|94/100 brn|[from] brn
|upkeep
|turn|22
|
|t:|1625682988
|switch|p1a: Roserade|Roserade, F|100/100
|-damage|p1a: Roserade|88/100|[from] Stealth Rock
|move|p2a: Quagsire|Scald|p1a: Roserade
|-resisted|p1a: Roserade
|-damage|p1a: Roserade|81/100
|-status|p1a: Roserade|brn
|
|-heal|p1a: Roserade|87/100 brn|[from] item: Black Sludge
|-heal|p2a: Quagsire|100/100 brn|[from] item: Leftovers
|-damage|p1a: Roserade|81/100 brn|[from] brn
|-damage|p2a: Quagsire|94/100 brn|[from] brn
|upkeep
|turn|23
|
|t:|1625682991
|switch|p1a: Cobalion|Cobalion|97/100
|-damage|p1a: Cobalion|94/100|[from] Stealth Rock
|switch|p2a: Umbreon|Umbreon, M|100/100
|
|upkeep
|turn|24
|
|t:|1625682995
|switch|p1a: Roserade|Roserade, F|81/100
|-damage|p1a: Roserade|69/100|[from] Stealth Rock
|switch|p2a: Quagsire|Quagsire, M|94/100 brn
|
|-heal|p1a: Roserade|75/100|[from] item: Black Sludge
|-heal|p2a: Quagsire|100/100 brn|[from] item: Leftovers
|-damage|p2a: Quagsire|94/100 brn|[from] brn
|upkeep
|turn|25
|
|t:|1625682998
|switch|p2a: Umbreon|Umbreon, M|100/100
|move|p1a: Roserade|Spikes|p2a: Umbreon
|-sidestart|p2: RULT50A hjkhj|Spikes
|
|-heal|p1a: Roserade|81/100|[from] item: Black Sludge
|upkeep
|turn|26
|
|t:|1625683003
|switch|p1a: Cobalion|Cobalion|94/100
|-damage|p1a: Cobalion|91/100|[from] Stealth Rock
|move|p2a: Umbreon|Heal Bell|p2a: Umbreon
|-activate|p2a: Umbreon|move: Heal Bell
|-curestatus|p2: Necrozma|tox|[msg]
|-curestatus|p2: Registeel|slp|[msg]
|-curestatus|p2: Quagsire|brn|[msg]
|-curestatus|p2: Weezing|slp|[msg]
|
|upkeep
|turn|27
|
|t:|1625683008
|switch|p1a: Roserade|Roserade, F|81/100
|-damage|p1a: Roserade|69/100|[from] Stealth Rock
|switch|p2a: Quagsire|Quagsire, M|94/100
|-damage|p2a: Quagsire|82/100|[from] Spikes
|
|-heal|p1a: Roserade|75/100|[from] item: Black Sludge
|-heal|p2a: Quagsire|88/100|[from] item: Leftovers
|upkeep
|turn|28
|
|t:|1625683010
|switch|p2a: Weezing|Weezing, M|100/100
|-ability|p2a: Weezing|Neutralizing Gas
|-damage|p2a: Weezing|88/100|[from] Spikes
|move|p1a: Roserade|Giga Drain|p2a: Weezing
|-resisted|p2a: Weezing
|-damage|p2a: Weezing|66/100
|-heal|p1a: Roserade|87/100|[from] drain|[of] p2a: Weezing
|
|-heal|p1a: Roserade|93/100|[from] item: Black Sludge
|-heal|p2a: Weezing|72/100|[from] item: Black Sludge
|upkeep
|turn|29
|
|t:|1625683013
|move|p1a: Roserade|Sleep Powder|p2a: Weezing|[miss]
|-miss|p1a: Roserade|p2a: Weezing
|move|p2a: Weezing|Shadow Ball|p1a: Roserade
|-damage|p1a: Roserade|81/100
|
|-heal|p1a: Roserade|88/100|[from] item: Black Sludge
|-heal|p2a: Weezing|78/100|[from] item: Black Sludge
|upkeep
|turn|30
|
|t:|1625683017
|move|p1a: Roserade|Spikes|p2a: Weezing
|-sidestart|p2: RULT50A hjkhj|Spikes
|move|p2a: Weezing|Toxic Spikes|p1a: Roserade
|-sidestart|p1: CBADgg|move: Toxic Spikes
|
|-heal|p1a: Roserade|94/100|[from] item: Black Sludge
|-heal|p2a: Weezing|84/100|[from] item: Black Sludge
|upkeep
|turn|31
|
|t:|1625683021
|-end|p2a: Weezing|ability: Neutralizing Gas
|switch|p2a: Registeel|Registeel|100/100
|-damage|p2a: Registeel|84/100|[from] Spikes
|move|p1a: Roserade|Sleep Powder|p2a: Registeel|[miss]
|-miss|p1a: Roserade|p2a: Registeel
|
|-heal|p1a: Roserade|99/100|[from] item: Black Sludge
|-heal|p2a: Registeel|90/100|[from] item: Leftovers
|upkeep
|turn|32
|
|t:|1625683025
|move|p1a: Roserade|Spikes|p2a: Registeel
|-sidestart|p2: RULT50A hjkhj|Spikes
|move|p2a: Registeel|Seismic Toss|p1a: Roserade
|-damage|p1a: Roserade|69/100
|
|-heal|p1a: Roserade|75/100|[from] item: Black Sludge
|-heal|p2a: Registeel|96/100|[from] item: Leftovers
|upkeep
|turn|33
|
|t:|1625683027
|move|p1a: Roserade|Sleep Powder|p2a: Registeel
|-status|p2a: Registeel|slp|[from] move: Sleep Powder
|cant|p2a: Registeel|slp
|
|-heal|p1a: Roserade|81/100|[from] item: Black Sludge
|-heal|p2a: Registeel|100/100 slp|[from] item: Leftovers
|upkeep
|turn|34
|
|t:|1625683036
|switch|p1a: Cobalion|Cobalion|91/100
|-damage|p1a: Cobalion|88/100|[from] Stealth Rock
|switch|p2a: Necrozma|Necrozma|76/100
|-damage|p2a: Necrozma|51/100|[from] Spikes
|
|-heal|p2a: Necrozma|57/100|[from] item: Leftovers
|upkeep
|turn|35
|
|t:|1625683039
|move|p1a: Cobalion|Iron Head|p2a: Necrozma
|-damage|p2a: Necrozma|35/100
|move|p2a: Necrozma|Photon Geyser|p1a: Cobalion
|-damage|p1a: Cobalion|40/100
|
|-heal|p2a: Necrozma|41/100|[from] item: Leftovers
|upkeep
|turn|36
|
|t:|1625683049
|switch|p1a: Togekiss|Togekiss, M|32/100 tox
|move|p2a: Necrozma|Photon Geyser|p1a: Togekiss
|-damage|p1a: Togekiss|0 fnt
|faint|p1a: Togekiss
|
|-heal|p2a: Necrozma|47/100|[from] item: Leftovers
|upkeep
|
|t:|1625683056
|switch|p1a: Flygon|Flygon, F|100/100
|-damage|p1a: Flygon|95/100|[from] Stealth Rock
|turn|37
|
|t:|1625683060
|move|p1a: Flygon|Outrage|p2a: Necrozma
|-crit|p2a: Necrozma
|-damage|p2a: Necrozma|0 fnt
|faint|p2a: Necrozma
|
|upkeep
|
|t:|1625683063
|switch|p2a: Quagsire|Quagsire, M|88/100
|-damage|p2a: Quagsire|63/100|[from] Spikes
|turn|38
|
|t:|1625683067
|move|p1a: Flygon|Outrage|p2a: Quagsire|[from]lockedmove
|-damage|p2a: Quagsire|27/100
|-start|p1a: Flygon|confusion|[fatigue]
|move|p2a: Quagsire|Recover|p2a: Quagsire
|-heal|p2a: Quagsire|77/100
|
|-heal|p2a: Quagsire|83/100|[from] item: Leftovers
|upkeep
|turn|39
|
|t:|1625683070
|switch|p1a: Roserade|Roserade, F|81/100
|-sideend|p1: CBADgg|move: Toxic Spikes|[of] p1a: Roserade
|-damage|p1a: Roserade|69/100|[from] Stealth Rock
|move|p2a: Quagsire|Earthquake|p1a: Roserade
|-damage|p1a: Roserade|27/100
|
|-heal|p1a: Roserade|33/100|[from] item: Black Sludge
|-heal|p2a: Quagsire|89/100|[from] item: Leftovers
|upkeep
|turn|40
|
|t:|1625683077
|switch|p2a: Umbreon|Umbreon, M|100/100
|-damage|p2a: Umbreon|76/100|[from] Spikes
|move|p1a: Roserade|Giga Drain|p2a: Umbreon
|-damage|p2a: Umbreon|57/100
|-heal|p1a: Roserade|44/100|[from] drain|[of] p2a: Umbreon
|
|-heal|p1a: Roserade|50/100|[from] item: Black Sludge
|-heal|p2a: Umbreon|63/100|[from] item: Leftovers
|upkeep
|turn|41
|
|t:|1625683086
|move|p1a: Roserade|Giga Drain|p2a: Umbreon
|-damage|p2a: Umbreon|44/100
|-heal|p1a: Roserade|62/100|[from] drain|[of] p2a: Umbreon
|move|p2a: Umbreon|Moonlight|p2a: Umbreon
|-heal|p2a: Umbreon|94/100
|
|-heal|p1a: Roserade|68/100|[from] item: Black Sludge
|-heal|p2a: Umbreon|99/100|[from] item: Leftovers
|upkeep
|turn|42
|
|t:|1625683089
|move|p1a: Roserade|Giga Drain|p2a: Umbreon
|-damage|p2a: Umbreon|81/100
|-heal|p1a: Roserade|80/100|[from] drain|[of] p2a: Umbreon
|move|p2a: Umbreon|Foul Play|p1a: Roserade
|-damage|p1a: Roserade|54/100
|
|-heal|p1a: Roserade|60/100|[from] item: Black Sludge
|-heal|p2a: Umbreon|87/100|[from] item: Leftovers
|upkeep
|turn|43
|
|t:|1625683092
|move|p1a: Roserade|Giga Drain|p2a: Umbreon
|-damage|p2a: Umbreon|67/100
|-heal|p1a: Roserade|72/100|[from] drain|[of] p2a: Umbreon
|move|p2a: Umbreon|Foul Play|p1a: Roserade
|-damage|p1a: Roserade|46/100
|
|-heal|p1a: Roserade|52/100|[from] item: Black Sludge
|-heal|p2a: Umbreon|73/100|[from] item: Leftovers
|upkeep
|turn|44
|
|t:|1625683100
|switch|p1a: Cobalion|Cobalion|40/100
|-damage|p1a: Cobalion|36/100|[from] Stealth Rock
|move|p2a: Umbreon|Foul Play|p1a: Cobalion
|-resisted|p1a: Cobalion
|-damage|p1a: Cobalion|19/100
|-ability|p1a: Cobalion|Justified|boost
|-boost|p1a: Cobalion|atk|1
|
|-heal|p2a: Umbreon|79/100|[from] item: Leftovers
|upkeep
|turn|45
|
|t:|1625683104
|switch|p2a: Weezing|Weezing, M|84/100
|-ability|p2a: Weezing|Neutralizing Gas
|-damage|p2a: Weezing|59/100|[from] Spikes
|move|p1a: Cobalion|Close Combat|p2a: Weezing
|-resisted|p2a: Weezing
|-damage|p2a: Weezing|34/100
|-unboost|p1a: Cobalion|def|1
|-unboost|p1a: Cobalion|spd|1
|
|-heal|p2a: Weezing|40/100|[from] item: Black Sludge
|upkeep
|turn|46
|
|t:|1625683108
|-end|p2a: Weezing|ability: Neutralizing Gas
|switch|p2a: Quagsire|Quagsire, M|89/100
|-damage|p2a: Quagsire|64/100|[from] Spikes
|move|p1a: Cobalion|Iron Head|p2a: Quagsire
|-resisted|p2a: Quagsire
|-damage|p2a: Quagsire|52/100
|
|-heal|p2a: Quagsire|58/100|[from] item: Leftovers
|upkeep
|turn|47
|
|t:|1625683111
|move|p1a: Cobalion|Close Combat|p2a: Quagsire
|-damage|p2a: Quagsire|22/100
|-unboost|p1a: Cobalion|def|1
|-unboost|p1a: Cobalion|spd|1
|move|p2a: Quagsire|Recover|p2a: Quagsire
|-heal|p2a: Quagsire|72/100
|
|-heal|p2a: Quagsire|78/100|[from] item: Leftovers
|upkeep
|turn|48
|
|t:|1625683122
|switch|p1a: Roserade|Roserade, F|52/100
|-damage|p1a: Roserade|39/100|[from] Stealth Rock
|move|p2a: Quagsire|Earthquake|p1a: Roserade
|-damage|p1a: Roserade|0 fnt
|faint|p1a: Roserade
|
|-heal|p2a: Quagsire|84/100|[from] item: Leftovers
|upkeep
|-message|CBADgg forfeited.
|
|win|RULT50A hjkhj
|l|☆CBADgg
|raw|CBADgg's rating: 1246 &rarr; <strong>1236</strong><br />(-10 for losing)
|raw|RULT50A hjkhj's rating: 1480 &rarr; <strong>1488</strong><br />(+8 for winning)
|l|+Natan
|l| RULT50A Luna
|l|☆RULT50A hjkhj
||Ladder isn't responding, score probably updated but might not have (Request timeout).
|j| RULT50B GK
|l| RULT50B GK
|j| RULT50B GK
