|raw|<div class="broadcast-blue"><strong>This battle is required to be public due to a player having a name starting with 'rult61'.</div>
|j|☆Yaily
|j|☆rult61w Warrior
|t:|1654889724
|gametype|singles
|player|p1|Yaily|jasmine-gen2|1575
|player|p2|rult61w Warrior|#ssdivastrotias|1572
|teamsize|p1|6
|teamsize|p2|6
|gen|8
|tier|[Gen 8] RU
|rated|
|rule|Sleep Clause Mod: Limit one foe put to sleep
|rule|Species Clause: Limit one of each Pokémon
|rule|OHKO Clause: OHKO moves are banned
|rule|Evasion Moves Clause: Evasion moves are banned
|rule|Endless Battle Clause: Forcing endless battles is banned
|rule|HP Percentage Mod: HP is shown in percentages
|rule|Dynamax Clause: You cannot dynamax
|clearpoke
|poke|p1|Entei|
|poke|p1|Umbreon, M|
|poke|p1|Crobat, F|
|poke|p1|Stakataka|
|poke|p1|Doublade, F|
|poke|p1|Seismitoad, M|
|poke|p2|Pangoro, F|
|poke|p2|Milotic, F|
|poke|p2|Nidoqueen, F|
|poke|p2|Raikou|
|poke|p2|Crobat, M|
|poke|p2|Metagross|
|teampreview
|c|☆Yaily|Hf
|c|☆rult61w Warrior|u2
|
|t:|1654889764
|start
|switch|p1a: Seismitoad|Seismitoad, M|100/100
|switch|p2a: Nidoqueen|Nidoqueen, F|100/100
|turn|1
|
|t:|1654889781
|switch|p2a: Crobat|Crobat, M|100/100
|switch|p1a: Umbreon|Umbreon, M|100/100
|
|upkeep
|turn|2
|
|t:|1654889800
|switch|p1a: Entei|Entei|100/100
|move|p2a: Crobat|U-turn|p1a: Entei
|-resisted|p1a: Entei
|-damage|p1a: Entei|91/100
|
|t:|1654889810
|switch|p2a: Milotic|Milotic, F|100/100|[from]move: U-turn
|
|upkeep
|turn|3
|
|t:|1654889817
|switch|p1a: Umbreon|Umbreon, M|100/100
|move|p2a: Milotic|Toxic|p1a: Umbreon
|-status|p1a: Umbreon|tox
|-activate|p1a: Umbreon|ability: Synchronize
|-status|p2a: Milotic|tox
|
|-damage|p2a: Milotic|94/100 tox|[from] psn
|-damage|p1a: Umbreon|94/100 tox|[from] psn
|upkeep
|turn|4
|
|t:|1654889823
|switch|p2a: Pangoro|Pangoro, F|100/100
|switch|p1a: Entei|Entei|91/100
|
|upkeep
|turn|5
|
|t:|1654889836
|switch|p2a: Milotic|Milotic, F|94/100 tox
|move|p1a: Entei|Sacred Fire|p2a: Milotic
|-resisted|p2a: Milotic
|-damage|p2a: Milotic|77/100 tox
|
|-heal|p2a: Milotic|83/100 tox|[from] item: Leftovers
|-damage|p2a: Milotic|77/100 tox|[from] psn
|upkeep
|turn|6
|
|t:|1654889850
|switch|p1a: Umbreon|Umbreon, M|94/100 tox
|switch|p2a: Pangoro|Pangoro, F|100/100
|
|-heal|p1a: Umbreon|100/100 tox|[from] item: Leftovers
|-damage|p1a: Umbreon|94/100 tox|[from] psn
|upkeep
|turn|7
|
|t:|1654889859
|switch|p1a: Crobat|Crobat, F|100/100
|move|p2a: Pangoro|Knock Off|p1a: Crobat
|-damage|p1a: Crobat|29/100
|-enditem|p1a: Crobat|Heavy-Duty Boots|[from] move: Knock Off|[of] p2a: Pangoro
|
|upkeep
|turn|8
|inactive|Battle timer is ON: inactive players will automatically lose when time's up. (requested by Yaily)
|
|t:|1654889892
|switch|p2a: Nidoqueen|Nidoqueen, F|100/100
|move|p1a: Crobat|Roost|p1a: Crobat
|-heal|p1a: Crobat|80/100
|-singleturn|p1a: Crobat|move: Roost
|
|upkeep
|turn|9
|
|t:|1654889901
|move|p1a: Crobat|Brave Bird|p2a: Nidoqueen
|-damage|p2a: Nidoqueen|53/100
|-damage|p1a: Crobat|66/100|[from] Recoil
|move|p2a: Nidoqueen|Ice Beam|p1a: Crobat
|-supereffective|p1a: Crobat
|-damage|p1a: Crobat|0 fnt
|faint|p1a: Crobat
|
|upkeep
|
|t:|1654889923
|switch|p1a: Seismitoad|Seismitoad, M|100/100
|turn|10
|
|t:|1654889935
|switch|p2a: Crobat|Crobat, M|100/100
|move|p1a: Seismitoad|Knock Off|p2a: Crobat
|-damage|p2a: Crobat|67/100
|-enditem|p2a: Crobat|Heavy-Duty Boots|[from] move: Knock Off|[of] p1a: Seismitoad
|
|upkeep
|turn|11
|
|t:|1654889948
|switch|p1a: Stakataka|Stakataka|100/100
|move|p2a: Crobat|Brave Bird|p1a: Stakataka
|-resisted|p1a: Stakataka
|-damage|p1a: Stakataka|94/100
|-damage|p2a: Crobat|65/100|[from] Recoil
|
|-heal|p1a: Stakataka|100/100|[from] item: Leftovers
|upkeep
|turn|12
|
|t:|1654889961
|move|p2a: Crobat|U-turn|p1a: Stakataka
|-resisted|p1a: Stakataka
|-damage|p1a: Stakataka|95/100
|
|t:|1654889968
|switch|p2a: Milotic|Milotic, F|77/100 tox|[from]move: U-turn
|move|p1a: Stakataka|Stealth Rock|p2a: Milotic
|-sidestart|p2: rult61w Warrior|move: Stealth Rock
|
|-heal|p2a: Milotic|83/100 tox|[from] item: Leftovers
|-heal|p1a: Stakataka|100/100|[from] item: Leftovers
|-damage|p2a: Milotic|77/100 tox|[from] psn
|upkeep
|turn|13
|
|t:|1654889978
|switch|p1a: Umbreon|Umbreon, M|94/100 tox
|move|p2a: Milotic|Recover|p2a: Milotic
|-heal|p2a: Milotic|100/100 tox
|
|-heal|p1a: Umbreon|100/100 tox|[from] item: Leftovers
|-damage|p2a: Milotic|88/100 tox|[from] psn
|-damage|p1a: Umbreon|94/100 tox|[from] psn
|upkeep
|turn|14
|
|t:|1654889990
|switch|p2a: Pangoro|Pangoro, F|100/100
|-damage|p2a: Pangoro|94/100|[from] Stealth Rock
|switch|p1a: Entei|Entei|91/100
|
|upkeep
|turn|15
|
|t:|1654890000
|switch|p1a: Seismitoad|Seismitoad, M|100/100
|switch|p2a: Milotic|Milotic, F|88/100 tox
|-damage|p2a: Milotic|76/100 tox|[from] Stealth Rock
|
|-heal|p2a: Milotic|82/100 tox|[from] item: Leftovers
|-damage|p2a: Milotic|76/100 tox|[from] psn
|upkeep
|turn|16
|
|t:|1654890007
|switch|p2a: Crobat|Crobat, M|65/100
|-damage|p2a: Crobat|40/100|[from] Stealth Rock
|move|p1a: Seismitoad|Substitute|p1a: Seismitoad
|-start|p1a: Seismitoad|Substitute
|-damage|p1a: Seismitoad|76/100
|
|-heal|p1a: Seismitoad|82/100|[from] item: Leftovers
|upkeep
|turn|17
|
|t:|1654890013
|move|p2a: Crobat|Defog|p1a: Seismitoad
|-unboost|p1a: Seismitoad|evasion|1
|-sideend|p2: rult61w Warrior|Stealth Rock|[from] move: Defog|[of] p2a: Crobat
|move|p1a: Seismitoad|Earthquake|p2a: Crobat
|-immune|p2a: Crobat
|
|-heal|p1a: Seismitoad|88/100|[from] item: Leftovers
|upkeep
|turn|18
|
|t:|1654890020
|move|p2a: Crobat|Brave Bird|p1a: Seismitoad
|-damage|p1a: Seismitoad|24/100
|-damage|p2a: Crobat|17/100|[from] Recoil
|move|p1a: Seismitoad|Knock Off|p2a: Crobat
|-damage|p2a: Crobat|0 fnt
|faint|p2a: Crobat
|
|-heal|p1a: Seismitoad|30/100|[from] item: Leftovers
|upkeep
|
|t:|1654890033
|switch|p2a: Metagross|Metagross|100/100
|turn|19
|
|t:|1654890043
|move|p2a: Metagross|Earthquake|p1a: Seismitoad
|-end|p1a: Seismitoad|Substitute
|move|p1a: Seismitoad|Earthquake|p2a: Metagross
|-supereffective|p2a: Metagross
|-damage|p2a: Metagross|24/100
|
|-heal|p1a: Seismitoad|36/100|[from] item: Leftovers
|upkeep
|turn|20
|
|t:|1654890051
|switch|p1a: Umbreon|Umbreon, M|94/100 tox
|move|p2a: Metagross|Earthquake|p1a: Umbreon
|-damage|p1a: Umbreon|64/100 tox
|
|-heal|p1a: Umbreon|70/100 tox|[from] item: Leftovers
|-damage|p1a: Umbreon|64/100 tox|[from] psn
|upkeep
|turn|21
|
|t:|1654890057
|switch|p2a: Pangoro|Pangoro, F|94/100
|move|p1a: Umbreon|Wish|p1a: Umbreon
|
|-heal|p1a: Umbreon|70/100 tox|[from] item: Leftovers
|-damage|p1a: Umbreon|58/100 tox|[from] psn
|upkeep
|turn|22
|
|t:|1654890073
|switch|p1a: Doublade|Doublade, F|100/100
|move|p2a: Pangoro|Close Combat|p1a: Doublade
|-supereffective|p1a: Doublade
|-damage|p1a: Doublade|0 fnt
|-unboost|p2a: Pangoro|def|1
|-unboost|p2a: Pangoro|spd|1
|faint|p1a: Doublade
|
|upkeep
|
|t:|1654890081
|switch|p1a: Entei|Entei|91/100
|turn|23
|
|t:|1654890098
|switch|p1a: Seismitoad|Seismitoad, M|36/100
|switch|p2a: Milotic|Milotic, F|76/100 tox
|
|-heal|p1a: Seismitoad|42/100|[from] item: Leftovers
|-heal|p2a: Milotic|82/100 tox|[from] item: Leftovers
|-damage|p2a: Milotic|76/100 tox|[from] psn
|upkeep
|turn|24
|
|t:|1654890108
|switch|p2a: Metagross|Metagross|24/100
|move|p1a: Seismitoad|Substitute|p1a: Seismitoad
|-start|p1a: Seismitoad|Substitute
|-damage|p1a: Seismitoad|18/100
|
|-heal|p1a: Seismitoad|24/100|[from] item: Leftovers
|upkeep
|turn|25
|
|t:|1654890113
|move|p2a: Metagross|Earthquake|p1a: Seismitoad
|-end|p1a: Seismitoad|Substitute
|move|p1a: Seismitoad|Earthquake|p2a: Metagross
|-supereffective|p2a: Metagross
|-damage|p2a: Metagross|0 fnt
|faint|p2a: Metagross
|
|-heal|p1a: Seismitoad|30/100|[from] item: Leftovers
|upkeep
|
|t:|1654890116
|switch|p2a: Nidoqueen|Nidoqueen, F|53/100
|turn|26
|
|t:|1654890126
|switch|p1a: Umbreon|Umbreon, M|58/100 tox
|move|p2a: Nidoqueen|Earth Power|p1a: Umbreon
|-damage|p1a: Umbreon|32/100 tox
|
|-heal|p1a: Umbreon|38/100 tox|[from] item: Leftovers
|-damage|p1a: Umbreon|32/100 tox|[from] psn
|upkeep
|turn|27
|
|t:|1654890139
|move|p2a: Nidoqueen|Sludge Wave|p1a: Umbreon
|-damage|p1a: Umbreon|1/100 tox
|move|p1a: Umbreon|Wish|p1a: Umbreon
|
|-heal|p1a: Umbreon|7/100 tox|[from] item: Leftovers
|-damage|p1a: Umbreon|0 fnt|[from] psn
|faint|p1a: Umbreon
|upkeep
|inactive|Yaily has 120 seconds left.
|
|t:|1654890196
|switch|p1a: Entei|Entei|91/100
|turn|28
|inactive|rult61w Warrior has 120 seconds left.
|inactive|Yaily has 90 seconds left.
|inactive|rult61w Warrior has 90 seconds left.
|inactive|rult61w Warrior has 60 seconds left.
|
|t:|1654890288
|switch|p2a: Pangoro|Pangoro, F|94/100
|move|p1a: Entei|Sacred Fire|p2a: Pangoro
|-damage|p2a: Pangoro|3/100
|-status|p2a: Pangoro|brn
|
|-heal|p1a: Entei|100/100|[from] move: Wish|[wisher] Umbreon
|-damage|p2a: Pangoro|0 fnt|[from] brn
|faint|p2a: Pangoro
|upkeep
|inactive|rult61w Warrior has 60 seconds left.
|
|t:|1654890296
|switch|p2a: Milotic|Milotic, F|76/100 tox
|turn|29
|
|t:|1654890305
|switch|p1a: Stakataka|Stakataka|100/100
|move|p2a: Milotic|Toxic|p1a: Stakataka
|-immune|p1a: Stakataka
|
|-heal|p2a: Milotic|82/100 tox|[from] item: Leftovers
|-damage|p2a: Milotic|76/100 tox|[from] psn
|upkeep
|turn|30
|
|t:|1654890315
|switch|p2a: Nidoqueen|Nidoqueen, F|53/100
|move|p1a: Stakataka|Stealth Rock|p2a: Nidoqueen
|-sidestart|p2: rult61w Warrior|move: Stealth Rock
|
|upkeep
|turn|31
|inactive|Yaily has 90 seconds left.
|inactive|Yaily has 60 seconds left.
|
|t:|1654890367
|move|p2a: Nidoqueen|Earth Power|p1a: Stakataka
|-supereffective|p1a: Stakataka
|-damage|p1a: Stakataka|0 fnt
|faint|p1a: Stakataka
|
|upkeep
|
|t:|1654890372
|switch|p1a: Entei|Entei|100/100
|turn|32
|inactive|Yaily has 60 seconds left.
|
|t:|1654890384
|switch|p2a: Milotic|Milotic, F|76/100 tox
|-damage|p2a: Milotic|63/100 tox|[from] Stealth Rock
|move|p1a: Entei|Sacred Fire|p2a: Milotic
|-resisted|p2a: Milotic
|-damage|p2a: Milotic|45/100 tox
|
|-heal|p2a: Milotic|51/100 tox|[from] item: Leftovers
|-damage|p2a: Milotic|45/100 tox|[from] psn
|upkeep
|turn|33
|inactive|rult61w Warrior has 90 seconds left.
|inactive|Yaily has 60 seconds left.
|
|t:|1654890399
|move|p1a: Entei|Sacred Fire|p2a: Milotic
|-resisted|p2a: Milotic
|-damage|p2a: Milotic|27/100 tox
|move|p2a: Milotic|Recover|p2a: Milotic
|-heal|p2a: Milotic|77/100 tox
|
|-heal|p2a: Milotic|83/100 tox|[from] item: Leftovers
|-damage|p2a: Milotic|71/100 tox|[from] psn
|upkeep
|turn|34
|inactive|rult61w Warrior has 90 seconds left.
|
|t:|1654890406
|switch|p1a: Seismitoad|Seismitoad, M|30/100
|move|p2a: Milotic|Toxic|p1a: Seismitoad
|-status|p1a: Seismitoad|tox
|
|-heal|p1a: Seismitoad|36/100 tox|[from] item: Leftovers
|-heal|p2a: Milotic|77/100 tox|[from] item: Leftovers
|-damage|p1a: Seismitoad|30/100 tox|[from] psn
|-damage|p2a: Milotic|59/100 tox|[from] psn
|upkeep
|turn|35
|c|☆Yaily|Gg man
|c|☆rult61w Warrior|interesting game
|c|☆Yaily|Fun last few turns
|c|☆rult61w Warrior|y
|
|t:|1654890424
|switch|p2a: Raikou|Raikou|100/100
|-damage|p2a: Raikou|88/100|[from] Stealth Rock
|move|p1a: Seismitoad|Power Whip|p2a: Raikou
|-damage|p2a: Raikou|46/100
|
|-heal|p2a: Raikou|52/100|[from] item: Leftovers
|-heal|p1a: Seismitoad|36/100 tox|[from] item: Leftovers
|-damage|p1a: Seismitoad|24/100 tox|[from] psn
|upkeep
|turn|36
|
|t:|1654890432
|move|p2a: Raikou|Shadow Ball|p1a: Seismitoad
|-damage|p1a: Seismitoad|0 fnt
|faint|p1a: Seismitoad
|
|-heal|p2a: Raikou|58/100|[from] item: Leftovers
|upkeep
|
|t:|1654890436
|switch|p1a: Entei|Entei|100/100
|turn|37
|
|t:|1654890439
|move|p1a: Entei|Extreme Speed|p2a: Raikou
|-damage|p2a: Raikou|4/100
|move|p2a: Raikou|Scald|p1a: Entei
|-supereffective|p1a: Entei
|-damage|p1a: Entei|39/100
|
|-heal|p2a: Raikou|10/100|[from] item: Leftovers
|upkeep
|turn|38
|
|t:|1654890444
|move|p1a: Entei|Extreme Speed|p2a: Raikou
|-damage|p2a: Raikou|0 fnt
|faint|p2a: Raikou
|
|upkeep
|
|t:|1654890446
|switch|p2a: Milotic|Milotic, F|59/100 tox
|-damage|p2a: Milotic|46/100 tox|[from] Stealth Rock
|turn|39
|
|t:|1654890449
|move|p1a: Entei|Extreme Speed|p2a: Milotic
|-damage|p2a: Milotic|27/100 tox
|move|p2a: Milotic|Recover|p2a: Milotic
|-heal|p2a: Milotic|77/100 tox
|
|-heal|p2a: Milotic|83/100 tox|[from] item: Leftovers
|-damage|p2a: Milotic|77/100 tox|[from] psn
|upkeep
|turn|40
|
|t:|1654890452
|move|p1a: Entei|Extreme Speed|p2a: Milotic
|-damage|p2a: Milotic|59/100 tox
|move|p2a: Milotic|Scald|p1a: Entei
|-supereffective|p1a: Entei
|-damage|p1a: Entei|0 fnt
|faint|p1a: Entei
|
|win|rult61w Warrior
|raw|Yaily's rating: 1575 &rarr; <strong>1555</strong><br />(-20 for losing)
|raw|rult61w Warrior's rating: 1572 &rarr; <strong>1592</strong><br />(+20 for winning)
|c|☆rult61w Warrior|gg
|c|☆Yaily|Gg
|l|☆Yaily
