|j|☆passionate123
|j|☆Yahoo12
|t:|1642854188
|gametype|singles
|player|p1|passionate123|plasmagruntf|1498
|player|p2|Yahoo12|benga|1430
|teamsize|p1|6
|teamsize|p2|6
|gen|8
|tier|[Gen 8] RU
|rated|
|rule|Sleep Clause Mod: Limit one foe put to sleep
|rule|Species Clause: Limit one of each Pokémon
|rule|OHKO Clause: OHKO moves are banned
|rule|Evasion Moves Clause: Evasion moves are banned
|rule|Endless Battle Clause: Forcing endless battles is banned
|rule|HP Percentage Mod: HP is shown in percentages
|rule|Dynamax Clause: You cannot dynamax
|clearpoke
|poke|p1|Cobalion|
|poke|p1|Mimikyu, M|
|poke|p1|Gastrodon, F|
|poke|p1|Rotom-Mow|
|poke|p1|Grimmsnarl, M|
|poke|p1|Sharpedo, F|
|poke|p2|Xurkitree|
|poke|p2|Golisopod, F|
|poke|p2|Reuniclus, F|
|poke|p2|Cobalion|
|poke|p2|Darmanitan, F|
|poke|p2|Flygon, F|
|teampreview
|inactive|Battle timer is ON: inactive players will automatically lose when time's up. (requested by passionate123)
|c|☆Yahoo12|gl hf
|c|☆passionate123|u2
|
|t:|1642854236
|start
|switch|p1a: Gastrodon|Gastrodon, F|100/100
|switch|p2a: Flygon|Flygon, F|100/100
|turn|1
|
|t:|1642854248
|move|p2a: Flygon|U-turn|p1a: Gastrodon
|-damage|p1a: Gastrodon|86/100
|inactive|Yahoo12 has 120 seconds left.
|
|t:|1642854288
|switch|p2a: Golisopod|Golisopod, F|100/100|[from]move: U-turn
|move|p1a: Gastrodon|Toxic|p2a: Golisopod|[miss]
|-miss|p1a: Gastrodon|p2a: Golisopod
|
|upkeep
|turn|2
|
|t:|1642854298
|switch|p2a: Xurkitree|Xurkitree|100/100
|move|p1a: Gastrodon|Toxic|p2a: Xurkitree
|-status|p2a: Xurkitree|tox
|
|-damage|p2a: Xurkitree|94/100 tox|[from] psn
|upkeep
|turn|3
|
|t:|1642854309
|switch|p1a: Cobalion|Cobalion|100/100
|move|p2a: Xurkitree|Grass Knot|p1a: Cobalion
|-resisted|p1a: Cobalion
|-damage|p1a: Cobalion|66/100
|
|-damage|p2a: Xurkitree|82/100 tox|[from] psn
|upkeep
|turn|4
|inactive|Yahoo12 has 120 seconds left.
|inactive|passionate123 has 120 seconds left.
|
|t:|1642854340
|switch|p2a: Golisopod|Golisopod, F|100/100
|move|p1a: Cobalion|Stealth Rock|p2a: Golisopod
|-sidestart|p2: Yahoo12|move: Stealth Rock
|
|upkeep
|turn|5
|
|t:|1642854346
|switch|p2a: Flygon|Flygon, F|100/100
|-damage|p2a: Flygon|94/100|[from] Stealth Rock
|move|p1a: Cobalion|Toxic|p2a: Flygon
|-status|p2a: Flygon|tox
|
|-heal|p2a: Flygon|100/100 tox|[from] item: Leftovers
|-damage|p2a: Flygon|94/100 tox|[from] psn
|upkeep
|turn|6
|inactive|Yahoo12 has 120 seconds left.
|
|t:|1642854356
|move|p1a: Cobalion|Iron Head|p2a: Flygon
|-damage|p2a: Flygon|57/100 tox
|cant|p2a: Flygon|flinch
|
|-heal|p2a: Flygon|64/100 tox|[from] item: Leftovers
|-damage|p2a: Flygon|51/100 tox|[from] psn
|upkeep
|turn|7
|
|t:|1642854364
|move|p1a: Cobalion|Close Combat|p2a: Flygon
|-damage|p2a: Flygon|0 fnt
|-unboost|p1a: Cobalion|def|1
|-unboost|p1a: Cobalion|spd|1
|faint|p2a: Flygon
|
|upkeep
|
|t:|1642854372
|switch|p2a: Darmanitan|Darmanitan, F|100/100
|-damage|p2a: Darmanitan|76/100|[from] Stealth Rock
|turn|8
|
|t:|1642854385
|switch|p1a: Gastrodon|Gastrodon, F|86/100
|move|p2a: Darmanitan|U-turn|p1a: Gastrodon
|-damage|p1a: Gastrodon|68/100
|
|t:|1642854391
|switch|p2a: Xurkitree|Xurkitree|82/100 tox|[from]move: U-turn
|
|-damage|p2a: Xurkitree|76/100 tox|[from] psn
|upkeep
|turn|9
|
|t:|1642854398
|switch|p1a: Rotom|Rotom-Mow|100/100
|move|p2a: Xurkitree|Volt Switch|p1a: Rotom
|-resisted|p1a: Rotom
|-damage|p1a: Rotom|86/100
|
|t:|1642854405
|switch|p2a: Darmanitan|Darmanitan, F|76/100|[from]move: Volt Switch
|-damage|p2a: Darmanitan|51/100|[from] Stealth Rock
|
|upkeep
|turn|10
|
|t:|1642854414
|switch|p1a: Gastrodon|Gastrodon, F|68/100
|move|p2a: Darmanitan|U-turn|p1a: Gastrodon
|-damage|p1a: Gastrodon|50/100
|
|t:|1642854418
|switch|p2a: Xurkitree|Xurkitree|76/100 tox|[from]move: U-turn
|
|-damage|p2a: Xurkitree|70/100 tox|[from] psn
|upkeep
|turn|11
|
|t:|1642854432
|switch|p1a: Rotom|Rotom-Mow|86/100
|move|p2a: Xurkitree|Grass Knot|p1a: Rotom
|-resisted|p1a: Rotom
|-damage|p1a: Rotom|80/100
|
|-damage|p2a: Xurkitree|57/100 tox|[from] psn
|upkeep
|turn|12
|
|t:|1642854444
|switch|p2a: Reuniclus|Reuniclus, F|100/100
|-damage|p2a: Reuniclus|88/100|[from] Stealth Rock
|move|p1a: Rotom|Leaf Storm|p2a: Reuniclus
|-damage|p2a: Reuniclus|59/100
|-unboost|p1a: Rotom|spa|2
|
|upkeep
|turn|13
|
|t:|1642854458
|switch|p1a: Grimmsnarl|Grimmsnarl, M|100/100
|move|p2a: Reuniclus|Focus Blast|p1a: Grimmsnarl
|-damage|p1a: Grimmsnarl|48/100
|
|upkeep
|turn|14
|
|t:|1642854467
|switch|p2a: Cobalion|Cobalion|100/100
|-damage|p2a: Cobalion|97/100|[from] Stealth Rock
|move|p1a: Grimmsnarl|Spirit Break|p2a: Cobalion
|-damage|p2a: Cobalion|52/100
|-unboost|p2a: Cobalion|spa|1
|-damage|p1a: Grimmsnarl|38/100|[from] item: Life Orb
|
|upkeep
|turn|15
|
|t:|1642854491
|switch|p1a: Rotom|Rotom-Mow|80/100
|move|p2a: Cobalion|Stealth Rock|p1a: Rotom
|-sidestart|p1: passionate123|move: Stealth Rock
|
|upkeep
|turn|16
|
|t:|1642854502
|switch|p2a: Reuniclus|Reuniclus, F|92/100
|-damage|p2a: Reuniclus|80/100|[from] Stealth Rock
|move|p1a: Rotom|Volt Switch|p2a: Reuniclus
|-damage|p2a: Reuniclus|64/100
|
|t:|1642854508
|switch|p1a: Mimikyu|Mimikyu, M|100/100|[from]move: Volt Switch
|-damage|p1a: Mimikyu|88/100|[from] Stealth Rock
|
|upkeep
|turn|17
|inactive|Yahoo12 has 120 seconds left.
|
|t:|1642854533
|move|p1a: Mimikyu|Shadow Claw|p2a: Reuniclus
|-supereffective|p2a: Reuniclus
|-damage|p2a: Reuniclus|0 fnt
|faint|p2a: Reuniclus
|-damage|p1a: Mimikyu|78/100|[from] item: Life Orb
|
|upkeep
|inactive|Yahoo12 has 120 seconds left.
|
|t:|1642854539
|switch|p2a: Cobalion|Cobalion|52/100
|-damage|p2a: Cobalion|49/100|[from] Stealth Rock
|turn|18
|
|t:|1642854567
|switch|p1a: Gastrodon|Gastrodon, F|50/100
|move|p2a: Cobalion|Iron Head|p1a: Gastrodon
|-resisted|p1a: Gastrodon
|-damage|p1a: Gastrodon|38/100
|
|upkeep
|turn|19
|
|t:|1642854577
|switch|p2a: Golisopod|Golisopod, F|100/100
|move|p1a: Gastrodon|Recover|p1a: Gastrodon
|-heal|p1a: Gastrodon|88/100
|
|upkeep
|turn|20
|
|t:|1642854585
|move|p2a: Golisopod|Knock Off|p1a: Gastrodon
|-damage|p1a: Gastrodon|60/100
|-enditem|p1a: Gastrodon|Heavy-Duty Boots|[from] move: Knock Off|[of] p2a: Golisopod
|move|p1a: Gastrodon|Toxic|p2a: Golisopod
|-status|p2a: Golisopod|tox
|
|-damage|p2a: Golisopod|95/100 tox|[from] psn
|upkeep
|turn|21
|
|t:|1642854596
|move|p2a: Golisopod|Spikes|p1a: Gastrodon
|-sidestart|p1: passionate123|Spikes
|move|p1a: Gastrodon|Recover|p1a: Gastrodon
|-heal|p1a: Gastrodon|100/100
|
|-damage|p2a: Golisopod|83/100 tox|[from] psn
|upkeep
|turn|22
|
|t:|1642854606
|move|p2a: Golisopod|Spikes|p1a: Gastrodon
|-sidestart|p1: passionate123|Spikes
|move|p1a: Gastrodon|Earth Power|p2a: Golisopod
|-resisted|p2a: Golisopod
|-damage|p2a: Golisopod|67/100 tox
|
|-damage|p2a: Golisopod|49/100 tox|[from] psn
|upkeep
|-activate|p2a: Golisopod|ability: Emergency Exit
|
|t:|1642854615
|switch|p2a: Xurkitree|Xurkitree|57/100 tox
|turn|23
|
|t:|1642854620
|switch|p1a: Rotom|Rotom-Mow|80/100
|-damage|p1a: Rotom|68/100|[from] Stealth Rock
|move|p2a: Xurkitree|Grass Knot|p1a: Rotom
|-resisted|p1a: Rotom
|-damage|p1a: Rotom|62/100
|
|-damage|p2a: Xurkitree|51/100 tox|[from] psn
|upkeep
|turn|24
|
|t:|1642854631
|move|p1a: Rotom|Defog|p2a: Xurkitree
|-unboost|p2a: Xurkitree|evasion|1
|-sideend|p2: Yahoo12|Stealth Rock|[from] move: Defog|[of] p1a: Rotom
|-sideend|p1: passionate123|Spikes|[from] move: Defog|[of] p1a: Rotom
|-sideend|p1: passionate123|Stealth Rock|[from] move: Defog|[of] p1a: Rotom
|move|p2a: Xurkitree|Volt Switch|p1a: Rotom
|-resisted|p1a: Rotom
|-damage|p1a: Rotom|47/100
|
|t:|1642854637
|switch|p2a: Darmanitan|Darmanitan, F|51/100|[from]move: Volt Switch
|
|upkeep
|turn|25
|
|t:|1642854648
|switch|p1a: Cobalion|Cobalion|66/100
|move|p2a: Darmanitan|U-turn|p1a: Cobalion
|-resisted|p1a: Cobalion
|-damage|p1a: Cobalion|60/100
|
|t:|1642854654
|switch|p2a: Cobalion|Cobalion|49/100|[from]move: U-turn
|
|upkeep
|turn|26
|
|t:|1642854662
|switch|p1a: Gastrodon|Gastrodon, F|100/100
|move|p2a: Cobalion|Close Combat|p1a: Gastrodon
|-damage|p1a: Gastrodon|67/100
|-unboost|p2a: Cobalion|def|1
|-unboost|p2a: Cobalion|spd|1
|
|upkeep
|turn|27
|
|t:|1642854669
|switch|p2a: Golisopod|Golisopod, F|49/100 tox
|move|p1a: Gastrodon|Earth Power|p2a: Golisopod
|-resisted|p2a: Golisopod
|-damage|p2a: Golisopod|34/100 tox
|-unboost|p2a: Golisopod|spd|1
|
|-damage|p2a: Golisopod|28/100 tox|[from] psn
|upkeep
|turn|28
|
|t:|1642854681
|move|p2a: Golisopod|First Impression|p1a: Gastrodon
|-damage|p1a: Gastrodon|30/100
|move|p1a: Gastrodon|Recover|p1a: Gastrodon
|-heal|p1a: Gastrodon|80/100
|
|-damage|p2a: Golisopod|16/100 tox|[from] psn
|upkeep
|turn|29
|
|t:|1642854691
|move|p2a: Golisopod|Spikes|p1a: Gastrodon
|-sidestart|p1: passionate123|Spikes
|move|p1a: Gastrodon|Recover|p1a: Gastrodon
|-heal|p1a: Gastrodon|100/100
|
|-damage|p2a: Golisopod|0 fnt|[from] psn
|faint|p2a: Golisopod
|upkeep
|
|t:|1642854697
|switch|p2a: Xurkitree|Xurkitree|51/100 tox
|turn|30
|
|t:|1642854705
|move|p2a: Xurkitree|Volt Switch|p1a: Gastrodon
|-immune|p1a: Gastrodon
|move|p1a: Gastrodon|Earth Power|p2a: Xurkitree
|-supereffective|p2a: Xurkitree
|-damage|p2a: Xurkitree|0 fnt
|faint|p2a: Xurkitree
|
|upkeep
|-message|Yahoo12 forfeited.
|
|win|passionate123
|raw|passionate123's rating: 1498 &rarr; <strong>1514</strong><br />(+16 for winning)
|raw|Yahoo12's rating: 1430 &rarr; <strong>1414</strong><br />(-16 for losing)
|l|☆Yahoo12
|j|☆Yahoo12
|player|p2|Yahoo12|benga
|c|☆passionate123|gg
