|j|☆NilsBoy
|j|☆Eskraft34
|t:|1623051381
|gametype|singles
|player|p1|NilsBoy|170|1227
|player|p2|Eskraft34|harlequin|1083
|teamsize|p1|6
|teamsize|p2|6
|gen|8
|tier|[Gen 8] RU
|rated|
|rule|Sleep Clause Mod: Limit one foe put to sleep
|rule|Species Clause: Limit one of each Pokémon
|rule|OHKO Clause: OHKO moves are banned
|rule|Evasion Moves Clause: Evasion moves are banned
|rule|Endless Battle Clause: Forcing endless battles is banned
|rule|HP Percentage Mod: HP is shown in percentages
|rule|Dynamax Clause: You cannot dynamax
|clearpoke
|poke|p1|Heracross, M|
|poke|p1|Porygon2|
|poke|p1|Weezing-Galar, M|
|poke|p1|Milotic, M|
|poke|p1|Incineroar, F|
|poke|p1|Raikou|
|poke|p2|Zarude|
|poke|p2|Drapion, M|
|poke|p2|Salazzle, F|
|poke|p2|Golisopod, F|
|poke|p2|Chandelure, F|
|poke|p2|Seismitoad, F|
|teampreview
|inactive|Battle timer is ON: inactive players will automatically lose when time's up. (requested by NilsBoy)
|c|☆Eskraft34|hf
|
|t:|1623051400
|start
|switch|p1a: Incineroar|Incineroar, F|100/100
|switch|p2a: Drapion|Drapion, M|100/100
|-ability|p1a: Incineroar|Intimidate|boost
|-unboost|p2a: Drapion|atk|1
|turn|1
|
|t:|1623051408
|move|p1a: Incineroar|Fake Out|p2a: Drapion
|-damage|p2a: Drapion|90/100
|cant|p2a: Drapion|flinch
|
|-heal|p2a: Drapion|96/100|[from] item: Leftovers
|upkeep
|turn|2
|
|t:|1623051415
|move|p2a: Drapion|Knock Off|p1a: Incineroar
|-resisted|p1a: Incineroar
|-damage|p1a: Incineroar|91/100
|-enditem|p1a: Incineroar|Heavy-Duty Boots|[from] move: Knock Off|[of] p2a: Drapion
|move|p1a: Incineroar|U-turn|p2a: Drapion
|-damage|p2a: Drapion|78/100
|
|t:|1623051423
|switch|p1a: Weezing|Weezing-Galar, M|100/100|[from]move: U-turn
|
|-heal|p2a: Drapion|84/100|[from] item: Leftovers
|upkeep
|turn|3
|
|t:|1623051431
|move|p2a: Drapion|Toxic Spikes|p1a: Weezing
|-sidestart|p1: NilsBoy|move: Toxic Spikes
|move|p1a: Weezing|Toxic Spikes|p2a: Drapion
|-sidestart|p2: Eskraft34|move: Toxic Spikes
|
|-heal|p2a: Drapion|90/100|[from] item: Leftovers
|upkeep
|turn|4
|
|t:|1623051438
|switch|p2a: Salazzle|Salazzle, F|100/100
|-sideend|p2: Eskraft34|move: Toxic Spikes|[of] p2a: Salazzle
|move|p1a: Weezing|Strange Steam|p2a: Salazzle
|-resisted|p2a: Salazzle
|-damage|p2a: Salazzle|88/100
|
|upkeep
|turn|5
|
|t:|1623051455
|switch|p1a: Milotic|Milotic, M|100/100
|-status|p1a: Milotic|psn
|move|p2a: Salazzle|Flamethrower|p1a: Milotic
|-resisted|p1a: Milotic
|-damage|p1a: Milotic|77/100 psn
|
|-heal|p1a: Milotic|83/100 psn|[from] item: Leftovers
|-damage|p1a: Milotic|71/100 psn|[from] psn
|upkeep
|turn|6
|
|t:|1623051466
|switch|p2a: Seismitoad|Seismitoad, F|100/100
|move|p1a: Milotic|Scald|p2a: Seismitoad
|-immune|p2a: Seismitoad|[from] ability: Water Absorb
|
|-heal|p1a: Milotic|77/100 psn|[from] item: Leftovers
|-damage|p1a: Milotic|64/100 psn|[from] psn
|upkeep
|turn|7
|
|t:|1623051476
|switch|p1a: Weezing|Weezing-Galar, M|100/100
|move|p2a: Seismitoad|Stealth Rock|p1a: Weezing
|-sidestart|p1: NilsBoy|move: Stealth Rock
|
|upkeep
|turn|8
|
|t:|1623051485
|move|p2a: Seismitoad|Scald|p1a: Weezing
|-damage|p1a: Weezing|69/100
|-status|p1a: Weezing|brn
|move|p1a: Weezing|Strange Steam|p2a: Seismitoad
|-damage|p2a: Seismitoad|82/100
|
|-heal|p2a: Seismitoad|88/100|[from] item: Leftovers
|-heal|p1a: Weezing|75/100 brn|[from] item: Black Sludge
|-damage|p1a: Weezing|69/100 brn|[from] brn
|upkeep
|turn|9
|-message|NilsBoy forfeited.
|
|win|Eskraft34
|raw|NilsBoy's rating: 1227 &rarr; <strong>1192</strong><br />(-35 for losing)
|raw|Eskraft34's rating: 1083 &rarr; <strong>1121</strong><br />(+38 for winning)
|l|☆NilsBoy
