|j|☆Umbra Soul
|j|☆au revoir soshanna
|t:|1597892815
|player|p1|Umbra Soul|69|1499
|player|p2|au revoir soshanna|teammagmagruntf-gen3|1398
|teamsize|p1|6
|teamsize|p2|6
|gametype|singles
|gen|8
|tier|[Gen 8] RU
|rated|
|clearpoke
|poke|p1|Araquanid, F|
|poke|p1|Sigilyph, F|
|poke|p1|Dhelmise|
|poke|p1|Xatu, F|
|poke|p1|Passimian, M|
|poke|p1|Dugtrio-Alola, F|
|poke|p2|Golurk|
|poke|p2|Rotom-Mow|
|poke|p2|Gardevoir, M|
|poke|p2|Copperajah, F|
|poke|p2|Golisopod, M|
|poke|p2|Drapion, M|
|rule|Sleep Clause Mod: Limit one foe put to sleep
|rule|Species Clause: Limit one of each Pokémon
|rule|OHKO Clause: OHKO moves are banned
|rule|Evasion Moves Clause: Evasion moves are banned
|rule|Endless Battle Clause: Forcing endless battles is banned
|rule|HP Percentage Mod: HP is shown in percentages
|rule|Dynamax Clause: You cannot dynamax
|teampreview
|
|t:|1597892835
|start
|switch|p1a: Passimian|Passimian, M|100/100
|switch|p2a: Golisopod|Golisopod, M|100/100
|turn|1
|
|t:|1597892843
|move|p1a: Passimian|U-turn|p2a: Golisopod
|-damage|p2a: Golisopod|83/100
|
|t:|1597892845
|switch|p1a: Xatu|Xatu, F|100/100|[from]move: U-turn
|move|p2a: Golisopod|Spikes|p1a: Xatu
|move|p1a: Xatu|Spikes|p2a: Golisopod|[from]Magic Bounce
|-sidestart|p2: au revoir soshanna|Spikes
|
|upkeep
|turn|2
|
|t:|1597892853
|move|p2a: Golisopod|Leech Life|p1a: Xatu
|-damage|p1a: Xatu|55/100
|-heal|p2a: Golisopod|100/100|[from] drain|[of] p1a: Xatu
|move|p1a: Xatu|Teleport|p1a: Xatu
|
|t:|1597892858
|switch|p1a: Dhelmise|Dhelmise|100/100|[from]move: Teleport
|
|upkeep
|turn|3
|
|t:|1597892865
|move|p1a: Dhelmise|Poltergeist|p2a: Golisopod
|-activate|p2a: Golisopod|move: Poltergeist|Heavy-Duty Boots
|-damage|p2a: Golisopod|34/100
|-activate|p2a: Golisopod|ability: Emergency Exit
|j| Omegabyyte
|
|t:|1597892877
|switch|p2a: Golurk|Golurk|100/100
|-damage|p2a: Golurk|88/100|[from] Spikes
|
|upkeep
|turn|4
|
|t:|1597892881
|switch|p1a: Xatu|Xatu, F|55/100
|move|p2a: Golurk|Poltergeist|p1a: Xatu
|-activate|p1a: Xatu|move: Poltergeist|Kasib Berry
|-supereffective|p1a: Xatu
|-enditem|p1a: Xatu|Kasib Berry|[eat]
|-enditem|p1a: Xatu|Kasib Berry|[weaken]
|-damage|p1a: Xatu|0 fnt
|faint|p1a: Xatu
|
|upkeep
|l| Omegabyyte
|
|t:|1597892920
|switch|p1a: Sigilyph|Sigilyph, F|100/100
|turn|5
|
|t:|1597892925
|move|p1a: Sigilyph|Energy Ball|p2a: Golurk
|-supereffective|p2a: Golurk
|-damage|p2a: Golurk|0 fnt
|faint|p2a: Golurk
|
|upkeep
|
|t:|1597892934
|switch|p2a: Copperajah|Copperajah, F|100/100
|-damage|p2a: Copperajah|88/100|[from] Spikes
|turn|6
|
|t:|1597892937
|move|p1a: Sigilyph|Heat Wave|p2a: Copperajah
|-supereffective|p2a: Copperajah
|-damage|p2a: Copperajah|34/100
|move|p2a: Copperajah|Heavy Slam|p1a: Sigilyph
|-crit|p1a: Sigilyph
|-damage|p1a: Sigilyph|0 fnt
|faint|p1a: Sigilyph
|
|-heal|p2a: Copperajah|40/100|[from] item: Leftovers
|upkeep
|
|t:|1597892945
|switch|p1a: Passimian|Passimian, M|100/100
|turn|7
|
|t:|1597892953
|move|p1a: Passimian|Close Combat|p2a: Copperajah
|-supereffective|p2a: Copperajah
|-damage|p2a: Copperajah|0 fnt
|-unboost|p1a: Passimian|def|1
|-unboost|p1a: Passimian|spd|1
|faint|p2a: Copperajah
|
|upkeep
|
|t:|1597892970
|switch|p2a: Rotom|Rotom-Mow|100/100
|turn|8
|
|t:|1597892976
|move|p1a: Passimian|Close Combat|p2a: Rotom
|-damage|p2a: Rotom|27/100
|-unboost|p1a: Passimian|def|1
|-unboost|p1a: Passimian|spd|1
|move|p2a: Rotom|Leaf Storm|p1a: Passimian
|-damage|p1a: Passimian|0 fnt
|-unboost|p2a: Rotom|spa|2
|faint|p1a: Passimian
|
|-heal|p2a: Rotom|33/100|[from] item: Leftovers
|upkeep
|
|t:|1597892981
|switch|p1a: Dugtrio|Dugtrio-Alola, F|100/100
|turn|9
|
|t:|1597893016
|switch|p2a: Gardevoir|Gardevoir, M|100/100
|-damage|p2a: Gardevoir|88/100|[from] Spikes
|-ability|p2a: Gardevoir|Sand Force|[from] ability: Trace|[of] p1a: Dugtrio
|move|p1a: Dugtrio|Stone Edge|p2a: Gardevoir
|-damage|p2a: Gardevoir|37/100
|
|upkeep
|turn|10
|
|t:|1597893029
|switch|p1a: Araquanid|Araquanid, F|100/100
|move|p2a: Gardevoir|Healing Wish|p2a: Gardevoir
|faint|p2a: Gardevoir
|
|upkeep
|
|t:|1597893040
|switch|p2a: Golisopod|Golisopod, M|34/100
|-heal|p2a: Golisopod|100/100|[from] move: Healing Wish
|turn|11
|
|t:|1597893047
|move|p2a: Golisopod|First Impression|p1a: Araquanid
|-damage|p1a: Araquanid|51/100
|move|p1a: Araquanid|Toxic|p2a: Golisopod
|-status|p2a: Golisopod|tox
|
|-heal|p1a: Araquanid|57/100|[from] item: Leftovers
|-damage|p2a: Golisopod|94/100 tox|[from] psn
|upkeep
|turn|12
|
|t:|1597893054
|switch|p1a: Dhelmise|Dhelmise|100/100
|move|p2a: Golisopod|Leech Life|p1a: Dhelmise
|-damage|p1a: Dhelmise|50/100
|-heal|p2a: Golisopod|100/100 tox|[from] drain|[of] p1a: Dhelmise
|
|-damage|p2a: Golisopod|88/100 tox|[from] psn
|upkeep
|turn|13
|
|t:|1597893063
|switch|p2a: Drapion|Drapion, M|100/100
|-damage|p2a: Drapion|88/100|[from] Spikes
|move|p1a: Dhelmise|Poltergeist|p2a: Drapion
|-activate|p2a: Drapion|move: Poltergeist|Black Glasses
|-resisted|p2a: Drapion
|-damage|p2a: Drapion|36/100
|
|upkeep
|turn|14
|
|t:|1597893086
|switch|p1a: Araquanid|Araquanid, F|57/100
|move|p2a: Drapion|Knock Off|p1a: Araquanid
|-damage|p1a: Araquanid|6/100
|-enditem|p1a: Araquanid|Leftovers|[from] move: Knock Off|[of] p2a: Drapion
|
|upkeep
|turn|15
|
|t:|1597893091
|move|p2a: Drapion|Knock Off|p1a: Araquanid
|-damage|p1a: Araquanid|0 fnt
|faint|p1a: Araquanid
|
|upkeep
|
|t:|1597893093
|switch|p1a: Dugtrio|Dugtrio-Alola, F|100/100
|turn|16
|
|t:|1597893104
|switch|p2a: Rotom|Rotom-Mow|33/100
|move|p1a: Dugtrio|Iron Head|p2a: Rotom
|-resisted|p2a: Rotom
|-damage|p2a: Rotom|9/100
|
|-heal|p2a: Rotom|15/100|[from] item: Leftovers
|upkeep
|turn|17
|
|t:|1597893109
|move|p1a: Dugtrio|Iron Head|p2a: Rotom
|-resisted|p2a: Rotom
|-damage|p2a: Rotom|0 fnt
|faint|p2a: Rotom
|
|upkeep
|
|t:|1597893111
|switch|p2a: Golisopod|Golisopod, M|88/100 tox
|turn|18
|
|t:|1597893114
|move|p2a: Golisopod|Aqua Jet|p1a: Dugtrio
|-supereffective|p1a: Dugtrio
|-damage|p1a: Dugtrio|0 fnt
|faint|p1a: Dugtrio
|
|-damage|p2a: Golisopod|82/100 tox|[from] psn
|upkeep
|
|t:|1597893117
|switch|p1a: Dhelmise|Dhelmise|50/100
|turn|19
|
|t:|1597893123
|move|p1a: Dhelmise|Poltergeist|p2a: Golisopod
|-activate|p2a: Golisopod|move: Poltergeist|Heavy-Duty Boots
|-damage|p2a: Golisopod|10/100 tox
|-activate|p2a: Golisopod|ability: Emergency Exit
|
|t:|1597893127
|switch|p2a: Drapion|Drapion, M|36/100
|-damage|p2a: Drapion|23/100|[from] Spikes
|
|upkeep
|turn|20
|
|t:|1597893130
|move|p2a: Drapion|Knock Off|p1a: Dhelmise
|-supereffective|p1a: Dhelmise
|-damage|p1a: Dhelmise|0 fnt
|-enditem|p1a: Dhelmise|Choice Band|[from] move: Knock Off|[of] p2a: Drapion
|faint|p1a: Dhelmise
|
|win|au revoir soshanna
|raw|Umbra Soul's rating: 1499 &rarr; <strong>1473</strong><br />(-26 for losing)
|raw|au revoir soshanna's rating: 1398 &rarr; <strong>1423</strong><br />(+25 for winning)
|l|☆Umbra Soul
|c|☆au revoir soshanna|gg
