|j|☆dfdsfasfas
|j|☆Everybo-D
|t:|1604512634
|player|p1|dfdsfasfas|cowgirl|1622
|player|p2|Everybo-D|2|1417
|teamsize|p1|6
|teamsize|p2|6
|gametype|singles
|gen|8
|tier|[Gen 8] RU
|rated|
|clearpoke
|poke|p1|Steelix, M|
|poke|p1|Crobat, F|
|poke|p1|Slowking, M|
|poke|p1|Thwackey, M|
|poke|p1|Zygarde-10%|
|poke|p1|Passimian, M|
|poke|p2|Crustle, F|
|poke|p2|Jellicent, M|
|poke|p2|Whimsicott, F|
|poke|p2|Braviary, M|
|poke|p2|Stunfisk-Galar, F|
|poke|p2|Tyrantrum, M|
|rule|Sleep Clause Mod: Limit one foe put to sleep
|rule|Species Clause: Limit one of each Pokémon
|rule|OHKO Clause: OHKO moves are banned
|rule|Evasion Moves Clause: Evasion moves are banned
|rule|Endless Battle Clause: Forcing endless battles is banned
|rule|HP Percentage Mod: HP is shown in percentages
|rule|Dynamax Clause: You cannot dynamax
|teampreview
|inactive|Battle timer is ON: inactive players will automatically lose when time's up. (requested by Everybo-D)
|j| NOSLEEPTILLBKLYN
|
|t:|1604512661
|start
|switch|p1a: Steelix|Steelix, M|100/100
|switch|p2a: Crustle|Crustle, F|100/100
|turn|1
|
|t:|1604512668
|move|p2a: Crustle|Earthquake|p1a: Steelix
|-supereffective|p1a: Steelix
|-damage|p1a: Steelix|70/100
|move|p1a: Steelix|Body Press|p2a: Crustle
|-damage|p2a: Crustle|61/100
|
|-heal|p1a: Steelix|76/100|[from] item: Leftovers
|upkeep
|turn|2
|
|t:|1604512674
|move|p2a: Crustle|Earthquake|p1a: Steelix
|-supereffective|p1a: Steelix
|-damage|p1a: Steelix|46/100
|move|p1a: Steelix|Stealth Rock|p2a: Crustle
|-sidestart|p2: Everybo-D|move: Stealth Rock
|
|-heal|p1a: Steelix|52/100|[from] item: Leftovers
|upkeep
|turn|3
|
|t:|1604512686
|switch|p1a: Slowking|Slowking, M|100/100
|move|p2a: Crustle|Spikes|p1a: Slowking
|-sidestart|p1: dfdsfasfas|Spikes
|
|upkeep
|turn|4
|
|t:|1604512698
|move|p2a: Crustle|Rock Blast|p1a: Slowking
|-damage|p1a: Slowking|91/100
|-damage|p1a: Slowking|81/100
|-hitcount|p1a: Slowking|2
|move|p1a: Slowking|Scald|p2a: Crustle
|-supereffective|p2a: Crustle
|-damage|p2a: Crustle|0 fnt
|faint|p2a: Crustle
|
|upkeep
|
|t:|1604512708
|switch|p2a: Whimsicott|Whimsicott, F|100/100
|-damage|p2a: Whimsicott|88/100|[from] Stealth Rock
|turn|5
|
|t:|1604512711
|move|p2a: Whimsicott|Encore|p1a: Slowking
|-start|p1a: Slowking|Encore
|move|p1a: Slowking|Scald|p2a: Whimsicott
|-resisted|p2a: Whimsicott
|-crit|p2a: Whimsicott
|-damage|p2a: Whimsicott|52/100
|
|upkeep
|turn|6
|
|t:|1604512714
|switch|p1a: Crobat|Crobat, F|100/100
|move|p2a: Whimsicott|Psychic|p1a: Crobat
|-supereffective|p1a: Crobat
|-damage|p1a: Crobat|20/100
|-unboost|p1a: Crobat|spd|1
|-damage|p2a: Whimsicott|42/100|[from] item: Life Orb
|
|upkeep
|turn|7
|
|t:|1604512729
|move|p1a: Crobat|U-turn|p2a: Whimsicott
|-damage|p2a: Whimsicott|12/100
|
|t:|1604512731
|switch|p1a: Slowking|Slowking, M|100/100|[from]move: U-turn
|move|p2a: Whimsicott|Psychic|p1a: Slowking
|-resisted|p1a: Slowking
|-damage|p1a: Slowking|89/100
|-damage|p2a: Whimsicott|2/100|[from] item: Life Orb
|
|upkeep
|turn|8
|
|t:|1604512737
|move|p2a: Whimsicott|Energy Ball|p1a: Slowking
|-supereffective|p1a: Slowking
|-damage|p1a: Slowking|21/100
|-damage|p2a: Whimsicott|0 fnt|[from] item: Life Orb
|faint|p2a: Whimsicott
|move|p1a: Slowking|Future Sight|p2: Whimsicott|[notarget]
|-fail|p1a: Slowking
|
|upkeep
|
|t:|1604512752
|switch|p2a: Tyrantrum|Tyrantrum, M|100/100
|-damage|p2a: Tyrantrum|88/100|[from] Stealth Rock
|turn|9
|
|t:|1604512756
|switch|p1a: Crobat|Crobat, F|20/100
|move|p2a: Tyrantrum|Dragon Dance|p2a: Tyrantrum
|-boost|p2a: Tyrantrum|atk|1
|-boost|p2a: Tyrantrum|spe|1
|
|upkeep
|turn|10
|
|t:|1604512762
|move|p1a: Crobat|U-turn|p2a: Tyrantrum
|-damage|p2a: Tyrantrum|71/100
|
|t:|1604512766
|switch|p1a: Steelix|Steelix, M|52/100|[from]move: U-turn
|-damage|p1a: Steelix|39/100|[from] Spikes
|move|p2a: Tyrantrum|Dragon Dance|p2a: Tyrantrum
|-boost|p2a: Tyrantrum|atk|1
|-boost|p2a: Tyrantrum|spe|1
|
|-heal|p1a: Steelix|46/100|[from] item: Leftovers
|upkeep
|turn|11
|
|t:|1604512787
|move|p2a: Tyrantrum|Earthquake|p1a: Steelix
|-supereffective|p1a: Steelix
|-damage|p1a: Steelix|0 fnt
|faint|p1a: Steelix
|
|upkeep
|
|t:|1604512794
|switch|p1a: Thwackey|Thwackey, M|100/100
|-damage|p1a: Thwackey|88/100|[from] Spikes
|-fieldstart|move: Grassy Terrain|[from] ability: Grassy Surge|[of] p1a: Thwackey
|turn|12
|
|t:|1604512799
|move|p1a: Thwackey|Grassy Glide|p2a: Tyrantrum
|-damage|p2a: Tyrantrum|14/100
|move|p2a: Tyrantrum|Outrage|p1a: Thwackey
|-damage|p1a: Thwackey|0 fnt
|faint|p1a: Thwackey
|
|-heal|p2a: Tyrantrum|20/100|[from] Grassy Terrain
|upkeep
|
|t:|1604512804
|switch|p1a: Zygarde|Zygarde-10%|100/100
|-damage|p1a: Zygarde|88/100|[from] Spikes
|-ability|p1a: Zygarde|Aura Break
|turn|13
|
|t:|1604512806
|move|p1a: Zygarde|Extreme Speed|p2a: Tyrantrum
|-resisted|p2a: Tyrantrum
|-damage|p2a: Tyrantrum|4/100
|move|p2a: Tyrantrum|Outrage|p1a: Zygarde|[from]lockedmove
|-supereffective|p1a: Zygarde
|-damage|p1a: Zygarde|0 fnt
|faint|p1a: Zygarde
|
|-heal|p2a: Tyrantrum|10/100|[from] Grassy Terrain
|upkeep
|
|t:|1604512809
|switch|p1a: Passimian|Passimian, M|100/100
|-damage|p1a: Passimian|88/100|[from] Spikes
|turn|14
|
|t:|1604512811
|move|p2a: Tyrantrum|Outrage|p1a: Passimian|[from]lockedmove
|-damage|p1a: Passimian|0 fnt
|-start|p2a: Tyrantrum|confusion|[fatigue]
|faint|p1a: Passimian
|-enditem|p2a: Tyrantrum|Lum Berry|[eat]
|-end|p2a: Tyrantrum|confusion
|
|-heal|p2a: Tyrantrum|16/100|[from] Grassy Terrain
|upkeep
|c|☆Everybo-D|gg
|-message|dfdsfasfas forfeited.
|
|win|Everybo-D
|l|☆dfdsfasfas
|l| NOSLEEPTILLBKLYN
||Ladder (probably) updated, but score could not be retrieved (Request timeout).
