|raw|<div class="broadcast-blue"><strong>This battle is required to be public due to a player having a name starting with 'rult70'.</div>
|j|☆RULT70M Art
|j|☆Rult70B evidith
|t:|1626899528
|gametype|singles
|player|p1|RULT70M Art|bugcatcher-gen4dp|1555
|player|p2|Rult70B evidith|lass-gen4dp|1490
|teamsize|p1|6
|teamsize|p2|6
|gen|8
|tier|[Gen 8] RU
|rated|
|rule|Sleep Clause Mod: Limit one foe put to sleep
|rule|Species Clause: Limit one of each Pokémon
|rule|OHKO Clause: OHKO moves are banned
|rule|Evasion Moves Clause: Evasion moves are banned
|rule|Endless Battle Clause: Forcing endless battles is banned
|rule|HP Percentage Mod: HP is shown in percentages
|rule|Dynamax Clause: You cannot dynamax
|clearpoke
|poke|p1|Politoed, F|
|poke|p1|Kingdra, F|
|poke|p1|Mienshao, M|
|poke|p1|Seismitoad, F|
|poke|p1|Bronzong|
|poke|p1|Togekiss, F|
|poke|p2|Indeedee, M|
|poke|p2|Mienshao, F|
|poke|p2|Whimsicott, M|
|poke|p2|Marowak-Alola, M|
|poke|p2|Starmie|
|poke|p2|Escavalier, F|
|teampreview
|j| lighthouses
|c|☆RULT70M Art|Hf gl
|
|t:|1626899548
|start
|switch|p1a: Mienshao|Mienshao, M|100/100
|switch|p2a: Marowak|Marowak-Alola, M|100/100
|turn|1
|
|t:|1626899552
|move|p1a: Mienshao|Knock Off|p2a: Marowak
|-supereffective|p2a: Marowak
|-damage|p2a: Marowak|31/100
|-enditem|p2a: Marowak|Thick Club|[from] move: Knock Off|[of] p1a: Mienshao
|move|p2a: Marowak|Stealth Rock|p1a: Mienshao
|-sidestart|p1: RULT70M Art|move: Stealth Rock
|
|upkeep
|turn|2
|j| toinha ♫♪
|
|t:|1626899567
|switch|p2a: Mienshao|Mienshao, F|100/100
|move|p1a: Mienshao|Knock Off|p2a: Mienshao
|-resisted|p2a: Mienshao
|-damage|p2a: Mienshao|71/100
|-enditem|p2a: Mienshao|Choice Scarf|[from] move: Knock Off|[of] p1a: Mienshao
|
|upkeep
|turn|3
|
|t:|1626899572
|switch|p1a: Togekiss|Togekiss, F|100/100
|move|p2a: Mienshao|U-turn|p1a: Togekiss
|-resisted|p1a: Togekiss
|-damage|p1a: Togekiss|95/100
|
|t:|1626899583
|switch|p2a: Escavalier|Escavalier, F|100/100|[from]move: U-turn
|
|upkeep
|turn|4
|
|t:|1626899588
|move|p1a: Togekiss|Air Slash|p2a: Escavalier
|-damage|p2a: Escavalier|74/100
|move|p2a: Escavalier|Knock Off|p1a: Togekiss
|-resisted|p1a: Togekiss
|-damage|p1a: Togekiss|80/100
|-enditem|p1a: Togekiss|Heavy-Duty Boots|[from] move: Knock Off|[of] p2a: Escavalier
|
|upkeep
|turn|5
|j| rurkitree
|
|t:|1626899608
|move|p1a: Togekiss|Air Slash|p2a: Escavalier
|-damage|p2a: Escavalier|46/100
|cant|p2a: Escavalier|flinch
|
|upkeep
|turn|6
|
|t:|1626899612
|move|p1a: Togekiss|Air Slash|p2a: Escavalier
|-damage|p2a: Escavalier|20/100
|cant|p2a: Escavalier|flinch
|
|upkeep
|turn|7
|
|t:|1626899616
|switch|p2a: Indeedee|Indeedee, M|100/100
|-fieldstart|move: Psychic Terrain|[from] ability: Psychic Surge|[of] p2a: Indeedee
|move|p1a: Togekiss|Air Slash|p2a: Indeedee
|-crit|p2a: Indeedee
|-damage|p2a: Indeedee|37/100
|
|upkeep
|turn|8
|
|t:|1626899622
|switch|p1a: Bronzong|Bronzong|100/100
|-damage|p1a: Bronzong|94/100|[from] Stealth Rock
|move|p2a: Indeedee|Mystical Fire|p1a: Bronzong
|-supereffective|p1a: Bronzong
|-damage|p1a: Bronzong|49/100
|-unboost|p1a: Bronzong|spa|1
|
|-heal|p1a: Bronzong|55/100|[from] item: Leftovers
|upkeep
|turn|9
|
|t:|1626899628
|switch|p2a: Mienshao|Mienshao, F|100/100
|move|p1a: Bronzong|Stealth Rock|p2a: Mienshao
|-sidestart|p2: Rult70B evidith|move: Stealth Rock
|
|-heal|p1a: Bronzong|61/100|[from] item: Leftovers
|upkeep
|turn|10
|l| lighthouses
|
|t:|1626899633
|switch|p1a: Togekiss|Togekiss, F|80/100
|-damage|p1a: Togekiss|55/100|[from] Stealth Rock
|move|p2a: Mienshao|Knock Off|p1a: Togekiss
|-resisted|p1a: Togekiss
|-damage|p1a: Togekiss|45/100
|
|upkeep
|turn|11
|
|t:|1626899638
|switch|p2a: Starmie|Starmie|100/100
|move|p1a: Togekiss|Roost|p1a: Togekiss
|-heal|p1a: Togekiss|95/100
|-singleturn|p1a: Togekiss|move: Roost
|
|-fieldend|move: Psychic Terrain
|upkeep
|turn|12
|
|t:|1626899642
|move|p2a: Starmie|Toxic|p1a: Togekiss
|-status|p1a: Togekiss|tox
|move|p1a: Togekiss|Thunder Wave|p2a: Starmie
|-status|p2a: Starmie|par
|
|-damage|p1a: Togekiss|89/100 tox|[from] psn
|upkeep
|turn|13
|j| Expulso
|
|t:|1626899645
|move|p1a: Togekiss|Air Slash|p2a: Starmie
|-damage|p2a: Starmie|62/100 par
|cant|p2a: Starmie|flinch
|
|-damage|p1a: Togekiss|77/100 tox|[from] psn
|upkeep
|turn|14
|
|t:|1626899648
|switch|p2a: Escavalier|Escavalier, F|20/100
|move|p1a: Togekiss|Air Slash|p2a: Escavalier
|-damage|p2a: Escavalier|0 fnt
|faint|p2a: Escavalier
|
|-damage|p1a: Togekiss|58/100 tox|[from] psn
|upkeep
|
|t:|1626899649
|switch|p2a: Starmie|Starmie|62/100
|turn|15
|
|t:|1626899658
|move|p2a: Starmie|Rapid Spin|p1a: Togekiss
|-damage|p1a: Togekiss|50/100 tox
|-boost|p2a: Starmie|spe|1
|-sideend|p2: Rult70B evidith|Stealth Rock|[from] move: Rapid Spin|[of] p2a: Starmie
|move|p1a: Togekiss|Thunder Wave|p2a: Starmie
|-status|p2a: Starmie|par
|
|-damage|p1a: Togekiss|25/100 tox|[from] psn
|upkeep
|turn|16
|
|t:|1626899668
|move|p1a: Togekiss|Air Slash|p2a: Starmie
|-damage|p2a: Starmie|27/100 par
|move|p2a: Starmie|Recover|p2a: Starmie
|-heal|p2a: Starmie|77/100 par
|
|-damage|p1a: Togekiss|0 fnt|[from] psn
|faint|p1a: Togekiss
|upkeep
|
|t:|1626899675
|switch|p1a: Mienshao|Mienshao, M|100/100
|-damage|p1a: Mienshao|95/100|[from] Stealth Rock
|turn|17
|
|t:|1626899681
|-curestatus|p2a: Starmie|par|[from] ability: Natural Cure
|switch|p2a: Marowak|Marowak-Alola, M|31/100
|move|p1a: Mienshao|U-turn|p2a: Marowak
|-resisted|p2a: Marowak
|-damage|p2a: Marowak|25/100
|
|t:|1626899684
|switch|p1a: Politoed|Politoed, F|100/100|[from]move: U-turn
|-damage|p1a: Politoed|88/100|[from] Stealth Rock
|-weather|RainDance|[from] ability: Drizzle|[of] p1a: Politoed
|
|-weather|RainDance|[upkeep]
|upkeep
|turn|18
|
|t:|1626899709
|move|p1a: Politoed|Scald|p2a: Marowak
|-supereffective|p2a: Marowak
|-damage|p2a: Marowak|0 fnt
|faint|p2a: Marowak
|
|-weather|RainDance|[upkeep]
|upkeep
|
|t:|1626899711
|switch|p2a: Indeedee|Indeedee, M|37/100
|-fieldstart|move: Psychic Terrain|[from] ability: Psychic Surge|[of] p2a: Indeedee
|turn|19
|
|t:|1626899722
|move|p2a: Indeedee|Expanding Force|p1a: Politoed
|-damage|p1a: Politoed|0 fnt
|faint|p1a: Politoed
|
|-weather|RainDance|[upkeep]
|upkeep
|
|t:|1626899724
|switch|p1a: Kingdra|Kingdra, F|100/100
|-damage|p1a: Kingdra|88/100|[from] Stealth Rock
|turn|20
|
|t:|1626899742
|move|p1a: Kingdra|Hurricane|p2a: Indeedee
|-damage|p2a: Indeedee|0 fnt
|faint|p2a: Indeedee
|
|-weather|RainDance|[upkeep]
|upkeep
|
|t:|1626899747
|switch|p2a: Starmie|Starmie|77/100
|turn|21
|
|t:|1626899756
|move|p1a: Kingdra|Hurricane|p2a: Starmie
|-damage|p2a: Starmie|15/100
|-start|p2a: Starmie|confusion
|-activate|p2a: Starmie|confusion
|move|p2a: Starmie|Scald|p1a: Kingdra
|-resisted|p1a: Kingdra
|-damage|p1a: Kingdra|75/100
|
|-weather|RainDance|[upkeep]
|upkeep
|turn|22
|
|t:|1626899761
|move|p1a: Kingdra|Hurricane|p2a: Starmie
|-damage|p2a: Starmie|0 fnt
|faint|p2a: Starmie
|
|-weather|RainDance|[upkeep]
|upkeep
|
|t:|1626899763
|switch|p2a: Whimsicott|Whimsicott, M|100/100
|turn|23
|-message|Rult70B evidith forfeited.
|
|win|RULT70M Art
|raw|RULT70M Art's rating: 1555 &rarr; <strong>1571</strong><br />(+16 for winning)
|raw|Rult70B evidith's rating: 1490 &rarr; <strong>1474</strong><br />(-16 for losing)
|l|☆Rult70B evidith
