|j|☆CaptainaWawa
|j|☆Davicin
|t:|1647022174
|gametype|singles
|player|p1|CaptainaWawa|youngster-gen4dp|1231
|player|p2|Davicin|265|1332
|teamsize|p1|6
|teamsize|p2|6
|gen|8
|tier|[Gen 8] RU
|rated|
|rule|Sleep Clause Mod: Limit one foe put to sleep
|rule|Species Clause: Limit one of each Pokémon
|rule|OHKO Clause: OHKO moves are banned
|rule|Evasion Moves Clause: Evasion moves are banned
|rule|Endless Battle Clause: Forcing endless battles is banned
|rule|HP Percentage Mod: HP is shown in percentages
|rule|Dynamax Clause: You cannot dynamax
|clearpoke
|poke|p1|Crobat, F|
|poke|p1|Reuniclus, F|
|poke|p1|Flygon, M|
|poke|p1|Cobalion|
|poke|p1|Starmie|
|poke|p1|Celebi|
|poke|p2|Sandslash-Alola, F|
|poke|p2|Chandelure, F|
|poke|p2|Abomasnow, M|
|poke|p2|Vanilluxe, M|
|poke|p2|Arctovish|
|poke|p2|Flygon, M|
|teampreview
|
|t:|1647022185
|start
|switch|p1a: Crobat|Crobat, F|100/100
|switch|p2a: Chandelure|Chandelure, F, shiny|100/100
|turn|1
|
|t:|1647022197
|move|p2a: Chandelure|Heat Wave|p1a: Crobat
|-damage|p1a: Crobat|30/100
|move|p1a: Crobat|Poison Fang|p2a: Chandelure
|-resisted|p2a: Chandelure
|-damage|p2a: Chandelure|85/100
|
|upkeep
|turn|2
|
|t:|1647022208
|switch|p2a: Vanilluxe|Vanilluxe, M|100/100
|-weather|Hail|[from] ability: Snow Warning|[of] p2a: Vanilluxe
|switch|p1a: Reuniclus|Reuniclus, F|100/100
|
|-weather|Hail|[upkeep]
|-damage|p1a: Reuniclus|94/100|[from] Hail
|upkeep
|turn|3
|
|t:|1647022219
|move|p2a: Vanilluxe|Aurora Veil|p2a: Vanilluxe
|-sidestart|p2: Davicin|move: Aurora Veil
|move|p1a: Reuniclus|Future Sight|p2a: Vanilluxe
|-start|p1a: Reuniclus|move: Future Sight
|
|-weather|Hail|[upkeep]
|-damage|p1a: Reuniclus|88/100|[from] Hail
|upkeep
|turn|4
|
|t:|1647022227
|switch|p2a: Sandslash|Sandslash-Alola, F, shiny|100/100
|move|p1a: Reuniclus|Focus Blast|p2a: Sandslash
|-supereffective|p2a: Sandslash
|-damage|p2a: Sandslash|0 fnt
|faint|p2a: Sandslash
|
|-weather|Hail|[upkeep]
|-damage|p1a: Reuniclus|82/100|[from] Hail
|upkeep
|
|t:|1647022237
|switch|p2a: Arctovish|Arctovish, shiny|100/100
|turn|5
|
|t:|1647022245
|switch|p1a: Starmie|Starmie|100/100
|move|p2a: Arctovish|Fishious Rend|p1a: Starmie
|-resisted|p1a: Starmie
|-damage|p1a: Starmie|42/100
|
|-weather|Hail|[upkeep]
|-damage|p1a: Starmie|36/100|[from] Hail
|-end|p2a: Arctovish|move: Future Sight
|-damage|p2a: Arctovish|71/100
|upkeep
|turn|6
|
|t:|1647022256
|move|p2a: Arctovish|Fishious Rend|p1a: Starmie
|-resisted|p1a: Starmie
|-damage|p1a: Starmie|0 fnt
|faint|p1a: Starmie
|
|-weather|none
|upkeep
|
|t:|1647022267
|switch|p1a: Cobalion|Cobalion|100/100
|turn|7
|
|t:|1647022272
|switch|p2a: Flygon|Flygon, M, shiny|100/100
|move|p1a: Cobalion|Stealth Rock|p2a: Flygon
|-sidestart|p2: Davicin|move: Stealth Rock
|
|-sideend|p2: Davicin|move: Aurora Veil
|upkeep
|turn|8
|
|t:|1647022280
|switch|p1a: Crobat|Crobat, F|30/100
|move|p2a: Flygon|Defog|p1a: Crobat
|-unboost|p1a: Crobat|evasion|1
|-sideend|p2: Davicin|Stealth Rock|[from] move: Defog|[of] p2a: Flygon
|
|upkeep
|turn|9
|
|t:|1647022288
|switch|p2a: Abomasnow|Abomasnow, M, shiny|100/100
|-weather|Hail|[from] ability: Snow Warning|[of] p2a: Abomasnow
|move|p1a: Crobat|Roost|p1a: Crobat
|-heal|p1a: Crobat|80/100
|-singleturn|p1a: Crobat|move: Roost
|
|-weather|Hail|[upkeep]
|-damage|p1a: Crobat|74/100|[from] Hail
|upkeep
|turn|10
|
|t:|1647022299
|switch|p1a: Reuniclus|Reuniclus, F|100/100
|move|p2a: Abomasnow|Aurora Veil|p2a: Abomasnow
|-sidestart|p2: Davicin|move: Aurora Veil
|
|-weather|Hail|[upkeep]
|-damage|p1a: Reuniclus|94/100|[from] Hail
|upkeep
|turn|11
|
|t:|1647022308
|switch|p2a: Arctovish|Arctovish, shiny|71/100
|move|p1a: Reuniclus|Future Sight|p2a: Arctovish
|-start|p1a: Reuniclus|move: Future Sight
|
|-weather|Hail|[upkeep]
|-damage|p1a: Reuniclus|88/100|[from] Hail
|upkeep
|turn|12
|
|t:|1647022320
|switch|p1a: Celebi|Celebi|100/100
|move|p2a: Arctovish|Fishious Rend|p1a: Celebi
|-resisted|p1a: Celebi
|-crit|p1a: Celebi
|-damage|p1a: Celebi|29/100
|
|-weather|Hail|[upkeep]
|-damage|p1a: Celebi|22/100|[from] Hail
|upkeep
|turn|13
|
|t:|1647022329
|move|p1a: Celebi|Leaf Storm|p2a: Arctovish
|-supereffective|p2a: Arctovish
|-damage|p2a: Arctovish|8/100
|-unboost|p1a: Celebi|spa|2
|move|p2a: Arctovish|Fishious Rend|p1a: Celebi
|-resisted|p1a: Celebi
|-damage|p1a: Celebi|0 fnt
|faint|p1a: Celebi
|
|-weather|Hail|[upkeep]
|-end|p2a: Arctovish|move: Future Sight
|-damage|p2a: Arctovish|0 fnt
|faint|p2a: Arctovish
|upkeep
|
|t:|1647022346
|switch|p1a: Reuniclus|Reuniclus, F|100/100
|switch|p2a: Chandelure|Chandelure, F, shiny|85/100
|turn|14
|
|t:|1647022355
|move|p2a: Chandelure|Shadow Ball|p1a: Reuniclus
|-supereffective|p1a: Reuniclus
|-damage|p1a: Reuniclus|59/100
|move|p1a: Reuniclus|Future Sight|p2a: Chandelure
|-start|p1a: Reuniclus|move: Future Sight
|
|-weather|Hail|[upkeep]
|-damage|p2a: Chandelure|79/100|[from] Hail
|-damage|p1a: Reuniclus|53/100|[from] Hail
|-sideend|p2: Davicin|move: Aurora Veil
|upkeep
|turn|15
|
|t:|1647022365
|move|p2a: Chandelure|Shadow Ball|p1a: Reuniclus
|-supereffective|p1a: Reuniclus
|-damage|p1a: Reuniclus|12/100
|move|p1a: Reuniclus|Psyshock|p2a: Chandelure
|-damage|p2a: Chandelure|25/100
|
|-weather|Hail|[upkeep]
|-damage|p2a: Chandelure|19/100|[from] Hail
|-damage|p1a: Reuniclus|6/100|[from] Hail
|upkeep
|turn|16
|
|t:|1647022377
|switch|p2a: Flygon|Flygon, M, shiny|100/100
|switch|p1a: Crobat|Crobat, F|74/100
|
|-weather|none
|-end|p2a: Flygon|move: Future Sight
|-damage|p2a: Flygon|35/100
|-heal|p2a: Flygon|41/100|[from] item: Leftovers
|upkeep
|turn|17
|
|t:|1647022390
|move|p1a: Crobat|Brave Bird|p2a: Flygon
|-damage|p2a: Flygon|0 fnt
|faint|p2a: Flygon
|-damage|p1a: Crobat|58/100|[from] Recoil
|
|upkeep
|
|t:|1647022397
|switch|p2a: Chandelure|Chandelure, F, shiny|19/100
|turn|18
|inactive|Battle timer is ON: inactive players will automatically lose when time's up. (requested by Davicin)
|
|t:|1647022419
|switch|p1a: Flygon|Flygon, M|100/100
|move|p2a: Chandelure|Shadow Ball|p1a: Flygon
|-damage|p1a: Flygon|35/100
|-unboost|p1a: Flygon|spd|1
|
|upkeep
|turn|19
|
|t:|1647022430
|move|p2a: Chandelure|Shadow Ball|p1a: Flygon
|-damage|p1a: Flygon|0 fnt
|faint|p1a: Flygon
|
|upkeep
|
|t:|1647022434
|switch|p1a: Cobalion|Cobalion|100/100
|turn|20
|
|t:|1647022441
|move|p2a: Chandelure|Shadow Ball|p1a: Cobalion
|-damage|p1a: Cobalion|38/100
|-unboost|p1a: Cobalion|spd|1
|move|p1a: Cobalion|Iron Head|p2a: Chandelure
|-resisted|p2a: Chandelure
|-damage|p2a: Chandelure|0 fnt
|faint|p2a: Chandelure
|
|upkeep
|
|t:|1647022451
|switch|p2a: Vanilluxe|Vanilluxe, M|100/100
|-weather|Hail|[from] ability: Snow Warning|[of] p2a: Vanilluxe
|turn|21
|
|t:|1647022459
|move|p1a: Cobalion|Close Combat|p2a: Vanilluxe
|-supereffective|p2a: Vanilluxe
|-crit|p2a: Vanilluxe
|-damage|p2a: Vanilluxe|0 fnt
|-unboost|p1a: Cobalion|def|1
|-unboost|p1a: Cobalion|spd|1
|faint|p2a: Vanilluxe
|
|-weather|Hail|[upkeep]
|-damage|p1a: Cobalion|32/100|[from] Hail
|upkeep
|
|t:|1647022469
|switch|p2a: Abomasnow|Abomasnow, M, shiny|100/100
|turn|22
|
|t:|1647022474
|move|p1a: Cobalion|Close Combat|p2a: Abomasnow
|-supereffective|p2a: Abomasnow
|-damage|p2a: Abomasnow|0 fnt
|-unboost|p1a: Cobalion|def|1
|-unboost|p1a: Cobalion|spd|1
|faint|p2a: Abomasnow
|
|win|CaptainaWawa
|raw|CaptainaWawa's rating: 1231 &rarr; <strong>1263</strong><br />(+32 for winning)
|raw|Davicin's rating: 1332 &rarr; <strong>1306</strong><br />(-26 for losing)
|l|☆Davicin
||Ladder isn't responding, score probably updated but might not have (Request timeout).
