|j|☆Yggdrasil60
|j|☆ASSOLO IL RE
|player|p1|Yggdrasil60|juan|1533
|player|p2|ASSOLO IL RE|biker-gen2|1585
|teamsize|p1|6
|teamsize|p2|6
|gametype|singles
|gen|8
|tier|[Gen 8] RU
|rated|
|clearpoke
|poke|p1|Snorlax, F|
|poke|p1|Aromatisse, F|
|poke|p1|Steelix, M|
|poke|p1|Indeedee, M|
|poke|p1|Garbodor, M|
|poke|p1|Charizard, M|
|poke|p2|Goodra, M|
|poke|p2|Scrafty, F|
|poke|p2|Vileplume, F|
|poke|p2|Steelix, M|
|poke|p2|Mantine, M|
|poke|p2|Indeedee, M|
|rule|Sleep Clause Mod: Limit one foe put to sleep
|rule|Species Clause: Limit one of each Pokémon
|rule|OHKO Clause: OHKO moves are banned
|rule|Evasion Moves Clause: Evasion moves are banned
|rule|Endless Battle Clause: Forcing endless battles is banned
|rule|HP Percentage Mod: HP is shown in percentages
|rule|Dynamax Clause: You cannot dynamax
|teampreview
|
|start
|switch|p1a: Charizard|Charizard, M|100/100
|switch|p2a: Steelix|Steelix, M|100/100
|turn|1
|
|switch|p2a: Scrafty|Scrafty, F|100/100
|move|p1a: Charizard|Flamethrower|p2a: Scrafty
|-damage|p2a: Scrafty|77/100
|
|-heal|p2a: Scrafty|83/100|[from] item: Leftovers
|upkeep
|turn|2
|inactive|Battle timer is ON: inactive players will automatically lose when time's up. (requested by ASSOLO IL RE)
|
|switch|p1a: Aromatisse|Aromatisse, F|100/100
|move|p2a: Scrafty|Knock Off|p1a: Aromatisse
|-resisted|p1a: Aromatisse
|-damage|p1a: Aromatisse|89/100
|-enditem|p1a: Aromatisse|Leftovers|[from] move: Knock Off|[of] p2a: Scrafty
|
|-heal|p2a: Scrafty|89/100|[from] item: Leftovers
|upkeep
|turn|3
|
|switch|p2a: Steelix|Steelix, M|100/100
|switch|p1a: Garbodor|Garbodor, M|100/100
|
|upkeep
|turn|4
|
|switch|p1a: Charizard|Charizard, M|100/100
|move|p2a: Steelix|Earthquake|p1a: Charizard
|-immune|p1a: Charizard
|
|upkeep
|turn|5
|
|switch|p1a: Garbodor|Garbodor, M|100/100
|switch|p2a: Scrafty|Scrafty, F|89/100
|
|-heal|p2a: Scrafty|95/100|[from] item: Leftovers
|upkeep
|turn|6
|
|switch|p2a: Goodra|Goodra, M|100/100
|move|p1a: Garbodor|Spikes|p2a: Goodra
|-sidestart|p2: ASSOLO IL RE|Spikes
|
|upkeep
|turn|7
|
|switch|p1a: Snorlax|Snorlax, F|100/100
|move|p2a: Goodra|Sludge Wave|p1a: Snorlax
|-damage|p1a: Snorlax|79/100
|
|-heal|p1a: Snorlax|85/100|[from] item: Leftovers
|upkeep
|turn|8
|
|switch|p2a: Mantine|Mantine, M|100/100
|move|p1a: Snorlax|Body Slam|p2a: Mantine
|-damage|p2a: Mantine|73/100
|
|-heal|p1a: Snorlax|91/100|[from] item: Leftovers
|upkeep
|turn|9
|inactive|Yggdrasil60 has 120 seconds left.
|
|switch|p1a: Garbodor|Garbodor, M|100/100
|move|p2a: Mantine|Defog|p1a: Garbodor
|-unboost|p1a: Garbodor|evasion|1
|-sideend|p2: ASSOLO IL RE|Spikes|[from] move: Defog|[of] p2a: Mantine
|
|upkeep
|turn|10
|
|move|p1a: Garbodor|Spikes|p2a: Mantine
|-sidestart|p2: ASSOLO IL RE|Spikes
|move|p2a: Mantine|Scald|p1a: Garbodor
|-damage|p1a: Garbodor|69/100
|
|upkeep
|turn|11
|
|move|p1a: Garbodor|Gunk Shot|p2a: Mantine
|-damage|p2a: Mantine|13/100
|move|p2a: Mantine|Defog|p1a: Garbodor
|-unboost|p1a: Garbodor|evasion|1
|-sideend|p2: ASSOLO IL RE|Spikes|[from] move: Defog|[of] p2a: Mantine
|
|upkeep
|turn|12
|
|switch|p2a: Steelix|Steelix, M|100/100
|move|p1a: Garbodor|Spikes|p2a: Steelix
|-sidestart|p2: ASSOLO IL RE|Spikes
|
|upkeep
|turn|13
|
|switch|p1a: Charizard|Charizard, M|100/100
|move|p2a: Steelix|Stealth Rock|p1a: Charizard
|-sidestart|p1: Yggdrasil60|move: Stealth Rock
|
|upkeep
|turn|14
|
|switch|p2a: Indeedee|Indeedee, M|100/100
|-damage|p2a: Indeedee|88/100|[from] Spikes
|-fieldstart|move: Psychic Terrain|[from] ability: Psychic Surge|[of] p2a: Indeedee
|move|p1a: Charizard|Toxic|p2a: Indeedee
|-status|p2a: Indeedee|tox
|
|-damage|p2a: Indeedee|82/100 tox|[from] psn
|upkeep
|turn|15
|
|switch|p1a: Steelix|Steelix, M|100/100
|-damage|p1a: Steelix|97/100|[from] Stealth Rock
|move|p2a: Indeedee|Psychic|p1a: Steelix
|-resisted|p1a: Steelix
|-damage|p1a: Steelix|75/100
|
|-heal|p1a: Steelix|81/100|[from] item: Leftovers
|-damage|p2a: Indeedee|70/100 tox|[from] psn
|upkeep
|turn|16
|
|switch|p2a: Mantine|Mantine, M|13/100
|move|p1a: Steelix|Roar|p2a: Mantine
|drag|p2a: Goodra|Goodra, M|100/100
|-damage|p2a: Goodra|88/100|[from] Spikes
|
|-heal|p1a: Steelix|87/100|[from] item: Leftovers
|upkeep
|turn|17
|
|switch|p1a: Aromatisse|Aromatisse, F|89/100
|-damage|p1a: Aromatisse|77/100|[from] Stealth Rock
|move|p2a: Goodra|Fire Blast|p1a: Aromatisse
|-damage|p1a: Aromatisse|24/100
|
|upkeep
|turn|18
|
|switch|p1a: Charizard|Charizard, M|100/100
|move|p2a: Goodra|Fire Blast|p1a: Charizard
|-resisted|p1a: Charizard
|-crit|p1a: Charizard
|-damage|p1a: Charizard|52/100
|
|-fieldend|move: Psychic Terrain
|upkeep
|turn|19
|
|switch|p2a: Scrafty|Scrafty, F|95/100
|-damage|p2a: Scrafty|83/100|[from] Spikes
|move|p1a: Charizard|Roost|p1a: Charizard
|-heal|p1a: Charizard|100/100
|-singleturn|p1a: Charizard|move: Roost
|
|-heal|p2a: Scrafty|89/100|[from] item: Leftovers
|upkeep
|turn|20
|
|switch|p1a: Aromatisse|Aromatisse, F|24/100
|-damage|p1a: Aromatisse|12/100|[from] Stealth Rock
|move|p2a: Scrafty|Bulk Up|p2a: Scrafty
|-boost|p2a: Scrafty|atk|1
|-boost|p2a: Scrafty|def|1
|
|-heal|p2a: Scrafty|95/100|[from] item: Leftovers
|upkeep
|turn|21
|
|move|p2a: Scrafty|Drain Punch|p1a: Aromatisse
|-resisted|p1a: Aromatisse
|-damage|p1a: Aromatisse|0 fnt
|-heal|p2a: Scrafty|100/100|[from] drain|[of] p1a: Aromatisse
|faint|p1a: Aromatisse
|
|upkeep
|
|switch|p1a: Indeedee|Indeedee, M|100/100
|-damage|p1a: Indeedee|88/100|[from] Stealth Rock
|-fieldstart|move: Psychic Terrain|[from] ability: Psychic Surge|[of] p1a: Indeedee
|turn|22
|
|move|p1a: Indeedee|Dazzling Gleam|p2a: Scrafty
|-supereffective|p2a: Scrafty
|-damage|p2a: Scrafty|25/100
|move|p2a: Scrafty|Knock Off|p1a: Indeedee
|-supereffective|p1a: Indeedee
|-damage|p1a: Indeedee|0 fnt
|-enditem|p1a: Indeedee|Choice Scarf|[from] move: Knock Off|[of] p2a: Scrafty
|faint|p1a: Indeedee
|
|-heal|p2a: Scrafty|31/100|[from] item: Leftovers
|upkeep
|
|switch|p1a: Garbodor|Garbodor, M|69/100
|-damage|p1a: Garbodor|56/100|[from] Stealth Rock
|turn|23
|
|move|p1a: Garbodor|Gunk Shot|p2a: Scrafty|[miss]
|-miss|p1a: Garbodor|p2a: Scrafty
|move|p2a: Scrafty|Rest|p2a: Scrafty
|-status|p2a: Scrafty|slp|[from] move: Rest
|-heal|p2a: Scrafty|100/100 slp|[silent]
|
|upkeep
|turn|24
|
|move|p1a: Garbodor|Gunk Shot|p2a: Scrafty
|-damage|p2a: Scrafty|56/100 slp
|cant|p2a: Scrafty|slp
|
|-activate|p2a: Scrafty|ability: Shed Skin
|-curestatus|p2a: Scrafty|slp|[msg]
|-heal|p2a: Scrafty|62/100|[from] item: Leftovers
|upkeep
|turn|25
|
|move|p1a: Garbodor|Gunk Shot|p2a: Scrafty
|-damage|p2a: Scrafty|21/100
|move|p2a: Scrafty|Rest|p2a: Scrafty
|-status|p2a: Scrafty|slp|[from] move: Rest
|-heal|p2a: Scrafty|100/100 slp|[silent]
|
|-activate|p2a: Scrafty|ability: Shed Skin
|-curestatus|p2a: Scrafty|slp|[msg]
|upkeep
|turn|26
|
|switch|p2a: Steelix|Steelix, M|100/100
|-damage|p2a: Steelix|88/100|[from] Spikes
|move|p1a: Garbodor|Gunk Shot|p2a: Steelix
|-immune|p2a: Steelix
|
|-heal|p2a: Steelix|94/100|[from] item: Leftovers
|-fieldend|move: Psychic Terrain
|upkeep
|turn|27
|
|switch|p1a: Charizard|Charizard, M|100/100
|move|p2a: Steelix|Toxic|p1a: Charizard
|-status|p1a: Charizard|tox
|
|-heal|p2a: Steelix|100/100|[from] item: Leftovers
|-damage|p1a: Charizard|94/100 tox|[from] psn
|upkeep
|turn|28
|
|switch|p2a: Scrafty|Scrafty, F|100/100
|-damage|p2a: Scrafty|88/100|[from] Spikes
|move|p1a: Charizard|Flamethrower|p2a: Scrafty
|-damage|p2a: Scrafty|65/100
|
|-heal|p2a: Scrafty|71/100|[from] item: Leftovers
|-damage|p1a: Charizard|82/100 tox|[from] psn
|upkeep
|turn|29
|
|switch|p1a: Garbodor|Garbodor, M|56/100
|-damage|p1a: Garbodor|44/100|[from] Stealth Rock
|move|p2a: Scrafty|Bulk Up|p2a: Scrafty
|-boost|p2a: Scrafty|atk|1
|-boost|p2a: Scrafty|def|1
|
|-heal|p2a: Scrafty|77/100|[from] item: Leftovers
|upkeep
|turn|30
|
|move|p1a: Garbodor|Spikes|p2a: Scrafty
|-sidestart|p2: ASSOLO IL RE|Spikes
|move|p2a: Scrafty|Bulk Up|p2a: Scrafty
|-boost|p2a: Scrafty|atk|1
|-boost|p2a: Scrafty|def|1
|
|-heal|p2a: Scrafty|83/100|[from] item: Leftovers
|upkeep
|turn|31
|-message|Yggdrasil60 forfeited.
|
|win|ASSOLO IL RE
|l|☆Yggdrasil60
|raw|Yggdrasil60's rating: 1533 &rarr; <strong>1516</strong><br />(-17 for losing)
|raw|ASSOLO IL RE's rating: 1586 &rarr; <strong>1603</strong><br />(+17 for winning)
