|j|☆Mindblade
|j|☆Time to Panic
|player|p1|Mindblade|pokemonbreeder-gen4|1536
|player|p2|Time to Panic|pokemaniac|1391
|teamsize|p1|6
|teamsize|p2|6
|gametype|singles
|gen|8
|tier|[Gen 8] RU
|rated|
|clearpoke
|poke|p1|Sableye, M|
|poke|p1|Steelix, M|
|poke|p1|Sigilyph, F|
|poke|p1|Qwilfish, F|
|poke|p1|Passimian, M|
|poke|p1|Goodra, M|
|poke|p2|Silvally-*|
|poke|p2|Sigilyph, F|
|poke|p2|Passimian, F|
|poke|p2|Mr. Mime-Galar, M|
|poke|p2|Vileplume, F|
|poke|p2|Gigalith, F|
|rule|Sleep Clause Mod: Limit one foe put to sleep
|rule|Species Clause: Limit one of each Pokémon
|rule|OHKO Clause: OHKO moves are banned
|rule|Evasion Moves Clause: Evasion moves are banned
|rule|Endless Battle Clause: Forcing endless battles is banned
|rule|HP Percentage Mod: HP is shown in percentages
|rule|Dynamax Clause: You cannot dynamax
|teampreview
|
|start
|switch|p1a: Cocohelm Kratzcot|Passimian, M|100/100
|switch|p2a: Silvally|Silvally-Steel|100/100
|turn|1
|
|switch|p2a: Vileplume|Vileplume, F|100/100
|move|p1a: Cocohelm Kratzcot|U-turn|p2a: Vileplume
|-damage|p2a: Vileplume|81/100
|j| Big Black Chungus
|inactive|Battle timer is ON: inactive players will automatically lose when time's up. (requested by Time to Panic)
|l| Big Black Chungus
|
|switch|p1a: GelatinousGuardian|Goodra, M|100/100|[from]move: U-turn
|
|-heal|p2a: Vileplume|87/100|[from] item: Black Sludge
|upkeep
|turn|2
|
|switch|p1a: Thorny Seafood|Qwilfish, F|100/100
|-ability|p1a: Thorny Seafood|Intimidate|boost
|-unboost|p2a: Vileplume|atk|1
|switch|p2a: Gigalith|Gigalith, F|100/100
|-weather|Sandstorm|[from] ability: Sand Stream|[of] p2a: Gigalith
|
|-weather|Sandstorm|[upkeep]
|-damage|p1a: Thorny Seafood|95/100|[from] Sandstorm
|-heal|p1a: Thorny Seafood|100/100|[from] item: Black Sludge
|upkeep
|turn|3
|inactive|Time to Panic has 120 seconds left.
|
|switch|p2a: Sigilyph|Sigilyph, F|100/100
|move|p1a: Thorny Seafood|Spikes|p2a: Sigilyph
|-sidestart|p2: Time to Panic|Spikes
|
|-weather|Sandstorm|[upkeep]
|-damage|p1a: Thorny Seafood|95/100|[from] Sandstorm
|-heal|p1a: Thorny Seafood|100/100|[from] item: Black Sludge
|upkeep
|turn|4
|inactive|Time to Panic has 120 seconds left.
|
|switch|p1a: Moon Imp|Sableye, M|100/100
|move|p2a: Sigilyph|Heat Wave|p1a: Moon Imp
|-damage|p1a: Moon Imp|39/100
|-status|p1a: Moon Imp|brn
|
|-weather|Sandstorm|[upkeep]
|-damage|p1a: Moon Imp|33/100 brn|[from] Sandstorm
|-heal|p1a: Moon Imp|39/100 brn|[from] item: Leftovers
|-damage|p1a: Moon Imp|33/100 brn|[from] brn
|upkeep
|turn|5
|inactive|Time to Panic has 120 seconds left.
|
|switch|p1a: GelatinousGuardian|Goodra, M|100/100
|move|p2a: Sigilyph|Heat Wave|p1a: GelatinousGuardian
|-resisted|p1a: GelatinousGuardian
|-damage|p1a: GelatinousGuardian|88/100
|
|-weather|Sandstorm|[upkeep]
|-damage|p1a: GelatinousGuardian|82/100|[from] Sandstorm
|upkeep
|turn|6
|inactive|Time to Panic has 120 seconds left.
|
|switch|p2a: Silvally|Silvally-Steel|100/100
|-damage|p2a: Silvally|88/100|[from] Spikes
|move|p1a: GelatinousGuardian|Draco Meteor|p2a: Silvally
|-resisted|p2a: Silvally
|-crit|p2a: Silvally
|-damage|p2a: Silvally|6/100
|-unboost|p1a: GelatinousGuardian|spa|2
|
|-weather|none
|upkeep
|turn|7
|inactive|Time to Panic has 120 seconds left.
|inactive|Mindblade has 120 seconds left.
|inactive|Mindblade has 90 seconds left.
|
|switch|p1a: Alloy Wyrm|Steelix, M|100/100
|move|p2a: Silvally|U-turn|p1a: Alloy Wyrm
|-resisted|p1a: Alloy Wyrm
|-damage|p1a: Alloy Wyrm|95/100
|
|switch|p2a: Vileplume|Vileplume, F|87/100|[from]move: U-turn
|-damage|p2a: Vileplume|75/100|[from] Spikes
|
|-heal|p2a: Vileplume|81/100|[from] item: Black Sludge
|-heal|p1a: Alloy Wyrm|100/100|[from] item: Leftovers
|upkeep
|turn|8
|inactive|Mindblade has 90 seconds left.
|
|switch|p1a: GelatinousGuardian|Goodra, M|82/100
|move|p2a: Vileplume|Strength Sap|p1a: GelatinousGuardian
|-ability|p1a: GelatinousGuardian|Sap Sipper|boost
|-boost|p1a: GelatinousGuardian|atk|1
|
|-heal|p2a: Vileplume|87/100|[from] item: Black Sludge
|upkeep
|turn|9
|inactive|Mindblade has 90 seconds left.
|
|switch|p1a: Thorny Seafood|Qwilfish, F|100/100
|-ability|p1a: Thorny Seafood|Intimidate|boost
|-unboost|p2a: Vileplume|atk|1
|switch|p2a: Silvally|Silvally-Steel|6/100
|-damage|p2a: Silvally|0 fnt|[from] Spikes
|faint|p2a: Silvally
|
|upkeep
|
|switch|p2a: Sigilyph|Sigilyph, F|100/100
|turn|10
|
|switch|p1a: GelatinousGuardian|Goodra, M|82/100
|move|p2a: Sigilyph|Psychic|p1a: GelatinousGuardian
|-damage|p1a: GelatinousGuardian|40/100
|
|upkeep
|turn|11
|
|move|p2a: Sigilyph|Psychic|p1a: GelatinousGuardian
|-damage|p1a: GelatinousGuardian|0 fnt
|faint|p1a: GelatinousGuardian
|
|upkeep
|
|switch|p1a: Cocohelm Kratzcot|Passimian, M|100/100
|turn|12
|inactive|Time to Panic has 120 seconds left.
|
|switch|p1a: Thorny Seafood|Qwilfish, F|100/100
|-ability|p1a: Thorny Seafood|Intimidate|boost
|-unboost|p2a: Sigilyph|atk|1
|switch|p2a: Vileplume|Vileplume, F|87/100
|-damage|p2a: Vileplume|75/100|[from] Spikes
|
|-heal|p2a: Vileplume|81/100|[from] item: Black Sludge
|upkeep
|turn|13
|inactive|Time to Panic has 120 seconds left.
|inactive|Mindblade has 90 seconds left.
|
|move|p1a: Thorny Seafood|Destiny Bond|p1a: Thorny Seafood
|-singlemove|p1a: Thorny Seafood|Destiny Bond
|move|p2a: Vileplume|Energy Ball|p1a: Thorny Seafood
|-damage|p1a: Thorny Seafood|48/100
|-unboost|p1a: Thorny Seafood|spd|1
|
|-heal|p1a: Thorny Seafood|54/100|[from] item: Black Sludge
|-heal|p2a: Vileplume|87/100|[from] item: Black Sludge
|upkeep
|turn|14
|inactive|Time to Panic has 120 seconds left.
|inactive|Mindblade has 90 seconds left.
|
|move|p1a: Thorny Seafood|Spikes|p2a: Vileplume
|-sidestart|p2: Time to Panic|Spikes
|move|p2a: Vileplume|Sludge Bomb|p1a: Thorny Seafood
|-resisted|p1a: Thorny Seafood
|-crit|p1a: Thorny Seafood
|-damage|p1a: Thorny Seafood|0 fnt
|faint|p1a: Thorny Seafood
|
|-heal|p2a: Vileplume|93/100|[from] item: Black Sludge
|upkeep
|inactive|Mindblade has 90 seconds left.
|
|switch|p1a: Totem Angel|Sigilyph, F|100/100
|turn|15
|
|switch|p2a: Gigalith|Gigalith, F|100/100
|-damage|p2a: Gigalith|84/100|[from] Spikes
|-weather|Sandstorm|[from] ability: Sand Stream|[of] p2a: Gigalith
|move|p1a: Totem Angel|Psyshock|p2a: Gigalith
|-damage|p2a: Gigalith|57/100
|
|-weather|Sandstorm|[upkeep]
|-heal|p2a: Gigalith|63/100|[from] item: Leftovers
|upkeep
|turn|16
|
|switch|p1a: Moon Imp|Sableye, M|33/100 brn
|move|p2a: Gigalith|Stealth Rock|p1a: Moon Imp
|-sidestart|p1: Mindblade|move: Stealth Rock
|
|-weather|Sandstorm|[upkeep]
|-damage|p1a: Moon Imp|27/100 brn|[from] Sandstorm
|-heal|p1a: Moon Imp|33/100 brn|[from] item: Leftovers
|-heal|p2a: Gigalith|69/100|[from] item: Leftovers
|-damage|p1a: Moon Imp|27/100 brn|[from] brn
|upkeep
|turn|17
|
|move|p1a: Moon Imp|Recover|p1a: Moon Imp
|-heal|p1a: Moon Imp|77/100 brn
|move|p2a: Gigalith|Rock Blast|p1a: Moon Imp
|-damage|p1a: Moon Imp|67/100 brn
|-damage|p1a: Moon Imp|55/100 brn
|-damage|p1a: Moon Imp|43/100 brn
|-damage|p1a: Moon Imp|33/100 brn
|-damage|p1a: Moon Imp|22/100 brn
|-hitcount|p1a: Moon Imp|5
|
|-weather|Sandstorm|[upkeep]
|-damage|p1a: Moon Imp|16/100 brn|[from] Sandstorm
|-heal|p1a: Moon Imp|22/100 brn|[from] item: Leftovers
|-heal|p2a: Gigalith|75/100|[from] item: Leftovers
|-damage|p1a: Moon Imp|16/100 brn|[from] brn
|upkeep
|turn|18
|inactive|Mindblade has 90 seconds left.
|
|move|p1a: Moon Imp|Recover|p1a: Moon Imp
|-heal|p1a: Moon Imp|66/100 brn
|move|p2a: Gigalith|Rock Blast|p1a: Moon Imp
|-damage|p1a: Moon Imp|55/100 brn
|-damage|p1a: Moon Imp|43/100 brn
|-hitcount|p1a: Moon Imp|2
|
|-weather|Sandstorm|[upkeep]
|-damage|p1a: Moon Imp|37/100 brn|[from] Sandstorm
|-heal|p1a: Moon Imp|43/100 brn|[from] item: Leftovers
|-heal|p2a: Gigalith|82/100|[from] item: Leftovers
|-damage|p1a: Moon Imp|37/100 brn|[from] brn
|upkeep
|turn|19
|inactive|Mindblade has 90 seconds left.
|
|move|p1a: Moon Imp|Recover|p1a: Moon Imp
|-heal|p1a: Moon Imp|87/100 brn
|move|p2a: Gigalith|Rock Blast|p1a: Moon Imp
|-damage|p1a: Moon Imp|75/100 brn
|-damage|p1a: Moon Imp|65/100 brn
|-hitcount|p1a: Moon Imp|2
|
|-weather|none
|-heal|p1a: Moon Imp|70/100 brn|[from] item: Leftovers
|-heal|p2a: Gigalith|88/100|[from] item: Leftovers
|-damage|p1a: Moon Imp|65/100 brn|[from] brn
|upkeep
|turn|20
|inactive|Mindblade has 90 seconds left.
|
|move|p2a: Gigalith|Protect|p2a: Gigalith
|-singleturn|p2a: Gigalith|Protect
|move|p1a: Moon Imp|Knock Off|p2a: Gigalith
|-activate|p2a: Gigalith|move: Protect
|
|-heal|p1a: Moon Imp|70/100 brn|[from] item: Leftovers
|-heal|p2a: Gigalith|94/100|[from] item: Leftovers
|-damage|p1a: Moon Imp|65/100 brn|[from] brn
|upkeep
|turn|21
|inactive|Mindblade has 90 seconds left.
|
|switch|p2a: Vileplume|Vileplume, F|93/100
|-damage|p2a: Vileplume|77/100|[from] Spikes
|move|p1a: Moon Imp|Knock Off|p2a: Vileplume
|-damage|p2a: Vileplume|67/100
|-enditem|p2a: Vileplume|Black Sludge|[from] move: Knock Off|[of] p1a: Moon Imp
|
|-heal|p1a: Moon Imp|70/100 brn|[from] item: Leftovers
|-damage|p1a: Moon Imp|65/100 brn|[from] brn
|upkeep
|turn|22
|inactive|Mindblade has 90 seconds left.
|
|move|p1a: Moon Imp|Will-O-Wisp|p2a: Vileplume
|-status|p2a: Vileplume|brn
|move|p2a: Vileplume|Sludge Bomb|p1a: Moon Imp
|-resisted|p1a: Moon Imp
|-damage|p1a: Moon Imp|37/100 brn
|
|-heal|p1a: Moon Imp|43/100 brn|[from] item: Leftovers
|-damage|p2a: Vileplume|60/100 brn|[from] brn
|-damage|p1a: Moon Imp|37/100 brn|[from] brn
|upkeep
|turn|23
|
|move|p1a: Moon Imp|Recover|p1a: Moon Imp
|-heal|p1a: Moon Imp|87/100 brn
|move|p2a: Vileplume|Strength Sap|p1a: Moon Imp
|-unboost|p1a: Moon Imp|atk|1
|-heal|p2a: Vileplume|100/100 brn
|
|-heal|p1a: Moon Imp|93/100 brn|[from] item: Leftovers
|-damage|p2a: Vileplume|94/100 brn|[from] brn
|-damage|p1a: Moon Imp|87/100 brn|[from] brn
|upkeep
|turn|24
|
|move|p2a: Vileplume|Aromatherapy|p2a: Vileplume
|-activate|p2a: Vileplume|move: Aromatherapy
|-curestatus|p2a: Vileplume|brn|[msg]
|move|p1a: Moon Imp|Knock Off|p2a: Vileplume
|-damage|p2a: Vileplume|89/100
|
|-heal|p1a: Moon Imp|93/100 brn|[from] item: Leftovers
|-damage|p1a: Moon Imp|87/100 brn|[from] brn
|upkeep
|turn|25
|
|move|p1a: Moon Imp|Encore|p2a: Vileplume
|-start|p2a: Vileplume|Encore
|move|p2a: Vileplume|Aromatherapy||[still]
|-activate|p2a: Vileplume|move: Aromatherapy
|-fail|p2a: Vileplume
|
|-heal|p1a: Moon Imp|93/100 brn|[from] item: Leftovers
|-damage|p1a: Moon Imp|87/100 brn|[from] brn
|upkeep
|turn|26
|
|switch|p2a: Gigalith|Gigalith, F|94/100
|-damage|p2a: Gigalith|77/100|[from] Spikes
|-weather|Sandstorm|[from] ability: Sand Stream|[of] p2a: Gigalith
|switch|p1a: Alloy Wyrm|Steelix, M|100/100
|-damage|p1a: Alloy Wyrm|97/100|[from] Stealth Rock
|
|-weather|Sandstorm|[upkeep]
|-heal|p1a: Alloy Wyrm|100/100|[from] item: Leftovers
|-heal|p2a: Gigalith|83/100|[from] item: Leftovers
|upkeep
|turn|27
|inactive|Mindblade has 60 seconds left.
|
|switch|p2a: Vileplume|Vileplume, F|89/100
|-damage|p2a: Vileplume|73/100|[from] Spikes
|move|p1a: Alloy Wyrm|Dragon Tail|p2a: Vileplume
|-damage|p2a: Vileplume|62/100
|drag|p2a: Mr. Mime|Mr. Mime-Galar, M|100/100
|
|-weather|Sandstorm|[upkeep]
|-damage|p2a: Mr. Mime|94/100|[from] Sandstorm
|upkeep
|turn|28
|inactive|Mindblade has 60 seconds left.
|
|switch|p2a: Vileplume|Vileplume, F|62/100
|-damage|p2a: Vileplume|46/100|[from] Spikes
|move|p1a: Alloy Wyrm|Heavy Slam|p2a: Vileplume
|-damage|p2a: Vileplume|18/100
|-status|p1a: Alloy Wyrm|par|[from] ability: Effect Spore|[of] p2a: Vileplume
|
|-weather|Sandstorm|[upkeep]
|-damage|p2a: Vileplume|12/100|[from] Sandstorm
|upkeep
|turn|29
|inactive|Mindblade has 60 seconds left.
|
|switch|p1a: Totem Angel|Sigilyph, F|100/100
|move|p2a: Vileplume|Strength Sap|p1a: Totem Angel
|-unboost|p1a: Totem Angel|atk|1
|-heal|p2a: Vileplume|42/100
|
|-weather|Sandstorm|[upkeep]
|-damage|p2a: Vileplume|36/100|[from] Sandstorm
|upkeep
|turn|30
|inactive|Mindblade has 60 seconds left.
|
|switch|p2a: Mr. Mime|Mr. Mime-Galar, M|94/100
|move|p1a: Totem Angel|Psyshock|p2a: Mr. Mime
|-resisted|p2a: Mr. Mime
|-damage|p2a: Mr. Mime|51/100
|
|-weather|none
|upkeep
|turn|31
|inactive|Mindblade has 60 seconds left.
|
|switch|p1a: Cocohelm Kratzcot|Passimian, M|100/100
|-damage|p1a: Cocohelm Kratzcot|94/100|[from] Stealth Rock
|move|p2a: Mr. Mime|Ice Beam|p1a: Cocohelm Kratzcot
|-damage|p1a: Cocohelm Kratzcot|35/100
|
|upkeep
|turn|32
|
|switch|p2a: Passimian|Passimian, F|100/100
|-damage|p2a: Passimian|84/100|[from] Spikes
|move|p1a: Cocohelm Kratzcot|U-turn|p2a: Passimian
|-resisted|p2a: Passimian
|-damage|p2a: Passimian|71/100
|
|switch|p1a: Moon Imp|Sableye, M|87/100 brn|[from]move: U-turn
|-damage|p1a: Moon Imp|75/100 brn|[from] Stealth Rock
|
|-heal|p1a: Moon Imp|81/100 brn|[from] item: Leftovers
|-damage|p1a: Moon Imp|75/100 brn|[from] brn
|upkeep
|turn|33
|
|switch|p2a: Gigalith|Gigalith, F|83/100
|-damage|p2a: Gigalith|67/100|[from] Spikes
|-weather|Sandstorm|[from] ability: Sand Stream|[of] p2a: Gigalith
|move|p1a: Moon Imp|Will-O-Wisp|p2a: Gigalith
|-status|p2a: Gigalith|brn
|
|-weather|Sandstorm|[upkeep]
|-damage|p1a: Moon Imp|69/100 brn|[from] Sandstorm
|-heal|p1a: Moon Imp|75/100 brn|[from] item: Leftovers
|-heal|p2a: Gigalith|73/100 brn|[from] item: Leftovers
|-damage|p1a: Moon Imp|69/100 brn|[from] brn
|-damage|p2a: Gigalith|67/100 brn|[from] brn
|upkeep
|turn|34
|
|switch|p1a: Alloy Wyrm|Steelix, M|100/100 par
|-damage|p1a: Alloy Wyrm|97/100 par|[from] Stealth Rock
|switch|p2a: Vileplume|Vileplume, F|36/100
|-damage|p2a: Vileplume|19/100|[from] Spikes
|
|-weather|Sandstorm|[upkeep]
|-damage|p2a: Vileplume|13/100|[from] Sandstorm
|-heal|p1a: Alloy Wyrm|100/100 par|[from] item: Leftovers
|upkeep
|turn|35
|
|switch|p1a: Totem Angel|Sigilyph, F|100/100
|move|p2a: Vileplume|Strength Sap|p1a: Totem Angel
|-unboost|p1a: Totem Angel|atk|1
|-heal|p2a: Vileplume|43/100
|
|-weather|Sandstorm|[upkeep]
|-damage|p2a: Vileplume|37/100|[from] Sandstorm
|upkeep
|turn|36
|
|switch|p2a: Gigalith|Gigalith, F|67/100 brn
|-damage|p2a: Gigalith|50/100 brn|[from] Spikes
|move|p1a: Totem Angel|Psyshock|p2a: Gigalith
|-damage|p2a: Gigalith|23/100 brn
|
|-weather|Sandstorm|[upkeep]
|-heal|p2a: Gigalith|29/100 brn|[from] item: Leftovers
|-damage|p2a: Gigalith|23/100 brn|[from] brn
|upkeep
|turn|37
|
|move|p1a: Totem Angel|Psyshock|p2a: Gigalith
|-damage|p2a: Gigalith|0 fnt
|faint|p2a: Gigalith
|
|-weather|none
|upkeep
|
|switch|p2a: Mr. Mime|Mr. Mime-Galar, M|51/100
|turn|38
|inactive|Mindblade has 30 seconds left.
|
|switch|p1a: Alloy Wyrm|Steelix, M|100/100 par
|-damage|p1a: Alloy Wyrm|97/100 par|[from] Stealth Rock
|move|p2a: Mr. Mime|Rapid Spin|p1a: Alloy Wyrm
|-resisted|p1a: Alloy Wyrm
|-damage|p1a: Alloy Wyrm|96/100 par
|-sideend|p2: Time to Panic|Spikes|[from] move: Rapid Spin|[of] p2a: Mr. Mime
|-boost|p2a: Mr. Mime|spe|1
|
|-heal|p1a: Alloy Wyrm|100/100 par|[from] item: Leftovers
|upkeep
|turn|39
|inactive|Mindblade has 30 seconds left.
|inactive|Mindblade has 20 seconds left.
|
|switch|p2a: Sigilyph|Sigilyph, F|100/100
|move|p1a: Alloy Wyrm|Heavy Slam|p2a: Sigilyph
|-damage|p2a: Sigilyph|44/100
|
|upkeep
|turn|40
|inactive|Mindblade has 30 seconds left this turn.
|
|move|p2a: Sigilyph|Heat Wave|p1a: Alloy Wyrm|[miss]
|-miss|p2a: Sigilyph|p1a: Alloy Wyrm
|move|p1a: Alloy Wyrm|Heavy Slam|p2a: Sigilyph
|-damage|p2a: Sigilyph|0 fnt
|faint|p2a: Sigilyph
|
|upkeep
|inactive|Mindblade has 30 seconds left this turn.
|
|switch|p2a: Vileplume|Vileplume, F|37/100
|turn|41
|
|switch|p2a: Mr. Mime|Mr. Mime-Galar, M|51/100
|switch|p1a: Totem Angel|Sigilyph, F|100/100
|
|upkeep
|turn|42
|
|switch|p1a: Alloy Wyrm|Steelix, M|100/100 par
|-damage|p1a: Alloy Wyrm|97/100 par|[from] Stealth Rock
|move|p2a: Mr. Mime|Ice Beam|p1a: Alloy Wyrm
|-damage|p1a: Alloy Wyrm|58/100 par
|
|-heal|p1a: Alloy Wyrm|64/100 par|[from] item: Leftovers
|upkeep
|turn|43
|
|move|p2a: Mr. Mime|Focus Blast|p1a: Alloy Wyrm
|-supereffective|p1a: Alloy Wyrm
|-damage|p1a: Alloy Wyrm|0 fnt
|faint|p1a: Alloy Wyrm
|
|upkeep
|
|switch|p1a: Cocohelm Kratzcot|Passimian, M|35/100
|-damage|p1a: Cocohelm Kratzcot|29/100|[from] Stealth Rock
|turn|44
|
|switch|p2a: Passimian|Passimian, F|71/100
|move|p1a: Cocohelm Kratzcot|U-turn|p2a: Passimian
|-resisted|p2a: Passimian
|-damage|p2a: Passimian|60/100
|
|switch|p1a: Moon Imp|Sableye, M|69/100 brn|[from]move: U-turn
|-damage|p1a: Moon Imp|57/100 brn|[from] Stealth Rock
|
|-heal|p1a: Moon Imp|63/100 brn|[from] item: Leftovers
|-damage|p1a: Moon Imp|57/100 brn|[from] brn
|upkeep
|turn|45
|
|move|p1a: Moon Imp|Recover|p1a: Moon Imp
|-heal|p1a: Moon Imp|100/100 brn
|move|p2a: Passimian|U-turn|p1a: Moon Imp
|-damage|p1a: Moon Imp|80/100 brn
|
|switch|p2a: Vileplume|Vileplume, F|37/100|[from]move: U-turn
|
|-heal|p1a: Moon Imp|86/100 brn|[from] item: Leftovers
|-damage|p1a: Moon Imp|80/100 brn|[from] brn
|upkeep
|turn|46
|
|switch|p1a: Totem Angel|Sigilyph, F|100/100
|move|p2a: Vileplume|Strength Sap|p1a: Totem Angel
|-unboost|p1a: Totem Angel|atk|1
|-heal|p2a: Vileplume|68/100
|
|upkeep
|turn|47
|inactive|Mindblade has 30 seconds left.
|inactive|Time to Panic has 120 seconds left.
|
|switch|p2a: Mr. Mime|Mr. Mime-Galar, M|51/100
|move|p1a: Totem Angel|Psyshock|p2a: Mr. Mime
|-resisted|p2a: Mr. Mime
|-damage|p2a: Mr. Mime|8/100
|
|upkeep
|turn|48
|
|switch|p1a: Moon Imp|Sableye, M|80/100 brn
|-damage|p1a: Moon Imp|67/100 brn|[from] Stealth Rock
|move|p2a: Mr. Mime|Ice Beam|p1a: Moon Imp
|-damage|p1a: Moon Imp|14/100 brn
|
|-heal|p1a: Moon Imp|20/100 brn|[from] item: Leftovers
|-damage|p1a: Moon Imp|14/100 brn|[from] brn
|upkeep
|turn|49
|inactive|Mindblade has 30 seconds left.
|
|move|p1a: Moon Imp|Will-O-Wisp|p2a: Mr. Mime
|-status|p2a: Mr. Mime|brn
|move|p2a: Mr. Mime|Ice Beam|p1a: Moon Imp
|-damage|p1a: Moon Imp|0 fnt
|faint|p1a: Moon Imp
|
|-damage|p2a: Mr. Mime|1/100 brn|[from] brn
|upkeep
|inactive|Mindblade has 30 seconds left this turn.
|inactive|Mindblade has 20 seconds left.
|
|switch|p1a: Cocohelm Kratzcot|Passimian, M|29/100
|-damage|p1a: Cocohelm Kratzcot|23/100|[from] Stealth Rock
|turn|50
|inactive|Mindblade has 30 seconds left this turn.
|
|switch|p2a: Passimian|Passimian, F|60/100
|move|p1a: Cocohelm Kratzcot|Knock Off|p2a: Passimian
|-resisted|p2a: Passimian
|-damage|p2a: Passimian|43/100
|-enditem|p2a: Passimian|Choice Scarf|[from] move: Knock Off|[of] p1a: Cocohelm Kratzcot
|
|upkeep
|turn|51
|inactive|Mindblade has 30 seconds left.
|
|switch|p1a: Totem Angel|Sigilyph, F|100/100
|move|p2a: Passimian|Knock Off|p1a: Totem Angel
|-supereffective|p1a: Totem Angel
|-damage|p1a: Totem Angel|5/100
|-enditem|p1a: Totem Angel|Life Orb|[from] move: Knock Off|[of] p2a: Passimian
|
|upkeep
|turn|52
|inactive|Mindblade has 30 seconds left.
|inactive|Mindblade has 20 seconds left.
|
|move|p1a: Totem Angel|Psyshock|p2a: Passimian
|-supereffective|p2a: Passimian
|-damage|p2a: Passimian|0 fnt
|faint|p2a: Passimian
|
|upkeep
|inactive|Mindblade has 25 seconds left this turn.
|
|switch|p2a: Mr. Mime|Mr. Mime-Galar, M|1/100 brn
|turn|53
|inactive|Mindblade has 30 seconds left.
|
|switch|p2a: Vileplume|Vileplume, F|68/100
|switch|p1a: Cocohelm Kratzcot|Passimian, M|23/100
|-damage|p1a: Cocohelm Kratzcot|17/100|[from] Stealth Rock
|
|upkeep
|turn|54
|inactive|Mindblade has 30 seconds left.
|
|move|p1a: Cocohelm Kratzcot|Earthquake|p2a: Vileplume
|-damage|p2a: Vileplume|41/100
|move|p2a: Vileplume|Energy Ball|p1a: Cocohelm Kratzcot
|-damage|p1a: Cocohelm Kratzcot|0 fnt
|faint|p1a: Cocohelm Kratzcot
|
|upkeep
|inactive|Mindblade has 30 seconds left.
|
|switch|p1a: Totem Angel|Sigilyph, F|5/100
|turn|55
|
|move|p1a: Totem Angel|Roost|p1a: Totem Angel
|-heal|p1a: Totem Angel|55/100
|-singleturn|p1a: Totem Angel|move: Roost
|move|p2a: Vileplume|Energy Ball|p1a: Totem Angel
|-damage|p1a: Totem Angel|6/100
|
|upkeep
|turn|56
|
|move|p1a: Totem Angel|Roost|p1a: Totem Angel
|-heal|p1a: Totem Angel|56/100
|-singleturn|p1a: Totem Angel|move: Roost
|move|p2a: Vileplume|Energy Ball|p1a: Totem Angel
|-damage|p1a: Totem Angel|4/100
|
|upkeep
|turn|57
|
|move|p1a: Totem Angel|Psyshock|p2a: Vileplume
|-supereffective|p2a: Vileplume
|-damage|p2a: Vileplume|0 fnt
|faint|p2a: Vileplume
|
|upkeep
|
|switch|p2a: Mr. Mime|Mr. Mime-Galar, M|1/100 brn
|turn|58
|-message|Mindblade forfeited.
|
|win|Time to Panic
|l|☆Mindblade
|raw|Mindblade's rating: 1537 &rarr; <strong>1509</strong><br />(-28 for losing)
|raw|Time to Panic's rating: 1392 &rarr; <strong>1420</strong><br />(+28 for winning)
