|j|☆InfinityX000
|j|☆Glidinganteater
|t:|1622776920
|gametype|singles
|player|p1|InfinityX000|cynthia-gen4|1240
|player|p2|Glidinganteater|palmer|1401
|teamsize|p1|6
|teamsize|p2|6
|gen|8
|tier|[Gen 8] RU
|rated|
|rule|Sleep Clause Mod: Limit one foe put to sleep
|rule|Species Clause: Limit one of each Pokémon
|rule|OHKO Clause: OHKO moves are banned
|rule|Evasion Moves Clause: Evasion moves are banned
|rule|Endless Battle Clause: Forcing endless battles is banned
|rule|HP Percentage Mod: HP is shown in percentages
|rule|Dynamax Clause: You cannot dynamax
|clearpoke
|poke|p1|Xurkitree|
|poke|p1|Zarude|
|poke|p1|Togekiss, F|
|poke|p1|Doublade, F|
|poke|p1|Seismitoad, M|
|poke|p1|Incineroar, M|
|poke|p2|Cresselia, F|
|poke|p2|Diancie|
|poke|p2|Cobalion|
|poke|p2|Gastrodon, M|
|poke|p2|Golisopod, M|
|poke|p2|Dhelmise|
|teampreview
|
|t:|1622776938
|start
|switch|p1a: Zarude|Zarude|100/100
|switch|p2a: Dhelmise|Dhelmise|100/100
|turn|1
|
|t:|1622776943
|switch|p2a: Cobalion|Cobalion|100/100
|move|p1a: Zarude|Darkest Lariat|p2a: Cobalion
|-resisted|p2a: Cobalion
|-damage|p2a: Cobalion|82/100
|-damage|p1a: Zarude|84/100|[from] item: Rocky Helmet|[of] p2a: Cobalion
|-ability|p2a: Cobalion|Justified|boost
|-boost|p2a: Cobalion|atk|1
|
|upkeep
|turn|2
|
|t:|1622776952
|switch|p1a: Doublade|Doublade, F, shiny|100/100
|move|p2a: Cobalion|Volt Switch|p1a: Doublade
|-damage|p1a: Doublade|84/100
|
|t:|1622776960
|switch|p2a: Gastrodon|Gastrodon, M|100/100|[from]move: Volt Switch
|
|upkeep
|turn|3
|
|t:|1622776967
|switch|p1a: Zarude|Zarude|84/100
|move|p2a: Gastrodon|Earth Power|p1a: Zarude
|-resisted|p1a: Zarude
|-damage|p1a: Zarude|69/100
|
|upkeep
|turn|4
|
|t:|1622776974
|switch|p2a: Cobalion|Cobalion|82/100
|move|p1a: Zarude|U-turn|p2a: Cobalion
|-resisted|p2a: Cobalion
|-damage|p2a: Cobalion|77/100
|-damage|p1a: Zarude|52/100|[from] item: Rocky Helmet|[of] p2a: Cobalion
|
|t:|1622776982
|switch|p1a: Doublade|Doublade, F, shiny|84/100|[from]move: U-turn
|
|upkeep
|turn|5
|
|t:|1622776985
|move|p2a: Cobalion|Volt Switch|p1a: Doublade
|-damage|p1a: Doublade|67/100
|
|t:|1622776988
|switch|p2a: Gastrodon|Gastrodon, M|100/100|[from]move: Volt Switch
|move|p1a: Doublade|Swords Dance|p1a: Doublade
|-boost|p1a: Doublade|atk|2
|
|upkeep
|turn|6
|
|t:|1622777008
|move|p2a: Gastrodon|Earth Power|p1a: Doublade
|-supereffective|p1a: Doublade
|-damage|p1a: Doublade|0 fnt
|faint|p1a: Doublade
|
|upkeep
|
|t:|1622777017
|switch|p1a: Zarude|Zarude|52/100
|turn|7
|
|t:|1622777037
|switch|p2a: Cobalion|Cobalion|77/100
|move|p1a: Zarude|Power Whip|p2a: Cobalion
|-resisted|p2a: Cobalion
|-damage|p2a: Cobalion|51/100
|-damage|p1a: Zarude|36/100|[from] item: Rocky Helmet|[of] p2a: Cobalion
|
|upkeep
|turn|8
|
|t:|1622777048
|switch|p1a: Seismitoad|Seismitoad, M|100/100
|move|p2a: Cobalion|Stealth Rock|p1a: Seismitoad
|-sidestart|p1: InfinityX000|move: Stealth Rock
|
|upkeep
|turn|9
|
|t:|1622777054
|switch|p2a: Dhelmise|Dhelmise|100/100
|move|p1a: Seismitoad|Stealth Rock|p2a: Dhelmise
|-sidestart|p2: Glidinganteater|move: Stealth Rock
|
|upkeep
|turn|10
|
|t:|1622777059
|switch|p1a: Togekiss|Togekiss, F|100/100
|move|p2a: Dhelmise|Rapid Spin|p1a: Togekiss
|-damage|p1a: Togekiss|87/100
|-boost|p2a: Dhelmise|spe|1
|-sideend|p2: Glidinganteater|Stealth Rock|[from] move: Rapid Spin|[of] p2a: Dhelmise
|
|upkeep
|turn|11
|
|t:|1622777066
|switch|p2a: Diancie|Diancie|100/100
|move|p1a: Togekiss|Thunder Wave|p2a: Diancie
|-status|p2a: Diancie|par
|
|upkeep
|turn|12
|
|t:|1622777086
|switch|p1a: Seismitoad|Seismitoad, M|100/100
|-damage|p1a: Seismitoad|94/100|[from] Stealth Rock
|move|p2a: Diancie|Heal Bell|p2a: Diancie
|-activate|p2a: Diancie|move: Heal Bell
|-curestatus|p2a: Diancie|par|[msg]
|
|-heal|p1a: Seismitoad|100/100|[from] item: Leftovers
|upkeep
|turn|13
|
|t:|1622777095
|move|p1a: Seismitoad|Stealth Rock|p2a: Diancie
|-sidestart|p2: Glidinganteater|move: Stealth Rock
|move|p2a: Diancie|Toxic|p1a: Seismitoad
|-status|p1a: Seismitoad|tox
|
|-damage|p1a: Seismitoad|94/100 tox|[from] psn
|upkeep
|turn|14
|
|t:|1622777102
|switch|p2a: Dhelmise|Dhelmise|100/100
|move|p1a: Seismitoad|Knock Off|p2a: Dhelmise
|-supereffective|p2a: Dhelmise
|-damage|p2a: Dhelmise|59/100
|-enditem|p2a: Dhelmise|Heavy-Duty Boots|[from] move: Knock Off|[of] p1a: Seismitoad
|
|-heal|p1a: Seismitoad|100/100 tox|[from] item: Leftovers
|-damage|p1a: Seismitoad|88/100 tox|[from] psn
|upkeep
|turn|15
|
|t:|1622777112
|switch|p1a: Togekiss|Togekiss, F|87/100
|move|p2a: Dhelmise|Rapid Spin|p1a: Togekiss
|-damage|p1a: Togekiss|73/100
|-boost|p2a: Dhelmise|spe|1
|-sideend|p2: Glidinganteater|Stealth Rock|[from] move: Rapid Spin|[of] p2a: Dhelmise
|
|upkeep
|turn|16
|
|t:|1622777119
|switch|p2a: Diancie|Diancie|100/100
|move|p1a: Togekiss|Thunder Wave|p2a: Diancie|[miss]
|-miss|p1a: Togekiss|p2a: Diancie
|
|upkeep
|turn|17
|
|t:|1622777126
|move|p1a: Togekiss|Defog|p2a: Diancie
|-fail|p2a: Diancie|unboost|[from] ability: Clear Body|[of] p2a: Diancie
|-sideend|p1: InfinityX000|Stealth Rock|[from] move: Defog|[of] p1a: Togekiss
|move|p2a: Diancie|Toxic|p1a: Togekiss
|-status|p1a: Togekiss|tox
|
|-damage|p1a: Togekiss|67/100 tox|[from] psn
|upkeep
|turn|18
|
|t:|1622777133
|move|p1a: Togekiss|Roost|p1a: Togekiss
|-heal|p1a: Togekiss|100/100 tox
|-singleturn|p1a: Togekiss|move: Roost
|move|p2a: Diancie|Diamond Storm|p1a: Togekiss
|-damage|p1a: Togekiss|76/100 tox
|
|-damage|p1a: Togekiss|64/100 tox|[from] psn
|upkeep
|turn|19
|
|t:|1622777144
|switch|p1a: Seismitoad|Seismitoad, M|88/100 tox
|move|p2a: Diancie|Diamond Storm|p1a: Seismitoad
|-resisted|p1a: Seismitoad
|-damage|p1a: Seismitoad|76/100 tox
|-boost|p2a: Diancie|def|2
|
|-heal|p1a: Seismitoad|82/100 tox|[from] item: Leftovers
|-damage|p1a: Seismitoad|76/100 tox|[from] psn
|upkeep
|turn|20
|
|t:|1622777156
|switch|p2a: Dhelmise|Dhelmise|59/100
|move|p1a: Seismitoad|Earth Power|p2a: Dhelmise
|-resisted|p2a: Dhelmise
|-damage|p2a: Dhelmise|44/100
|-unboost|p2a: Dhelmise|spd|1
|
|-heal|p1a: Seismitoad|82/100 tox|[from] item: Leftovers
|-damage|p1a: Seismitoad|70/100 tox|[from] psn
|upkeep
|turn|21
|
|t:|1622777170
|switch|p1a: Incineroar|Incineroar, M|100/100
|-ability|p1a: Incineroar|Intimidate|boost
|-unboost|p2a: Dhelmise|atk|1
|move|p2a: Dhelmise|Synthesis|p2a: Dhelmise
|-heal|p2a: Dhelmise|94/100
|
|upkeep
|turn|22
|
|t:|1622777183
|switch|p2a: Gastrodon|Gastrodon, M|100/100
|move|p1a: Incineroar|Knock Off|p2a: Gastrodon
|-damage|p2a: Gastrodon|72/100
|-enditem|p2a: Gastrodon|Leftovers|[from] move: Knock Off|[of] p1a: Incineroar
|
|upkeep
|turn|23
|
|t:|1622777191
|move|p1a: Incineroar|Parting Shot|p2a: Gastrodon
|-unboost|p2a: Gastrodon|atk|1
|-unboost|p2a: Gastrodon|spa|1
|
|t:|1622777194
|switch|p1a: Togekiss|Togekiss, F|64/100 tox|[from]move: Parting Shot
|move|p2a: Gastrodon|Ice Beam|p1a: Togekiss
|-supereffective|p1a: Togekiss
|-damage|p1a: Togekiss|42/100 tox
|
|-damage|p1a: Togekiss|36/100 tox|[from] psn
|upkeep
|turn|24
|
|t:|1622777202
|switch|p2a: Diancie|Diancie|100/100
|move|p1a: Togekiss|Roost|p1a: Togekiss
|-heal|p1a: Togekiss|86/100 tox
|-singleturn|p1a: Togekiss|move: Roost
|
|-damage|p1a: Togekiss|74/100 tox|[from] psn
|upkeep
|turn|25
|
|t:|1622777216
|switch|p1a: Seismitoad|Seismitoad, M|70/100 tox
|move|p2a: Diancie|Body Press|p1a: Seismitoad
|-damage|p1a: Seismitoad|50/100 tox
|
|-heal|p1a: Seismitoad|57/100 tox|[from] item: Leftovers
|-damage|p1a: Seismitoad|50/100 tox|[from] psn
|upkeep
|turn|26
|
|t:|1622777223
|switch|p2a: Dhelmise|Dhelmise|94/100
|move|p1a: Seismitoad|Stealth Rock|p2a: Dhelmise
|-sidestart|p2: Glidinganteater|move: Stealth Rock
|
|-heal|p1a: Seismitoad|57/100 tox|[from] item: Leftovers
|-damage|p1a: Seismitoad|44/100 tox|[from] psn
|upkeep
|turn|27
|
|t:|1622777234
|switch|p1a: Zarude|Zarude|36/100
|move|p2a: Dhelmise|Rapid Spin|p1a: Zarude
|-damage|p1a: Zarude|18/100
|-boost|p2a: Dhelmise|spe|1
|-sideend|p2: Glidinganteater|Stealth Rock|[from] move: Rapid Spin|[of] p2a: Dhelmise
|
|upkeep
|turn|28
|
|t:|1622777242
|switch|p2a: Cobalion|Cobalion|51/100
|move|p1a: Zarude|Darkest Lariat|p2a: Cobalion
|-resisted|p2a: Cobalion
|-damage|p2a: Cobalion|33/100
|-damage|p1a: Zarude|2/100|[from] item: Rocky Helmet|[of] p2a: Cobalion
|-ability|p2a: Cobalion|Justified|boost
|-boost|p2a: Cobalion|atk|1
|
|upkeep
|turn|29
|-message|InfinityX000 forfeited.
|
|win|Glidinganteater
|raw|InfinityX000's rating: 1240 &rarr; <strong>1226</strong><br />(-14 for losing)
|raw|Glidinganteater's rating: 1401 &rarr; <strong>1412</strong><br />(+11 for winning)
|l|☆InfinityX000
