|j|☆salutwsh
|j|☆Glidinganteater
|t:|1618078762
|gametype|singles
|player|p1|salutwsh|266|1324
|player|p2|Glidinganteater|palmer|1490
|teamsize|p1|6
|teamsize|p2|6
|gen|8
|tier|[Gen 8] RU
|rated|
|clearpoke
|poke|p1|Volcanion|
|poke|p1|Zarude|
|poke|p1|Togekiss, F|
|poke|p1|Polteageist|
|poke|p1|Cobalion|
|poke|p1|Glastrier|
|poke|p2|Lucario, M|
|poke|p2|Zarude|
|poke|p2|Togekiss, M|
|poke|p2|Reuniclus, M|
|poke|p2|Seismitoad, M|
|poke|p2|Xurkitree|
|rule|Sleep Clause Mod: Limit one foe put to sleep
|rule|Species Clause: Limit one of each Pokémon
|rule|OHKO Clause: OHKO moves are banned
|rule|Evasion Moves Clause: Evasion moves are banned
|rule|Endless Battle Clause: Forcing endless battles is banned
|rule|HP Percentage Mod: HP is shown in percentages
|rule|Dynamax Clause: You cannot dynamax
|teampreview
|
|t:|1618078783
|start
|switch|p1a: Glastrier|Glastrier|100/100
|switch|p2a: Xurkitree|Xurkitree|100/100
|turn|1
|
|t:|1618078790
|move|p2a: Xurkitree|Volt Switch|p1a: Glastrier
|-damage|p1a: Glastrier|66/100
|inactive|Battle timer is ON: inactive players will automatically lose when time's up. (requested by salutwsh)
|
|t:|1618078808
|switch|p2a: Reuniclus|Reuniclus, M, shiny|100/100|[from]move: Volt Switch
|move|p1a: Glastrier|High Horsepower|p2a: Reuniclus
|-damage|p2a: Reuniclus|62/100
|
|-heal|p1a: Glastrier|73/100|[from] item: Leftovers
|upkeep
|turn|2
|inactive|salutwsh has 120 seconds left.
|
|t:|1618078858
|switch|p1a: Zarude|Zarude|100/100
|move|p2a: Reuniclus|Focus Blast|p1a: Zarude
|-supereffective|p1a: Zarude
|-damage|p1a: Zarude|22/100
|
|upkeep
|turn|3
|
|t:|1618078872
|switch|p2a: Togekiss|Togekiss, M|100/100
|move|p1a: Zarude|U-turn|p2a: Togekiss
|-resisted|p2a: Togekiss
|-damage|p2a: Togekiss|96/100
|
|t:|1618078878
|switch|p1a: Glastrier|Glastrier|73/100|[from]move: U-turn
|
|-heal|p1a: Glastrier|79/100|[from] item: Leftovers
|upkeep
|turn|4
|
|t:|1618078883
|move|p2a: Togekiss|Flamethrower|p1a: Glastrier
|-supereffective|p1a: Glastrier
|-damage|p1a: Glastrier|43/100
|move|p1a: Glastrier|Avalanche|p2a: Togekiss
|-supereffective|p2a: Togekiss
|-damage|p2a: Togekiss|0 fnt
|faint|p2a: Togekiss
|-ability|p1a: Glastrier|Chilling Neigh|boost
|-boost|p1a: Glastrier|atk|1
|
|-heal|p1a: Glastrier|49/100|[from] item: Leftovers
|upkeep
|
|t:|1618078887
|switch|p2a: Lucario|Lucario, M|100/100
|turn|5
|inactive|salutwsh has 120 seconds left.
|
|t:|1618078910
|move|p2a: Lucario|Meteor Mash|p1a: Glastrier
|-supereffective|p1a: Glastrier
|-damage|p1a: Glastrier|0 fnt
|-damage|p2a: Lucario|91/100|[from] item: Life Orb
|faint|p1a: Glastrier
|
|upkeep
|
|t:|1618078918
|switch|p1a: Cobalion|Cobalion|100/100
|turn|6
|
|t:|1618078926
|switch|p2a: Seismitoad|Seismitoad, M|100/100
|move|p1a: Cobalion|Substitute|p1a: Cobalion
|-start|p1a: Cobalion|Substitute
|-damage|p1a: Cobalion|76/100
|
|-heal|p1a: Cobalion|82/100|[from] item: Leftovers
|upkeep
|turn|7
|
|t:|1618078935
|move|p1a: Cobalion|Close Combat|p2a: Seismitoad
|-damage|p2a: Seismitoad|62/100
|-unboost|p1a: Cobalion|def|1
|-unboost|p1a: Cobalion|spd|1
|move|p2a: Seismitoad|Earthquake|p1a: Cobalion
|-supereffective|p1a: Cobalion
|-end|p1a: Cobalion|Substitute
|
|-heal|p1a: Cobalion|88/100|[from] item: Leftovers
|-heal|p2a: Seismitoad|68/100|[from] item: Leftovers
|upkeep
|turn|8
|
|t:|1618078947
|switch|p1a: Togekiss|Togekiss, F|100/100
|move|p2a: Seismitoad|Earthquake|p1a: Togekiss
|-immune|p1a: Togekiss
|
|-heal|p2a: Seismitoad|74/100|[from] item: Leftovers
|upkeep
|turn|9
|
|t:|1618078956
|switch|p2a: Xurkitree|Xurkitree|100/100
|move|p1a: Togekiss|Air Slash|p2a: Xurkitree
|-resisted|p2a: Xurkitree
|-damage|p2a: Xurkitree|80/100
|
|upkeep
|turn|10
|
|t:|1618078967
|switch|p1a: Zarude|Zarude|22/100
|move|p2a: Xurkitree|Thunderbolt|p1a: Zarude
|-resisted|p1a: Zarude
|-damage|p1a: Zarude|0 fnt
|faint|p1a: Zarude
|-ability|p2a: Xurkitree|Beast Boost|boost
|-boost|p2a: Xurkitree|spa|1
|
|upkeep
|
|t:|1618078981
|switch|p1a: Cobalion|Cobalion|88/100
|turn|11
|
|t:|1618078985
|move|p2a: Xurkitree|Thunderbolt|p1a: Cobalion
|-damage|p1a: Cobalion|0 fnt
|faint|p1a: Cobalion
|-ability|p2a: Xurkitree|Beast Boost|boost
|-boost|p2a: Xurkitree|spa|1
|
|upkeep
|
|t:|1618078991
|switch|p1a: Polteageist|Polteageist|100/100
|turn|12
|
|t:|1618078994
|move|p2a: Xurkitree|Thunderbolt|p1a: Polteageist
|-enditem|p1a: Polteageist|Focus Sash
|-damage|p1a: Polteageist|1/100
|move|p1a: Polteageist|Shell Smash|p1a: Polteageist
|-unboost|p1a: Polteageist|def|1
|-unboost|p1a: Polteageist|spd|1
|-boost|p1a: Polteageist|atk|2
|-boost|p1a: Polteageist|spa|2
|-boost|p1a: Polteageist|spe|2
|
|upkeep
|turn|13
|
|t:|1618079017
|switch|p2a: Reuniclus|Reuniclus, M, shiny|96/100
|move|p1a: Polteageist|Shadow Ball|p2a: Reuniclus
|-supereffective|p2a: Reuniclus
|-damage|p2a: Reuniclus|10/100
|
|upkeep
|turn|14
|
|t:|1618079025
|move|p1a: Polteageist|Shadow Ball|p2a: Reuniclus
|-supereffective|p2a: Reuniclus
|-damage|p2a: Reuniclus|0 fnt
|faint|p2a: Reuniclus
|
|upkeep
|
|t:|1618079028
|switch|p2a: Zarude|Zarude|100/100
|turn|15
|
|t:|1618079033
|switch|p1a: Togekiss|Togekiss, F|100/100
|move|p2a: Zarude|U-turn|p1a: Togekiss
|-resisted|p1a: Togekiss
|-damage|p1a: Togekiss|95/100
|
|t:|1618079036
|switch|p2a: Xurkitree|Xurkitree|80/100|[from]move: U-turn
|
|upkeep
|turn|16
|c|☆Glidinganteater|Gg
|
|t:|1618079044
|move|p2a: Xurkitree|Thunderbolt|p1a: Togekiss
|-supereffective|p1a: Togekiss
|-damage|p1a: Togekiss|14/100
|move|p1a: Togekiss|Toxic|p2a: Xurkitree
|-status|p2a: Xurkitree|tox
|
|-damage|p2a: Xurkitree|74/100 tox|[from] psn
|upkeep
|turn|17
|
|t:|1618079053
|move|p2a: Xurkitree|Thunderbolt|p1a: Togekiss
|-supereffective|p1a: Togekiss
|-damage|p1a: Togekiss|0 fnt
|faint|p1a: Togekiss
|-ability|p2a: Xurkitree|Beast Boost|boost
|-boost|p2a: Xurkitree|spa|1
|
|-damage|p2a: Xurkitree|61/100 tox|[from] psn
|upkeep
|c|☆salutwsh|gg
|-message|salutwsh forfeited.
|
|win|Glidinganteater
|l|☆salutwsh
|raw|salutwsh's rating: 1324 &rarr; <strong>1313</strong><br />(-11 for losing)
|raw|Glidinganteater's rating: 1490 &rarr; <strong>1501</strong><br />(+11 for winning)
||Ladder isn't responding, score probably updated but might not have (Request timeout).
