|j|☆literallyfreemoney
|j|☆Crush2dust
|t:|1633759563
|gametype|singles
|player|p1|literallyfreemoney|17|1374
|player|p2|Crush2dust|cyrus|1419
|teamsize|p1|6
|teamsize|p2|6
|gen|8
|tier|[Gen 8] RU
|rated|
|rule|Sleep Clause Mod: Limit one foe put to sleep
|rule|Species Clause: Limit one of each Pokémon
|rule|OHKO Clause: OHKO moves are banned
|rule|Evasion Moves Clause: Evasion moves are banned
|rule|Endless Battle Clause: Forcing endless battles is banned
|rule|HP Percentage Mod: HP is shown in percentages
|rule|Dynamax Clause: You cannot dynamax
|clearpoke
|poke|p1|Lucario, F|
|poke|p1|Aerodactyl, M|
|poke|p1|Golisopod, F|
|poke|p1|Vaporeon, M|
|poke|p1|Chandelure, M|
|poke|p1|Goodra, M|
|poke|p2|Incineroar, F|
|poke|p2|Steelix, M|
|poke|p2|Roserade, F|
|poke|p2|Doublade, F|
|poke|p2|Togekiss, F|
|poke|p2|Golisopod, M|
|teampreview
|
|t:|1633759574
|start
|switch|p1a: Puhteradactyl|Aerodactyl, M|100/100
|switch|p2a: Golisopod|Golisopod, M|100/100
|-ability|p1a: Puhteradactyl|Unnerve
|turn|1
|
|t:|1633759580
|switch|p2a: Steelix|Steelix, M|100/100
|move|p1a: Puhteradactyl|Stone Edge|p2a: Steelix
|-resisted|p2a: Steelix
|-crit|p2a: Steelix
|-damage|p2a: Steelix|92/100
|
|-heal|p2a: Steelix|98/100|[from] item: Leftovers
|upkeep
|turn|2
|
|t:|1633759584
|move|p1a: Puhteradactyl|Stealth Rock|p2a: Steelix
|-sidestart|p2: Crush2dust|move: Stealth Rock
|move|p2a: Steelix|Stealth Rock|p1a: Puhteradactyl
|-sidestart|p1: literallyfreemoney|move: Stealth Rock
|
|-heal|p2a: Steelix|100/100|[from] item: Leftovers
|upkeep
|turn|3
|
|t:|1633759587
|switch|p1a: *w*G O A L I E*w*|Golisopod, F|100/100
|move|p2a: Steelix|Toxic|p1a: *w*G O A L I E*w*|[miss]
|-miss|p2a: Steelix|p1a: *w*G O A L I E*w*
|
|upkeep
|turn|4
|
|t:|1633759590
|move|p1a: *w*G O A L I E*w*|Knock Off|p2a: Steelix
|-damage|p2a: Steelix|82/100
|-enditem|p2a: Steelix|Leftovers|[from] move: Knock Off|[of] p1a: *w*G O A L I E*w*
|move|p2a: Steelix|Toxic|p1a: *w*G O A L I E*w*
|-status|p1a: *w*G O A L I E*w*|tox
|
|-damage|p1a: *w*G O A L I E*w*|94/100 tox|[from] psn
|upkeep
|turn|5
|
|t:|1633759595
|switch|p2a: Togekiss|Togekiss, F|100/100
|move|p1a: *w*G O A L I E*w*|Knock Off|p2a: Togekiss
|-resisted|p2a: Togekiss
|-damage|p2a: Togekiss|84/100
|-enditem|p2a: Togekiss|Heavy-Duty Boots|[from] move: Knock Off|[of] p1a: *w*G O A L I E*w*
|
|-damage|p1a: *w*G O A L I E*w*|82/100 tox|[from] psn
|upkeep
|turn|6
|
|t:|1633759604
|move|p2a: Togekiss|Air Slash|p1a: *w*G O A L I E*w*
|-supereffective|p1a: *w*G O A L I E*w*
|-damage|p1a: *w*G O A L I E*w*|6/100 tox
|-activate|p1a: *w*G O A L I E*w*|ability: Emergency Exit
|
|t:|1633759608
|switch|p1a: Lucy|Lucario, F|100/100
|-damage|p1a: Lucy|98/100|[from] Stealth Rock
|
|upkeep
|turn|7
|
|t:|1633759611
|move|p1a: Lucy|Meteor Mash|p2a: Togekiss|[miss]
|-miss|p1a: Lucy|p2a: Togekiss
|move|p2a: Togekiss|Aura Sphere|p1a: Lucy
|-supereffective|p1a: Lucy
|-damage|p1a: Lucy|26/100
|
|upkeep
|turn|8
|
|t:|1633759616
|switch|p2a: Incineroar|Incineroar, F|100/100
|-ability|p2a: Incineroar|Intimidate|boost
|-unboost|p1a: Lucy|atk|1
|move|p1a: Lucy|Meteor Mash|p2a: Incineroar
|-resisted|p2a: Incineroar
|-damage|p2a: Incineroar|83/100
|-damage|p1a: Lucy|17/100|[from] item: Life Orb
|
|upkeep
|turn|9
|
|t:|1633759620
|switch|p2a: Doublade|Doublade, F|100/100
|-damage|p2a: Doublade|94/100|[from] Stealth Rock
|move|p1a: Lucy|Close Combat|p2a: Doublade
|-immune|p2a: Doublade
|
|upkeep
|turn|10
|
|t:|1633759627
|switch|p1a: Vaporeon|Vaporeon, M|100/100
|-damage|p1a: Vaporeon|88/100|[from] Stealth Rock
|move|p2a: Doublade|Close Combat|p1a: Vaporeon
|-damage|p1a: Vaporeon|60/100
|-unboost|p2a: Doublade|def|1
|-unboost|p2a: Doublade|spd|1
|
|-heal|p1a: Vaporeon|66/100|[from] item: Leftovers
|upkeep
|turn|11
|
|t:|1633759643
|switch|p2a: Golisopod|Golisopod, M|100/100
|move|p1a: Vaporeon|Wish|p1a: Vaporeon
|
|-heal|p1a: Vaporeon|72/100|[from] item: Leftovers
|upkeep
|turn|12
|
|t:|1633759648
|switch|p1a: *w*G O A L I E*w*|Golisopod, F|6/100 tox
|move|p2a: Golisopod|Spikes|p1a: *w*G O A L I E*w*
|-sidestart|p1: literallyfreemoney|Spikes
|
|-heal|p1a: *w*G O A L I E*w*|82/100 tox|[from] move: Wish|[wisher] Vaporeon
|-damage|p1a: *w*G O A L I E*w*|76/100 tox|[from] psn
|upkeep
|turn|13
|
|t:|1633759653
|move|p1a: *w*G O A L I E*w*|First Impression|p2a: Golisopod
|-damage|p2a: Golisopod|58/100
|move|p2a: Golisopod|Leech Life|p1a: *w*G O A L I E*w*
|-damage|p1a: *w*G O A L I E*w*|38/100 tox
|-heal|p2a: Golisopod|76/100|[from] drain|[of] p1a: *w*G O A L I E*w*
|-activate|p1a: *w*G O A L I E*w*|ability: Emergency Exit
|
|t:|1633759659
|switch|p1a: CHANDIE U( *++*)U|Chandelure, M|100/100
|-damage|p1a: CHANDIE U( *++*)U|88/100|[from] Spikes
|-damage|p1a: CHANDIE U( *++*)U|63/100|[from] Stealth Rock
|
|upkeep
|turn|14
|
|t:|1633759667
|switch|p2a: Incineroar|Incineroar, F|83/100
|-ability|p2a: Incineroar|Intimidate|boost
|-unboost|p1a: CHANDIE U( *++*)U|atk|1
|move|p1a: CHANDIE U( *++*)U|Shadow Ball|p2a: Incineroar
|-resisted|p2a: Incineroar
|-damage|p2a: Incineroar|66/100
|
|upkeep
|turn|15
|
|t:|1633759674
|move|p1a: CHANDIE U( *++*)U|Shadow Ball|p2a: Incineroar
|-resisted|p2a: Incineroar
|-damage|p2a: Incineroar|50/100
|move|p2a: Incineroar|Toxic|p1a: CHANDIE U( *++*)U
|-status|p1a: CHANDIE U( *++*)U|tox
|
|-damage|p1a: CHANDIE U( *++*)U|57/100 tox|[from] psn
|upkeep
|turn|16
|
|t:|1633759680
|move|p1a: CHANDIE U( *++*)U|Shadow Ball|p2a: Incineroar
|-resisted|p2a: Incineroar
|-damage|p2a: Incineroar|35/100
|move|p2a: Incineroar|Knock Off|p1a: CHANDIE U( *++*)U
|-supereffective|p1a: CHANDIE U( *++*)U
|-damage|p1a: CHANDIE U( *++*)U|0 fnt
|-enditem|p1a: CHANDIE U( *++*)U|Choice Scarf|[from] move: Knock Off|[of] p2a: Incineroar
|faint|p1a: CHANDIE U( *++*)U
|
|upkeep
|
|t:|1633759695
|switch|p1a: Goodra|Goodra, M|100/100
|-damage|p1a: Goodra|88/100|[from] Stealth Rock
|-damage|p1a: Goodra|76/100|[from] Spikes
|turn|17
|
|t:|1633759701
|move|p1a: Goodra|Surf|p2a: Incineroar
|-supereffective|p2a: Incineroar
|-damage|p2a: Incineroar|0 fnt
|faint|p2a: Incineroar
|
|-heal|p1a: Goodra|82/100|[from] item: Leftovers
|upkeep
|
|t:|1633759703
|switch|p2a: Togekiss|Togekiss, F|84/100
|-damage|p2a: Togekiss|59/100|[from] Stealth Rock
|turn|18
|
|t:|1633759707
|move|p2a: Togekiss|Air Slash|p1a: Goodra
|-damage|p1a: Goodra|57/100
|cant|p1a: Goodra|flinch
|
|-heal|p1a: Goodra|63/100|[from] item: Leftovers
|upkeep
|turn|19
|
|t:|1633759712
|move|p2a: Togekiss|Air Slash|p1a: Goodra
|-damage|p1a: Goodra|41/100
|cant|p1a: Goodra|flinch
|
|-heal|p1a: Goodra|47/100|[from] item: Leftovers
|upkeep
|turn|20
|
|t:|1633759716
|move|p2a: Togekiss|Air Slash|p1a: Goodra
|-damage|p1a: Goodra|25/100
|move|p1a: Goodra|Ice Beam|p2a: Togekiss
|-supereffective|p2a: Togekiss
|-damage|p2a: Togekiss|7/100
|
|-heal|p1a: Goodra|32/100|[from] item: Leftovers
|upkeep
|turn|21
|
|t:|1633759721
|move|p2a: Togekiss|Air Slash|p1a: Goodra
|-damage|p1a: Goodra|8/100
|cant|p1a: Goodra|flinch
|
|-heal|p1a: Goodra|14/100|[from] item: Leftovers
|upkeep
|turn|22
|
|t:|1633759724
|move|p2a: Togekiss|Air Slash|p1a: Goodra
|-damage|p1a: Goodra|0 fnt
|faint|p1a: Goodra
|
|upkeep
|
|t:|1633759728
|switch|p1a: Puhteradactyl|Aerodactyl, M|100/100
|-ability|p1a: Puhteradactyl|Unnerve
|-damage|p1a: Puhteradactyl|76/100|[from] Stealth Rock
|turn|23
|
|t:|1633759734
|move|p1a: Puhteradactyl|Dual Wingbeat|p2a: Togekiss
|-damage|p2a: Togekiss|0 fnt
|faint|p2a: Togekiss
|-hitcount|p2: Togekiss|1
|
|upkeep
|
|t:|1633759736
|switch|p2a: Steelix|Steelix, M|82/100
|-damage|p2a: Steelix|78/100|[from] Stealth Rock
|turn|24
|
|t:|1633759747
|switch|p1a: Lucy|Lucario, F|17/100
|-damage|p1a: Lucy|14/100|[from] Stealth Rock
|-damage|p1a: Lucy|1/100|[from] Spikes
|move|p2a: Steelix|Toxic|p1a: Lucy|[miss]
|-miss|p2a: Steelix|p1a: Lucy
|
|upkeep
|turn|25
|
|t:|1633759751
|switch|p2a: Doublade|Doublade, F|94/100
|-damage|p2a: Doublade|88/100|[from] Stealth Rock
|move|p1a: Lucy|Close Combat|p2a: Doublade
|-immune|p2a: Doublade
|
|upkeep
|turn|26
|
|t:|1633759754
|move|p2a: Doublade|Shadow Sneak|p1a: Lucy
|-damage|p1a: Lucy|0 fnt
|faint|p1a: Lucy
|
|upkeep
|
|t:|1633759756
|switch|p1a: *w*G O A L I E*w*|Golisopod, F|38/100 tox
|turn|27
|
|t:|1633759772
|move|p1a: *w*G O A L I E*w*|Knock Off|p2a: Doublade
|-supereffective|p2a: Doublade
|-damage|p2a: Doublade|51/100
|-enditem|p2a: Doublade|Eviolite|[from] move: Knock Off|[of] p1a: *w*G O A L I E*w*
|move|p2a: Doublade|Swords Dance|p2a: Doublade
|-boost|p2a: Doublade|atk|2
|
|-damage|p1a: *w*G O A L I E*w*|31/100 tox|[from] psn
|upkeep
|turn|28
|
|t:|1633759777
|move|p2a: Doublade|Shadow Sneak|p1a: *w*G O A L I E*w*
|-damage|p1a: *w*G O A L I E*w*|0 fnt
|faint|p1a: *w*G O A L I E*w*
|
|upkeep
|
|t:|1633759782
|switch|p1a: Vaporeon|Vaporeon, M|72/100
|-damage|p1a: Vaporeon|60/100|[from] Spikes
|-damage|p1a: Vaporeon|47/100|[from] Stealth Rock
|turn|29
|
|t:|1633759788
|move|p1a: Vaporeon|Scald|p2a: Doublade
|-damage|p2a: Doublade|0 fnt
|faint|p2a: Doublade
|
|-heal|p1a: Vaporeon|53/100|[from] item: Leftovers
|upkeep
|
|t:|1633759792
|switch|p2a: Roserade|Roserade, F|100/100
|-damage|p2a: Roserade|88/100|[from] Stealth Rock
|turn|30
|
|t:|1633759799
|move|p2a: Roserade|Leaf Storm|p1a: Vaporeon
|-supereffective|p1a: Vaporeon
|-damage|p1a: Vaporeon|0 fnt
|-unboost|p2a: Roserade|spa|2
|faint|p1a: Vaporeon
|
|upkeep
|
|t:|1633759802
|switch|p1a: Puhteradactyl|Aerodactyl, M|76/100
|-ability|p1a: Puhteradactyl|Unnerve
|-damage|p1a: Puhteradactyl|51/100|[from] Stealth Rock
|turn|31
|
|t:|1633759804
|move|p2a: Roserade|Leaf Storm|p1a: Puhteradactyl
|-damage|p1a: Puhteradactyl|6/100
|-unboost|p2a: Roserade|spa|2
|move|p1a: Puhteradactyl|Dual Wingbeat|p2a: Roserade
|-supereffective|p2a: Roserade
|-damage|p2a: Roserade|16/100
|-supereffective|p2a: Roserade
|-damage|p2a: Roserade|0 fnt
|faint|p2a: Roserade
|-hitcount|p2: Roserade|2
|
|upkeep
|-message|literallyfreemoney forfeited.
|
|win|Crush2dust
|raw|literallyfreemoney's rating: 1374 &rarr; <strong>1357</strong><br />(-17 for losing)
|raw|Crush2dust's rating: 1419 &rarr; <strong>1436</strong><br />(+17 for winning)
|l|☆literallyfreemoney
|c|☆Crush2dust|Trash
