|j|☆SS007
|j|☆pronto loco
|t:|1657587435
|gametype|singles
|player|p1|SS007|proton|1314
|player|p2|pronto loco|clay|1444
|teamsize|p1|6
|teamsize|p2|6
|gen|8
|tier|[Gen 8] RU
|rated|
|rule|Sleep Clause Mod: Limit one foe put to sleep
|rule|Species Clause: Limit one of each Pokémon
|rule|OHKO Clause: OHKO moves are banned
|rule|Evasion Moves Clause: Evasion moves are banned
|rule|Endless Battle Clause: Forcing endless battles is banned
|rule|HP Percentage Mod: HP is shown in percentages
|rule|Dynamax Clause: You cannot dynamax
|clearpoke
|poke|p1|Tornadus, M|
|poke|p1|Metagross|
|poke|p1|Porygon2|
|poke|p1|Mudsdale, F|
|poke|p1|Decidueye, M|
|poke|p1|Araquanid, F|
|poke|p2|Metagross|
|poke|p2|Rotom-Mow|
|poke|p2|Pangoro, F|
|poke|p2|Crobat, M|
|poke|p2|Flygon, F|
|poke|p2|Sharpedo, F|
|teampreview
|inactive|Battle timer is ON: inactive players will automatically lose when time's up. (requested by pronto loco)
|
|t:|1657587452
|start
|switch|p1a: Decidueye|Decidueye, M|100/100
|switch|p2a: Mow City Don|Rotom-Mow|100/100
|turn|1
|
|t:|1657587457
|move|p2a: Mow City Don|Will-O-Wisp|p1a: Decidueye
|-status|p1a: Decidueye|brn
|move|p1a: Decidueye|Poltergeist|p2a: Mow City Don
|-activate|p2a: Mow City Don|move: Poltergeist|Leftovers
|-damage|p2a: Mow City Don|57/100
|
|-heal|p2a: Mow City Don|63/100|[from] item: Leftovers
|-damage|p1a: Decidueye|94/100 brn|[from] brn
|upkeep
|turn|2
|
|t:|1657587463
|move|p2a: Mow City Don|Volt Switch|p1a: Decidueye
|-resisted|p1a: Decidueye
|-damage|p1a: Decidueye|79/100 brn
|
|t:|1657587468
|switch|p2a: Master Bruce|Crobat, M|100/100|[from]move: Volt Switch
|move|p1a: Decidueye|Poltergeist|p2a: Master Bruce
|-activate|p2a: Master Bruce|move: Poltergeist|Heavy-Duty Boots
|-damage|p2a: Master Bruce|54/100
|
|-damage|p1a: Decidueye|73/100 brn|[from] brn
|upkeep
|turn|3
|
|t:|1657587472
|move|p2a: Master Bruce|Roost|p2a: Master Bruce
|-heal|p2a: Master Bruce|100/100
|-singleturn|p2a: Master Bruce|move: Roost
|move|p1a: Decidueye|Poltergeist|p2a: Master Bruce
|-activate|p2a: Master Bruce|move: Poltergeist|Heavy-Duty Boots
|-damage|p2a: Master Bruce|53/100
|
|-damage|p1a: Decidueye|67/100 brn|[from] brn
|upkeep
|turn|4
|
|t:|1657587476
|move|p2a: Master Bruce|Roost|p2a: Master Bruce
|-heal|p2a: Master Bruce|100/100
|-singleturn|p2a: Master Bruce|move: Roost
|move|p1a: Decidueye|Poltergeist|p2a: Master Bruce
|-activate|p2a: Master Bruce|move: Poltergeist|Heavy-Duty Boots
|-damage|p2a: Master Bruce|59/100
|
|-damage|p1a: Decidueye|61/100 brn|[from] brn
|upkeep
|turn|5
|
|t:|1657587482
|switch|p1a: Metagross|Metagross|100/100
|move|p2a: Master Bruce|Roost|p2a: Master Bruce
|-heal|p2a: Master Bruce|100/100
|-singleturn|p2a: Master Bruce|move: Roost
|
|upkeep
|turn|6
|
|t:|1657587487
|move|p2a: Master Bruce|U-turn|p1a: Metagross
|-damage|p1a: Metagross|88/100
|
|t:|1657587489
|switch|p2a: Bang on hoes|Pangoro, F|100/100|[from]move: U-turn
|move|p1a: Metagross|Meteor Mash|p2a: Bang on hoes
|-damage|p2a: Bang on hoes|18/100
|-damage|p1a: Metagross|78/100|[from] item: Life Orb
|
|upkeep
|turn|7
|
|t:|1657587494
|switch|p2a: Bout that action|Metagross|100/100
|move|p1a: Metagross|Bullet Punch|p2a: Bout that action
|-resisted|p2a: Bout that action
|-damage|p2a: Bout that action|90/100
|-damage|p1a: Metagross|68/100|[from] item: Life Orb
|
|-heal|p2a: Bout that action|96/100|[from] item: Leftovers
|upkeep
|turn|8
|
|t:|1657587500
|switch|p1a: Mudsdale|Mudsdale, F|100/100
|move|p2a: Bout that action|Earthquake|p1a: Mudsdale
|-damage|p1a: Mudsdale|75/100
|-ability|p1a: Mudsdale|Stamina|boost
|-boost|p1a: Mudsdale|def|1
|
|-heal|p2a: Bout that action|100/100|[from] item: Leftovers
|-heal|p1a: Mudsdale|82/100|[from] item: Leftovers
|upkeep
|turn|9
|
|t:|1657587506
|switch|p2a: Mow City Don|Rotom-Mow|63/100
|switch|p1a: Metagross|Metagross|68/100
|
|-heal|p2a: Mow City Don|70/100|[from] item: Leftovers
|upkeep
|turn|10
|
|t:|1657587510
|switch|p1a: Decidueye|Decidueye, M|61/100 brn
|move|p2a: Mow City Don|Will-O-Wisp|p1a: Decidueye
|-fail|p1a: Decidueye|brn
|
|-heal|p2a: Mow City Don|76/100|[from] item: Leftovers
|-damage|p1a: Decidueye|55/100 brn|[from] brn
|upkeep
|turn|11
|
|t:|1657587513
|move|p2a: Mow City Don|Volt Switch|p1a: Decidueye
|-resisted|p1a: Decidueye
|-damage|p1a: Decidueye|41/100 brn
|
|t:|1657587516
|switch|p2a: Master Bruce|Crobat, M|100/100|[from]move: Volt Switch
|move|p1a: Decidueye|U-turn|p2a: Master Bruce
|-resisted|p2a: Master Bruce
|-damage|p2a: Master Bruce|96/100
|
|t:|1657587518
|switch|p1a: Metagross|Metagross|68/100|[from]move: U-turn
|
|upkeep
|turn|12
|
|t:|1657587522
|move|p2a: Master Bruce|U-turn|p1a: Metagross
|-damage|p1a: Metagross|55/100
|
|t:|1657587525
|switch|p2a: Mow City Don|Rotom-Mow|76/100|[from]move: U-turn
|move|p1a: Metagross|Meteor Mash|p2a: Mow City Don
|-resisted|p2a: Mow City Don
|-damage|p2a: Mow City Don|45/100
|-boost|p1a: Metagross|atk|1
|-damage|p1a: Metagross|45/100|[from] item: Life Orb
|
|-heal|p2a: Mow City Don|51/100|[from] item: Leftovers
|upkeep
|turn|13
|
|t:|1657587536
|switch|p1a: Decidueye|Decidueye, M|41/100 brn
|move|p2a: Mow City Don|Volt Switch|p1a: Decidueye
|-resisted|p1a: Decidueye
|-damage|p1a: Decidueye|27/100 brn
|
|t:|1657587541
|switch|p2a: A$AP Chompy|Sharpedo, F|100/100|[from]move: Volt Switch
|
|-damage|p1a: Decidueye|21/100 brn|[from] brn
|upkeep
|turn|14
|
|t:|1657587549
|move|p2a: A$AP Chompy|Crunch|p1a: Decidueye
|-supereffective|p1a: Decidueye
|-damage|p1a: Decidueye|0 fnt
|faint|p1a: Decidueye
|
|-ability|p2a: A$AP Chompy|Speed Boost|boost
|-boost|p2a: A$AP Chompy|spe|1
|upkeep
|
|t:|1657587551
|switch|p1a: Mudsdale|Mudsdale, F|82/100
|turn|15
|
|t:|1657587555
|move|p2a: A$AP Chompy|Flip Turn|p1a: Mudsdale
|-supereffective|p1a: Mudsdale
|-damage|p1a: Mudsdale|34/100
|-ability|p1a: Mudsdale|Stamina|boost
|-boost|p1a: Mudsdale|def|1
|
|t:|1657587558
|switch|p2a: Mow City Don|Rotom-Mow|51/100|[from]move: Flip Turn
|move|p1a: Mudsdale|Stealth Rock|p2a: Mow City Don
|-sidestart|p2: pronto loco|move: Stealth Rock
|
|-heal|p2a: Mow City Don|57/100|[from] item: Leftovers
|-heal|p1a: Mudsdale|40/100|[from] item: Leftovers
|upkeep
|turn|16
|
|t:|1657587564
|switch|p1a: Porygon2|Porygon2|100/100
|-ability|p1a: Porygon2|Levitate|[from] ability: Trace|[of] p2a: Mow City Don
|move|p2a: Mow City Don|Leaf Storm|p1a: Porygon2|[miss]
|-miss|p2a: Mow City Don|p1a: Porygon2
|
|-heal|p2a: Mow City Don|63/100|[from] item: Leftovers
|upkeep
|turn|17
|
|t:|1657587567
|move|p2a: Mow City Don|Volt Switch|p1a: Porygon2
|-damage|p1a: Porygon2|88/100
|
|t:|1657587570
|switch|p2a: Master Bruce|Crobat, M|96/100|[from]move: Volt Switch
|move|p1a: Porygon2|Ice Beam|p2a: Master Bruce
|-supereffective|p2a: Master Bruce
|-damage|p2a: Master Bruce|49/100
|
|upkeep
|turn|18
|
|t:|1657587574
|move|p2a: Master Bruce|Defog|p1a: Porygon2
|-unboost|p1a: Porygon2|evasion|1
|-sideend|p2: pronto loco|Stealth Rock|[from] move: Defog|[of] p2a: Master Bruce
|move|p1a: Porygon2|Tri Attack|p2a: Master Bruce
|-damage|p2a: Master Bruce|18/100
|-status|p2a: Master Bruce|par
|
|upkeep
|turn|19
|
|t:|1657587580
|move|p2a: Master Bruce|U-turn|p1a: Porygon2
|-damage|p1a: Porygon2|79/100
|
|t:|1657587582
|switch|p2a: Bout that action|Metagross|100/100|[from]move: U-turn
|move|p1a: Porygon2|Ice Beam|p2a: Bout that action
|-resisted|p2a: Bout that action
|-damage|p2a: Bout that action|89/100
|-status|p2a: Bout that action|frz
|
|-heal|p2a: Bout that action|95/100 frz|[from] item: Leftovers
|upkeep
|turn|20
|
|t:|1657587592
|switch|p1a: Tornadus|Tornadus, M|100/100
|cant|p2a: Bout that action|frz
|
|-heal|p2a: Bout that action|100/100 frz|[from] item: Leftovers
|upkeep
|turn|21
|c|☆pronto loco|3 games in a row i got frozen on the first ice beam
|c|☆pronto loco|not complaining jjust saying lol
|
|t:|1657587614
|move|p1a: Tornadus|Heat Wave|p2a: Bout that action
|-supereffective|p2a: Bout that action
|-damage|p2a: Bout that action|23/100 frz
|-curestatus|p2a: Bout that action|frz|[msg]
|move|p2a: Bout that action|Meteor Mash|p1a: Tornadus
|-damage|p1a: Tornadus|23/100
|
|-heal|p2a: Bout that action|29/100|[from] item: Leftovers
|upkeep
|turn|22
|c|☆SS007|happens to me too tbh lol
|
|t:|1657587626
|move|p2a: Bout that action|Bullet Punch|p1a: Tornadus
|-damage|p1a: Tornadus|0 fnt
|faint|p1a: Tornadus
|
|-heal|p2a: Bout that action|36/100|[from] item: Leftovers
|upkeep
|
|t:|1657587632
|switch|p1a: Mudsdale|Mudsdale, F|40/100
|turn|23
|
|t:|1657587640
|move|p2a: Bout that action|Meteor Mash|p1a: Mudsdale
|-damage|p1a: Mudsdale|7/100
|-ability|p1a: Mudsdale|Stamina|boost
|-boost|p1a: Mudsdale|def|1
|move|p1a: Mudsdale|Stealth Rock|p2a: Bout that action
|-sidestart|p2: pronto loco|move: Stealth Rock
|
|-heal|p2a: Bout that action|42/100|[from] item: Leftovers
|-heal|p1a: Mudsdale|14/100|[from] item: Leftovers
|upkeep
|turn|24
|
|t:|1657587648
|move|p2a: Bout that action|Earthquake|p1a: Mudsdale
|-damage|p1a: Mudsdale|0 fnt
|faint|p1a: Mudsdale
|
|-heal|p2a: Bout that action|48/100|[from] item: Leftovers
|upkeep
|
|t:|1657587652
|switch|p1a: Araquanid|Araquanid, F|100/100
|turn|25
|c|☆SS007|it never mattered tho
|inactive|pronto loco has 120 seconds left.
|c|☆SS007|the will o on eye cost me turn one
|c|☆pronto loco|yeah you used a fire move and thawed me lol
|c|☆SS007|oh no i knew that would happen
|inactive|pronto loco has 90 seconds left.
|c|☆SS007|that was my best move either way
|
|t:|1657587720
|move|p2a: Bout that action|Meteor Mash|p1a: Araquanid
|-resisted|p1a: Araquanid
|-damage|p1a: Araquanid|71/100
|move|p1a: Araquanid|Liquidation|p2a: Bout that action
|-damage|p2a: Bout that action|0 fnt
|faint|p2a: Bout that action
|
|upkeep
|
|t:|1657587724
|switch|p2a: Master Bruce|Crobat, M|18/100 par
|turn|26
|
|t:|1657587727
|move|p2a: Master Bruce|Defog|p1a: Araquanid
|-unboost|p1a: Araquanid|evasion|1
|-sideend|p2: pronto loco|Stealth Rock|[from] move: Defog|[of] p2a: Master Bruce
|move|p1a: Araquanid|Liquidation|p2a: Master Bruce
|-damage|p2a: Master Bruce|0 fnt
|faint|p2a: Master Bruce
|
|upkeep
|
|t:|1657587734
|switch|p2a: Mow City Don|Rotom-Mow|63/100
|turn|27
|
|t:|1657587739
|move|p2a: Mow City Don|Volt Switch|p1a: Araquanid
|-supereffective|p1a: Araquanid
|-damage|p1a: Araquanid|25/100
|
|t:|1657587750
|switch|p2a: Bang on hoes|Pangoro, F|18/100|[from]move: Volt Switch
|move|p1a: Araquanid|Leech Life|p2a: Bang on hoes
|-damage|p2a: Bang on hoes|0 fnt
|-heal|p1a: Araquanid|34/100|[from] drain|[of] p2a: Bang on hoes
|faint|p2a: Bang on hoes
|
|upkeep
|
|t:|1657587755
|switch|p2a: Mow City Don|Rotom-Mow|63/100
|turn|28
|
|t:|1657587761
|move|p2a: Mow City Don|Volt Switch|p1a: Araquanid
|-supereffective|p1a: Araquanid
|-damage|p1a: Araquanid|0 fnt
|faint|p1a: Araquanid
|inactive|pronto loco has 120 seconds left.
|
|t:|1657587767
|switch|p2a: A$AP Chompy|Sharpedo, F|100/100|[from]move: Volt Switch
|
|upkeep
|
|t:|1657587769
|switch|p1a: Porygon2|Porygon2|79/100
|-ability|p1a: Porygon2|Speed Boost|[from] ability: Trace|[of] p2a: A$AP Chompy
|turn|29
|
|t:|1657587776
|move|p2a: A$AP Chompy|Flip Turn|p1a: Porygon2
|-damage|p1a: Porygon2|57/100
|
|t:|1657587778
|switch|p2a: Mow City Don|Rotom-Mow|63/100|[from]move: Flip Turn
|move|p1a: Porygon2|Tri Attack|p2a: Mow City Don
|-damage|p2a: Mow City Don|35/100
|
|-heal|p2a: Mow City Don|42/100|[from] item: Leftovers
|-ability|p1a: Porygon2|Speed Boost|boost
|-boost|p1a: Porygon2|spe|1
|upkeep
|turn|30
|
|t:|1657587798
|move|p2a: Mow City Don|Leaf Storm|p1a: Porygon2
|-crit|p1a: Porygon2
|-damage|p1a: Porygon2|19/100
|-unboost|p2a: Mow City Don|spa|2
|move|p1a: Porygon2|Recover|p1a: Porygon2
|-heal|p1a: Porygon2|69/100
|
|-heal|p2a: Mow City Don|48/100|[from] item: Leftovers
|-ability|p1a: Porygon2|Speed Boost|boost
|-boost|p1a: Porygon2|spe|1
|upkeep
|turn|31
|
|t:|1657587804
|move|p1a: Porygon2|Ice Beam|p2a: Mow City Don
|-supereffective|p2a: Mow City Don
|-damage|p2a: Mow City Don|1/100
|move|p2a: Mow City Don|Volt Switch|p1a: Porygon2
|-damage|p1a: Porygon2|63/100
|
|t:|1657587809
|switch|p2a: A$AP Chompy|Sharpedo, F|100/100|[from]move: Volt Switch
|
|-ability|p1a: Porygon2|Speed Boost|boost
|-boost|p1a: Porygon2|spe|1
|upkeep
|turn|32
|
|t:|1657587815
|move|p1a: Porygon2|Recover|p1a: Porygon2
|-heal|p1a: Porygon2|100/100
|move|p2a: A$AP Chompy|Close Combat|p1a: Porygon2
|-supereffective|p1a: Porygon2
|-damage|p1a: Porygon2|31/100
|-unboost|p2a: A$AP Chompy|def|1
|-unboost|p2a: A$AP Chompy|spd|1
|
|-ability|p1a: Porygon2|Speed Boost|boost
|-boost|p1a: Porygon2|spe|1
|-ability|p2a: A$AP Chompy|Speed Boost|boost
|-boost|p2a: A$AP Chompy|spe|1
|upkeep
|turn|33
|
|t:|1657587827
|move|p2a: A$AP Chompy|Protect|p2a: A$AP Chompy
|-singleturn|p2a: A$AP Chompy|Protect
|move|p1a: Porygon2|Tri Attack|p2a: A$AP Chompy
|-activate|p2a: A$AP Chompy|move: Protect
|
|-ability|p1a: Porygon2|Speed Boost|boost
|-boost|p1a: Porygon2|spe|1
|-ability|p2a: A$AP Chompy|Speed Boost|boost
|-boost|p2a: A$AP Chompy|spe|1
|upkeep
|turn|34
|
|t:|1657587835
|switch|p2a: Mow City Don|Rotom-Mow|1/100
|move|p1a: Porygon2|Tri Attack|p2a: Mow City Don
|-damage|p2a: Mow City Don|0 fnt
|faint|p2a: Mow City Don
|
|-ability|p1a: Porygon2|Speed Boost|boost
|-boost|p1a: Porygon2|spe|1
|upkeep
|
|t:|1657587837
|switch|p2a: A$AP Chompy|Sharpedo, F|100/100
|turn|35
|
|t:|1657587852
|move|p1a: Porygon2|Recover|p1a: Porygon2
|-heal|p1a: Porygon2|81/100
|move|p2a: A$AP Chompy|Close Combat|p1a: Porygon2
|-supereffective|p1a: Porygon2
|-damage|p1a: Porygon2|16/100
|-unboost|p2a: A$AP Chompy|def|1
|-unboost|p2a: A$AP Chompy|spd|1
|
|-ability|p2a: A$AP Chompy|Speed Boost|boost
|-boost|p2a: A$AP Chompy|spe|1
|upkeep
|turn|36
|inactive|pronto loco has 120 seconds left.
|
|t:|1657587883
|switch|p2a: Dray Keith|Flygon, F|100/100
|move|p1a: Porygon2|Tri Attack|p2a: Dray Keith
|-damage|p2a: Dray Keith|61/100
|
|upkeep
|turn|37
|
|t:|1657587890
|move|p1a: Porygon2|Recover|p1a: Porygon2
|-heal|p1a: Porygon2|67/100
|move|p2a: Dray Keith|Earthquake|p1a: Porygon2
|-crit|p1a: Porygon2
|-damage|p1a: Porygon2|27/100
|
|upkeep
|turn|38
|
|t:|1657587892
|move|p1a: Porygon2|Ice Beam|p2a: Dray Keith
|-supereffective|p2a: Dray Keith
|-crit|p2a: Dray Keith
|-damage|p2a: Dray Keith|0 fnt
|faint|p2a: Dray Keith
|
|upkeep
|
|t:|1657587894
|switch|p2a: A$AP Chompy|Sharpedo, F|100/100
|turn|39
|c|☆SS007|gg
|
|t:|1657587897
|move|p1a: Porygon2|Tri Attack|p2a: A$AP Chompy
|-damage|p2a: A$AP Chompy|25/100
|-status|p2a: A$AP Chompy|par
|move|p2a: A$AP Chompy|Close Combat|p1a: Porygon2
|-supereffective|p1a: Porygon2
|-damage|p1a: Porygon2|0 fnt
|-unboost|p2a: A$AP Chompy|def|1
|-unboost|p2a: A$AP Chompy|spd|1
|faint|p1a: Porygon2
|
|-ability|p2a: A$AP Chompy|Speed Boost|boost
|-boost|p2a: A$AP Chompy|spe|1
|upkeep
|c|☆pronto loco|gg
|
|t:|1657587900
|switch|p1a: Metagross|Metagross|45/100
|turn|40
|
|t:|1657587903
|cant|p2a: A$AP Chompy|par
|move|p1a: Metagross|Bullet Punch|p2a: A$AP Chompy
|-resisted|p2a: A$AP Chompy
|-damage|p2a: A$AP Chompy|0 fnt
|faint|p2a: A$AP Chompy
|-damage|p1a: Metagross|35/100|[from] item: Life Orb
|
|win|SS007
|raw|SS007's rating: 1314 &rarr; <strong>1341</strong><br />(+27 for winning)
|raw|pronto loco's rating: 1444 &rarr; <strong>1417</strong><br />(-27 for losing)
|c|☆pronto loco|gg
|l|☆pronto loco
|c|☆SS007|gg fren
||Ladder isn't responding, score probably updated but might not have (Request timeout).
