|j|☆RULT3ro good vibes
|j|☆RULT2AT toinhx
|t:|1598312967
|player|p1|RULT3ro good vibes|1|1638
|player|p2|RULT2AT toinhx|blackbelt-gen4|1649
|teamsize|p1|6
|teamsize|p2|6
|gametype|singles
|gen|8
|tier|[Gen 8] RU
|rated|
|clearpoke
|poke|p1|Exploud, M|
|poke|p1|Dragalge, M|
|poke|p1|Rotom-Mow|
|poke|p1|Bronzong|
|poke|p1|Slowbro-Galar, F|
|poke|p1|Passimian, M|
|poke|p2|Vanilluxe, F|
|poke|p2|Klefki, F|
|poke|p2|Vileplume, F|
|poke|p2|Xatu, M|
|poke|p2|Centiskorch, M|
|poke|p2|Drapion, F|
|rule|Sleep Clause Mod: Limit one foe put to sleep
|rule|Species Clause: Limit one of each Pokémon
|rule|OHKO Clause: OHKO moves are banned
|rule|Evasion Moves Clause: Evasion moves are banned
|rule|Endless Battle Clause: Forcing endless battles is banned
|rule|HP Percentage Mod: HP is shown in percentages
|rule|Dynamax Clause: You cannot dynamax
|teampreview
|c|☆RULT3ro good vibes|oh waddup homie
|c|☆RULT3ro good vibes|hf
|inactive|Battle timer is ON: inactive players will automatically lose when time's up. (requested by RULT3ro good vibes)
|c|☆RULT2AT toinhx|hf
|
|t:|1598312998
|start
|switch|p1a: Exploud|Exploud, M|100/100
|switch|p2a: Vanilluxe|Vanilluxe, F|100/100
|-weather|Hail|[from] ability: Snow Warning|[of] p2a: Vanilluxe
|turn|1
|
|t:|1598313002
|move|p1a: Exploud|Boomburst|p2a: Vanilluxe
|-damage|p2a: Vanilluxe|2/100
|move|p2a: Vanilluxe|Blizzard|p1a: Exploud
|-damage|p1a: Exploud|2/100
|
|-weather|Hail|[upkeep]
|-damage|p1a: Exploud|0 fnt|[from] Hail
|faint|p1a: Exploud
|upkeep
|c|☆RULT3ro good vibes|oh cmon
|c|☆RULT2AT toinhx|jesus mb
|c|☆RULT3ro good vibes|such a tease
|
|t:|1598313014
|switch|p1a: Rotom|Rotom-Mow|100/100
|turn|2
|c|☆RULT3ro good vibes|rofl
|
|t:|1598313019
|switch|p2a: Vileplume|Vileplume, F|100/100
|move|p1a: Rotom|Volt Switch|p2a: Vileplume
|-resisted|p2a: Vileplume
|-damage|p2a: Vileplume|87/100
|c|☆RULT3ro good vibes|im 10 pts behind too
|c|☆RULT3ro good vibes|may matter
|
|t:|1598313027
|switch|p1a: Dragalge|Dragalge, M|100/100|[from]move: Volt Switch
|
|-weather|Hail|[upkeep]
|-damage|p1a: Dragalge|94/100|[from] Hail
|-damage|p2a: Vileplume|81/100|[from] Hail
|-heal|p1a: Dragalge|100/100|[from] item: Black Sludge
|upkeep
|turn|3
|
|t:|1598313042
|switch|p2a: Klefki|Klefki, F|100/100
|move|p1a: Dragalge|Flip Turn|p2a: Klefki
|-damage|p2a: Klefki|92/100
|
|t:|1598313046
|switch|p1a: Bronzong|Bronzong|100/100|[from]move: Flip Turn
|
|-weather|Hail|[upkeep]
|-damage|p2a: Klefki|86/100|[from] Hail
|-damage|p1a: Bronzong|94/100|[from] Hail
|-heal|p2a: Klefki|92/100|[from] item: Leftovers
|-heal|p1a: Bronzong|100/100|[from] item: Leftovers
|upkeep
|turn|4
|
|t:|1598313051
|switch|p2a: Centiskorch|Centiskorch, M|100/100
|move|p1a: Bronzong|Calm Mind|p1a: Bronzong
|-boost|p1a: Bronzong|spa|1
|-boost|p1a: Bronzong|spd|1
|
|-weather|Hail|[upkeep]
|-damage|p2a: Centiskorch|94/100|[from] Hail
|-damage|p1a: Bronzong|94/100|[from] Hail
|-heal|p1a: Bronzong|100/100|[from] item: Leftovers
|upkeep
|turn|5
|
|t:|1598313055
|move|p2a: Centiskorch|Knock Off|p1a: Bronzong
|-supereffective|p1a: Bronzong
|-damage|p1a: Bronzong|36/100
|-enditem|p1a: Bronzong|Leftovers|[from] move: Knock Off|[of] p2a: Centiskorch
|move|p1a: Bronzong|Stealth Rock|p2a: Centiskorch
|-sidestart|p2: RULT2AT toinhx|move: Stealth Rock
|
|-weather|none
|upkeep
|turn|6
|
|t:|1598313059
|switch|p1a: Dragalge|Dragalge, M|100/100
|move|p2a: Centiskorch|Knock Off|p1a: Dragalge
|-damage|p1a: Dragalge|55/100
|-enditem|p1a: Dragalge|Black Sludge|[from] move: Knock Off|[of] p2a: Centiskorch
|
|upkeep
|turn|7
|
|t:|1598313071
|switch|p2a: Klefki|Klefki, F|92/100
|-damage|p2a: Klefki|86/100|[from] Stealth Rock
|move|p1a: Dragalge|Flip Turn|p2a: Klefki
|-damage|p2a: Klefki|76/100
|
|t:|1598313078
|switch|p1a: Slowbro|Slowbro-Galar, F|100/100|[from]move: Flip Turn
|
|-heal|p2a: Klefki|82/100|[from] item: Leftovers
|upkeep
|turn|8
|
|t:|1598313090
|move|p2a: Klefki|Spikes|p1a: Slowbro
|-sidestart|p1: RULT3ro good vibes|Spikes
|move|p1a: Slowbro|Calm Mind|p1a: Slowbro
|-boost|p1a: Slowbro|spa|1
|-boost|p1a: Slowbro|spd|1
|
|-heal|p2a: Klefki|88/100|[from] item: Leftovers
|upkeep
|turn|9
|
|t:|1598313093
|move|p2a: Klefki|Thunder Wave|p1a: Slowbro
|-status|p1a: Slowbro|par
|move|p1a: Slowbro|Calm Mind|p1a: Slowbro
|-boost|p1a: Slowbro|spa|1
|-boost|p1a: Slowbro|spd|1
|
|-heal|p2a: Klefki|94/100|[from] item: Leftovers
|upkeep
|turn|10
|
|t:|1598313096
|move|p2a: Klefki|Spikes|p1a: Slowbro
|-sidestart|p1: RULT3ro good vibes|Spikes
|cant|p1a: Slowbro|par
|
|-heal|p2a: Klefki|99/100|[from] item: Leftovers
|upkeep
|turn|11
|
|t:|1598313102
|switch|p2a: Drapion|Drapion, F|100/100
|-damage|p2a: Drapion|88/100|[from] Stealth Rock
|move|p1a: Slowbro|Calm Mind|p1a: Slowbro
|-boost|p1a: Slowbro|spa|1
|-boost|p1a: Slowbro|spd|1
|
|upkeep
|turn|12
|
|t:|1598313104
|move|p2a: Drapion|Knock Off|p1a: Slowbro
|-supereffective|p1a: Slowbro
|-damage|p1a: Slowbro|62/100 par
|move|p1a: Slowbro|Scald|p2a: Drapion
|-damage|p2a: Drapion|22/100
|-status|p2a: Drapion|brn
|
|-damage|p2a: Drapion|16/100 brn|[from] brn
|upkeep
|turn|13
|
|t:|1598313108
|move|p2a: Drapion|Knock Off|p1a: Slowbro
|-supereffective|p1a: Slowbro
|-damage|p1a: Slowbro|46/100 par
|move|p1a: Slowbro|Slack Off|p1a: Slowbro
|-heal|p1a: Slowbro|96/100 par
|
|-damage|p2a: Drapion|10/100 brn|[from] brn
|upkeep
|turn|14
|
|t:|1598313113
|move|p2a: Drapion|Knock Off|p1a: Slowbro
|-supereffective|p1a: Slowbro
|-damage|p1a: Slowbro|80/100 par
|cant|p1a: Slowbro|par
|
|-damage|p2a: Drapion|4/100 brn|[from] brn
|upkeep
|turn|15
|
|t:|1598313115
|move|p2a: Drapion|Knock Off|p1a: Slowbro
|-supereffective|p1a: Slowbro
|-damage|p1a: Slowbro|62/100 par
|cant|p1a: Slowbro|par
|
|-damage|p2a: Drapion|0 fnt|[from] brn
|faint|p2a: Drapion
|upkeep
|
|t:|1598313117
|switch|p2a: Centiskorch|Centiskorch, M|94/100
|turn|16
|
|t:|1598313123
|move|p2a: Centiskorch|Fire Lash|p1a: Slowbro
|-crit|p1a: Slowbro
|-damage|p1a: Slowbro|20/100 par
|-unboost|p1a: Slowbro|def|1
|move|p1a: Slowbro|Scald|p2a: Centiskorch
|-supereffective|p2a: Centiskorch
|-damage|p2a: Centiskorch|0 fnt
|faint|p2a: Centiskorch
|
|upkeep
|
|t:|1598313137
|switch|p2a: Xatu|Xatu, M, shiny|100/100
|-damage|p2a: Xatu|76/100|[from] Stealth Rock
|turn|17
|
|t:|1598313147
|switch|p1a: Rotom|Rotom-Mow|100/100
|move|p2a: Xatu|Psychic|p1a: Rotom
|-damage|p1a: Rotom|69/100
|
|upkeep
|turn|18
|
|t:|1598313155
|switch|p2a: Vileplume|Vileplume, F|81/100
|-damage|p2a: Vileplume|69/100|[from] Stealth Rock
|move|p1a: Rotom|Volt Switch|p2a: Vileplume
|-resisted|p2a: Vileplume
|-damage|p2a: Vileplume|55/100
|
|t:|1598313173
|switch|p1a: Slowbro|Slowbro-Galar, F|53/100 par|[from]move: Volt Switch
|-damage|p1a: Slowbro|37/100 par|[from] Spikes
|
|upkeep
|turn|19
|
|t:|1598313179
|move|p2a: Vileplume|Growth|p2a: Vileplume
|-boost|p2a: Vileplume|atk|1
|-boost|p2a: Vileplume|spa|1
|move|p1a: Slowbro|Slack Off|p1a: Slowbro
|-heal|p1a: Slowbro|87/100 par
|
|upkeep
|turn|20
|
|t:|1598313187
|move|p2a: Vileplume|Giga Drain|p1a: Slowbro
|-resisted|p1a: Slowbro
|-damage|p1a: Slowbro|63/100 par
|-heal|p2a: Vileplume|69/100|[from] drain|[of] p1a: Slowbro
|move|p1a: Slowbro|Calm Mind|p1a: Slowbro
|-boost|p1a: Slowbro|spa|1
|-boost|p1a: Slowbro|spd|1
|
|upkeep
|turn|21
|
|t:|1598313190
|move|p2a: Vileplume|Growth|p2a: Vileplume
|-boost|p2a: Vileplume|atk|1
|-boost|p2a: Vileplume|spa|1
|move|p1a: Slowbro|Calm Mind|p1a: Slowbro
|-boost|p1a: Slowbro|spa|1
|-boost|p1a: Slowbro|spd|1
|
|upkeep
|turn|22
|
|t:|1598313194
|move|p2a: Vileplume|Giga Drain|p1a: Slowbro
|-resisted|p1a: Slowbro
|-damage|p1a: Slowbro|47/100 par
|-heal|p2a: Vileplume|77/100|[from] drain|[of] p1a: Slowbro
|move|p1a: Slowbro|Slack Off|p1a: Slowbro
|-heal|p1a: Slowbro|97/100 par
|
|upkeep
|turn|23
|
|t:|1598313196
|move|p2a: Vileplume|Growth|p2a: Vileplume
|-boost|p2a: Vileplume|atk|1
|-boost|p2a: Vileplume|spa|1
|move|p1a: Slowbro|Calm Mind|p1a: Slowbro
|-boost|p1a: Slowbro|spa|1
|-boost|p1a: Slowbro|spd|1
|
|upkeep
|turn|24
|
|t:|1598313199
|move|p2a: Vileplume|Giga Drain|p1a: Slowbro
|-resisted|p1a: Slowbro
|-damage|p1a: Slowbro|80/100 par
|-heal|p2a: Vileplume|87/100|[from] drain|[of] p1a: Slowbro
|cant|p1a: Slowbro|par
|
|upkeep
|turn|25
|
|t:|1598313201
|move|p2a: Vileplume|Giga Drain|p1a: Slowbro
|-resisted|p1a: Slowbro
|-damage|p1a: Slowbro|63/100 par
|-heal|p2a: Vileplume|96/100|[from] drain|[of] p1a: Slowbro
|move|p1a: Slowbro|Sludge Bomb|p2a: Vileplume
|-damage|p2a: Vileplume|12/100
|
|upkeep
|turn|26
|
|t:|1598313204
|move|p2a: Vileplume|Strength Sap|p1a: Slowbro
|-unboost|p1a: Slowbro|atk|1
|-heal|p2a: Vileplume|64/100
|move|p1a: Slowbro|Sludge Bomb|p2a: Vileplume
|-damage|p2a: Vileplume|0 fnt
|faint|p2a: Vileplume
|
|upkeep
|c|☆RULT3ro good vibes|good
|
|t:|1598313208
|switch|p2a: Xatu|Xatu, M, shiny|76/100
|-damage|p2a: Xatu|51/100|[from] Stealth Rock
|turn|27
|c|☆RULT3ro good vibes|good boi
|
|t:|1598313213
|move|p2a: Xatu|Psychic|p1a: Slowbro
|-damage|p1a: Slowbro|50/100 par
|-unboost|p1a: Slowbro|spd|1
|cant|p1a: Slowbro|par
|
|upkeep
|turn|28
|
|t:|1598313218
|move|p2a: Xatu|Roost|p2a: Xatu
|-heal|p2a: Xatu|100/100
|-singleturn|p2a: Xatu|move: Roost
|move|p1a: Slowbro|Sludge Bomb|p2a: Xatu
|-damage|p2a: Xatu|0 fnt
|faint|p2a: Xatu
|
|upkeep
|c|☆RULT3ro good vibes|come on homie
|
|t:|1598313222
|switch|p2a: Klefki|Klefki, F|99/100
|-damage|p2a: Klefki|94/100|[from] Stealth Rock
|turn|29
|c|☆RULT3ro good vibes|yass
|
|t:|1598313225
|move|p2a: Klefki|Dazzling Gleam|p1a: Slowbro
|-resisted|p1a: Slowbro
|-damage|p1a: Slowbro|43/100 par
|cant|p1a: Slowbro|par
|
|-heal|p2a: Klefki|99/100|[from] item: Leftovers
|upkeep
|turn|30
|
|t:|1598313227
|move|p2a: Klefki|Dazzling Gleam|p1a: Slowbro
|-resisted|p1a: Slowbro
|-damage|p1a: Slowbro|37/100 par
|cant|p1a: Slowbro|par
|
|-heal|p2a: Klefki|100/100|[from] item: Leftovers
|upkeep
|turn|31
|
|t:|1598313229
|move|p2a: Klefki|Dazzling Gleam|p1a: Slowbro
|-resisted|p1a: Slowbro
|-damage|p1a: Slowbro|30/100 par
|move|p1a: Slowbro|Slack Off|p1a: Slowbro
|-heal|p1a: Slowbro|80/100 par
|
|upkeep
|turn|32
|
|t:|1598313231
|move|p2a: Klefki|Dazzling Gleam|p1a: Slowbro
|-resisted|p1a: Slowbro
|-damage|p1a: Slowbro|73/100 par
|move|p1a: Slowbro|Scald|p2a: Klefki
|-damage|p2a: Klefki|53/100
|
|-heal|p2a: Klefki|59/100|[from] item: Leftovers
|upkeep
|turn|33
|
|t:|1598313236
|move|p2a: Klefki|Dazzling Gleam|p1a: Slowbro
|-resisted|p1a: Slowbro
|-damage|p1a: Slowbro|67/100 par
|cant|p1a: Slowbro|par
|
|-heal|p2a: Klefki|65/100|[from] item: Leftovers
|upkeep
|turn|34
|
|t:|1598313238
|move|p2a: Klefki|Dazzling Gleam|p1a: Slowbro
|-resisted|p1a: Slowbro
|-damage|p1a: Slowbro|60/100 par
|cant|p1a: Slowbro|par
|
|-heal|p2a: Klefki|71/100|[from] item: Leftovers
|upkeep
|turn|35
|c|☆RULT3ro good vibes|bruh
|
|t:|1598313245
|move|p2a: Klefki|Dazzling Gleam|p1a: Slowbro
|-resisted|p1a: Slowbro
|-damage|p1a: Slowbro|53/100 par
|move|p1a: Slowbro|Scald|p2a: Klefki
|-damage|p2a: Klefki|24/100
|
|-heal|p2a: Klefki|30/100|[from] item: Leftovers
|upkeep
|turn|36
|
|t:|1598313248
|move|p2a: Klefki|Dazzling Gleam|p1a: Slowbro
|-resisted|p1a: Slowbro
|-damage|p1a: Slowbro|46/100 par
|move|p1a: Slowbro|Scald|p2a: Klefki
|-damage|p2a: Klefki|0 fnt
|faint|p2a: Klefki
|
|upkeep
|
|t:|1598313249
|switch|p2a: Vanilluxe|Vanilluxe, F|2/100
|-damage|p2a: Vanilluxe|0 fnt|[from] Stealth Rock
|faint|p2a: Vanilluxe
|
|win|RULT3ro good vibes
|c|☆RULT3ro good vibes|good
|c|☆RULT3ro good vibes|gg
|c|☆RULT3ro good vibes|wew
|c|☆RULT2AT toinhx|gg
|c|☆RULT3ro good vibes|rofl
|l|☆RULT2AT toinhx
|c|☆RULT3ro good vibes|that was close
|raw|RULT3ro good vibes's rating: 1638 &rarr; <strong>1659</strong><br />(+21 for winning)
|raw|RULT2AT toinhx's rating: 1649 &rarr; <strong>1628</strong><br />(-21 for losing)
