|j|☆Splashinganteater
|j|☆Breakankle Blitz
|t:|1636824794
|gametype|singles
|player|p1|Splashinganteater|101|1368
|player|p2|Breakankle Blitz|hoopster|1206
|teamsize|p1|6
|teamsize|p2|6
|gen|8
|tier|[Gen 8] RU
|rated|
|rule|Sleep Clause Mod: Limit one foe put to sleep
|rule|Species Clause: Limit one of each Pokémon
|rule|OHKO Clause: OHKO moves are banned
|rule|Evasion Moves Clause: Evasion moves are banned
|rule|Endless Battle Clause: Forcing endless battles is banned
|rule|HP Percentage Mod: HP is shown in percentages
|rule|Dynamax Clause: You cannot dynamax
|clearpoke
|poke|p1|Regidrago|
|poke|p1|Darmanitan, M|
|poke|p1|Togekiss, F|
|poke|p1|Steelix, M|
|poke|p1|Starmie|
|poke|p1|Rotom-Mow|
|poke|p2|Toxtricity, F|
|poke|p2|Golisopod, F|
|poke|p2|Incineroar, F|
|poke|p2|Celebi|
|poke|p2|Flygon, F|
|poke|p2|Cobalion|
|teampreview
|inactive|Battle timer is ON: inactive players will automatically lose when time's up. (requested by Splashinganteater)
|c|☆Splashinganteater|Glhf
|c|☆Splashinganteater|testing this team so sorry if I don’t do well 😂
|c|☆Breakankle Blitz|Same here
|inactive|Breakankle Blitz has 120 seconds left.
|c|☆Breakankle Blitz|hf
|
|t:|1636824868
|start
|switch|p1a: Togekiss|Togekiss, F, shiny|100/100
|switch|p2a: Flygon|Flygon, F|100/100
|turn|1
|
|t:|1636824872
|move|p2a: Flygon|U-turn|p1a: Togekiss
|-resisted|p1a: Togekiss
|-damage|p1a: Togekiss|96/100
|
|t:|1636824879
|switch|p2a: Toxtricity|Toxtricity, F|100/100|[from]move: U-turn
|move|p1a: Togekiss|Flamethrower|p2a: Toxtricity
|-damage|p2a: Toxtricity|61/100
|-status|p2a: Toxtricity|brn
|
|-damage|p2a: Toxtricity|54/100 brn|[from] brn
|upkeep
|turn|2
|
|t:|1636824892
|switch|p1a: Steelix|Steelix, M|100/100
|move|p2a: Toxtricity|Boomburst|p1a: Steelix
|-resisted|p1a: Steelix
|-damage|p1a: Steelix|56/100
|
|-heal|p1a: Steelix|62/100|[from] item: Leftovers
|-damage|p2a: Toxtricity|48/100 brn|[from] brn
|upkeep
|turn|3
|
|t:|1636824907
|switch|p2a: Golisopod|Golisopod, F|100/100
|move|p1a: Steelix|Stealth Rock|p2a: Golisopod
|-sidestart|p2: Breakankle Blitz|move: Stealth Rock
|
|-heal|p1a: Steelix|69/100|[from] item: Leftovers
|upkeep
|turn|4
|
|t:|1636824920
|switch|p1a: Togekiss|Togekiss, F, shiny|96/100
|move|p2a: Golisopod|Knock Off|p1a: Togekiss
|-resisted|p1a: Togekiss
|-damage|p1a: Togekiss|79/100
|-enditem|p1a: Togekiss|Heavy-Duty Boots|[from] move: Knock Off|[of] p2a: Golisopod
|
|upkeep
|turn|5
|inactive|Breakankle Blitz has 120 seconds left.
|
|t:|1636824960
|switch|p2a: Incineroar|Incineroar, F|100/100
|-ability|p2a: Incineroar|Intimidate|boost
|-unboost|p1a: Togekiss|atk|1
|move|p1a: Togekiss|Nasty Plot|p1a: Togekiss
|-boost|p1a: Togekiss|spa|2
|
|upkeep
|turn|6
|inactive|Breakankle Blitz has 120 seconds left.
|
|t:|1636824968
|move|p1a: Togekiss|Air Slash|p2a: Incineroar
|-damage|p2a: Incineroar|61/100
|cant|p2a: Incineroar|flinch
|
|upkeep
|turn|7
|
|t:|1636824973
|move|p1a: Togekiss|Air Slash|p2a: Incineroar
|-damage|p2a: Incineroar|18/100
|cant|p2a: Incineroar|flinch
|
|upkeep
|turn|8
|
|t:|1636824978
|move|p1a: Togekiss|Air Slash|p2a: Incineroar
|-damage|p2a: Incineroar|0 fnt
|faint|p2a: Incineroar
|
|upkeep
|
|t:|1636824993
|switch|p2a: Cobalion|Cobalion|100/100
|-damage|p2a: Cobalion|97/100|[from] Stealth Rock
|turn|9
|
|t:|1636824997
|move|p2a: Cobalion|Volt Switch|p1a: Togekiss
|-supereffective|p1a: Togekiss
|-damage|p1a: Togekiss|55/100
|
|t:|1636825002
|switch|p2a: Celebi|Celebi|100/100|[from]move: Volt Switch
|move|p1a: Togekiss|Flamethrower|p2a: Celebi
|-supereffective|p2a: Celebi
|-damage|p2a: Celebi|14/100
|
|upkeep
|turn|10
|
|t:|1636825013
|move|p2a: Celebi|Thunder Wave|p1a: Togekiss
|-status|p1a: Togekiss|par
|move|p1a: Togekiss|Roost|p1a: Togekiss
|-heal|p1a: Togekiss|100/100 par
|-singleturn|p1a: Togekiss|move: Roost
|
|upkeep
|turn|11
|
|t:|1636825019
|move|p2a: Celebi|Recover|p2a: Celebi
|-heal|p2a: Celebi|64/100
|move|p1a: Togekiss|Air Slash|p2a: Celebi
|-supereffective|p2a: Celebi
|-damage|p2a: Celebi|0 fnt
|faint|p2a: Celebi
|
|upkeep
|
|t:|1636825024
|switch|p2a: Toxtricity|Toxtricity, F|48/100 brn
|-damage|p2a: Toxtricity|36/100 brn|[from] Stealth Rock
|turn|12
|
|t:|1636825028
|switch|p1a: Steelix|Steelix, M|69/100
|move|p2a: Toxtricity|Overdrive|p1a: Steelix
|-immune|p1a: Steelix
|
|-heal|p1a: Steelix|75/100|[from] item: Leftovers
|-damage|p2a: Toxtricity|30/100 brn|[from] brn
|upkeep
|turn|13
|
|t:|1636825036
|switch|p2a: Golisopod|Golisopod, F|100/100
|move|p1a: Steelix|Toxic|p2a: Golisopod
|-status|p2a: Golisopod|tox
|
|-heal|p1a: Steelix|81/100|[from] item: Leftovers
|-damage|p2a: Golisopod|95/100 tox|[from] psn
|upkeep
|turn|14
|
|t:|1636825049
|switch|p1a: Togekiss|Togekiss, F, shiny|100/100 par
|move|p2a: Golisopod|Liquidation|p1a: Togekiss
|-damage|p1a: Togekiss|54/100 par
|
|-damage|p2a: Golisopod|83/100 tox|[from] psn
|upkeep
|turn|15
|
|t:|1636825058
|switch|p2a: Flygon|Flygon, F|100/100
|-damage|p2a: Flygon|95/100|[from] Stealth Rock
|move|p1a: Togekiss|Air Slash|p2a: Flygon|[miss]
|-miss|p1a: Togekiss|p2a: Flygon
|
|upkeep
|turn|16
|
|t:|1636825065
|move|p2a: Flygon|U-turn|p1a: Togekiss
|-resisted|p1a: Togekiss
|-damage|p1a: Togekiss|49/100 par
|
|t:|1636825069
|switch|p2a: Toxtricity|Toxtricity, F|30/100 brn|[from]move: U-turn
|-damage|p2a: Toxtricity|17/100 brn|[from] Stealth Rock
|move|p1a: Togekiss|Air Slash|p2a: Toxtricity
|-resisted|p2a: Toxtricity
|-damage|p2a: Toxtricity|0 fnt
|faint|p2a: Toxtricity
|
|upkeep
|-message|Breakankle Blitz forfeited.
|
|win|Splashinganteater
|raw|Splashinganteater's rating: 1368 &rarr; <strong>1379</strong><br />(+11 for winning)
|raw|Breakankle Blitz's rating: 1206 &rarr; <strong>1192</strong><br />(-14 for losing)
|l|☆Breakankle Blitz
