|j|☆15910usersonline
|j|☆JLT3 oSuave
|player|p1|15910usersonline|blackbelt-gen4dp|1433
|player|p2|JLT3 oSuave|ethan-gen2c|1407
|teamsize|p1|6
|teamsize|p2|6
|gametype|singles
|gen|8
|tier|[Gen 8] RU
|rated|
|clearpoke
|poke|p1|Runerigus, F|
|poke|p1|Scrafty, F|
|poke|p1|Slurpuff, M|
|poke|p1|Indeedee, M|
|poke|p1|Coalossal, F|
|poke|p1|Vileplume, M|
|poke|p2|Sableye, M|
|poke|p2|Mantine, F|
|poke|p2|Snorlax, F|
|poke|p2|Steelix, M|
|poke|p2|Salazzle, F|
|poke|p2|Cramorant, M|
|rule|Sleep Clause Mod: Limit one foe put to sleep
|rule|Species Clause: Limit one of each Pokémon
|rule|OHKO Clause: OHKO moves are banned
|rule|Evasion Moves Clause: Evasion moves are banned
|rule|Endless Battle Clause: Forcing endless battles is banned
|rule|HP Percentage Mod: HP is shown in percentages
|rule|Dynamax Clause: You cannot dynamax
|teampreview
|j| rerenascimento
|inactive|Battle timer is ON: inactive players will automatically lose when time's up. (requested by JLT3 oSuave)
|inactive|15910usersonline has 120 seconds left.
|inactive|15910usersonline has 90 seconds left.
|
|start
|switch|p1a: Slurpuff|Slurpuff, M|100/100
|switch|p2a: Cramorant|Cramorant, M, shiny|100/100
|turn|1
|
|switch|p2a: Steelix|Steelix, M|100/100
|move|p1a: Slurpuff|Thunderbolt|p2a: Steelix
|-immune|p2a: Steelix
|
|upkeep
|turn|2
|
|move|p1a: Slurpuff|Flamethrower|p2a: Steelix
|-supereffective|p2a: Steelix
|-crit|p2a: Steelix
|-damage|p2a: Steelix|2/100
|-status|p2a: Steelix|brn
|move|p2a: Steelix|Heavy Slam|p1a: Slurpuff
|-supereffective|p1a: Slurpuff
|-damage|p1a: Slurpuff|52/100
|
|-heal|p2a: Steelix|8/100 brn|[from] item: Leftovers
|-damage|p2a: Steelix|2/100 brn|[from] brn
|upkeep
|turn|3
|c|☆JLT3 oSuave|k
|
|move|p1a: Slurpuff|Flamethrower|p2a: Steelix
|-supereffective|p2a: Steelix
|-damage|p2a: Steelix|0 fnt
|faint|p2a: Steelix
|
|upkeep
|
|switch|p2a: Snorlax|Snorlax, F|100/100
|turn|4
|
|switch|p1a: Scrafty|Scrafty, F|100/100
|move|p2a: Snorlax|Curse|p2a: Snorlax
|-unboost|p2a: Snorlax|spe|1
|-boost|p2a: Snorlax|atk|1
|-boost|p2a: Snorlax|def|1
|
|upkeep
|turn|5
|
|move|p1a: Scrafty|Bulk Up|p1a: Scrafty
|-boost|p1a: Scrafty|atk|1
|-boost|p1a: Scrafty|def|1
|move|p2a: Snorlax|Body Slam|p1a: Scrafty
|-damage|p1a: Scrafty|71/100
|
|-heal|p1a: Scrafty|77/100|[from] item: Leftovers
|upkeep
|turn|6
|
|switch|p2a: Cramorant|Cramorant, M, shiny|100/100
|move|p1a: Scrafty|Knock Off|p2a: Cramorant
|-damage|p2a: Cramorant|55/100
|-enditem|p2a: Cramorant|Heavy-Duty Boots|[from] move: Knock Off|[of] p1a: Scrafty
|
|-heal|p1a: Scrafty|83/100|[from] item: Leftovers
|upkeep
|turn|7
|
|switch|p1a: Indeedee|Indeedee, M|100/100
|-fieldstart|move: Psychic Terrain|[from] ability: Psychic Surge|[of] p1a: Indeedee
|move|p2a: Cramorant|Hurricane|p1a: Indeedee
|-damage|p1a: Indeedee|56/100
|
|upkeep
|turn|8
|
|switch|p2a: Sableye|Sableye, M|100/100
|move|p1a: Indeedee|Trick|p2a: Sableye
|-activate|p1a: Indeedee|move: Trick|[of] p2a: Sableye
|-item|p2a: Sableye|Choice Scarf|[from] move: Trick
|-item|p1a: Indeedee|Leftovers|[from] move: Trick
|
|-heal|p1a: Indeedee|63/100|[from] item: Leftovers
|upkeep
|turn|9
|
|switch|p1a: Slurpuff|Slurpuff, M|52/100
|move|p2a: Sableye|Knock Off|p1a: Slurpuff
|-resisted|p1a: Slurpuff
|-damage|p1a: Slurpuff|34/100
|-enditem|p1a: Slurpuff|Expert Belt|[from] move: Knock Off|[of] p2a: Sableye
|
|upkeep
|turn|10
|
|switch|p1a: Scrafty|Scrafty, F|83/100
|switch|p2a: Snorlax|Snorlax, F|100/100
|
|-heal|p1a: Scrafty|89/100|[from] item: Leftovers
|upkeep
|turn|11
|
|switch|p2a: Cramorant|Cramorant, M, shiny|55/100
|move|p1a: Scrafty|Bulk Up|p1a: Scrafty
|-boost|p1a: Scrafty|atk|1
|-boost|p1a: Scrafty|def|1
|
|-heal|p1a: Scrafty|95/100|[from] item: Leftovers
|-fieldend|move: Psychic Terrain
|upkeep
|turn|12
|
|switch|p1a: Indeedee|Indeedee, M|63/100
|-fieldstart|move: Psychic Terrain|[from] ability: Psychic Surge|[of] p1a: Indeedee
|move|p2a: Cramorant|Hurricane|p1a: Indeedee|[miss]
|-miss|p2a: Cramorant|p1a: Indeedee
|
|-heal|p1a: Indeedee|69/100|[from] item: Leftovers
|upkeep
|turn|13
|
|switch|p2a: Snorlax|Snorlax, F|100/100
|move|p1a: Indeedee|Psychic|p2a: Snorlax
|-damage|p2a: Snorlax|74/100
|
|-heal|p1a: Indeedee|75/100|[from] item: Leftovers
|-heal|p2a: Snorlax|80/100|[from] item: Leftovers
|upkeep
|turn|14
|
|switch|p1a: Scrafty|Scrafty, F|95/100
|move|p2a: Snorlax|Curse|p2a: Snorlax
|-unboost|p2a: Snorlax|spe|1
|-boost|p2a: Snorlax|atk|1
|-boost|p2a: Snorlax|def|1
|
|-heal|p1a: Scrafty|100/100|[from] item: Leftovers
|-heal|p2a: Snorlax|86/100|[from] item: Leftovers
|upkeep
|turn|15
|
|switch|p2a: Cramorant|Cramorant, M, shiny|55/100
|move|p1a: Scrafty|Bulk Up|p1a: Scrafty
|-boost|p1a: Scrafty|atk|1
|-boost|p1a: Scrafty|def|1
|
|upkeep
|turn|16
|
|move|p2a: Cramorant|Hurricane|p1a: Scrafty|[miss]
|-miss|p2a: Cramorant|p1a: Scrafty
|move|p1a: Scrafty|Knock Off|p2a: Cramorant
|-damage|p2a: Cramorant|26/100
|
|-fieldend|move: Psychic Terrain
|upkeep
|turn|17
|c|☆JLT3 oSuave|my nigga
|
|move|p2a: Cramorant|Roost|p2a: Cramorant
|-heal|p2a: Cramorant|76/100
|-singleturn|p2a: Cramorant|move: Roost
|move|p1a: Scrafty|Knock Off|p2a: Cramorant
|-damage|p2a: Cramorant|45/100
|
|upkeep
|turn|18
|
|switch|p1a: Slurpuff|Slurpuff, M|34/100
|move|p2a: Cramorant|Hurricane|p1a: Slurpuff|[miss]
|-miss|p2a: Cramorant|p1a: Slurpuff
|
|upkeep
|turn|19
|
|switch|p2a: Snorlax|Snorlax, F|86/100
|move|p1a: Slurpuff|Thunderbolt|p2a: Snorlax
|-damage|p2a: Snorlax|73/100
|
|-heal|p2a: Snorlax|79/100|[from] item: Leftovers
|upkeep
|turn|20
|
|switch|p1a: Scrafty|Scrafty, F|100/100
|move|p2a: Snorlax|Body Slam|p1a: Scrafty
|-damage|p1a: Scrafty|70/100
|
|-heal|p1a: Scrafty|76/100|[from] item: Leftovers
|-heal|p2a: Snorlax|85/100|[from] item: Leftovers
|upkeep
|turn|21
|
|switch|p1a: Indeedee|Indeedee, M|75/100
|-fieldstart|move: Psychic Terrain|[from] ability: Psychic Surge|[of] p1a: Indeedee
|switch|p2a: Cramorant|Cramorant, M, shiny|45/100
|
|-heal|p1a: Indeedee|81/100|[from] item: Leftovers
|upkeep
|turn|22
|l| rerenascimento
|
|switch|p2a: Snorlax|Snorlax, F|85/100
|move|p1a: Indeedee|Psychic|p2a: Snorlax
|-damage|p2a: Snorlax|55/100
|
|-heal|p1a: Indeedee|87/100|[from] item: Leftovers
|-heal|p2a: Snorlax|62/100|[from] item: Leftovers
|upkeep
|turn|23
|
|move|p1a: Indeedee|Psychic|p2a: Snorlax
|-damage|p2a: Snorlax|34/100
|move|p2a: Snorlax|Rest|p2a: Snorlax
|-status|p2a: Snorlax|slp|[from] move: Rest
|-heal|p2a: Snorlax|100/100 slp|[silent]
|
|-heal|p1a: Indeedee|93/100|[from] item: Leftovers
|upkeep
|turn|24
|
|switch|p1a: Scrafty|Scrafty, F|76/100
|switch|p2a: Sableye|Sableye, M|100/100
|
|-heal|p1a: Scrafty|82/100|[from] item: Leftovers
|upkeep
|turn|25
|
|switch|p2a: Cramorant|Cramorant, M, shiny|45/100
|move|p1a: Scrafty|Bulk Up|p1a: Scrafty
|-boost|p1a: Scrafty|atk|1
|-boost|p1a: Scrafty|def|1
|
|-heal|p1a: Scrafty|88/100|[from] item: Leftovers
|-fieldend|move: Psychic Terrain
|upkeep
|turn|26
|
|move|p2a: Cramorant|Roost|p2a: Cramorant
|-heal|p2a: Cramorant|95/100
|-singleturn|p2a: Cramorant|move: Roost
|move|p1a: Scrafty|Knock Off|p2a: Cramorant
|-crit|p2a: Cramorant
|-damage|p2a: Cramorant|48/100
|
|-heal|p1a: Scrafty|94/100|[from] item: Leftovers
|upkeep
|turn|27
|j| Tach
|
|switch|p1a: Indeedee|Indeedee, M|93/100
|-fieldstart|move: Psychic Terrain|[from] ability: Psychic Surge|[of] p1a: Indeedee
|move|p2a: Cramorant|Hurricane|p1a: Indeedee
|-damage|p1a: Indeedee|45/100
|
|-heal|p1a: Indeedee|51/100|[from] item: Leftovers
|upkeep
|turn|28
|
|switch|p1a: Coalossal|Coalossal, F|100/100
|switch|p2a: Snorlax|Snorlax, F|100/100 slp
|
|upkeep
|turn|29
|
|switch|p2a: Mantine|Mantine, F|100/100
|move|p1a: Coalossal|Spikes|p2a: Mantine
|-sidestart|p2: JLT3 oSuave|Spikes
|
|upkeep
|turn|30
|
|switch|p1a: Scrafty|Scrafty, F|94/100
|move|p2a: Mantine|Scald|p1a: Scrafty
|-damage|p1a: Scrafty|78/100
|
|-heal|p1a: Scrafty|84/100|[from] item: Leftovers
|upkeep
|turn|31
|
|move|p2a: Mantine|Hurricane|p1a: Scrafty
|-supereffective|p1a: Scrafty
|-damage|p1a: Scrafty|42/100
|move|p1a: Scrafty|Knock Off|p2a: Mantine
|-damage|p2a: Mantine|76/100
|-enditem|p2a: Mantine|Heavy-Duty Boots|[from] move: Knock Off|[of] p1a: Scrafty
|
|-heal|p1a: Scrafty|48/100|[from] item: Leftovers
|-fieldend|move: Psychic Terrain
|upkeep
|turn|32
|
|move|p2a: Mantine|Hurricane|p1a: Scrafty
|-supereffective|p1a: Scrafty
|-damage|p1a: Scrafty|8/100
|-start|p1a: Scrafty|confusion
|-activate|p1a: Scrafty|confusion
|-damage|p1a: Scrafty|0 fnt|[from] confusion
|faint|p1a: Scrafty
|
|upkeep
|
|switch|p1a: Slurpuff|Slurpuff, M|34/100
|turn|33
|
|switch|p1a: Runerigus|Runerigus, F|100/100
|switch|p2a: Snorlax|Snorlax, F|100/100 slp
|-damage|p2a: Snorlax|88/100 slp|[from] Spikes
|
|-heal|p2a: Snorlax|94/100 slp|[from] item: Leftovers
|upkeep
|turn|34
|
|switch|p2a: Cramorant|Cramorant, M, shiny|48/100
|move|p1a: Runerigus|Stealth Rock|p2a: Cramorant
|-sidestart|p2: JLT3 oSuave|move: Stealth Rock
|
|upkeep
|turn|35
|
|switch|p1a: Indeedee|Indeedee, M|51/100
|-fieldstart|move: Psychic Terrain|[from] ability: Psychic Surge|[of] p1a: Indeedee
|move|p2a: Cramorant|Defog|p1a: Indeedee
|-unboost|p1a: Indeedee|evasion|1
|-sideend|p2: JLT3 oSuave|Spikes|[from] move: Defog|[of] p2a: Cramorant
|-sideend|p2: JLT3 oSuave|Stealth Rock|[from] move: Defog|[of] p2a: Cramorant
|-fieldend|move: Psychic Terrain
|
|-heal|p1a: Indeedee|57/100|[from] item: Leftovers
|upkeep
|turn|36
|
|switch|p2a: Snorlax|Snorlax, F|94/100 slp
|move|p1a: Indeedee|Psychic|p2a: Snorlax
|-damage|p2a: Snorlax|71/100 slp
|
|-heal|p1a: Indeedee|63/100|[from] item: Leftovers
|-heal|p2a: Snorlax|77/100 slp|[from] item: Leftovers
|upkeep
|turn|37
|
|switch|p1a: Vileplume|Vileplume, M|100/100
|cant|p2a: Snorlax|slp
|
|-heal|p2a: Snorlax|83/100 slp|[from] item: Leftovers
|upkeep
|turn|38
|
|move|p1a: Vileplume|Sludge Bomb|p2a: Snorlax
|-damage|p2a: Snorlax|63/100 slp
|cant|p2a: Snorlax|slp
|
|-heal|p2a: Snorlax|69/100 slp|[from] item: Leftovers
|upkeep
|turn|39
|
|move|p1a: Vileplume|Sludge Bomb|p2a: Snorlax
|-damage|p2a: Snorlax|52/100 slp
|-curestatus|p2a: Snorlax|slp|[msg]
|move|p2a: Snorlax|Curse|p2a: Snorlax
|-unboost|p2a: Snorlax|spe|1
|-boost|p2a: Snorlax|atk|1
|-boost|p2a: Snorlax|def|1
|
|-heal|p2a: Snorlax|58/100|[from] item: Leftovers
|upkeep
|turn|40
|
|move|p1a: Vileplume|Strength Sap|p2a: Snorlax
|-unboost|p2a: Snorlax|atk|1
|move|p2a: Snorlax|Rest|p2a: Snorlax
|-status|p2a: Snorlax|slp|[from] move: Rest
|-heal|p2a: Snorlax|100/100 slp|[silent]
|
|upkeep
|turn|41
|
|switch|p1a: Indeedee|Indeedee, M|63/100
|-fieldstart|move: Psychic Terrain|[from] ability: Psychic Surge|[of] p1a: Indeedee
|switch|p2a: Salazzle|Salazzle, F|100/100
|
|-heal|p1a: Indeedee|69/100|[from] item: Leftovers
|upkeep
|turn|42
|
|switch|p2a: Snorlax|Snorlax, F|100/100 slp
|move|p1a: Indeedee|Psychic|p2a: Snorlax
|-crit|p2a: Snorlax
|-damage|p2a: Snorlax|61/100 slp
|
|-heal|p1a: Indeedee|76/100|[from] item: Leftovers
|-heal|p2a: Snorlax|67/100 slp|[from] item: Leftovers
|upkeep
|turn|43
|
|move|p1a: Indeedee|Psychic|p2a: Snorlax
|-damage|p2a: Snorlax|39/100 slp
|cant|p2a: Snorlax|slp
|
|-heal|p1a: Indeedee|82/100|[from] item: Leftovers
|-heal|p2a: Snorlax|46/100 slp|[from] item: Leftovers
|upkeep
|turn|44
|
|switch|p2a: Sableye|Sableye, M|100/100
|move|p1a: Indeedee|Psychic|p2a: Sableye
|-immune|p2a: Sableye
|
|-heal|p1a: Indeedee|88/100|[from] item: Leftovers
|upkeep
|turn|45
|
|move|p1a: Indeedee|Dazzling Gleam|p2a: Sableye
|-supereffective|p2a: Sableye
|-damage|p2a: Sableye|24/100
|move|p2a: Sableye|Knock Off|p1a: Indeedee
|-supereffective|p1a: Indeedee
|-damage|p1a: Indeedee|0 fnt
|-enditem|p1a: Indeedee|Leftovers|[from] move: Knock Off|[of] p2a: Sableye
|faint|p1a: Indeedee
|
|-fieldend|move: Psychic Terrain
|upkeep
|-message|15910usersonline forfeited.
|
|win|JLT3 oSuave
|l|☆15910usersonline
|raw|15910usersonline's rating: 1433 &rarr; <strong>1411</strong><br />(-22 for losing)
|raw|JLT3 oSuave's rating: 1407 &rarr; <strong>1428</strong><br />(+21 for winning)
