|j|☆Dollarsalt
|j|☆a rabbit
|player|p1|Dollarsalt|pokekid|
|player|p2|a rabbit|169|
|teamsize|p1|6
|teamsize|p2|6
|gametype|singles
|gen|8
|tier|[Gen 8] RU
|clearpoke
|poke|p1|Sableye, M|
|poke|p1|Gigalith, M|
|poke|p1|Vileplume, M|
|poke|p1|Vaporeon, F|
|poke|p1|Xatu, F|
|poke|p1|Salazzle, F|
|poke|p2|Accelgor, F|
|poke|p2|Drednaw, M|
|poke|p2|Mantine, M|
|poke|p2|Ludicolo, F|
|poke|p2|Ferroseed, F|
|poke|p2|Xatu, M|
|rule|Sleep Clause Mod: Limit one foe put to sleep
|rule|Species Clause: Limit one of each Pokémon
|rule|OHKO Clause: OHKO moves are banned
|rule|Evasion Moves Clause: Evasion moves are banned
|rule|Endless Battle Clause: Forcing endless battles is banned
|rule|HP Percentage Mod: HP is shown in percentages
|rule|Dynamax Clause: You cannot dynamax
|teampreview
|c|☆a rabbit|glhf
|c|☆Dollarsalt|?
|c|☆Dollarsalt|i challed
|c|☆a rabbit|idk i didn't receive it
|c|☆Dollarsalt|Oh
|inactive|Battle timer is ON: inactive players will automatically lose when time's up. (requested by Dollarsalt)
|c|☆Dollarsalt|Gl
|
|start
|switch|p1a: Salazzle|Salazzle, F|100/100
|switch|p2a: Accelgor|Accelgor, F|100/100
|turn|1
|
|move|p2a: Accelgor|Rain Dance|p2a: Accelgor
|-weather|RainDance
|move|p1a: Salazzle|Flamethrower|p2a: Accelgor
|-supereffective|p2a: Accelgor
|-damage|p2a: Accelgor|50/100
|
|-weather|RainDance|[upkeep]
|upkeep
|turn|2
|
|switch|p1a: Gigalith|Gigalith, M|100/100
|-weather|Sandstorm|[from] ability: Sand Stream|[of] p1a: Gigalith
|move|p2a: Accelgor|Spikes|p1a: Gigalith
|-sidestart|p1: Dollarsalt|Spikes
|
|-weather|Sandstorm|[upkeep]
|-damage|p2a: Accelgor|44/100|[from] Sandstorm
|upkeep
|turn|3
|
|move|p2a: Accelgor|Rain Dance|p2a: Accelgor
|-weather|RainDance
|move|p1a: Gigalith|Stealth Rock|p2a: Accelgor
|-sidestart|p2: a rabbit|move: Stealth Rock
|
|-weather|RainDance|[upkeep]
|upkeep
|turn|4
|
|switch|p1a: Sableye|Sableye, M|100/100
|-damage|p1a: Sableye|88/100|[from] Spikes
|move|p2a: Accelgor|Final Gambit|p1a: Sableye
|-immune|p1a: Sableye
|
|-weather|RainDance|[upkeep]
|-heal|p1a: Sableye|94/100|[from] item: Leftovers
|upkeep
|turn|5
|
|move|p1a: Sableye|Encore|p2a: Accelgor
|-start|p2a: Accelgor|Encore
|move|p2a: Accelgor|Final Gambit|p1a: Sableye
|-immune|p1a: Sableye
|
|-weather|RainDance|[upkeep]
|-heal|p1a: Sableye|100/100|[from] item: Leftovers
|upkeep
|turn|6
|
|switch|p2a: Ferroseed|Ferroseed, F|100/100
|-damage|p2a: Ferroseed|94/100|[from] Stealth Rock
|switch|p1a: Gigalith|Gigalith, M|100/100
|-damage|p1a: Gigalith|88/100|[from] Spikes
|-weather|Sandstorm|[from] ability: Sand Stream|[of] p1a: Gigalith
|
|-weather|Sandstorm|[upkeep]
|-heal|p1a: Gigalith|94/100|[from] item: Leftovers
|upkeep
|turn|7
|
|switch|p1a: Salazzle|Salazzle, F|100/100
|move|p2a: Ferroseed|Gyro Ball|p1a: Salazzle
|-resisted|p1a: Salazzle
|-damage|p1a: Salazzle|78/100
|
|-weather|Sandstorm|[upkeep]
|-damage|p1a: Salazzle|72/100|[from] Sandstorm
|upkeep
|turn|8
|
|switch|p2a: Accelgor|Accelgor, F|44/100
|-damage|p2a: Accelgor|19/100|[from] Stealth Rock
|move|p1a: Salazzle|Toxic|p2a: Accelgor
|-status|p2a: Accelgor|tox
|
|-weather|Sandstorm|[upkeep]
|-damage|p2a: Accelgor|13/100 tox|[from] Sandstorm
|-damage|p1a: Salazzle|65/100|[from] Sandstorm
|-damage|p2a: Accelgor|7/100 tox|[from] psn
|upkeep
|turn|9
|
|switch|p1a: Gigalith|Gigalith, M|94/100
|-damage|p1a: Gigalith|82/100|[from] Spikes
|move|p2a: Accelgor|Rain Dance|p2a: Accelgor
|-weather|RainDance
|
|-weather|RainDance|[upkeep]
|-activate|p2a: Accelgor|ability: Hydration
|-curestatus|p2a: Accelgor|tox|[msg]
|-heal|p1a: Gigalith|88/100|[from] item: Leftovers
|upkeep
|turn|10
|
|switch|p1a: Xatu|Xatu, F|100/100
|move|p2a: Accelgor|Spikes|p1a: Xatu
|move|p1a: Xatu|Spikes|p2a: Accelgor|[from]Magic Bounce
|-sidestart|p2: a rabbit|Spikes
|
|-weather|RainDance|[upkeep]
|upkeep
|turn|11
|
|switch|p1a: Gigalith|Gigalith, M|88/100
|-damage|p1a: Gigalith|76/100|[from] Spikes
|-weather|Sandstorm|[from] ability: Sand Stream|[of] p1a: Gigalith
|move|p2a: Accelgor|Bug Buzz|p1a: Gigalith
|-damage|p1a: Gigalith|57/100
|-unboost|p1a: Gigalith|spd|1
|
|-weather|Sandstorm|[upkeep]
|-damage|p2a: Accelgor|1/100|[from] Sandstorm
|-heal|p1a: Gigalith|63/100|[from] item: Leftovers
|upkeep
|turn|12
|
|switch|p1a: Vaporeon|Vaporeon, F|100/100
|-damage|p1a: Vaporeon|88/100|[from] Spikes
|move|p2a: Accelgor|Rain Dance|p2a: Accelgor
|-weather|RainDance
|
|-weather|RainDance|[upkeep]
|-heal|p1a: Vaporeon|94/100|[from] item: Leftovers
|upkeep
|turn|13
|
|move|p2a: Accelgor|Final Gambit|p1a: Vaporeon
|-damage|p1a: Vaporeon|94/100
|faint|p2a: Accelgor
|move|p1a: Vaporeon|Wish|p1a: Vaporeon
|
|-weather|RainDance|[upkeep]
|-heal|p1a: Vaporeon|99/100|[from] item: Leftovers
|upkeep
|
|switch|p2a: Ludicolo|Ludicolo, F|100/100
|-damage|p2a: Ludicolo|88/100|[from] Spikes
|-damage|p2a: Ludicolo|76/100|[from] Stealth Rock
|turn|14
|
|switch|p1a: Gigalith|Gigalith, M|63/100
|-damage|p1a: Gigalith|50/100|[from] Spikes
|-weather|Sandstorm|[from] ability: Sand Stream|[of] p1a: Gigalith
|move|p2a: Ludicolo|Giga Drain|p1a: Gigalith
|-supereffective|p1a: Gigalith
|-damage|p1a: Gigalith|0 fnt
|-heal|p2a: Ludicolo|100/100|[from] drain|[of] p1a: Gigalith
|-damage|p2a: Ludicolo|91/100|[from] item: Life Orb
|faint|p1a: Gigalith
|
|-weather|Sandstorm|[upkeep]
|-damage|p2a: Ludicolo|85/100|[from] Sandstorm
|upkeep
|
|switch|p1a: Vileplume|Vileplume, M|100/100
|-damage|p1a: Vileplume|88/100|[from] Spikes
|turn|15
|
|switch|p2a: Ferroseed|Ferroseed, F|94/100
|-damage|p2a: Ferroseed|82/100|[from] Spikes
|-damage|p2a: Ferroseed|76/100|[from] Stealth Rock
|move|p1a: Vileplume|Sludge Bomb|p2a: Ferroseed
|-immune|p2a: Ferroseed
|
|-weather|Sandstorm|[upkeep]
|-damage|p1a: Vileplume|82/100|[from] Sandstorm
|-heal|p1a: Vileplume|88/100|[from] item: Black Sludge
|upkeep
|turn|16
|
|switch|p1a: Xatu|Xatu, F|100/100
|move|p2a: Ferroseed|Leech Seed|p1a: Xatu
|move|p1a: Xatu|Leech Seed|p2a: Ferroseed|[from]Magic Bounce
|-immune|p2a: Ferroseed
|
|-weather|Sandstorm|[upkeep]
|-damage|p1a: Xatu|95/100|[from] Sandstorm
|upkeep
|turn|17
|
|switch|p2a: Xatu|Xatu, M|100/100
|-damage|p2a: Xatu|76/100|[from] Stealth Rock
|move|p1a: Xatu|Psychic|p2a: Xatu
|-resisted|p2a: Xatu
|-damage|p2a: Xatu|54/100
|
|-weather|Sandstorm|[upkeep]
|-damage|p1a: Xatu|89/100|[from] Sandstorm
|-damage|p2a: Xatu|48/100|[from] Sandstorm
|upkeep
|turn|18
|
|move|p1a: Xatu|U-turn|p2a: Xatu
|-damage|p2a: Xatu|38/100
|
|switch|p1a: Sableye|Sableye, M|100/100|[from]move: U-turn
|-damage|p1a: Sableye|88/100|[from] Spikes
|move|p2a: Xatu|Rain Dance|p2a: Xatu
|-weather|RainDance
|
|-weather|RainDance|[upkeep]
|-heal|p1a: Sableye|94/100|[from] item: Leftovers
|upkeep
|turn|19
|
|move|p2a: Xatu|U-turn|p1a: Sableye
|-damage|p1a: Sableye|80/100
|
|switch|p2a: Mantine|Mantine, M|100/100|[from]move: U-turn
|-damage|p2a: Mantine|76/100|[from] Stealth Rock
|move|p1a: Sableye|Knock Off|p2a: Mantine
|-damage|p2a: Mantine|36/100
|-enditem|p2a: Mantine|Life Orb|[from] move: Knock Off|[of] p1a: Sableye
|
|-weather|RainDance|[upkeep]
|-heal|p1a: Sableye|86/100|[from] item: Leftovers
|upkeep
|turn|20
|
|switch|p1a: Vaporeon|Vaporeon, F|99/100
|-damage|p1a: Vaporeon|87/100|[from] Spikes
|move|p2a: Mantine|Hydro Pump|p1a: Vaporeon
|-heal|p1a: Vaporeon|100/100|[from] ability: Water Absorb|[of] p2a: Mantine
|
|-weather|RainDance|[upkeep]
|upkeep
|turn|21
|
|move|p2a: Mantine|Roost|p2a: Mantine
|-heal|p2a: Mantine|86/100
|-singleturn|p2a: Mantine|move: Roost
|move|p1a: Vaporeon|Wish|p1a: Vaporeon
|
|-weather|RainDance|[upkeep]
|upkeep
|turn|22
|
|move|p2a: Mantine|Hurricane|p1a: Vaporeon
|-damage|p1a: Vaporeon|73/100
|move|p1a: Vaporeon|Scald|p2a: Mantine
|-resisted|p2a: Mantine
|-damage|p2a: Mantine|69/100
|
|-weather|RainDance|[upkeep]
|-heal|p1a: Vaporeon|100/100|[from] move: Wish|[wisher] Vaporeon
|upkeep
|turn|23
|
|move|p2a: Mantine|Hurricane|p1a: Vaporeon
|-damage|p1a: Vaporeon|73/100
|move|p1a: Vaporeon|Wish|p1a: Vaporeon
|
|-weather|RainDance|[upkeep]
|-heal|p1a: Vaporeon|79/100|[from] item: Leftovers
|upkeep
|turn|24
|
|move|p2a: Mantine|Hurricane|p1a: Vaporeon
|-damage|p1a: Vaporeon|51/100
|-start|p1a: Vaporeon|confusion
|-activate|p1a: Vaporeon|confusion
|-damage|p1a: Vaporeon|46/100|[from] confusion
|
|-weather|RainDance|[upkeep]
|-heal|p1a: Vaporeon|96/100|[from] move: Wish|[wisher] Vaporeon
|-heal|p1a: Vaporeon|100/100|[from] item: Leftovers
|upkeep
|turn|25
|
|move|p2a: Mantine|Hurricane|p1a: Vaporeon
|-damage|p1a: Vaporeon|77/100
|-end|p1a: Vaporeon|confusion
|move|p1a: Vaporeon|Scald|p2a: Mantine
|-resisted|p2a: Mantine
|-damage|p2a: Mantine|52/100
|
|-weather|none
|-heal|p1a: Vaporeon|83/100|[from] item: Leftovers
|upkeep
|turn|26
|
|move|p2a: Mantine|Roost|p2a: Mantine
|-heal|p2a: Mantine|100/100
|-singleturn|p2a: Mantine|move: Roost
|move|p1a: Vaporeon|Scald|p2a: Mantine
|-resisted|p2a: Mantine
|-damage|p2a: Mantine|88/100
|
|-heal|p1a: Vaporeon|89/100|[from] item: Leftovers
|upkeep
|turn|27
|
|move|p2a: Mantine|Hurricane|p1a: Vaporeon
|-damage|p1a: Vaporeon|62/100
|move|p1a: Vaporeon|Wish|p1a: Vaporeon
|
|-heal|p1a: Vaporeon|68/100|[from] item: Leftovers
|upkeep
|turn|28
|
|switch|p1a: Sableye|Sableye, M|86/100
|-damage|p1a: Sableye|74/100|[from] Spikes
|move|p2a: Mantine|Rain Dance|p2a: Mantine
|-weather|RainDance
|
|-weather|RainDance|[upkeep]
|-heal|p1a: Sableye|100/100|[from] move: Wish|[wisher] Vaporeon
|upkeep
|turn|29
|
|switch|p2a: Ferroseed|Ferroseed, F|76/100
|-damage|p2a: Ferroseed|70/100|[from] Stealth Rock
|-damage|p2a: Ferroseed|57/100|[from] Spikes
|move|p1a: Sableye|Encore||[still]
|-fail|p1a: Sableye
|
|-weather|RainDance|[upkeep]
|upkeep
|turn|30
|
|move|p1a: Sableye|Will-O-Wisp|p2a: Ferroseed|[miss]
|-miss|p1a: Sableye|p2a: Ferroseed
|move|p2a: Ferroseed|Gyro Ball|p1a: Sableye
|-damage|p1a: Sableye|67/100
|
|-weather|RainDance|[upkeep]
|-heal|p1a: Sableye|73/100|[from] item: Leftovers
|upkeep
|turn|31
|
|move|p1a: Sableye|Will-O-Wisp|p2a: Ferroseed
|-status|p2a: Ferroseed|brn
|move|p2a: Ferroseed|Leech Seed|p1a: Sableye
|-start|p1a: Sableye|move: Leech Seed
|
|-weather|RainDance|[upkeep]
|-heal|p1a: Sableye|79/100|[from] item: Leftovers
|-damage|p1a: Sableye|67/100|[from] Leech Seed|[of] p2a: Ferroseed
|-heal|p2a: Ferroseed|70/100 brn|[silent]
|-damage|p2a: Ferroseed|64/100 brn|[from] brn
|upkeep
|turn|32
|
|move|p1a: Sableye|Knock Off|p2a: Ferroseed
|-damage|p2a: Ferroseed|41/100 brn
|-damage|p1a: Sableye|54/100|[from] ability: Iron Barbs|[of] p2a: Ferroseed
|-enditem|p2a: Ferroseed|Eviolite|[from] move: Knock Off|[of] p1a: Sableye
|move|p2a: Ferroseed|Stealth Rock|p1a: Sableye
|-sidestart|p1: Dollarsalt|move: Stealth Rock
|
|-weather|none
|-heal|p1a: Sableye|60/100|[from] item: Leftovers
|-damage|p1a: Sableye|48/100|[from] Leech Seed|[of] p2a: Ferroseed
|-heal|p2a: Ferroseed|54/100 brn|[silent]
|-damage|p2a: Ferroseed|48/100 brn|[from] brn
|upkeep
|turn|33
|
|move|p1a: Sableye|Recover|p1a: Sableye
|-heal|p1a: Sableye|98/100
|move|p2a: Ferroseed|Gyro Ball|p1a: Sableye
|-damage|p1a: Sableye|82/100
|
|-heal|p1a: Sableye|88/100|[from] item: Leftovers
|-damage|p1a: Sableye|75/100|[from] Leech Seed|[of] p2a: Ferroseed
|-heal|p2a: Ferroseed|61/100 brn|[silent]
|-damage|p2a: Ferroseed|55/100 brn|[from] brn
|upkeep
|turn|34
|
|switch|p1a: Xatu|Xatu, F|89/100
|-damage|p1a: Xatu|64/100|[from] Stealth Rock
|move|p2a: Ferroseed|Gyro Ball|p1a: Xatu
|-damage|p1a: Xatu|45/100
|-damage|p2a: Ferroseed|39/100 brn|[from] item: Rocky Helmet|[of] p1a: Xatu
|
|-damage|p2a: Ferroseed|32/100 brn|[from] brn
|upkeep
|turn|35
|
|move|p1a: Xatu|Roost|p1a: Xatu
|-heal|p1a: Xatu|95/100
|-singleturn|p1a: Xatu|move: Roost
|move|p2a: Ferroseed|Gyro Ball|p1a: Xatu
|-damage|p1a: Xatu|74/100
|-damage|p2a: Ferroseed|16/100 brn|[from] item: Rocky Helmet|[of] p1a: Xatu
|
|-damage|p2a: Ferroseed|10/100 brn|[from] brn
|upkeep
|turn|36
|
|move|p1a: Xatu|Roost|p1a: Xatu
|-heal|p1a: Xatu|100/100
|-singleturn|p1a: Xatu|move: Roost
|move|p2a: Ferroseed|Gyro Ball|p1a: Xatu
|-damage|p1a: Xatu|78/100
|-damage|p2a: Ferroseed|0 fnt|[from] item: Rocky Helmet|[of] p1a: Xatu
|faint|p2a: Ferroseed
|
|upkeep
|
|switch|p2a: Mantine|Mantine, M|88/100
|-damage|p2a: Mantine|64/100|[from] Stealth Rock
|turn|37
|
|move|p1a: Xatu|U-turn|p2a: Mantine
|-resisted|p2a: Mantine
|-damage|p2a: Mantine|55/100
|
|switch|p1a: Vaporeon|Vaporeon, F|68/100|[from]move: U-turn
|-damage|p1a: Vaporeon|56/100|[from] Stealth Rock
|-damage|p1a: Vaporeon|43/100|[from] Spikes
|move|p2a: Mantine|Rain Dance|p2a: Mantine
|-weather|RainDance
|
|-weather|RainDance|[upkeep]
|-heal|p1a: Vaporeon|49/100|[from] item: Leftovers
|upkeep
|turn|38
|
|move|p1a: Vaporeon|Protect|p1a: Vaporeon
|-singleturn|p1a: Vaporeon|Protect
|move|p2a: Mantine|Hurricane|p1a: Vaporeon
|-activate|p1a: Vaporeon|move: Protect
|
|-weather|RainDance|[upkeep]
|-heal|p1a: Vaporeon|56/100|[from] item: Leftovers
|upkeep
|turn|39
|
|move|p2a: Mantine|Hurricane|p1a: Vaporeon
|-damage|p1a: Vaporeon|30/100
|-start|p1a: Vaporeon|confusion
|-activate|p1a: Vaporeon|confusion
|move|p1a: Vaporeon|Wish|p1a: Vaporeon
|
|-weather|RainDance|[upkeep]
|-heal|p1a: Vaporeon|37/100|[from] item: Leftovers
|upkeep
|turn|40
|
|move|p2a: Mantine|Roost|p2a: Mantine
|-heal|p2a: Mantine|100/100
|-singleturn|p2a: Mantine|move: Roost
|-activate|p1a: Vaporeon|confusion
|move|p1a: Vaporeon|Scald|p2a: Mantine
|-resisted|p2a: Mantine
|-damage|p2a: Mantine|83/100
|
|-weather|RainDance|[upkeep]
|-heal|p1a: Vaporeon|87/100|[from] move: Wish|[wisher] Vaporeon
|-heal|p1a: Vaporeon|93/100|[from] item: Leftovers
|upkeep
|turn|41
|
|switch|p2a: Ludicolo|Ludicolo, F|85/100
|-damage|p2a: Ludicolo|72/100|[from] Stealth Rock
|-damage|p2a: Ludicolo|60/100|[from] Spikes
|-activate|p1a: Vaporeon|confusion
|-damage|p1a: Vaporeon|88/100|[from] confusion
|
|-weather|none
|-heal|p1a: Vaporeon|94/100|[from] item: Leftovers
|upkeep
|turn|42
|
|switch|p1a: Vileplume|Vileplume, M|88/100
|-damage|p1a: Vileplume|76/100|[from] Spikes
|-damage|p1a: Vileplume|63/100|[from] Stealth Rock
|move|p2a: Ludicolo|Rain Dance|p2a: Ludicolo
|-weather|RainDance
|
|-weather|RainDance|[upkeep]
|-heal|p1a: Vileplume|69/100|[from] item: Black Sludge
|upkeep
|turn|43
|
|move|p2a: Ludicolo|Ice Beam|p1a: Vileplume
|-supereffective|p1a: Vileplume
|-damage|p1a: Vileplume|2/100
|-damage|p2a: Ludicolo|50/100|[from] item: Life Orb
|move|p1a: Vileplume|Sludge Bomb|p2a: Ludicolo
|-supereffective|p2a: Ludicolo
|-damage|p2a: Ludicolo|0 fnt
|faint|p2a: Ludicolo
|
|-weather|RainDance|[upkeep]
|-heal|p1a: Vileplume|9/100|[from] item: Black Sludge
|upkeep
|c|☆a rabbit|dang that roll was kinda important
|
|switch|p2a: Drednaw|Drednaw, M|100/100
|-damage|p2a: Drednaw|88/100|[from] Spikes
|-damage|p2a: Drednaw|76/100|[from] Stealth Rock
|turn|44
|
|move|p2a: Drednaw|Liquidation|p1a: Vileplume
|-resisted|p1a: Vileplume
|-damage|p1a: Vileplume|0 fnt
|-damage|p2a: Drednaw|66/100|[from] item: Life Orb
|faint|p1a: Vileplume
|
|-weather|RainDance|[upkeep]
|upkeep
|
|switch|p1a: Sableye|Sableye, M|75/100
|-damage|p1a: Sableye|63/100|[from] Stealth Rock
|-damage|p1a: Sableye|50/100|[from] Spikes
|turn|45
|
|move|p1a: Sableye|Will-O-Wisp|p2a: Drednaw
|-status|p2a: Drednaw|brn
|move|p2a: Drednaw|Liquidation|p1a: Sableye
|-damage|p1a: Sableye|2/100
|-damage|p2a: Drednaw|56/100 brn|[from] item: Life Orb
|
|-weather|RainDance|[upkeep]
|-heal|p1a: Sableye|8/100|[from] item: Leftovers
|-damage|p2a: Drednaw|49/100 brn|[from] brn
|upkeep
|turn|46
|
|move|p1a: Sableye|Recover|p1a: Sableye
|-heal|p1a: Sableye|58/100
|move|p2a: Drednaw|Swords Dance|p2a: Drednaw
|-boost|p2a: Drednaw|atk|2
|
|-weather|none
|-heal|p1a: Sableye|64/100|[from] item: Leftovers
|-damage|p2a: Drednaw|43/100 brn|[from] brn
|upkeep
|turn|47
|
|move|p1a: Sableye|Encore|p2a: Drednaw
|-start|p2a: Drednaw|Encore
|move|p2a: Drednaw|Swords Dance|p2a: Drednaw
|-boost|p2a: Drednaw|atk|2
|
|-heal|p1a: Sableye|71/100|[from] item: Leftovers
|-damage|p2a: Drednaw|37/100 brn|[from] brn
|upkeep
|turn|48
|l|☆Dollarsalt
|inactive|Dollarsalt disconnected and has 300 seconds to reconnect!
|player|p1|
|j|☆Dollarsalt
|inactive|Dollarsalt reconnected and has 300 seconds left.
|player|p1|Dollarsalt|pokekid
|
|switch|p2a: Mantine|Mantine, M|83/100
|-damage|p2a: Mantine|59/100|[from] Stealth Rock
|move|p1a: Sableye|Knock Off|p2a: Mantine
|-damage|p2a: Mantine|35/100
|
|-heal|p1a: Sableye|77/100|[from] item: Leftovers
|upkeep
|turn|49
|
|move|p1a: Sableye|Will-O-Wisp|p2a: Mantine
|-status|p2a: Mantine|brn
|move|p2a: Mantine|Roost|p2a: Mantine
|-heal|p2a: Mantine|85/100 brn
|-singleturn|p2a: Mantine|move: Roost
|
|-heal|p1a: Sableye|83/100|[from] item: Leftovers
|-damage|p2a: Mantine|79/100 brn|[from] brn
|upkeep
|turn|50
|
|switch|p2a: Drednaw|Drednaw, M|37/100 brn
|-damage|p2a: Drednaw|24/100 brn|[from] Spikes
|-damage|p2a: Drednaw|12/100 brn|[from] Stealth Rock
|move|p1a: Sableye|Encore||[still]
|-fail|p1a: Sableye
|
|-heal|p1a: Sableye|89/100|[from] item: Leftovers
|-damage|p2a: Drednaw|6/100 brn|[from] brn
|upkeep
|turn|51
|
|move|p2a: Drednaw|Liquidation|p1a: Sableye
|-damage|p1a: Sableye|57/100
|-damage|p2a: Drednaw|0 fnt|[from] item: Life Orb
|faint|p2a: Drednaw
|move|p1a: Sableye|Knock Off|p2: Drednaw|[notarget]
|-fail|p1a: Sableye
|
|-heal|p1a: Sableye|63/100|[from] item: Leftovers
|upkeep
|
|switch|p2a: Mantine|Mantine, M|79/100 brn
|-damage|p2a: Mantine|54/100 brn|[from] Stealth Rock
|turn|52
|
|switch|p1a: Vaporeon|Vaporeon, F|94/100
|-damage|p1a: Vaporeon|82/100|[from] Stealth Rock
|-damage|p1a: Vaporeon|69/100|[from] Spikes
|move|p2a: Mantine|Hydro Pump|p1a: Vaporeon
|-heal|p1a: Vaporeon|94/100|[from] ability: Water Absorb|[of] p2a: Mantine
|
|-heal|p1a: Vaporeon|99/100|[from] item: Leftovers
|-damage|p2a: Mantine|48/100 brn|[from] brn
|upkeep
|turn|53
|
|move|p2a: Mantine|Rain Dance|p2a: Mantine
|-weather|RainDance
|move|p1a: Vaporeon|Wish|p1a: Vaporeon
|
|-weather|RainDance|[upkeep]
|-heal|p1a: Vaporeon|100/100|[from] item: Leftovers
|-damage|p2a: Mantine|42/100 brn|[from] brn
|upkeep
|turn|54
|c|☆a rabbit|probably shouldn't have been that impatient w the roll
|c|☆a rabbit|but that was like a 80% chance to kill at that range
|
|move|p2a: Mantine|Hurricane|p1a: Vaporeon
|-crit|p1a: Vaporeon
|-damage|p1a: Vaporeon|62/100
|move|p1a: Vaporeon|Scald|p2a: Mantine
|-resisted|p2a: Mantine
|-damage|p2a: Mantine|22/100 brn
|
|-weather|RainDance|[upkeep]
|-heal|p1a: Vaporeon|100/100|[from] move: Wish|[wisher] Vaporeon
|-damage|p2a: Mantine|16/100 brn|[from] brn
|upkeep
|turn|55
|
|move|p2a: Mantine|Roost|p2a: Mantine
|-heal|p2a: Mantine|66/100 brn
|-singleturn|p2a: Mantine|move: Roost
|move|p1a: Vaporeon|Scald|p2a: Mantine
|-resisted|p2a: Mantine
|-damage|p2a: Mantine|48/100 brn
|
|-weather|RainDance|[upkeep]
|-damage|p2a: Mantine|42/100 brn|[from] brn
|upkeep
|turn|56
|
|move|p2a: Mantine|Roost|p2a: Mantine
|-heal|p2a: Mantine|92/100 brn
|-singleturn|p2a: Mantine|move: Roost
|move|p1a: Vaporeon|Scald|p2a: Mantine
|-resisted|p2a: Mantine
|-damage|p2a: Mantine|73/100 brn
|
|-weather|RainDance|[upkeep]
|-damage|p2a: Mantine|67/100 brn|[from] brn
|upkeep
|turn|57
|
|move|p1a: Vaporeon|Protect|p1a: Vaporeon
|-singleturn|p1a: Vaporeon|Protect
|move|p2a: Mantine|Hurricane|p1a: Vaporeon
|-activate|p1a: Vaporeon|move: Protect
|
|-weather|none
|-damage|p2a: Mantine|61/100 brn|[from] brn
|upkeep
|turn|58
|
|move|p2a: Mantine|Rain Dance|p2a: Mantine
|-weather|RainDance
|move|p1a: Vaporeon|Scald|p2a: Mantine
|-resisted|p2a: Mantine
|-damage|p2a: Mantine|44/100 brn
|
|-weather|RainDance|[upkeep]
|-damage|p2a: Mantine|38/100 brn|[from] brn
|upkeep
|turn|59
|
|move|p2a: Mantine|Roost|p2a: Mantine
|-heal|p2a: Mantine|88/100 brn
|-singleturn|p2a: Mantine|move: Roost
|move|p1a: Vaporeon|Scald|p2a: Mantine
|-resisted|p2a: Mantine
|-damage|p2a: Mantine|69/100 brn
|
|-weather|RainDance|[upkeep]
|-damage|p2a: Mantine|63/100 brn|[from] brn
|upkeep
|turn|60
|
|move|p1a: Vaporeon|Protect|p1a: Vaporeon
|-singleturn|p1a: Vaporeon|Protect
|move|p2a: Mantine|Roost|p2a: Mantine
|-heal|p2a: Mantine|100/100 brn
|-singleturn|p2a: Mantine|move: Roost
|
|-weather|RainDance|[upkeep]
|-damage|p2a: Mantine|94/100 brn|[from] brn
|upkeep
|turn|61
|
|move|p2a: Mantine|Hurricane|p1a: Vaporeon
|-damage|p1a: Vaporeon|77/100
|move|p1a: Vaporeon|Wish|p1a: Vaporeon
|
|-weather|RainDance|[upkeep]
|-heal|p1a: Vaporeon|83/100|[from] item: Leftovers
|-damage|p2a: Mantine|88/100 brn|[from] brn
|upkeep
|turn|62
|
|move|p2a: Mantine|Hurricane|p1a: Vaporeon
|-damage|p1a: Vaporeon|55/100
|move|p1a: Vaporeon|Scald|p2a: Mantine
|-resisted|p2a: Mantine
|-damage|p2a: Mantine|70/100 brn
|
|-weather|none
|-heal|p1a: Vaporeon|100/100|[from] move: Wish|[wisher] Vaporeon
|-damage|p2a: Mantine|64/100 brn|[from] brn
|upkeep
|turn|63
|
|move|p2a: Mantine|Rain Dance|p2a: Mantine
|-weather|RainDance
|move|p1a: Vaporeon|Scald|p2a: Mantine
|-resisted|p2a: Mantine
|-damage|p2a: Mantine|45/100 brn
|
|-weather|RainDance|[upkeep]
|-damage|p2a: Mantine|38/100 brn|[from] brn
|upkeep
|turn|64
|
|move|p2a: Mantine|Hurricane|p1a: Vaporeon
|-damage|p1a: Vaporeon|73/100
|move|p1a: Vaporeon|Scald|p2a: Mantine
|-resisted|p2a: Mantine
|-damage|p2a: Mantine|21/100 brn
|
|-weather|RainDance|[upkeep]
|-heal|p1a: Vaporeon|80/100|[from] item: Leftovers
|-damage|p2a: Mantine|15/100 brn|[from] brn
|upkeep
|turn|65
|
|move|p1a: Vaporeon|Protect|p1a: Vaporeon
|-singleturn|p1a: Vaporeon|Protect
|move|p2a: Mantine|Hurricane|p1a: Vaporeon
|-activate|p1a: Vaporeon|move: Protect
|
|-weather|RainDance|[upkeep]
|-heal|p1a: Vaporeon|86/100|[from] item: Leftovers
|-damage|p2a: Mantine|9/100 brn|[from] brn
|upkeep
|turn|66
|
|move|p2a: Mantine|Hurricane|p1a: Vaporeon
|-damage|p1a: Vaporeon|62/100
|move|p1a: Vaporeon|Scald|p2a: Mantine
|-resisted|p2a: Mantine
|-crit|p2a: Mantine
|-damage|p2a: Mantine|0 fnt
|faint|p2a: Mantine
|
|-weather|RainDance|[upkeep]
|-heal|p1a: Vaporeon|68/100|[from] item: Leftovers
|upkeep
|c|☆a rabbit|gg
|-message|a rabbit forfeited.
|
|win|Dollarsalt
|c|☆Dollarsalt|Gg
