|html|<div class="broadcast-blue"><strong>[Gen 8] RU is currently suspecting Zygarde-10%! For information on how to participate check out the <a href="https://www.smogon.com/forums/threads/np-ru-stage-6-i-wanna-be-your-dog-zygarde-10-suspect-test.3679181/#post-8768959">suspect thread</a>.</strong></div>
|j|☆polar_geass
|j|☆Kansbol
|t:|1615173875
|player|p1|polar_geass|skyla|1475
|player|p2|Kansbol|jasmine|1456
|teamsize|p1|6
|teamsize|p2|6
|gametype|singles
|gen|8
|tier|[Gen 8] RU
|rated|
|clearpoke
|poke|p1|Tangela, M|
|poke|p1|Obstagoon, M|
|poke|p1|Steelix, M|
|poke|p1|Noivern, M|
|poke|p1|Reuniclus, M|
|poke|p1|Hitmontop, M|
|poke|p2|Shedinja|
|poke|p2|Registeel|
|poke|p2|Pyukumuku, M|
|poke|p2|Crobat, M|
|poke|p2|Tangela, F|
|poke|p2|Umbreon, F|
|rule|Sleep Clause Mod: Limit one foe put to sleep
|rule|Species Clause: Limit one of each Pokémon
|rule|OHKO Clause: OHKO moves are banned
|rule|Evasion Moves Clause: Evasion moves are banned
|rule|Endless Battle Clause: Forcing endless battles is banned
|rule|HP Percentage Mod: HP is shown in percentages
|rule|Dynamax Clause: You cannot dynamax
|teampreview
|inactive|Battle timer is ON: inactive players will automatically lose when time's up. (requested by Kansbol)
|
|t:|1615173901
|start
|switch|p1a: Obstagoon|Obstagoon, M|100/100
|switch|p2a: Registeel|Registeel|100/100
|turn|1
|
|t:|1615173910
|switch|p1a: Tangela|Tangela, M|100/100
|move|p2a: Registeel|Toxic|p1a: Tangela
|-status|p1a: Tangela|tox
|
|-damage|p1a: Tangela|95/100 tox|[from] psn
|upkeep
|turn|2
|
|t:|1615173919
|move|p1a: Tangela|Sleep Powder|p2a: Registeel
|-status|p2a: Registeel|slp|[from] move: Sleep Powder
|cant|p2a: Registeel|slp
|
|-damage|p1a: Tangela|83/100 tox|[from] psn
|upkeep
|turn|3
|
|t:|1615173926
|switch|p1a: Hitmontop|Hitmontop, M|100/100
|cant|p2a: Registeel|slp
|
|upkeep
|turn|4
|
|t:|1615173933
|switch|p2a: Tangela|Tangela, F|100/100
|move|p1a: Hitmontop|Thief|p2a: Tangela
|-damage|p2a: Tangela|88/100
|-enditem|p2a: Tangela|Eviolite|[silent]|[from] move: Thief|[of] p1a: Hitmontop
|-item|p1a: Hitmontop|Eviolite|[from] move: Thief|[of] p2a: Tangela
|
|upkeep
|turn|5
|
|t:|1615173943
|switch|p1a: Tangela|Tangela, M|100/100 tox
|move|p2a: Tangela|Knock Off|p1a: Tangela
|-damage|p1a: Tangela|95/100 tox
|-enditem|p1a: Tangela|Eviolite|[from] move: Knock Off|[of] p2a: Tangela
|
|-damage|p1a: Tangela|89/100 tox|[from] psn
|upkeep
|turn|6
|
|t:|1615173951
|switch|p1a: Obstagoon|Obstagoon, M|100/100
|move|p2a: Tangela|Sludge Bomb|p1a: Obstagoon
|-damage|p1a: Obstagoon|75/100
|
|-status|p1a: Obstagoon|brn|[from] item: Flame Orb
|upkeep
|turn|7
|
|t:|1615173963
|switch|p2a: Crobat|Crobat, M|100/100
|move|p1a: Obstagoon|Bulk Up|p1a: Obstagoon
|-boost|p1a: Obstagoon|atk|1
|-boost|p1a: Obstagoon|def|1
|
|-damage|p1a: Obstagoon|69/100 brn|[from] brn
|upkeep
|turn|8
|
|t:|1615173971
|move|p2a: Crobat|Air Slash|p1a: Obstagoon
|-damage|p1a: Obstagoon|45/100 brn
|move|p1a: Obstagoon|Knock Off|p2a: Crobat
|-damage|p2a: Crobat|6/100
|-enditem|p2a: Crobat|Heavy-Duty Boots|[from] move: Knock Off|[of] p1a: Obstagoon
|
|-damage|p1a: Obstagoon|39/100 brn|[from] brn
|upkeep
|turn|9
|
|t:|1615173978
|move|p2a: Crobat|Air Slash|p1a: Obstagoon
|-damage|p1a: Obstagoon|16/100 brn
|move|p1a: Obstagoon|Facade|p2a: Crobat
|-crit|p2a: Crobat
|-damage|p2a: Crobat|0 fnt
|faint|p2a: Crobat
|
|-damage|p1a: Obstagoon|10/100 brn|[from] brn
|upkeep
|
|t:|1615173986
|switch|p2a: Pyukumuku|Pyukumuku, M|100/100
|turn|10
|
|t:|1615173991
|move|p1a: Obstagoon|Switcheroo|p2a: Pyukumuku
|-activate|p1a: Obstagoon|move: Trick|[of] p2a: Pyukumuku
|-item|p2a: Pyukumuku|Flame Orb|[from] move: Switcheroo
|-item|p1a: Obstagoon|Leftovers|[from] move: Switcheroo
|move|p2a: Pyukumuku|Recover||[still]
|-fail|p2a: Pyukumuku|heal
|
|-heal|p1a: Obstagoon|16/100 brn|[from] item: Leftovers
|-damage|p1a: Obstagoon|10/100 brn|[from] brn
|-status|p2a: Pyukumuku|brn|[from] item: Flame Orb
|upkeep
|turn|11
|
|t:|1615174015
|switch|p1a: Tangela|Tangela, M|100/100 tox
|move|p2a: Pyukumuku|Recover||[still]
|-fail|p2a: Pyukumuku|heal
|
|-damage|p1a: Tangela|95/100 tox|[from] psn
|-damage|p2a: Pyukumuku|94/100 brn|[from] brn
|upkeep
|turn|12
|
|t:|1615174024
|switch|p2a: Shedinja|Shedinja|100/100
|move|p1a: Tangela|Knock Off|p2a: Shedinja
|-supereffective|p2a: Shedinja
|-damage|p2a: Shedinja|0 fnt
|-enditem|p2a: Shedinja|Heavy-Duty Boots|[from] move: Knock Off|[of] p1a: Tangela
|faint|p2a: Shedinja
|
|-damage|p1a: Tangela|83/100 tox|[from] psn
|upkeep
|
|t:|1615174037
|switch|p2a: Registeel|Registeel|100/100 slp
|turn|13
|
|t:|1615174051
|switch|p1a: Steelix|Steelix, M|100/100
|-curestatus|p2a: Registeel|slp|[msg]
|move|p2a: Registeel|Stealth Rock|p1a: Steelix
|-sidestart|p1: polar_geass|move: Stealth Rock
|
|upkeep
|turn|14
|
|t:|1615174058
|switch|p2a: Tangela|Tangela, F|100/100
|move|p1a: Steelix|Iron Defense|p1a: Steelix
|-boost|p1a: Steelix|def|2
|
|upkeep
|turn|15
|
|t:|1615174075
|switch|p2a: Pyukumuku|Pyukumuku, M|94/100 brn
|switch|p1a: Noivern|Noivern, M|100/100
|
|-damage|p2a: Pyukumuku|88/100 brn|[from] brn
|upkeep
|turn|16
|
|t:|1615174082
|switch|p2a: Umbreon|Umbreon, F|100/100
|move|p1a: Noivern|U-turn|p2a: Umbreon
|-supereffective|p2a: Umbreon
|-damage|p2a: Umbreon|83/100
|
|t:|1615174087
|switch|p1a: Hitmontop|Hitmontop, M|100/100|[from]move: U-turn
|-damage|p1a: Hitmontop|94/100|[from] Stealth Rock
|
|-heal|p2a: Umbreon|89/100|[from] item: Leftovers
|upkeep
|turn|17
|
|t:|1615174094
|switch|p2a: Tangela|Tangela, F|100/100
|move|p1a: Hitmontop|Rapid Spin|p2a: Tangela
|-damage|p2a: Tangela|84/100
|-boost|p1a: Hitmontop|spe|1
|-sideend|p1: polar_geass|Stealth Rock|[from] move: Rapid Spin|[of] p1a: Hitmontop
|
|upkeep
|turn|18
|
|t:|1615174101
|move|p1a: Hitmontop|Triple Axel|p2a: Tangela
|-supereffective|p2a: Tangela
|-damage|p2a: Tangela|71/100
|-hitcount|p2a: Tangela|1
|move|p2a: Tangela|Knock Off|p1a: Hitmontop
|-resisted|p1a: Hitmontop
|-damage|p1a: Hitmontop|87/100
|-enditem|p1a: Hitmontop|Eviolite|[from] move: Knock Off|[of] p2a: Tangela
|
|upkeep
|turn|19
|
|t:|1615174109
|move|p1a: Hitmontop|Triple Axel|p2a: Tangela
|-supereffective|p2a: Tangela
|-damage|p2a: Tangela|58/100
|-hitcount|p2a: Tangela|1
|move|p2a: Tangela|Giga Drain|p1a: Hitmontop
|-damage|p1a: Hitmontop|58/100
|-heal|p2a: Tangela|71/100|[from] drain|[of] p1a: Hitmontop
|
|upkeep
|turn|20
|
|t:|1615174117
|move|p1a: Hitmontop|Triple Axel|p2a: Tangela
|-supereffective|p2a: Tangela
|-damage|p2a: Tangela|59/100
|-hitcount|p2a: Tangela|1
|move|p2a: Tangela|Giga Drain|p1a: Hitmontop
|-damage|p1a: Hitmontop|28/100
|-heal|p2a: Tangela|71/100|[from] drain|[of] p1a: Hitmontop
|
|upkeep
|turn|21
|
|t:|1615174125
|switch|p1a: Reuniclus|Reuniclus, M|100/100
|move|p2a: Tangela|Giga Drain|p1a: Reuniclus
|-damage|p1a: Reuniclus|86/100
|-heal|p2a: Tangela|80/100|[from] drain|[of] p1a: Reuniclus
|
|upkeep
|turn|22
|
|t:|1615174133
|move|p2a: Tangela|Knock Off|p1a: Reuniclus
|-supereffective|p1a: Reuniclus
|-damage|p1a: Reuniclus|60/100
|-enditem|p1a: Reuniclus|Assault Vest|[from] move: Knock Off|[of] p2a: Tangela
|move|p1a: Reuniclus|Psyshock|p2a: Tangela
|-damage|p2a: Tangela|55/100
|
|upkeep
|turn|23
|
|t:|1615174144
|switch|p2a: Pyukumuku|Pyukumuku, M|88/100 brn
|move|p1a: Reuniclus|Focus Blast|p2a: Pyukumuku
|-damage|p2a: Pyukumuku|55/100 brn
|
|-damage|p2a: Pyukumuku|49/100 brn|[from] brn
|upkeep
|turn|24
|
|t:|1615174152
|move|p1a: Reuniclus|Future Sight|p2a: Pyukumuku
|-start|p1a: Reuniclus|move: Future Sight
|move|p2a: Pyukumuku|Recover|p2a: Pyukumuku
|-heal|p2a: Pyukumuku|99/100 brn
|
|-damage|p2a: Pyukumuku|93/100 brn|[from] brn
|upkeep
|turn|25
|
|t:|1615174158
|switch|p1a: Tangela|Tangela, M|100/100 tox
|move|p2a: Pyukumuku|Toxic|p1a: Tangela
|-fail|p1a: Tangela|tox
|
|-damage|p1a: Tangela|95/100 tox|[from] psn
|-damage|p2a: Pyukumuku|86/100 brn|[from] brn
|upkeep
|turn|26
|
|t:|1615174166
|switch|p2a: Umbreon|Umbreon, F|89/100
|move|p1a: Tangela|Knock Off|p2a: Umbreon
|-resisted|p2a: Umbreon
|-damage|p2a: Umbreon|84/100
|-enditem|p2a: Umbreon|Leftovers|[from] move: Knock Off|[of] p1a: Tangela
|
|-end|p2a: Umbreon|move: Future Sight
|-immune|p2a: Umbreon
|-damage|p1a: Tangela|83/100 tox|[from] psn
|upkeep
|turn|27
|
|t:|1615174178
|switch|p1a: Steelix|Steelix, M|100/100
|move|p2a: Umbreon|Foul Play|p1a: Steelix
|-damage|p1a: Steelix|88/100
|
|-heal|p1a: Steelix|94/100|[from] item: Leftovers
|upkeep
|turn|28
|
|t:|1615174185
|switch|p2a: Pyukumuku|Pyukumuku, M|86/100 brn
|move|p1a: Steelix|Stealth Rock|p2a: Pyukumuku
|-sidestart|p2: Kansbol|move: Stealth Rock
|
|-heal|p1a: Steelix|99/100|[from] item: Leftovers
|-damage|p2a: Pyukumuku|80/100 brn|[from] brn
|upkeep
|turn|29
|
|t:|1615174193
|switch|p1a: Tangela|Tangela, M|100/100 tox
|move|p2a: Pyukumuku|Block|p1a: Tangela
|-activate|p1a: Tangela|trapped
|
|-damage|p1a: Tangela|95/100 tox|[from] psn
|-damage|p2a: Pyukumuku|74/100 brn|[from] brn
|upkeep
|turn|30
|
|t:|1615174200
|move|p1a: Tangela|Sludge Bomb|p2a: Pyukumuku
|-damage|p2a: Pyukumuku|58/100 brn
|move|p2a: Pyukumuku|Soak|p1a: Tangela
|-start|p1a: Tangela|typechange|Water
|
|-damage|p1a: Tangela|83/100 tox|[from] psn
|-damage|p2a: Pyukumuku|51/100 brn|[from] brn
|upkeep
|turn|31
|
|t:|1615174214
|move|p1a: Tangela|Giga Drain|p2a: Pyukumuku
|-supereffective|p2a: Pyukumuku
|-damage|p2a: Pyukumuku|23/100 brn
|-heal|p1a: Tangela|96/100 tox|[from] drain|[of] p2a: Pyukumuku
|move|p2a: Pyukumuku|Recover|p2a: Pyukumuku
|-heal|p2a: Pyukumuku|73/100 brn
|
|-damage|p1a: Tangela|78/100 tox|[from] psn
|-damage|p2a: Pyukumuku|67/100 brn|[from] brn
|upkeep
|turn|32
|
|t:|1615174223
|move|p1a: Tangela|Giga Drain|p2a: Pyukumuku
|-supereffective|p2a: Pyukumuku
|-damage|p2a: Pyukumuku|38/100 brn
|-heal|p1a: Tangela|92/100 tox|[from] drain|[of] p2a: Pyukumuku
|move|p2a: Pyukumuku|Recover|p2a: Pyukumuku
|-heal|p2a: Pyukumuku|88/100 brn
|
|-damage|p1a: Tangela|68/100 tox|[from] psn
|-damage|p2a: Pyukumuku|82/100 brn|[from] brn
|upkeep
|turn|33
|
|t:|1615174233
|move|p1a: Tangela|Giga Drain|p2a: Pyukumuku
|-supereffective|p2a: Pyukumuku
|-damage|p2a: Pyukumuku|51/100 brn
|-heal|p1a: Tangela|82/100 tox|[from] drain|[of] p2a: Pyukumuku
|move|p2a: Pyukumuku|Recover|p2a: Pyukumuku
|-heal|p2a: Pyukumuku|100/100 brn
|
|-damage|p1a: Tangela|52/100 tox|[from] psn
|-damage|p2a: Pyukumuku|94/100 brn|[from] brn
|upkeep
|turn|34
|
|t:|1615174244
|move|p1a: Tangela|Giga Drain|p2a: Pyukumuku
|-supereffective|p2a: Pyukumuku
|-damage|p2a: Pyukumuku|63/100 brn
|-heal|p1a: Tangela|67/100 tox|[from] drain|[of] p2a: Pyukumuku
|move|p2a: Pyukumuku|Soak|p1a: Tangela
|-fail|p1a: Tangela
|
|-damage|p1a: Tangela|31/100 tox|[from] psn
|-damage|p2a: Pyukumuku|57/100 brn|[from] brn
|upkeep
|turn|35
|
|t:|1615174254
|move|p1a: Tangela|Giga Drain|p2a: Pyukumuku
|-supereffective|p2a: Pyukumuku
|-damage|p2a: Pyukumuku|29/100 brn
|-heal|p1a: Tangela|44/100 tox|[from] drain|[of] p2a: Pyukumuku
|move|p2a: Pyukumuku|Recover|p2a: Pyukumuku
|-heal|p2a: Pyukumuku|79/100 brn
|
|-damage|p1a: Tangela|2/100 tox|[from] psn
|-damage|p2a: Pyukumuku|73/100 brn|[from] brn
|upkeep
|turn|36
|
|t:|1615174265
|move|p1a: Tangela|Giga Drain|p2a: Pyukumuku
|-supereffective|p2a: Pyukumuku
|-damage|p2a: Pyukumuku|44/100 brn
|-heal|p1a: Tangela|16/100 tox|[from] drain|[of] p2a: Pyukumuku
|move|p2a: Pyukumuku|Recover|p2a: Pyukumuku
|-heal|p2a: Pyukumuku|94/100 brn
|
|-damage|p1a: Tangela|0 fnt|[from] psn
|faint|p1a: Tangela
|-damage|p2a: Pyukumuku|88/100 brn|[from] brn
|upkeep
|
|t:|1615174275
|switch|p1a: Obstagoon|Obstagoon, M|10/100 brn
|turn|37
|
|t:|1615174281
|move|p1a: Obstagoon|Bulk Up|p1a: Obstagoon
|-boost|p1a: Obstagoon|atk|1
|-boost|p1a: Obstagoon|def|1
|move|p2a: Pyukumuku|Recover|p2a: Pyukumuku
|-heal|p2a: Pyukumuku|100/100 brn
|
|-heal|p1a: Obstagoon|16/100 brn|[from] item: Leftovers
|-damage|p1a: Obstagoon|10/100 brn|[from] brn
|-damage|p2a: Pyukumuku|94/100 brn|[from] brn
|upkeep
|turn|38
|
|t:|1615174292
|move|p1a: Obstagoon|Facade|p2a: Pyukumuku
|-crit|p2a: Pyukumuku
|-damage|p2a: Pyukumuku|17/100 brn
|move|p2a: Pyukumuku|Soak|p1a: Obstagoon
|-start|p1a: Obstagoon|typechange|Water
|
|-heal|p1a: Obstagoon|16/100 brn|[from] item: Leftovers
|-damage|p1a: Obstagoon|10/100 brn|[from] brn
|-damage|p2a: Pyukumuku|11/100 brn|[from] brn
|upkeep
|turn|39
|
|t:|1615174303
|switch|p2a: Tangela|Tangela, F|88/100
|-damage|p2a: Tangela|76/100|[from] Stealth Rock
|move|p1a: Obstagoon|Facade|p2a: Tangela
|-damage|p2a: Tangela|20/100
|
|-heal|p1a: Obstagoon|16/100 brn|[from] item: Leftovers
|-damage|p1a: Obstagoon|10/100 brn|[from] brn
|upkeep
|turn|40
|
|t:|1615174314
|switch|p2a: Pyukumuku|Pyukumuku, M|11/100 brn
|-damage|p2a: Pyukumuku|0 fnt|[from] Stealth Rock
|faint|p2a: Pyukumuku
|move|p1a: Obstagoon|Facade|p2: Pyukumuku|[notarget]
|-fail|p1a: Obstagoon
|
|-heal|p1a: Obstagoon|16/100 brn|[from] item: Leftovers
|-damage|p1a: Obstagoon|10/100 brn|[from] brn
|upkeep
|inactive|Kansbol has 120 seconds left.
|
|t:|1615174342
|switch|p2a: Registeel|Registeel|100/100
|-damage|p2a: Registeel|94/100|[from] Stealth Rock
|turn|41
|
|t:|1615174349
|move|p1a: Obstagoon|Knock Off|p2a: Registeel
|-damage|p2a: Registeel|55/100
|-enditem|p2a: Registeel|Leftovers|[from] move: Knock Off|[of] p1a: Obstagoon
|move|p2a: Registeel|Body Press|p1a: Obstagoon
|-damage|p1a: Obstagoon|0 fnt
|faint|p1a: Obstagoon
|
|upkeep
|
|t:|1615174357
|switch|p1a: Noivern|Noivern, M|100/100
|turn|42
|
|t:|1615174361
|switch|p2a: Umbreon|Umbreon, F|84/100
|-damage|p2a: Umbreon|72/100|[from] Stealth Rock
|move|p1a: Noivern|Flamethrower|p2a: Umbreon
|-damage|p2a: Umbreon|57/100
|
|upkeep
|turn|43
|
|t:|1615174369
|move|p1a: Noivern|U-turn|p2a: Umbreon
|-supereffective|p2a: Umbreon
|-damage|p2a: Umbreon|38/100
|
|t:|1615174373
|switch|p1a: Steelix|Steelix, M|99/100|[from]move: U-turn
|move|p2a: Umbreon|Wish|p2a: Umbreon
|
|-heal|p1a: Steelix|100/100|[from] item: Leftovers
|upkeep
|turn|44
|
|t:|1615174384
|move|p2a: Umbreon|Protect|p2a: Umbreon
|-singleturn|p2a: Umbreon|Protect
|move|p1a: Steelix|Body Press|p2a: Umbreon
|-activate|p2a: Umbreon|move: Protect
|
|-heal|p2a: Umbreon|88/100|[from] move: Wish|[wisher] Umbreon
|upkeep
|turn|45
|
|t:|1615174392
|switch|p2a: Tangela|Tangela, F|53/100
|-damage|p2a: Tangela|41/100|[from] Stealth Rock
|move|p1a: Steelix|Iron Defense|p1a: Steelix
|-boost|p1a: Steelix|def|2
|
|upkeep
|turn|46
|
|t:|1615174399
|move|p2a: Tangela|Synthesis|p2a: Tangela
|-heal|p2a: Tangela|91/100
|move|p1a: Steelix|Body Press|p2a: Tangela
|-damage|p2a: Tangela|44/100
|
|upkeep
|turn|47
|
|t:|1615174408
|move|p2a: Tangela|Giga Drain|p1a: Steelix
|-damage|p1a: Steelix|76/100
|-heal|p2a: Tangela|57/100|[from] drain|[of] p1a: Steelix
|move|p1a: Steelix|Iron Defense|p1a: Steelix
|-boost|p1a: Steelix|def|2
|
|-heal|p1a: Steelix|82/100|[from] item: Leftovers
|upkeep
|turn|48
|
|t:|1615174416
|move|p2a: Tangela|Giga Drain|p1a: Steelix
|-damage|p1a: Steelix|54/100
|-heal|p2a: Tangela|72/100|[from] drain|[of] p1a: Steelix
|move|p1a: Steelix|Body Press|p2a: Tangela
|-damage|p2a: Tangela|0 fnt
|faint|p2a: Tangela
|
|-heal|p1a: Steelix|60/100|[from] item: Leftovers
|upkeep
|-message|Kansbol forfeited.
|
|win|polar_geass
|l|☆Kansbol
|raw|polar_geass's rating: 1475 &rarr; <strong>1494</strong><br />(+19 for winning)
|raw|Kansbol's rating: 1457 &rarr; <strong>1438</strong><br />(-19 for losing)
