|j|☆Enter Pls
|j|☆tay sachs
|player|p1|Enter Pls|koga|1137
|player|p2|tay sachs|blue-gen7|1259
|teamsize|p1|6
|teamsize|p2|6
|gametype|singles
|gen|8
|tier|[Gen 8] RU
|rated|
|clearpoke
|poke|p1|Drapion, F|
|poke|p1|Vikavolt, M|
|poke|p1|Rillaboom, M|
|poke|p1|Whimsicott, F|
|poke|p1|Vaporeon, F|
|poke|p1|Runerigus, M|
|poke|p2|Steelix, M|
|poke|p2|Scrafty, M|
|poke|p2|Snorlax, M|
|poke|p2|Salazzle, F|
|poke|p2|Vileplume, F|
|poke|p2|Drampa, M|
|rule|Sleep Clause Mod: Limit one foe put to sleep
|rule|Species Clause: Limit one of each Pokémon
|rule|OHKO Clause: OHKO moves are banned
|rule|Evasion Moves Clause: Evasion moves are banned
|rule|Endless Battle Clause: Forcing endless battles is banned
|rule|HP Percentage Mod: HP is shown in percentages
|rule|Dynamax Clause: You cannot dynamax
|teampreview
|
|start
|switch|p1a: Runerigus|Runerigus, M|100/100
|switch|p2a: Steelix|Steelix, M|100/100
|turn|1
|
|switch|p2a: Scrafty|Scrafty, M|100/100
|move|p1a: Runerigus|Will-O-Wisp|p2a: Scrafty|[miss]
|-miss|p1a: Runerigus|p2a: Scrafty
|
|upkeep
|turn|2
|
|switch|p1a: Whimsicott|Whimsicott, F|100/100
|move|p2a: Scrafty|Knock Off|p1a: Whimsicott
|-resisted|p1a: Whimsicott
|-damage|p1a: Whimsicott|78/100
|-enditem|p1a: Whimsicott|Choice Specs|[from] move: Knock Off|[of] p2a: Scrafty
|
|upkeep
|turn|3
|
|switch|p2a: Snorlax|Snorlax, M|100/100
|move|p1a: Whimsicott|Switcheroo|p2a: Snorlax
|-activate|p1a: Whimsicott|move: Trick|[of] p2a: Snorlax
|-enditem|p2a: Snorlax|Leftovers|[silent]|[from] move: Switcheroo
|-item|p1a: Whimsicott|Leftovers|[from] move: Switcheroo
|
|-heal|p1a: Whimsicott|84/100|[from] item: Leftovers
|upkeep
|turn|4
|
|switch|p1a: Runerigus|Runerigus, M|100/100
|switch|p2a: Vileplume|Vileplume, F|100/100
|
|upkeep
|turn|5
|
|switch|p2a: Steelix|Steelix, M|100/100
|switch|p1a: Vikavolt|Vikavolt, M|100/100
|
|upkeep
|turn|6
|
|move|p1a: Vikavolt|Sticky Web|p2a: Steelix
|-sidestart|p2: tay sachs|move: Sticky Web
|move|p2a: Steelix|Stealth Rock|p1a: Vikavolt
|-sidestart|p1: Enter Pls|move: Stealth Rock
|
|upkeep
|turn|7
|
|switch|p1a: Runerigus|Runerigus, M|100/100
|-damage|p1a: Runerigus|94/100|[from] Stealth Rock
|move|p2a: Steelix|Head Smash|p1a: Runerigus
|-resisted|p1a: Runerigus
|-damage|p1a: Runerigus|82/100
|-activate|p1a: Runerigus|ability: Wandering Spirit|Rock Head|Wandering Spirit|[of] p2a: Steelix
|-damage|p2a: Steelix|95/100|[from] Recoil
|
|-heal|p2a: Steelix|100/100|[from] item: Leftovers
|-heal|p1a: Runerigus|88/100|[from] item: Leftovers
|upkeep
|turn|8
|
|switch|p2a: Drampa|Drampa, M|100/100
|-activate|p2a: Drampa|move: Sticky Web
|-unboost|p2a: Drampa|spe|1
|move|p1a: Runerigus|Will-O-Wisp|p2a: Drampa|[miss]
|-miss|p1a: Runerigus|p2a: Drampa
|
|-heal|p1a: Runerigus|95/100|[from] item: Leftovers
|upkeep
|turn|9
|
|move|p2a: Drampa|Hyper Voice|p1a: Runerigus
|-immune|p1a: Runerigus
|move|p1a: Runerigus|Stealth Rock|p2a: Drampa
|-sidestart|p2: tay sachs|move: Stealth Rock
|
|-heal|p1a: Runerigus|100/100|[from] item: Leftovers
|upkeep
|turn|10
|
|switch|p2a: Scrafty|Scrafty, M|100/100
|-damage|p2a: Scrafty|94/100|[from] Stealth Rock
|-activate|p2a: Scrafty|move: Sticky Web
|-unboost|p2a: Scrafty|spe|1
|move|p1a: Runerigus|Earthquake|p2a: Scrafty
|-damage|p2a: Scrafty|63/100
|
|-heal|p2a: Scrafty|69/100|[from] item: Leftovers
|upkeep
|turn|11
|
|switch|p1a: Whimsicott|Whimsicott, F|84/100
|-damage|p1a: Whimsicott|71/100|[from] Stealth Rock
|move|p2a: Scrafty|Knock Off|p1a: Whimsicott
|-resisted|p1a: Whimsicott
|-damage|p1a: Whimsicott|50/100
|-enditem|p1a: Whimsicott|Leftovers|[from] move: Knock Off|[of] p2a: Scrafty
|
|-heal|p2a: Scrafty|75/100|[from] item: Leftovers
|upkeep
|turn|12
|
|switch|p2a: Snorlax|Snorlax, M|100/100
|-damage|p2a: Snorlax|88/100|[from] Stealth Rock
|-activate|p2a: Snorlax|move: Sticky Web
|-unboost|p2a: Snorlax|spe|1
|move|p1a: Whimsicott|Giga Drain|p2a: Snorlax
|-damage|p2a: Snorlax|75/100
|-heal|p1a: Whimsicott|63/100|[from] drain|[of] p2a: Snorlax
|
|upkeep
|turn|13
|
|switch|p1a: Vaporeon|Vaporeon, F|100/100
|-damage|p1a: Vaporeon|88/100|[from] Stealth Rock
|move|p2a: Snorlax|Body Slam|p1a: Vaporeon
|-damage|p1a: Vaporeon|65/100
|
|-heal|p1a: Vaporeon|71/100|[from] item: Leftovers
|upkeep
|turn|14
|
|move|p1a: Vaporeon|Flip Turn|p2a: Snorlax
|-damage|p2a: Snorlax|62/100
|
|switch|p1a: Runerigus|Runerigus, M|100/100|[from]move: Flip Turn
|-damage|p1a: Runerigus|94/100|[from] Stealth Rock
|move|p2a: Snorlax|Body Slam|p1a: Runerigus
|-immune|p1a: Runerigus
|
|-heal|p1a: Runerigus|100/100|[from] item: Leftovers
|upkeep
|turn|15
|
|switch|p2a: Scrafty|Scrafty, M|75/100
|-damage|p2a: Scrafty|69/100|[from] Stealth Rock
|-activate|p2a: Scrafty|move: Sticky Web
|-unboost|p2a: Scrafty|spe|1
|move|p1a: Runerigus|Earthquake|p2a: Scrafty
|-damage|p2a: Scrafty|39/100
|
|-heal|p2a: Scrafty|45/100|[from] item: Leftovers
|upkeep
|turn|16
|
|move|p2a: Scrafty|Rest|p2a: Scrafty
|-status|p2a: Scrafty|slp|[from] move: Rest
|-heal|p2a: Scrafty|100/100 slp|[silent]
|move|p1a: Runerigus|Earthquake|p2a: Scrafty
|-damage|p2a: Scrafty|69/100 slp
|
|-heal|p2a: Scrafty|75/100 slp|[from] item: Leftovers
|upkeep
|turn|17
|
|switch|p1a: Rillaboom|Rillaboom, M|100/100
|-damage|p1a: Rillaboom|88/100|[from] Stealth Rock
|-fieldstart|move: Grassy Terrain|[from] ability: Grassy Surge|[of] p1a: Rillaboom
|cant|p2a: Scrafty|slp
|
|-activate|p2a: Scrafty|ability: Shed Skin
|-curestatus|p2a: Scrafty|slp|[msg]
|-heal|p1a: Rillaboom|94/100|[from] Grassy Terrain
|-heal|p2a: Scrafty|81/100|[from] item: Leftovers
|-heal|p2a: Scrafty|87/100|[from] Grassy Terrain
|upkeep
|turn|18
|
|switch|p2a: Vileplume|Vileplume, F|100/100
|-activate|p2a: Vileplume|move: Sticky Web
|-unboost|p2a: Vileplume|spe|1
|-damage|p2a: Vileplume|88/100|[from] Stealth Rock
|move|p1a: Rillaboom|U-turn|p2a: Vileplume
|-damage|p2a: Vileplume|62/100
|
|switch|p1a: Vikavolt|Vikavolt, M|100/100|[from]move: U-turn
|
|-heal|p2a: Vileplume|68/100|[from] item: Black Sludge
|-heal|p2a: Vileplume|74/100|[from] Grassy Terrain
|upkeep
|turn|19
|
|switch|p2a: Steelix|Steelix, M|100/100
|-damage|p2a: Steelix|97/100|[from] Stealth Rock
|-activate|p2a: Steelix|move: Sticky Web
|-unboost|p2a: Steelix|spe|1
|move|p1a: Vikavolt|Bug Buzz|p2a: Steelix
|-resisted|p2a: Steelix
|-damage|p2a: Steelix|72/100
|
|-heal|p2a: Steelix|78/100|[from] item: Leftovers
|-heal|p2a: Steelix|85/100|[from] Grassy Terrain
|upkeep
|turn|20
|
|switch|p1a: Runerigus|Runerigus, M|100/100
|-damage|p1a: Runerigus|94/100|[from] Stealth Rock
|switch|p2a: Drampa|Drampa, M|100/100
|-activate|p2a: Drampa|move: Sticky Web
|-unboost|p2a: Drampa|spe|1
|-damage|p2a: Drampa|88/100|[from] Stealth Rock
|
|-heal|p2a: Drampa|94/100|[from] Grassy Terrain
|-heal|p1a: Runerigus|100/100|[from] item: Leftovers
|upkeep
|turn|21
|
|move|p2a: Drampa|Draco Meteor|p1a: Runerigus
|-damage|p1a: Runerigus|14/100
|-unboost|p2a: Drampa|spa|2
|move|p1a: Runerigus|Earthquake|p2a: Drampa
|-damage|p2a: Drampa|72/100
|
|-heal|p2a: Drampa|78/100|[from] Grassy Terrain
|-heal|p1a: Runerigus|20/100|[from] item: Leftovers
|-heal|p1a: Runerigus|26/100|[from] Grassy Terrain
|-fieldend|move: Grassy Terrain
|upkeep
|turn|22
|
|move|p2a: Drampa|Draco Meteor|p1a: Runerigus|[miss]
|-miss|p2a: Drampa|p1a: Runerigus
|move|p1a: Runerigus|Will-O-Wisp|p2a: Drampa
|-status|p2a: Drampa|brn
|
|-heal|p1a: Runerigus|33/100|[from] item: Leftovers
|-damage|p2a: Drampa|72/100 brn|[from] brn
|upkeep
|turn|23
|
|switch|p1a: Whimsicott|Whimsicott, F|63/100
|-damage|p1a: Whimsicott|50/100|[from] Stealth Rock
|move|p2a: Drampa|Draco Meteor|p1a: Whimsicott
|-immune|p1a: Whimsicott
|
|-damage|p2a: Drampa|65/100 brn|[from] brn
|upkeep
|turn|24
|
|switch|p1a: Runerigus|Runerigus, M|33/100
|-damage|p1a: Runerigus|26/100|[from] Stealth Rock
|switch|p2a: Snorlax|Snorlax, M|62/100
|-damage|p2a: Snorlax|50/100|[from] Stealth Rock
|-activate|p2a: Snorlax|move: Sticky Web
|-unboost|p2a: Snorlax|spe|1
|
|-heal|p1a: Runerigus|33/100|[from] item: Leftovers
|upkeep
|turn|25
|
|switch|p2a: Scrafty|Scrafty, M|87/100
|-activate|p2a: Scrafty|move: Sticky Web
|-unboost|p2a: Scrafty|spe|1
|-damage|p2a: Scrafty|81/100|[from] Stealth Rock
|move|p1a: Runerigus|Earthquake|p2a: Scrafty
|-damage|p2a: Scrafty|52/100
|
|-heal|p2a: Scrafty|58/100|[from] item: Leftovers
|-heal|p1a: Runerigus|39/100|[from] item: Leftovers
|upkeep
|turn|26
|
|move|p2a: Scrafty|Knock Off|p1a: Runerigus
|-supereffective|p1a: Runerigus
|-damage|p1a: Runerigus|0 fnt
|-activate|p1a: Runerigus|ability: Wandering Spirit|Shed Skin|Wandering Spirit|[of] p2a: Scrafty
|-enditem|p1a: Runerigus|Leftovers|[from] move: Knock Off|[of] p2a: Scrafty
|faint|p1a: Runerigus
|
|-heal|p2a: Scrafty|64/100|[from] item: Leftovers
|upkeep
|
|switch|p1a: Rillaboom|Rillaboom, M|94/100
|-damage|p1a: Rillaboom|82/100|[from] Stealth Rock
|-fieldstart|move: Grassy Terrain|[from] ability: Grassy Surge|[of] p1a: Rillaboom
|turn|27
|
|switch|p2a: Salazzle|Salazzle, F|100/100
|move|p1a: Rillaboom|U-turn|p2a: Salazzle
|-resisted|p2a: Salazzle
|-damage|p2a: Salazzle|85/100
|
|switch|p1a: Vaporeon|Vaporeon, F|71/100|[from]move: U-turn
|-damage|p1a: Vaporeon|58/100|[from] Stealth Rock
|
|-heal|p2a: Salazzle|91/100|[from] Grassy Terrain
|-heal|p1a: Vaporeon|65/100|[from] item: Leftovers
|-heal|p1a: Vaporeon|71/100|[from] Grassy Terrain
|upkeep
|turn|28
|
|switch|p2a: Vileplume|Vileplume, F|74/100
|-activate|p2a: Vileplume|move: Sticky Web
|-unboost|p2a: Vileplume|spe|1
|-damage|p2a: Vileplume|62/100|[from] Stealth Rock
|move|p1a: Vaporeon|Flip Turn|p2a: Vileplume
|-resisted|p2a: Vileplume
|-damage|p2a: Vileplume|57/100
|
|switch|p1a: Vikavolt|Vikavolt, M|100/100|[from]move: Flip Turn
|
|-heal|p2a: Vileplume|63/100|[from] item: Black Sludge
|-heal|p2a: Vileplume|69/100|[from] Grassy Terrain
|upkeep
|turn|29
|
|switch|p2a: Steelix|Steelix, M|85/100
|-damage|p2a: Steelix|82/100|[from] Stealth Rock
|-activate|p2a: Steelix|move: Sticky Web
|-unboost|p2a: Steelix|spe|1
|move|p1a: Vikavolt|Bug Buzz|p2a: Steelix
|-resisted|p2a: Steelix
|-damage|p2a: Steelix|57/100
|
|-heal|p2a: Steelix|63/100|[from] item: Leftovers
|-heal|p2a: Steelix|69/100|[from] Grassy Terrain
|upkeep
|turn|30
|
|switch|p1a: Vaporeon|Vaporeon, F|71/100
|-damage|p1a: Vaporeon|58/100|[from] Stealth Rock
|switch|p2a: Vileplume|Vileplume, F|69/100
|-damage|p2a: Vileplume|57/100|[from] Stealth Rock
|-activate|p2a: Vileplume|move: Sticky Web
|-unboost|p2a: Vileplume|spe|1
|
|-heal|p1a: Vaporeon|65/100|[from] item: Leftovers
|-heal|p1a: Vaporeon|71/100|[from] Grassy Terrain
|-heal|p2a: Vileplume|63/100|[from] item: Black Sludge
|-heal|p2a: Vileplume|69/100|[from] Grassy Terrain
|upkeep
|turn|31
|
|move|p1a: Vaporeon|Flip Turn|p2a: Vileplume
|-resisted|p2a: Vileplume
|-damage|p2a: Vileplume|64/100
|-status|p1a: Vaporeon|slp|[from] ability: Effect Spore|[of] p2a: Vileplume
|
|switch|p1a: Vikavolt|Vikavolt, M|100/100|[from]move: Flip Turn
|move|p2a: Vileplume|Giga Drain|p1a: Vikavolt
|-resisted|p1a: Vikavolt
|-damage|p1a: Vikavolt|72/100
|-heal|p2a: Vileplume|76/100|[from] drain|[of] p1a: Vikavolt
|
|-heal|p2a: Vileplume|82/100|[from] item: Black Sludge
|-heal|p2a: Vileplume|88/100|[from] Grassy Terrain
|-fieldend|move: Grassy Terrain
|upkeep
|turn|32
|
|switch|p2a: Steelix|Steelix, M|69/100
|-damage|p2a: Steelix|66/100|[from] Stealth Rock
|-activate|p2a: Steelix|move: Sticky Web
|-unboost|p2a: Steelix|spe|1
|move|p1a: Vikavolt|Bug Buzz|p2a: Steelix
|-resisted|p2a: Steelix
|-damage|p2a: Steelix|45/100
|
|-heal|p2a: Steelix|51/100|[from] item: Leftovers
|upkeep
|turn|33
|
|move|p1a: Vikavolt|Bug Buzz|p2a: Steelix
|-resisted|p2a: Steelix
|-damage|p2a: Steelix|26/100
|move|p2a: Steelix|Head Smash|p1a: Vikavolt
|-supereffective|p1a: Vikavolt
|-damage|p1a: Vikavolt|0 fnt
|faint|p1a: Vikavolt
|
|-heal|p2a: Steelix|32/100|[from] item: Leftovers
|upkeep
|
|switch|p1a: Rillaboom|Rillaboom, M|82/100
|-damage|p1a: Rillaboom|70/100|[from] Stealth Rock
|-fieldstart|move: Grassy Terrain|[from] ability: Grassy Surge|[of] p1a: Rillaboom
|turn|34
|
|move|p1a: Rillaboom|U-turn|p2a: Steelix
|-resisted|p2a: Steelix
|-damage|p2a: Steelix|23/100
|
|switch|p1a: Vaporeon|Vaporeon, F|71/100 slp|[from]move: U-turn
|-damage|p1a: Vaporeon|58/100 slp|[from] Stealth Rock
|move|p2a: Steelix|Head Smash|p1a: Vaporeon|[miss]
|-miss|p2a: Steelix|p1a: Vaporeon
|
|-heal|p1a: Vaporeon|65/100 slp|[from] item: Leftovers
|-heal|p1a: Vaporeon|71/100 slp|[from] Grassy Terrain
|-heal|p2a: Steelix|29/100|[from] item: Leftovers
|-heal|p2a: Steelix|36/100|[from] Grassy Terrain
|upkeep
|turn|35
|
|switch|p2a: Vileplume|Vileplume, F|88/100
|-damage|p2a: Vileplume|76/100|[from] Stealth Rock
|-activate|p2a: Vileplume|move: Sticky Web
|-unboost|p2a: Vileplume|spe|1
|cant|p1a: Vaporeon|slp
|
|-heal|p1a: Vaporeon|77/100 slp|[from] item: Leftovers
|-heal|p1a: Vaporeon|83/100 slp|[from] Grassy Terrain
|-heal|p2a: Vileplume|82/100|[from] item: Black Sludge
|-heal|p2a: Vileplume|88/100|[from] Grassy Terrain
|upkeep
|turn|36
|
|switch|p1a: Drapion|Drapion, F|100/100
|-damage|p1a: Drapion|88/100|[from] Stealth Rock
|move|p2a: Vileplume|Giga Drain|p1a: Drapion
|-resisted|p1a: Drapion
|-damage|p1a: Drapion|73/100
|-heal|p2a: Vileplume|96/100|[from] drain|[of] p1a: Drapion
|
|-heal|p1a: Drapion|79/100|[from] Grassy Terrain
|-heal|p2a: Vileplume|100/100|[from] item: Black Sludge
|upkeep
|turn|37
|
|move|p1a: Drapion|Knock Off|p2a: Vileplume
|-damage|p2a: Vileplume|76/100
|-enditem|p2a: Vileplume|Black Sludge|[from] move: Knock Off|[of] p1a: Drapion
|move|p2a: Vileplume|Strength Sap|p1a: Drapion
|-unboost|p1a: Drapion|atk|1
|-heal|p2a: Vileplume|100/100
|
|-heal|p1a: Drapion|85/100|[from] Grassy Terrain
|upkeep
|turn|38
|
|move|p1a: Drapion|Acupressure|p1a: Drapion
|-boost|p1a: Drapion|spe|2
|move|p2a: Vileplume|Growth|p2a: Vileplume
|-boost|p2a: Vileplume|atk|1
|-boost|p2a: Vileplume|spa|1
|
|-heal|p1a: Drapion|91/100|[from] Grassy Terrain
|-fieldend|move: Grassy Terrain
|upkeep
|turn|39
|
|switch|p2a: Scrafty|Scrafty, M|64/100
|-damage|p2a: Scrafty|58/100|[from] Stealth Rock
|-activate|p2a: Scrafty|move: Sticky Web
|-unboost|p2a: Scrafty|spe|1
|move|p1a: Drapion|Acupressure|p1a: Drapion
|-boost|p1a: Drapion|accuracy|2
|
|-heal|p2a: Scrafty|64/100|[from] item: Leftovers
|upkeep
|turn|40
|
|move|p1a: Drapion|Knock Off|p2a: Scrafty
|-resisted|p2a: Scrafty
|-damage|p2a: Scrafty|59/100
|-enditem|p2a: Scrafty|Leftovers|[from] move: Knock Off|[of] p1a: Drapion
|move|p2a: Scrafty|Bulk Up|p2a: Scrafty
|-boost|p2a: Scrafty|atk|1
|-boost|p2a: Scrafty|def|1
|
|upkeep
|turn|41
|
|move|p1a: Drapion|Iron Defense|p1a: Drapion
|-boost|p1a: Drapion|def|2
|move|p2a: Scrafty|Drain Punch|p1a: Drapion
|-damage|p1a: Drapion|74/100
|-heal|p2a: Scrafty|68/100|[from] drain|[of] p1a: Drapion
|
|upkeep
|turn|42
|
|move|p1a: Drapion|Acupressure|p1a: Drapion
|-boost|p1a: Drapion|spd|2
|move|p2a: Scrafty|Bulk Up|p2a: Scrafty
|-boost|p2a: Scrafty|atk|1
|-boost|p2a: Scrafty|def|1
|
|upkeep
|turn|43
|
|move|p1a: Drapion|Iron Defense|p1a: Drapion
|-boost|p1a: Drapion|def|2
|move|p2a: Scrafty|Bulk Up|p2a: Scrafty
|-boost|p2a: Scrafty|atk|1
|-boost|p2a: Scrafty|def|1
|
|upkeep
|turn|44
|
|move|p1a: Drapion|Iron Defense|p1a: Drapion
|-boost|p1a: Drapion|def|2
|move|p2a: Scrafty|Bulk Up|p2a: Scrafty
|-boost|p2a: Scrafty|atk|1
|-boost|p2a: Scrafty|def|1
|
|upkeep
|turn|45
|
|move|p1a: Drapion|Acupressure|p1a: Drapion
|-boost|p1a: Drapion|accuracy|2
|move|p2a: Scrafty|Bulk Up|p2a: Scrafty
|-boost|p2a: Scrafty|atk|1
|-boost|p2a: Scrafty|def|1
|
|upkeep
|turn|46
|
|move|p1a: Drapion|Acupressure|p1a: Drapion
|-boost|p1a: Drapion|spa|2
|move|p2a: Scrafty|Bulk Up|p2a: Scrafty
|-boost|p2a: Scrafty|atk|1
|-boost|p2a: Scrafty|def|1
|
|upkeep
|turn|47
|
|move|p1a: Drapion|Acupressure|p1a: Drapion
|-boost|p1a: Drapion|spd|2
|move|p2a: Scrafty|Drain Punch|p1a: Drapion
|-damage|p1a: Drapion|53/100
|-heal|p2a: Scrafty|79/100|[from] drain|[of] p1a: Drapion
|
|upkeep
|turn|48
|
|move|p1a: Drapion|Acupressure|p1a: Drapion
|-boost|p1a: Drapion|atk|2
|move|p2a: Scrafty|Drain Punch|p1a: Drapion
|-damage|p1a: Drapion|32/100
|-heal|p2a: Scrafty|91/100|[from] drain|[of] p1a: Drapion
|
|upkeep
|turn|49
|
|move|p1a: Drapion|Acupressure|p1a: Drapion
|-boost|p1a: Drapion|spe|2
|move|p2a: Scrafty|Drain Punch|p1a: Drapion
|-damage|p1a: Drapion|11/100
|-heal|p2a: Scrafty|100/100|[from] drain|[of] p1a: Drapion
|
|upkeep
|turn|50
|
|move|p1a: Drapion|Rest|p1a: Drapion
|-status|p1a: Drapion|slp|[from] move: Rest
|-heal|p1a: Drapion|100/100 slp|[silent]
|-enditem|p1a: Drapion|Chesto Berry|[eat]
|-curestatus|p1a: Drapion|slp|[msg]
|move|p2a: Scrafty|Drain Punch|p1a: Drapion
|-damage|p1a: Drapion|80/100
|
|upkeep
|turn|51
|
|move|p1a: Drapion|Acupressure|p1a: Drapion
|-boost|p1a: Drapion|accuracy|2
|move|p2a: Scrafty|Drain Punch|p1a: Drapion
|-damage|p1a: Drapion|58/100
|
|upkeep
|turn|52
|
|move|p1a: Drapion|Acupressure|p1a: Drapion
|-boost|p1a: Drapion|spd|2
|move|p2a: Scrafty|Drain Punch|p1a: Drapion
|-damage|p1a: Drapion|35/100
|
|upkeep
|turn|53
|
|move|p1a: Drapion|Acupressure|p1a: Drapion
|-boost|p1a: Drapion|spe|2
|move|p2a: Scrafty|Drain Punch|p1a: Drapion
|-damage|p1a: Drapion|12/100
|
|upkeep
|turn|54
|
|move|p1a: Drapion|Rest|p1a: Drapion
|-status|p1a: Drapion|slp|[from] move: Rest
|-heal|p1a: Drapion|100/100 slp|[silent]
|move|p2a: Scrafty|Knock Off|p1a: Drapion
|-resisted|p1a: Drapion
|-damage|p1a: Drapion|91/100 slp
|
|upkeep
|turn|55
|
|cant|p1a: Drapion|slp
|move|p2a: Scrafty|Knock Off|p1a: Drapion
|-resisted|p1a: Drapion
|-damage|p1a: Drapion|82/100 slp
|
|upkeep
|turn|56
|
|cant|p1a: Drapion|slp
|move|p2a: Scrafty|Knock Off|p1a: Drapion
|-resisted|p1a: Drapion
|-damage|p1a: Drapion|72/100 slp
|
|upkeep
|turn|57
|
|-curestatus|p1a: Drapion|slp|[msg]
|move|p1a: Drapion|Acupressure|p1a: Drapion
|-boost|p1a: Drapion|atk|2
|move|p2a: Scrafty|Knock Off|p1a: Drapion
|-resisted|p1a: Drapion
|-damage|p1a: Drapion|62/100
|
|upkeep
|turn|58
|
|move|p1a: Drapion|Acupressure|p1a: Drapion
|-boost|p1a: Drapion|evasion|2
|move|p2a: Scrafty|Bulk Up|p2a: Scrafty
|-boost|p2a: Scrafty|atk|0
|-boost|p2a: Scrafty|def|0
|
|upkeep
|turn|59
|
|move|p1a: Drapion|Acupressure|p1a: Drapion
|-boost|p1a: Drapion|spa|2
|move|p2a: Scrafty|Drain Punch|p1a: Drapion|[miss]
|-miss|p2a: Scrafty|p1a: Drapion
|
|upkeep
|turn|60
|
|move|p1a: Drapion|Acupressure|p1a: Drapion
|-boost|p1a: Drapion|spa|2
|move|p2a: Scrafty|Knock Off|p1a: Drapion|[miss]
|-miss|p2a: Scrafty|p1a: Drapion
|
|upkeep
|turn|61
|
|move|p1a: Drapion|Acupressure|p1a: Drapion
|-boost|p1a: Drapion|atk|2
|move|p2a: Scrafty|Knock Off|p1a: Drapion|[miss]
|-miss|p2a: Scrafty|p1a: Drapion
|
|upkeep
|turn|62
|
|move|p1a: Drapion|Acupressure|p1a: Drapion
|-boost|p1a: Drapion|evasion|2
|move|p2a: Scrafty|Knock Off|p1a: Drapion|[miss]
|-miss|p2a: Scrafty|p1a: Drapion
|
|upkeep
|turn|63
|
|move|p1a: Drapion|Acupressure|p1a: Drapion
|-boost|p1a: Drapion|evasion|2
|move|p2a: Scrafty|Knock Off|p1a: Drapion
|-resisted|p1a: Drapion
|-damage|p1a: Drapion|53/100
|
|upkeep
|turn|64
|
|move|p1a: Drapion|Acupressure|p1a: Drapion
|-boost|p1a: Drapion|atk|1
|move|p2a: Scrafty|Knock Off|p1a: Drapion|[miss]
|-miss|p2a: Scrafty|p1a: Drapion
|
|upkeep
|turn|65
|
|move|p1a: Drapion|Rest|p1a: Drapion
|-status|p1a: Drapion|slp|[from] move: Rest
|-heal|p1a: Drapion|100/100 slp|[silent]
|move|p2a: Scrafty|Knock Off|p1a: Drapion
|-resisted|p1a: Drapion
|-damage|p1a: Drapion|91/100 slp
|
|upkeep
|turn|66
|
|cant|p1a: Drapion|slp
|move|p2a: Scrafty|Knock Off|p1a: Drapion|[miss]
|-miss|p2a: Scrafty|p1a: Drapion
|
|upkeep
|turn|67
|
|cant|p1a: Drapion|slp
|move|p2a: Scrafty|Knock Off|p1a: Drapion
|-resisted|p1a: Drapion
|-damage|p1a: Drapion|82/100 slp
|
|upkeep
|turn|68
|
|-curestatus|p1a: Drapion|slp|[msg]
|move|p1a: Drapion|Acupressure||[still]
|-fail|p1a: Drapion
|move|p2a: Scrafty|Knock Off|p1a: Drapion|[miss]
|-miss|p2a: Scrafty|p1a: Drapion
|
|upkeep
|turn|69
|
|move|p1a: Drapion|Acupressure||[still]
|-fail|p1a: Drapion
|move|p2a: Scrafty|Knock Off|p1a: Drapion|[miss]
|-miss|p2a: Scrafty|p1a: Drapion
|
|upkeep
|turn|70
|
|move|p1a: Drapion|Rest|p1a: Drapion
|-status|p1a: Drapion|slp|[from] move: Rest
|-heal|p1a: Drapion|100/100 slp|[silent]
|move|p2a: Scrafty|Knock Off|p1a: Drapion|[miss]
|-miss|p2a: Scrafty|p1a: Drapion
|
|upkeep
|turn|71
|
|cant|p1a: Drapion|slp
|move|p2a: Scrafty|Bulk Up|p2a: Scrafty
|-boost|p2a: Scrafty|atk|0
|-boost|p2a: Scrafty|def|0
|
|upkeep
|turn|72
|
|cant|p1a: Drapion|slp
|move|p2a: Scrafty|Bulk Up|p2a: Scrafty
|-boost|p2a: Scrafty|atk|0
|-boost|p2a: Scrafty|def|0
|
|upkeep
|turn|73
|
|-curestatus|p1a: Drapion|slp|[msg]
|move|p1a: Drapion|Iron Defense|p1a: Drapion
|-boost|p1a: Drapion|def|0
|move|p2a: Scrafty|Bulk Up|p2a: Scrafty
|-boost|p2a: Scrafty|atk|0
|-boost|p2a: Scrafty|def|0
|
|upkeep
|turn|74
|
|move|p1a: Drapion|Iron Defense|p1a: Drapion
|-boost|p1a: Drapion|def|0
|move|p2a: Scrafty|Bulk Up|p2a: Scrafty
|-boost|p2a: Scrafty|atk|0
|-boost|p2a: Scrafty|def|0
|
|upkeep
|turn|75
|
|move|p1a: Drapion|Iron Defense|p1a: Drapion
|-boost|p1a: Drapion|def|0
|move|p2a: Scrafty|Bulk Up|p2a: Scrafty
|-boost|p2a: Scrafty|atk|0
|-boost|p2a: Scrafty|def|0
|
|upkeep
|turn|76
|
|move|p1a: Drapion|Acupressure||[still]
|-fail|p1a: Drapion
|move|p2a: Scrafty|Bulk Up|p2a: Scrafty
|-boost|p2a: Scrafty|atk|0
|-boost|p2a: Scrafty|def|0
|
|upkeep
|turn|77
|
|move|p1a: Drapion|Iron Defense|p1a: Drapion
|-boost|p1a: Drapion|def|0
|move|p2a: Scrafty|Bulk Up|p2a: Scrafty
|-boost|p2a: Scrafty|atk|0
|-boost|p2a: Scrafty|def|0
|
|upkeep
|turn|78
|
|move|p1a: Drapion|Acupressure||[still]
|-fail|p1a: Drapion
|move|p2a: Scrafty|Bulk Up|p2a: Scrafty
|-boost|p2a: Scrafty|atk|0
|-boost|p2a: Scrafty|def|0
|
|upkeep
|turn|79
|
|move|p1a: Drapion|Iron Defense|p1a: Drapion
|-boost|p1a: Drapion|def|0
|move|p2a: Scrafty|Bulk Up|p2a: Scrafty
|-boost|p2a: Scrafty|atk|0
|-boost|p2a: Scrafty|def|0
|
|upkeep
|turn|80
|
|move|p1a: Drapion|Acupressure||[still]
|-fail|p1a: Drapion
|move|p2a: Scrafty|Bulk Up|p2a: Scrafty
|-boost|p2a: Scrafty|atk|0
|-boost|p2a: Scrafty|def|0
|
|upkeep
|turn|81
|
|move|p1a: Drapion|Acupressure||[still]
|-fail|p1a: Drapion
|move|p2a: Scrafty|Bulk Up|p2a: Scrafty
|-boost|p2a: Scrafty|atk|0
|-boost|p2a: Scrafty|def|0
|
|upkeep
|turn|82
|
|move|p1a: Drapion|Acupressure||[still]
|-fail|p1a: Drapion
|move|p2a: Scrafty|Bulk Up|p2a: Scrafty
|-boost|p2a: Scrafty|atk|0
|-boost|p2a: Scrafty|def|0
|
|upkeep
|turn|83
|
|move|p1a: Drapion|Acupressure||[still]
|-fail|p1a: Drapion
|move|p2a: Scrafty|Bulk Up|p2a: Scrafty
|-boost|p2a: Scrafty|atk|0
|-boost|p2a: Scrafty|def|0
|
|upkeep
|turn|84
|
|move|p1a: Drapion|Acupressure||[still]
|-fail|p1a: Drapion
|move|p2a: Scrafty|Bulk Up|p2a: Scrafty
|-boost|p2a: Scrafty|atk|0
|-boost|p2a: Scrafty|def|0
|
|upkeep
|turn|85
|
|move|p1a: Drapion|Acupressure||[still]
|-fail|p1a: Drapion
|move|p2a: Scrafty|Bulk Up|p2a: Scrafty
|-boost|p2a: Scrafty|atk|0
|-boost|p2a: Scrafty|def|0
|
|upkeep
|turn|86
|
|move|p1a: Drapion|Acupressure||[still]
|-fail|p1a: Drapion
|move|p2a: Scrafty|Bulk Up|p2a: Scrafty
|-boost|p2a: Scrafty|atk|0
|-boost|p2a: Scrafty|def|0
|
|upkeep
|turn|87
|
|move|p1a: Drapion|Acupressure||[still]
|-fail|p1a: Drapion
|move|p2a: Scrafty|Bulk Up|p2a: Scrafty
|-boost|p2a: Scrafty|atk|0
|-boost|p2a: Scrafty|def|0
|
|upkeep
|turn|88
|
|move|p1a: Drapion|Iron Defense|p1a: Drapion
|-boost|p1a: Drapion|def|0
|move|p2a: Scrafty|Bulk Up|p2a: Scrafty
|-boost|p2a: Scrafty|atk|0
|-boost|p2a: Scrafty|def|0
|
|upkeep
|turn|89
|
|move|p1a: Drapion|Acupressure||[still]
|-fail|p1a: Drapion
|move|p2a: Scrafty|Bulk Up|p2a: Scrafty
|-boost|p2a: Scrafty|atk|0
|-boost|p2a: Scrafty|def|0
|
|upkeep
|turn|90
|
|move|p1a: Drapion|Acupressure||[still]
|-fail|p1a: Drapion
|move|p2a: Scrafty|Bulk Up|p2a: Scrafty
|-boost|p2a: Scrafty|atk|0
|-boost|p2a: Scrafty|def|0
|
|upkeep
|turn|91
|
|move|p1a: Drapion|Acupressure||[still]
|-fail|p1a: Drapion
|move|p2a: Scrafty|Bulk Up|p2a: Scrafty
|-boost|p2a: Scrafty|atk|0
|-boost|p2a: Scrafty|def|0
|
|upkeep
|turn|92
|
|move|p1a: Drapion|Iron Defense|p1a: Drapion
|-boost|p1a: Drapion|def|0
|move|p2a: Scrafty|Bulk Up|p2a: Scrafty
|-boost|p2a: Scrafty|atk|0
|-boost|p2a: Scrafty|def|0
|
|upkeep
|turn|93
|
|move|p1a: Drapion|Acupressure||[still]
|-fail|p1a: Drapion
|move|p2a: Scrafty|Bulk Up|p2a: Scrafty
|-boost|p2a: Scrafty|atk|0
|-boost|p2a: Scrafty|def|0
|
|upkeep
|turn|94
|
|move|p1a: Drapion|Iron Defense|p1a: Drapion
|-boost|p1a: Drapion|def|0
|move|p2a: Scrafty|Bulk Up|p2a: Scrafty
|-boost|p2a: Scrafty|atk|0
|-boost|p2a: Scrafty|def|0
|
|upkeep
|turn|95
|
|move|p1a: Drapion|Acupressure||[still]
|-fail|p1a: Drapion
|move|p2a: Scrafty|Bulk Up|p2a: Scrafty
|-boost|p2a: Scrafty|atk|0
|-boost|p2a: Scrafty|def|0
|
|upkeep
|turn|96
|
|move|p1a: Drapion|Iron Defense|p1a: Drapion
|-boost|p1a: Drapion|def|0
|move|p2a: Scrafty|Knock Off|p1a: Drapion
|-resisted|p1a: Drapion
|-damage|p1a: Drapion|91/100
|
|upkeep
|turn|97
|
|move|p1a: Drapion|Rest|p1a: Drapion
|-status|p1a: Drapion|slp|[from] move: Rest
|-heal|p1a: Drapion|100/100 slp|[silent]
|move|p2a: Scrafty|Knock Off|p1a: Drapion
|-resisted|p1a: Drapion
|-damage|p1a: Drapion|91/100 slp
|
|upkeep
|turn|98
|
|cant|p1a: Drapion|slp
|move|p2a: Scrafty|Knock Off|p1a: Drapion|[miss]
|-miss|p2a: Scrafty|p1a: Drapion
|
|upkeep
|turn|99
|
|cant|p1a: Drapion|slp
|move|p2a: Scrafty|Knock Off|p1a: Drapion|[miss]
|-miss|p2a: Scrafty|p1a: Drapion
|
|upkeep
|turn|100
|
|-curestatus|p1a: Drapion|slp|[msg]
|move|p1a: Drapion|Rest|p1a: Drapion
|-status|p1a: Drapion|slp|[from] move: Rest
|-heal|p1a: Drapion|100/100 slp|[silent]
|move|p2a: Scrafty|Knock Off|p1a: Drapion|[miss]
|-miss|p2a: Scrafty|p1a: Drapion
|
|upkeep
|turn|101
|
|cant|p1a: Drapion|slp
|move|p2a: Scrafty|Knock Off|p1a: Drapion
|-resisted|p1a: Drapion
|-damage|p1a: Drapion|91/100 slp
|
|upkeep
|turn|102
|
|cant|p1a: Drapion|slp
|move|p2a: Scrafty|Knock Off|p1a: Drapion|[miss]
|-miss|p2a: Scrafty|p1a: Drapion
|
|upkeep
|turn|103
|
|-curestatus|p1a: Drapion|slp|[msg]
|move|p1a: Drapion|Rest|p1a: Drapion
|-status|p1a: Drapion|slp|[from] move: Rest
|-heal|p1a: Drapion|100/100 slp|[silent]
|move|p2a: Scrafty|Knock Off|p1a: Drapion|[miss]
|-miss|p2a: Scrafty|p1a: Drapion
|
|upkeep
|turn|104
|
|cant|p1a: Drapion|slp
|move|p2a: Scrafty|Knock Off|p1a: Drapion|[miss]
|-miss|p2a: Scrafty|p1a: Drapion
|
|upkeep
|turn|105
|
|cant|p1a: Drapion|slp
|move|p2a: Scrafty|Knock Off|p1a: Drapion
|-resisted|p1a: Drapion
|-damage|p1a: Drapion|92/100 slp
|
|upkeep
|turn|106
|
|-curestatus|p1a: Drapion|slp|[msg]
|move|p1a: Drapion|Rest|p1a: Drapion
|-status|p1a: Drapion|slp|[from] move: Rest
|-heal|p1a: Drapion|100/100 slp|[silent]
|move|p2a: Scrafty|Knock Off|p1a: Drapion|[miss]
|-miss|p2a: Scrafty|p1a: Drapion
|
|upkeep
|turn|107
|
|cant|p1a: Drapion|slp
|move|p2a: Scrafty|Knock Off|p1a: Drapion
|-resisted|p1a: Drapion
|-damage|p1a: Drapion|92/100 slp
|
|upkeep
|turn|108
|
|cant|p1a: Drapion|slp
|move|p2a: Scrafty|Knock Off|p1a: Drapion|[miss]
|-miss|p2a: Scrafty|p1a: Drapion
|
|upkeep
|turn|109
|
|-curestatus|p1a: Drapion|slp|[msg]
|move|p1a: Drapion|Rest|p1a: Drapion
|-status|p1a: Drapion|slp|[from] move: Rest
|-heal|p1a: Drapion|100/100 slp|[silent]
|move|p2a: Scrafty|Knock Off|p1a: Drapion
|-resisted|p1a: Drapion
|-damage|p1a: Drapion|92/100 slp
|
|upkeep
|turn|110
|
|cant|p1a: Drapion|slp
|move|p2a: Scrafty|Drain Punch|p1a: Drapion|[miss]
|-miss|p2a: Scrafty|p1a: Drapion
|
|upkeep
|turn|111
|
|cant|p1a: Drapion|slp
|move|p2a: Scrafty|Drain Punch|p1a: Drapion
|-damage|p1a: Drapion|72/100 slp
|
|upkeep
|turn|112
|
|-curestatus|p1a: Drapion|slp|[msg]
|move|p1a: Drapion|Rest|p1a: Drapion
|-status|p1a: Drapion|slp|[from] move: Rest
|-heal|p1a: Drapion|100/100 slp|[silent]
|move|p2a: Scrafty|Drain Punch|p1a: Drapion|[miss]
|-miss|p2a: Scrafty|p1a: Drapion
|
|upkeep
|turn|113
|
|cant|p1a: Drapion|slp
|move|p2a: Scrafty|Drain Punch|p1a: Drapion|[miss]
|-miss|p2a: Scrafty|p1a: Drapion
|
|upkeep
|turn|114
|
|cant|p1a: Drapion|slp
|move|p2a: Scrafty|Drain Punch|p1a: Drapion
|-damage|p1a: Drapion|79/100 slp
|
|upkeep
|turn|115
|
|-curestatus|p1a: Drapion|slp|[msg]
|move|p1a: Drapion|Rest|p1a: Drapion
|-status|p1a: Drapion|slp|[from] move: Rest
|-heal|p1a: Drapion|100/100 slp|[silent]
|move|p2a: Scrafty|Drain Punch|p1a: Drapion|[miss]
|-miss|p2a: Scrafty|p1a: Drapion
|
|upkeep
|turn|116
|
|cant|p1a: Drapion|slp
|move|p2a: Scrafty|Rest|p2a: Scrafty
|-fail|p2a: Scrafty|heal
|
|upkeep
|turn|117
|
|cant|p1a: Drapion|slp
|move|p2a: Scrafty|Rest|p2a: Scrafty
|-fail|p2a: Scrafty|heal
|
|upkeep
|turn|118
|
|-curestatus|p1a: Drapion|slp|[msg]
|move|p1a: Drapion|Acupressure||[still]
|-fail|p1a: Drapion
|move|p2a: Scrafty|Rest|p2a: Scrafty
|-fail|p2a: Scrafty|heal
|
|upkeep
|turn|119
|
|move|p1a: Drapion|Iron Defense|p1a: Drapion
|-boost|p1a: Drapion|def|0
|move|p2a: Scrafty|Rest|p2a: Scrafty
|-fail|p2a: Scrafty|heal
|
|upkeep
|turn|120
|
|move|p1a: Drapion|Acupressure||[still]
|-fail|p1a: Drapion
|move|p2a: Scrafty|Rest|p2a: Scrafty
|-fail|p2a: Scrafty|heal
|
|upkeep
|turn|121
|
|move|p1a: Drapion|Iron Defense|p1a: Drapion
|-boost|p1a: Drapion|def|0
|move|p2a: Scrafty|Rest|p2a: Scrafty
|-fail|p2a: Scrafty|heal
|
|upkeep
|turn|122
|
|move|p1a: Drapion|Acupressure||[still]
|-fail|p1a: Drapion
|move|p2a: Scrafty|Rest|p2a: Scrafty
|-fail|p2a: Scrafty|heal
|
|upkeep
|turn|123
|c|☆Enter Pls|gg
|-message|tay sachs forfeited.
|
|win|Enter Pls
|l|☆tay sachs
