|j|☆TimmyDillon
|j|☆R3d_VGC
|t:|1664552320
|gametype|singles
|player|p1|TimmyDillon|102|1355
|player|p2|R3d_VGC|1|1434
|teamsize|p1|6
|teamsize|p2|6
|gen|8
|tier|[Gen 8] RU
|rated|
|rule|Sleep Clause Mod: Limit one foe put to sleep
|rule|Species Clause: Limit one of each Pokémon
|rule|OHKO Clause: OHKO moves are banned
|rule|Evasion Items Clause: Evasion items are banned
|rule|Evasion Moves Clause: Evasion moves are banned
|rule|Endless Battle Clause: Forcing endless battles is banned
|rule|HP Percentage Mod: HP is shown in percentages
|rule|Dynamax Clause: You cannot dynamax
|clearpoke
|poke|p1|Ninetales, F|
|poke|p1|Charizard, M|
|poke|p1|Steelix, F|
|poke|p1|Blastoise, F|
|poke|p1|Entei|
|poke|p1|Maractus, F|
|poke|p2|Lucario, F|
|poke|p2|Slurpuff, F|
|poke|p2|Incineroar, F|
|poke|p2|Milotic, F|
|poke|p2|Tsareena, F|
|poke|p2|Polteageist|
|teampreview
|
|t:|1664552329
|start
|switch|p1a: Round|Blastoise, F|100/100
|switch|p2a: Milotic|Milotic, F|100/100
|turn|1
|
|t:|1664552332
|move|p2a: Milotic|Flip Turn|p1a: Round
|-resisted|p1a: Round
|-damage|p1a: Round|96/100
|
|t:|1664552334
|switch|p2a: Tsareena|Tsareena, F|100/100|[from]move: Flip Turn
|move|p1a: Round|Toxic|p2a: Tsareena
|-status|p2a: Tsareena|tox
|
|-heal|p1a: Round|100/100|[from] item: Leftovers
|-damage|p2a: Tsareena|94/100 tox|[from] psn
|upkeep
|turn|2
|
|t:|1664552337
|switch|p1a: 0w0|Steelix, F|100/100
|move|p2a: Tsareena|Power Whip|p1a: 0w0
|-crit|p1a: 0w0
|-damage|p1a: 0w0|52/100
|
|-heal|p1a: 0w0|58/100|[from] item: Leftovers
|-damage|p2a: Tsareena|82/100 tox|[from] psn
|upkeep
|turn|3
|
|t:|1664552340
|switch|p1a: Lit|Ninetales, F, shiny|100/100
|-weather|SunnyDay|[from] ability: Drought|[of] p1a: Lit
|move|p2a: Tsareena|U-turn|p1a: Lit
|-resisted|p1a: Lit
|-damage|p1a: Lit|83/100
|
|t:|1664552347
|switch|p2a: Milotic|Milotic, F|100/100|[from]move: U-turn
|
|-weather|SunnyDay|[upkeep]
|upkeep
|turn|4
|
|t:|1664552353
|move|p1a: Lit|Solar Beam||[still]
|-prepare|p1a: Lit|Solar Beam
|-anim|p1a: Lit|Solar Beam|p2a: Milotic
|-supereffective|p2a: Milotic
|-damage|p2a: Milotic|56/100
|move|p2a: Milotic|Recover|p2a: Milotic
|-heal|p2a: Milotic|100/100
|
|-weather|SunnyDay|[upkeep]
|upkeep
|turn|5
|
|t:|1664552359
|move|p1a: Lit|Encore|p2a: Milotic
|-start|p2a: Milotic|Encore
|move|p2a: Milotic|Recover||[still]
|-fail|p2a: Milotic|heal
|
|-weather|SunnyDay|[upkeep]
|upkeep
|turn|6
|
|t:|1664552365
|switch|p1a: Round|Blastoise, F|100/100
|move|p2a: Milotic|Recover||[still]
|-fail|p2a: Milotic|heal
|
|-weather|SunnyDay|[upkeep]
|upkeep
|turn|7
|
|t:|1664552367
|switch|p2a: Tsareena|Tsareena, F|82/100 tox
|move|p1a: Round|Flip Turn|p2a: Tsareena
|-resisted|p2a: Tsareena
|-damage|p2a: Tsareena|78/100 tox
|
|t:|1664552372
|switch|p1a: Crisp|Charizard, M|100/100|[from]move: Flip Turn
|
|-weather|SunnyDay|[upkeep]
|-damage|p1a: Crisp|88/100|[from] ability: Solar Power|[of] p1a: Crisp
|-damage|p2a: Tsareena|72/100 tox|[from] psn
|upkeep
|turn|8
|inactive|Battle timer is ON: inactive players will automatically lose when time's up. (requested by TimmyDillon)
|
|t:|1664552376
|move|p1a: Crisp|Weather Ball|p2a: Tsareena
|-supereffective|p2a: Tsareena
|-damage|p2a: Tsareena|0 fnt
|faint|p2a: Tsareena
|
|-weather|SunnyDay|[upkeep]
|-damage|p1a: Crisp|76/100|[from] ability: Solar Power|[of] p1a: Crisp
|upkeep
|
|t:|1664552379
|switch|p2a: Incineroar|Incineroar, F|100/100
|-ability|p2a: Incineroar|Intimidate|boost
|-unboost|p1a: Crisp|atk|1
|turn|9
|
|t:|1664552381
|switch|p1a: Round|Blastoise, F|100/100
|move|p2a: Incineroar|Knock Off|p1a: Round
|-damage|p1a: Round|70/100
|-enditem|p1a: Round|Leftovers|[from] move: Knock Off|[of] p2a: Incineroar
|
|-weather|SunnyDay|[upkeep]
|upkeep
|turn|10
|
|t:|1664552385
|move|p1a: Round|Toxic|p2a: Incineroar
|-status|p2a: Incineroar|tox
|move|p2a: Incineroar|Parting Shot|p1a: Round
|-unboost|p1a: Round|atk|1
|-unboost|p1a: Round|spa|1
|
|t:|1664552393
|switch|p2a: Lucario|Lucario, F|100/100|[from]move: Parting Shot
|
|-weather|none
|upkeep
|turn|11
|
|t:|1664552395
|switch|p2a: Incineroar|Incineroar, F|100/100 tox
|-ability|p2a: Incineroar|Intimidate|boost
|-unboost|p1a: Round|atk|1
|move|p1a: Round|Scald|p2a: Incineroar
|-supereffective|p2a: Incineroar
|-damage|p2a: Incineroar|69/100 tox
|
|-heal|p2a: Incineroar|75/100 tox|[from] item: Leftovers
|-damage|p2a: Incineroar|69/100 tox|[from] psn
|upkeep
|turn|12
|
|t:|1664552401
|move|p1a: Round|Flip Turn|p2a: Incineroar
|-supereffective|p2a: Incineroar
|-damage|p2a: Incineroar|53/100 tox
|
|t:|1664552404
|switch|p1a: Lit|Ninetales, F, shiny|83/100|[from]move: Flip Turn
|-weather|SunnyDay|[from] ability: Drought|[of] p1a: Lit
|move|p2a: Incineroar|Knock Off|p1a: Lit
|-damage|p1a: Lit|12/100
|-enditem|p1a: Lit|Heat Rock|[from] move: Knock Off|[of] p2a: Incineroar
|
|-weather|SunnyDay|[upkeep]
|-heal|p2a: Incineroar|59/100 tox|[from] item: Leftovers
|-damage|p2a: Incineroar|47/100 tox|[from] psn
|upkeep
|turn|13
|c|☆TimmyDillon|Lol ok
|
|t:|1664552413
|switch|p1a: Round|Blastoise, F|70/100
|move|p2a: Incineroar|Parting Shot|p1a: Round
|-unboost|p1a: Round|atk|1
|-unboost|p1a: Round|spa|1
|
|t:|1664552428
|switch|p2a: Lucario|Lucario, F|100/100|[from]move: Parting Shot
|
|-weather|SunnyDay|[upkeep]
|upkeep
|turn|14
|
|t:|1664552433
|move|p2a: Lucario|Swords Dance|p2a: Lucario
|-boost|p2a: Lucario|atk|2
|move|p1a: Round|Flip Turn|p2a: Lucario
|-damage|p2a: Lucario|92/100
|
|t:|1664552437
|switch|p1a: Entei|Entei, shiny|100/100|[from]move: Flip Turn
|-ability|p1a: Entei|Pressure
|
|-weather|SunnyDay|[upkeep]
|upkeep
|turn|15
|
|t:|1664552440
|move|p2a: Lucario|Extreme Speed|p1a: Entei
|-damage|p1a: Entei|29/100
|-damage|p2a: Lucario|82/100|[from] item: Life Orb
|move|p1a: Entei|Sacred Fire|p2a: Lucario
|-supereffective|p2a: Lucario
|-damage|p2a: Lucario|0 fnt
|faint|p2a: Lucario
|
|-weather|SunnyDay|[upkeep]
|upkeep
|
|t:|1664552448
|switch|p2a: Milotic|Milotic, F|100/100
|turn|16
|
|t:|1664552451
|switch|p1a: 0w0|Steelix, F|58/100
|move|p2a: Milotic|Flip Turn|p1a: 0w0
|-supereffective|p1a: 0w0
|-damage|p1a: 0w0|51/100
|
|t:|1664552460
|switch|p2a: Polteageist|Polteageist|100/100|[from]move: Flip Turn
|
|-weather|SunnyDay|[upkeep]
|-heal|p1a: 0w0|58/100|[from] item: Leftovers
|upkeep
|turn|17
|
|t:|1664552464
|move|p2a: Polteageist|Shell Smash|p2a: Polteageist
|-unboost|p2a: Polteageist|def|1
|-unboost|p2a: Polteageist|spd|1
|-boost|p2a: Polteageist|atk|2
|-boost|p2a: Polteageist|spa|2
|-boost|p2a: Polteageist|spe|2
|move|p1a: 0w0|Earthquake|p2a: Polteageist
|-damage|p2a: Polteageist|11/100
|-ability|p2a: Polteageist|Weak Armor|boost
|-unboost|p2a: Polteageist|def|1
|-boost|p2a: Polteageist|spe|2
|
|-weather|SunnyDay|[upkeep]
|-heal|p1a: 0w0|64/100|[from] item: Leftovers
|upkeep
|turn|18
|
|t:|1664552467
|move|p2a: Polteageist|Shadow Ball|p1a: 0w0
|-damage|p1a: 0w0|0 fnt
|faint|p1a: 0w0
|
|-weather|SunnyDay|[upkeep]
|upkeep
|
|t:|1664552472
|switch|p1a: Janitor|Maractus, F|100/100
|turn|19
|
|t:|1664552474
|move|p2a: Polteageist|Shadow Ball|p1a: Janitor
|-damage|p1a: Janitor|0 fnt
|faint|p1a: Janitor
|
|-weather|none
|upkeep
|
|t:|1664552477
|switch|p1a: Lit|Ninetales, F, shiny|12/100
|-weather|SunnyDay|[from] ability: Drought|[of] p1a: Lit
|turn|20
|
|t:|1664552481
|move|p2a: Polteageist|Shadow Ball|p1a: Lit
|-damage|p1a: Lit|0 fnt
|faint|p1a: Lit
|
|-weather|SunnyDay|[upkeep]
|upkeep
|
|t:|1664552483
|switch|p1a: Round|Blastoise, F|70/100
|turn|21
|
|t:|1664552486
|move|p2a: Polteageist|Giga Drain|p1a: Round
|-supereffective|p1a: Round
|-crit|p1a: Round
|-damage|p1a: Round|0 fnt
|-heal|p2a: Polteageist|60/100|[from] drain|[of] p1a: Round
|faint|p1a: Round
|
|-weather|SunnyDay|[upkeep]
|upkeep
|-message|TimmyDillon forfeited.
|
|win|R3d_VGC
|raw|TimmyDillon's rating: 1355 &rarr; <strong>1339</strong><br />(-16 for losing)
|raw|R3d_VGC's rating: 1434 &rarr; <strong>1450</strong><br />(+16 for winning)
|l|☆TimmyDillon
|c|☆R3d_VGC|gg
