|html|<div class="broadcast-blue"><strong>[Gen 8] RU is currently suspecting Thundurus! For information on how to participate check out the <a href="https://www.smogon.com/forums/threads/np-ru-stage-5-electric-feel-thundurus-suspect.3676870/">suspect thread</a>.</strong></div>
|j|☆RUT8 Floor Mat
|j|☆mathelover95
|t:|1612046075
|player|p1|RUT8 Floor Mat|unknown|1371
|player|p2|mathelover95|cynthia-gen4|1470
|teamsize|p1|6
|teamsize|p2|6
|gametype|singles
|gen|8
|tier|[Gen 8] RU
|rated|
|clearpoke
|poke|p1|Golisopod, F|
|poke|p1|Zarude-Dada|
|poke|p1|Toxtricity, M|
|poke|p1|Zygarde-10%|
|poke|p1|Togekiss, F|
|poke|p1|Darmanitan, F|
|poke|p2|Polteageist-Antique|
|poke|p2|Volcanion|
|poke|p2|Darmanitan, M|
|poke|p2|Toxtricity, F|
|poke|p2|Suicune|
|poke|p2|Snorlax, M|
|rule|Sleep Clause Mod: Limit one foe put to sleep
|rule|Species Clause: Limit one of each Pokémon
|rule|OHKO Clause: OHKO moves are banned
|rule|Evasion Moves Clause: Evasion moves are banned
|rule|Endless Battle Clause: Forcing endless battles is banned
|rule|HP Percentage Mod: HP is shown in percentages
|rule|Dynamax Clause: You cannot dynamax
|teampreview
|c|☆RUT8 Floor Mat|hf!
|inactive|Battle timer is ON: inactive players will automatically lose when time's up. (requested by RUT8 Floor Mat)
|
|t:|1612046090
|start
|switch|p1a: Zygarde|Zygarde-10%|100/100
|switch|p2a: Darmanitan|Darmanitan, M, shiny|100/100
|-ability|p1a: Zygarde|Aura Break
|turn|1
|
|t:|1612046097
|move|p2a: Darmanitan|U-turn|p1a: Zygarde
|-damage|p1a: Zygarde|47/100
|
|t:|1612046100
|switch|p2a: Suicune|Suicune|100/100|[from]move: U-turn
|-ability|p2a: Suicune|Pressure
|move|p1a: Zygarde|Thousand Arrows|p2a: Suicune
|-damage|p2a: Suicune|61/100
|
|-heal|p2a: Suicune|67/100|[from] item: Leftovers
|upkeep
|turn|2
|
|t:|1612046112
|switch|p1a: Zarude|Zarude-Dada|100/100
|move|p2a: Suicune|Scald|p1a: Zarude
|-resisted|p1a: Zarude
|-damage|p1a: Zarude|89/100
|
|-heal|p2a: Suicune|73/100|[from] item: Leftovers
|upkeep
|turn|3
|
|t:|1612046121
|move|p1a: Zarude|U-turn|p2a: Suicune
|-damage|p2a: Suicune|58/100
|
|t:|1612046123
|switch|p1a: Golisopod|Golisopod, F|100/100|[from]move: U-turn
|move|p2a: Suicune|Scald|p1a: Golisopod
|-resisted|p1a: Golisopod
|-damage|p1a: Golisopod|87/100
|
|-heal|p2a: Suicune|64/100|[from] item: Leftovers
|upkeep
|turn|4
|
|t:|1612046135
|switch|p1a: Zarude|Zarude-Dada|89/100
|move|p2a: Suicune|Toxic|p1a: Zarude
|-status|p1a: Zarude|tox
|
|-heal|p2a: Suicune|70/100|[from] item: Leftovers
|-damage|p1a: Zarude|83/100 tox|[from] psn
|upkeep
|turn|5
|
|t:|1612046144
|switch|p2a: Snorlax|Snorlax, M|100/100
|move|p1a: Zarude|U-turn|p2a: Snorlax
|-damage|p2a: Snorlax|84/100
|
|t:|1612046149
|switch|p1a: Darmanitan|Darmanitan, F|100/100|[from]move: U-turn
|
|-heal|p2a: Snorlax|90/100|[from] item: Leftovers
|upkeep
|turn|6
|
|t:|1612046157
|move|p1a: Darmanitan|U-turn|p2a: Snorlax
|-damage|p2a: Snorlax|71/100
|
|t:|1612046160
|switch|p1a: Golisopod|Golisopod, F|87/100|[from]move: U-turn
|move|p2a: Snorlax|Earthquake|p1a: Golisopod
|-resisted|p1a: Golisopod
|-damage|p1a: Golisopod|78/100
|
|-heal|p2a: Snorlax|77/100|[from] item: Leftovers
|upkeep
|turn|7
|
|t:|1612046168
|move|p1a: Golisopod|Knock Off|p2a: Snorlax
|-damage|p2a: Snorlax|51/100
|-enditem|p2a: Snorlax|Leftovers|[from] move: Knock Off|[of] p1a: Golisopod
|move|p2a: Snorlax|Body Slam|p1a: Golisopod
|-damage|p1a: Golisopod|57/100
|
|upkeep
|turn|8
|
|t:|1612046175
|move|p1a: Golisopod|Liquidation|p2a: Snorlax
|-damage|p2a: Snorlax|16/100
|move|p2a: Snorlax|Curse|p2a: Snorlax
|-unboost|p2a: Snorlax|spe|1
|-boost|p2a: Snorlax|atk|1
|-boost|p2a: Snorlax|def|1
|
|upkeep
|turn|9
|
|t:|1612046183
|move|p1a: Golisopod|Liquidation|p2a: Snorlax
|-damage|p2a: Snorlax|0 fnt
|faint|p2a: Snorlax
|
|upkeep
|
|t:|1612046199
|switch|p2a: Toxtricity|Toxtricity, F|100/100
|turn|10
|
|t:|1612046206
|move|p2a: Toxtricity|Boomburst|p1a: Golisopod
|-damage|p1a: Golisopod|0 fnt
|faint|p1a: Golisopod
|
|upkeep
|
|t:|1612046210
|switch|p1a: Zygarde|Zygarde-10%|47/100
|-ability|p1a: Zygarde|Aura Break
|turn|11
|
|t:|1612046219
|switch|p2a: Suicune|Suicune|70/100
|-ability|p2a: Suicune|Pressure
|move|p1a: Zygarde|Thousand Arrows|p2a: Suicune
|-damage|p2a: Suicune|29/100
|
|-heal|p2a: Suicune|35/100|[from] item: Leftovers
|upkeep
|turn|12
|
|t:|1612046228
|move|p1a: Zygarde|Thousand Arrows|p2a: Suicune
|-damage|p2a: Suicune|0 fnt
|faint|p2a: Suicune
|
|upkeep
|
|t:|1612046233
|switch|p2a: Darmanitan|Darmanitan, M, shiny|100/100
|turn|13
|
|t:|1612046242
|switch|p1a: Togekiss|Togekiss, F|100/100
|move|p2a: Darmanitan|U-turn|p1a: Togekiss
|-resisted|p1a: Togekiss
|-damage|p1a: Togekiss|94/100
|
|t:|1612046252
|switch|p2a: Toxtricity|Toxtricity, F|100/100|[from]move: U-turn
|
|upkeep
|turn|14
|
|t:|1612046257
|move|p1a: Togekiss|Air Slash|p2a: Toxtricity
|-resisted|p2a: Toxtricity
|-damage|p2a: Toxtricity|76/100
|move|p2a: Toxtricity|Boomburst|p1a: Togekiss
|-damage|p1a: Togekiss|20/100
|
|upkeep
|turn|15
|
|t:|1612046263
|move|p1a: Togekiss|Air Slash|p2a: Toxtricity
|-resisted|p2a: Toxtricity
|-damage|p2a: Toxtricity|52/100
|cant|p2a: Toxtricity|flinch
|
|upkeep
|turn|16
|j| Landon✘A21
|
|t:|1612046268
|move|p1a: Togekiss|Air Slash|p2a: Toxtricity
|-resisted|p2a: Toxtricity
|-damage|p2a: Toxtricity|27/100
|move|p2a: Toxtricity|Boomburst|p1a: Togekiss
|-damage|p1a: Togekiss|0 fnt
|faint|p1a: Togekiss
|
|upkeep
|
|t:|1612046274
|switch|p1a: Zygarde|Zygarde-10%|47/100
|-ability|p1a: Zygarde|Aura Break
|turn|17
|
|t:|1612046279
|move|p1a: Zygarde|Thousand Arrows|p2a: Toxtricity
|-supereffective|p2a: Toxtricity
|-damage|p2a: Toxtricity|0 fnt
|faint|p2a: Toxtricity
|
|upkeep
|
|t:|1612046288
|switch|p2a: Darmanitan|Darmanitan, M, shiny|100/100
|turn|18
|
|t:|1612046292
|switch|p1a: Toxtricity|Toxtricity, M|100/100
|move|p2a: Darmanitan|U-turn|p1a: Toxtricity
|-resisted|p1a: Toxtricity
|-damage|p1a: Toxtricity|77/100
|
|t:|1612046316
|switch|p2a: Polteageist|Polteageist-Antique, shiny|100/100|[from]move: U-turn
|
|upkeep
|turn|19
|
|t:|1612046327
|move|p1a: Toxtricity|Volt Switch|p2a: Polteageist
|-damage|p2a: Polteageist|41/100
|
|t:|1612046331
|switch|p1a: Zarude|Zarude-Dada|83/100 tox|[from]move: Volt Switch
|move|p2a: Polteageist|Shell Smash|p2a: Polteageist
|-unboost|p2a: Polteageist|def|1
|-unboost|p2a: Polteageist|spd|1
|-boost|p2a: Polteageist|atk|2
|-boost|p2a: Polteageist|spa|2
|-boost|p2a: Polteageist|spe|2
|
|-damage|p1a: Zarude|77/100 tox|[from] psn
|upkeep
|turn|20
|
|t:|1612046341
|move|p2a: Polteageist|Shadow Ball|p1a: Zarude
|-resisted|p1a: Zarude
|-damage|p1a: Zarude|29/100 tox
|move|p1a: Zarude|Darkest Lariat|p2a: Polteageist
|-supereffective|p2a: Polteageist
|-damage|p2a: Polteageist|0 fnt
|faint|p2a: Polteageist
|
|-damage|p1a: Zarude|17/100 tox|[from] psn
|upkeep
|inactive|mathelover95 has 120 seconds left.
|inactive|mathelover95 has 90 seconds left.
|
|t:|1612046406
|switch|p2a: Darmanitan|Darmanitan, M, shiny|100/100
|turn|21
|l| Landon✘A21
|inactive|mathelover95 has 60 seconds left.
|
|t:|1612046454
|switch|p1a: Toxtricity|Toxtricity, M|77/100
|move|p2a: Darmanitan|U-turn|p1a: Toxtricity
|-resisted|p1a: Toxtricity
|-damage|p1a: Toxtricity|54/100
|
|t:|1612046461
|switch|p2a: Volcanion|Volcanion|100/100|[from]move: U-turn
|
|upkeep
|turn|22
|
|t:|1612046466
|move|p2a: Volcanion|Flamethrower|p1a: Toxtricity
|-damage|p1a: Toxtricity|0 fnt
|faint|p1a: Toxtricity
|
|upkeep
|
|t:|1612046472
|switch|p1a: Zarude|Zarude-Dada|17/100 tox
|turn|23
|
|t:|1612046475
|move|p1a: Zarude|Darkest Lariat|p2a: Volcanion
|-damage|p2a: Volcanion|57/100
|move|p2a: Volcanion|Flamethrower|p1a: Zarude
|-supereffective|p1a: Zarude
|-damage|p1a: Zarude|0 fnt
|faint|p1a: Zarude
|
|upkeep
|
|t:|1612046486
|switch|p1a: Darmanitan|Darmanitan, F|100/100
|turn|24
|
|t:|1612046490
|move|p1a: Darmanitan|Rock Slide|p2a: Volcanion
|-supereffective|p2a: Volcanion
|-damage|p2a: Volcanion|0 fnt
|faint|p2a: Volcanion
|
|upkeep
|
|t:|1612046497
|switch|p2a: Darmanitan|Darmanitan, M, shiny|100/100
|turn|25
|
|t:|1612046507
|move|p1a: Darmanitan|Rock Slide|p2a: Darmanitan
|-supereffective|p2a: Darmanitan
|-damage|p2a: Darmanitan|0 fnt
|faint|p2a: Darmanitan
|
|win|RUT8 Floor Mat
|c|☆RUT8 Floor Mat|omg gg
|c|☆mathelover95|gg
|c|☆RUT8 Floor Mat|wp!
|l|☆mathelover95
||Ladder (probably) updated, but score could not be retrieved (Request timeout).
