|j|☆braden13579
|j|☆Tai & Izzy
|player|p1|braden13579|190|1345
|player|p2|Tai & Izzy|backers|1417
|teamsize|p1|6
|teamsize|p2|6
|gametype|singles
|gen|8
|tier|[Gen 8] RU
|rated|
|clearpoke
|poke|p1|Silvally-*|
|poke|p1|Cinccino, M|
|poke|p1|Mudsdale, M|
|poke|p1|Indeedee-F, F|
|poke|p1|Bewear, F|
|poke|p1|Dhelmise|
|poke|p2|Charizard, F|
|poke|p2|Rillaboom, M|
|poke|p2|Drapion, M|
|poke|p2|Galvantula, M|
|poke|p2|Torkoal, M|
|poke|p2|Ninetales, F|
|rule|Sleep Clause Mod: Limit one foe put to sleep
|rule|Species Clause: Limit one of each Pokémon
|rule|OHKO Clause: OHKO moves are banned
|rule|Evasion Moves Clause: Evasion moves are banned
|rule|Endless Battle Clause: Forcing endless battles is banned
|rule|HP Percentage Mod: HP is shown in percentages
|rule|Dynamax Clause: You cannot dynamax
|teampreview
|inactive|Battle timer is ON: inactive players will automatically lose when time's up. (requested by Tai & Izzy)
|
|start
|switch|p1a: Cinccino|Cinccino, M|100/100
|switch|p2a: Gomamon|Torkoal, M|100/100
|-weather|SunnyDay|[from] ability: Drought|[of] p2a: Gomamon
|turn|1
|
|move|p1a: Cinccino|Rock Blast|p2a: Gomamon
|-supereffective|p2a: Gomamon
|-damage|p2a: Gomamon|83/100
|-supereffective|p2a: Gomamon
|-damage|p2a: Gomamon|66/100
|-supereffective|p2a: Gomamon
|-damage|p2a: Gomamon|50/100
|-supereffective|p2a: Gomamon
|-damage|p2a: Gomamon|35/100
|-supereffective|p2a: Gomamon
|-damage|p2a: Gomamon|18/100
|-hitcount|p2a: Gomamon|5
|move|p2a: Gomamon|Stealth Rock|p1a: Cinccino
|-sidestart|p1: braden13579|move: Stealth Rock
|
|-weather|SunnyDay|[upkeep]
|upkeep
|turn|2
|
|move|p1a: Cinccino|Rock Blast|p2a: Gomamon
|-supereffective|p2a: Gomamon
|-damage|p2a: Gomamon|3/100
|-supereffective|p2a: Gomamon
|-damage|p2a: Gomamon|0 fnt
|-hitcount|p2a: Gomamon|2
|faint|p2a: Gomamon
|
|-weather|SunnyDay|[upkeep]
|upkeep
|
|switch|p2a: Gabumon|Rillaboom, M|100/100
|-fieldstart|move: Grassy Terrain|[from] ability: Grassy Surge|[of] p2a: Gabumon
|turn|3
|
|switch|p1a: Bewear|Bewear, F|100/100
|-damage|p1a: Bewear|94/100|[from] Stealth Rock
|move|p2a: Gabumon|U-turn|p1a: Bewear
|-resisted|p1a: Bewear
|-damage|p1a: Bewear|86/100
|inactive|Tai & Izzy has 120 seconds left.
|
|switch|p2a: Agumon|Charizard, F|100/100|[from]move: U-turn
|
|-weather|SunnyDay|[upkeep]
|-damage|p2a: Agumon|88/100|[from] ability: Solar Power|[of] p2a: Agumon
|-heal|p1a: Bewear|92/100|[from] item: Leftovers
|-heal|p1a: Bewear|98/100|[from] Grassy Terrain
|upkeep
|turn|4
|
|switch|p1a: Silvally|Silvally-Fairy|100/100
|-damage|p1a: Silvally|88/100|[from] Stealth Rock
|move|p2a: Agumon|Flame Charge|p1a: Silvally
|-damage|p1a: Silvally|65/100
|-boost|p2a: Agumon|spe|1
|
|-weather|SunnyDay|[upkeep]
|-damage|p2a: Agumon|76/100|[from] ability: Solar Power|[of] p2a: Agumon
|-heal|p1a: Silvally|71/100|[from] Grassy Terrain
|upkeep
|turn|5
|
|move|p2a: Agumon|Fire Blast|p1a: Silvally
|-damage|p1a: Silvally|0 fnt
|faint|p1a: Silvally
|
|-weather|SunnyDay|[upkeep]
|-damage|p2a: Agumon|63/100|[from] ability: Solar Power|[of] p2a: Agumon
|upkeep
|
|switch|p1a: Indeedee|Indeedee-F, F|100/100
|-damage|p1a: Indeedee|88/100|[from] Stealth Rock
|-fieldstart|move: Psychic Terrain|[from] ability: Psychic Surge|[of] p1a: Indeedee
|turn|6
|inactive|Tai & Izzy has 120 seconds left.
|
|move|p2a: Agumon|Fire Blast|p1a: Indeedee
|-damage|p1a: Indeedee|0 fnt
|faint|p1a: Indeedee
|
|-weather|SunnyDay|[upkeep]
|-damage|p2a: Agumon|51/100|[from] ability: Solar Power|[of] p2a: Agumon
|upkeep
|
|switch|p1a: Mudsdale|Mudsdale, M|100/100
|-damage|p1a: Mudsdale|94/100|[from] Stealth Rock
|turn|7
|
|move|p2a: Agumon|Fire Blast|p1a: Mudsdale
|-damage|p1a: Mudsdale|0 fnt
|faint|p1a: Mudsdale
|
|-weather|SunnyDay|[upkeep]
|-damage|p2a: Agumon|38/100|[from] ability: Solar Power|[of] p2a: Agumon
|upkeep
|
|switch|p1a: Bewear|Bewear, F|98/100
|-damage|p1a: Bewear|92/100|[from] Stealth Rock
|turn|8
|
|move|p2a: Agumon|Fire Blast|p1a: Bewear
|-damage|p1a: Bewear|0 fnt
|faint|p1a: Bewear
|
|-weather|none
|upkeep
|
|switch|p1a: Dhelmise|Dhelmise|100/100
|-damage|p1a: Dhelmise|88/100|[from] Stealth Rock
|turn|9
|
|move|p2a: Agumon|Fire Blast|p1a: Dhelmise
|-supereffective|p1a: Dhelmise
|-damage|p1a: Dhelmise|10/100
|move|p1a: Dhelmise|Poltergeist|p2a: Agumon
|-activate|p2a: Agumon|move: Poltergeist|Heavy-Duty Boots
|-damage|p2a: Agumon|0 fnt
|faint|p2a: Agumon
|
|upkeep
|
|switch|p2a: Tentomon|Drapion, M|100/100
|turn|10
|
|move|p2a: Tentomon|Knock Off|p1a: Dhelmise
|-supereffective|p1a: Dhelmise
|-damage|p1a: Dhelmise|0 fnt
|-enditem|p1a: Dhelmise|Assault Vest|[from] move: Knock Off|[of] p2a: Tentomon
|faint|p1a: Dhelmise
|
|-fieldend|move: Psychic Terrain
|upkeep
|
|switch|p1a: Cinccino|Cinccino, M|100/100
|-damage|p1a: Cinccino|88/100|[from] Stealth Rock
|turn|11
|
|move|p2a: Tentomon|Knock Off|p1a: Cinccino
|-damage|p1a: Cinccino|19/100
|-enditem|p1a: Cinccino|Choice Band|[from] move: Knock Off|[of] p2a: Tentomon
|move|p1a: Cinccino|Tail Slap|p2a: Tentomon
|-damage|p2a: Tentomon|88/100
|-damage|p2a: Tentomon|77/100
|-damage|p2a: Tentomon|65/100
|-damage|p2a: Tentomon|53/100
|-damage|p2a: Tentomon|40/100
|-hitcount|p2a: Tentomon|5
|
|upkeep
|turn|12
|
|move|p2a: Tentomon|Knock Off|p1a: Cinccino
|-damage|p1a: Cinccino|0 fnt
|faint|p1a: Cinccino
|
|win|Tai & Izzy
|l|☆braden13579
||Ladder (probably) updated, but score could not be retrieved (Request timeout).
