|j|☆au revoir soshanna
|j|☆Parnstar
|t:|1598324663
|player|p1|au revoir soshanna|teammagmagruntf-gen3|1494
|player|p2|Parnstar|youngcouple-gen4dp|1314
|teamsize|p1|6
|teamsize|p2|6
|gametype|singles
|gen|8
|tier|[Gen 8] RU
|rated|
|clearpoke
|poke|p1|Golurk|
|poke|p1|Rotom-Mow|
|poke|p1|Gardevoir, F|
|poke|p1|Copperajah, F|
|poke|p1|Golisopod, F|
|poke|p1|Drapion, M|
|poke|p2|Braviary, M|
|poke|p2|Decidueye, F|
|poke|p2|Vileplume, F|
|poke|p2|Hitmontop, M|
|poke|p2|Exploud, F|
|poke|p2|Silvally-*|
|rule|Sleep Clause Mod: Limit one foe put to sleep
|rule|Species Clause: Limit one of each Pokémon
|rule|OHKO Clause: OHKO moves are banned
|rule|Evasion Moves Clause: Evasion moves are banned
|rule|Endless Battle Clause: Forcing endless battles is banned
|rule|HP Percentage Mod: HP is shown in percentages
|rule|Dynamax Clause: You cannot dynamax
|teampreview
|
|t:|1598324684
|start
|switch|p1a: Rotom|Rotom-Mow|100/100
|switch|p2a: USA 🏉|Braviary, M, shiny|100/100
|turn|1
|
|t:|1598324696
|move|p1a: Rotom|Volt Switch|p2a: USA 🏉
|-supereffective|p2a: USA 🏉
|-damage|p2a: USA 🏉|34/100
|
|t:|1598324714
|switch|p1a: Drapion|Drapion, M|100/100|[from]move: Volt Switch
|move|p2a: USA 🏉|Brave Bird|p1a: Drapion
|-damage|p1a: Drapion|21/100
|-damage|p2a: USA 🏉|15/100|[from] Recoil
|-damage|p2a: USA 🏉|5/100|[from] item: Life Orb
|
|upkeep
|turn|2
|
|t:|1598324722
|move|p1a: Drapion|Knock Off|p2a: USA 🏉
|-damage|p2a: USA 🏉|0 fnt
|-enditem|p2a: USA 🏉|Life Orb|[from] move: Knock Off|[of] p1a: Drapion
|faint|p2a: USA 🏉
|
|upkeep
|
|t:|1598324727
|switch|p2a: (Silvally_Grass)|Silvally-Steel, shiny|100/100
|turn|3
|
|t:|1598324741
|move|p1a: Drapion|Earthquake|p2a: (Silvally_Grass)
|-supereffective|p2a: (Silvally_Grass)
|-damage|p2a: (Silvally_Grass)|45/100
|move|p2a: (Silvally_Grass)|Swords Dance|p2a: (Silvally_Grass)
|-boost|p2a: (Silvally_Grass)|atk|2
|
|upkeep
|turn|4
|
|t:|1598324750
|switch|p2a: Tatsumaki|Hitmontop, M|100/100
|move|p1a: Drapion|Earthquake|p2a: Tatsumaki
|-damage|p2a: Tatsumaki|68/100
|
|upkeep
|turn|5
|
|t:|1598324759
|switch|p1a: Golisopod|Golisopod, F|100/100
|move|p2a: Tatsumaki|Rapid Spin|p1a: Golisopod
|-damage|p1a: Golisopod|82/100
|-boost|p2a: Tatsumaki|spe|1
|
|upkeep
|turn|6
|
|t:|1598324767
|move|p2a: Tatsumaki|Rapid Spin|p1a: Golisopod
|-damage|p1a: Golisopod|63/100
|-boost|p2a: Tatsumaki|spe|1
|move|p1a: Golisopod|Leech Life|p2a: Tatsumaki
|-resisted|p2a: Tatsumaki
|-damage|p2a: Tatsumaki|42/100
|-heal|p1a: Golisopod|75/100|[from] drain|[of] p2a: Tatsumaki
|
|upkeep
|turn|7
|
|t:|1598324775
|move|p2a: Tatsumaki|Rapid Spin|p1a: Golisopod
|-damage|p1a: Golisopod|57/100
|-boost|p2a: Tatsumaki|spe|1
|move|p1a: Golisopod|Leech Life|p2a: Tatsumaki
|-resisted|p2a: Tatsumaki
|-crit|p2a: Tatsumaki
|-damage|p2a: Tatsumaki|0 fnt
|-heal|p1a: Golisopod|76/100|[from] drain|[of] p2a: Tatsumaki
|faint|p2a: Tatsumaki
|
|upkeep
|
|t:|1598324781
|switch|p2a: Hawk-👁|Decidueye, F, shiny|100/100
|turn|8
|
|t:|1598324790
|move|p2a: Hawk-👁|Swords Dance|p2a: Hawk-👁
|-boost|p2a: Hawk-👁|atk|2
|move|p1a: Golisopod|Leech Life|p2a: Hawk-👁
|-damage|p2a: Hawk-👁|33/100
|-heal|p1a: Golisopod|100/100|[from] drain|[of] p2a: Hawk-👁
|
|upkeep
|turn|9
|
|t:|1598324800
|move|p2a: Hawk-👁|Leaf Blade|p1a: Golisopod
|-crit|p1a: Golisopod
|-damage|p1a: Golisopod|0 fnt
|-damage|p2a: Hawk-👁|24/100|[from] item: Life Orb
|faint|p1a: Golisopod
|
|upkeep
|
|t:|1598324808
|switch|p1a: Drapion|Drapion, M|21/100
|turn|10
|
|t:|1598324811
|move|p2a: Hawk-👁|Sucker Punch|p1a: Drapion
|-resisted|p1a: Drapion
|-damage|p1a: Drapion|0 fnt
|-damage|p2a: Hawk-👁|14/100|[from] item: Life Orb
|faint|p1a: Drapion
|
|upkeep
|
|t:|1598324819
|switch|p1a: Rotom|Rotom-Mow|100/100
|turn|11
|
|t:|1598324824
|move|p1a: Rotom|Volt Switch|p2a: Hawk-👁
|-resisted|p2a: Hawk-👁
|-damage|p2a: Hawk-👁|0 fnt
|faint|p2a: Hawk-👁
|
|t:|1598324832
|switch|p1a: Copperajah|Copperajah, F|100/100|[from]move: Volt Switch
|
|upkeep
|j| take a bow
|
|t:|1598324838
|switch|p2a: I live ...|Vileplume, F, shiny|100/100
|turn|12
|
|t:|1598324842
|move|p2a: I live ...|Sleep Powder|p1a: Copperajah|[miss]
|-miss|p2a: I live ...|p1a: Copperajah
|move|p1a: Copperajah|Stealth Rock|p2a: I live ...
|-sidestart|p2: Parnstar|move: Stealth Rock
|
|upkeep
|turn|13
|
|t:|1598324849
|move|p2a: I live ...|Sludge Wave|p1a: Copperajah
|-immune|p1a: Copperajah
|move|p1a: Copperajah|Heavy Slam|p2a: I live ...
|-damage|p2a: I live ...|40/100
|-status|p1a: Copperajah|slp|[from] ability: Effect Spore|[of] p2a: I live ...
|
|-heal|p2a: I live ...|46/100|[from] item: Black Sludge
|upkeep
|turn|14
|
|t:|1598324862
|switch|p1a: Golurk|Golurk|100/100
|move|p2a: I live ...|Strength Sap|p1a: Golurk
|-unboost|p1a: Golurk|atk|1
|-heal|p2a: I live ...|100/100
|
|upkeep
|turn|15
|
|t:|1598324896
|switch|p1a: Copperajah|Copperajah, F|100/100 slp
|move|p2a: I live ...|Giga Drain|p1a: Copperajah
|-resisted|p1a: Copperajah
|-damage|p1a: Copperajah|86/100 slp
|
|-heal|p1a: Copperajah|92/100 slp|[from] item: Leftovers
|upkeep
|turn|16
|
|t:|1598324906
|switch|p2a: Gape|Exploud, F, shiny|100/100
|-damage|p2a: Gape|88/100|[from] Stealth Rock
|cant|p1a: Copperajah|slp
|
|-heal|p1a: Copperajah|98/100 slp|[from] item: Leftovers
|upkeep
|turn|17
|l|☆Parnstar
|player|p2|
|j|☆Parnstar
|player|p2|Parnstar|youngcouple-gen4dp
|
|t:|1598324954
|move|p2a: Gape|Boomburst|p1a: Copperajah
|-resisted|p1a: Copperajah
|-damage|p1a: Copperajah|62/100 slp
|-curestatus|p1a: Copperajah|slp|[msg]
|move|p1a: Copperajah|Heavy Slam|p2a: Gape
|-damage|p2a: Gape|23/100
|
|-heal|p1a: Copperajah|68/100|[from] item: Leftovers
|upkeep
|turn|18
|
|t:|1598324961
|move|p2a: Gape|Boomburst|p1a: Copperajah
|-resisted|p1a: Copperajah
|-damage|p1a: Copperajah|34/100
|move|p1a: Copperajah|Heavy Slam|p2a: Gape
|-damage|p2a: Gape|0 fnt
|faint|p2a: Gape
|
|-heal|p1a: Copperajah|40/100|[from] item: Leftovers
|upkeep
|
|t:|1598324964
|switch|p2a: (Silvally_Grass)|Silvally-Steel, shiny|45/100
|-damage|p2a: (Silvally_Grass)|39/100|[from] Stealth Rock
|turn|19
|
|t:|1598324969
|move|p2a: (Silvally_Grass)|Flame Charge|p1a: Copperajah
|-supereffective|p1a: Copperajah
|-damage|p1a: Copperajah|10/100
|-boost|p2a: (Silvally_Grass)|spe|1
|move|p1a: Copperajah|Earthquake|p2a: (Silvally_Grass)
|-supereffective|p2a: (Silvally_Grass)
|-damage|p2a: (Silvally_Grass)|0 fnt
|faint|p2a: (Silvally_Grass)
|
|-heal|p1a: Copperajah|16/100|[from] item: Leftovers
|upkeep
|
|t:|1598324972
|switch|p2a: I live ...|Vileplume, F, shiny|100/100
|-damage|p2a: I live ...|88/100|[from] Stealth Rock
|turn|20
|-message|Parnstar forfeited.
|
|win|au revoir soshanna
|l|☆Parnstar
