|j|☆yung centibro
|j|☆Cyyru
|player|p1|yung centibro|1|1411
|player|p2|Cyyru|cyrus|1372
|teamsize|p1|6
|teamsize|p2|6
|gametype|singles
|gen|8
|tier|[Gen 8] RU
|rated|
|rule|Sleep Clause Mod: Limit one foe put to sleep
|rule|Species Clause: Limit one of each Pokémon
|rule|OHKO Clause: OHKO moves are banned
|rule|Evasion Moves Clause: Evasion moves are banned
|rule|Endless Battle Clause: Forcing endless battles is banned
|rule|HP Percentage Mod: HP is shown in percentages
|clearpoke
|poke|p1|Passimian, M|
|poke|p1|Sigilyph, M|
|poke|p1|Silvally-*|
|poke|p1|Vaporeon, F|
|poke|p1|Vileplume, M|
|poke|p1|Gigalith, M|
|poke|p2|Salazzle, F|
|poke|p2|Vullaby, F|
|poke|p2|Passimian, F|
|poke|p2|Gigalith, M|
|poke|p2|Gastrodon, M|
|poke|p2|Sigilyph, M|
|rule|Dynamax Clause: You cannot dynamax
|teampreview
|j| scblol26
|c| scblol26|LOL
|c| scblol26|1-1
|c|☆Cyyru|lmao
|c| scblol26|lets see who takes game 3
|c|☆yung centibro|we pnly played once tho
|c| scblol26|o
|c| scblol26|cyrus must have been confused
|j| psydukk++!
|c| scblol26|i heard u effect spored him
|c|☆yung centibro|ima lose now that im abt to catch up to feli anyway
|c|☆Cyyru|È3
|c| scblol26|lol ur 1 away
|c| scblol26|from #1
|c|☆Cyyru|:3
|c| scblol26|gl
|l| scblol26
|j| scblol26
|inactive|Battle timer is ON: inactive players will automatically lose when time's up. (requested by Cyyru)
|
|start
|switch|p1a: Passimian|Passimian, M|100/100
|switch|p2a: Passimian|Passimian, F|100/100
|turn|1
|
|switch|p1a: Vileplume|Vileplume, M|100/100
|switch|p2a: Salazzle|Salazzle, F|100/100
|
|upkeep
|turn|2
|
|switch|p1a: Gigalith|Gigalith, M|100/100
|-weather|Sandstorm|[from] ability: Sand Stream|[of] p1a: Gigalith
|move|p2a: Salazzle|Toxic|p1a: Gigalith
|-status|p1a: Gigalith|tox
|
|-weather|Sandstorm|[upkeep]
|-damage|p2a: Salazzle|94/100|[from] Sandstorm
|-damage|p1a: Gigalith|94/100 tox|[from] psn
|upkeep
|turn|3
|
|switch|p2a: Passimian|Passimian, F|100/100
|move|p1a: Gigalith|Stealth Rock|p2a: Passimian
|-sidestart|p2: Cyyru|move: Stealth Rock
|
|-weather|Sandstorm|[upkeep]
|-damage|p2a: Passimian|94/100|[from] Sandstorm
|-heal|p1a: Gigalith|100/100 tox|[from] item: Leftovers
|-damage|p1a: Gigalith|88/100 tox|[from] psn
|upkeep
|turn|4
|
|switch|p1a: Sigilyph|Sigilyph, M|100/100
|move|p2a: Passimian|Knock Off|p1a: Sigilyph
|-supereffective|p1a: Sigilyph
|-damage|p1a: Sigilyph|9/100
|-enditem|p1a: Sigilyph|Life Orb|[from] move: Knock Off|[of] p2a: Passimian
|
|-weather|Sandstorm|[upkeep]
|-damage|p2a: Passimian|88/100|[from] Sandstorm
|upkeep
|turn|5
|
|switch|p1a: Vileplume|Vileplume, M|100/100
|move|p2a: Passimian|Knock Off|p1a: Vileplume
|-damage|p1a: Vileplume|74/100
|-status|p2a: Passimian|par|[from] ability: Effect Spore|[of] p1a: Vileplume
|-enditem|p1a: Vileplume|Leftovers|[from] move: Knock Off|[of] p2a: Passimian
|
|-weather|Sandstorm|[upkeep]
|-damage|p2a: Passimian|82/100 par|[from] Sandstorm
|-damage|p1a: Vileplume|68/100|[from] Sandstorm
|upkeep
|turn|6
|
|switch|p2a: Sigilyph|Sigilyph, M|100/100
|switch|p1a: Sigilyph|Sigilyph, M|9/100
|
|-weather|none
|upkeep
|turn|7
|
|move|p1a: Sigilyph|Roost|p1a: Sigilyph
|-heal|p1a: Sigilyph|59/100
|-singleturn|p1a: Sigilyph|move: Roost
|move|p2a: Sigilyph|Air Slash|p1a: Sigilyph
|-damage|p1a: Sigilyph|0 fnt
|faint|p1a: Sigilyph
|
|upkeep
|c|☆yung centibro|oh
|c| scblol26|ooof
|
|switch|p1a: Passimian|Passimian, M|100/100
|turn|8
|j| pimflois
|
|switch|p2a: Passimian|Passimian, F|82/100 par
|-damage|p2a: Passimian|76/100 par|[from] Stealth Rock
|move|p1a: Passimian|Knock Off|p2a: Passimian
|-resisted|p2a: Passimian
|-damage|p2a: Passimian|58/100 par
|-enditem|p2a: Passimian|Choice Scarf|[from] move: Knock Off|[of] p1a: Passimian
|
|upkeep
|turn|9
|c| pimflois|i shall grant you luck
|c|☆Cyyru|pog
|c| scblol26|pogU!
|inactive|yung centibro has 120 seconds left.
|
|switch|p1a: Vaporeon|Vaporeon, F|100/100
|cant|p2a: Passimian|par
|
|upkeep
|turn|10
|
|move|p1a: Vaporeon|Scald|p2a: Passimian
|-damage|p2a: Passimian|17/100 par
|move|p2a: Passimian|Knock Off|p1a: Vaporeon
|-damage|p1a: Vaporeon|71/100
|-enditem|p1a: Vaporeon|Leftovers|[from] move: Knock Off|[of] p2a: Passimian
|
|upkeep
|turn|11
|
|move|p1a: Vaporeon|Ice Beam|p2a: Passimian
|-damage|p2a: Passimian|0 fnt
|faint|p2a: Passimian
|
|upkeep
|
|switch|p2a: Vullaby|Vullaby, F|100/100
|-damage|p2a: Vullaby|75/100|[from] Stealth Rock
|turn|12
|
|move|p1a: Vaporeon|Scald|p2a: Vullaby
|-damage|p2a: Vullaby|46/100
|move|p2a: Vullaby|Toxic|p1a: Vaporeon
|-status|p1a: Vaporeon|tox
|
|-damage|p1a: Vaporeon|64/100 tox|[from] psn
|upkeep
|turn|13
|
|move|p1a: Vaporeon|Ice Beam|p2a: Vullaby
|-supereffective|p2a: Vullaby
|-damage|p2a: Vullaby|0 fnt
|faint|p2a: Vullaby
|
|-damage|p1a: Vaporeon|52/100 tox|[from] psn
|upkeep
|
|switch|p2a: Gastrodon|Gastrodon, M|100/100
|-damage|p2a: Gastrodon|94/100|[from] Stealth Rock
|turn|14
|
|move|p1a: Vaporeon|Wish|p1a: Vaporeon
|move|p2a: Gastrodon|Earthquake|p1a: Vaporeon
|-damage|p1a: Vaporeon|22/100 tox
|
|-heal|p2a: Gastrodon|100/100|[from] item: Leftovers
|-damage|p1a: Vaporeon|4/100 tox|[from] psn
|upkeep
|turn|15
|
|switch|p1a: Vileplume|Vileplume, M|68/100
|move|p2a: Gastrodon|Earthquake|p1a: Vileplume
|-damage|p1a: Vileplume|45/100
|
|-heal|p1a: Vileplume|100/100|[from] move: Wish|[wisher] Vaporeon
|upkeep
|turn|16
|
|switch|p2a: Sigilyph|Sigilyph, M|100/100
|move|p1a: Vileplume|Sludge Bomb|p2a: Sigilyph
|-damage|p2a: Sigilyph|55/100
|
|upkeep
|turn|17
|
|switch|p1a: Gigalith|Gigalith, M|88/100 tox
|-weather|Sandstorm|[from] ability: Sand Stream|[of] p1a: Gigalith
|move|p2a: Sigilyph|Psychic|p1a: Gigalith
|-damage|p1a: Gigalith|57/100 tox
|
|-weather|Sandstorm|[upkeep]
|-heal|p1a: Gigalith|63/100 tox|[from] item: Leftovers
|-damage|p1a: Gigalith|57/100 tox|[from] psn
|upkeep
|turn|18
|
|move|p2a: Sigilyph|Psychic|p1a: Gigalith
|-damage|p1a: Gigalith|28/100 tox
|move|p1a: Gigalith|Heavy Slam|p2a: Sigilyph
|-damage|p2a: Sigilyph|1/100
|
|-weather|Sandstorm|[upkeep]
|-heal|p1a: Gigalith|34/100 tox|[from] item: Leftovers
|-damage|p1a: Gigalith|22/100 tox|[from] psn
|upkeep
|turn|19
|
|move|p2a: Sigilyph|Psychic|p1a: Gigalith
|-damage|p1a: Gigalith|0 fnt
|faint|p1a: Gigalith
|
|-weather|Sandstorm|[upkeep]
|upkeep
|c|☆yung centibro|not to plan
|inactive|yung centibro has 120 seconds left.
|c|☆yung centibro|says it does min 54
|
|switch|p1a: Passimian|Passimian, M|100/100
|turn|20
|
|switch|p2a: Gastrodon|Gastrodon, M|100/100
|-damage|p2a: Gastrodon|94/100|[from] Stealth Rock
|move|p1a: Passimian|U-turn|p2a: Gastrodon
|-damage|p2a: Gastrodon|77/100
|c| pimflois|he has 16 def evs
|c| pimflois|to live heavy slam
|c| pimflois|at that %
|c|☆Cyyru|def not
|c|☆Cyyru|I got 4
|c|☆yung centibro|ay then it's min 53.3
|inactive|yung centibro has 90 seconds left.
|l| psydukk++!
|c|☆yung centibro|i like those odds
|c|☆yung centibro|y i calced w 4
|c| scblol26|lmao
|c| pimflois|4 evs so its a 99% roll and he has johns
|c|☆yung centibro|don't matter tho, was just to make the pt that the odds of slam koing were greater than rock blast hitting
|inactive|yung centibro has 60 seconds left.
|
|switch|p1a: Vileplume|Vileplume, M|100/100|[from]move: U-turn
|
|-weather|Sandstorm|[upkeep]
|-damage|p1a: Vileplume|94/100|[from] Sandstorm
|-heal|p2a: Gastrodon|83/100|[from] item: Leftovers
|upkeep
|turn|21
|inactive|yung centibro has 60 seconds left.
|
|switch|p2a: Salazzle|Salazzle, F|94/100
|move|p1a: Vileplume|Giga Drain|p2a: Salazzle
|-resisted|p2a: Salazzle
|-damage|p2a: Salazzle|80/100
|-heal|p1a: Vileplume|99/100|[from] drain|[of] p2a: Salazzle
|
|-weather|none
|upkeep
|turn|22
|c|☆yung centibro|ohh
|inactive|yung centibro has 60 seconds left.
|
|switch|p1a: Vaporeon|Vaporeon, F|4/100 tox
|move|p2a: Salazzle|Fire Blast|p1a: Vaporeon
|-resisted|p1a: Vaporeon
|-damage|p1a: Vaporeon|0 fnt
|faint|p1a: Vaporeon
|
|upkeep
|
|switch|p1a: Passimian|Passimian, M|100/100
|turn|23
|
|switch|p2a: Sigilyph|Sigilyph, M|1/100
|move|p1a: Passimian|Knock Off|p2a: Sigilyph
|-supereffective|p2a: Sigilyph
|-damage|p2a: Sigilyph|0 fnt
|-enditem|p2a: Sigilyph|Life Orb|[from] move: Knock Off|[of] p1a: Passimian
|faint|p2a: Sigilyph
|
|upkeep
|
|switch|p2a: Gigalith|Gigalith, M|100/100
|-damage|p2a: Gigalith|88/100|[from] Stealth Rock
|-weather|Sandstorm|[from] ability: Sand Stream|[of] p2a: Gigalith
|turn|24
|
|move|p1a: Passimian|Knock Off|p2a: Gigalith
|-damage|p2a: Gigalith|65/100
|-enditem|p2a: Gigalith|Leftovers|[from] move: Knock Off|[of] p1a: Passimian
|move|p2a: Gigalith|Stealth Rock|p1a: Passimian
|-sidestart|p1: yung centibro|move: Stealth Rock
|
|-weather|Sandstorm|[upkeep]
|-damage|p1a: Passimian|94/100|[from] Sandstorm
|upkeep
|turn|25
|
|switch|p1a: Silvally|Silvally-Steel|100/100
|-damage|p1a: Silvally|94/100|[from] Stealth Rock
|move|p2a: Gigalith|Body Press|p1a: Silvally
|-supereffective|p1a: Silvally
|-damage|p1a: Silvally|49/100
|
|-weather|Sandstorm|[upkeep]
|upkeep
|turn|26
|
|switch|p2a: Gastrodon|Gastrodon, M|83/100
|-damage|p2a: Gastrodon|77/100|[from] Stealth Rock
|move|p1a: Silvally|Multi-Attack|p2a: Gastrodon
|-resisted|p2a: Gastrodon
|-damage|p2a: Gastrodon|60/100
|
|-weather|Sandstorm|[upkeep]
|-heal|p2a: Gastrodon|66/100|[from] item: Leftovers
|upkeep
|turn|27
|
|move|p1a: Silvally|U-turn|p2a: Gastrodon
|-damage|p2a: Gastrodon|52/100
|
|switch|p1a: Vileplume|Vileplume, M|99/100|[from]move: U-turn
|-damage|p1a: Vileplume|88/100|[from] Stealth Rock
|move|p2a: Gastrodon|Recover|p2a: Gastrodon
|-heal|p2a: Gastrodon|100/100
|
|-weather|Sandstorm|[upkeep]
|-damage|p1a: Vileplume|81/100|[from] Sandstorm
|upkeep
|turn|28
|
|switch|p2a: Salazzle|Salazzle, F|80/100
|move|p1a: Vileplume|Sludge Bomb|p2a: Salazzle
|-resisted|p2a: Salazzle
|-damage|p2a: Salazzle|49/100
|
|-weather|none
|upkeep
|turn|29
|
|switch|p1a: Silvally|Silvally-Steel|49/100
|-damage|p1a: Silvally|42/100|[from] Stealth Rock
|move|p2a: Salazzle|Fire Blast|p1a: Silvally
|-supereffective|p1a: Silvally
|-damage|p1a: Silvally|0 fnt
|faint|p1a: Silvally
|
|upkeep
|
|switch|p1a: Passimian|Passimian, M|94/100
|-damage|p1a: Passimian|88/100|[from] Stealth Rock
|turn|30
|
|switch|p2a: Gigalith|Gigalith, M|65/100
|-damage|p2a: Gigalith|53/100|[from] Stealth Rock
|-weather|Sandstorm|[from] ability: Sand Stream|[of] p2a: Gigalith
|move|p1a: Passimian|Earthquake|p2a: Gigalith
|-supereffective|p2a: Gigalith
|-damage|p2a: Gigalith|6/100
|
|-weather|Sandstorm|[upkeep]
|-damage|p1a: Passimian|82/100|[from] Sandstorm
|upkeep
|turn|31
|
|switch|p2a: Gastrodon|Gastrodon, M|100/100
|-damage|p2a: Gastrodon|94/100|[from] Stealth Rock
|move|p1a: Passimian|Earthquake|p2a: Gastrodon
|-damage|p2a: Gastrodon|72/100
|
|-weather|Sandstorm|[upkeep]
|-damage|p1a: Passimian|76/100|[from] Sandstorm
|-heal|p2a: Gastrodon|78/100|[from] item: Leftovers
|upkeep
|turn|32
|
|move|p1a: Passimian|Earthquake|p2a: Gastrodon
|-damage|p2a: Gastrodon|54/100
|move|p2a: Gastrodon|Recover|p2a: Gastrodon
|-heal|p2a: Gastrodon|100/100
|
|-weather|Sandstorm|[upkeep]
|-damage|p1a: Passimian|70/100|[from] Sandstorm
|upkeep
|turn|33
|
|switch|p1a: Vileplume|Vileplume, M|81/100
|-damage|p1a: Vileplume|69/100|[from] Stealth Rock
|move|p2a: Gastrodon|Scald|p1a: Vileplume
|-resisted|p1a: Vileplume
|-damage|p1a: Vileplume|55/100
|
|-weather|Sandstorm|[upkeep]
|-damage|p1a: Vileplume|49/100|[from] Sandstorm
|upkeep
|turn|34
|
|switch|p1a: Passimian|Passimian, M|70/100
|-damage|p1a: Passimian|64/100|[from] Stealth Rock
|switch|p2a: Gigalith|Gigalith, M|6/100
|-damage|p2a: Gigalith|0 fnt|[from] Stealth Rock
|faint|p2a: Gigalith
|
|-weather|none
|upkeep
|
|switch|p2a: Gastrodon|Gastrodon, M|100/100
|-damage|p2a: Gastrodon|94/100|[from] Stealth Rock
|turn|35
|
|move|p1a: Passimian|U-turn|p2a: Gastrodon
|-damage|p2a: Gastrodon|78/100
|
|switch|p1a: Vileplume|Vileplume, M|49/100|[from]move: U-turn
|-damage|p1a: Vileplume|36/100|[from] Stealth Rock
|move|p2a: Gastrodon|Earthquake|p1a: Vileplume
|-damage|p1a: Vileplume|13/100
|
|-heal|p2a: Gastrodon|84/100|[from] item: Leftovers
|upkeep
|turn|36
|c| scblol26|cyrus u shouldn't have sacked on the double
|c| scblol26|playing too safe pensive
|inactive|yung centibro has 120 seconds left.
|c|☆yung centibro|i didnt plan for boots lazzle
|c|☆yung centibro|wasn't that last game
|c|☆Cyyru|it always was
|inactive|Cyyru has 120 seconds left.
|c| scblol26|u knocked it probably
|c| scblol26|last game
|inactive|yung centibro has 90 seconds left.
|c| scblol26|maybe
|c|☆yung centibro|hmm maybe i didn't notice
|inactive|Cyyru has 90 seconds left.
|inactive|yung centibro has 60 seconds left.
|
|switch|p2a: Salazzle|Salazzle, F|49/100
|move|p1a: Vileplume|Giga Drain|p2a: Salazzle
|-resisted|p2a: Salazzle
|-damage|p2a: Salazzle|37/100
|-heal|p1a: Vileplume|18/100|[from] drain|[of] p2a: Salazzle
|
|upkeep
|turn|37
|inactive|Cyyru has 90 seconds left.
|c| scblol26|oh ur boots
|c| scblol26|it didn't matter then
|c|☆yung centibro|wel it did
|c|☆yung centibro|was a 505
|c|☆yung centibro|right there
|c|☆Cyyru|yea
|c|☆Cyyru|he coudl have doubled
|c|☆Cyyru|and then its a roll for 2 ccs
|inactive|yung centibro has 30 seconds left.
|c| scblol26|oof
|inactive|yung centibro has 20 seconds left.
|c| scblol26|i meant the pllay u sacked giga
|c| scblol26|but yeah
|inactive|yung centibro has 15 seconds left.
|c| pimflois|does cc kill at 37
|inactive|yung centibro has 10 seconds left.
|
|move|p2a: Salazzle|Fire Blast|p1a: Vileplume
|-supereffective|p1a: Vileplume
|-damage|p1a: Vileplume|0 fnt
|faint|p1a: Vileplume
|
|upkeep
|inactive|yung centibro has 15 seconds left this turn.
|
|switch|p1a: Passimian|Passimian, M|64/100
|-damage|p1a: Passimian|57/100|[from] Stealth Rock
|turn|38
|inactive|yung centibro has 25 seconds left this turn.
|c| pimflois|cause if not
|c| pimflois|weak ass
|
|move|p1a: Passimian|Close Combat|p2a: Salazzle
|-resisted|p2a: Salazzle
|-damage|p2a: Salazzle|0 fnt
|-unboost|p1a: Passimian|def|1
|-unboost|p1a: Passimian|spd|1
|faint|p2a: Salazzle
|
|upkeep
|inactive|yung centibro has 30 seconds left this turn.
|
|switch|p2a: Gastrodon|Gastrodon, M|84/100
|-damage|p2a: Gastrodon|78/100|[from] Stealth Rock
|turn|39
|c|☆yung centibro|it does 49 min
|
|move|p1a: Passimian|Close Combat|p2a: Gastrodon
|-damage|p2a: Gastrodon|32/100
|-unboost|p1a: Passimian|def|1
|-unboost|p1a: Passimian|spd|1
|move|p2a: Gastrodon|Earthquake|p1a: Passimian
|-damage|p1a: Passimian|0 fnt
|faint|p1a: Passimian
|
|win|Cyyru
|c|☆yung centibro|oh well
|c|☆Cyyru|gg
|c|☆yung centibro|back to start
|c|☆yung centibro|gg
|c| scblol26|rip ur points :(
|c| scblol26|gl
|l| scblol26
