|j|☆Dancanmanfan
|j|☆Anderson .Packed
|t:|1666232131
|gametype|singles
|player|p1|Dancanmanfan|clay|1481
|player|p2|Anderson .Packed|marlon|1432
|teamsize|p1|6
|teamsize|p2|6
|gen|8
|tier|[Gen 8] RU
|rated|
|rule|Sleep Clause Mod: Limit one foe put to sleep
|rule|Species Clause: Limit one of each Pokémon
|rule|OHKO Clause: OHKO moves are banned
|rule|Evasion Items Clause: Evasion items are banned
|rule|Evasion Moves Clause: Evasion moves are banned
|rule|Endless Battle Clause: Forcing endless battles is banned
|rule|HP Percentage Mod: HP is shown in percentages
|rule|Dynamax Clause: You cannot dynamax
|clearpoke
|poke|p1|Metagross|
|poke|p1|Pangoro, F|
|poke|p1|Crobat, F|
|poke|p1|Flygon, M|
|poke|p1|Sharpedo, F|
|poke|p1|Rotom-Mow|
|poke|p2|Gardevoir, M|
|poke|p2|Milotic, M|
|poke|p2|Flygon, F|
|poke|p2|Registeel|
|poke|p2|Chandelure, M|
|poke|p2|Lucario, M|
|teampreview
|inactive|Battle timer is ON: inactive players will automatically lose when time's up. (requested by Dancanmanfan)
|c|☆Anderson .Packed|Hf
|c|☆Dancanmanfan|u2
|
|t:|1666232146
|start
|switch|p1a: A$AP Chompy|Sharpedo, F|100/100
|switch|p2a: Milotic|Milotic, M|100/100
|turn|1
|
|t:|1666232152
|switch|p1a: Rotom|Rotom-Mow|100/100
|move|p2a: Milotic|Toxic|p1a: Rotom
|-status|p1a: Rotom|tox
|
|-damage|p1a: Rotom|94/100 tox|[from] psn
|upkeep
|turn|2
|
|t:|1666232158
|switch|p2a: Flygon|Flygon, F|100/100
|move|p1a: Rotom|Will-O-Wisp|p2a: Flygon
|-status|p2a: Flygon|brn
|
|-heal|p1a: Rotom|100/100 tox|[from] item: Leftovers
|-damage|p1a: Rotom|88/100 tox|[from] psn
|-damage|p2a: Flygon|95/100 brn|[from] brn
|upkeep
|turn|3
|
|t:|1666232163
|move|p2a: Flygon|U-turn|p1a: Rotom
|-supereffective|p1a: Rotom
|-damage|p1a: Rotom|68/100 tox
|
|t:|1666232174
|switch|p2a: Chandelure|Chandelure, M|100/100|[from]move: U-turn
|move|p1a: Rotom|Volt Switch|p2a: Chandelure
|-damage|p2a: Chandelure|64/100
|
|t:|1666232181
|switch|p1a: A$AP Chompy|Sharpedo, F|100/100|[from]move: Volt Switch
|
|upkeep
|turn|4
|
|t:|1666232185
|switch|p1a: Rotom|Rotom-Mow|68/100 tox
|move|p2a: Chandelure|Energy Ball|p1a: Rotom
|-resisted|p1a: Rotom
|-damage|p1a: Rotom|51/100 tox
|
|-heal|p1a: Rotom|57/100 tox|[from] item: Leftovers
|-damage|p1a: Rotom|51/100 tox|[from] psn
|upkeep
|turn|5
|
|t:|1666232196
|move|p1a: Rotom|Leaf Storm|p2a: Chandelure
|-resisted|p2a: Chandelure
|-damage|p2a: Chandelure|32/100
|-unboost|p1a: Rotom|spa|2
|move|p2a: Chandelure|Flamethrower|p1a: Rotom
|-supereffective|p1a: Rotom
|-damage|p1a: Rotom|0 fnt
|faint|p1a: Rotom
|
|upkeep
|
|t:|1666232201
|switch|p1a: A$AP Chompy|Sharpedo, F|100/100
|turn|6
|
|t:|1666232208
|switch|p2a: Milotic|Milotic, M|100/100
|move|p1a: A$AP Chompy|Crunch|p2a: Milotic
|-damage|p2a: Milotic|65/100
|-damage|p1a: A$AP Chompy|84/100|[from] item: Rocky Helmet|[of] p2a: Milotic
|
|-ability|p1a: A$AP Chompy|Speed Boost|boost
|-boost|p1a: A$AP Chompy|spe|1
|upkeep
|turn|7
|
|t:|1666232216
|switch|p1a: Bang on hoes|Pangoro, F|100/100
|move|p2a: Milotic|Scald|p1a: Bang on hoes
|-damage|p1a: Bang on hoes|64/100
|
|upkeep
|turn|8
|
|t:|1666232224
|move|p2a: Milotic|Recover|p2a: Milotic
|-heal|p2a: Milotic|100/100
|move|p1a: Bang on hoes|Knock Off|p2a: Milotic
|-damage|p2a: Milotic|47/100
|-damage|p1a: Bang on hoes|48/100|[from] item: Rocky Helmet|[of] p2a: Milotic
|-enditem|p2a: Milotic|Rocky Helmet|[from] move: Knock Off|[of] p1a: Bang on hoes
|-damage|p1a: Bang on hoes|38/100|[from] item: Life Orb
|
|upkeep
|turn|9
|
|t:|1666232232
|move|p2a: Milotic|Recover|p2a: Milotic
|-heal|p2a: Milotic|97/100
|move|p1a: Bang on hoes|Close Combat|p2a: Milotic
|-damage|p2a: Milotic|33/100
|-unboost|p1a: Bang on hoes|def|1
|-unboost|p1a: Bang on hoes|spd|1
|-damage|p1a: Bang on hoes|28/100|[from] item: Life Orb
|
|upkeep
|turn|10
|
|t:|1666232245
|move|p2a: Milotic|Scald|p1a: Bang on hoes
|-damage|p1a: Bang on hoes|0 fnt
|faint|p1a: Bang on hoes
|
|upkeep
|
|t:|1666232252
|switch|p1a: A$AP Chompy|Sharpedo, F|84/100
|turn|11
|
|t:|1666232257
|move|p1a: A$AP Chompy|Crunch|p2a: Milotic
|-damage|p2a: Milotic|0 fnt
|faint|p2a: Milotic
|
|-ability|p1a: A$AP Chompy|Speed Boost|boost
|-boost|p1a: A$AP Chompy|spe|1
|upkeep
|
|t:|1666232272
|switch|p2a: Registeel|Registeel|100/100
|turn|12
|
|t:|1666232278
|move|p1a: A$AP Chompy|Close Combat|p2a: Registeel
|-supereffective|p2a: Registeel
|-damage|p2a: Registeel|31/100
|-unboost|p1a: A$AP Chompy|def|1
|-unboost|p1a: A$AP Chompy|spd|1
|move|p2a: Registeel|Thunder Wave|p1a: A$AP Chompy
|-status|p1a: A$AP Chompy|par
|
|-heal|p2a: Registeel|37/100|[from] item: Leftovers
|-ability|p1a: A$AP Chompy|Speed Boost|boost
|-boost|p1a: A$AP Chompy|spe|1
|upkeep
|turn|13
|
|t:|1666232286
|switch|p2a: Flygon|Flygon, F|95/100 brn
|move|p1a: A$AP Chompy|Close Combat|p2a: Flygon
|-damage|p2a: Flygon|32/100 brn
|-unboost|p1a: A$AP Chompy|def|1
|-unboost|p1a: A$AP Chompy|spd|1
|
|-damage|p2a: Flygon|26/100 brn|[from] brn
|-ability|p1a: A$AP Chompy|Speed Boost|boost
|-boost|p1a: A$AP Chompy|spe|1
|upkeep
|turn|14
|inactive|Dancanmanfan has 120 seconds left.
|
|t:|1666232319
|move|p2a: Flygon|U-turn|p1a: A$AP Chompy
|-supereffective|p1a: A$AP Chompy
|-damage|p1a: A$AP Chompy|0 fnt
|faint|p1a: A$AP Chompy
|
|t:|1666232330
|switch|p2a: Registeel|Registeel|37/100|[from]move: U-turn
|
|-heal|p2a: Registeel|43/100|[from] item: Leftovers
|upkeep
|
|t:|1666232333
|switch|p1a: Bout that action|Metagross|100/100
|turn|15
|
|t:|1666232338
|move|p1a: Bout that action|Earthquake|p2a: Registeel
|-supereffective|p2a: Registeel
|-damage|p2a: Registeel|0 fnt
|faint|p2a: Registeel
|
|upkeep
|
|t:|1666232342
|switch|p2a: Chandelure|Chandelure, M|32/100
|turn|16
|
|t:|1666232347
|switch|p1a: Dray Keith|Flygon, M|100/100
|move|p2a: Chandelure|Flamethrower|p1a: Dray Keith
|-resisted|p1a: Dray Keith
|-damage|p1a: Dray Keith|63/100
|
|upkeep
|turn|17
|
|t:|1666232352
|switch|p2a: Flygon|Flygon, F|26/100 brn
|move|p1a: Dray Keith|Stone Edge|p2a: Flygon
|-resisted|p2a: Flygon
|-crit|p2a: Flygon
|-damage|p2a: Flygon|0 fnt
|faint|p2a: Flygon
|
|upkeep
|
|t:|1666232358
|switch|p2a: Lucario|Lucario, M|100/100
|turn|18
|
|t:|1666232364
|switch|p1a: Master Bruce|Crobat, F|100/100
|move|p2a: Lucario|Meteor Mash|p1a: Master Bruce
|-damage|p1a: Master Bruce|39/100
|-damage|p2a: Lucario|91/100|[from] item: Life Orb
|
|upkeep
|turn|19
|
|t:|1666232370
|move|p2a: Lucario|Extreme Speed|p1a: Master Bruce
|-damage|p1a: Master Bruce|2/100
|-damage|p2a: Lucario|81/100|[from] item: Life Orb
|move|p1a: Master Bruce|Brave Bird|p2a: Lucario
|-damage|p2a: Lucario|21/100
|-damage|p1a: Master Bruce|0 fnt|[from] Recoil
|faint|p1a: Master Bruce
|
|upkeep
|
|t:|1666232376
|switch|p1a: Dray Keith|Flygon, M|63/100
|turn|20
|
|t:|1666232394
|switch|p1a: Bout that action|Metagross|100/100
|switch|p2a: Gardevoir|Gardevoir, M|100/100
|-ability|p2a: Gardevoir|Clear Body|[from] ability: Trace|[of] p1a: Bout that action
|
|upkeep
|turn|21
|
|t:|1666232403
|move|p2a: Gardevoir|Shadow Ball|p1a: Bout that action
|-supereffective|p1a: Bout that action
|-damage|p1a: Bout that action|0 fnt
|faint|p1a: Bout that action
|
|upkeep
|
|t:|1666232406
|switch|p1a: Dray Keith|Flygon, M|63/100
|turn|22
|c|☆Dancanmanfan|gg
|c|☆Anderson .Packed|Gg
|
|t:|1666232414
|switch|p2a: Chandelure|Chandelure, M|32/100
|move|p1a: Dray Keith|Stone Edge|p2a: Chandelure
|-supereffective|p2a: Chandelure
|-damage|p2a: Chandelure|0 fnt
|faint|p2a: Chandelure
|
|upkeep
|
|t:|1666232421
|switch|p2a: Gardevoir|Gardevoir, M|100/100
|-ability|p2a: Gardevoir|Levitate|[from] ability: Trace|[of] p1a: Dray Keith
|turn|23
|
|t:|1666232423
|move|p1a: Dray Keith|Stone Edge|p2a: Gardevoir
|-damage|p2a: Gardevoir|50/100
|move|p2a: Gardevoir|Moonblast|p1a: Dray Keith
|-supereffective|p1a: Dray Keith
|-damage|p1a: Dray Keith|0 fnt
|faint|p1a: Dray Keith
|
|win|Anderson .Packed
|raw|Dancanmanfan's rating: 1481 &rarr; <strong>1458</strong><br />(-23 for losing)
|raw|Anderson .Packed's rating: 1432 &rarr; <strong>1455</strong><br />(+23 for winning)
|c|☆Dancanmanfan|gg
|l|☆Dancanmanfan
