|raw|<div class="broadcast-blue"><strong>This battle is required to be public due to a player having a name starting with 'rult50'.</div>
|j|☆RULT50Y DR Stone
|j|☆whisperofheart
|t:|1625577394
|gametype|singles
|player|p1|RULT50Y DR Stone|steven-gen3|1357
|player|p2|whisperofheart|170|1321
|teamsize|p1|6
|teamsize|p2|6
|gen|8
|tier|[Gen 8] RU
|rated|
|rule|Sleep Clause Mod: Limit one foe put to sleep
|rule|Species Clause: Limit one of each Pokémon
|rule|OHKO Clause: OHKO moves are banned
|rule|Evasion Moves Clause: Evasion moves are banned
|rule|Endless Battle Clause: Forcing endless battles is banned
|rule|HP Percentage Mod: HP is shown in percentages
|rule|Dynamax Clause: You cannot dynamax
|clearpoke
|poke|p1|Reuniclus, M|
|poke|p1|Suicune|
|poke|p1|Drapion, F|
|poke|p1|Registeel|
|poke|p1|Flygon, M|
|poke|p1|Togekiss, M|
|poke|p2|Raikou|
|poke|p2|Metagross|
|poke|p2|Gastrodon, F|
|poke|p2|Crobat, F|
|poke|p2|Gardevoir, M|
|poke|p2|Flygon, F|
|teampreview
|
|t:|1625577413
|start
|switch|p1a: Flygon|Flygon, M|100/100
|switch|p2a: Metagross|Metagross|100/100
|turn|1
|inactive|Battle timer is ON: inactive players will automatically lose when time's up. (requested by whisperofheart)
|
|t:|1625577432
|switch|p2a: Crobat|Crobat, F|100/100
|move|p1a: Flygon|U-turn|p2a: Crobat
|-resisted|p2a: Crobat
|-damage|p2a: Crobat|95/100
|
|t:|1625577439
|switch|p1a: Reuniclus|Reuniclus, M|100/100|[from]move: U-turn
|
|upkeep
|turn|2
|
|t:|1625577444
|switch|p2a: Metagross|Metagross|100/100
|move|p1a: Reuniclus|Trick|p2a: Metagross
|-activate|p1a: Reuniclus|move: Trick|[of] p2a: Metagross
|-item|p2a: Metagross|Sticky Barb|[from] move: Trick
|-item|p1a: Reuniclus|Choice Scarf|[from] move: Trick
|
|-damage|p2a: Metagross|88/100|[from] item: Sticky Barb
|upkeep
|turn|3
|
|t:|1625577466
|switch|p1a: Registeel|Registeel|100/100
|move|p2a: Metagross|Stealth Rock|p1a: Registeel
|-sidestart|p1: RULT50Y DR Stone|move: Stealth Rock
|
|-damage|p2a: Metagross|76/100|[from] item: Sticky Barb
|upkeep
|turn|4
|
|t:|1625577472
|move|p2a: Metagross|Trick|p1a: Registeel
|-activate|p2a: Metagross|move: Trick|[of] p1a: Registeel
|-item|p1a: Registeel|Sticky Barb|[from] move: Trick
|-item|p2a: Metagross|Leftovers|[from] move: Trick
|move|p1a: Registeel|Stealth Rock|p2a: Metagross
|-sidestart|p2: whisperofheart|move: Stealth Rock
|
|-heal|p2a: Metagross|82/100|[from] item: Leftovers
|-damage|p1a: Registeel|88/100|[from] item: Sticky Barb
|upkeep
|turn|5
|
|t:|1625577484
|switch|p1a: Reuniclus|Reuniclus, M|100/100
|move|p2a: Metagross|Meteor Mash|p1a: Reuniclus
|-damage|p1a: Reuniclus|67/100
|-boost|p2a: Metagross|atk|1
|
|-heal|p2a: Metagross|88/100|[from] item: Leftovers
|upkeep
|turn|6
|
|t:|1625577493
|move|p2a: Metagross|Meteor Mash|p1a: Reuniclus
|-damage|p1a: Reuniclus|20/100
|move|p1a: Reuniclus|Trick|p2a: Metagross
|-activate|p1a: Reuniclus|move: Trick|[of] p2a: Metagross
|-item|p2a: Metagross|Choice Scarf|[from] move: Trick
|-item|p1a: Reuniclus|Leftovers|[from] move: Trick
|
|-heal|p1a: Reuniclus|26/100|[from] item: Leftovers
|upkeep
|turn|7
|
|t:|1625577515
|switch|p1a: Suicune|Suicune|100/100
|-damage|p1a: Suicune|88/100|[from] Stealth Rock
|-ability|p1a: Suicune|Pressure
|move|p2a: Metagross|Trick|p1a: Suicune
|-activate|p2a: Metagross|move: Trick|[of] p1a: Suicune
|-item|p1a: Suicune|Choice Scarf|[from] move: Trick
|-item|p2a: Metagross|Leftovers|[from] move: Trick
|
|-heal|p2a: Metagross|94/100|[from] item: Leftovers
|upkeep
|turn|8
|c|☆RULT50Y DR Stone|gg
|-message|RULT50Y DR Stone forfeited.
|
|win|whisperofheart
|raw|RULT50Y DR Stone's rating: 1357 &rarr; <strong>1335</strong><br />(-22 for losing)
|raw|whisperofheart's rating: 1321 &rarr; <strong>1343</strong><br />(+22 for winning)
|c|☆whisperofheart|gg lol
|l|☆RULT50Y DR Stone
|c|☆whisperofheart|did you just forget
