|j|‽RULT4pm Aqua
|j|☆Parnstar
|t:|1598604098
|player|p1|RULT4pm Aqua|2|1482
|player|p2|Parnstar|youngcouple-gen4dp|1367
|teamsize|p1|6
|teamsize|p2|6
|gametype|singles
|gen|8
|tier|[Gen 8] RU
|rated|
|clearpoke
|poke|p1|Dragalge, M|
|poke|p1|Umbreon, M|
|poke|p1|Bronzong|
|poke|p1|Mantine, M|
|poke|p1|Quagsire, M|
|poke|p1|Tangela, M|
|poke|p2|Braviary, M|
|poke|p2|Decidueye, M|
|poke|p2|Vileplume, F|
|poke|p2|Hitmontop, M|
|poke|p2|Exploud, F|
|poke|p2|Silvally-*|
|rule|Sleep Clause Mod: Limit one foe put to sleep
|rule|Species Clause: Limit one of each Pokémon
|rule|OHKO Clause: OHKO moves are banned
|rule|Evasion Moves Clause: Evasion moves are banned
|rule|Endless Battle Clause: Forcing endless battles is banned
|rule|HP Percentage Mod: HP is shown in percentages
|rule|Dynamax Clause: You cannot dynamax
|teampreview
|inactive|Battle timer is ON: inactive players will automatically lose when time's up. (requested by Parnstar)
|
|t:|1598604133
|start
|switch|p1a: Dragalge|Dragalge, M|100/100
|switch|p2a: USA 🏉|Braviary, M, shiny|100/100
|turn|1
|
|t:|1598604136
|move|p2a: USA 🏉|Brave Bird|p1a: Dragalge
|-damage|p1a: Dragalge|30/100
|-damage|p2a: USA 🏉|81/100|[from] Recoil
|-damage|p2a: USA 🏉|72/100|[from] item: Life Orb
|move|p1a: Dragalge|Sludge Bomb|p2a: USA 🏉
|-damage|p2a: USA 🏉|29/100
|
|-heal|p1a: Dragalge|36/100|[from] item: Black Sludge
|upkeep
|turn|2
|
|t:|1598604147
|switch|p1a: Bronzong|Bronzong|100/100
|move|p2a: USA 🏉|Roost|p2a: USA 🏉
|-heal|p2a: USA 🏉|79/100
|-singleturn|p2a: USA 🏉|move: Roost
|
|upkeep
|turn|3
|
|t:|1598604150
|move|p2a: USA 🏉|Close Combat|p1a: Bronzong
|-damage|p1a: Bronzong|58/100
|-unboost|p2a: USA 🏉|def|1
|-unboost|p2a: USA 🏉|spd|1
|-damage|p2a: USA 🏉|69/100|[from] item: Life Orb
|move|p1a: Bronzong|Heavy Slam|p2a: USA 🏉
|-damage|p2a: USA 🏉|19/100
|
|-heal|p1a: Bronzong|64/100|[from] item: Leftovers
|upkeep
|turn|4
|
|t:|1598604161
|switch|p2a: I live ...|Vileplume, F, shiny|100/100
|switch|p1a: Quagsire|Quagsire, M|100/100
|
|upkeep
|turn|5
|
|t:|1598604167
|switch|p1a: Dragalge|Dragalge, M|36/100
|move|p2a: I live ...|Sleep Powder|p1a: Dragalge
|-status|p1a: Dragalge|slp|[from] move: Sleep Powder
|
|-heal|p1a: Dragalge|42/100 slp|[from] item: Black Sludge
|upkeep
|turn|6
|
|t:|1598604177
|switch|p2a: USA 🏉|Braviary, M, shiny|19/100
|switch|p1a: Bronzong|Bronzong|64/100
|
|-heal|p1a: Bronzong|71/100|[from] item: Leftovers
|upkeep
|turn|7
|
|t:|1598604181
|move|p2a: USA 🏉|Roost|p2a: USA 🏉
|-heal|p2a: USA 🏉|69/100
|-singleturn|p2a: USA 🏉|move: Roost
|move|p1a: Bronzong|Heavy Slam|p2a: USA 🏉
|-damage|p2a: USA 🏉|39/100
|
|-heal|p1a: Bronzong|77/100|[from] item: Leftovers
|upkeep
|turn|8
|
|t:|1598604183
|move|p2a: USA 🏉|Close Combat|p1a: Bronzong
|-damage|p1a: Bronzong|36/100
|-unboost|p2a: USA 🏉|def|1
|-unboost|p2a: USA 🏉|spd|1
|-damage|p2a: USA 🏉|29/100|[from] item: Life Orb
|move|p1a: Bronzong|Heavy Slam|p2a: USA 🏉
|-damage|p2a: USA 🏉|0 fnt
|faint|p2a: USA 🏉
|
|-heal|p1a: Bronzong|42/100|[from] item: Leftovers
|upkeep
|
|t:|1598604196
|switch|p2a: Gape|Exploud, F, shiny|100/100
|turn|9
|
|t:|1598604201
|move|p2a: Gape|Boomburst|p1a: Bronzong
|-resisted|p1a: Bronzong
|-damage|p1a: Bronzong|14/100
|move|p1a: Bronzong|Rest|p1a: Bronzong
|-status|p1a: Bronzong|slp|[from] move: Rest
|-heal|p1a: Bronzong|100/100 slp|[silent]
|
|upkeep
|turn|10
|
|t:|1598604205
|switch|p2a: Hawk-👁|Decidueye, M, shiny|100/100
|cant|p1a: Bronzong|slp
|
|upkeep
|turn|11
|j| uuj6ix
|
|t:|1598604213
|switch|p1a: Umbreon|Umbreon, M|100/100
|move|p2a: Hawk-👁|Leaf Blade|p1a: Umbreon
|-damage|p1a: Umbreon|61/100
|-damage|p2a: Hawk-👁|91/100|[from] item: Life Orb
|
|upkeep
|turn|12
|
|t:|1598604219
|switch|p2a: I live ...|Vileplume, F, shiny|100/100
|move|p1a: Umbreon|Foul Play|p2a: I live ...
|-damage|p2a: I live ...|79/100
|
|-heal|p2a: I live ...|85/100|[from] item: Black Sludge
|upkeep
|turn|13
|
|t:|1598604224
|switch|p2a: Gape|Exploud, F, shiny|100/100
|move|p1a: Umbreon|Wish|p1a: Umbreon
|
|upkeep
|turn|14
|
|t:|1598604233
|move|p1a: Umbreon|Foul Play|p2a: Gape
|-damage|p2a: Gape|74/100
|move|p2a: Gape|Shadow Ball|p1a: Umbreon
|-resisted|p1a: Umbreon
|-damage|p1a: Umbreon|51/100
|
|-heal|p1a: Umbreon|100/100|[from] move: Wish|[wisher] Umbreon
|upkeep
|turn|15
|j| Mendinos
|
|t:|1598604239
|switch|p2a: I live ...|Vileplume, F, shiny|85/100
|move|p1a: Umbreon|Foul Play|p2a: I live ...
|-damage|p2a: I live ...|62/100
|
|-heal|p2a: I live ...|68/100|[from] item: Black Sludge
|upkeep
|turn|16
|
|t:|1598604245
|move|p1a: Umbreon|Heal Bell|p1a: Umbreon
|-activate|p1a: Umbreon|move: Heal Bell
|-curestatus|p1: Bronzong|slp|[msg]
|-curestatus|p1: Dragalge|slp|[msg]
|move|p2a: I live ...|Sludge Wave|p1a: Umbreon
|-damage|p1a: Umbreon|76/100
|
|-heal|p2a: I live ...|74/100|[from] item: Black Sludge
|upkeep
|turn|17
|
|t:|1598604249
|switch|p1a: Dragalge|Dragalge, M|42/100
|move|p2a: I live ...|Sleep Powder|p1a: Dragalge
|-status|p1a: Dragalge|slp|[from] move: Sleep Powder
|
|-heal|p2a: I live ...|81/100|[from] item: Black Sludge
|-heal|p1a: Dragalge|48/100 slp|[from] item: Black Sludge
|upkeep
|turn|18
|
|t:|1598604251
|switch|p1a: Bronzong|Bronzong|100/100
|move|p2a: I live ...|Sludge Wave|p1a: Bronzong
|-immune|p1a: Bronzong
|
|-heal|p2a: I live ...|87/100|[from] item: Black Sludge
|upkeep
|turn|19
|
|t:|1598604258
|switch|p2a: Hawk-👁|Decidueye, M, shiny|91/100
|move|p1a: Bronzong|Stealth Rock|p2a: Hawk-👁
|-sidestart|p2: Parnstar|move: Stealth Rock
|
|upkeep
|turn|20
|
|t:|1598604263
|switch|p1a: Tangela|Tangela, M|100/100
|move|p2a: Hawk-👁|Swords Dance|p2a: Hawk-👁
|-boost|p2a: Hawk-👁|atk|2
|
|upkeep
|turn|21
|
|t:|1598604267
|move|p2a: Hawk-👁|Poltergeist|p1a: Tangela
|-activate|p1a: Tangela|move: Poltergeist|Eviolite
|-damage|p1a: Tangela|37/100
|-damage|p2a: Hawk-👁|81/100|[from] item: Life Orb
|move|p1a: Tangela|Sludge Bomb|p2a: Hawk-👁
|-damage|p2a: Hawk-👁|57/100
|
|upkeep
|turn|22
|
|t:|1598604277
|switch|p1a: Umbreon|Umbreon, M|76/100
|move|p2a: Hawk-👁|Leaf Blade|p1a: Umbreon
|-damage|p1a: Umbreon|0 fnt
|-damage|p2a: Hawk-👁|47/100|[from] item: Life Orb
|faint|p1a: Umbreon
|
|upkeep
|
|t:|1598604284
|switch|p1a: Tangela|Tangela, M|71/100
|turn|23
|
|t:|1598604288
|move|p2a: Hawk-👁|Poltergeist|p1a: Tangela
|-activate|p1a: Tangela|move: Poltergeist|Eviolite
|-damage|p1a: Tangela|11/100
|-damage|p2a: Hawk-👁|38/100|[from] item: Life Orb
|move|p1a: Tangela|Sludge Bomb|p2a: Hawk-👁
|-damage|p2a: Hawk-👁|14/100
|-status|p2a: Hawk-👁|psn
|
|-damage|p2a: Hawk-👁|1/100 psn|[from] psn
|upkeep
|turn|24
|
|t:|1598604301
|move|p2a: Hawk-👁|Poltergeist|p1a: Tangela
|-activate|p1a: Tangela|move: Poltergeist|Eviolite
|-damage|p1a: Tangela|0 fnt
|-damage|p2a: Hawk-👁|0 fnt|[from] item: Life Orb
|faint|p1a: Tangela
|faint|p2a: Hawk-👁
|
|upkeep
|
|t:|1598604311
|switch|p2a: Tatsumaki|Hitmontop, M|100/100
|switch|p1a: Mantine|Mantine, M|100/100
|-damage|p2a: Tatsumaki|95/100|[from] Stealth Rock
|turn|25
|
|t:|1598604314
|move|p1a: Mantine|Scald|p2a: Tatsumaki
|-damage|p2a: Tatsumaki|79/100
|move|p2a: Tatsumaki|Rapid Spin|p1a: Mantine
|-damage|p1a: Mantine|81/100
|-boost|p2a: Tatsumaki|spe|1
|-sideend|p2: Parnstar|Stealth Rock|[from] move: Rapid Spin|[of] p2a: Tatsumaki
|
|upkeep
|turn|26
|
|t:|1598604320
|move|p2a: Tatsumaki|Triple Axel|p1a: Mantine
|-damage|p1a: Mantine|73/100
|-damage|p1a: Mantine|58/100
|-damage|p1a: Mantine|36/100
|-hitcount|p1a: Mantine|3
|move|p1a: Mantine|Scald|p2a: Tatsumaki
|-damage|p2a: Tatsumaki|65/100
|
|upkeep
|turn|27
|
|t:|1598604326
|switch|p1a: Quagsire|Quagsire, M|100/100
|move|p2a: Tatsumaki|Triple Axel|p1a: Quagsire
|-damage|p1a: Quagsire|94/100
|-damage|p1a: Quagsire|80/100
|-hitcount|p1a: Quagsire|2
|
|upkeep
|turn|28
|
|t:|1598604336
|switch|p2a: Gape|Exploud, F, shiny|74/100
|move|p1a: Quagsire|Recover|p1a: Quagsire
|-heal|p1a: Quagsire|100/100
|
|upkeep
|turn|29
|
|t:|1598604338
|move|p2a: Gape|Boomburst|p1a: Quagsire
|-crit|p1a: Quagsire
|-damage|p1a: Quagsire|0 fnt
|faint|p1a: Quagsire
|
|upkeep
|
|t:|1598604342
|switch|p1a: Bronzong|Bronzong|100/100
|turn|30
|
|t:|1598604354
|switch|p2a: I live ...|Vileplume, F, shiny|87/100
|move|p1a: Bronzong|Stealth Rock|p2a: I live ...
|-sidestart|p2: Parnstar|move: Stealth Rock
|
|-heal|p2a: I live ...|93/100|[from] item: Black Sludge
|upkeep
|turn|31
|
|t:|1598604365
|move|p2a: I live ...|Giga Drain|p1a: Bronzong
|-resisted|p1a: Bronzong
|-damage|p1a: Bronzong|89/100
|-heal|p2a: I live ...|99/100|[from] drain|[of] p1a: Bronzong
|move|p1a: Bronzong|Heavy Slam|p2a: I live ...
|-damage|p2a: I live ...|61/100
|
|-heal|p2a: I live ...|67/100|[from] item: Black Sludge
|-heal|p1a: Bronzong|95/100|[from] item: Leftovers
|upkeep
|turn|32
|
|t:|1598604371
|move|p2a: I live ...|Strength Sap|p1a: Bronzong
|-unboost|p1a: Bronzong|atk|1
|-heal|p2a: I live ...|100/100
|move|p1a: Bronzong|Heavy Slam|p2a: I live ...
|-damage|p2a: I live ...|75/100
|
|-heal|p2a: I live ...|82/100|[from] item: Black Sludge
|-heal|p1a: Bronzong|100/100|[from] item: Leftovers
|upkeep
|turn|33
|
|t:|1598604375
|switch|p1a: Mantine|Mantine, M|36/100
|move|p2a: I live ...|Giga Drain|p1a: Mantine
|-damage|p1a: Mantine|8/100
|-heal|p2a: I live ...|98/100|[from] drain|[of] p1a: Mantine
|
|-heal|p2a: I live ...|100/100|[from] item: Black Sludge
|upkeep
|turn|34
|
|t:|1598604381
|move|p1a: Mantine|Roost|p1a: Mantine
|-heal|p1a: Mantine|58/100
|-singleturn|p1a: Mantine|move: Roost
|move|p2a: I live ...|Giga Drain|p1a: Mantine
|-supereffective|p1a: Mantine
|-damage|p1a: Mantine|8/100
|
|upkeep
|turn|35
|
|t:|1598604385
|move|p1a: Mantine|Roost|p1a: Mantine
|-heal|p1a: Mantine|58/100
|-singleturn|p1a: Mantine|move: Roost
|move|p2a: I live ...|Giga Drain|p1a: Mantine
|-supereffective|p1a: Mantine
|-damage|p1a: Mantine|8/100
|
|upkeep
|turn|36
|
|t:|1598604391
|move|p1a: Mantine|Roost|p1a: Mantine
|-heal|p1a: Mantine|58/100
|-singleturn|p1a: Mantine|move: Roost
|move|p2a: I live ...|Giga Drain|p1a: Mantine
|-supereffective|p1a: Mantine
|-crit|p1a: Mantine
|-damage|p1a: Mantine|0 fnt
|faint|p1a: Mantine
|
|upkeep
|
|t:|1598604398
|switch|p1a: Dragalge|Dragalge, M|48/100 slp
|turn|37
|
|t:|1598604401
|switch|p2a: Tatsumaki|Hitmontop, M|65/100
|-damage|p2a: Tatsumaki|59/100|[from] Stealth Rock
|cant|p1a: Dragalge|slp
|
|-heal|p1a: Dragalge|54/100 slp|[from] item: Black Sludge
|upkeep
|turn|38
|
|t:|1598604404
|move|p2a: Tatsumaki|Rapid Spin|p1a: Dragalge
|-damage|p1a: Dragalge|30/100 slp
|-boost|p2a: Tatsumaki|spe|1
|-sideend|p2: Parnstar|Stealth Rock|[from] move: Rapid Spin|[of] p2a: Tatsumaki
|cant|p1a: Dragalge|slp
|
|-heal|p1a: Dragalge|36/100 slp|[from] item: Black Sludge
|upkeep
|turn|39
|
|t:|1598604410
|move|p2a: Tatsumaki|Triple Axel|p1a: Dragalge
|-supereffective|p1a: Dragalge
|-damage|p1a: Dragalge|19/100 slp
|-supereffective|p1a: Dragalge
|-damage|p1a: Dragalge|0 fnt
|-hitcount|p1a: Dragalge|2
|faint|p1a: Dragalge
|
|upkeep
|
|t:|1598604412
|switch|p1a: Bronzong|Bronzong|100/100
|turn|40
|
|t:|1598604424
|switch|p2a: I live ...|Vileplume, F, shiny|100/100
|move|p1a: Bronzong|Heavy Slam|p2a: I live ...
|-damage|p2a: I live ...|60/100
|
|-heal|p2a: I live ...|67/100|[from] item: Black Sludge
|upkeep
|turn|41
|
|t:|1598604432
|move|p2a: I live ...|Strength Sap|p1a: Bronzong
|-unboost|p1a: Bronzong|atk|1
|-heal|p2a: I live ...|100/100
|move|p1a: Bronzong|Stealth Rock|p2a: I live ...
|-sidestart|p2: Parnstar|move: Stealth Rock
|
|upkeep
|turn|42
|
|t:|1598604437
|move|p2a: I live ...|Giga Drain|p1a: Bronzong
|-resisted|p1a: Bronzong
|-damage|p1a: Bronzong|87/100
|move|p1a: Bronzong|Trick|p2a: I live ...
|-activate|p1a: Bronzong|move: Trick|[of] p2a: I live ...
|-item|p2a: I live ...|Leftovers|[from] move: Trick
|-item|p1a: Bronzong|Black Sludge|[from] move: Trick
|
|-damage|p1a: Bronzong|74/100|[from] item: Black Sludge
|upkeep
|turn|43
|
|t:|1598604447
|move|p2a: I live ...|Strength Sap|p1a: Bronzong
|-unboost|p1a: Bronzong|atk|1
|move|p1a: Bronzong|Trick|p2a: I live ...
|-activate|p1a: Bronzong|move: Trick|[of] p2a: I live ...
|-item|p2a: I live ...|Black Sludge|[from] move: Trick
|-item|p1a: Bronzong|Leftovers|[from] move: Trick
|
|-heal|p1a: Bronzong|81/100|[from] item: Leftovers
|upkeep
|turn|44
|
|t:|1598604458
|move|p2a: I live ...|Sleep Powder|p1a: Bronzong
|-status|p1a: Bronzong|slp|[from] move: Sleep Powder
|cant|p1a: Bronzong|slp
|
|-heal|p1a: Bronzong|87/100 slp|[from] item: Leftovers
|upkeep
|turn|45
|
|t:|1598604469
|switch|p2a: Tatsumaki|Hitmontop, M|59/100
|-damage|p2a: Tatsumaki|53/100|[from] Stealth Rock
|cant|p1a: Bronzong|slp
|
|-heal|p1a: Bronzong|93/100 slp|[from] item: Leftovers
|upkeep
|turn|46
|
|t:|1598604472
|move|p2a: Tatsumaki|Rapid Spin|p1a: Bronzong
|-resisted|p1a: Bronzong
|-damage|p1a: Bronzong|82/100 slp
|-boost|p2a: Tatsumaki|spe|1
|-sideend|p2: Parnstar|Stealth Rock|[from] move: Rapid Spin|[of] p2a: Tatsumaki
|cant|p1a: Bronzong|slp
|
|-heal|p1a: Bronzong|89/100 slp|[from] item: Leftovers
|upkeep
|turn|47
|
|t:|1598604481
|move|p2a: Tatsumaki|Earthquake|p1a: Bronzong
|-supereffective|p1a: Bronzong
|-damage|p1a: Bronzong|35/100 slp
|-curestatus|p1a: Bronzong|slp|[msg]
|move|p1a: Bronzong|Stealth Rock|p2a: Tatsumaki
|-sidestart|p2: Parnstar|move: Stealth Rock
|
|-heal|p1a: Bronzong|42/100|[from] item: Leftovers
|upkeep
|turn|48
|l| Mendinos
|c|☆Parnstar|Hah
|
|t:|1598604490
|move|p2a: Tatsumaki|Rapid Spin|p1a: Bronzong
|-resisted|p1a: Bronzong
|-damage|p1a: Bronzong|32/100
|-boost|p2a: Tatsumaki|spe|1
|-sideend|p2: Parnstar|Stealth Rock|[from] move: Rapid Spin|[of] p2a: Tatsumaki
|move|p1a: Bronzong|Rest|p1a: Bronzong
|-status|p1a: Bronzong|slp|[from] move: Rest
|-heal|p1a: Bronzong|100/100 slp|[silent]
|
|upkeep
|turn|49
|
|t:|1598604501
|move|p2a: Tatsumaki|Earthquake|p1a: Bronzong
|-supereffective|p1a: Bronzong
|-damage|p1a: Bronzong|50/100 slp
|cant|p1a: Bronzong|slp
|
|-heal|p1a: Bronzong|56/100 slp|[from] item: Leftovers
|upkeep
|turn|50
|c|☆Parnstar|Rult players never seize to amaze me
|inactive|Parnstar has 120 seconds left.
|
|t:|1598604537
|move|p2a: Tatsumaki|Earthquake|p1a: Bronzong
|-supereffective|p1a: Bronzong
|-damage|p1a: Bronzong|4/100 slp
|cant|p1a: Bronzong|slp
|
|-heal|p1a: Bronzong|11/100 slp|[from] item: Leftovers
|upkeep
|turn|51
|
|t:|1598604542
|move|p2a: Tatsumaki|Triple Axel|p1a: Bronzong
|-resisted|p1a: Bronzong
|-damage|p1a: Bronzong|6/100 slp
|-resisted|p1a: Bronzong
|-damage|p1a: Bronzong|0 fnt
|-hitcount|p1a: Bronzong|2
|faint|p1a: Bronzong
|
|win|Parnstar
|raw|RULT4pm Aqua's rating: 1482 &rarr; <strong>1455</strong><br />(-27 for losing)
|raw|Parnstar's rating: 1367 &rarr; <strong>1394</strong><br />(+27 for winning)
|l|‽RULT4pm Aqua
|c|☆Parnstar|Gg
|c| uuj6ix|facts
|c| uuj6ix|well played
|l| uuj6ix
