|j|☆ohnoitsu
|j|☆RULT1qm PPDC
|t:|1596554147
|player|p1|ohnoitsu|red-gen7|1343
|player|p2|RULT1qm PPDC|archie-gen3|1409
|teamsize|p1|6
|teamsize|p2|6
|gametype|singles
|gen|8
|tier|[Gen 8] RU
|rated|
|clearpoke
|poke|p1|Virizion|
|poke|p1|Claydol|
|poke|p1|Xatu, F|
|poke|p1|Zoroark, M|
|poke|p1|Escavalier, M|
|poke|p1|Gastrodon, F|
|poke|p2|Virizion|
|poke|p2|Slowbro-Galar, M|
|poke|p2|Steelix, F|
|poke|p2|Passimian, M|
|poke|p2|Mantine, F|
|poke|p2|Zoroark, F|
|rule|Sleep Clause Mod: Limit one foe put to sleep
|rule|Species Clause: Limit one of each Pokémon
|rule|OHKO Clause: OHKO moves are banned
|rule|Evasion Moves Clause: Evasion moves are banned
|rule|Endless Battle Clause: Forcing endless battles is banned
|rule|HP Percentage Mod: HP is shown in percentages
|rule|Dynamax Clause: You cannot dynamax
|teampreview
|
|t:|1596554167
|start
|switch|p1a: Escavalier|Escavalier, M|100/100
|switch|p2a: Steelix|Steelix, F|100/100
|turn|1
|
|t:|1596554173
|switch|p2a: Mantine|Mantine, F|100/100
|move|p1a: Escavalier|Knock Off|p2a: Mantine
|-damage|p2a: Mantine|60/100
|-enditem|p2a: Mantine|Heavy-Duty Boots|[from] move: Knock Off|[of] p1a: Escavalier
|
|upkeep
|turn|2
|
|t:|1596554185
|switch|p1a: Gastrodon|Gastrodon, F|100/100
|move|p2a: Mantine|Roost|p2a: Mantine
|-heal|p2a: Mantine|100/100
|-singleturn|p2a: Mantine|move: Roost
|
|upkeep
|turn|3
|
|t:|1596554191
|switch|p2a: Slowbro|Slowbro-Galar, M|100/100
|move|p1a: Gastrodon|Toxic|p2a: Slowbro
|-immune|p2a: Slowbro
|
|upkeep
|turn|4
|
|t:|1596554196
|switch|p2a: Virizion|Virizion|100/100
|move|p1a: Gastrodon|Earth Power|p2a: Virizion
|-resisted|p2a: Virizion
|-damage|p2a: Virizion|87/100
|
|upkeep
|turn|5
|
|t:|1596554205
|switch|p1a: Xatu|Xatu, F|100/100
|move|p2a: Virizion|Stone Edge|p1a: Xatu|[miss]
|-miss|p2a: Virizion|p1a: Xatu
|
|upkeep
|turn|6
|
|t:|1596554226
|switch|p2a: Slowbro|Slowbro-Galar, M|100/100
|switch|p1a: Escavalier|Escavalier, M|100/100
|
|upkeep
|turn|7
|
|t:|1596554232
|switch|p1a: Gastrodon|Gastrodon, F|100/100
|move|p2a: Slowbro|Scald|p1a: Gastrodon
|-ability|p1a: Gastrodon|Storm Drain|boost
|-boost|p1a: Gastrodon|spa|1
|
|upkeep
|turn|8
|
|t:|1596554239
|switch|p2a: Virizion|Virizion|87/100
|move|p1a: Gastrodon|Toxic|p2a: Virizion
|-status|p2a: Virizion|tox
|
|-damage|p2a: Virizion|81/100 tox|[from] psn
|upkeep
|turn|9
|
|t:|1596554249
|switch|p1a: Escavalier|Escavalier, M|100/100
|move|p2a: Virizion|Stone Edge|p1a: Escavalier
|-damage|p1a: Escavalier|68/100
|-damage|p2a: Virizion|71/100 tox|[from] item: Life Orb
|
|-damage|p2a: Virizion|59/100 tox|[from] psn
|upkeep
|turn|10
|
|t:|1596554257
|switch|p2a: Steelix|Steelix, F|100/100
|move|p1a: Escavalier|Megahorn|p2a: Steelix
|-resisted|p2a: Steelix
|-damage|p2a: Steelix|83/100
|
|-heal|p2a: Steelix|89/100|[from] item: Leftovers
|upkeep
|turn|11
|
|t:|1596554263
|switch|p2a: Virizion|Virizion|100/100
|move|p1a: Escavalier|Close Combat|p2a: Virizion
|-supereffective|p2a: Virizion
|-damage|p2a: Virizion|0 fnt
|-unboost|p1a: Escavalier|def|1
|-unboost|p1a: Escavalier|spd|1
|replace|p2a: Zoroark|Zoroark, F
|-end|p2a: Zoroark|Illusion
|faint|p2a: Zoroark
|
|upkeep
|
|t:|1596554271
|switch|p2a: Passimian|Passimian, M|100/100
|turn|12
|
|t:|1596554286
|switch|p1a: Gastrodon|Gastrodon, F|100/100
|move|p2a: Passimian|Knock Off|p1a: Gastrodon
|-damage|p1a: Gastrodon|65/100
|-damage|p2a: Passimian|84/100|[from] item: Rocky Helmet|[of] p1a: Gastrodon
|-enditem|p1a: Gastrodon|Rocky Helmet|[from] move: Knock Off|[of] p2a: Passimian
|
|upkeep
|turn|13
|
|t:|1596554296
|switch|p2a: Virizion|Virizion|59/100 tox
|move|p1a: Gastrodon|Earth Power|p2a: Virizion
|-resisted|p2a: Virizion
|-damage|p2a: Virizion|48/100 tox
|
|-damage|p2a: Virizion|41/100 tox|[from] psn
|upkeep
|turn|14
|
|t:|1596554302
|switch|p1a: Claydol|Claydol|100/100
|move|p2a: Virizion|Synthesis|p2a: Virizion
|-heal|p2a: Virizion|91/100 tox
|
|-damage|p2a: Virizion|79/100 tox|[from] psn
|upkeep
|turn|15
|j| Koko Bongo
|
|t:|1596554306
|move|p2a: Virizion|Leaf Blade|p1a: Claydol
|-supereffective|p1a: Claydol
|-damage|p1a: Claydol|6/100
|-damage|p2a: Virizion|69/100 tox|[from] item: Life Orb
|move|p1a: Claydol|Stealth Rock|p2a: Virizion
|-sidestart|p2: RULT1qm PPDC|move: Stealth Rock
|
|-heal|p1a: Claydol|12/100|[from] item: Leftovers
|-damage|p2a: Virizion|50/100 tox|[from] psn
|upkeep
|turn|16
|
|t:|1596554311
|move|p2a: Virizion|Stone Edge|p1a: Claydol
|-resisted|p1a: Claydol
|-damage|p1a: Claydol|0 fnt
|-damage|p2a: Virizion|40/100 tox|[from] item: Life Orb
|faint|p1a: Claydol
|
|-damage|p2a: Virizion|16/100 tox|[from] psn
|upkeep
|
|t:|1596554315
|switch|p1a: Virizion|Virizion|100/100
|turn|17
|
|t:|1596554319
|switch|p2a: Slowbro|Slowbro-Galar, M|100/100
|-damage|p2a: Slowbro|88/100|[from] Stealth Rock
|move|p1a: Virizion|Close Combat|p2a: Slowbro
|-resisted|p2a: Slowbro
|-damage|p2a: Slowbro|77/100
|-unboost|p1a: Virizion|def|1
|-unboost|p1a: Virizion|spd|1
|-damage|p1a: Virizion|91/100|[from] item: Life Orb
|
|upkeep
|turn|18
|
|t:|1596554323
|switch|p1a: Xatu|Xatu, F|100/100
|move|p2a: Slowbro|Calm Mind|p2a: Slowbro
|-boost|p2a: Slowbro|spa|1
|-boost|p2a: Slowbro|spd|1
|
|upkeep
|turn|19
|
|t:|1596554328
|move|p1a: Xatu|Dark Pulse|p2a: Slowbro
|-supereffective|p2a: Slowbro
|-enditem|p2a: Slowbro|Colbur Berry|[eat]
|-enditem|p2a: Slowbro|Colbur Berry|[weaken]
|-damage|p2a: Slowbro|29/100
|move|p2a: Slowbro|Shell Side Arm|p1a: Xatu
|-damage|p1a: Xatu|6/100
|-hint|Special Shell Side Arm
|replace|p1a: Zoroark|Zoroark, M
|-end|p1a: Zoroark|Illusion
|
|upkeep
|turn|20
|
|t:|1596554338
|switch|p2a: Mantine|Mantine, F|100/100
|-damage|p2a: Mantine|76/100|[from] Stealth Rock
|move|p1a: Zoroark|Dark Pulse|p2a: Mantine
|-damage|p2a: Mantine|33/100
|
|upkeep
|turn|21
|
|t:|1596554348
|move|p1a: Zoroark|Dark Pulse|p2a: Mantine
|-crit|p2a: Mantine
|-damage|p2a: Mantine|0 fnt
|faint|p2a: Mantine
|
|upkeep
|
|t:|1596554351
|switch|p2a: Passimian|Passimian, M|84/100
|-damage|p2a: Passimian|78/100|[from] Stealth Rock
|turn|22
|
|t:|1596554355
|switch|p1a: Xatu|Xatu, F|100/100
|move|p2a: Passimian|Knock Off|p1a: Xatu
|-supereffective|p1a: Xatu
|-damage|p1a: Xatu|12/100
|-enditem|p1a: Xatu|Heavy-Duty Boots|[from] move: Knock Off|[of] p2a: Passimian
|
|upkeep
|turn|23
|
|t:|1596554361
|move|p2a: Passimian|Knock Off|p1a: Xatu
|-supereffective|p1a: Xatu
|-damage|p1a: Xatu|0 fnt
|faint|p1a: Xatu
|
|upkeep
|
|t:|1596554365
|switch|p1a: Virizion|Virizion|91/100
|turn|24
|
|t:|1596554372
|switch|p2a: Slowbro|Slowbro-Galar, M|62/100
|-damage|p2a: Slowbro|50/100|[from] Stealth Rock
|move|p1a: Virizion|Swords Dance|p1a: Virizion
|-boost|p1a: Virizion|atk|2
|
|upkeep
|turn|25
|
|t:|1596554379
|move|p1a: Virizion|Stone Edge|p2a: Slowbro
|-damage|p2a: Slowbro|2/100
|-damage|p1a: Virizion|81/100|[from] item: Life Orb
|move|p2a: Slowbro|Slack Off|p2a: Slowbro
|-heal|p2a: Slowbro|52/100
|
|upkeep
|turn|26
|
|t:|1596554387
|move|p1a: Virizion|Stone Edge|p2a: Slowbro
|-damage|p2a: Slowbro|7/100
|-damage|p1a: Virizion|71/100|[from] item: Life Orb
|move|p2a: Slowbro|Slack Off|p2a: Slowbro
|-heal|p2a: Slowbro|57/100
|
|upkeep
|turn|27
|
|t:|1596554391
|move|p1a: Virizion|Swords Dance|p1a: Virizion
|-boost|p1a: Virizion|atk|2
|move|p2a: Slowbro|Slack Off|p2a: Slowbro
|-heal|p2a: Slowbro|100/100
|
|upkeep
|turn|28
|
|t:|1596554395
|move|p1a: Virizion|Stone Edge|p2a: Slowbro
|-damage|p2a: Slowbro|29/100
|-damage|p1a: Virizion|61/100|[from] item: Life Orb
|move|p2a: Slowbro|Shell Side Arm|p1a: Virizion
|-supereffective|p1a: Virizion
|-damage|p1a: Virizion|0 fnt
|-hint|Physical Shell Side Arm
|faint|p1a: Virizion
|
|upkeep
|
|t:|1596554399
|switch|p1a: Escavalier|Escavalier, M|6/100
|turn|29
|
|t:|1596554413
|switch|p2a: Virizion|Virizion|16/100 tox
|-damage|p2a: Virizion|9/100 tox|[from] Stealth Rock
|move|p1a: Escavalier|Dark Pulse|p2a: Virizion
|-resisted|p2a: Virizion
|-damage|p2a: Virizion|0 fnt
|faint|p2a: Virizion
|
|upkeep
|
|t:|1596554422
|switch|p2a: Passimian|Passimian, M|78/100
|-damage|p2a: Passimian|72/100|[from] Stealth Rock
|turn|30
|
|t:|1596554442
|switch|p1a: Escavalier|Escavalier, M|68/100
|move|p2a: Passimian|U-turn|p1a: Escavalier
|-resisted|p1a: Escavalier
|-damage|p1a: Escavalier|52/100
|
|t:|1596554446
|switch|p2a: Steelix|Steelix, F|89/100|[from]move: U-turn
|-damage|p2a: Steelix|86/100|[from] Stealth Rock
|
|-heal|p2a: Steelix|93/100|[from] item: Leftovers
|upkeep
|turn|31
|
|t:|1596554448
|move|p2a: Steelix|Stealth Rock|p1a: Escavalier
|-sidestart|p1: ohnoitsu|move: Stealth Rock
|move|p1a: Escavalier|Close Combat|p2a: Steelix
|-supereffective|p2a: Steelix
|-damage|p2a: Steelix|39/100
|-unboost|p1a: Escavalier|def|1
|-unboost|p1a: Escavalier|spd|1
|
|-heal|p2a: Steelix|45/100|[from] item: Leftovers
|upkeep
|turn|32
|
|t:|1596554455
|move|p2a: Steelix|Iron Defense|p2a: Steelix
|-boost|p2a: Steelix|def|2
|move|p1a: Escavalier|Close Combat|p2a: Steelix
|-supereffective|p2a: Steelix
|-damage|p2a: Steelix|18/100
|-unboost|p1a: Escavalier|def|1
|-unboost|p1a: Escavalier|spd|1
|
|-heal|p2a: Steelix|24/100|[from] item: Leftovers
|upkeep
|turn|33
|
|t:|1596554458
|move|p2a: Steelix|Body Press|p1a: Escavalier
|-damage|p1a: Escavalier|0 fnt
|faint|p1a: Escavalier
|
|-heal|p2a: Steelix|30/100|[from] item: Leftovers
|upkeep
|
|t:|1596554460
|switch|p1a: Gastrodon|Gastrodon, F|65/100
|-damage|p1a: Gastrodon|58/100|[from] Stealth Rock
|turn|34
|
|t:|1596554471
|move|p1a: Gastrodon|Earth Power|p2a: Steelix
|-supereffective|p2a: Steelix
|-crit|p2a: Steelix
|-damage|p2a: Steelix|0 fnt
|faint|p2a: Steelix
|
|upkeep
|
|t:|1596554474
|switch|p2a: Passimian|Passimian, M|72/100
|-damage|p2a: Passimian|66/100|[from] Stealth Rock
|turn|35
|
|t:|1596554479
|move|p2a: Passimian|Close Combat|p1a: Gastrodon
|-damage|p1a: Gastrodon|0 fnt
|-unboost|p2a: Passimian|def|1
|-unboost|p2a: Passimian|spd|1
|faint|p1a: Gastrodon
|
|upkeep
|
|t:|1596554483
|switch|p1a: Zoroark|Zoroark, M|6/100
|-damage|p1a: Zoroark|0 fnt|[from] Stealth Rock
|faint|p1a: Zoroark
|
|win|RULT1qm PPDC
|l|☆RULT1qm PPDC
