|html|<div class="broadcast-blue"><strong>[Gen 8] RU is currently suspecting Mienshao! For information on how to participate check out the <a href="https://www.smogon.com/forums/threads/np-ru-stage-8-nocturne-mienshao-suspect-test.3688330/">suspect thread</a>.</strong></div>
|j|☆Darkhunter2010
|j|☆Splashinganteater
|t:|1627978702
|gametype|singles
|player|p1|Darkhunter2010|2|1154
|player|p2|Splashinganteater|palmer|1289
|teamsize|p1|6
|teamsize|p2|6
|gen|8
|tier|[Gen 8] RU
|rated|
|rule|Sleep Clause Mod: Limit one foe put to sleep
|rule|Species Clause: Limit one of each Pokémon
|rule|OHKO Clause: OHKO moves are banned
|rule|Evasion Moves Clause: Evasion moves are banned
|rule|Endless Battle Clause: Forcing endless battles is banned
|rule|HP Percentage Mod: HP is shown in percentages
|rule|Dynamax Clause: You cannot dynamax
|clearpoke
|poke|p1|Metagross|
|poke|p1|Weezing-Galar, M|
|poke|p1|Barraskewda, M|
|poke|p1|Incineroar, M|
|poke|p1|Porygon2|
|poke|p1|Flygon, M|
|poke|p2|Raichu-Alola, M|
|poke|p2|Pincurchin, M|
|poke|p2|Blastoise, M|
|poke|p2|Crobat, M|
|poke|p2|Flygon, M|
|poke|p2|Hitmonlee, M|
|teampreview
|
|t:|1627978720
|start
|switch|p1a: Barraskewda|Barraskewda, M|100/100
|switch|p2a: URCHIN|Pincurchin, M|100/100
|-fieldstart|move: Electric Terrain|[from] ability: Electric Surge|[of] p2a: URCHIN
|turn|1
|
|t:|1627978734
|move|p1a: Barraskewda|Flip Turn|p2a: URCHIN
|-damage|p2a: URCHIN|59/100
|
|t:|1627978737
|switch|p1a: Flygon|Flygon, M|100/100|[from]move: Flip Turn
|move|p2a: URCHIN|Spikes|p1a: Flygon
|-sidestart|p1: Darkhunter2010|Spikes
|
|upkeep
|turn|2
|
|t:|1627978747
|switch|p2a: XWING|Crobat, M|100/100
|move|p1a: Flygon|Draco Meteor|p2a: XWING
|-damage|p2a: XWING|1/100
|-unboost|p1a: Flygon|spa|2
|
|upkeep
|turn|3
|
|t:|1627978757
|switch|p1a: Incineroar|Incineroar, M|100/100
|-ability|p1a: Incineroar|Intimidate|boost
|-unboost|p2a: XWING|atk|1
|move|p2a: XWING|Nasty Plot|p2a: XWING
|-boost|p2a: XWING|spa|2
|
|upkeep
|turn|4
|
|t:|1627978765
|move|p2a: XWING|Air Slash|p1a: Incineroar
|-damage|p1a: Incineroar|61/100
|cant|p1a: Incineroar|flinch
|
|upkeep
|turn|5
|
|t:|1627978770
|move|p2a: XWING|Air Slash|p1a: Incineroar
|-damage|p1a: Incineroar|21/100
|move|p1a: Incineroar|Knock Off|p2a: XWING
|-crit|p2a: XWING
|-damage|p2a: XWING|0 fnt
|-enditem|p2a: XWING|Heavy-Duty Boots|[from] move: Knock Off|[of] p1a: Incineroar
|faint|p2a: XWING
|
|upkeep
|
|t:|1627978783
|switch|p2a: WAVY|Raichu-Alola, M|100/100
|turn|6
|
|t:|1627978791
|switch|p1a: Flygon|Flygon, M|100/100
|move|p2a: WAVY|Nasty Plot|p2a: WAVY
|-boost|p2a: WAVY|spa|2
|
|upkeep
|turn|7
|
|t:|1627978796
|move|p2a: WAVY|Psyshock|p1a: Flygon
|-crit|p1a: Flygon
|-damage|p1a: Flygon|0 fnt
|faint|p1a: Flygon
|-damage|p2a: WAVY|91/100|[from] item: Life Orb
|
|upkeep
|
|t:|1627978803
|switch|p1a: Porygon2|Porygon2|100/100
|-damage|p1a: Porygon2|88/100|[from] Spikes
|-ability|p1a: Porygon2|Surge Surfer|[from] ability: Trace|[of] p2a: WAVY
|turn|8
|
|t:|1627978809
|move|p2a: WAVY|Focus Blast|p1a: Porygon2
|-supereffective|p1a: Porygon2
|-damage|p1a: Porygon2|0 fnt
|faint|p1a: Porygon2
|-damage|p2a: WAVY|81/100|[from] item: Life Orb
|
|-fieldend|move: Electric Terrain
|upkeep
|
|t:|1627978813
|switch|p1a: Metagross|Metagross|100/100
|-damage|p1a: Metagross|88/100|[from] Spikes
|turn|9
|
|t:|1627978820
|switch|p2a: URCHIN|Pincurchin, M|59/100
|-fieldstart|move: Electric Terrain|[from] ability: Electric Surge|[of] p2a: URCHIN
|move|p1a: Metagross|Earthquake|p2a: URCHIN
|-supereffective|p2a: URCHIN
|-damage|p2a: URCHIN|1/100
|
|-heal|p1a: Metagross|94/100|[from] item: Leftovers
|upkeep
|turn|10
|
|t:|1627978831
|move|p1a: Metagross|Stealth Rock|p2a: URCHIN
|-sidestart|p2: Splashinganteater|move: Stealth Rock
|move|p2a: URCHIN|Memento|p1a: Metagross
|-fail|p1a: Metagross|unboost|[from] ability: Clear Body|[of] p1a: Metagross
|faint|p2a: URCHIN
|
|-heal|p1a: Metagross|99/100|[from] item: Leftovers
|upkeep
|
|t:|1627978838
|switch|p2a: SHELLSHOCK?|Blastoise, M|100/100
|-damage|p2a: SHELLSHOCK?|88/100|[from] Stealth Rock
|turn|11
|
|t:|1627978845
|move|p2a: SHELLSHOCK?|Shell Smash|p2a: SHELLSHOCK?
|-unboost|p2a: SHELLSHOCK?|def|1
|-unboost|p2a: SHELLSHOCK?|spd|1
|-boost|p2a: SHELLSHOCK?|atk|2
|-boost|p2a: SHELLSHOCK?|spa|2
|-boost|p2a: SHELLSHOCK?|spe|2
|move|p1a: Metagross|Toxic|p2a: SHELLSHOCK?
|-status|p2a: SHELLSHOCK?|tox
|
|-heal|p1a: Metagross|100/100|[from] item: Leftovers
|-damage|p2a: SHELLSHOCK?|82/100 tox|[from] psn
|upkeep
|turn|12
|
|t:|1627978862
|switch|p1a: Incineroar|Incineroar, M|21/100
|-ability|p1a: Incineroar|Intimidate|boost
|-unboost|p2a: SHELLSHOCK?|atk|1
|move|p2a: SHELLSHOCK?|Surf|p1a: Incineroar
|-supereffective|p1a: Incineroar
|-damage|p1a: Incineroar|0 fnt
|faint|p1a: Incineroar
|
|-damage|p2a: SHELLSHOCK?|70/100 tox|[from] psn
|upkeep
|
|t:|1627978868
|switch|p1a: Barraskewda|Barraskewda, M|100/100
|-damage|p1a: Barraskewda|88/100|[from] Spikes
|turn|13
|
|t:|1627978873
|move|p2a: SHELLSHOCK?|Terrain Pulse|p1a: Barraskewda
|-supereffective|p1a: Barraskewda
|-damage|p1a: Barraskewda|0 fnt
|faint|p1a: Barraskewda
|
|-damage|p2a: SHELLSHOCK?|52/100 tox|[from] psn
|upkeep
|
|t:|1627978881
|switch|p1a: Metagross|Metagross|100/100
|-damage|p1a: Metagross|88/100|[from] Spikes
|turn|14
|
|t:|1627978887
|move|p2a: SHELLSHOCK?|Surf|p1a: Metagross
|-damage|p1a: Metagross|10/100
|move|p1a: Metagross|Earthquake|p2a: SHELLSHOCK?
|-damage|p2a: SHELLSHOCK?|0 fnt
|faint|p2a: SHELLSHOCK?
|
|-heal|p1a: Metagross|16/100|[from] item: Leftovers
|upkeep
|
|t:|1627978892
|switch|p2a: WAVY|Raichu-Alola, M|81/100
|-damage|p2a: WAVY|68/100|[from] Stealth Rock
|turn|15
|
|t:|1627978899
|move|p2a: WAVY|Rising Voltage|p1a: Metagross
|-damage|p1a: Metagross|0 fnt
|faint|p1a: Metagross
|-damage|p2a: WAVY|59/100|[from] item: Life Orb
|
|upkeep
|
|t:|1627978902
|switch|p1a: Weezing|Weezing-Galar, M|100/100
|-ability|p1a: Weezing|Neutralizing Gas
|-damage|p1a: Weezing|88/100|[from] Spikes
|turn|16
|
|t:|1627978911
|move|p2a: WAVY|Rising Voltage|p1a: Weezing
|-damage|p1a: Weezing|0 fnt
|faint|p1a: Weezing
|-end|p1a: Weezing|ability: Neutralizing Gas
|-damage|p2a: WAVY|49/100|[from] item: Life Orb
|
|win|Splashinganteater
|raw|Darkhunter2010's rating: 1154 &rarr; <strong>1138</strong><br />(-16 for losing)
|raw|Splashinganteater's rating: 1289 &rarr; <strong>1305</strong><br />(+16 for winning)
|l|☆Darkhunter2010
|c|☆Splashinganteater|gg
