|j|☆delz123
|j|☆Blue.Moon.Cheese
|player|p1|delz123|hilda|1455
|player|p2|Blue.Moon.Cheese|lusamine-nihilego|1385
|teamsize|p1|6
|teamsize|p2|6
|gametype|singles
|gen|8
|tier|[Gen 8] RU
|rated|
|clearpoke
|poke|p1|Salazzle, F|
|poke|p1|Gastrodon-East, F|
|poke|p1|Goodra, M|
|poke|p1|Gigalith, M|
|poke|p1|Drifblim, F|
|poke|p1|Sawk, M|
|poke|p2|Bellossom, M|
|poke|p2|Barbaracle, F|
|poke|p2|Snorlax, M|
|poke|p2|Goodra, M|
|poke|p2|Salazzle, F|
|poke|p2|Mudsdale, M|
|rule|Sleep Clause Mod: Limit one foe put to sleep
|rule|Species Clause: Limit one of each Pokémon
|rule|OHKO Clause: OHKO moves are banned
|rule|Evasion Moves Clause: Evasion moves are banned
|rule|Endless Battle Clause: Forcing endless battles is banned
|rule|HP Percentage Mod: HP is shown in percentages
|rule|Dynamax Clause: You cannot dynamax
|teampreview
|inactive|Battle timer is ON: inactive players will automatically lose when time's up. (requested by Blue.Moon.Cheese)
|
|start
|switch|p1a: Sawk|Sawk, M|100/100
|switch|p2a: Barbaracle|Barbaracle, F|100/100
|turn|1
|
|move|p1a: Sawk|Close Combat|p2a: Barbaracle
|-supereffective|p2a: Barbaracle
|-enditem|p2a: Barbaracle|Focus Sash
|-damage|p2a: Barbaracle|1/100
|-unboost|p1a: Sawk|def|1
|-unboost|p1a: Sawk|spd|1
|move|p2a: Barbaracle|Shell Smash|p2a: Barbaracle
|-unboost|p2a: Barbaracle|def|1
|-unboost|p2a: Barbaracle|spd|1
|-boost|p2a: Barbaracle|atk|2
|-boost|p2a: Barbaracle|spa|2
|-boost|p2a: Barbaracle|spe|2
|
|upkeep
|turn|2
|
|switch|p1a: Gastrodon|Gastrodon-East, F|100/100
|move|p2a: Barbaracle|Liquidation|p1a: Gastrodon
|-ability|p1a: Gastrodon|Storm Drain|boost
|-boost|p1a: Gastrodon|spa|1
|
|upkeep
|turn|3
|
|move|p2a: Barbaracle|X-Scissor|p1a: Gastrodon
|-damage|p1a: Gastrodon|52/100
|-damage|p2a: Barbaracle|0 fnt|[from] item: Rocky Helmet|[of] p1a: Gastrodon
|faint|p2a: Barbaracle
|move|p1a: Gastrodon|Recover|p1a: Gastrodon
|-heal|p1a: Gastrodon|100/100
|
|upkeep
|
|switch|p2a: Bellossom|Bellossom, M|100/100
|turn|4
|
|switch|p2a: Salazzle|Salazzle, F|100/100
|switch|p1a: Salazzle|Salazzle, F|100/100
|
|upkeep
|turn|5
|
|move|p1a: Salazzle|Substitute|p1a: Salazzle
|-start|p1a: Salazzle|Substitute
|-damage|p1a: Salazzle|76/100
|move|p2a: Salazzle|Toxic||[still]
|-fail|p2a: Salazzle
|
|-heal|p1a: Salazzle|82/100|[from] item: Black Sludge
|upkeep
|turn|6
|
|switch|p2a: Snorlax|Snorlax, M|100/100
|move|p1a: Salazzle|Flamethrower|p2a: Snorlax
|-crit|p2a: Snorlax
|-damage|p2a: Snorlax|89/100
|
|-heal|p1a: Salazzle|88/100|[from] item: Black Sludge
|upkeep
|turn|7
|
|move|p1a: Salazzle|Toxic|p2a: Snorlax
|-status|p2a: Snorlax|tox
|move|p2a: Snorlax|Curse|p2a: Snorlax
|-unboost|p2a: Snorlax|spe|1
|-boost|p2a: Snorlax|atk|1
|-boost|p2a: Snorlax|def|1
|
|-heal|p1a: Salazzle|94/100|[from] item: Black Sludge
|-damage|p2a: Snorlax|83/100 tox|[from] psn
|upkeep
|turn|8
|
|switch|p1a: Gastrodon|Gastrodon-East, F|100/100
|move|p2a: Snorlax|Curse|p2a: Snorlax
|-unboost|p2a: Snorlax|spe|1
|-boost|p2a: Snorlax|atk|1
|-boost|p2a: Snorlax|def|1
|
|-damage|p2a: Snorlax|71/100 tox|[from] psn
|upkeep
|turn|9
|
|move|p1a: Gastrodon|Clear Smog|p2a: Snorlax
|-damage|p2a: Snorlax|67/100 tox
|-clearboost|p2a: Snorlax
|move|p2a: Snorlax|Body Slam|p1a: Gastrodon
|-crit|p1a: Gastrodon
|-damage|p1a: Gastrodon|66/100
|-damage|p2a: Snorlax|50/100 tox|[from] item: Rocky Helmet|[of] p1a: Gastrodon
|
|-damage|p2a: Snorlax|32/100 tox|[from] psn
|upkeep
|turn|10
|
|switch|p1a: Sawk|Sawk, M|100/100
|move|p2a: Snorlax|Rest|p2a: Snorlax
|-status|p2a: Snorlax|slp|[from] move: Rest
|-heal|p2a: Snorlax|100/100 slp|[silent]
|-enditem|p2a: Snorlax|Chesto Berry|[eat]
|-curestatus|p2a: Snorlax|slp|[msg]
|
|upkeep
|turn|11
|
|switch|p2a: Mudsdale|Mudsdale, M|100/100
|move|p1a: Sawk|Close Combat|p2a: Mudsdale
|-damage|p2a: Mudsdale|66/100
|-ability|p2a: Mudsdale|Stamina|boost
|-boost|p2a: Mudsdale|def|1
|-unboost|p1a: Sawk|def|1
|-unboost|p1a: Sawk|spd|1
|
|-heal|p2a: Mudsdale|72/100|[from] item: Leftovers
|upkeep
|turn|12
|
|switch|p1a: Drifblim|Drifblim, F|100/100
|move|p2a: Mudsdale|Stealth Rock|p1a: Drifblim
|-sidestart|p1: delz123|move: Stealth Rock
|
|-heal|p2a: Mudsdale|78/100|[from] item: Leftovers
|upkeep
|turn|13
|
|switch|p2a: Goodra|Goodra, M|100/100
|move|p1a: Drifblim|Defog|p2a: Goodra
|-unboost|p2a: Goodra|evasion|1
|-sideend|p1: delz123|Stealth Rock|[from] move: Defog|[of] p1a: Drifblim
|
|upkeep
|turn|14
|
|move|p1a: Drifblim|Will-O-Wisp|p2a: Goodra
|-status|p2a: Goodra|brn
|move|p2a: Goodra|Thunderbolt|p1a: Drifblim
|-supereffective|p1a: Drifblim
|-damage|p1a: Drifblim|50/100
|-enditem|p1a: Drifblim|Sitrus Berry|[eat]
|-heal|p1a: Drifblim|74/100|[from] item: Sitrus Berry
|
|-damage|p2a: Goodra|94/100 brn|[from] brn
|upkeep
|turn|15
|
|move|p1a: Drifblim|Hex|p2a: Goodra
|-damage|p2a: Goodra|80/100 brn
|move|p2a: Goodra|Dragon Pulse|p1a: Drifblim
|-damage|p1a: Drifblim|39/100
|
|-damage|p2a: Goodra|74/100 brn|[from] brn
|upkeep
|turn|16
|
|switch|p1a: Jigsaw|Gigalith, M, shiny|100/100
|-weather|Sandstorm|[from] ability: Sand Stream|[of] p1a: Jigsaw
|move|p2a: Goodra|Dragon Pulse|p1a: Jigsaw
|-damage|p1a: Jigsaw|80/100
|
|-weather|Sandstorm|[upkeep]
|-damage|p2a: Goodra|68/100 brn|[from] Sandstorm
|-heal|p1a: Jigsaw|86/100|[from] item: Leftovers
|-damage|p2a: Goodra|62/100 brn|[from] brn
|upkeep
|turn|17
|
|switch|p2a: Mudsdale|Mudsdale, M|78/100
|move|p1a: Jigsaw|Iron Defense|p1a: Jigsaw
|-boost|p1a: Jigsaw|def|2
|
|-weather|Sandstorm|[upkeep]
|-heal|p2a: Mudsdale|85/100|[from] item: Leftovers
|-heal|p1a: Jigsaw|92/100|[from] item: Leftovers
|upkeep
|turn|18
|
|move|p2a: Mudsdale|Stealth Rock|p1a: Jigsaw
|-sidestart|p1: delz123|move: Stealth Rock
|move|p1a: Jigsaw|Iron Defense|p1a: Jigsaw
|-boost|p1a: Jigsaw|def|2
|
|-weather|Sandstorm|[upkeep]
|-heal|p2a: Mudsdale|91/100|[from] item: Leftovers
|-heal|p1a: Jigsaw|98/100|[from] item: Leftovers
|upkeep
|turn|19
|
|move|p2a: Mudsdale|Earthquake|p1a: Jigsaw
|-supereffective|p1a: Jigsaw
|-damage|p1a: Jigsaw|78/100
|move|p1a: Jigsaw|Iron Defense|p1a: Jigsaw
|-boost|p1a: Jigsaw|def|2
|
|-weather|Sandstorm|[upkeep]
|-heal|p2a: Mudsdale|97/100|[from] item: Leftovers
|-heal|p1a: Jigsaw|84/100|[from] item: Leftovers
|upkeep
|turn|20
|
|move|p2a: Mudsdale|Earthquake|p1a: Jigsaw
|-supereffective|p1a: Jigsaw
|-damage|p1a: Jigsaw|69/100
|move|p1a: Jigsaw|Body Press|p2a: Mudsdale
|-damage|p2a: Mudsdale|31/100
|-ability|p2a: Mudsdale|Stamina|boost
|-boost|p2a: Mudsdale|def|1
|
|-weather|none
|-heal|p2a: Mudsdale|37/100|[from] item: Leftovers
|-heal|p1a: Jigsaw|75/100|[from] item: Leftovers
|upkeep
|turn|21
|
|move|p2a: Mudsdale|Body Press|p1a: Jigsaw
|-supereffective|p1a: Jigsaw
|-damage|p1a: Jigsaw|63/100
|move|p1a: Jigsaw|Body Press|p2a: Mudsdale
|-damage|p2a: Mudsdale|0 fnt
|faint|p2a: Mudsdale
|
|-heal|p1a: Jigsaw|69/100|[from] item: Leftovers
|upkeep
|
|switch|p2a: Salazzle|Salazzle, F|100/100
|turn|22
|
|move|p2a: Salazzle|Toxic|p1a: Jigsaw
|-status|p1a: Jigsaw|tox
|move|p1a: Jigsaw|Rock Blast|p2a: Salazzle
|-supereffective|p2a: Salazzle
|-damage|p2a: Salazzle|75/100
|-supereffective|p2a: Salazzle
|-damage|p2a: Salazzle|48/100
|-supereffective|p2a: Salazzle
|-damage|p2a: Salazzle|23/100
|-supereffective|p2a: Salazzle
|-damage|p2a: Salazzle|0 fnt
|-hitcount|p2a: Salazzle|4
|faint|p2a: Salazzle
|
|-heal|p1a: Jigsaw|75/100 tox|[from] item: Leftovers
|-damage|p1a: Jigsaw|69/100 tox|[from] psn
|upkeep
|inactive|Blue.Moon.Cheese has 120 seconds left.
|inactive|Blue.Moon.Cheese has 90 seconds left.
|
|switch|p2a: Bellossom|Bellossom, M|100/100
|turn|23
|
|move|p2a: Bellossom|Strength Sap|p1a: Jigsaw
|-unboost|p1a: Jigsaw|atk|1
|move|p1a: Jigsaw|Body Press|p2a: Bellossom
|-damage|p2a: Bellossom|0 fnt
|faint|p2a: Bellossom
|
|-heal|p1a: Jigsaw|75/100 tox|[from] item: Leftovers
|-damage|p1a: Jigsaw|63/100 tox|[from] psn
|upkeep
|
|switch|p2a: Goodra|Goodra, M|62/100 brn
|turn|24
|
|move|p2a: Goodra|Dragon Pulse|p1a: Jigsaw
|-damage|p1a: Jigsaw|33/100 tox
|move|p1a: Jigsaw|Body Press|p2a: Goodra
|-damage|p2a: Goodra|0 fnt
|-ability|p2a: Goodra|Gooey
|-unboost|p1a: Jigsaw|spe|1
|faint|p2a: Goodra
|
|-heal|p1a: Jigsaw|39/100 tox|[from] item: Leftovers
|-damage|p1a: Jigsaw|21/100 tox|[from] psn
|upkeep
|
|switch|p2a: Snorlax|Snorlax, M|100/100
|turn|25
|
|move|p2a: Snorlax|Curse|p2a: Snorlax
|-unboost|p2a: Snorlax|spe|1
|-boost|p2a: Snorlax|atk|1
|-boost|p2a: Snorlax|def|1
|move|p1a: Jigsaw|Body Press|p2a: Snorlax
|-supereffective|p2a: Snorlax
|-crit|p2a: Snorlax
|-damage|p2a: Snorlax|0 fnt
|faint|p2a: Snorlax
|
|win|delz123
|raw|delz123's rating: 1455 &rarr; <strong>1471</strong><br />(+16 for winning)
|raw|Blue.Moon.Cheese's rating: 1385 &rarr; <strong>1369</strong><br />(-16 for losing)
|l|☆Blue.Moon.Cheese
