|j|☆woodsplinted
|j|☆Fr0st o_o
|t:|1639091352
|gametype|singles
|player|p1|woodsplinted|169|1354
|player|p2|Fr0st o_o|n|1355
|teamsize|p1|6
|teamsize|p2|6
|gen|8
|tier|[Gen 8] RU
|rated|
|rule|Sleep Clause Mod: Limit one foe put to sleep
|rule|Species Clause: Limit one of each Pokémon
|rule|OHKO Clause: OHKO moves are banned
|rule|Evasion Moves Clause: Evasion moves are banned
|rule|Endless Battle Clause: Forcing endless battles is banned
|rule|HP Percentage Mod: HP is shown in percentages
|rule|Dynamax Clause: You cannot dynamax
|clearpoke
|poke|p1|Registeel|
|poke|p1|Flygon, F|
|poke|p1|Volcanion|
|poke|p1|Weezing-Galar, M|
|poke|p1|Xurkitree|
|poke|p1|Golisopod, M|
|poke|p2|Goodra, M|
|poke|p2|Mimikyu, M|
|poke|p2|Stakataka|
|poke|p2|Raikou|
|poke|p2|Polteageist|
|poke|p2|Cloyster, F|
|teampreview
|inactive|Battle timer is ON: inactive players will automatically lose when time's up. (requested by woodsplinted)
|inactive|Fr0st o_o has 120 seconds left.
|
|t:|1639091412
|start
|switch|p1a: Registeel|Registeel|100/100
|switch|p2a: Stakataka|Stakataka|100/100
|turn|1
|inactive|woodsplinted has 120 seconds left.
|
|t:|1639091444
|move|p1a: Registeel|Stealth Rock|p2a: Stakataka
|-sidestart|p2: Fr0st o_o|move: Stealth Rock
|move|p2a: Stakataka|Body Press|p1a: Registeel
|-supereffective|p1a: Registeel
|-damage|p1a: Registeel|49/100
|
|-heal|p1a: Registeel|55/100|[from] item: Leftovers
|upkeep
|turn|2
|
|t:|1639091467
|move|p1a: Registeel|Protect|p1a: Registeel
|-singleturn|p1a: Registeel|Protect
|move|p2a: Stakataka|Body Press|p1a: Registeel
|-activate|p1a: Registeel|move: Protect
|
|-heal|p1a: Registeel|61/100|[from] item: Leftovers
|upkeep
|turn|3
|
|t:|1639091487
|switch|p1a: Weezing|Weezing-Galar, M|100/100
|move|p2a: Stakataka|Body Press|p1a: Weezing
|-resisted|p1a: Weezing
|-damage|p1a: Weezing|94/100
|-damage|p2a: Stakataka|84/100|[from] item: Rocky Helmet|[of] p1a: Weezing
|
|upkeep
|turn|4
|inactive|woodsplinted has 120 seconds left.
|
|t:|1639091514
|move|p1a: Weezing|Will-O-Wisp|p2a: Stakataka
|-status|p2a: Stakataka|brn
|move|p2a: Stakataka|Trick Room|p2a: Stakataka
|-fieldstart|move: Trick Room|[of] p2a: Stakataka
|
|-damage|p2a: Stakataka|78/100 brn|[from] brn
|upkeep
|turn|5
|
|t:|1639091524
|switch|p1a: Registeel|Registeel|61/100
|move|p2a: Stakataka|Gyro Ball|p1a: Registeel
|-resisted|p1a: Registeel
|-damage|p1a: Registeel|49/100
|
|-heal|p1a: Registeel|55/100|[from] item: Leftovers
|-damage|p2a: Stakataka|72/100 brn|[from] brn
|upkeep
|turn|6
|inactive|woodsplinted has 120 seconds left.
|
|t:|1639091546
|move|p1a: Registeel|Protect|p1a: Registeel
|-singleturn|p1a: Registeel|Protect
|move|p2a: Stakataka|Body Press|p1a: Registeel
|-activate|p1a: Registeel|move: Protect
|
|-heal|p1a: Registeel|61/100|[from] item: Leftovers
|-damage|p2a: Stakataka|66/100 brn|[from] brn
|upkeep
|turn|7
|
|t:|1639091554
|move|p2a: Stakataka|Body Press|p1a: Registeel
|-supereffective|p1a: Registeel
|-damage|p1a: Registeel|33/100
|move|p1a: Registeel|Seismic Toss|p2a: Stakataka
|-damage|p2a: Stakataka|28/100 brn
|
|-heal|p1a: Registeel|39/100|[from] item: Leftovers
|-damage|p2a: Stakataka|22/100 brn|[from] brn
|upkeep
|turn|8
|inactive|woodsplinted has 120 seconds left.
|c|☆Fr0st o_o|lesgo
|c|☆Fr0st o_o|lesgo
|c|☆Fr0st o_o|lesgo
|c|☆Fr0st o_o|lesgo
|c|☆Fr0st o_o|lesgo
|c|☆Fr0st o_o|lesgo
|inactive|woodsplinted has 90 seconds left.
|c|☆Fr0st o_o|lesgo
|c|☆Fr0st o_o|lesgo
|c|☆Fr0st o_o|lesgo
|c|☆Fr0st o_o|lesgo
|c|☆Fr0st o_o|lesgo
|c|☆Fr0st o_o|lesgo
|c|☆Fr0st o_o|lesgo
|c|☆Fr0st o_o|lesgo
|c|☆Fr0st o_o|lesgo
|c|☆Fr0st o_o|lesgo
|c|☆woodsplinted|no
|c|☆Fr0st o_o|lesgo
|c|☆woodsplinted|no
|c|☆Fr0st o_o|lesgo
|c|☆Fr0st o_o|lesgo
|c|☆woodsplinted|no
|c|☆Fr0st o_o|lesgo
|c|☆woodsplinted|no
|c|☆Fr0st o_o|lesgo
|c|☆woodsplinted|no
|c|☆Fr0st o_o|lesgo
|c|☆Fr0st o_o|lesgo
|c|☆Fr0st o_o|lesgo
|c|☆Fr0st o_o|lesgo
|c|☆Fr0st o_o|lesgo
|c|☆Fr0st o_o|lesgo
|c|☆Fr0st o_o|lesgo
|c|☆Fr0st o_o|lesgo
|c|☆Fr0st o_o|lesgo
|c|☆Fr0st o_o|lesgo
|c|☆Fr0st o_o|v
|c|☆Fr0st o_o|v
|c|☆Fr0st o_o|lesgo
|c|☆Fr0st o_o|v
|c|☆Fr0st o_o|lesgo
|c|☆Fr0st o_o|lesgo
|c|☆Fr0st o_o|lesgo
|c|☆Fr0st o_o|lesgo
|c|☆Fr0st o_o|lesgo
|c|☆Fr0st o_o|vv
|c|☆Fr0st o_o|v
|inactive|woodsplinted has 60 seconds left.
|c|☆Fr0st o_o|lesgo
|c|☆Fr0st o_o|lesgov
|c|☆Fr0st o_o|v
|c|☆Fr0st o_o|v
|c|☆Fr0st o_o|lesgo
|c|☆Fr0st o_o|lesgo
|c|☆Fr0st o_o|lesgo
|c|☆Fr0st o_o|lesgo
|c|☆Fr0st o_o|lesgo
|c|☆Fr0st o_o|lesgo
|c|☆Fr0st o_o|v
|c|☆Fr0st o_o|v
|c|☆Fr0st o_o|lesgo
|c|☆Fr0st o_o|v
|c|☆Fr0st o_o|lesgo
|c|☆Fr0st o_o|lesgo
|c|☆Fr0st o_o|lesgo
|c|☆Fr0st o_o|lesgo
|c|☆Fr0st o_o|lesgov
|c|☆Fr0st o_o|v
|c|☆Fr0st o_o|lesgo
|c|☆Fr0st o_o|lesgo
|c|☆Fr0st o_o|lesgo
|c|☆Fr0st o_o|lesgo
|c|☆Fr0st o_o|lesgo
|c|☆Fr0st o_o|lesgo
|
|t:|1639091645
|move|p2a: Stakataka|Body Press|p1a: Registeel
|-supereffective|p1a: Registeel
|-damage|p1a: Registeel|14/100
|move|p1a: Registeel|Seismic Toss|p2a: Stakataka
|-damage|p2a: Stakataka|0 fnt
|faint|p2a: Stakataka
|
|-heal|p1a: Registeel|20/100|[from] item: Leftovers
|-fieldend|move: Trick Room
|upkeep
|c|☆Fr0st o_o|lesgo
|c|☆Fr0st o_o|lesgo
|c|☆Fr0st o_o|lesgo
|c|☆Fr0st o_o|lesgo
|c|☆Fr0st o_o|lesgo
|
|t:|1639091657
|switch|p2a: Goodra|Goodra, M|100/100
|-damage|p2a: Goodra|88/100|[from] Stealth Rock
|turn|9
|
|t:|1639091664
|move|p1a: Registeel|Protect|p1a: Registeel
|-singleturn|p1a: Registeel|Protect
|move|p2a: Goodra|Fire Blast|p1a: Registeel
|-activate|p1a: Registeel|move: Protect
|
|-heal|p1a: Registeel|26/100|[from] item: Leftovers
|upkeep
|turn|10
|
|t:|1639091671
|move|p2a: Goodra|Fire Blast|p1a: Registeel
|-supereffective|p1a: Registeel
|-damage|p1a: Registeel|0 fnt
|faint|p1a: Registeel
|
|upkeep
|
|t:|1639091676
|switch|p1a: Golisopod|Golisopod, M|100/100
|turn|11
|
|t:|1639091679
|move|p1a: Golisopod|First Impression|p2a: Goodra
|-damage|p2a: Goodra|20/100
|-ability|p2a: Goodra|Gooey
|-unboost|p1a: Golisopod|spe|1
|move|p2a: Goodra|Thunderbolt|p1a: Golisopod
|-supereffective|p1a: Golisopod
|-damage|p1a: Golisopod|35/100
|-activate|p1a: Golisopod|ability: Emergency Exit
|inactive|woodsplinted has 60 seconds left.
|
|t:|1639091729
|switch|p1a: Flygon|Flygon, F|100/100
|
|upkeep
|turn|12
|inactive|Fr0st o_o has 120 seconds left.
|c|☆woodsplinted|lesgo
|c|☆woodsplinted|lesgo
|c|☆woodsplinted|lesgo
|c|☆woodsplinted|lesgo
|c|☆woodsplinted|lesgo
|c|☆woodsplinted|lesgo
|c|☆woodsplinted|v
|c|☆woodsplinted|lesgo
|
|t:|1639091781
|move|p1a: Flygon|Earthquake|p2a: Goodra
|-damage|p2a: Goodra|0 fnt
|faint|p2a: Goodra
|
|upkeep
|c|☆Fr0st o_o|srry[
|c|☆woodsplinted|lmao. im jk
|c|☆Fr0st o_o|I was seeing instagram
|inactive|Fr0st o_o has 90 seconds left.
|c|☆woodsplinted|I dont care lolol
|
|t:|1639091798
|switch|p2a: Mimikyu|Mimikyu, M|100/100
|-damage|p2a: Mimikyu|88/100|[from] Stealth Rock
|turn|13
|
|t:|1639091802
|move|p1a: Flygon|Earthquake|p2a: Mimikyu
|-activate|p2a: Mimikyu|ability: Disguise
|-damage|p2a: Mimikyu|88/100
|detailschange|p2a: Mimikyu|Mimikyu-Busted, M
|-damage|p2a: Mimikyu|76/100|[from] pokemon: Mimikyu-Busted
|move|p2a: Mimikyu|Play Rough|p1a: Flygon
|-supereffective|p1a: Flygon
|-damage|p1a: Flygon|0 fnt
|faint|p1a: Flygon
|-damage|p2a: Mimikyu|66/100|[from] item: Life Orb
|
|upkeep
|inactive|woodsplinted has 60 seconds left.
|
|t:|1639091811
|switch|p1a: Xurkitree|Xurkitree|100/100
|turn|14
|
|t:|1639091816
|move|p1a: Xurkitree|Thunderbolt|p2a: Mimikyu
|-damage|p2a: Mimikyu|0 fnt
|faint|p2a: Mimikyu
|-ability|p1a: Xurkitree|Beast Boost|boost
|-boost|p1a: Xurkitree|spa|1
|
|upkeep
|
|t:|1639091821
|switch|p2a: Raikou|Raikou|100/100
|-damage|p2a: Raikou|88/100|[from] Stealth Rock
|turn|15
|inactive|Fr0st o_o has 120 seconds left.
|
|t:|1639091829
|move|p1a: Xurkitree|Thunderbolt|p2a: Raikou
|-resisted|p2a: Raikou
|-damage|p2a: Raikou|39/100
|move|p2a: Raikou|Shadow Ball|p1a: Xurkitree
|-damage|p1a: Xurkitree|48/100
|
|upkeep
|turn|16
|inactive|woodsplinted has 90 seconds left.
|
|t:|1639091835
|move|p1a: Xurkitree|Thunderbolt|p2a: Raikou
|-resisted|p2a: Raikou
|-damage|p2a: Raikou|0 fnt
|faint|p2a: Raikou
|-ability|p1a: Xurkitree|Beast Boost|boost
|-boost|p1a: Xurkitree|spa|1
|
|upkeep
|
|t:|1639091843
|switch|p2a: Polteageist|Polteageist, shiny|100/100
|-damage|p2a: Polteageist|88/100|[from] Stealth Rock
|turn|17
|
|t:|1639091848
|move|p1a: Xurkitree|Thunderbolt|p2a: Polteageist
|-damage|p2a: Polteageist|0 fnt
|faint|p2a: Polteageist
|-ability|p1a: Xurkitree|Beast Boost|boost
|-boost|p1a: Xurkitree|spa|1
|
|upkeep
|
|t:|1639091854
|switch|p2a: Cloyster|Cloyster, F|100/100
|-damage|p2a: Cloyster|76/100|[from] Stealth Rock
|turn|18
|
|t:|1639091858
|move|p2a: Cloyster|Ice Shard|p1a: Xurkitree
|-damage|p1a: Xurkitree|18/100
|move|p1a: Xurkitree|Thunderbolt|p2a: Cloyster
|-supereffective|p2a: Cloyster
|-damage|p2a: Cloyster|0 fnt
|faint|p2a: Cloyster
|
|win|woodsplinted
|raw|woodsplinted's rating: 1329 &rarr; <strong>1350</strong><br />(+21 for winning)
|raw|Fr0st o_o's rating: 1355 &rarr; <strong>1334</strong><br />(-21 for losing)
|l|☆Fr0st o_o
|c|☆woodsplinted|gg
|l|☆woodsplinted
|j|☆woodsplinted
|player|p1|woodsplinted|169
||Ladder isn't responding, score probably updated but might not have (Request timeout).
