|raw|<div class="broadcast-blue"><strong>This battle is required to be public due to a player having a name starting with 'rult70'.</div>
|j|☆MimikyuFan78
|j|☆rult70s tl
|t:|1626824537
|gametype|singles
|player|p1|MimikyuFan78|maylene|1334
|player|p2|rult70s tl|265|1568
|teamsize|p1|6
|teamsize|p2|6
|gen|8
|tier|[Gen 8] RU
|rated|
|rule|Sleep Clause Mod: Limit one foe put to sleep
|rule|Species Clause: Limit one of each Pokémon
|rule|OHKO Clause: OHKO moves are banned
|rule|Evasion Moves Clause: Evasion moves are banned
|rule|Endless Battle Clause: Forcing endless battles is banned
|rule|HP Percentage Mod: HP is shown in percentages
|rule|Dynamax Clause: You cannot dynamax
|clearpoke
|poke|p1|Umbreon, F|
|poke|p1|Weezing-Galar, M|
|poke|p1|Seismitoad, F|
|poke|p1|Darmanitan, M|
|poke|p1|Regidrago|
|poke|p1|Metagross|
|poke|p2|Quagsire, F|
|poke|p2|Steelix, F|
|poke|p2|Crobat, M|
|poke|p2|Reuniclus, F|
|poke|p2|Umbreon, F|
|poke|p2|Dragalge, M|
|teampreview
|
|t:|1626824551
|start
|switch|p1a: Darmanitan|Darmanitan, M, shiny|100/100
|switch|p2a: Dragalge|Dragalge, M|100/100
|turn|1
|
|t:|1626824559
|switch|p2a: Quagsire|Quagsire, F|100/100
|move|p1a: Darmanitan|U-turn|p2a: Quagsire
|-damage|p2a: Quagsire|82/100
|
|t:|1626824565
|switch|p1a: Regidrago|Regidrago, shiny|100/100|[from]move: U-turn
|
|upkeep
|turn|2
|
|t:|1626824606
|switch|p2a: Steelix|Steelix, F|100/100
|move|p1a: Regidrago|Dragon Energy|p2a: Steelix
|-resisted|p2a: Steelix
|-damage|p2a: Steelix|32/100
|
|-heal|p2a: Steelix|38/100|[from] item: Leftovers
|upkeep
|turn|3
|inactive|Battle timer is ON: inactive players will automatically lose when time's up. (requested by MimikyuFan78)
|
|t:|1626824614
|switch|p2a: Umbreon|Umbreon, F|100/100
|move|p1a: Regidrago|Dragon Energy|p2a: Umbreon
|-damage|p2a: Umbreon|25/100
|
|-heal|p2a: Umbreon|31/100|[from] item: Leftovers
|upkeep
|turn|4
|
|t:|1626824618
|move|p2a: Umbreon|Protect|p2a: Umbreon
|-singleturn|p2a: Umbreon|Protect
|move|p1a: Regidrago|Dragon Energy|p2a: Umbreon
|-activate|p2a: Umbreon|move: Protect
|
|-heal|p2a: Umbreon|37/100|[from] item: Leftovers
|upkeep
|turn|5
|
|t:|1626824629
|switch|p2a: Steelix|Steelix, F|38/100
|move|p1a: Regidrago|Dragon Energy|p2a: Steelix
|-resisted|p2a: Steelix
|-damage|p2a: Steelix|0 fnt
|faint|p2a: Steelix
|
|upkeep
|
|t:|1626824635
|switch|p2a: Crobat|Crobat, M|100/100
|turn|6
|
|t:|1626824643
|switch|p1a: Metagross|Metagross, shiny|100/100
|move|p2a: Crobat|Brave Bird|p1a: Metagross
|-resisted|p1a: Metagross
|-damage|p1a: Metagross|84/100
|-damage|p2a: Crobat|96/100|[from] Recoil
|
|upkeep
|turn|7
|
|t:|1626824658
|move|p2a: Crobat|U-turn|p1a: Metagross
|-crit|p1a: Metagross
|-damage|p1a: Metagross|66/100
|
|t:|1626824663
|switch|p2a: Quagsire|Quagsire, F|82/100|[from]move: U-turn
|move|p1a: Metagross|Meteor Mash|p2a: Quagsire
|-resisted|p2a: Quagsire
|-damage|p2a: Quagsire|53/100
|-boost|p1a: Metagross|atk|1
|
|upkeep
|turn|8
|
|t:|1626824673
|switch|p1a: Seismitoad|Seismitoad, F|100/100
|move|p2a: Quagsire|Recover|p2a: Quagsire
|-heal|p2a: Quagsire|100/100
|
|upkeep
|turn|9
|
|t:|1626824685
|switch|p2a: Umbreon|Umbreon, F|37/100
|move|p1a: Seismitoad|Knock Off|p2a: Umbreon
|-resisted|p2a: Umbreon
|-damage|p2a: Umbreon|29/100
|-enditem|p2a: Umbreon|Leftovers|[from] move: Knock Off|[of] p1a: Seismitoad
|
|upkeep
|turn|10
|
|t:|1626824690
|move|p1a: Seismitoad|Earthquake|p2a: Umbreon
|-damage|p2a: Umbreon|3/100
|move|p2a: Umbreon|Wish|p2a: Umbreon
|
|upkeep
|turn|11
|
|t:|1626824694
|switch|p1a: Regidrago|Regidrago, shiny|100/100
|move|p2a: Umbreon|Protect||[still]
|-fail|p2a: Umbreon
|
|-heal|p2a: Umbreon|52/100|[from] move: Wish|[wisher] Umbreon
|upkeep
|turn|12
|
|t:|1626824696
|move|p2a: Umbreon|Protect|p2a: Umbreon
|-singleturn|p2a: Umbreon|Protect
|move|p1a: Regidrago|Dragon Energy|p2a: Umbreon
|-activate|p2a: Umbreon|move: Protect
|
|upkeep
|turn|13
|
|t:|1626824705
|switch|p2a: Reuniclus|Reuniclus, F|100/100
|move|p1a: Regidrago|Dragon Energy|p2a: Reuniclus
|-damage|p2a: Reuniclus|0 fnt
|faint|p2a: Reuniclus
|
|upkeep
|
|t:|1626824710
|switch|p2a: Crobat|Crobat, M|96/100
|turn|14
|
|t:|1626824717
|switch|p1a: Metagross|Metagross, shiny|66/100
|move|p2a: Crobat|Brave Bird|p1a: Metagross
|-resisted|p1a: Metagross
|-damage|p1a: Metagross|51/100
|-damage|p2a: Crobat|92/100|[from] Recoil
|
|upkeep
|turn|15
|
|t:|1626824724
|move|p2a: Crobat|Brave Bird|p1a: Metagross
|-resisted|p1a: Metagross
|-damage|p1a: Metagross|37/100
|-damage|p2a: Crobat|88/100|[from] Recoil
|move|p1a: Metagross|Meteor Mash|p2a: Crobat
|-damage|p2a: Crobat|14/100
|-boost|p1a: Metagross|atk|1
|
|upkeep
|turn|16
|
|t:|1626824731
|switch|p2a: Quagsire|Quagsire, F|100/100
|move|p1a: Metagross|Meteor Mash|p2a: Quagsire|[miss]
|-miss|p1a: Metagross|p2a: Quagsire
|
|upkeep
|turn|17
|
|t:|1626824745
|switch|p1a: Seismitoad|Seismitoad, F|100/100
|move|p2a: Quagsire|Earthquake|p1a: Seismitoad
|-damage|p1a: Seismitoad|79/100
|
|-heal|p1a: Seismitoad|85/100|[from] item: Leftovers
|upkeep
|turn|18
|
|t:|1626824751
|switch|p2a: Umbreon|Umbreon, F|52/100
|move|p1a: Seismitoad|Earthquake|p2a: Umbreon
|-damage|p2a: Umbreon|26/100
|
|-heal|p1a: Seismitoad|91/100|[from] item: Leftovers
|upkeep
|turn|19
|
|t:|1626824756
|move|p1a: Seismitoad|Earthquake|p2a: Umbreon
|-damage|p2a: Umbreon|0 fnt
|faint|p2a: Umbreon
|
|-heal|p1a: Seismitoad|97/100|[from] item: Leftovers
|upkeep
|
|t:|1626824759
|switch|p2a: Dragalge|Dragalge, M|100/100
|turn|20
|
|t:|1626824763
|switch|p1a: Umbreon|Umbreon, F, shiny|100/100
|move|p2a: Dragalge|Draco Meteor|p1a: Umbreon
|-damage|p1a: Umbreon|42/100
|-unboost|p2a: Dragalge|spa|2
|
|-heal|p1a: Umbreon|48/100|[from] item: Leftovers
|upkeep
|turn|21
|
|t:|1626824771
|switch|p2a: Crobat|Crobat, M|14/100
|move|p1a: Umbreon|Wish|p1a: Umbreon
|
|-heal|p1a: Umbreon|54/100|[from] item: Leftovers
|upkeep
|turn|22
|
|t:|1626824774
|switch|p1a: Metagross|Metagross, shiny|37/100
|move|p2a: Crobat|Roost|p2a: Crobat
|-heal|p2a: Crobat|64/100
|-singleturn|p2a: Crobat|move: Roost
|
|-heal|p1a: Metagross|100/100|[from] move: Wish|[wisher] Umbreon
|upkeep
|turn|23
|
|t:|1626824781
|move|p2a: Crobat|U-turn|p1a: Metagross
|-damage|p1a: Metagross|89/100
|
|t:|1626824782
|switch|p2a: Dragalge|Dragalge, M|100/100|[from]move: U-turn
|move|p1a: Metagross|Zen Headbutt|p2a: Dragalge
|-supereffective|p2a: Dragalge
|-damage|p2a: Dragalge|0 fnt
|faint|p2a: Dragalge
|
|upkeep
|-message|rult70s tl forfeited.
|
|win|MimikyuFan78
|l|☆rult70s tl
|raw|MimikyuFan78's rating: 1335 &rarr; <strong>1366</strong><br />(+31 for winning)
|raw|rult70s tl's rating: 1555 &rarr; <strong>1524</strong><br />(-31 for losing)
||Ladder isn't responding, score probably updated but might not have (Request timeout).
