|j|☆ChickenNuggetScoon
|j|☆v1olette2
|t:|1621635397
|gametype|singles
|player|p1|ChickenNuggetScoon|hoopster|1410
|player|p2|v1olette2|102|1343
|teamsize|p1|6
|teamsize|p2|6
|gen|8
|tier|[Gen 8] RU
|rated|
|rule|Sleep Clause Mod: Limit one foe put to sleep
|rule|Species Clause: Limit one of each Pokémon
|rule|OHKO Clause: OHKO moves are banned
|rule|Evasion Moves Clause: Evasion moves are banned
|rule|Endless Battle Clause: Forcing endless battles is banned
|rule|HP Percentage Mod: HP is shown in percentages
|rule|Dynamax Clause: You cannot dynamax
|clearpoke
|poke|p1|Ferroseed, F|
|poke|p1|Rotom-Frost|
|poke|p1|Sableye, M|
|poke|p1|Hitmonchan, M|
|poke|p1|Snorlax, F|
|poke|p1|Suicune|
|poke|p2|Reuniclus, F|
|poke|p2|Vileplume, M|
|poke|p2|Togekiss, F|
|poke|p2|Suicune|
|poke|p2|Crobat, F|
|poke|p2|Gigalith, M|
|teampreview
|inactive|Battle timer is ON: inactive players will automatically lose when time's up. (requested by ChickenNuggetScoon)
|
|t:|1621635441
|start
|switch|p1a: Ferroseed|Ferroseed, F|100/100
|switch|p2a: Crobat|Crobat, F|100/100
|turn|1
|
|t:|1621635448
|switch|p2a: Vileplume|Vileplume, M|100/100
|move|p1a: Ferroseed|Stealth Rock|p2a: Vileplume
|-sidestart|p2: v1olette2|move: Stealth Rock
|
|upkeep
|turn|2
|
|t:|1621635453
|move|p2a: Vileplume|Corrosive Gas|p1a: Ferroseed
|-enditem|p1a: Ferroseed|Eviolite|[from] move: Corrosive Gas|[of] p2a: Vileplume
|move|p1a: Ferroseed|Spikes|p2a: Vileplume
|-sidestart|p2: v1olette2|Spikes
|
|upkeep
|turn|3
|
|t:|1621635461
|switch|p2a: Crobat|Crobat, F|100/100
|move|p1a: Ferroseed|Spikes|p2a: Crobat
|-sidestart|p2: v1olette2|Spikes
|
|upkeep
|turn|4
|
|t:|1621635466
|move|p2a: Crobat|Defog|p1a: Ferroseed
|-unboost|p1a: Ferroseed|evasion|1
|-sideend|p2: v1olette2|Spikes|[from] move: Defog|[of] p2a: Crobat
|-sideend|p2: v1olette2|Stealth Rock|[from] move: Defog|[of] p2a: Crobat
|move|p1a: Ferroseed|Leech Seed|p2a: Crobat|[miss]
|-miss|p1a: Ferroseed|p2a: Crobat
|
|upkeep
|turn|5
|
|t:|1621635473
|switch|p2a: Reuniclus|Reuniclus, F|100/100
|move|p1a: Ferroseed|Stealth Rock|p2a: Reuniclus
|-sidestart|p2: v1olette2|move: Stealth Rock
|
|upkeep
|turn|6
|
|t:|1621635479
|switch|p1a: Sableye|Sableye, M|100/100
|move|p2a: Reuniclus|Focus Blast|p1a: Sableye
|-immune|p1a: Sableye
|
|upkeep
|turn|7
|
|t:|1621635490
|switch|p2a: Togekiss|Togekiss, F|100/100
|move|p1a: Sableye|Knock Off|p2a: Togekiss
|-resisted|p2a: Togekiss
|-damage|p2a: Togekiss|86/100
|-enditem|p2a: Togekiss|Heavy-Duty Boots|[from] move: Knock Off|[of] p1a: Sableye
|
|upkeep
|turn|8
|
|t:|1621635498
|switch|p1a: Snorlax|Snorlax, F|100/100
|move|p2a: Togekiss|Air Slash|p1a: Snorlax
|-damage|p1a: Snorlax|84/100
|
|-heal|p1a: Snorlax|90/100|[from] item: Leftovers
|upkeep
|turn|9
|j| I.am.a.noobboy
|
|t:|1621635505
|move|p2a: Togekiss|Nasty Plot|p2a: Togekiss
|-boost|p2a: Togekiss|spa|2
|move|p1a: Snorlax|Toxic|p2a: Togekiss|[miss]
|-miss|p1a: Snorlax|p2a: Togekiss
|
|-heal|p1a: Snorlax|96/100|[from] item: Leftovers
|upkeep
|turn|10
|
|t:|1621635512
|move|p2a: Togekiss|Air Slash|p1a: Snorlax
|-damage|p1a: Snorlax|64/100
|cant|p1a: Snorlax|flinch
|
|-heal|p1a: Snorlax|71/100|[from] item: Leftovers
|upkeep
|turn|11
|
|t:|1621635517
|move|p2a: Togekiss|Air Slash|p1a: Snorlax
|-damage|p1a: Snorlax|41/100
|move|p1a: Snorlax|Rest|p1a: Snorlax
|-status|p1a: Snorlax|slp|[from] move: Rest
|-heal|p1a: Snorlax|100/100 slp|[silent]
|
|upkeep
|turn|12
|
|t:|1621635525
|switch|p1a: Sableye|Sableye, M|100/100
|move|p2a: Togekiss|Nasty Plot|p2a: Togekiss
|-boost|p2a: Togekiss|spa|2
|
|upkeep
|turn|13
|
|t:|1621635530
|move|p1a: Sableye|Encore|p2a: Togekiss
|-start|p2a: Togekiss|Encore
|move|p2a: Togekiss|Nasty Plot|p2a: Togekiss
|-boost|p2a: Togekiss|spa|2
|
|upkeep
|turn|14
|
|t:|1621635540
|switch|p2a: Vileplume|Vileplume, M|100/100
|-damage|p2a: Vileplume|88/100|[from] Stealth Rock
|move|p1a: Sableye|Knock Off|p2a: Vileplume
|-damage|p2a: Vileplume|64/100
|-status|p1a: Sableye|par|[from] ability: Effect Spore|[of] p2a: Vileplume
|-enditem|p2a: Vileplume|Black Sludge|[from] move: Knock Off|[of] p1a: Sableye
|
|upkeep
|turn|15
|
|t:|1621635548
|switch|p1a: Ferroseed|Ferroseed, F|100/100
|move|p2a: Vileplume|Giga Drain|p1a: Ferroseed
|-resisted|p1a: Ferroseed
|-damage|p1a: Ferroseed|91/100
|-heal|p2a: Vileplume|68/100|[from] drain|[of] p1a: Ferroseed
|
|upkeep
|turn|16
|
|t:|1621635555
|switch|p2a: Reuniclus|Reuniclus, F|100/100
|-damage|p2a: Reuniclus|88/100|[from] Stealth Rock
|move|p1a: Ferroseed|Leech Seed|p2a: Reuniclus
|-start|p2a: Reuniclus|move: Leech Seed
|
|-damage|p2a: Reuniclus|75/100|[from] Leech Seed|[of] p1a: Ferroseed
|-heal|p1a: Ferroseed|100/100|[silent]
|upkeep
|turn|17
|
|t:|1621635565
|switch|p1a: Sableye|Sableye, M|100/100 par
|move|p2a: Reuniclus|Future Sight|p1a: Sableye
|-start|p2a: Reuniclus|move: Future Sight
|
|-damage|p2a: Reuniclus|63/100|[from] Leech Seed|[of] p1a: Sableye
|upkeep
|turn|18
|
|t:|1621635571
|switch|p2a: Togekiss|Togekiss, F|86/100
|-damage|p2a: Togekiss|61/100|[from] Stealth Rock
|move|p1a: Sableye|Knock Off|p2a: Togekiss
|-resisted|p2a: Togekiss
|-damage|p2a: Togekiss|51/100
|
|upkeep
|turn|19
|
|t:|1621635578
|switch|p1a: Snorlax|Snorlax, F|100/100 slp
|move|p2a: Togekiss|Roost|p2a: Togekiss
|-heal|p2a: Togekiss|100/100
|-singleturn|p2a: Togekiss|move: Roost
|
|-end|p1a: Snorlax|move: Future Sight
|-damage|p1a: Snorlax|74/100 slp
|-heal|p1a: Snorlax|80/100 slp|[from] item: Leftovers
|upkeep
|turn|20
|
|t:|1621635588
|move|p2a: Togekiss|Nasty Plot|p2a: Togekiss
|-boost|p2a: Togekiss|spa|2
|cant|p1a: Snorlax|slp
|move|p1a: Snorlax|Sleep Talk|p1a: Snorlax
|move|p1a: Snorlax|Rest||[from]move: Sleep Talk|[still]
|-fail|p1a: Snorlax
|
|-heal|p1a: Snorlax|86/100 slp|[from] item: Leftovers
|upkeep
|turn|21
|
|t:|1621635597
|move|p2a: Togekiss|Nasty Plot|p2a: Togekiss
|-boost|p2a: Togekiss|spa|2
|cant|p1a: Snorlax|slp
|move|p1a: Snorlax|Sleep Talk|p1a: Snorlax
|move|p1a: Snorlax|Body Slam|p2a: Togekiss|[from]move: Sleep Talk
|-damage|p2a: Togekiss|61/100
|
|-heal|p1a: Snorlax|92/100 slp|[from] item: Leftovers
|upkeep
|turn|22
|
|t:|1621635607
|move|p2a: Togekiss|Air Slash|p1a: Snorlax
|-damage|p1a: Snorlax|40/100 slp
|-curestatus|p1a: Snorlax|slp|[msg]
|move|p1a: Snorlax|Toxic|p2a: Togekiss
|-status|p2a: Togekiss|tox
|
|-heal|p1a: Snorlax|46/100|[from] item: Leftovers
|-damage|p2a: Togekiss|55/100 tox|[from] psn
|upkeep
|turn|23
|
|t:|1621635618
|move|p2a: Togekiss|Air Slash|p1a: Snorlax
|-damage|p1a: Snorlax|1/100
|cant|p1a: Snorlax|flinch
|
|-heal|p1a: Snorlax|7/100|[from] item: Leftovers
|-damage|p2a: Togekiss|43/100 tox|[from] psn
|upkeep
|turn|24
|
|t:|1621635626
|move|p2a: Togekiss|Roost|p2a: Togekiss
|-heal|p2a: Togekiss|93/100 tox
|-singleturn|p2a: Togekiss|move: Roost
|move|p1a: Snorlax|Rest|p1a: Snorlax
|-status|p1a: Snorlax|slp|[from] move: Rest
|-heal|p1a: Snorlax|100/100 slp|[silent]
|
|-damage|p2a: Togekiss|74/100 tox|[from] psn
|upkeep
|turn|25
|
|t:|1621635637
|move|p2a: Togekiss|Heal Bell|p2a: Togekiss
|-activate|p2a: Togekiss|move: Heal Bell
|-curestatus|p2a: Togekiss|tox|[msg]
|cant|p1a: Snorlax|slp
|move|p1a: Snorlax|Sleep Talk|p1a: Snorlax
|move|p1a: Snorlax|Body Slam|p2a: Togekiss|[from]move: Sleep Talk
|-damage|p2a: Togekiss|40/100
|
|upkeep
|turn|26
|
|t:|1621635660
|move|p2a: Togekiss|Air Slash|p1a: Snorlax
|-damage|p1a: Snorlax|54/100 slp
|cant|p1a: Snorlax|slp
|cant|p1a: Snorlax|flinch
|
|-heal|p1a: Snorlax|60/100 slp|[from] item: Leftovers
|upkeep
|turn|27
|
|t:|1621635667
|move|p2a: Togekiss|Roost|p2a: Togekiss
|-heal|p2a: Togekiss|91/100
|-singleturn|p2a: Togekiss|move: Roost
|-curestatus|p1a: Snorlax|slp|[msg]
|move|p1a: Snorlax|Rest|p1a: Snorlax
|-status|p1a: Snorlax|slp|[from] move: Rest
|-heal|p1a: Snorlax|100/100 slp|[silent]
|
|upkeep
|turn|28
|
|t:|1621635676
|move|p2a: Togekiss|Nasty Plot|p2a: Togekiss
|-boost|p2a: Togekiss|spa|2
|cant|p1a: Snorlax|slp
|move|p1a: Snorlax|Sleep Talk|p1a: Snorlax
|move|p1a: Snorlax|Rest||[from]move: Sleep Talk|[still]
|-fail|p1a: Snorlax
|
|upkeep
|turn|29
|
|t:|1621635687
|move|p2a: Togekiss|Air Slash|p1a: Snorlax
|-damage|p1a: Snorlax|37/100 slp
|cant|p1a: Snorlax|slp
|cant|p1a: Snorlax|flinch
|
|-heal|p1a: Snorlax|43/100 slp|[from] item: Leftovers
|upkeep
|turn|30
|
|t:|1621635695
|move|p2a: Togekiss|Air Slash|p1a: Snorlax
|-damage|p1a: Snorlax|0 fnt
|faint|p1a: Snorlax
|
|upkeep
|
|t:|1621635697
|switch|p1a: Scrotum|Rotom-Frost|100/100
|turn|31
|
|t:|1621635709
|switch|p2a: Reuniclus|Reuniclus, F|96/100
|-damage|p2a: Reuniclus|84/100|[from] Stealth Rock
|move|p1a: Scrotum|Thunder|p2a: Reuniclus|[miss]
|-miss|p1a: Scrotum|p2a: Reuniclus
|
|upkeep
|turn|32
|
|t:|1621635716
|switch|p1a: Suicune|Suicune|100/100
|-ability|p1a: Suicune|Pressure
|move|p2a: Reuniclus|Future Sight|p1a: Suicune
|-start|p2a: Reuniclus|move: Future Sight
|
|upkeep
|turn|33
|
|t:|1621635727
|switch|p1a: Ferroseed|Ferroseed, F|100/100
|switch|p2a: Vileplume|Vileplume, M|68/100
|-damage|p2a: Vileplume|56/100|[from] Stealth Rock
|
|upkeep
|turn|34
|inactive|v1olette2 has 120 seconds left.
|
|t:|1621635777
|move|p2a: Vileplume|Strength Sap|p1a: Ferroseed
|-unboost|p1a: Ferroseed|atk|1
|-heal|p2a: Vileplume|95/100
|move|p1a: Ferroseed|Spikes|p2a: Vileplume
|-sidestart|p2: v1olette2|Spikes
|
|-end|p1a: Ferroseed|move: Future Sight
|-resisted|p1a: Ferroseed
|-damage|p1a: Ferroseed|58/100
|upkeep
|turn|35
|
|t:|1621635787
|switch|p2a: Reuniclus|Reuniclus, F|100/100
|-damage|p2a: Reuniclus|88/100|[from] Spikes
|-damage|p2a: Reuniclus|75/100|[from] Stealth Rock
|switch|p1a: Scrotum|Rotom-Frost|100/100
|
|upkeep
|turn|36
|
|t:|1621635795
|move|p1a: Scrotum|Trick|p2a: Reuniclus
|-activate|p1a: Scrotum|move: Trick|[of] p2a: Reuniclus
|-item|p2a: Reuniclus|Choice Scarf|[from] move: Trick
|-item|p1a: Scrotum|Assault Vest|[from] move: Trick
|move|p2a: Reuniclus|Future Sight|p1a: Scrotum
|-start|p2a: Reuniclus|move: Future Sight
|
|upkeep
|turn|37
|
|t:|1621635805
|switch|p2a: Vileplume|Vileplume, M|95/100
|-damage|p2a: Vileplume|82/100|[from] Spikes
|-damage|p2a: Vileplume|70/100|[from] Stealth Rock
|move|p1a: Scrotum|Volt Switch|p2a: Vileplume
|-resisted|p2a: Vileplume
|-damage|p2a: Vileplume|55/100
|
|t:|1621635812
|switch|p1a: Sableye|Sableye, M|100/100 par|[from]move: Volt Switch
|
|upkeep
|turn|38
|inactive|v1olette2 has 120 seconds left.
|j| Friedolin
|inactive|v1olette2 has 90 seconds left.
|
|t:|1621635869
|move|p2a: Vileplume|Corrosive Gas|p1a: Sableye
|-enditem|p1a: Sableye|Rocky Helmet|[from] move: Corrosive Gas|[of] p2a: Vileplume
|move|p1a: Sableye|Knock Off|p2a: Vileplume
|-damage|p2a: Vileplume|38/100
|
|-end|p1a: Sableye|move: Future Sight
|-immune|p1a: Sableye
|upkeep
|turn|39
|
|t:|1621635878
|move|p1a: Sableye|Encore|p2a: Vileplume
|-start|p2a: Vileplume|Encore
|move|p2a: Vileplume|Corrosive Gas|p1a: Sableye
|-fail|p1a: Sableye|move: Corrosive Gas
|
|upkeep
|turn|40
|
|t:|1621635889
|switch|p2a: Togekiss|Togekiss, F|91/100
|-damage|p2a: Togekiss|66/100|[from] Stealth Rock
|move|p1a: Sableye|Knock Off|p2a: Togekiss
|-resisted|p2a: Togekiss
|-damage|p2a: Togekiss|55/100
|
|upkeep
|turn|41
|
|t:|1621635897
|switch|p1a: Scrotum|Rotom-Frost|100/100
|move|p2a: Togekiss|Air Slash|p1a: Scrotum
|-resisted|p1a: Scrotum
|-damage|p1a: Scrotum|86/100
|
|upkeep
|turn|42
|inactive|v1olette2 has 90 seconds left.
|
|t:|1621635904
|switch|p2a: Reuniclus|Reuniclus, F|100/100
|-damage|p2a: Reuniclus|88/100|[from] Stealth Rock
|-damage|p2a: Reuniclus|75/100|[from] Spikes
|move|p1a: Scrotum|Volt Switch|p2a: Reuniclus
|-damage|p2a: Reuniclus|52/100
|j| PrismEscape
|
|t:|1621635912
|switch|p1a: Sableye|Sableye, M|100/100 par|[from]move: Volt Switch
|
|upkeep
|turn|43
|
|t:|1621635920
|move|p2a: Reuniclus|Future Sight|p1a: Sableye
|-start|p2a: Reuniclus|move: Future Sight
|cant|p1a: Sableye|par
|
|upkeep
|turn|44
|
|t:|1621635927
|switch|p2a: Togekiss|Togekiss, F|55/100
|-damage|p2a: Togekiss|30/100|[from] Stealth Rock
|move|p1a: Sableye|Knock Off|p2a: Togekiss
|-resisted|p2a: Togekiss
|-damage|p2a: Togekiss|21/100
|
|upkeep
|turn|45
|
|t:|1621635934
|switch|p1a: Scrotum|Rotom-Frost|86/100
|move|p2a: Togekiss|Roost|p2a: Togekiss
|-heal|p2a: Togekiss|71/100
|-singleturn|p2a: Togekiss|move: Roost
|
|-end|p1a: Scrotum|move: Future Sight
|-damage|p1a: Scrotum|27/100
|upkeep
|turn|46
|
|t:|1621635945
|switch|p2a: Reuniclus|Reuniclus, F|85/100
|-damage|p2a: Reuniclus|73/100|[from] Spikes
|-damage|p2a: Reuniclus|60/100|[from] Stealth Rock
|move|p1a: Scrotum|Volt Switch|p2a: Reuniclus
|-damage|p2a: Reuniclus|34/100
|
|t:|1621635947
|switch|p1a: Hitmonchan|Hitmonchan, M|100/100|[from]move: Volt Switch
|
|upkeep
|turn|47
|inactive|v1olette2 has 120 seconds left.
|
|t:|1621635958
|switch|p2a: Crobat|Crobat, F|100/100
|move|p1a: Hitmonchan|High Jump Kick|p2a: Crobat
|-resisted|p2a: Crobat
|-damage|p2a: Crobat|76/100
|-damage|p1a: Hitmonchan|91/100|[from] item: Life Orb
|
|upkeep
|turn|48
|inactive|v1olette2 has 120 seconds left.
|
|t:|1621635966
|switch|p1a: Ferroseed|Ferroseed, F|58/100
|move|p2a: Crobat|Defog|p1a: Ferroseed
|-unboost|p1a: Ferroseed|evasion|1
|-sideend|p2: v1olette2|Spikes|[from] move: Defog|[of] p2a: Crobat
|-sideend|p2: v1olette2|Stealth Rock|[from] move: Defog|[of] p2a: Crobat
|
|upkeep
|turn|49
|inactive|v1olette2 has 120 seconds left.
|
|t:|1621635978
|switch|p2a: Reuniclus|Reuniclus, F|67/100
|move|p1a: Ferroseed|Stealth Rock|p2a: Reuniclus
|-sidestart|p2: v1olette2|move: Stealth Rock
|
|upkeep
|turn|50
|
|t:|1621635988
|switch|p1a: Sableye|Sableye, M|100/100 par
|move|p2a: Reuniclus|Future Sight|p1a: Sableye
|-start|p2a: Reuniclus|move: Future Sight
|
|upkeep
|turn|51
|
|t:|1621635998
|switch|p2a: Togekiss|Togekiss, F|71/100
|-damage|p2a: Togekiss|46/100|[from] Stealth Rock
|cant|p1a: Sableye|par
|
|upkeep
|turn|52
|
|t:|1621636004
|move|p2a: Togekiss|Roost|p2a: Togekiss
|-heal|p2a: Togekiss|96/100
|-singleturn|p2a: Togekiss|move: Roost
|move|p1a: Sableye|Knock Off|p2a: Togekiss
|-resisted|p2a: Togekiss
|-damage|p2a: Togekiss|86/100
|
|-end|p1a: Sableye|move: Future Sight
|-immune|p1a: Sableye
|upkeep
|turn|53
|
|t:|1621636014
|move|p1a: Sableye|Encore|p2a: Togekiss
|-start|p2a: Togekiss|Encore
|move|p2a: Togekiss|Roost|p2a: Togekiss
|-heal|p2a: Togekiss|100/100
|-singleturn|p2a: Togekiss|move: Roost
|
|upkeep
|turn|54
|
|t:|1621636023
|switch|p2a: Vileplume|Vileplume, M|38/100
|-damage|p2a: Vileplume|26/100|[from] Stealth Rock
|move|p1a: Sableye|Knock Off|p2a: Vileplume
|-damage|p2a: Vileplume|11/100
|
|upkeep
|turn|55
|
|t:|1621636033
|switch|p1a: Ferroseed|Ferroseed, F|58/100
|move|p2a: Vileplume|Strength Sap|p1a: Ferroseed
|-unboost|p1a: Ferroseed|atk|1
|-heal|p2a: Vileplume|50/100
|
|upkeep
|turn|56
|
|t:|1621636049
|switch|p2a: Reuniclus|Reuniclus, F|99/100
|-damage|p2a: Reuniclus|88/100|[from] Stealth Rock
|move|p1a: Ferroseed|Leech Seed|p2a: Reuniclus
|-start|p2a: Reuniclus|move: Leech Seed
|
|-damage|p2a: Reuniclus|75/100|[from] Leech Seed|[of] p1a: Ferroseed
|-heal|p1a: Ferroseed|76/100|[silent]
|upkeep
|turn|57
|
|t:|1621636058
|switch|p1a: Sableye|Sableye, M|100/100 par
|move|p2a: Reuniclus|Future Sight|p1a: Sableye
|-start|p2a: Reuniclus|move: Future Sight
|
|-damage|p2a: Reuniclus|63/100|[from] Leech Seed|[of] p1a: Sableye
|upkeep
|turn|58
|
|t:|1621636064
|switch|p2a: Togekiss|Togekiss, F|100/100
|-damage|p2a: Togekiss|76/100|[from] Stealth Rock
|cant|p1a: Sableye|par
|
|upkeep
|turn|59
|
|t:|1621636070
|move|p1a: Sableye|Will-O-Wisp|p2a: Togekiss
|-status|p2a: Togekiss|brn
|move|p2a: Togekiss|Air Slash|p1a: Sableye
|-damage|p1a: Sableye|36/100 par
|
|-end|p1a: Sableye|move: Future Sight
|-immune|p1a: Sableye
|-damage|p2a: Togekiss|70/100 brn|[from] brn
|upkeep
|turn|60
|
|t:|1621636080
|switch|p1a: Ferroseed|Ferroseed, F|76/100
|move|p2a: Togekiss|Air Slash|p1a: Ferroseed
|-damage|p1a: Ferroseed|30/100
|
|-damage|p2a: Togekiss|64/100 brn|[from] brn
|upkeep
|turn|61
|
|t:|1621636086
|switch|p1a: Scrotum|Rotom-Frost|27/100
|move|p2a: Togekiss|Air Slash|p1a: Scrotum|[miss]
|-miss|p2a: Togekiss|p1a: Scrotum
|
|-damage|p2a: Togekiss|57/100 brn|[from] brn
|upkeep
|turn|62
|
|t:|1621636094
|switch|p2a: Reuniclus|Reuniclus, F|96/100
|-damage|p2a: Reuniclus|84/100|[from] Stealth Rock
|move|p1a: Scrotum|Volt Switch|p2a: Reuniclus
|-damage|p2a: Reuniclus|56/100
|
|t:|1621636106
|switch|p1a: Ferroseed|Ferroseed, F|30/100|[from]move: Volt Switch
|
|upkeep
|turn|63
|
|t:|1621636110
|move|p2a: Reuniclus|Focus Blast|p1a: Ferroseed|[miss]
|-miss|p2a: Reuniclus|p1a: Ferroseed
|move|p1a: Ferroseed|Spikes|p2a: Reuniclus
|-sidestart|p2: v1olette2|Spikes
|
|upkeep
|turn|64
|
|t:|1621636116
|move|p2a: Reuniclus|Focus Blast|p1a: Ferroseed|[miss]
|-miss|p2a: Reuniclus|p1a: Ferroseed
|move|p1a: Ferroseed|Leech Seed|p2a: Reuniclus
|-start|p2a: Reuniclus|move: Leech Seed
|
|-damage|p2a: Reuniclus|43/100|[from] Leech Seed|[of] p1a: Ferroseed
|-heal|p1a: Ferroseed|48/100|[silent]
|upkeep
|turn|65
|
|t:|1621636124
|switch|p2a: Togekiss|Togekiss, F|57/100 brn
|-damage|p2a: Togekiss|33/100 brn|[from] Stealth Rock
|move|p1a: Ferroseed|Spikes|p2a: Togekiss
|-sidestart|p2: v1olette2|Spikes
|
|-damage|p2a: Togekiss|27/100 brn|[from] brn
|upkeep
|turn|66
|
|t:|1621636132
|move|p2a: Togekiss|Roost|p2a: Togekiss
|-heal|p2a: Togekiss|77/100 brn
|-singleturn|p2a: Togekiss|move: Roost
|move|p1a: Ferroseed|Gyro Ball|p2a: Togekiss
|-supereffective|p2a: Togekiss
|-damage|p2a: Togekiss|9/100 brn
|
|-damage|p2a: Togekiss|3/100 brn|[from] brn
|upkeep
|turn|67
|
|t:|1621636148
|switch|p2a: Suicune|Suicune|100/100
|-damage|p2a: Suicune|88/100|[from] Stealth Rock
|-damage|p2a: Suicune|72/100|[from] Spikes
|-ability|p2a: Suicune|Pressure
|move|p1a: Ferroseed|Gyro Ball|p2a: Suicune
|-resisted|p2a: Suicune
|-damage|p2a: Suicune|63/100
|
|-heal|p2a: Suicune|70/100|[from] item: Leftovers
|upkeep
|turn|68
|
|t:|1621636159
|switch|p1a: Suicune|Suicune|100/100
|-ability|p1a: Suicune|Pressure
|move|p2a: Suicune|Scald|p1a: Suicune
|-resisted|p1a: Suicune
|-damage|p1a: Suicune|90/100
|
|-heal|p2a: Suicune|76/100|[from] item: Leftovers
|-heal|p1a: Suicune|96/100|[from] item: Leftovers
|upkeep
|turn|69
|
|t:|1621636169
|move|p2a: Suicune|Scald|p1a: Suicune
|-resisted|p1a: Suicune
|-damage|p1a: Suicune|87/100
|-status|p1a: Suicune|brn
|move|p1a: Suicune|Calm Mind|p1a: Suicune
|-boost|p1a: Suicune|spa|1
|-boost|p1a: Suicune|spd|1
|
|-heal|p2a: Suicune|82/100|[from] item: Leftovers
|-heal|p1a: Suicune|93/100 brn|[from] item: Leftovers
|-damage|p1a: Suicune|87/100 brn|[from] brn
|upkeep
|turn|70
|
|t:|1621636181
|move|p1a: Suicune|Rest|p1a: Suicune
|-status|p1a: Suicune|slp|[from] move: Rest
|-heal|p1a: Suicune|100/100 slp|[silent]
|move|p2a: Suicune|Roar|p1a: Suicune
|drag|p1a: Scrotum|Rotom-Frost|27/100
|
|-heal|p2a: Suicune|88/100|[from] item: Leftovers
|upkeep
|turn|71
|
|t:|1621636190
|switch|p2a: Reuniclus|Reuniclus, F|76/100
|-damage|p2a: Reuniclus|64/100|[from] Stealth Rock
|-damage|p2a: Reuniclus|47/100|[from] Spikes
|move|p1a: Scrotum|Volt Switch|p2a: Reuniclus
|-damage|p2a: Reuniclus|22/100
|
|t:|1621636195
|switch|p1a: Hitmonchan|Hitmonchan, M|91/100|[from]move: Volt Switch
|
|upkeep
|turn|72
|
|t:|1621636204
|switch|p2a: Crobat|Crobat, F|76/100
|move|p1a: Hitmonchan|Ice Punch|p2a: Crobat
|-supereffective|p2a: Crobat
|-damage|p2a: Crobat|0 fnt
|faint|p2a: Crobat
|-damage|p1a: Hitmonchan|81/100|[from] item: Life Orb
|
|upkeep
|-message|v1olette2 forfeited.
|
|win|ChickenNuggetScoon
|raw|ChickenNuggetScoon's rating: 1410 &rarr; <strong>1426</strong><br />(+16 for winning)
|raw|v1olette2's rating: 1343 &rarr; <strong>1327</strong><br />(-16 for losing)
|c|☆ChickenNuggetScoon|https://www.youtube.com/watch?v=9gspElv1yvc
|l|☆v1olette2
