|html|<div class="broadcast-blue"><strong>[Gen 8] RU is currently suspecting Zygarde-10%! For information on how to participate check out the <a href="https://www.smogon.com/forums/threads/np-ru-stage-6-i-wanna-be-your-dog-zygarde-10-suspect-test.3679181/#post-8768959">suspect thread</a>.</strong></div>
|j|☆Tortenschlacht
|j|‽ruz9 locked up
|t:|1614872580
|player|p1|Tortenschlacht|benga|1388
|player|p2|ruz9 locked up|lucas|1411
|teamsize|p1|6
|teamsize|p2|6
|gametype|singles
|gen|8
|tier|[Gen 8] RU
|rated|
|clearpoke
|poke|p1|Celebi|
|poke|p1|Seismitoad, F|
|poke|p1|Noivern, F|
|poke|p1|Heracross, F|
|poke|p1|Sylveon, F|
|poke|p1|Magnezone|
|poke|p2|Togekiss, F|
|poke|p2|Zarude|
|poke|p2|Raikou|
|poke|p2|Registeel|
|poke|p2|Chandelure, M|
|poke|p2|Gastrodon, F|
|rule|Sleep Clause Mod: Limit one foe put to sleep
|rule|Species Clause: Limit one of each Pokémon
|rule|OHKO Clause: OHKO moves are banned
|rule|Evasion Moves Clause: Evasion moves are banned
|rule|Endless Battle Clause: Forcing endless battles is banned
|rule|HP Percentage Mod: HP is shown in percentages
|rule|Dynamax Clause: You cannot dynamax
|teampreview
|
|t:|1614872691
|start
|switch|p1a: Noivern|Noivern, F|100/100
|switch|p2a: Togekiss|Togekiss, F|100/100
|turn|1
|inactive|Battle timer is ON: inactive players will automatically lose when time's up. (requested by Tortenschlacht)
|
|t:|1614872706
|switch|p1a: Magnezone|Magnezone|100/100
|move|p2a: Togekiss|Thunder Wave|p1a: Magnezone
|-immune|p1a: Magnezone
|
|upkeep
|turn|2
|
|t:|1614872728
|switch|p2a: Gastrodon|Gastrodon, F|100/100
|move|p1a: Magnezone|Flash Cannon|p2a: Gastrodon
|-resisted|p2a: Gastrodon
|-damage|p2a: Gastrodon|74/100
|
|upkeep
|turn|3
|
|t:|1614872752
|switch|p1a: Celebi|Celebi, shiny|100/100
|switch|p2a: Registeel|Registeel|100/100
|
|upkeep
|turn|4
|
|t:|1614872771
|move|p1a: Celebi|U-turn|p2a: Registeel
|-resisted|p2a: Registeel
|-damage|p2a: Registeel|96/100
|
|t:|1614872775
|switch|p1a: Seismitoad|Seismitoad, F|100/100|[from]move: U-turn
|move|p2a: Registeel|Stealth Rock|p1a: Seismitoad
|-sidestart|p1: Tortenschlacht|move: Stealth Rock
|
|-heal|p2a: Registeel|100/100|[from] item: Leftovers
|upkeep
|turn|5
|
|t:|1614872782
|move|p1a: Seismitoad|Stealth Rock|p2a: Registeel
|-sidestart|p2: ruz9 locked up|move: Stealth Rock
|move|p2a: Registeel|Toxic|p1a: Seismitoad
|-status|p1a: Seismitoad|tox
|
|-damage|p1a: Seismitoad|94/100 tox|[from] psn
|upkeep
|turn|6
|
|t:|1614872789
|switch|p2a: Zarude|Zarude|100/100
|move|p1a: Seismitoad|Knock Off|p2a: Zarude
|-resisted|p2a: Zarude
|-damage|p2a: Zarude|91/100
|-enditem|p2a: Zarude|Heavy-Duty Boots|[from] move: Knock Off|[of] p1a: Seismitoad
|
|-heal|p1a: Seismitoad|100/100 tox|[from] item: Leftovers
|-damage|p1a: Seismitoad|88/100 tox|[from] psn
|upkeep
|turn|7
|
|t:|1614872806
|switch|p1a: Noivern|Noivern, F|100/100
|move|p2a: Zarude|Darkest Lariat|p1a: Noivern
|-damage|p1a: Noivern|45/100
|
|upkeep
|turn|8
|
|t:|1614872817
|switch|p2a: Registeel|Registeel|100/100
|-damage|p2a: Registeel|94/100|[from] Stealth Rock
|move|p1a: Noivern|Roost|p1a: Noivern
|-heal|p1a: Noivern|95/100
|-singleturn|p1a: Noivern|move: Roost
|
|-heal|p2a: Registeel|100/100|[from] item: Leftovers
|upkeep
|turn|9
|
|t:|1614872839
|move|p1a: Noivern|Flamethrower|p2a: Registeel
|-supereffective|p2a: Registeel
|-damage|p2a: Registeel|75/100
|move|p2a: Registeel|Thunder Wave|p1a: Noivern
|-status|p1a: Noivern|par
|
|-heal|p2a: Registeel|81/100|[from] item: Leftovers
|upkeep
|turn|10
|
|t:|1614872850
|switch|p2a: Togekiss|Togekiss, F|100/100
|move|p1a: Noivern|Flamethrower|p2a: Togekiss
|-damage|p2a: Togekiss|80/100
|
|upkeep
|turn|11
|
|t:|1614872866
|switch|p1a: Sylveon|Sylveon, F|100/100
|-damage|p1a: Sylveon|88/100|[from] Stealth Rock
|move|p2a: Togekiss|Air Slash|p1a: Sylveon
|-damage|p1a: Sylveon|68/100
|
|-heal|p1a: Sylveon|74/100|[from] item: Leftovers
|upkeep
|turn|12
|
|t:|1614872881
|switch|p2a: Registeel|Registeel|81/100
|-damage|p2a: Registeel|75/100|[from] Stealth Rock
|move|p1a: Sylveon|Heal Bell|p1a: Sylveon
|-activate|p1a: Sylveon|move: Heal Bell
|-curestatus|p1: Noivern|par|[msg]
|-curestatus|p1: Seismitoad|tox|[msg]
|
|-heal|p1a: Sylveon|80/100|[from] item: Leftovers
|-heal|p2a: Registeel|81/100|[from] item: Leftovers
|upkeep
|turn|13
|
|t:|1614872894
|move|p1a: Sylveon|Protect|p1a: Sylveon
|-singleturn|p1a: Sylveon|Protect
|move|p2a: Registeel|Toxic|p1a: Sylveon
|-activate|p1a: Sylveon|move: Protect
|
|-heal|p1a: Sylveon|86/100|[from] item: Leftovers
|-heal|p2a: Registeel|87/100|[from] item: Leftovers
|upkeep
|turn|14
|
|t:|1614872904
|switch|p1a: Magnezone|Magnezone|100/100
|-damage|p1a: Magnezone|94/100|[from] Stealth Rock
|move|p2a: Registeel|Toxic|p1a: Magnezone
|-immune|p1a: Magnezone
|
|-heal|p1a: Magnezone|100/100|[from] item: Leftovers
|-heal|p2a: Registeel|93/100|[from] item: Leftovers
|upkeep
|turn|15
|
|t:|1614872918
|move|p1a: Magnezone|Substitute|p1a: Magnezone
|-start|p1a: Magnezone|Substitute
|-damage|p1a: Magnezone|76/100
|move|p2a: Registeel|Seismic Toss|p1a: Magnezone
|-end|p1a: Magnezone|Substitute
|
|-heal|p1a: Magnezone|82/100|[from] item: Leftovers
|-heal|p2a: Registeel|99/100|[from] item: Leftovers
|upkeep
|turn|16
|inactive|Tortenschlacht has 120 seconds left.
|
|t:|1614872954
|move|p1a: Magnezone|Volt Switch|p2a: Registeel
|-damage|p2a: Registeel|80/100
|
|t:|1614872957
|switch|p1a: Sylveon|Sylveon, F|86/100|[from]move: Volt Switch
|-damage|p1a: Sylveon|73/100|[from] Stealth Rock
|move|p2a: Registeel|Seismic Toss|p1a: Sylveon
|-damage|p1a: Sylveon|48/100
|
|-heal|p1a: Sylveon|54/100|[from] item: Leftovers
|-heal|p2a: Registeel|86/100|[from] item: Leftovers
|upkeep
|turn|17
|
|t:|1614872971
|move|p1a: Sylveon|Wish|p1a: Sylveon
|move|p2a: Registeel|Toxic|p1a: Sylveon
|-status|p1a: Sylveon|tox
|
|-heal|p1a: Sylveon|60/100 tox|[from] item: Leftovers
|-heal|p2a: Registeel|92/100|[from] item: Leftovers
|-damage|p1a: Sylveon|54/100 tox|[from] psn
|upkeep
|turn|18
|
|t:|1614872979
|switch|p2a: Togekiss|Togekiss, F|80/100
|move|p1a: Sylveon|Heal Bell|p1a: Sylveon
|-activate|p1a: Sylveon|move: Heal Bell
|-curestatus|p1a: Sylveon|tox|[msg]
|
|-heal|p1a: Sylveon|100/100|[from] move: Wish|[wisher] Sylveon
|upkeep
|turn|19
|
|t:|1614872989
|move|p2a: Togekiss|Thunder Wave|p1a: Sylveon|[miss]
|-miss|p2a: Togekiss|p1a: Sylveon
|move|p1a: Sylveon|Hyper Voice|p2a: Togekiss
|-damage|p2a: Togekiss|47/100
|
|upkeep
|turn|20
|
|t:|1614872995
|switch|p1a: Magnezone|Magnezone|82/100
|-damage|p1a: Magnezone|76/100|[from] Stealth Rock
|move|p2a: Togekiss|Roost|p2a: Togekiss
|-heal|p2a: Togekiss|97/100
|-singleturn|p2a: Togekiss|move: Roost
|
|-heal|p1a: Magnezone|82/100|[from] item: Leftovers
|upkeep
|turn|21
|
|t:|1614873014
|switch|p2a: Raikou|Raikou|100/100
|-ability|p2a: Raikou|Pressure
|switch|p1a: Heracross|Heracross, F|100/100
|-damage|p1a: Heracross|88/100|[from] Stealth Rock
|
|-status|p1a: Heracross|brn|[from] item: Flame Orb
|upkeep
|turn|22
|inactive|Tortenschlacht has 120 seconds left.
|inactive|Tortenschlacht has 90 seconds left.
|
|t:|1614873071
|switch|p1a: Seismitoad|Seismitoad, F|88/100
|-damage|p1a: Seismitoad|82/100|[from] Stealth Rock
|move|p2a: Raikou|Volt Switch|p1a: Seismitoad
|-immune|p1a: Seismitoad
|
|-heal|p1a: Seismitoad|88/100|[from] item: Leftovers
|upkeep
|turn|23
|inactive|Tortenschlacht has 90 seconds left.
|
|t:|1614873087
|switch|p2a: Zarude|Zarude|91/100
|-damage|p2a: Zarude|79/100|[from] Stealth Rock
|move|p1a: Seismitoad|Scald|p2a: Zarude
|-resisted|p2a: Zarude
|-damage|p2a: Zarude|67/100
|
|-heal|p1a: Seismitoad|94/100|[from] item: Leftovers
|upkeep
|turn|24
|
|t:|1614873105
|switch|p1a: Noivern|Noivern, F|95/100
|move|p2a: Zarude|Jungle Healing|p2a: Zarude
|-heal|p2a: Zarude|92/100
|
|upkeep
|turn|25
|
|t:|1614873120
|switch|p2a: Togekiss|Togekiss, F|97/100
|move|p1a: Noivern|Draco Meteor|p2a: Togekiss
|-immune|p2a: Togekiss
|
|upkeep
|turn|26
|
|t:|1614873127
|switch|p1a: Magnezone|Magnezone|82/100
|-damage|p1a: Magnezone|76/100|[from] Stealth Rock
|move|p2a: Togekiss|Air Slash|p1a: Magnezone
|-resisted|p1a: Magnezone
|-damage|p1a: Magnezone|65/100
|
|-heal|p1a: Magnezone|71/100|[from] item: Leftovers
|upkeep
|turn|27
|
|t:|1614873143
|switch|p2a: Raikou|Raikou|100/100
|-ability|p2a: Raikou|Pressure
|move|p1a: Magnezone|Volt Switch|p2a: Raikou
|-resisted|p2a: Raikou
|-damage|p2a: Raikou|73/100
|
|t:|1614873152
|switch|p1a: Celebi|Celebi, shiny|100/100|[from]move: Volt Switch
|-damage|p1a: Celebi|88/100|[from] Stealth Rock
|
|upkeep
|turn|28
|inactive|Tortenschlacht has 60 seconds left.
|
|t:|1614873179
|move|p1a: Celebi|U-turn|p2a: Raikou
|-damage|p2a: Raikou|53/100
|
|t:|1614873182
|switch|p1a: Seismitoad|Seismitoad, F|94/100|[from]move: U-turn
|-damage|p1a: Seismitoad|88/100|[from] Stealth Rock
|move|p2a: Raikou|Aura Sphere|p1a: Seismitoad
|-damage|p1a: Seismitoad|61/100
|
|-heal|p1a: Seismitoad|67/100|[from] item: Leftovers
|upkeep
|turn|29
|
|t:|1614873203
|move|p2a: Raikou|Volt Switch|p1a: Seismitoad
|-immune|p1a: Seismitoad
|move|p1a: Seismitoad|Knock Off|p2a: Raikou
|-damage|p2a: Raikou|27/100
|-enditem|p2a: Raikou|Heavy-Duty Boots|[from] move: Knock Off|[of] p1a: Seismitoad
|
|-heal|p1a: Seismitoad|73/100|[from] item: Leftovers
|upkeep
|turn|30
|
|t:|1614873211
|switch|p2a: Zarude|Zarude|92/100
|-damage|p2a: Zarude|80/100|[from] Stealth Rock
|move|p1a: Seismitoad|Scald|p2a: Zarude
|-resisted|p2a: Zarude
|-damage|p2a: Zarude|67/100
|
|-heal|p1a: Seismitoad|79/100|[from] item: Leftovers
|upkeep
|turn|31
|
|t:|1614873222
|switch|p1a: Noivern|Noivern, F|95/100
|move|p2a: Zarude|U-turn|p1a: Noivern
|-resisted|p1a: Noivern
|-damage|p1a: Noivern|80/100
|
|t:|1614873229
|switch|p2a: Togekiss|Togekiss, F|97/100|[from]move: U-turn
|
|upkeep
|turn|32
|
|t:|1614873248
|switch|p1a: Sylveon|Sylveon, F|100/100
|-damage|p1a: Sylveon|88/100|[from] Stealth Rock
|move|p2a: Togekiss|Air Slash|p1a: Sylveon
|-damage|p1a: Sylveon|67/100
|
|-heal|p1a: Sylveon|73/100|[from] item: Leftovers
|upkeep
|turn|33
|
|t:|1614873272
|move|p2a: Togekiss|Thunder Wave|p1a: Sylveon
|-status|p1a: Sylveon|par
|cant|p1a: Sylveon|par
|
|-heal|p1a: Sylveon|79/100 par|[from] item: Leftovers
|upkeep
|turn|34
|
|t:|1614873278
|switch|p1a: Magnezone|Magnezone|71/100
|-damage|p1a: Magnezone|65/100|[from] Stealth Rock
|move|p2a: Togekiss|Air Slash|p1a: Magnezone
|-resisted|p1a: Magnezone
|-damage|p1a: Magnezone|56/100
|
|-heal|p1a: Magnezone|62/100|[from] item: Leftovers
|upkeep
|turn|35
|
|t:|1614873290
|switch|p2a: Gastrodon|Gastrodon, F|74/100
|move|p1a: Magnezone|Volt Switch|p2a: Gastrodon
|-immune|p2a: Gastrodon
|
|-heal|p1a: Magnezone|68/100|[from] item: Leftovers
|upkeep
|turn|36
|
|t:|1614873297
|switch|p1a: Celebi|Celebi, shiny|88/100
|-damage|p1a: Celebi|76/100|[from] Stealth Rock
|switch|p2a: Togekiss|Togekiss, F|97/100
|
|upkeep
|turn|37
|
|t:|1614873308
|switch|p2a: Raikou|Raikou|27/100
|-damage|p2a: Raikou|14/100|[from] Stealth Rock
|-ability|p2a: Raikou|Pressure
|move|p1a: Celebi|U-turn|p2a: Raikou
|-damage|p2a: Raikou|0 fnt
|faint|p2a: Raikou
|inactive|Tortenschlacht has 60 seconds left.
|
|t:|1614873354
|switch|p1a: Sylveon|Sylveon, F|79/100 par|[from]move: U-turn
|-damage|p1a: Sylveon|67/100 par|[from] Stealth Rock
|
|-heal|p1a: Sylveon|73/100 par|[from] item: Leftovers
|upkeep
|
|t:|1614873363
|switch|p2a: Togekiss|Togekiss, F|97/100
|turn|38
|
|t:|1614873368
|switch|p1a: Magnezone|Magnezone|68/100
|-damage|p1a: Magnezone|62/100|[from] Stealth Rock
|move|p2a: Togekiss|Air Slash|p1a: Magnezone
|-resisted|p1a: Magnezone
|-damage|p1a: Magnezone|52/100
|
|-heal|p1a: Magnezone|58/100|[from] item: Leftovers
|upkeep
|turn|39
|
|t:|1614873381
|switch|p2a: Gastrodon|Gastrodon, F|74/100
|move|p1a: Magnezone|Flash Cannon|p2a: Gastrodon
|-resisted|p2a: Gastrodon
|-damage|p2a: Gastrodon|47/100
|
|-heal|p1a: Magnezone|64/100|[from] item: Leftovers
|upkeep
|turn|40
|
|t:|1614873398
|switch|p1a: Seismitoad|Seismitoad, F|79/100
|-damage|p1a: Seismitoad|73/100|[from] Stealth Rock
|switch|p2a: Chandelure|Chandelure, M|100/100
|
|-heal|p1a: Seismitoad|79/100|[from] item: Leftovers
|upkeep
|turn|41
|
|t:|1614873419
|switch|p2a: Zarude|Zarude|67/100
|-damage|p2a: Zarude|54/100|[from] Stealth Rock
|move|p1a: Seismitoad|Earthquake|p2a: Zarude
|-resisted|p2a: Zarude
|-damage|p2a: Zarude|38/100
|
|-heal|p1a: Seismitoad|85/100|[from] item: Leftovers
|upkeep
|turn|42
|
|t:|1614873431
|switch|p1a: Noivern|Noivern, F|80/100
|move|p2a: Zarude|U-turn|p1a: Noivern
|-resisted|p1a: Noivern
|-damage|p1a: Noivern|64/100
|
|t:|1614873436
|switch|p2a: Togekiss|Togekiss, F|97/100|[from]move: U-turn
|
|upkeep
|turn|43
|
|t:|1614873448
|switch|p1a: Magnezone|Magnezone|64/100
|-damage|p1a: Magnezone|58/100|[from] Stealth Rock
|switch|p2a: Chandelure|Chandelure, M|100/100
|
|-heal|p1a: Magnezone|64/100|[from] item: Leftovers
|upkeep
|turn|44
|inactive|Tortenschlacht has 30 seconds left.
|
|t:|1614873483
|switch|p1a: Noivern|Noivern, F|64/100
|move|p2a: Chandelure|Flamethrower|p1a: Noivern
|-resisted|p1a: Noivern
|-damage|p1a: Noivern|30/100
|
|upkeep
|turn|45
|
|t:|1614873501
|move|p1a: Noivern|Roost|p1a: Noivern
|-heal|p1a: Noivern|81/100
|-singleturn|p1a: Noivern|move: Roost
|move|p2a: Chandelure|Hex|p1a: Noivern
|-damage|p1a: Noivern|28/100
|
|upkeep
|turn|46
|
|t:|1614873511
|switch|p2a: Togekiss|Togekiss, F|97/100
|move|p1a: Noivern|Draco Meteor|p2a: Togekiss
|-immune|p2a: Togekiss
|
|upkeep
|turn|47
|
|t:|1614873521
|move|p1a: Noivern|Roost|p1a: Noivern
|-heal|p1a: Noivern|78/100
|-singleturn|p1a: Noivern|move: Roost
|move|p2a: Togekiss|Thunder Wave|p1a: Noivern|[miss]
|-miss|p2a: Togekiss|p1a: Noivern
|
|upkeep
|turn|48
|
|t:|1614873529
|switch|p1a: Magnezone|Magnezone|64/100
|-damage|p1a: Magnezone|58/100|[from] Stealth Rock
|switch|p2a: Chandelure|Chandelure, M|100/100
|
|-heal|p1a: Magnezone|64/100|[from] item: Leftovers
|upkeep
|turn|49
|
|t:|1614873539
|switch|p1a: Noivern|Noivern, F|78/100
|move|p2a: Chandelure|Flamethrower|p1a: Noivern
|-resisted|p1a: Noivern
|-damage|p1a: Noivern|46/100
|
|upkeep
|turn|50
|
|t:|1614873545
|move|p1a: Noivern|Roost|p1a: Noivern
|-heal|p1a: Noivern|96/100
|-singleturn|p1a: Noivern|move: Roost
|move|p2a: Chandelure|Hex|p1a: Noivern
|-damage|p1a: Noivern|50/100
|
|upkeep
|turn|51
|inactive|Tortenschlacht has 60 seconds left.
|
|t:|1614873552
|switch|p2a: Togekiss|Togekiss, F|97/100
|move|p1a: Noivern|Draco Meteor|p2a: Togekiss
|-immune|p2a: Togekiss
|
|upkeep
|turn|52
|
|t:|1614873562
|switch|p1a: Sylveon|Sylveon, F|73/100 par
|-damage|p1a: Sylveon|61/100 par|[from] Stealth Rock
|switch|p2a: Chandelure|Chandelure, M|100/100
|
|-heal|p1a: Sylveon|67/100 par|[from] item: Leftovers
|upkeep
|turn|53
|inactive|Tortenschlacht has 60 seconds left.
|
|t:|1614873577
|switch|p1a: Noivern|Noivern, F|50/100
|move|p2a: Chandelure|Hex|p1a: Noivern
|-damage|p1a: Noivern|4/100
|
|upkeep
|turn|54
|
|t:|1614873586
|move|p1a: Noivern|Roost|p1a: Noivern
|-heal|p1a: Noivern|54/100
|-singleturn|p1a: Noivern|move: Roost
|move|p2a: Chandelure|Hex|p1a: Noivern
|-damage|p1a: Noivern|10/100
|
|upkeep
|turn|55
|
|t:|1614873594
|move|p1a: Noivern|Roost|p1a: Noivern
|-heal|p1a: Noivern|60/100
|-singleturn|p1a: Noivern|move: Roost
|move|p2a: Chandelure|Will-O-Wisp|p1a: Noivern
|-status|p1a: Noivern|brn
|
|-damage|p1a: Noivern|54/100 brn|[from] brn
|upkeep
|turn|56
|
|t:|1614873609
|switch|p2a: Togekiss|Togekiss, F|97/100
|move|p1a: Noivern|Draco Meteor|p2a: Togekiss
|-immune|p2a: Togekiss
|
|-damage|p1a: Noivern|47/100 brn|[from] brn
|upkeep
|turn|57
|
|t:|1614873619
|switch|p1a: Magnezone|Magnezone|64/100
|-damage|p1a: Magnezone|58/100|[from] Stealth Rock
|switch|p2a: Chandelure|Chandelure, M|100/100
|
|-heal|p1a: Magnezone|64/100|[from] item: Leftovers
|upkeep
|turn|58
|
|t:|1614873632
|switch|p1a: Seismitoad|Seismitoad, F|85/100
|-damage|p1a: Seismitoad|79/100|[from] Stealth Rock
|move|p2a: Chandelure|Flamethrower|p1a: Seismitoad
|-resisted|p1a: Seismitoad
|-damage|p1a: Seismitoad|54/100
|
|-heal|p1a: Seismitoad|60/100|[from] item: Leftovers
|upkeep
|turn|59
|inactive|Tortenschlacht has 60 seconds left.
|inactive|ruz9 locked up has 120 seconds left.
|inactive|ruz9 locked up has 90 seconds left.
|
|t:|1614873719
|switch|p2a: Zarude|Zarude|38/100
|-damage|p2a: Zarude|26/100|[from] Stealth Rock
|move|p1a: Seismitoad|Scald|p2a: Zarude
|-resisted|p2a: Zarude
|-damage|p2a: Zarude|14/100
|
|-heal|p1a: Seismitoad|66/100|[from] item: Leftovers
|upkeep
|turn|60
|inactive|Tortenschlacht has 60 seconds left.
|
|t:|1614873731
|switch|p1a: Heracross|Heracross, F|88/100 brn
|-damage|p1a: Heracross|76/100 brn|[from] Stealth Rock
|move|p2a: Zarude|Jungle Healing|p2a: Zarude
|-heal|p2a: Zarude|39/100
|
|-damage|p1a: Heracross|70/100 brn|[from] brn
|upkeep
|turn|61
|inactive|Tortenschlacht has 60 seconds left.
|
|t:|1614873746
|move|p2a: Zarude|Power Whip|p1a: Heracross
|-resisted|p1a: Heracross
|-damage|p1a: Heracross|24/100 brn
|move|p1a: Heracross|Knock Off|p2a: Zarude
|-resisted|p2a: Zarude
|-damage|p2a: Zarude|22/100
|
|-damage|p1a: Heracross|18/100 brn|[from] brn
|upkeep
|turn|62
|inactive|Tortenschlacht has 60 seconds left.
|
|t:|1614873759
|switch|p1a: Celebi|Celebi, shiny|76/100
|-damage|p1a: Celebi|64/100|[from] Stealth Rock
|move|p2a: Zarude|Darkest Lariat|p1a: Celebi
|-supereffective|p1a: Celebi
|-damage|p1a: Celebi|0 fnt
|faint|p1a: Celebi
|
|upkeep
|inactive|Tortenschlacht has 60 seconds left.
|
|t:|1614873773
|switch|p1a: Sylveon|Sylveon, F|67/100 par
|-damage|p1a: Sylveon|54/100 par|[from] Stealth Rock
|turn|63
|inactive|ruz9 locked up has 90 seconds left.
|
|t:|1614873778
|move|p2a: Zarude|Power Whip|p1a: Sylveon
|-damage|p1a: Sylveon|2/100 par
|move|p1a: Sylveon|Heal Bell|p1a: Sylveon
|-activate|p1a: Sylveon|move: Heal Bell
|-curestatus|p1a: Sylveon|par|[msg]
|-curestatus|p1: Heracross|brn|[msg]
|-curestatus|p1: Noivern|brn|[msg]
|
|-heal|p1a: Sylveon|8/100|[from] item: Leftovers
|upkeep
|turn|64
|
|t:|1614873793
|move|p2a: Zarude|Darkest Lariat|p1a: Sylveon
|-resisted|p1a: Sylveon
|-damage|p1a: Sylveon|0 fnt
|faint|p1a: Sylveon
|
|upkeep
|
|t:|1614873798
|switch|p1a: Noivern|Noivern, F|47/100
|turn|65
|
|t:|1614873806
|switch|p1a: Magnezone|Magnezone|64/100
|-damage|p1a: Magnezone|58/100|[from] Stealth Rock
|switch|p2a: Registeel|Registeel|92/100
|-damage|p2a: Registeel|86/100|[from] Stealth Rock
|
|-heal|p1a: Magnezone|64/100|[from] item: Leftovers
|-heal|p2a: Registeel|92/100|[from] item: Leftovers
|upkeep
|turn|66
|
|t:|1614873818
|move|p1a: Magnezone|Thunderbolt|p2a: Registeel
|-damage|p2a: Registeel|68/100
|move|p2a: Registeel|Seismic Toss|p1a: Magnezone
|-damage|p1a: Magnezone|29/100
|
|-heal|p1a: Magnezone|35/100|[from] item: Leftovers
|-heal|p2a: Registeel|74/100|[from] item: Leftovers
|upkeep
|turn|67
|
|t:|1614873826
|move|p1a: Magnezone|Volt Switch|p2a: Registeel
|-damage|p2a: Registeel|57/100
|
|t:|1614873830
|switch|p1a: Noivern|Noivern, F|47/100|[from]move: Volt Switch
|move|p2a: Registeel|Seismic Toss|p1a: Noivern
|-damage|p1a: Noivern|15/100
|
|-heal|p2a: Registeel|63/100|[from] item: Leftovers
|upkeep
|turn|68
|
|t:|1614873838
|move|p1a: Noivern|Roost|p1a: Noivern
|-heal|p1a: Noivern|65/100
|-singleturn|p1a: Noivern|move: Roost
|move|p2a: Registeel|Thunder Wave|p1a: Noivern
|-status|p1a: Noivern|par
|
|-heal|p2a: Registeel|69/100|[from] item: Leftovers
|upkeep
|turn|69
|inactive|Tortenschlacht has 90 seconds left.
|
|t:|1614873846
|switch|p2a: Togekiss|Togekiss, F|97/100
|move|p1a: Noivern|Flamethrower|p2a: Togekiss
|-damage|p2a: Togekiss|75/100
|
|upkeep
|turn|70
|
|t:|1614873852
|move|p2a: Togekiss|Air Slash|p1a: Noivern
|-damage|p1a: Noivern|26/100 par
|cant|p1a: Noivern|flinch
|
|upkeep
|turn|71
|-message|Tortenschlacht forfeited.
|
|win|ruz9 locked up
|l|☆Tortenschlacht
||Ladder (probably) updated, but score could not be retrieved (Request timeout).
|j| RUZ9 WoW
|l| RUZ9 WoW
