|j|☆Retired Aggron
|j|‽Dollarsalt
|player|p1|Retired Aggron|200|1431
|player|p2|Dollarsalt|pokekid|1625
|teamsize|p1|6
|teamsize|p2|6
|gametype|singles
|gen|8
|tier|[Gen 8] RU
|rated|
|clearpoke
|poke|p1|Aromatisse, F|
|poke|p1|Drampa, M|
|poke|p1|Eldegoss, F|
|poke|p1|Pangoro, M|
|poke|p1|Runerigus, M|
|poke|p1|Escavalier, M|
|poke|p2|Sableye, F|
|poke|p2|Gigalith, M|
|poke|p2|Vileplume, M|
|poke|p2|Vaporeon, F|
|poke|p2|Xatu, F|
|poke|p2|Salazzle, F|
|rule|Sleep Clause Mod: Limit one foe put to sleep
|rule|Species Clause: Limit one of each Pokémon
|rule|OHKO Clause: OHKO moves are banned
|rule|Evasion Moves Clause: Evasion moves are banned
|rule|Endless Battle Clause: Forcing endless battles is banned
|rule|HP Percentage Mod: HP is shown in percentages
|rule|Dynamax Clause: You cannot dynamax
|teampreview
|
|start
|switch|p1a: Drampa|Drampa, M|100/100
|switch|p2a: Salazzle|Salazzle, F|100/100
|turn|1
|inactive|Battle timer is ON: inactive players will automatically lose when time's up. (requested by Dollarsalt)
|
|switch|p2a: Gigalith|Gigalith, M|100/100
|-weather|Sandstorm|[from] ability: Sand Stream|[of] p2a: Gigalith
|move|p1a: Drampa|Hyper Voice|p2a: Gigalith
|-resisted|p2a: Gigalith
|-damage|p2a: Gigalith|74/100
|
|-weather|Sandstorm|[upkeep]
|-damage|p1a: Drampa|94/100|[from] Sandstorm
|-heal|p2a: Gigalith|80/100|[from] item: Leftovers
|upkeep
|turn|2
|
|switch|p1a: Runerigus|Runerigus, M|100/100
|switch|p2a: Xatu|Xatu, F|100/100
|
|-weather|Sandstorm|[upkeep]
|-damage|p2a: Xatu|95/100|[from] Sandstorm
|upkeep
|turn|3
|
|move|p2a: Xatu|Psychic|p1a: Runerigus
|-damage|p1a: Runerigus|69/100
|move|p1a: Runerigus|Trick Room|p1a: Runerigus
|-fieldstart|move: Trick Room|[of] p1a: Runerigus
|
|-weather|Sandstorm|[upkeep]
|-damage|p2a: Xatu|89/100|[from] Sandstorm
|-heal|p1a: Runerigus|75/100|[from] item: Leftovers
|upkeep
|turn|4
|
|switch|p1a: Escavalier|Escavalier, M|100/100
|move|p2a: Xatu|U-turn|p1a: Escavalier
|-resisted|p1a: Escavalier
|-damage|p1a: Escavalier|95/100
|
|switch|p2a: Sableye|Sableye, F|100/100|[from]move: U-turn
|
|-weather|Sandstorm|[upkeep]
|-damage|p2a: Sableye|94/100|[from] Sandstorm
|-heal|p2a: Sableye|100/100|[from] item: Leftovers
|upkeep
|turn|5
|
|switch|p1a: Pangoro|Pangoro, M|100/100
|move|p2a: Sableye|Will-O-Wisp|p1a: Pangoro
|-hint|Since gen 7, Dark is immune to Prankster moves.
|-immune|p1a: Pangoro
|
|-weather|none
|upkeep
|turn|6
|
|switch|p2a: Vileplume|Vileplume, M|100/100
|move|p1a: Pangoro|Darkest Lariat|p2a: Vileplume
|-damage|p2a: Vileplume|55/100
|-damage|p1a: Pangoro|91/100|[from] item: Life Orb
|
|-heal|p2a: Vileplume|61/100|[from] item: Black Sludge
|upkeep
|turn|7
|
|switch|p1a: Drampa|Drampa, M|94/100
|move|p2a: Vileplume|Strength Sap|p1a: Drampa
|-ability|p1a: Drampa|Sap Sipper|boost
|-boost|p1a: Drampa|atk|1
|
|-heal|p2a: Vileplume|67/100|[from] item: Black Sludge
|-fieldend|move: Trick Room
|upkeep
|turn|8
|
|switch|p2a: Gigalith|Gigalith, M|80/100
|-weather|Sandstorm|[from] ability: Sand Stream|[of] p2a: Gigalith
|move|p1a: Drampa|Draco Meteor|p2a: Gigalith
|-damage|p2a: Gigalith|10/100
|-unboost|p1a: Drampa|spa|2
|
|-weather|Sandstorm|[upkeep]
|-damage|p1a: Drampa|88/100|[from] Sandstorm
|-heal|p2a: Gigalith|16/100|[from] item: Leftovers
|upkeep
|turn|9
|
|move|p1a: Drampa|Draco Meteor|p2a: Gigalith
|-damage|p2a: Gigalith|0 fnt
|-unboost|p1a: Drampa|spa|2
|faint|p2a: Gigalith
|
|-weather|Sandstorm|[upkeep]
|-damage|p1a: Drampa|82/100|[from] Sandstorm
|upkeep
|
|switch|p2a: Salazzle|Salazzle, F|100/100
|turn|10
|
|switch|p1a: Runerigus|Runerigus, M|75/100
|move|p2a: Salazzle|Substitute|p2a: Salazzle
|-start|p2a: Salazzle|Substitute
|-damage|p2a: Salazzle|75/100
|
|-weather|Sandstorm|[upkeep]
|-damage|p2a: Salazzle|69/100|[from] Sandstorm
|-heal|p1a: Runerigus|81/100|[from] item: Leftovers
|upkeep
|turn|11
|
|move|p2a: Salazzle|Toxic|p1a: Runerigus
|-status|p1a: Runerigus|tox
|move|p1a: Runerigus|Trick Room|p1a: Runerigus
|-fieldstart|move: Trick Room|[of] p1a: Runerigus
|
|-weather|Sandstorm|[upkeep]
|-damage|p2a: Salazzle|63/100|[from] Sandstorm
|-heal|p1a: Runerigus|87/100 tox|[from] item: Leftovers
|-damage|p1a: Runerigus|81/100 tox|[from] psn
|upkeep
|turn|12
|
|switch|p1a: Drampa|Drampa, M|82/100
|move|p2a: Salazzle|Protect||[still]
|-fail|p2a: Salazzle
|
|-weather|none
|upkeep
|turn|13
|
|move|p2a: Salazzle|Protect|p2a: Salazzle
|-singleturn|p2a: Salazzle|Protect
|move|p1a: Drampa|Hyper Voice|p2a: Salazzle
|-activate|p2a: Salazzle|move: Protect
|
|upkeep
|turn|14
|
|switch|p1a: Pangoro|Pangoro, M|91/100
|switch|p2a: Sableye|Sableye, F|100/100
|
|upkeep
|turn|15
|
|switch|p2a: Xatu|Xatu, F|89/100
|move|p1a: Pangoro|Close Combat|p2a: Xatu
|-resisted|p2a: Xatu
|-damage|p2a: Xatu|61/100
|-damage|p1a: Pangoro|74/100|[from] item: Rocky Helmet|[of] p2a: Xatu
|-unboost|p1a: Pangoro|def|1
|-unboost|p1a: Pangoro|spd|1
|-damage|p1a: Pangoro|64/100|[from] item: Life Orb
|
|-fieldend|move: Trick Room
|upkeep
|turn|16
|
|switch|p1a: Escavalier|Escavalier, M|95/100
|move|p2a: Xatu|U-turn|p1a: Escavalier
|-resisted|p1a: Escavalier
|-damage|p1a: Escavalier|89/100
|
|switch|p2a: Salazzle|Salazzle, F|63/100|[from]move: U-turn
|
|upkeep
|turn|17
|
|switch|p1a: Drampa|Drampa, M|82/100
|move|p2a: Salazzle|Flamethrower|p1a: Drampa
|-resisted|p1a: Drampa
|-damage|p1a: Drampa|64/100
|
|upkeep
|turn|18
|
|switch|p2a: Vaporeon|Vaporeon, F|100/100
|move|p1a: Drampa|Dragon Pulse|p2a: Vaporeon
|-damage|p2a: Vaporeon|55/100
|
|-heal|p2a: Vaporeon|61/100|[from] item: Leftovers
|upkeep
|turn|19
|
|switch|p1a: Eldegoss|Eldegoss, F|100/100
|move|p2a: Vaporeon|Wish|p2a: Vaporeon
|
|-heal|p2a: Vaporeon|68/100|[from] item: Leftovers
|upkeep
|turn|20
|
|switch|p2a: Vileplume|Vileplume, M|67/100
|move|p1a: Eldegoss|Aromatherapy|p1a: Eldegoss
|-activate|p1a: Eldegoss|move: Aromatherapy
|-curestatus|p1: Runerigus|tox|[msg]
|
|-heal|p2a: Vileplume|100/100|[from] move: Wish|[wisher] Vaporeon
|upkeep
|turn|21
|
|switch|p1a: Escavalier|Escavalier, M|89/100
|move|p2a: Vileplume|Sludge Bomb|p1a: Escavalier
|-immune|p1a: Escavalier
|
|upkeep
|turn|22
|
|move|p2a: Vileplume|Strength Sap|p1a: Escavalier
|-unboost|p1a: Escavalier|atk|1
|move|p1a: Escavalier|Knock Off|p2a: Vileplume
|-damage|p2a: Vileplume|82/100
|-enditem|p2a: Vileplume|Black Sludge|[from] move: Knock Off|[of] p1a: Escavalier
|
|upkeep
|turn|23
|
|switch|p1a: Drampa|Drampa, M|64/100
|move|p2a: Vileplume|Strength Sap|p1a: Drampa
|-ability|p1a: Drampa|Sap Sipper|boost
|-boost|p1a: Drampa|atk|1
|
|upkeep
|turn|24
|
|move|p1a: Drampa|Draco Meteor|p2a: Vileplume
|-damage|p2a: Vileplume|0 fnt
|-unboost|p1a: Drampa|spa|2
|faint|p2a: Vileplume
|
|upkeep
|
|switch|p2a: Vaporeon|Vaporeon, F|68/100
|turn|25
|
|switch|p1a: Eldegoss|Eldegoss, F|100/100
|move|p2a: Vaporeon|Wish|p2a: Vaporeon
|
|-heal|p2a: Vaporeon|74/100|[from] item: Leftovers
|upkeep
|turn|26
|
|switch|p2a: Xatu|Xatu, F|61/100
|move|p1a: Eldegoss|Leaf Storm|p2a: Xatu
|-resisted|p2a: Xatu
|-damage|p2a: Xatu|37/100
|-unboost|p1a: Eldegoss|spa|2
|-enditem|p1a: Eldegoss|Eject Pack
|
|switch|p1a: Pangoro|Pangoro, M|64/100
|
|-heal|p2a: Xatu|100/100|[from] move: Wish|[wisher] Vaporeon
|upkeep
|turn|27
|
|move|p2a: Xatu|Heat Wave|p1a: Pangoro
|-damage|p1a: Pangoro|35/100
|move|p1a: Pangoro|Darkest Lariat|p2a: Xatu
|-supereffective|p2a: Xatu
|-damage|p2a: Xatu|0 fnt
|-damage|p1a: Pangoro|19/100|[from] item: Rocky Helmet|[of] p2a: Xatu
|-damage|p1a: Pangoro|9/100|[from] item: Life Orb
|faint|p2a: Xatu
|
|upkeep
|
|switch|p2a: Salazzle|Salazzle, F|63/100
|turn|28
|
|switch|p1a: Drampa|Drampa, M|64/100
|move|p2a: Salazzle|Substitute|p2a: Salazzle
|-start|p2a: Salazzle|Substitute
|-damage|p2a: Salazzle|38/100
|
|upkeep
|turn|29
|
|move|p2a: Salazzle|Toxic|p1a: Drampa
|-status|p1a: Drampa|tox
|move|p1a: Drampa|Hyper Voice|p2a: Salazzle
|-damage|p2a: Salazzle|0 fnt
|faint|p2a: Salazzle
|
|-damage|p1a: Drampa|58/100 tox|[from] psn
|upkeep
|
|switch|p2a: Vaporeon|Vaporeon, F|74/100
|turn|30
|
|switch|p1a: Eldegoss|Eldegoss, F|100/100
|move|p2a: Vaporeon|Wish|p2a: Vaporeon
|
|-heal|p2a: Vaporeon|80/100|[from] item: Leftovers
|upkeep
|turn|31
|
|move|p2a: Vaporeon|Scald|p1a: Eldegoss
|-resisted|p1a: Eldegoss
|-damage|p1a: Eldegoss|86/100
|move|p1a: Eldegoss|Leech Seed|p2a: Vaporeon
|-start|p2a: Vaporeon|move: Leech Seed
|
|-heal|p2a: Vaporeon|100/100|[from] move: Wish|[wisher] Vaporeon
|-damage|p2a: Vaporeon|88/100|[from] Leech Seed|[of] p1a: Eldegoss
|-heal|p1a: Eldegoss|100/100|[silent]
|upkeep
|turn|32
|
|switch|p2a: Sableye|Sableye, F|100/100
|move|p1a: Eldegoss|Aromatherapy|p1a: Eldegoss
|-activate|p1a: Eldegoss|move: Aromatherapy
|-curestatus|p1: Drampa|tox|[msg]
|
|upkeep
|turn|33
|
|switch|p1a: Aromatisse|Aromatisse, F, shiny|100/100
|move|p2a: Sableye|Knock Off|p1a: Aromatisse
|-resisted|p1a: Aromatisse
|-damage|p1a: Aromatisse|89/100
|-enditem|p1a: Aromatisse|Leftovers|[from] move: Knock Off|[of] p2a: Sableye
|
|upkeep
|turn|34
|
|switch|p2a: Vaporeon|Vaporeon, F|88/100
|move|p1a: Aromatisse|Nasty Plot|p1a: Aromatisse
|-boost|p1a: Aromatisse|spa|2
|
|-heal|p2a: Vaporeon|94/100|[from] item: Leftovers
|upkeep
|turn|35
|
|move|p2a: Vaporeon|Haze|p2a: Vaporeon
|-clearallboost
|move|p1a: Aromatisse|Moonblast|p2a: Vaporeon
|-damage|p2a: Vaporeon|70/100
|-unboost|p2a: Vaporeon|spa|1
|
|-heal|p2a: Vaporeon|76/100|[from] item: Leftovers
|upkeep
|turn|36
|
|move|p2a: Vaporeon|Scald|p1a: Aromatisse
|-damage|p1a: Aromatisse|71/100
|-status|p1a: Aromatisse|brn
|move|p1a: Aromatisse|Nasty Plot|p1a: Aromatisse
|-boost|p1a: Aromatisse|spa|2
|
|-heal|p2a: Vaporeon|82/100|[from] item: Leftovers
|-damage|p1a: Aromatisse|64/100 brn|[from] brn
|upkeep
|turn|37
|
|move|p2a: Vaporeon|Haze|p2a: Vaporeon
|-clearallboost
|move|p1a: Aromatisse|Encore|p2a: Vaporeon
|-start|p2a: Vaporeon|Encore
|
|-heal|p2a: Vaporeon|88/100|[from] item: Leftovers
|-damage|p1a: Aromatisse|58/100 brn|[from] brn
|upkeep
|turn|38
|
|move|p2a: Vaporeon|Haze|p2a: Vaporeon
|-clearallboost
|move|p1a: Aromatisse|Trick Room|p1a: Aromatisse
|-fieldstart|move: Trick Room|[of] p1a: Aromatisse
|
|-heal|p2a: Vaporeon|95/100|[from] item: Leftovers
|-damage|p1a: Aromatisse|52/100 brn|[from] brn
|upkeep
|turn|39
|
|switch|p1a: Eldegoss|Eldegoss, F|100/100
|switch|p2a: Sableye|Sableye, F|100/100
|
|upkeep
|turn|40
|
|move|p2a: Sableye|Knock Off|p1a: Eldegoss
|-damage|p1a: Eldegoss|87/100
|move|p1a: Eldegoss|Leech Seed|p2a: Sableye
|-start|p2a: Sableye|move: Leech Seed
|
|-damage|p2a: Sableye|88/100|[from] Leech Seed|[of] p1a: Eldegoss
|-heal|p1a: Eldegoss|98/100|[silent]
|upkeep
|turn|41
|
|switch|p1a: Pangoro|Pangoro, M|9/100
|move|p2a: Sableye|Will-O-Wisp|p1a: Pangoro
|-hint|Since gen 7, Dark is immune to Prankster moves.
|-immune|p1a: Pangoro
|
|-heal|p2a: Sableye|94/100|[from] item: Leftovers
|-damage|p2a: Sableye|82/100|[from] Leech Seed|[of] p1a: Pangoro
|-heal|p1a: Pangoro|20/100|[silent]
|upkeep
|turn|42
|
|move|p2a: Sableye|Knock Off|p1a: Pangoro
|-resisted|p1a: Pangoro
|-crit|p1a: Pangoro
|-damage|p1a: Pangoro|8/100
|-enditem|p1a: Pangoro|Life Orb|[from] move: Knock Off|[of] p2a: Sableye
|move|p1a: Pangoro|Close Combat|p2a: Sableye
|-supereffective|p2a: Sableye
|-damage|p2a: Sableye|0 fnt
|-unboost|p1a: Pangoro|def|1
|-unboost|p1a: Pangoro|spd|1
|faint|p2a: Sableye
|
|-fieldend|move: Trick Room
|upkeep
|
|switch|p2a: Vaporeon|Vaporeon, F|95/100
|turn|43
|
|move|p1a: Pangoro|Parting Shot|p2a: Vaporeon
|-unboost|p2a: Vaporeon|atk|1
|-unboost|p2a: Vaporeon|spa|1
|
|switch|p1a: Eldegoss|Eldegoss, F|100/100|[from]move: Parting Shot
|move|p2a: Vaporeon|Scald|p1a: Eldegoss
|-resisted|p1a: Eldegoss
|-crit|p1a: Eldegoss
|-damage|p1a: Eldegoss|79/100
|
|-heal|p2a: Vaporeon|100/100|[from] item: Leftovers
|upkeep
|turn|44
|
|move|p2a: Vaporeon|Scald|p1a: Eldegoss
|-resisted|p1a: Eldegoss
|-damage|p1a: Eldegoss|70/100
|-status|p1a: Eldegoss|brn
|move|p1a: Eldegoss|Leech Seed|p2a: Vaporeon
|-start|p2a: Vaporeon|move: Leech Seed
|
|-damage|p2a: Vaporeon|88/100|[from] Leech Seed|[of] p1a: Eldegoss
|-heal|p1a: Eldegoss|88/100 brn|[silent]
|-damage|p1a: Eldegoss|81/100 brn|[from] brn
|upkeep
|turn|45
|
|move|p2a: Vaporeon|Wish|p2a: Vaporeon
|move|p1a: Eldegoss|Leaf Storm|p2a: Vaporeon
|-supereffective|p2a: Vaporeon
|-damage|p2a: Vaporeon|45/100
|-unboost|p1a: Eldegoss|spa|2
|
|-heal|p2a: Vaporeon|52/100|[from] item: Leftovers
|-damage|p2a: Vaporeon|39/100|[from] Leech Seed|[of] p1a: Eldegoss
|-heal|p1a: Eldegoss|99/100 brn|[silent]
|-damage|p1a: Eldegoss|93/100 brn|[from] brn
|upkeep
|turn|46
|
|move|p2a: Vaporeon|Scald|p1a: Eldegoss
|-resisted|p1a: Eldegoss
|-damage|p1a: Eldegoss|84/100 brn
|move|p1a: Eldegoss|Aromatherapy|p1a: Eldegoss
|-activate|p1a: Eldegoss|move: Aromatherapy
|-curestatus|p1a: Eldegoss|brn|[msg]
|-curestatus|p1: Aromatisse|brn|[msg]
|
|-heal|p2a: Vaporeon|89/100|[from] move: Wish|[wisher] Vaporeon
|-heal|p2a: Vaporeon|95/100|[from] item: Leftovers
|-damage|p2a: Vaporeon|83/100|[from] Leech Seed|[of] p1a: Eldegoss
|-heal|p1a: Eldegoss|100/100|[silent]
|upkeep
|turn|47
|
|switch|p1a: Drampa|Drampa, M|58/100
|move|p2a: Vaporeon|Scald|p1a: Drampa
|-resisted|p1a: Drampa
|-crit|p1a: Drampa
|-damage|p1a: Drampa|34/100
|-status|p1a: Drampa|brn
|
|-heal|p2a: Vaporeon|89/100|[from] item: Leftovers
|-damage|p2a: Vaporeon|77/100|[from] Leech Seed|[of] p1a: Drampa
|-heal|p1a: Drampa|51/100 brn|[silent]
|-damage|p1a: Drampa|45/100 brn|[from] brn
|upkeep
|turn|48
|
|move|p2a: Vaporeon|Wish|p2a: Vaporeon
|move|p1a: Drampa|Hyper Voice|p2a: Vaporeon
|-crit|p2a: Vaporeon
|-damage|p2a: Vaporeon|14/100
|
|-heal|p2a: Vaporeon|20/100|[from] item: Leftovers
|-damage|p2a: Vaporeon|7/100|[from] Leech Seed|[of] p1a: Drampa
|-heal|p1a: Drampa|63/100 brn|[silent]
|-damage|p1a: Drampa|57/100 brn|[from] brn
|upkeep
|turn|49
|
|switch|p1a: Pangoro|Pangoro, M|8/100
|move|p2a: Vaporeon|Protect||[still]
|-fail|p2a: Vaporeon
|
|-heal|p2a: Vaporeon|57/100|[from] move: Wish|[wisher] Vaporeon
|-heal|p2a: Vaporeon|64/100|[from] item: Leftovers
|-damage|p2a: Vaporeon|51/100|[from] Leech Seed|[of] p1a: Pangoro
|-heal|p1a: Pangoro|25/100|[silent]
|upkeep
|turn|50
|
|move|p1a: Pangoro|Close Combat|p2a: Vaporeon
|-damage|p2a: Vaporeon|0 fnt
|-unboost|p1a: Pangoro|def|1
|-unboost|p1a: Pangoro|spd|1
|faint|p2a: Vaporeon
|
|win|Retired Aggron
|l|‽Dollarsalt
