|j|☆Gatorboy
|j|☆Delphox News
|player|p1|Gatorboy|darach|1369
|player|p2|Delphox News|lucy-gen3|1478
|teamsize|p1|6
|teamsize|p2|6
|gametype|singles
|gen|8
|tier|[Gen 8] RU
|rated|
|clearpoke
|poke|p1|Rillaboom, M|
|poke|p1|Raboot, F|
|poke|p1|Vaporeon, F|
|poke|p1|Steelix, F|
|poke|p1|Charizard, M|
|poke|p1|Virizion|
|poke|p2|Hattrem, F|
|poke|p2|Bewear, M|
|poke|p2|Runerigus, F|
|poke|p2|Vaporeon, M|
|poke|p2|Charizard, M|
|poke|p2|Rillaboom, F|
|rule|Sleep Clause Mod: Limit one foe put to sleep
|rule|Species Clause: Limit one of each Pokémon
|rule|OHKO Clause: OHKO moves are banned
|rule|Evasion Moves Clause: Evasion moves are banned
|rule|Endless Battle Clause: Forcing endless battles is banned
|rule|HP Percentage Mod: HP is shown in percentages
|rule|Dynamax Clause: You cannot dynamax
|teampreview
|inactive|Battle timer is ON: inactive players will automatically lose when time's up. (requested by Gatorboy)
|c|☆Gatorboy|wb
|
|start
|switch|p1a: Vaporeon|Vaporeon, F|100/100
|switch|p2a: Runerigus|Runerigus, F|100/100
|turn|1
|
|switch|p2a: Vaporeon|Vaporeon, M|100/100
|move|p1a: Vaporeon|Hydro Pump|p2a: Vaporeon
|-immune|p2a: Vaporeon|[from] ability: Water Absorb
|
|upkeep
|turn|2
|
|switch|p2a: Hattrem|Hattrem, F|100/100
|move|p1a: Vaporeon|Toxic|p2a: Hattrem
|move|p2a: Hattrem|Toxic|p1a: Vaporeon|[from]Magic Bounce
|-status|p1a: Vaporeon|tox
|
|-damage|p1a: Vaporeon|94/100 tox|[from] psn
|upkeep
|turn|3
|
|switch|p1a: Rillaboom|Rillaboom, M|100/100
|-fieldstart|move: Grassy Terrain|[from] ability: Grassy Surge|[of] p1a: Rillaboom
|move|p2a: Hattrem|Calm Mind|p2a: Hattrem
|-boost|p2a: Hattrem|spa|1
|-boost|p2a: Hattrem|spd|1
|
|upkeep
|turn|4
|
|switch|p2a: Bewear|Bewear, M|100/100
|move|p1a: Rillaboom|Knock Off|p2a: Bewear
|-resisted|p2a: Bewear
|-damage|p2a: Bewear|92/100
|-enditem|p2a: Bewear|Lum Berry|[from] move: Knock Off|[of] p1a: Rillaboom
|
|-heal|p2a: Bewear|98/100|[from] Grassy Terrain
|upkeep
|turn|5
|
|switch|p1a: Charizard|Charizard, M|100/100
|move|p2a: Bewear|Double-Edge|p1a: Charizard
|-damage|p1a: Charizard|16/100
|-damage|p2a: Bewear|75/100|[from] Recoil
|
|-heal|p2a: Bewear|81/100|[from] Grassy Terrain
|upkeep
|turn|6
|
|move|p1a: Charizard|Roost|p1a: Charizard
|-heal|p1a: Charizard|66/100
|-singleturn|p1a: Charizard|move: Roost
|move|p2a: Bewear|Double-Edge|p1a: Charizard
|-damage|p1a: Charizard|0 fnt
|-damage|p2a: Bewear|63/100|[from] Recoil
|faint|p1a: Charizard
|
|-heal|p2a: Bewear|69/100|[from] Grassy Terrain
|upkeep
|
|switch|p1a: Virizion|Virizion|100/100
|turn|7
|
|switch|p1a: Vaporeon|Vaporeon, F|94/100 tox
|switch|p2a: Charizard|Charizard, M|100/100
|
|-heal|p1a: Vaporeon|100/100 tox|[from] item: Leftovers
|-fieldend|move: Grassy Terrain
|-damage|p1a: Vaporeon|94/100 tox|[from] psn
|upkeep
|turn|8
|
|switch|p2a: Vaporeon|Vaporeon, M|100/100
|move|p1a: Vaporeon|Toxic|p2a: Vaporeon
|-status|p2a: Vaporeon|tox
|
|-heal|p1a: Vaporeon|100/100 tox|[from] item: Leftovers
|-damage|p2a: Vaporeon|94/100 tox|[from] psn
|-damage|p1a: Vaporeon|88/100 tox|[from] psn
|upkeep
|turn|9
|
|switch|p2a: Hattrem|Hattrem, F|100/100
|move|p1a: Vaporeon|Copycat|p1a: Vaporeon
|move|p1a: Vaporeon|Toxic|p2a: Hattrem|[from]Copycat
|move|p2a: Hattrem|Toxic|p1a: Vaporeon|[from]Magic Bounce
|-fail|p1a: Vaporeon|tox
|
|-heal|p1a: Vaporeon|94/100 tox|[from] item: Leftovers
|-damage|p1a: Vaporeon|76/100 tox|[from] psn
|upkeep
|turn|10
|
|switch|p1a: Rabuto|Raboot, F|100/100
|move|p2a: Hattrem|Mystical Fire|p1a: Rabuto
|-resisted|p1a: Rabuto
|-damage|p1a: Rabuto|87/100
|-unboost|p1a: Rabuto|spa|1
|
|upkeep
|turn|11
|
|move|p1a: Rabuto|U-turn|p2a: Hattrem
|-start|p1a: Rabuto|typechange|Bug|[from] ability: Libero
|-supereffective|p2a: Hattrem
|-damage|p2a: Hattrem|34/100
|-damage|p1a: Rabuto|77/100|[from] item: Life Orb
|
|switch|p1a: Rillaboom|Rillaboom, M|100/100|[from]move: U-turn
|-fieldstart|move: Grassy Terrain|[from] ability: Grassy Surge|[of] p1a: Rillaboom
|move|p2a: Hattrem|Life Dew|p2a: Hattrem
|-heal|p2a: Hattrem|59/100
|
|-heal|p2a: Hattrem|65/100|[from] Grassy Terrain
|upkeep
|turn|12
|
|switch|p2a: Bewear|Bewear, M|69/100
|move|p1a: Rillaboom|Wood Hammer|p2a: Bewear
|-damage|p2a: Bewear|25/100
|-damage|p1a: Rillaboom|83/100|[from] Recoil
|
|-heal|p1a: Rillaboom|90/100|[from] Grassy Terrain
|-heal|p2a: Bewear|32/100|[from] Grassy Terrain
|upkeep
|turn|13
|
|switch|p2a: Charizard|Charizard, M|100/100
|move|p1a: Rillaboom|Wood Hammer|p2a: Charizard
|-resisted|p2a: Charizard
|-damage|p2a: Charizard|77/100
|-damage|p1a: Rillaboom|82/100|[from] Recoil
|
|-heal|p1a: Rillaboom|88/100|[from] Grassy Terrain
|upkeep
|turn|14
|
|switch|p1a: Vaporeon|Vaporeon, F|76/100 tox
|move|p2a: Charizard|Flamethrower|p1a: Vaporeon
|-resisted|p1a: Vaporeon
|-crit|p1a: Vaporeon
|-damage|p1a: Vaporeon|53/100 tox
|
|-heal|p1a: Vaporeon|59/100 tox|[from] item: Leftovers
|-heal|p1a: Vaporeon|65/100 tox|[from] Grassy Terrain
|-damage|p1a: Vaporeon|59/100 tox|[from] psn
|upkeep
|turn|15
|
|switch|p2a: Hattrem|Hattrem, F|65/100
|move|p1a: Vaporeon|Hydro Pump|p2a: Hattrem
|-damage|p2a: Hattrem|12/100
|
|-heal|p2a: Hattrem|18/100|[from] Grassy Terrain
|-heal|p1a: Vaporeon|65/100 tox|[from] item: Leftovers
|-heal|p1a: Vaporeon|72/100 tox|[from] Grassy Terrain
|-fieldend|move: Grassy Terrain
|-damage|p1a: Vaporeon|59/100 tox|[from] psn
|upkeep
|turn|16
|
|move|p2a: Hattrem|Life Dew|p2a: Hattrem
|-heal|p2a: Hattrem|44/100
|move|p1a: Vaporeon|Ice Beam|p2a: Hattrem
|-damage|p2a: Hattrem|14/100
|
|-heal|p1a: Vaporeon|65/100 tox|[from] item: Leftovers
|-damage|p1a: Vaporeon|47/100 tox|[from] psn
|upkeep
|turn|17
|
|switch|p1a: Rillaboom|Rillaboom, M|88/100
|-fieldstart|move: Grassy Terrain|[from] ability: Grassy Surge|[of] p1a: Rillaboom
|move|p2a: Hattrem|Giga Drain|p1a: Rillaboom
|-resisted|p1a: Rillaboom
|-damage|p1a: Rillaboom|74/100
|-heal|p2a: Hattrem|21/100|[from] drain|[of] p1a: Rillaboom
|
|-heal|p1a: Rillaboom|80/100|[from] Grassy Terrain
|-heal|p2a: Hattrem|27/100|[from] Grassy Terrain
|upkeep
|turn|18
|
|move|p1a: Rillaboom|U-turn|p2a: Hattrem
|-supereffective|p2a: Hattrem
|-damage|p2a: Hattrem|0 fnt
|faint|p2a: Hattrem
|
|switch|p1a: Rabuto|Raboot, F|77/100|[from]move: U-turn
|
|-heal|p1a: Rabuto|83/100|[from] Grassy Terrain
|upkeep
|inactive|Delphox News has 120 seconds left.
|
|switch|p2a: Runerigus|Runerigus, F|100/100
|turn|19
|
|switch|p1a: Vaporeon|Vaporeon, F|47/100 tox
|move|p2a: Runerigus|Stealth Rock|p1a: Vaporeon
|-sidestart|p1: Gatorboy|move: Stealth Rock
|
|-heal|p1a: Vaporeon|53/100 tox|[from] item: Leftovers
|-heal|p1a: Vaporeon|59/100 tox|[from] Grassy Terrain
|-damage|p1a: Vaporeon|53/100 tox|[from] psn
|upkeep
|turn|20
|
|switch|p2a: Vaporeon|Vaporeon, M|94/100 tox
|move|p1a: Vaporeon|Copycat|p1a: Vaporeon
|move|p1a: Vaporeon|Stealth Rock|p2a: Vaporeon|[from]Copycat
|-sidestart|p2: Delphox News|move: Stealth Rock
|
|-heal|p2a: Vaporeon|100/100 tox|[from] item: Leftovers
|-heal|p1a: Vaporeon|59/100 tox|[from] item: Leftovers
|-heal|p1a: Vaporeon|65/100 tox|[from] Grassy Terrain
|-damage|p2a: Vaporeon|94/100 tox|[from] psn
|-damage|p1a: Vaporeon|53/100 tox|[from] psn
|upkeep
|turn|21
|
|move|p2a: Vaporeon|Wish|p2a: Vaporeon
|move|p1a: Vaporeon|Copycat|p1a: Vaporeon
|move|p1a: Vaporeon|Wish|p1a: Vaporeon|[from]Copycat
|
|-heal|p2a: Vaporeon|100/100 tox|[from] item: Leftovers
|-heal|p1a: Vaporeon|59/100 tox|[from] item: Leftovers
|-heal|p1a: Vaporeon|65/100 tox|[from] Grassy Terrain
|-fieldend|move: Grassy Terrain
|-damage|p2a: Vaporeon|88/100 tox|[from] psn
|-damage|p1a: Vaporeon|47/100 tox|[from] psn
|upkeep
|turn|22
|
|switch|p2a: Rillaboom|Rillaboom, F|100/100
|-damage|p2a: Rillaboom|88/100|[from] Stealth Rock
|-fieldstart|move: Grassy Terrain|[from] ability: Grassy Surge|[of] p2a: Rillaboom
|move|p1a: Vaporeon|Copycat|p1a: Vaporeon
|move|p1a: Vaporeon|Wish||[from]Copycat|[still]
|-fail|p1a: Vaporeon
|
|-heal|p2a: Rillaboom|100/100|[from] move: Wish|[wisher] Vaporeon
|-heal|p1a: Vaporeon|97/100 tox|[from] move: Wish|[wisher] Vaporeon
|-heal|p1a: Vaporeon|100/100 tox|[from] item: Leftovers
|-damage|p1a: Vaporeon|76/100 tox|[from] psn
|upkeep
|turn|23
|
|switch|p1a: Steelix|Steelix, F|100/100
|-damage|p1a: Steelix|98/100|[from] Stealth Rock
|move|p2a: Rillaboom|Wood Hammer|p1a: Steelix
|-damage|p1a: Steelix|56/100
|-damage|p2a: Rillaboom|86/100|[from] Recoil
|
|-heal|p2a: Rillaboom|92/100|[from] Grassy Terrain
|-heal|p1a: Steelix|62/100|[from] item: Leftovers
|-heal|p1a: Steelix|68/100|[from] Grassy Terrain
|upkeep
|turn|24
|
|switch|p2a: Bewear|Bewear, M|32/100
|-damage|p2a: Bewear|25/100|[from] Stealth Rock
|move|p1a: Steelix|Roar|p2a: Bewear
|drag|p2a: Rillaboom|Rillaboom, F|92/100
|-damage|p2a: Rillaboom|80/100|[from] Stealth Rock
|
|-heal|p2a: Rillaboom|86/100|[from] Grassy Terrain
|-heal|p1a: Steelix|74/100|[from] item: Leftovers
|-heal|p1a: Steelix|80/100|[from] Grassy Terrain
|upkeep
|turn|25
|
|move|p2a: Rillaboom|U-turn|p1a: Steelix
|-resisted|p1a: Steelix
|-damage|p1a: Steelix|73/100
|
|switch|p2a: Bewear|Bewear, M|25/100|[from]move: U-turn
|-damage|p2a: Bewear|19/100|[from] Stealth Rock
|move|p1a: Steelix|Toxic|p2a: Bewear
|-status|p2a: Bewear|tox
|
|-heal|p2a: Bewear|25/100 tox|[from] Grassy Terrain
|-heal|p1a: Steelix|79/100|[from] item: Leftovers
|-heal|p1a: Steelix|85/100|[from] Grassy Terrain
|-damage|p2a: Bewear|19/100 tox|[from] psn
|upkeep
|turn|26
|
|switch|p1a: Rabuto|Raboot, F|83/100
|-damage|p1a: Rabuto|58/100|[from] Stealth Rock
|move|p2a: Bewear|Drain Punch|p1a: Rabuto
|-damage|p1a: Rabuto|0 fnt
|-heal|p2a: Bewear|39/100 tox|[from] drain|[of] p1a: Rabuto
|faint|p1a: Rabuto
|
|-heal|p2a: Bewear|45/100 tox|[from] Grassy Terrain
|-fieldend|move: Grassy Terrain
|-damage|p2a: Bewear|33/100 tox|[from] psn
|upkeep
|
|switch|p1a: Rillaboom|Rillaboom, M|80/100
|-damage|p1a: Rillaboom|68/100|[from] Stealth Rock
|-fieldstart|move: Grassy Terrain|[from] ability: Grassy Surge|[of] p1a: Rillaboom
|turn|27
|
|switch|p2a: Charizard|Charizard, M|77/100
|move|p1a: Rillaboom|Wood Hammer|p2a: Charizard
|-resisted|p2a: Charizard
|-damage|p2a: Charizard|49/100
|-damage|p1a: Rillaboom|59/100|[from] Recoil
|
|-heal|p1a: Rillaboom|65/100|[from] Grassy Terrain
|upkeep
|turn|28
|
|switch|p1a: Vaporeon|Vaporeon, F|76/100 tox
|-damage|p1a: Vaporeon|63/100 tox|[from] Stealth Rock
|move|p2a: Charizard|Roost|p2a: Charizard
|-heal|p2a: Charizard|99/100
|-singleturn|p2a: Charizard|move: Roost
|
|-heal|p2a: Charizard|100/100|[from] Grassy Terrain
|-heal|p1a: Vaporeon|69/100 tox|[from] item: Leftovers
|-heal|p1a: Vaporeon|76/100 tox|[from] Grassy Terrain
|-damage|p1a: Vaporeon|69/100 tox|[from] psn
|upkeep
|turn|29
|
|switch|p2a: Vaporeon|Vaporeon, M|88/100 tox
|-damage|p2a: Vaporeon|76/100 tox|[from] Stealth Rock
|move|p1a: Vaporeon|Copycat|p1a: Vaporeon
|move|p1a: Vaporeon|Roost|p1a: Vaporeon|[from]Copycat
|-heal|p1a: Vaporeon|100/100 tox
|-singleturn|p1a: Vaporeon|move: Roost
|
|-heal|p2a: Vaporeon|82/100 tox|[from] item: Leftovers
|-heal|p2a: Vaporeon|88/100 tox|[from] Grassy Terrain
|-damage|p2a: Vaporeon|82/100 tox|[from] psn
|-damage|p1a: Vaporeon|88/100 tox|[from] psn
|upkeep
|turn|30
|
|move|p2a: Vaporeon|Wish|p2a: Vaporeon
|move|p1a: Vaporeon|Copycat|p1a: Vaporeon
|move|p1a: Vaporeon|Wish|p1a: Vaporeon|[from]Copycat
|
|-heal|p2a: Vaporeon|88/100 tox|[from] item: Leftovers
|-heal|p2a: Vaporeon|94/100 tox|[from] Grassy Terrain
|-heal|p1a: Vaporeon|94/100 tox|[from] item: Leftovers
|-heal|p1a: Vaporeon|100/100 tox|[from] Grassy Terrain
|-damage|p2a: Vaporeon|82/100 tox|[from] psn
|-damage|p1a: Vaporeon|82/100 tox|[from] psn
|upkeep
|turn|31
|
|switch|p2a: Rillaboom|Rillaboom, F|86/100
|-damage|p2a: Rillaboom|74/100|[from] Stealth Rock
|switch|p1a: Rillaboom|Rillaboom, M|65/100
|-damage|p1a: Rillaboom|53/100|[from] Stealth Rock
|
|-heal|p1a: Rillaboom|100/100|[from] move: Wish|[wisher] Vaporeon
|-heal|p2a: Rillaboom|100/100|[from] move: Wish|[wisher] Vaporeon
|-fieldend|move: Grassy Terrain
|upkeep
|turn|32
|
|move|p2a: Rillaboom|U-turn|p1a: Rillaboom
|-supereffective|p1a: Rillaboom
|-damage|p1a: Rillaboom|51/100
|
|switch|p2a: Charizard|Charizard, M|100/100|[from]move: U-turn
|move|p1a: Rillaboom|Knock Off|p2a: Charizard
|-damage|p2a: Charizard|60/100
|-enditem|p2a: Charizard|Heavy-Duty Boots|[from] move: Knock Off|[of] p1a: Rillaboom
|
|upkeep
|turn|33
|
|switch|p1a: Vaporeon|Vaporeon, F|82/100 tox
|-damage|p1a: Vaporeon|69/100 tox|[from] Stealth Rock
|move|p2a: Charizard|Roost|p2a: Charizard
|-heal|p2a: Charizard|100/100
|-singleturn|p2a: Charizard|move: Roost
|
|-heal|p1a: Vaporeon|76/100 tox|[from] item: Leftovers
|-damage|p1a: Vaporeon|69/100 tox|[from] psn
|upkeep
|turn|34
|
|move|p2a: Charizard|Flamethrower|p1a: Vaporeon
|-resisted|p1a: Vaporeon
|-damage|p1a: Vaporeon|56/100 tox
|move|p1a: Vaporeon|Copycat|p1a: Vaporeon
|move|p1a: Vaporeon|Flamethrower|p2a: Charizard|[from]Copycat
|-resisted|p2a: Charizard
|-damage|p2a: Charizard|82/100
|
|-heal|p1a: Vaporeon|62/100 tox|[from] item: Leftovers
|-damage|p1a: Vaporeon|49/100 tox|[from] psn
|upkeep
|turn|35
|
|switch|p2a: Vaporeon|Vaporeon, M|82/100 tox
|-damage|p2a: Vaporeon|70/100 tox|[from] Stealth Rock
|move|p1a: Vaporeon|Hydro Pump|p2a: Vaporeon
|-heal|p2a: Vaporeon|95/100 tox|[from] ability: Water Absorb|[of] p1a: Vaporeon
|
|-heal|p2a: Vaporeon|100/100 tox|[from] item: Leftovers
|-heal|p1a: Vaporeon|56/100 tox|[from] item: Leftovers
|-damage|p2a: Vaporeon|94/100 tox|[from] psn
|-damage|p1a: Vaporeon|37/100 tox|[from] psn
|upkeep
|turn|36
|
|switch|p2a: Rillaboom|Rillaboom, F|100/100
|-damage|p2a: Rillaboom|88/100|[from] Stealth Rock
|-fieldstart|move: Grassy Terrain|[from] ability: Grassy Surge|[of] p2a: Rillaboom
|switch|p1a: Virizion|Virizion|100/100
|-damage|p1a: Virizion|94/100|[from] Stealth Rock
|
|-heal|p2a: Rillaboom|94/100|[from] Grassy Terrain
|-heal|p1a: Virizion|100/100|[from] Grassy Terrain
|upkeep
|turn|37
|
|move|p2a: Rillaboom|U-turn|p1a: Virizion
|-damage|p1a: Virizion|66/100
|
|switch|p2a: Charizard|Charizard, M|82/100|[from]move: U-turn
|-damage|p2a: Charizard|32/100|[from] Stealth Rock
|move|p1a: Virizion|Air Slash|p2a: Charizard
|-damage|p2a: Charizard|0 fnt
|-damage|p1a: Virizion|56/100|[from] item: Life Orb
|faint|p2a: Charizard
|
|-heal|p1a: Virizion|62/100|[from] Grassy Terrain
|upkeep
|
|switch|p2a: Rillaboom|Rillaboom, F|94/100
|-damage|p2a: Rillaboom|82/100|[from] Stealth Rock
|turn|38
|
|switch|p1a: Steelix|Steelix, F|85/100
|-damage|p1a: Steelix|82/100|[from] Stealth Rock
|move|p2a: Rillaboom|Acrobatics|p1a: Steelix
|-resisted|p1a: Steelix
|-damage|p1a: Steelix|78/100
|
|-heal|p2a: Rillaboom|88/100|[from] Grassy Terrain
|-heal|p1a: Steelix|84/100|[from] item: Leftovers
|-heal|p1a: Steelix|90/100|[from] Grassy Terrain
|upkeep
|turn|39
|c|☆Delphox News|lmao now it's scouted
|c|☆Gatorboy|The tech
|c|☆Gatorboy|over knock?
|
|move|p2a: Rillaboom|Acrobatics|p1a: Steelix
|-resisted|p1a: Steelix
|-damage|p1a: Steelix|84/100
|move|p1a: Steelix|Roar|p2a: Rillaboom
|drag|p2a: Runerigus|Runerigus, F|100/100
|-damage|p2a: Runerigus|94/100|[from] Stealth Rock
|
|-heal|p2a: Runerigus|100/100|[from] item: Leftovers
|-heal|p1a: Steelix|90/100|[from] item: Leftovers
|-heal|p1a: Steelix|96/100|[from] Grassy Terrain
|upkeep
|turn|40
|
|switch|p1a: Virizion|Virizion|62/100
|-damage|p1a: Virizion|56/100|[from] Stealth Rock
|move|p2a: Runerigus|Taunt|p1a: Virizion
|-start|p1a: Virizion|move: Taunt
|
|-heal|p1a: Virizion|62/100|[from] Grassy Terrain
|-fieldend|move: Grassy Terrain
|upkeep
|turn|41
|
|move|p1a: Virizion|Giga Drain|p2a: Runerigus
|-supereffective|p2a: Runerigus
|-damage|p2a: Runerigus|24/100
|-heal|p1a: Virizion|99/100|[from] drain|[of] p2a: Runerigus
|-damage|p1a: Virizion|90/100|[from] item: Life Orb
|move|p2a: Runerigus|Body Press|p1a: Virizion
|-damage|p1a: Virizion|48/100
|
|-heal|p2a: Runerigus|30/100|[from] item: Leftovers
|upkeep
|turn|42
|
|move|p1a: Virizion|Giga Drain|p2a: Runerigus
|-supereffective|p2a: Runerigus
|-damage|p2a: Runerigus|0 fnt
|-heal|p1a: Virizion|63/100|[from] drain|[of] p2a: Runerigus
|-damage|p1a: Virizion|53/100|[from] item: Life Orb
|faint|p2a: Runerigus
|
|-end|p1a: Virizion|move: Taunt
|upkeep
|
|switch|p2a: Rillaboom|Rillaboom, F|88/100
|-damage|p2a: Rillaboom|76/100|[from] Stealth Rock
|-fieldstart|move: Grassy Terrain|[from] ability: Grassy Surge|[of] p2a: Rillaboom
|turn|43
|
|switch|p1a: Steelix|Steelix, F|96/100
|-damage|p1a: Steelix|94/100|[from] Stealth Rock
|move|p2a: Rillaboom|U-turn|p1a: Steelix
|-resisted|p1a: Steelix
|-damage|p1a: Steelix|87/100
|
|switch|p2a: Bewear|Bewear, M|33/100 tox|[from]move: U-turn
|-damage|p2a: Bewear|26/100 tox|[from] Stealth Rock
|
|-heal|p2a: Bewear|33/100 tox|[from] Grassy Terrain
|-heal|p1a: Steelix|93/100|[from] item: Leftovers
|-heal|p1a: Steelix|99/100|[from] Grassy Terrain
|-damage|p2a: Bewear|26/100 tox|[from] psn
|upkeep
|turn|44
|
|switch|p1a: Vaporeon|Vaporeon, F|37/100 tox
|-damage|p1a: Vaporeon|25/100 tox|[from] Stealth Rock
|move|p2a: Bewear|Drain Punch|p1a: Vaporeon
|-damage|p1a: Vaporeon|0 fnt
|-heal|p2a: Bewear|40/100 tox|[from] drain|[of] p1a: Vaporeon
|faint|p1a: Vaporeon
|
|-heal|p2a: Bewear|46/100 tox|[from] Grassy Terrain
|-damage|p2a: Bewear|33/100 tox|[from] psn
|upkeep
|
|switch|p1a: Virizion|Virizion|53/100
|-damage|p1a: Virizion|47/100|[from] Stealth Rock
|turn|45
|inactive|Delphox News has 120 seconds left.
|
|switch|p2a: Vaporeon|Vaporeon, M|94/100 tox
|-damage|p2a: Vaporeon|82/100 tox|[from] Stealth Rock
|move|p1a: Virizion|Giga Drain|p2a: Vaporeon
|-supereffective|p2a: Vaporeon
|-damage|p2a: Vaporeon|6/100 tox
|-heal|p1a: Virizion|98/100|[from] drain|[of] p2a: Vaporeon
|-damage|p1a: Virizion|88/100|[from] item: Life Orb
|
|-heal|p1a: Virizion|95/100|[from] Grassy Terrain
|-heal|p2a: Vaporeon|12/100 tox|[from] item: Leftovers
|-heal|p2a: Vaporeon|18/100 tox|[from] Grassy Terrain
|-damage|p2a: Vaporeon|12/100 tox|[from] psn
|upkeep
|turn|46
|
|move|p1a: Virizion|Giga Drain|p2a: Vaporeon
|-supereffective|p2a: Vaporeon
|-damage|p2a: Vaporeon|0 fnt
|-heal|p1a: Virizion|100/100|[from] drain|[of] p2a: Vaporeon
|-damage|p1a: Virizion|91/100|[from] item: Life Orb
|faint|p2a: Vaporeon
|
|-heal|p1a: Virizion|97/100|[from] Grassy Terrain
|upkeep
|
|switch|p2a: Rillaboom|Rillaboom, F|76/100
|-damage|p2a: Rillaboom|64/100|[from] Stealth Rock
|turn|47
|
|switch|p1a: Steelix|Steelix, F|99/100
|-damage|p1a: Steelix|96/100|[from] Stealth Rock
|move|p2a: Rillaboom|U-turn|p1a: Steelix
|-resisted|p1a: Steelix
|-damage|p1a: Steelix|90/100
|
|switch|p2a: Bewear|Bewear, M|33/100 tox|[from]move: U-turn
|-damage|p2a: Bewear|27/100 tox|[from] Stealth Rock
|
|-heal|p2a: Bewear|33/100 tox|[from] Grassy Terrain
|-heal|p1a: Steelix|96/100|[from] item: Leftovers
|-heal|p1a: Steelix|100/100|[from] Grassy Terrain
|-fieldend|move: Grassy Terrain
|-damage|p2a: Bewear|27/100 tox|[from] psn
|upkeep
|turn|48
|
|switch|p1a: Virizion|Virizion|97/100
|-damage|p1a: Virizion|91/100|[from] Stealth Rock
|move|p2a: Bewear|Drain Punch|p1a: Virizion
|-damage|p1a: Virizion|37/100
|-heal|p2a: Bewear|49/100 tox|[from] drain|[of] p1a: Virizion
|
|-damage|p2a: Bewear|36/100 tox|[from] psn
|upkeep
|turn|49
|
|switch|p2a: Rillaboom|Rillaboom, F|64/100
|-damage|p2a: Rillaboom|51/100|[from] Stealth Rock
|-fieldstart|move: Grassy Terrain|[from] ability: Grassy Surge|[of] p2a: Rillaboom
|move|p1a: Virizion|Air Slash|p2a: Rillaboom
|-supereffective|p2a: Rillaboom
|-damage|p2a: Rillaboom|0 fnt
|-damage|p1a: Virizion|27/100|[from] item: Life Orb
|faint|p2a: Rillaboom
|
|-heal|p1a: Virizion|34/100|[from] Grassy Terrain
|upkeep
|-message|Delphox News forfeited.
|
|win|Gatorboy
|l|☆Delphox News
