|j|☆c rien c la RU
|j|☆kjjs
|player|p1|c rien c la RU|104|1503
|player|p2|kjjs|parasollady|1491
|teamsize|p1|6
|teamsize|p2|6
|gametype|singles
|gen|8
|tier|[Gen 8] RU
|rated|
|clearpoke
|poke|p1|Dhelmise|
|poke|p1|Thwackey, M|
|poke|p1|Coalossal, M|
|poke|p1|Flapple, F|
|poke|p1|Weezing, M|
|poke|p1|Cinccino, F|
|poke|p2|Ribombee, F|
|poke|p2|Rhydon, M|
|poke|p2|Silvally-*|
|poke|p2|Passimian, F|
|poke|p2|Rotom-Mow|
|poke|p2|Centiskorch, F|
|rule|Sleep Clause Mod: Limit one foe put to sleep
|rule|Species Clause: Limit one of each Pokémon
|rule|OHKO Clause: OHKO moves are banned
|rule|Evasion Moves Clause: Evasion moves are banned
|rule|Endless Battle Clause: Forcing endless battles is banned
|rule|HP Percentage Mod: HP is shown in percentages
|rule|Dynamax Clause: You cannot dynamax
|teampreview
|
|start
|switch|p1a: Coalossal|Coalossal, M|100/100
|switch|p2a: Ribombee|Ribombee, F|100/100
|turn|1
|
|move|p2a: Ribombee|Sticky Web|p1a: Coalossal
|-sidestart|p1: c rien c la RU|move: Sticky Web
|move|p1a: Coalossal|Rapid Spin|p2a: Ribombee
|-damage|p2a: Ribombee|80/100
|-boost|p1a: Coalossal|spe|1
|-sideend|p1: c rien c la RU|Sticky Web|[from] move: Rapid Spin|[of] p1a: Coalossal
|
|upkeep
|turn|2
|
|move|p2a: Ribombee|Sticky Web|p1a: Coalossal
|-sidestart|p1: c rien c la RU|move: Sticky Web
|move|p1a: Coalossal|Rapid Spin|p2a: Ribombee
|-damage|p2a: Ribombee|59/100
|-boost|p1a: Coalossal|spe|1
|-sideend|p1: c rien c la RU|Sticky Web|[from] move: Rapid Spin|[of] p1a: Coalossal
|
|upkeep
|turn|3
|
|switch|p2a: Rhydon|Rhydon, M|100/100
|move|p1a: Coalossal|Rapid Spin|p2a: Rhydon
|-resisted|p2a: Rhydon
|-damage|p2a: Rhydon|98/100
|-boost|p1a: Coalossal|spe|1
|
|upkeep
|turn|4
|
|switch|p2a: Ribombee|Ribombee, F|59/100
|switch|p1a: Thwackey|Thwackey, M|100/100
|-fieldstart|move: Grassy Terrain|[from] ability: Grassy Surge|[of] p1a: Thwackey
|
|-heal|p2a: Ribombee|65/100|[from] Grassy Terrain
|upkeep
|turn|5
|
|switch|p1a: Weezing|Weezing, M|100/100
|-ability|p1a: Weezing|Neutralizing Gas
|move|p2a: Ribombee|Sticky Web|p1a: Weezing
|-sidestart|p1: c rien c la RU|move: Sticky Web
|
|-heal|p2a: Ribombee|71/100|[from] Grassy Terrain
|upkeep
|turn|6
|
|move|p2a: Ribombee|Stun Spore|p1a: Weezing|[miss]
|-miss|p2a: Ribombee|p1a: Weezing
|move|p1a: Weezing|Toxic Spikes|p2a: Ribombee
|-sidestart|p2: kjjs|move: Toxic Spikes
|
|-heal|p2a: Ribombee|78/100|[from] Grassy Terrain
|upkeep
|turn|7
|
|switch|p1a: Dhelmise|Dhelmise|100/100
|-activate|p1a: Dhelmise|move: Sticky Web
|-unboost|p1a: Dhelmise|spe|1
|move|p2a: Ribombee|Stun Spore|p1a: Dhelmise
|-immune|p1a: Dhelmise
|
|-heal|p2a: Ribombee|84/100|[from] Grassy Terrain
|upkeep
|turn|8
|
|switch|p2a: Centiskorch|Centiskorch, F|100/100
|move|p1a: Dhelmise|Poltergeist|p2a: Centiskorch
|-activate|p2a: Centiskorch|move: Poltergeist|Heavy-Duty Boots
|-damage|p2a: Centiskorch|0 fnt
|-damage|p1a: Dhelmise|91/100|[from] item: Life Orb
|faint|p2a: Centiskorch
|
|-heal|p1a: Dhelmise|97/100|[from] Grassy Terrain
|upkeep
|
|switch|p2a: Silvally|Silvally-Ghost|100/100
|-status|p2a: Silvally|psn
|turn|9
|j| Schizoption
|
|switch|p1a: Flapple|Flapple, F|100/100
|-activate|p1a: Flapple|move: Sticky Web
|-unboost|p1a: Flapple|spe|1
|move|p2a: Silvally|U-turn|p1a: Flapple
|-supereffective|p1a: Flapple
|-damage|p1a: Flapple|38/100
|
|switch|p2a: Passimian|Passimian, F|100/100|[from]move: U-turn
|-status|p2a: Passimian|psn
|
|-heal|p1a: Flapple|44/100|[from] Grassy Terrain
|-damage|p2a: Passimian|88/100 psn|[from] psn
|upkeep
|turn|10
|
|switch|p2a: Ribombee|Ribombee, F|84/100
|-status|p2a: Ribombee|psn
|move|p1a: Flapple|Grassy Glide|p2a: Ribombee
|-resisted|p2a: Ribombee
|-damage|p2a: Ribombee|0 fnt
|faint|p2a: Ribombee
|
|-heal|p1a: Flapple|50/100|[from] Grassy Terrain
|upkeep
|
|switch|p2a: Silvally|Silvally-Ghost|100/100 psn
|turn|11
|
|move|p1a: Flapple|Grassy Glide|p2a: Silvally
|-damage|p2a: Silvally|2/100 psn
|move|p2a: Silvally|U-turn|p1a: Flapple
|-supereffective|p1a: Flapple
|-damage|p1a: Flapple|0 fnt
|faint|p1a: Flapple
|
|switch|p2a: Rotom|Rotom-Mow|100/100|[from]move: U-turn
|
|-fieldend|move: Grassy Terrain
|upkeep
|
|switch|p1a: Coalossal|Coalossal, M|100/100
|turn|12
|
|move|p2a: Rotom|Nasty Plot|p2a: Rotom
|-boost|p2a: Rotom|spa|2
|move|p1a: Coalossal|Rapid Spin|p2a: Rotom
|-damage|p2a: Rotom|87/100
|-boost|p1a: Coalossal|spe|1
|-sideend|p1: c rien c la RU|Sticky Web|[from] move: Rapid Spin|[of] p1a: Coalossal
|
|upkeep
|turn|13
|
|move|p2a: Rotom|Thunderbolt|p1a: Coalossal
|-damage|p1a: Coalossal|53/100
|-status|p1a: Coalossal|par
|move|p1a: Coalossal|Flamethrower|p2a: Rotom
|-supereffective|p2a: Rotom
|-enditem|p2a: Rotom|Occa Berry|[eat]
|-enditem|p2a: Rotom|Occa Berry|[weaken]
|-damage|p2a: Rotom|52/100
|
|upkeep
|turn|14
|
|move|p2a: Rotom|Leaf Storm|p1a: Coalossal
|-damage|p1a: Coalossal|0 fnt
|-unboost|p2a: Rotom|spa|2
|faint|p1a: Coalossal
|
|upkeep
|
|switch|p1a: Cinccino|Cinccino, F|100/100
|turn|15
|
|switch|p2a: Rhydon|Rhydon, M|98/100
|-status|p2a: Rhydon|psn
|move|p1a: Cinccino|U-turn|p2a: Rhydon
|-damage|p2a: Rhydon|81/100 psn
|
|switch|p1a: Thwackey|Thwackey, M|100/100|[from]move: U-turn
|-fieldstart|move: Grassy Terrain|[from] ability: Grassy Surge|[of] p1a: Thwackey
|
|-heal|p2a: Rhydon|87/100 psn|[from] Grassy Terrain
|-damage|p2a: Rhydon|75/100 psn|[from] psn
|upkeep
|turn|16
|
|move|p1a: Thwackey|Wood Hammer|p2a: Rhydon
|-supereffective|p2a: Rhydon
|-crit|p2a: Rhydon
|-damage|p2a: Rhydon|0 fnt
|-damage|p1a: Thwackey|75/100|[from] Recoil
|faint|p2a: Rhydon
|
|-heal|p1a: Thwackey|82/100|[from] Grassy Terrain
|upkeep
|
|switch|p2a: Passimian|Passimian, F|88/100 psn
|turn|17
|
|move|p2a: Passimian|U-turn|p1a: Thwackey
|-supereffective|p1a: Thwackey
|-damage|p1a: Thwackey|34/100
|
|switch|p2a: Silvally|Silvally-Ghost|2/100 psn|[from]move: U-turn
|move|p1a: Thwackey|Wood Hammer|p2a: Silvally
|-damage|p2a: Silvally|0 fnt
|-damage|p1a: Thwackey|34/100|[from] Recoil
|faint|p2a: Silvally
|
|-heal|p1a: Thwackey|40/100|[from] Grassy Terrain
|upkeep
|
|switch|p2a: Passimian|Passimian, F|88/100 psn
|turn|18
|
|move|p2a: Passimian|U-turn|p1a: Thwackey
|-supereffective|p1a: Thwackey
|-damage|p1a: Thwackey|0 fnt
|faint|p1a: Thwackey
|
|switch|p2a: Rotom|Rotom-Mow|52/100|[from]move: U-turn
|
|upkeep
|
|switch|p1a: Dhelmise|Dhelmise|97/100
|turn|19
|
|move|p2a: Rotom|Leaf Storm|p1a: Dhelmise
|-resisted|p1a: Dhelmise
|-crit|p1a: Dhelmise
|-damage|p1a: Dhelmise|45/100
|-unboost|p2a: Rotom|spa|2
|move|p1a: Dhelmise|Swords Dance|p1a: Dhelmise
|-boost|p1a: Dhelmise|atk|2
|
|-heal|p1a: Dhelmise|51/100|[from] Grassy Terrain
|upkeep
|turn|20
|
|move|p1a: Dhelmise|Grassy Glide|p2a: Rotom
|-resisted|p2a: Rotom
|-damage|p2a: Rotom|0 fnt
|-damage|p1a: Dhelmise|41/100|[from] item: Life Orb
|faint|p2a: Rotom
|
|-heal|p1a: Dhelmise|47/100|[from] Grassy Terrain
|upkeep
|
|switch|p2a: Passimian|Passimian, F|88/100 psn
|turn|21
|
|move|p1a: Dhelmise|Grassy Glide|p2a: Passimian
|-damage|p2a: Passimian|0 fnt
|-damage|p1a: Dhelmise|37/100|[from] item: Life Orb
|faint|p2a: Passimian
|
|win|c rien c la RU
|l|☆kjjs
||Ladder (probably) updated, but score could not be retrieved (Request timeout).
