|html|<div class="broadcast-blue"><strong>[Gen 8] RU is currently suspecting Zygarde-10%! For information on how to participate check out the <a href="https://www.smogon.com/forums/threads/np-ru-stage-6-i-wanna-be-your-dog-zygarde-10-suspect-test.3679181/#post-8768959">suspect thread</a>.</strong></div>
|j|☆Aquarius Ghost ❤
|j|☆RUZ9 YW
|inactive|Battle timer is ON: inactive players will automatically lose when time's up.
|t:|1615419155
|player|p1|Aquarius Ghost ❤|lass-gen4|
|player|p2|RUZ9 YW|hiker-gen4|
|teamsize|p1|6
|teamsize|p2|6
|gametype|singles
|gen|8
|tier|[Gen 8] RU
|rated|Tournament battle
|clearpoke
|poke|p1|Suicune|
|poke|p1|Zarude-Dada|
|poke|p1|Togekiss, M|
|poke|p1|Golurk|
|poke|p1|Xurkitree|
|poke|p1|Registeel|
|poke|p2|Escavalier, M|
|poke|p2|Scrafty, M|
|poke|p2|Darmanitan, M|
|poke|p2|Togekiss, F|
|poke|p2|Magnezone|
|poke|p2|Seismitoad, F|
|rule|Sleep Clause Mod: Limit one foe put to sleep
|rule|Species Clause: Limit one of each Pokémon
|rule|OHKO Clause: OHKO moves are banned
|rule|Evasion Moves Clause: Evasion moves are banned
|rule|Endless Battle Clause: Forcing endless battles is banned
|rule|HP Percentage Mod: HP is shown in percentages
|rule|Dynamax Clause: You cannot dynamax
|teampreview
|c|☆Aquarius Ghost ❤|oh this
|j|+Oathkeepre
|inactive|Aquarius Ghost ❤ has 120 seconds left.
|
|t:|1615419192
|start
|switch|p1a: Zarude|Zarude-Dada|100/100
|switch|p2a: Magnezone|Magnezone|100/100
|turn|1
|
|t:|1615419209
|move|p1a: Zarude|U-turn|p2a: Magnezone
|-resisted|p2a: Magnezone
|-damage|p2a: Magnezone|90/100
|
|t:|1615419211
|switch|p1a: Registeel|Registeel|100/100|[from]move: U-turn
|move|p2a: Magnezone|Volt Switch|p1a: Registeel
|-crit|p1a: Registeel
|-damage|p1a: Registeel|44/100
|
|t:|1615419216
|switch|p2a: Darmanitan|Darmanitan, M|100/100|[from]move: Volt Switch
|
|-heal|p1a: Registeel|50/100|[from] item: Leftovers
|upkeep
|turn|2
|j| FestiveSkSkSk
|
|t:|1615419231
|switch|p1a: Suicune|Suicune|100/100
|-ability|p1a: Suicune|Pressure
|move|p2a: Darmanitan|Flare Blitz|p1a: Suicune
|-resisted|p1a: Suicune
|-damage|p1a: Suicune|77/100
|-damage|p2a: Darmanitan|92/100|[from] Recoil
|
|-heal|p1a: Suicune|83/100|[from] item: Leftovers
|upkeep
|turn|3
|
|t:|1615419247
|switch|p2a: Magnezone|Magnezone|90/100
|switch|p1a: Zarude|Zarude-Dada|100/100
|
|upkeep
|turn|4
|
|t:|1615419253
|move|p1a: Zarude|U-turn|p2a: Magnezone
|-resisted|p2a: Magnezone
|-damage|p2a: Magnezone|80/100
|
|t:|1615419264
|switch|p1a: Registeel|Registeel|50/100|[from]move: U-turn
|move|p2a: Magnezone|Flash Cannon|p1a: Registeel
|-resisted|p1a: Registeel
|-damage|p1a: Registeel|26/100
|
|-heal|p1a: Registeel|32/100|[from] item: Leftovers
|upkeep
|turn|5
|
|t:|1615419279
|move|p2a: Magnezone|Flash Cannon|p1a: Registeel
|-resisted|p1a: Registeel
|-damage|p1a: Registeel|15/100
|move|p1a: Registeel|Earthquake|p2a: Magnezone
|-supereffective|p2a: Magnezone
|-damage|p2a: Magnezone|17/100
|
|-heal|p1a: Registeel|21/100|[from] item: Leftovers
|upkeep
|turn|6
|j| daniYSB
|
|t:|1615419291
|move|p2a: Magnezone|Flash Cannon|p1a: Registeel
|-resisted|p1a: Registeel
|-damage|p1a: Registeel|3/100
|move|p1a: Registeel|Earthquake|p2a: Magnezone
|-supereffective|p2a: Magnezone
|-damage|p2a: Magnezone|0 fnt
|faint|p2a: Magnezone
|
|-heal|p1a: Registeel|9/100|[from] item: Leftovers
|upkeep
|
|t:|1615419297
|switch|p2a: Darmanitan|Darmanitan, M|92/100
|turn|7
|
|t:|1615419305
|move|p2a: Darmanitan|Flare Blitz|p1a: Registeel
|-supereffective|p1a: Registeel
|-damage|p1a: Registeel|0 fnt
|-damage|p2a: Darmanitan|89/100|[from] Recoil
|faint|p1a: Registeel
|
|upkeep
|j| honkifyahappy
|
|t:|1615419309
|switch|p1a: Suicune|Suicune|83/100
|-ability|p1a: Suicune|Pressure
|turn|8
|
|t:|1615419318
|switch|p2a: Seismitoad|Seismitoad, F|100/100
|move|p1a: Suicune|Calm Mind|p1a: Suicune
|-boost|p1a: Suicune|spa|1
|-boost|p1a: Suicune|spd|1
|
|-heal|p1a: Suicune|89/100|[from] item: Leftovers
|upkeep
|turn|9
|
|t:|1615419321
|move|p1a: Suicune|Calm Mind|p1a: Suicune
|-boost|p1a: Suicune|spa|1
|-boost|p1a: Suicune|spd|1
|move|p2a: Seismitoad|Earth Power|p1a: Suicune
|-damage|p1a: Suicune|79/100
|
|-heal|p1a: Suicune|85/100|[from] item: Leftovers
|upkeep
|turn|10
|
|t:|1615419325
|move|p1a: Suicune|Calm Mind|p1a: Suicune
|-boost|p1a: Suicune|spa|1
|-boost|p1a: Suicune|spd|1
|move|p2a: Seismitoad|Stealth Rock|p1a: Suicune
|-sidestart|p1: Aquarius Ghost ❤|move: Stealth Rock
|
|-heal|p1a: Suicune|91/100|[from] item: Leftovers
|upkeep
|turn|11
|
|t:|1615419327
|move|p1a: Suicune|Calm Mind|p1a: Suicune
|-boost|p1a: Suicune|spa|1
|-boost|p1a: Suicune|spd|1
|move|p2a: Seismitoad|Toxic|p1a: Suicune
|-status|p1a: Suicune|tox
|
|-heal|p1a: Suicune|98/100 tox|[from] item: Leftovers
|-damage|p1a: Suicune|91/100 tox|[from] psn
|upkeep
|turn|12
|
|t:|1615419335
|move|p1a: Suicune|Scald|p2a: Seismitoad
|-immune|p2a: Seismitoad|[from] ability: Water Absorb
|move|p2a: Seismitoad|Earth Power|p1a: Suicune
|-damage|p1a: Suicune|84/100 tox
|
|-heal|p1a: Suicune|90/100 tox|[from] item: Leftovers
|-damage|p1a: Suicune|78/100 tox|[from] psn
|upkeep
|turn|13
|
|t:|1615419339
|move|p1a: Suicune|Calm Mind|p1a: Suicune
|-boost|p1a: Suicune|spa|1
|-boost|p1a: Suicune|spd|1
|move|p2a: Seismitoad|Toxic|p1a: Suicune|[miss]
|-miss|p2a: Seismitoad|p1a: Suicune
|
|-heal|p1a: Suicune|84/100 tox|[from] item: Leftovers
|-damage|p1a: Suicune|65/100 tox|[from] psn
|upkeep
|turn|14
|
|t:|1615419343
|move|p1a: Suicune|Calm Mind|p1a: Suicune
|-boost|p1a: Suicune|spa|1
|-boost|p1a: Suicune|spd|1
|move|p2a: Seismitoad|Toxic|p1a: Suicune|[miss]
|-miss|p2a: Seismitoad|p1a: Suicune
|
|-heal|p1a: Suicune|72/100 tox|[from] item: Leftovers
|-damage|p1a: Suicune|47/100 tox|[from] psn
|upkeep
|turn|15
|
|t:|1615419348
|switch|p2a: Escavalier|Escavalier, M|100/100
|move|p1a: Suicune|Rest|p1a: Suicune
|-status|p1a: Suicune|slp|[from] move: Rest
|-heal|p1a: Suicune|100/100 slp|[silent]
|
|upkeep
|turn|16
|
|t:|1615419351
|cant|p1a: Suicune|slp
|move|p1a: Suicune|Sleep Talk|p1a: Suicune
|move|p1a: Suicune|Calm Mind|p1a: Suicune|[from]move: Sleep Talk
|-boost|p1a: Suicune|spa|0
|-boost|p1a: Suicune|spd|0
|move|p2a: Escavalier|Swords Dance|p2a: Escavalier
|-boost|p2a: Escavalier|atk|2
|
|upkeep
|turn|17
|c| daniYSB|Uh oh
|
|t:|1615419359
|cant|p1a: Suicune|slp
|move|p1a: Suicune|Sleep Talk|p1a: Suicune
|move|p1a: Suicune|Rest||[from]move: Sleep Talk|[still]
|-fail|p1a: Suicune
|move|p2a: Escavalier|Knock Off|p1a: Suicune
|-damage|p1a: Suicune|71/100 slp
|-enditem|p1a: Suicune|Leftovers|[from] move: Knock Off|[of] p2a: Escavalier
|
|upkeep
|turn|18
|c|☆Aquarius Ghost ❤|>
|
|t:|1615419367
|switch|p2a: Seismitoad|Seismitoad, F|100/100
|-curestatus|p1a: Suicune|slp|[msg]
|move|p1a: Suicune|Scald|p2a: Seismitoad
|-immune|p2a: Seismitoad|[from] ability: Water Absorb
|
|upkeep
|turn|19
|c|☆Aquarius Ghost ❤|didnt pull a scald
|
|t:|1615419373
|move|p1a: Suicune|Rest|p1a: Suicune
|-status|p1a: Suicune|slp|[from] move: Rest
|-heal|p1a: Suicune|100/100 slp|[silent]
|move|p2a: Seismitoad|Toxic||[still]
|-fail|p2a: Seismitoad
|
|upkeep
|turn|20
|
|t:|1615419381
|switch|p2a: Togekiss|Togekiss, F|100/100
|cant|p1a: Suicune|slp
|move|p1a: Suicune|Sleep Talk|p1a: Suicune
|move|p1a: Suicune|Rest||[from]move: Sleep Talk|[still]
|-fail|p1a: Suicune
|
|upkeep
|turn|21
|
|t:|1615419389
|move|p2a: Togekiss|Air Slash|p1a: Suicune
|-damage|p1a: Suicune|95/100 slp
|cant|p1a: Suicune|slp
|cant|p1a: Suicune|flinch
|
|upkeep
|turn|22
|
|t:|1615419394
|switch|p2a: Seismitoad|Seismitoad, F|100/100
|-curestatus|p1a: Suicune|slp|[msg]
|move|p1a: Suicune|Scald|p2a: Seismitoad
|-immune|p2a: Seismitoad|[from] ability: Water Absorb
|
|upkeep
|turn|23
|
|t:|1615419399
|move|p1a: Suicune|Calm Mind|p1a: Suicune
|-boost|p1a: Suicune|spa|0
|-boost|p1a: Suicune|spd|0
|move|p2a: Seismitoad|Toxic|p1a: Suicune
|-status|p1a: Suicune|tox
|
|-damage|p1a: Suicune|89/100 tox|[from] psn
|upkeep
|turn|24
|
|t:|1615419405
|move|p1a: Suicune|Scald|p2a: Seismitoad
|-immune|p2a: Seismitoad|[from] ability: Water Absorb
|move|p2a: Seismitoad|Stealth Rock||[still]
|-fail|p2a: Seismitoad
|
|-damage|p1a: Suicune|76/100 tox|[from] psn
|upkeep
|turn|25
|
|t:|1615419415
|move|p1a: Suicune|Scald|p2a: Seismitoad
|-immune|p2a: Seismitoad|[from] ability: Water Absorb
|move|p2a: Seismitoad|Stealth Rock||[still]
|-fail|p2a: Seismitoad
|
|-damage|p1a: Suicune|58/100 tox|[from] psn
|upkeep
|turn|26
|
|t:|1615419419
|switch|p2a: Escavalier|Escavalier, M|100/100
|move|p1a: Suicune|Rest|p1a: Suicune
|-status|p1a: Suicune|slp|[from] move: Rest
|-heal|p1a: Suicune|100/100 slp|[silent]
|
|upkeep
|turn|27
|inactive|Aquarius Ghost ❤ has 120 seconds left.
|
|t:|1615419475
|cant|p1a: Suicune|slp
|move|p1a: Suicune|Sleep Talk|p1a: Suicune
|move|p1a: Suicune|Rest||[from]move: Sleep Talk|[still]
|-fail|p1a: Suicune
|move|p2a: Escavalier|Swords Dance|p2a: Escavalier
|-boost|p2a: Escavalier|atk|2
|
|upkeep
|turn|28
|c|☆Aquarius Ghost ❤|can
|
|t:|1615419481
|cant|p1a: Suicune|slp
|move|p1a: Suicune|Sleep Talk|p1a: Suicune
|move|p1a: Suicune|Calm Mind|p1a: Suicune|[from]move: Sleep Talk
|-boost|p1a: Suicune|spa|0
|-boost|p1a: Suicune|spd|0
|move|p2a: Escavalier|Megahorn|p1a: Suicune
|-crit|p1a: Suicune
|-damage|p1a: Suicune|14/100 slp
|
|upkeep
|turn|29
|c|☆Aquarius Ghost ❤|i just pull
|c|☆Aquarius Ghost ❤|a fucking
|c|☆Aquarius Ghost ❤|scald
|
|t:|1615419487
|-curestatus|p1a: Suicune|slp|[msg]
|move|p1a: Suicune|Scald|p2a: Escavalier
|-damage|p2a: Escavalier|23/100
|move|p2a: Escavalier|Swords Dance|p2a: Escavalier
|-boost|p2a: Escavalier|atk|2
|
|-heal|p2a: Escavalier|29/100|[from] item: Leftovers
|upkeep
|turn|30
|inactive|Aquarius Ghost ❤ has 120 seconds left.
|c| daniYSB|Kek
|
|t:|1615419508
|move|p1a: Suicune|Scald|p2a: Escavalier
|-damage|p2a: Escavalier|0 fnt
|faint|p2a: Escavalier
|
|upkeep
|c| daniYSB|Down horrendous
|
|t:|1615419510
|switch|p2a: Darmanitan|Darmanitan, M|89/100
|turn|31
|inactive|Aquarius Ghost ❤ has 120 seconds left.
|
|t:|1615419528
|move|p2a: Darmanitan|Flare Blitz|p1a: Suicune
|-resisted|p1a: Suicune
|-damage|p1a: Suicune|0 fnt
|-damage|p2a: Darmanitan|85/100|[from] Recoil
|faint|p1a: Suicune
|
|upkeep
|
|t:|1615419531
|switch|p1a: Golurk|Golurk|100/100
|-damage|p1a: Golurk|94/100|[from] Stealth Rock
|turn|32
|
|t:|1615419541
|switch|p2a: Scrafty|Scrafty, M|100/100
|-ability|p2a: Scrafty|Intimidate|boost
|-unboost|p1a: Golurk|atk|1
|move|p1a: Golurk|Earthquake|p2a: Scrafty
|-damage|p2a: Scrafty|59/100
|
|upkeep
|turn|33
|
|t:|1615419550
|switch|p1a: Togekiss|Togekiss, M|100/100
|move|p2a: Scrafty|Toxic|p1a: Togekiss
|-status|p1a: Togekiss|tox
|
|-damage|p1a: Togekiss|94/100 tox|[from] psn
|upkeep
|turn|34
|
|t:|1615419561
|move|p2a: Scrafty|Protect|p2a: Scrafty
|-singleturn|p2a: Scrafty|Protect
|move|p1a: Togekiss|Nasty Plot|p1a: Togekiss
|-boost|p1a: Togekiss|spa|2
|
|-damage|p1a: Togekiss|82/100 tox|[from] psn
|upkeep
|turn|35
|
|t:|1615419568
|switch|p2a: Seismitoad|Seismitoad, F|100/100
|move|p1a: Togekiss|Air Slash|p2a: Seismitoad
|-damage|p2a: Seismitoad|37/100
|
|-heal|p2a: Seismitoad|43/100|[from] item: Leftovers
|-damage|p1a: Togekiss|63/100 tox|[from] psn
|upkeep
|turn|36
|
|t:|1615419572
|move|p1a: Togekiss|Air Slash|p2a: Seismitoad
|-damage|p2a: Seismitoad|0 fnt
|faint|p2a: Seismitoad
|
|-damage|p1a: Togekiss|39/100 tox|[from] psn
|upkeep
|
|t:|1615419574
|switch|p2a: Darmanitan|Darmanitan, M|85/100
|turn|37
|
|t:|1615419576
|move|p2a: Darmanitan|Flare Blitz|p1a: Togekiss
|-damage|p1a: Togekiss|0 fnt
|-damage|p2a: Darmanitan|72/100|[from] Recoil
|faint|p1a: Togekiss
|
|upkeep
|
|t:|1615419578
|switch|p1a: Golurk|Golurk|94/100
|-damage|p1a: Golurk|88/100|[from] Stealth Rock
|turn|38
|
|t:|1615419588
|switch|p2a: Togekiss|Togekiss, F|100/100
|move|p1a: Golurk|Poltergeist|p2a: Togekiss
|-activate|p2a: Togekiss|move: Poltergeist|Heavy-Duty Boots
|-damage|p2a: Togekiss|13/100
|
|upkeep
|turn|39
|
|t:|1615419592
|move|p2a: Togekiss|Air Slash|p1a: Golurk
|-damage|p1a: Golurk|46/100
|cant|p1a: Golurk|flinch
|
|upkeep
|turn|40
|c|☆Aquarius Ghost ❤|dude
|
|t:|1615419597
|move|p2a: Togekiss|Air Slash|p1a: Golurk
|-damage|p1a: Golurk|8/100
|move|p1a: Golurk|Poltergeist|p2a: Togekiss
|-activate|p2a: Togekiss|move: Poltergeist|Heavy-Duty Boots
|-damage|p2a: Togekiss|0 fnt
|faint|p2a: Togekiss
|
|upkeep
|c|☆RUZ9 YW|these didnt matter
|c|☆RUZ9 YW|cause darm
|c| FestiveSkSkSk|true
|
|t:|1615419609
|switch|p2a: Darmanitan|Darmanitan, M|72/100
|turn|41
|c|☆Aquarius Ghost ❤|well
|c|☆Aquarius Ghost ❤|literally
|c|☆Aquarius Ghost ❤|not me ulling
|c|☆Aquarius Ghost ❤|a scald
|c| FestiveSkSkSk|best ru team on the globe wins again
|c|☆Aquarius Ghost ❤|out of 6 sleep talks
|c| FestiveSkSkSk|I think
|c|☆Aquarius Ghost ❤|did  matter
|
|t:|1615419625
|move|p2a: Darmanitan|Flare Blitz|p1a: Golurk
|-damage|p1a: Golurk|0 fnt
|-damage|p2a: Darmanitan|70/100|[from] Recoil
|faint|p1a: Golurk
|
|upkeep
|
|t:|1615419627
|switch|p1a: Zarude|Zarude-Dada|100/100
|turn|42
|
|t:|1615419630
|move|p2a: Darmanitan|Flare Blitz|p1a: Zarude
|-supereffective|p1a: Zarude
|-damage|p1a: Zarude|0 fnt
|-damage|p2a: Darmanitan|39/100|[from] Recoil
|faint|p1a: Zarude
|
|upkeep
|
|t:|1615419631
|switch|p1a: Xurkitree|Xurkitree|100/100
|-damage|p1a: Xurkitree|88/100|[from] Stealth Rock
|turn|43
|
|t:|1615419633
|move|p2a: Darmanitan|Flare Blitz|p1a: Xurkitree
|-damage|p1a: Xurkitree|0 fnt
|-damage|p2a: Darmanitan|15/100|[from] Recoil
|faint|p1a: Xurkitree
|
|win|RUZ9 YW
|n|☆Aquarius Ghost ❤|aquariusghost
|n|☆RUZ9 YW|ruz9yw
|n| Oathkeepre|oathkeepre
|n| FestiveSkSkSk|festivesksksk
|n| daniYSB|daniysb
|n| honkifyahappy|honkifyahappy
|l|☆Aquarius Ghost ❤
|c|☆RUZ9 YW|gg
|l| Oathkeepre
