|j|☆quinlanding
|j|☆wenomachinsama
|t:|1664212623
|gametype|singles
|player|p1|quinlanding|2|1271
|player|p2|wenomachinsama|tuberf|1354
|teamsize|p1|6
|teamsize|p2|6
|gen|8
|tier|[Gen 8] RU
|rated|
|rule|Sleep Clause Mod: Limit one foe put to sleep
|rule|Species Clause: Limit one of each Pokémon
|rule|OHKO Clause: OHKO moves are banned
|rule|Evasion Items Clause: Evasion items are banned
|rule|Evasion Moves Clause: Evasion moves are banned
|rule|Endless Battle Clause: Forcing endless battles is banned
|rule|HP Percentage Mod: HP is shown in percentages
|rule|Dynamax Clause: You cannot dynamax
|clearpoke
|poke|p1|Miltank, F|
|poke|p1|Polteageist|
|poke|p1|Metagross|
|poke|p1|Porygon2|
|poke|p1|Roserade, M|
|poke|p1|Weezing-Galar, M|
|poke|p2|Weezing-Galar, M|
|poke|p2|Thievul, M|
|poke|p2|Lucario, F|
|poke|p2|Suicune|
|poke|p2|Rhyperior, M|
|poke|p2|Dhelmise|
|teampreview
|
|t:|1664212667
|start
|switch|p1a: Porygon2|Porygon2|100/100
|switch|p2a: Weezing|Weezing-Galar, M|100/100
|-fieldstart|move: Misty Terrain|[from] ability: Misty Surge|[of] p2a: Weezing
|turn|1
|
|t:|1664212682
|switch|p2a: Rhyperior|Rhyperior, M|100/100
|move|p1a: Porygon2|Tri Attack|p2a: Rhyperior
|-resisted|p2a: Rhyperior
|-damage|p2a: Rhyperior|67/100
|
|-heal|p2a: Rhyperior|74/100|[from] item: Leftovers
|upkeep
|turn|2
|
|t:|1664212692
|switch|p1a: Polteageist|Polteageist|100/100
|move|p2a: Rhyperior|Stealth Rock|p1a: Polteageist
|-sidestart|p1: quinlanding|move: Stealth Rock
|
|-heal|p2a: Rhyperior|80/100|[from] item: Leftovers
|upkeep
|turn|3
|
|t:|1664212700
|move|p1a: Polteageist|Giga Drain|p2a: Rhyperior
|-supereffective|p2a: Rhyperior
|-damage|p2a: Rhyperior|9/100
|move|p2a: Rhyperior|Rock Blast|p1a: Polteageist
|-damage|p1a: Polteageist|84/100
|-damage|p1a: Polteageist|67/100
|-damage|p1a: Polteageist|51/100
|-damage|p1a: Polteageist|33/100
|-hitcount|p1a: Polteageist|4
|
|-heal|p2a: Rhyperior|15/100|[from] item: Leftovers
|upkeep
|turn|4
|
|t:|1664212719
|switch|p2a: Lucario|Lucario, F|100/100
|move|p1a: Polteageist|Shadow Ball|p2a: Lucario
|-crit|p2a: Lucario
|-damage|p2a: Lucario|0 fnt
|faint|p2a: Lucario
|
|upkeep
|
|t:|1664212727
|switch|p2a: Suicune|Suicune|100/100
|-ability|p2a: Suicune|Pressure
|turn|5
|
|t:|1664212742
|move|p2a: Suicune|Surf|p1a: Polteageist
|-damage|p1a: Polteageist|17/100
|-start|p2a: Suicune|Disable|Surf|[from] ability: Cursed Body|[of] p1a: Polteageist
|move|p1a: Polteageist|Giga Drain|p2a: Suicune
|-supereffective|p2a: Suicune
|-damage|p2a: Suicune|57/100
|-heal|p1a: Polteageist|44/100|[from] drain|[of] p2a: Suicune
|
|-heal|p2a: Suicune|64/100|[from] item: Leftovers
|upkeep
|turn|6
|
|t:|1664212751
|switch|p2a: Weezing|Weezing-Galar, M|100/100
|move|p1a: Polteageist|Giga Drain|p2a: Weezing
|-resisted|p2a: Weezing
|-damage|p2a: Weezing|81/100
|-heal|p1a: Polteageist|54/100|[from] drain|[of] p2a: Weezing
|
|upkeep
|turn|7
|
|t:|1664212762
|move|p1a: Polteageist|Psyshock|p2a: Weezing
|-supereffective|p2a: Weezing
|-damage|p2a: Weezing|43/100
|move|p2a: Weezing|Strange Steam|p1a: Polteageist
|-damage|p1a: Polteageist|37/100
|-start|p2a: Weezing|Disable|Strange Steam|[from] ability: Cursed Body|[of] p1a: Polteageist
|
|upkeep
|turn|8
|
|t:|1664212770
|switch|p2a: Rhyperior|Rhyperior, M|15/100
|move|p1a: Polteageist|Shadow Ball|p2a: Rhyperior
|-damage|p2a: Rhyperior|0 fnt
|faint|p2a: Rhyperior
|
|-fieldend|Misty Terrain
|upkeep
|
|t:|1664212772
|switch|p2a: Weezing|Weezing-Galar, M|43/100
|-fieldstart|move: Misty Terrain|[from] ability: Misty Surge|[of] p2a: Weezing
|turn|9
|
|t:|1664212775
|switch|p2a: Thievul|Thievul, M, shiny|100/100
|-enditem|p2a: Thievul|Misty Seed
|-boost|p2a: Thievul|spd|1|[from] item: Misty Seed
|move|p1a: Polteageist|Shadow Ball|p2a: Thievul
|-resisted|p2a: Thievul
|-damage|p2a: Thievul|80/100
|
|upkeep
|turn|10
|
|t:|1664212786
|switch|p1a: Weezing|Weezing-Galar, M|100/100
|-damage|p1a: Weezing|88/100|[from] Stealth Rock
|move|p2a: Thievul|Nasty Plot|p2a: Thievul
|-boost|p2a: Thievul|spa|2
|
|-heal|p1a: Weezing|94/100|[from] item: Black Sludge
|upkeep
|turn|11
|
|t:|1664212791
|move|p2a: Thievul|Psychic|p1a: Weezing
|-supereffective|p1a: Weezing
|-damage|p1a: Weezing|1/100
|move|p1a: Weezing|Strange Steam|p2a: Thievul
|-supereffective|p2a: Thievul
|-damage|p2a: Thievul|33/100
|
|-heal|p1a: Weezing|7/100|[from] item: Black Sludge
|upkeep
|turn|12
|
|t:|1664212799
|move|p2a: Thievul|Dark Pulse|p1a: Weezing
|-resisted|p1a: Weezing
|-damage|p1a: Weezing|0 fnt
|faint|p1a: Weezing
|
|upkeep
|
|t:|1664212805
|switch|p1a: Metagross|Metagross|100/100
|-damage|p1a: Metagross|94/100|[from] Stealth Rock
|turn|13
|
|t:|1664212809
|move|p1a: Metagross|Bullet Punch|p2a: Thievul
|-damage|p2a: Thievul|0 fnt
|faint|p2a: Thievul
|
|upkeep
|
|t:|1664212812
|switch|p2a: Suicune|Suicune|64/100
|-ability|p2a: Suicune|Pressure
|turn|14
|
|t:|1664212817
|move|p2a: Suicune|Calm Mind|p2a: Suicune
|-boost|p2a: Suicune|spa|1
|-boost|p2a: Suicune|spd|1
|move|p1a: Metagross|Power-Up Punch|p2a: Suicune
|-damage|p2a: Suicune|55/100
|-boost|p1a: Metagross|atk|1
|
|-heal|p2a: Suicune|61/100|[from] item: Leftovers
|upkeep
|turn|15
|
|t:|1664212821
|move|p2a: Suicune|Surf|p1a: Metagross
|-damage|p1a: Metagross|50/100
|move|p1a: Metagross|Psycho Cut|p2a: Suicune
|-damage|p2a: Suicune|28/100
|
|-heal|p2a: Suicune|34/100|[from] item: Leftovers
|upkeep
|turn|16
|
|t:|1664212828
|move|p2a: Suicune|Surf|p1a: Metagross
|-damage|p1a: Metagross|9/100
|move|p1a: Metagross|Psycho Cut|p2a: Suicune
|-damage|p2a: Suicune|2/100
|
|-heal|p2a: Suicune|9/100|[from] item: Leftovers
|-fieldend|Misty Terrain
|upkeep
|turn|17
|-message|wenomachinsama forfeited.
|
|win|quinlanding
|raw|quinlanding's rating: 1271 &rarr; <strong>1302</strong><br />(+31 for winning)
|raw|wenomachinsama's rating: 1354 &rarr; <strong>1329</strong><br />(-25 for losing)
|l|☆wenomachinsama
|c|☆quinlanding|gg
