|j|☆turbotester12
|j|☆Razan254
|t:|1668114727
|gametype|singles
|player|p1|turbotester12|elesa|1388
|player|p2|Razan254|winona|1371
|teamsize|p1|6
|teamsize|p2|6
|gen|8
|tier|[Gen 8] RU
|rated|
|rule|Sleep Clause Mod: Limit one foe put to sleep
|rule|Species Clause: Limit one of each Pokémon
|rule|OHKO Clause: OHKO moves are banned
|rule|Evasion Items Clause: Evasion items are banned
|rule|Evasion Moves Clause: Evasion moves are banned
|rule|Endless Battle Clause: Forcing endless battles is banned
|rule|HP Percentage Mod: HP is shown in percentages
|rule|Dynamax Clause: You cannot dynamax
|clearpoke
|poke|p1|Cresselia, F|
|poke|p1|Gastrodon, M|
|poke|p1|Drampa, F|
|poke|p1|Diancie|
|poke|p1|Crobat, F|
|poke|p1|Doublade, F|
|poke|p2|Xatu, M|
|poke|p2|Flygon, M|
|poke|p2|Metagross|
|poke|p2|Umbreon, M|
|poke|p2|Raikou|
|poke|p2|Suicune|
|teampreview
|inactive|Battle timer is ON: inactive players will automatically lose when time's up. (requested by Razan254)
|
|t:|1668114743
|start
|switch|p1a: Drampa|Drampa, F|100/100
|switch|p2a: Flygon|Flygon, M|100/100
|turn|1
|
|t:|1668114764
|move|p2a: Flygon|U-turn|p1a: Drampa
|-damage|p1a: Drampa|78/100
|
|t:|1668114774
|switch|p2a: Umbreon|Umbreon, M|100/100|[from]move: U-turn
|move|p1a: Drampa|Draco Meteor|p2a: Umbreon
|-damage|p2a: Umbreon|39/100
|-unboost|p1a: Drampa|spa|2
|
|-heal|p2a: Umbreon|45/100|[from] item: Leftovers
|upkeep
|turn|2
|inactive|Razan254 has 120 seconds left.
|
|t:|1668114806
|switch|p1a: Diancie|Diancie|100/100
|move|p2a: Umbreon|Wish|p2a: Umbreon
|
|-heal|p2a: Umbreon|51/100|[from] item: Leftovers
|upkeep
|turn|3
|
|t:|1668114820
|switch|p2a: Xatu|Xatu, M|100/100
|move|p1a: Diancie|Diamond Storm|p2a: Xatu
|-supereffective|p2a: Xatu
|-damage|p2a: Xatu|27/100
|
|-heal|p2a: Xatu|86/100|[from] move: Wish|[wisher] Umbreon
|upkeep
|turn|4
|
|t:|1668114838
|move|p2a: Xatu|Giga Drain|p1a: Diancie
|-supereffective|p1a: Diancie
|-damage|p1a: Diancie|79/100
|-heal|p2a: Xatu|95/100|[from] drain|[of] p1a: Diancie
|move|p1a: Diancie|Diamond Storm|p2a: Xatu
|-supereffective|p2a: Xatu
|-damage|p2a: Xatu|27/100
|-boost|p1a: Diancie|def|2
|
|-heal|p1a: Diancie|86/100|[from] item: Leftovers
|upkeep
|turn|5
|
|t:|1668114848
|move|p2a: Xatu|Roost|p2a: Xatu
|-heal|p2a: Xatu|77/100
|-singleturn|p2a: Xatu|move: Roost
|move|p1a: Diancie|Diamond Storm|p2a: Xatu
|-damage|p2a: Xatu|40/100
|
|-heal|p1a: Diancie|92/100|[from] item: Leftovers
|upkeep
|turn|6
|
|t:|1668114857
|move|p2a: Xatu|Roost|p2a: Xatu
|-heal|p2a: Xatu|90/100
|-singleturn|p2a: Xatu|move: Roost
|move|p1a: Diancie|Body Press|p2a: Xatu
|-resisted|p2a: Xatu
|-damage|p2a: Xatu|66/100
|-damage|p1a: Diancie|75/100|[from] item: Rocky Helmet|[of] p2a: Xatu
|
|-heal|p1a: Diancie|82/100|[from] item: Leftovers
|upkeep
|turn|7
|
|t:|1668114874
|move|p2a: Xatu|U-turn|p1a: Diancie
|-resisted|p1a: Diancie
|-damage|p1a: Diancie|79/100
|
|t:|1668114877
|switch|p2a: Suicune|Suicune|100/100|[from]move: U-turn
|-ability|p2a: Suicune|Pressure
|move|p1a: Diancie|Diamond Storm|p2a: Suicune
|-damage|p2a: Suicune|80/100
|-boost|p1a: Diancie|def|2
|
|-heal|p2a: Suicune|86/100|[from] item: Leftovers
|-heal|p1a: Diancie|86/100|[from] item: Leftovers
|upkeep
|turn|8
|
|t:|1668114890
|switch|p2a: Xatu|Xatu, M|66/100
|move|p1a: Diancie|Body Press|p2a: Xatu
|-resisted|p2a: Xatu
|-damage|p2a: Xatu|46/100
|-damage|p1a: Diancie|69/100|[from] item: Rocky Helmet|[of] p2a: Xatu
|
|-heal|p1a: Diancie|75/100|[from] item: Leftovers
|upkeep
|turn|9
|
|t:|1668114897
|move|p2a: Xatu|Roost|p2a: Xatu
|-heal|p2a: Xatu|96/100
|-singleturn|p2a: Xatu|move: Roost
|move|p1a: Diancie|Diamond Storm|p2a: Xatu|[miss]
|-miss|p1a: Diancie|p2a: Xatu
|
|-heal|p1a: Diancie|82/100|[from] item: Leftovers
|upkeep
|turn|10
|inactive|Razan254 has 120 seconds left.
|
|t:|1668114904
|move|p2a: Xatu|Giga Drain|p1a: Diancie
|-supereffective|p1a: Diancie
|-damage|p1a: Diancie|60/100
|-heal|p2a: Xatu|100/100|[from] drain|[of] p1a: Diancie
|move|p1a: Diancie|Diamond Storm|p2a: Xatu
|-supereffective|p2a: Xatu
|-damage|p2a: Xatu|30/100
|-boost|p1a: Diancie|def|2
|
|-heal|p1a: Diancie|66/100|[from] item: Leftovers
|upkeep
|turn|11
|
|t:|1668114914
|move|p2a: Xatu|Roost|p2a: Xatu
|-heal|p2a: Xatu|80/100
|-singleturn|p2a: Xatu|move: Roost
|move|p1a: Diancie|Body Press|p2a: Xatu
|-resisted|p2a: Xatu
|-damage|p2a: Xatu|28/100
|-damage|p1a: Diancie|50/100|[from] item: Rocky Helmet|[of] p2a: Xatu
|
|-heal|p1a: Diancie|56/100|[from] item: Leftovers
|upkeep
|turn|12
|inactive|Razan254 has 120 seconds left.
|
|t:|1668114938
|move|p2a: Xatu|Roost|p2a: Xatu
|-heal|p2a: Xatu|78/100
|-singleturn|p2a: Xatu|move: Roost
|move|p1a: Diancie|Body Press|p2a: Xatu
|-resisted|p2a: Xatu
|-damage|p2a: Xatu|25/100
|-damage|p1a: Diancie|40/100|[from] item: Rocky Helmet|[of] p2a: Xatu
|
|-heal|p1a: Diancie|46/100|[from] item: Leftovers
|upkeep
|turn|13
|inactive|Razan254 has 120 seconds left.
|
|t:|1668114948
|move|p2a: Xatu|Roost|p2a: Xatu
|-heal|p2a: Xatu|75/100
|-singleturn|p2a: Xatu|move: Roost
|move|p1a: Diancie|Heal Bell||[still]
|-activate|p1a: Diancie|move: Heal Bell
|-fail|p1a: Diancie
|
|-heal|p1a: Diancie|52/100|[from] item: Leftovers
|upkeep
|turn|14
|
|t:|1668114956
|move|p2a: Xatu|Giga Drain|p1a: Diancie
|-supereffective|p1a: Diancie
|-damage|p1a: Diancie|29/100
|-heal|p2a: Xatu|85/100|[from] drain|[of] p1a: Diancie
|move|p1a: Diancie|Diamond Storm|p2a: Xatu
|-supereffective|p2a: Xatu
|-damage|p2a: Xatu|13/100
|
|-heal|p1a: Diancie|35/100|[from] item: Leftovers
|upkeep
|turn|15
|
|t:|1668114964
|move|p2a: Xatu|Roost|p2a: Xatu
|-heal|p2a: Xatu|63/100
|-singleturn|p2a: Xatu|move: Roost
|move|p1a: Diancie|Body Press|p2a: Xatu
|-resisted|p2a: Xatu
|-damage|p2a: Xatu|12/100
|-damage|p1a: Diancie|19/100|[from] item: Rocky Helmet|[of] p2a: Xatu
|
|-heal|p1a: Diancie|25/100|[from] item: Leftovers
|upkeep
|turn|16
|
|t:|1668114972
|switch|p1a: Drampa|Drampa, F|78/100
|move|p2a: Xatu|Roost|p2a: Xatu
|-heal|p2a: Xatu|62/100
|-singleturn|p2a: Xatu|move: Roost
|
|upkeep
|turn|17
|inactive|Razan254 has 120 seconds left.
|
|t:|1668115011
|switch|p2a: Metagross|Metagross, shiny|100/100
|move|p1a: Drampa|Draco Meteor|p2a: Metagross
|-resisted|p2a: Metagross
|-damage|p2a: Metagross|29/100
|-unboost|p1a: Drampa|spa|2
|
|upkeep
|turn|18
|
|t:|1668115041
|switch|p1a: Gastrodon|Gastrodon, M|100/100
|move|p2a: Metagross|Earthquake|p1a: Gastrodon
|-damage|p1a: Gastrodon|60/100
|
|upkeep
|turn|19
|
|t:|1668115047
|switch|p2a: Umbreon|Umbreon, M|51/100
|switch|p1a: Drampa|Drampa, F|78/100
|
|-heal|p2a: Umbreon|57/100|[from] item: Leftovers
|upkeep
|turn|20
|
|t:|1668115056
|move|p2a: Umbreon|Protect|p2a: Umbreon
|-singleturn|p2a: Umbreon|Protect
|move|p1a: Drampa|Draco Meteor|p2a: Umbreon
|-activate|p2a: Umbreon|move: Protect
|
|-heal|p2a: Umbreon|63/100|[from] item: Leftovers
|upkeep
|turn|21
|
|t:|1668115068
|move|p2a: Umbreon|Wish|p2a: Umbreon
|move|p1a: Drampa|Draco Meteor|p2a: Umbreon
|-damage|p2a: Umbreon|5/100
|-unboost|p1a: Drampa|spa|2
|
|-heal|p2a: Umbreon|11/100|[from] item: Leftovers
|upkeep
|turn|22
|
|t:|1668115083
|move|p2a: Umbreon|Foul Play|p1a: Drampa
|-damage|p1a: Drampa|60/100
|move|p1a: Drampa|Draco Meteor|p2a: Umbreon
|-damage|p2a: Umbreon|0 fnt
|-unboost|p1a: Drampa|spa|2
|faint|p2a: Umbreon
|
|upkeep
|
|t:|1668115088
|switch|p2a: Metagross|Metagross, shiny|29/100
|turn|23
|
|t:|1668115098
|switch|p1a: Cresselia|Cresselia, F|100/100
|move|p2a: Metagross|Meteor Mash|p1a: Cresselia
|-damage|p1a: Cresselia|47/100
|-boost|p2a: Metagross|atk|1
|
|upkeep
|turn|24
|inactive|Razan254 has 120 seconds left.
|
|t:|1668115115
|switch|p1a: Doublade|Doublade, F|100/100
|move|p2a: Metagross|Meteor Mash|p1a: Doublade
|-resisted|p1a: Doublade
|-damage|p1a: Doublade|71/100
|
|upkeep
|turn|25
|
|t:|1668115131
|switch|p2a: Flygon|Flygon, M|100/100
|switch|p1a: Cresselia|Cresselia, F|47/100
|
|upkeep
|turn|26
|
|t:|1668115149
|move|p2a: Flygon|U-turn|p1a: Cresselia
|-supereffective|p1a: Cresselia
|-damage|p1a: Cresselia|16/100
|inactive|Razan254 has 90 seconds left.
|
|t:|1668115171
|switch|p2a: Metagross|Metagross, shiny|29/100|[from]move: U-turn
|move|p1a: Cresselia|Ice Beam|p2a: Metagross
|-resisted|p2a: Metagross
|-damage|p2a: Metagross|16/100
|
|upkeep
|turn|27
|inactive|Razan254 has 90 seconds left.
|
|t:|1668115187
|switch|p1a: Doublade|Doublade, F|71/100
|move|p2a: Metagross|Meteor Mash|p1a: Doublade
|-resisted|p1a: Doublade
|-damage|p1a: Doublade|50/100
|
|upkeep
|turn|28
|inactive|Razan254 has 90 seconds left.
|
|t:|1668115203
|switch|p2a: Flygon|Flygon, M|100/100
|switch|p1a: Cresselia|Cresselia, F|16/100
|
|upkeep
|turn|29
|inactive|Razan254 has 90 seconds left.
|
|t:|1668115213
|switch|p1a: Crobat|Crobat, F|100/100
|move|p2a: Flygon|U-turn|p1a: Crobat
|-resisted|p1a: Crobat
|-damage|p1a: Crobat|96/100
|inactive|Razan254 has 90 seconds left.
|
|t:|1668115241
|switch|p2a: Raikou|Raikou|100/100|[from]move: U-turn
|
|upkeep
|turn|30
|inactive|Razan254 has 60 seconds left.
|
|t:|1668115263
|move|p1a: Crobat|U-turn|p2a: Raikou
|-damage|p2a: Raikou|82/100
|
|t:|1668115266
|switch|p1a: Gastrodon|Gastrodon, M|60/100|[from]move: U-turn
|move|p2a: Raikou|Calm Mind|p2a: Raikou
|-boost|p2a: Raikou|spa|1
|-boost|p2a: Raikou|spd|1
|
|-heal|p2a: Raikou|88/100|[from] item: Leftovers
|upkeep
|turn|31
|inactive|Razan254 has 60 seconds left.
|
|t:|1668115290
|move|p2a: Raikou|Calm Mind|p2a: Raikou
|-boost|p2a: Raikou|spa|1
|-boost|p2a: Raikou|spd|1
|move|p1a: Gastrodon|Toxic|p2a: Raikou|[miss]
|-miss|p1a: Gastrodon|p2a: Raikou
|
|-heal|p2a: Raikou|94/100|[from] item: Leftovers
|upkeep
|turn|32
|inactive|Razan254 has 60 seconds left.
|
|t:|1668115298
|move|p2a: Raikou|Calm Mind|p2a: Raikou
|-boost|p2a: Raikou|spa|1
|-boost|p2a: Raikou|spd|1
|move|p1a: Gastrodon|Toxic|p2a: Raikou
|-status|p2a: Raikou|tox
|
|-heal|p2a: Raikou|100/100 tox|[from] item: Leftovers
|-damage|p2a: Raikou|94/100 tox|[from] psn
|upkeep
|turn|33
|
|t:|1668115307
|move|p2a: Raikou|Shadow Ball|p1a: Gastrodon
|-damage|p1a: Gastrodon|0 fnt
|faint|p1a: Gastrodon
|
|-heal|p2a: Raikou|100/100 tox|[from] item: Leftovers
|-damage|p2a: Raikou|88/100 tox|[from] psn
|upkeep
|
|t:|1668115315
|switch|p1a: Cresselia|Cresselia, F|16/100
|turn|34
|
|t:|1668115324
|move|p1a: Cresselia|Trick|p2a: Raikou
|-activate|p1a: Cresselia|move: Trick|[of] p2a: Raikou
|-item|p2a: Raikou|Choice Scarf|[from] move: Trick
|-item|p1a: Cresselia|Leftovers|[from] move: Trick
|move|p2a: Raikou|Thunderbolt|p1a: Cresselia
|-crit|p1a: Cresselia
|-damage|p1a: Cresselia|0 fnt
|faint|p1a: Cresselia
|
|-damage|p2a: Raikou|69/100 tox|[from] psn
|upkeep
|
|t:|1668115338
|switch|p1a: Drampa|Drampa, F|60/100
|turn|35
|
|t:|1668115343
|move|p2a: Raikou|Thunderbolt|p1a: Drampa
|-resisted|p1a: Drampa
|-damage|p1a: Drampa|2/100
|move|p1a: Drampa|Hyper Voice|p2a: Raikou
|-damage|p2a: Raikou|38/100 tox
|
|-damage|p2a: Raikou|13/100 tox|[from] psn
|upkeep
|turn|36
|
|t:|1668115348
|move|p2a: Raikou|Thunderbolt|p1a: Drampa
|-resisted|p1a: Drampa
|-damage|p1a: Drampa|0 fnt
|faint|p1a: Drampa
|
|-damage|p2a: Raikou|0 fnt|[from] psn
|faint|p2a: Raikou
|upkeep
|-message|turbotester12 forfeited.
|
|win|Razan254
|raw|turbotester12's rating: 1388 &rarr; <strong>1367</strong><br />(-21 for losing)
|raw|Razan254's rating: 1371 &rarr; <strong>1392</strong><br />(+21 for winning)
|l|☆turbotester12
