|j|☆testinganteater
|j|☆lecoopr
|t:|1629740249
|gametype|singles
|player|p1|testinganteater|boarder|1365
|player|p2|lecoopr|tate|1378
|teamsize|p1|6
|teamsize|p2|6
|gen|8
|tier|[Gen 8] RU
|rated|
|rule|Sleep Clause Mod: Limit one foe put to sleep
|rule|Species Clause: Limit one of each Pokémon
|rule|OHKO Clause: OHKO moves are banned
|rule|Evasion Moves Clause: Evasion moves are banned
|rule|Endless Battle Clause: Forcing endless battles is banned
|rule|HP Percentage Mod: HP is shown in percentages
|rule|Dynamax Clause: You cannot dynamax
|clearpoke
|poke|p1|Escavalier, M|
|poke|p1|Gastrodon-East, M|
|poke|p1|Xurkitree|
|poke|p1|Diancie|
|poke|p1|Crobat, M|
|poke|p1|Heracross, M|
|poke|p2|Ninetales-Alola, M|
|poke|p2|Gastrodon, M|
|poke|p2|Cobalion|
|poke|p2|Noivern, F|
|poke|p2|Arctozolt|
|poke|p2|Gardevoir, F|
|teampreview
|inactive|Battle timer is ON: inactive players will automatically lose when time's up. (requested by lecoopr)
|
|t:|1629740283
|start
|switch|p1a: Diancie|Diancie|100/100
|switch|p2a: Cobalion|Cobalion|100/100
|turn|1
|
|t:|1629740293
|switch|p1a: Gastrodon|Gastrodon-East, M|100/100
|move|p2a: Cobalion|Stealth Rock|p1a: Gastrodon
|-sidestart|p1: testinganteater|move: Stealth Rock
|
|upkeep
|turn|2
|
|t:|1629740303
|switch|p2a: Ninetales|Ninetales-Alola, M|100/100
|-weather|Hail|[from] ability: Snow Warning|[of] p2a: Ninetales
|move|p1a: Gastrodon|Earth Power|p2a: Ninetales
|-damage|p2a: Ninetales|74/100
|
|-weather|Hail|[upkeep]
|-damage|p1a: Gastrodon|94/100|[from] Hail
|upkeep
|turn|3
|
|t:|1629740312
|switch|p1a: Escavalier|Escavalier, M|100/100
|-damage|p1a: Escavalier|88/100|[from] Stealth Rock
|move|p2a: Ninetales|Aurora Veil|p2a: Ninetales
|-sidestart|p2: lecoopr|move: Aurora Veil
|
|-weather|Hail|[upkeep]
|-heal|p1a: Escavalier|94/100|[from] item: Leftovers
|upkeep
|turn|4
|
|t:|1629740326
|switch|p2a: Gastrodon|Gastrodon, M|100/100
|move|p1a: Escavalier|Knock Off|p2a: Gastrodon
|-damage|p2a: Gastrodon|91/100
|-enditem|p2a: Gastrodon|Leftovers|[from] move: Knock Off|[of] p1a: Escavalier
|
|-weather|Hail|[upkeep]
|-damage|p2a: Gastrodon|85/100|[from] Hail
|-heal|p1a: Escavalier|99/100|[from] item: Leftovers
|upkeep
|turn|5
|
|t:|1629740342
|switch|p1a: Gastrodon|Gastrodon-East, M|94/100
|move|p2a: Gastrodon|Earth Power|p1a: Gastrodon
|-damage|p1a: Gastrodon|65/100
|-unboost|p1a: Gastrodon|spd|1
|
|-weather|Hail|[upkeep]
|-damage|p2a: Gastrodon|78/100|[from] Hail
|-damage|p1a: Gastrodon|59/100|[from] Hail
|upkeep
|turn|6
|
|t:|1629740352
|switch|p1a: Crobat|Crobat, M|100/100
|move|p2a: Gastrodon|Toxic|p1a: Crobat
|-immune|p1a: Crobat
|
|-weather|none
|upkeep
|turn|7
|
|t:|1629740359
|switch|p2a: Cobalion|Cobalion|100/100
|move|p1a: Crobat|Defog|p2a: Cobalion
|-unboost|p2a: Cobalion|evasion|1
|-sideend|p2: lecoopr|move: Aurora Veil
|-sideend|p1: testinganteater|Stealth Rock|[from] move: Defog|[of] p1a: Crobat
|
|upkeep
|turn|8
|
|t:|1629740367
|move|p1a: Crobat|U-turn|p2a: Cobalion
|-resisted|p2a: Cobalion
|-damage|p2a: Cobalion|97/100
|-damage|p1a: Crobat|84/100|[from] item: Rocky Helmet|[of] p2a: Cobalion
|
|t:|1629740384
|switch|p1a: Xurkitree|Xurkitree|100/100|[from]move: U-turn
|move|p2a: Cobalion|Stealth Rock|p1a: Xurkitree
|-sidestart|p1: testinganteater|move: Stealth Rock
|
|upkeep
|turn|9
|
|t:|1629740397
|switch|p2a: Gardevoir|Gardevoir, F|100/100
|-ability|p2a: Gardevoir|Beast Boost|[from] ability: Trace|[of] p1a: Xurkitree
|move|p1a: Xurkitree|Volt Switch|p2a: Gardevoir
|-damage|p2a: Gardevoir|49/100
|
|t:|1629740405
|switch|p1a: Diancie|Diancie|100/100|[from]move: Volt Switch
|-damage|p1a: Diancie|88/100|[from] Stealth Rock
|
|-heal|p1a: Diancie|94/100|[from] item: Leftovers
|upkeep
|turn|10
|
|t:|1629740411
|switch|p2a: Cobalion|Cobalion|97/100
|move|p1a: Diancie|Stealth Rock|p2a: Cobalion
|-sidestart|p2: lecoopr|move: Stealth Rock
|
|-heal|p1a: Diancie|100/100|[from] item: Leftovers
|upkeep
|turn|11
|
|t:|1629740421
|switch|p2a: Ninetales|Ninetales-Alola, M|74/100
|-weather|Hail|[from] ability: Snow Warning|[of] p2a: Ninetales
|switch|p1a: Crobat|Crobat, M|84/100
|
|-weather|Hail|[upkeep]
|-damage|p1a: Crobat|78/100|[from] Hail
|upkeep
|turn|12
|
|t:|1629740430
|move|p1a: Crobat|U-turn|p2a: Ninetales
|-resisted|p2a: Ninetales
|-damage|p2a: Ninetales|66/100
|
|t:|1629740440
|switch|p1a: Escavalier|Escavalier, M|99/100|[from]move: U-turn
|-damage|p1a: Escavalier|88/100|[from] Stealth Rock
|move|p2a: Ninetales|Aurora Veil|p2a: Ninetales
|-sidestart|p2: lecoopr|move: Aurora Veil
|
|-weather|Hail|[upkeep]
|-heal|p1a: Escavalier|94/100|[from] item: Leftovers
|upkeep
|turn|13
|
|t:|1629740459
|switch|p2a: Cobalion|Cobalion|97/100
|-damage|p2a: Cobalion|94/100|[from] Stealth Rock
|move|p1a: Escavalier|Close Combat|p2a: Cobalion
|-supereffective|p2a: Cobalion
|-damage|p2a: Cobalion|63/100
|-unboost|p1a: Escavalier|def|1
|-unboost|p1a: Escavalier|spd|1
|-damage|p1a: Escavalier|77/100|[from] item: Rocky Helmet|[of] p2a: Cobalion
|
|-weather|Hail|[upkeep]
|-damage|p2a: Cobalion|57/100|[from] Hail
|-heal|p1a: Escavalier|83/100|[from] item: Leftovers
|upkeep
|turn|14
|inactive|testinganteater has 120 seconds left.
|
|t:|1629740503
|switch|p1a: Crobat|Crobat, M|78/100
|move|p2a: Cobalion|Close Combat|p1a: Crobat
|-resisted|p1a: Crobat
|-damage|p1a: Crobat|64/100
|-unboost|p2a: Cobalion|def|1
|-unboost|p2a: Cobalion|spd|1
|
|-weather|Hail|[upkeep]
|-damage|p1a: Crobat|58/100|[from] Hail
|-damage|p2a: Cobalion|51/100|[from] Hail
|upkeep
|turn|15
|
|t:|1629740514
|move|p1a: Crobat|Roost|p1a: Crobat
|-heal|p1a: Crobat|100/100
|-singleturn|p1a: Crobat|move: Roost
|move|p2a: Cobalion|Volt Switch|p1a: Crobat
|-damage|p1a: Crobat|86/100
|
|t:|1629740520
|switch|p2a: Noivern|Noivern, F|100/100|[from]move: Volt Switch
|
|-weather|none
|upkeep
|turn|16
|inactive|testinganteater has 120 seconds left.
|
|t:|1629740527
|move|p1a: Crobat|U-turn|p2a: Noivern
|-resisted|p2a: Noivern
|-crit|p2a: Noivern
|-damage|p2a: Noivern|85/100
|inactive|testinganteater has 120 seconds left.
|inactive|testinganteater has 90 seconds left.
|inactive|testinganteater has 60 seconds left.
|inactive|testinganteater has 30 seconds left.
|
|t:|1629740630
|switch|p1a: Diancie|Diancie|100/100|[from]move: U-turn
|-damage|p1a: Diancie|88/100|[from] Stealth Rock
|move|p2a: Noivern|Hurricane|p1a: Diancie
|-resisted|p1a: Diancie
|-damage|p1a: Diancie|73/100
|
|-heal|p1a: Diancie|79/100|[from] item: Leftovers
|-sideend|p2: lecoopr|move: Aurora Veil
|upkeep
|turn|17
|inactive|testinganteater has 30 seconds left.
|
|t:|1629740644
|move|p2a: Noivern|U-turn|p1a: Diancie
|-resisted|p1a: Diancie
|-damage|p1a: Diancie|75/100
|
|t:|1629740647
|switch|p2a: Cobalion|Cobalion|51/100|[from]move: U-turn
|-damage|p2a: Cobalion|48/100|[from] Stealth Rock
|move|p1a: Diancie|Diamond Storm|p2a: Cobalion
|-resisted|p2a: Cobalion
|-damage|p2a: Cobalion|41/100
|
|-heal|p1a: Diancie|82/100|[from] item: Leftovers
|upkeep
|turn|18
|
|t:|1629740656
|switch|p1a: Gastrodon|Gastrodon-East, M|59/100
|move|p2a: Cobalion|Volt Switch|p1a: Gastrodon
|-immune|p1a: Gastrodon
|
|upkeep
|turn|19
|
|t:|1629740666
|switch|p2a: Noivern|Noivern, F|85/100
|move|p1a: Gastrodon|Recover|p1a: Gastrodon
|-heal|p1a: Gastrodon|100/100
|
|upkeep
|turn|20
|
|t:|1629740674
|switch|p1a: Diancie|Diancie|82/100
|-damage|p1a: Diancie|69/100|[from] Stealth Rock
|move|p2a: Noivern|Defog|p1a: Diancie
|-fail|p1a: Diancie|unboost|[from] ability: Clear Body|[of] p1a: Diancie
|-sideend|p1: testinganteater|Stealth Rock|[from] move: Defog|[of] p2a: Noivern
|-sideend|p2: lecoopr|Stealth Rock|[from] move: Defog|[of] p2a: Noivern
|
|-heal|p1a: Diancie|75/100|[from] item: Leftovers
|upkeep
|turn|21
|
|t:|1629740683
|move|p2a: Noivern|U-turn|p1a: Diancie
|-resisted|p1a: Diancie
|-damage|p1a: Diancie|71/100
|
|t:|1629740695
|switch|p2a: Cobalion|Cobalion|41/100|[from]move: U-turn
|move|p1a: Diancie|Stealth Rock|p2a: Cobalion
|-sidestart|p2: lecoopr|move: Stealth Rock
|
|-heal|p1a: Diancie|77/100|[from] item: Leftovers
|upkeep
|turn|22
|
|t:|1629740713
|switch|p1a: Gastrodon|Gastrodon-East, M|100/100
|move|p2a: Cobalion|Close Combat|p1a: Gastrodon
|-damage|p1a: Gastrodon|64/100
|-unboost|p2a: Cobalion|def|1
|-unboost|p2a: Cobalion|spd|1
|
|upkeep
|turn|23
|
|t:|1629740726
|switch|p2a: Gastrodon|Gastrodon, M|78/100
|-damage|p2a: Gastrodon|72/100|[from] Stealth Rock
|move|p1a: Gastrodon|Recover|p1a: Gastrodon
|-heal|p1a: Gastrodon|100/100
|
|upkeep
|turn|24
|
|t:|1629740735
|move|p2a: Gastrodon|Scald|p1a: Gastrodon
|-ability|p1a: Gastrodon|Storm Drain|boost
|-boost|p1a: Gastrodon|spa|1
|move|p1a: Gastrodon|Toxic|p2a: Gastrodon
|-status|p2a: Gastrodon|tox
|
|-damage|p2a: Gastrodon|66/100 tox|[from] psn
|upkeep
|turn|25
|-message|lecoopr forfeited.
|
|win|testinganteater
|raw|testinganteater's rating: 1365 &rarr; <strong>1386</strong><br />(+21 for winning)
|raw|lecoopr's rating: 1378 &rarr; <strong>1357</strong><br />(-21 for losing)
|l|☆lecoopr
||Ladder isn't responding, score probably updated but might not have (Request timeout).
