|j|☆polar_geass
|j|☆Kaito Amami
|t:|1613490708
|player|p1|polar_geass|skyla|1348
|player|p2|Kaito Amami|acetrainersnow|1505
|teamsize|p1|6
|teamsize|p2|6
|gametype|singles
|gen|8
|tier|[Gen 8] RU
|rated|
|clearpoke
|poke|p1|Seismitoad, M|
|poke|p1|Politoed, F|
|poke|p1|Tornadus, M|
|poke|p1|Toxicroak, M|
|poke|p1|Kingdra, M|
|poke|p1|Bronzong|
|poke|p2|Seismitoad, F|
|poke|p2|Toxtricity, F|
|poke|p2|Registeel|
|poke|p2|Zygarde-10%|
|poke|p2|Togekiss, F|
|poke|p2|Zarude-Dada|
|rule|Sleep Clause Mod: Limit one foe put to sleep
|rule|Species Clause: Limit one of each Pokémon
|rule|OHKO Clause: OHKO moves are banned
|rule|Evasion Moves Clause: Evasion moves are banned
|rule|Endless Battle Clause: Forcing endless battles is banned
|rule|HP Percentage Mod: HP is shown in percentages
|rule|Dynamax Clause: You cannot dynamax
|teampreview
|
|t:|1613490732
|start
|switch|p1a: Tornadus|Tornadus, M|100/100
|switch|p2a: Toxtricity|Toxtricity, F|100/100
|turn|1
|
|t:|1613490740
|move|p1a: Tornadus|U-turn|p2a: Toxtricity
|-resisted|p2a: Toxtricity
|-damage|p2a: Toxtricity|88/100
|
|t:|1613490744
|switch|p1a: Bronzong|Bronzong|100/100|[from]move: U-turn
|move|p2a: Toxtricity|Boomburst|p1a: Bronzong
|-resisted|p1a: Bronzong
|-damage|p1a: Bronzong|71/100
|
|upkeep
|turn|2
|
|t:|1613490756
|switch|p2a: Registeel|Registeel|100/100
|move|p1a: Bronzong|Earthquake|p2a: Registeel
|-supereffective|p2a: Registeel
|-damage|p2a: Registeel|67/100
|
|-heal|p2a: Registeel|73/100|[from] item: Leftovers
|upkeep
|turn|3
|
|t:|1613490771
|switch|p1a: Politoed|Politoed, F|100/100
|-weather|RainDance|[from] ability: Drizzle|[of] p1a: Politoed
|move|p2a: Registeel|Protect||[still]
|-fail|p2a: Registeel
|
|-weather|RainDance|[upkeep]
|-heal|p2a: Registeel|79/100|[from] item: Leftovers
|upkeep
|turn|4
|
|t:|1613490782
|switch|p1a: Seismitoad|Seismitoad, M|100/100
|move|p2a: Registeel|Protect||[still]
|-fail|p2a: Registeel
|
|-weather|RainDance|[upkeep]
|-heal|p2a: Registeel|85/100|[from] item: Leftovers
|upkeep
|turn|5
|
|t:|1613490790
|move|p2a: Registeel|Protect|p2a: Registeel
|-singleturn|p2a: Registeel|Protect
|move|p1a: Seismitoad|Earthquake|p2a: Registeel
|-activate|p2a: Registeel|move: Protect
|
|-weather|RainDance|[upkeep]
|-heal|p2a: Registeel|91/100|[from] item: Leftovers
|upkeep
|turn|6
|
|t:|1613490813
|switch|p2a: Zarude|Zarude-Dada|100/100
|move|p1a: Seismitoad|Low Kick|p2a: Zarude
|-supereffective|p2a: Zarude
|-damage|p2a: Zarude|39/100
|-damage|p1a: Seismitoad|91/100|[from] item: Life Orb
|
|-weather|RainDance|[upkeep]
|upkeep
|turn|7
|
|t:|1613490823
|move|p1a: Seismitoad|Low Kick|p2a: Zarude
|-supereffective|p2a: Zarude
|-damage|p2a: Zarude|0 fnt
|-damage|p1a: Seismitoad|81/100|[from] item: Life Orb
|faint|p2a: Zarude
|
|-weather|RainDance|[upkeep]
|upkeep
|
|t:|1613490829
|switch|p2a: Seismitoad|Seismitoad, F|100/100
|turn|8
|
|t:|1613490835
|move|p1a: Seismitoad|Earthquake|p2a: Seismitoad
|-damage|p2a: Seismitoad|60/100
|-damage|p1a: Seismitoad|71/100|[from] item: Life Orb
|move|p2a: Seismitoad|Knock Off|p1a: Seismitoad
|-damage|p1a: Seismitoad|45/100
|-enditem|p1a: Seismitoad|Life Orb|[from] move: Knock Off|[of] p2a: Seismitoad
|
|-weather|RainDance|[upkeep]
|-heal|p2a: Seismitoad|66/100|[from] item: Leftovers
|upkeep
|turn|9
|
|t:|1613490845
|switch|p1a: Bronzong|Bronzong|71/100
|move|p2a: Seismitoad|Scald|p1a: Bronzong
|-damage|p1a: Bronzong|43/100
|
|-weather|RainDance|[upkeep]
|-heal|p2a: Seismitoad|72/100|[from] item: Leftovers
|upkeep
|turn|10
|
|t:|1613490854
|switch|p2a: Registeel|Registeel|91/100
|move|p1a: Bronzong|Toxic|p2a: Registeel|[miss]
|-miss|p1a: Bronzong|p2a: Registeel
|
|-weather|none
|-heal|p2a: Registeel|97/100|[from] item: Leftovers
|upkeep
|turn|11
|
|t:|1613490868
|switch|p1a: Politoed|Politoed, F|100/100
|-weather|RainDance|[from] ability: Drizzle|[of] p1a: Politoed
|move|p2a: Registeel|Stealth Rock|p1a: Politoed
|-sidestart|p1: polar_geass|move: Stealth Rock
|
|-weather|RainDance|[upkeep]
|-heal|p2a: Registeel|100/100|[from] item: Leftovers
|upkeep
|turn|12
|
|t:|1613490886
|switch|p1a: Bronzong|Bronzong|43/100
|-damage|p1a: Bronzong|37/100|[from] Stealth Rock
|move|p2a: Registeel|Seismic Toss|p1a: Bronzong
|-damage|p1a: Bronzong|8/100
|
|-weather|RainDance|[upkeep]
|upkeep
|turn|13
|
|t:|1613490895
|move|p2a: Registeel|Protect|p2a: Registeel
|-singleturn|p2a: Registeel|Protect
|move|p1a: Bronzong|Stealth Rock|p2a: Registeel
|-sidestart|p2: Kaito Amami|move: Stealth Rock
|
|-weather|RainDance|[upkeep]
|upkeep
|turn|14
|
|t:|1613490904
|switch|p2a: Togekiss|Togekiss, F|100/100
|move|p1a: Bronzong|Earthquake|p2a: Togekiss
|-immune|p2a: Togekiss
|
|-weather|RainDance|[upkeep]
|upkeep
|turn|15
|
|t:|1613490911
|move|p2a: Togekiss|Air Slash|p1a: Bronzong
|-resisted|p1a: Bronzong
|-damage|p1a: Bronzong|0 fnt
|faint|p1a: Bronzong
|
|-weather|RainDance|[upkeep]
|upkeep
|
|t:|1613490923
|switch|p1a: Toxicroak|Toxicroak, M|100/100
|-damage|p1a: Toxicroak|94/100|[from] Stealth Rock
|turn|16
|
|t:|1613490930
|move|p1a: Toxicroak|Gunk Shot|p2a: Togekiss
|-supereffective|p2a: Togekiss
|-damage|p2a: Togekiss|0 fnt
|-damage|p1a: Toxicroak|85/100|[from] item: Life Orb
|faint|p2a: Togekiss
|
|-weather|RainDance|[upkeep]
|-heal|p1a: Toxicroak|97/100|[from] ability: Dry Skin
|upkeep
|
|t:|1613490939
|switch|p2a: Zygarde|Zygarde-10%|100/100
|-damage|p2a: Zygarde|94/100|[from] Stealth Rock
|-ability|p2a: Zygarde|Aura Break
|turn|17
|
|t:|1613490986
|switch|p1a: Tornadus|Tornadus, M|100/100
|move|p2a: Zygarde|Thousand Arrows|p1a: Tornadus
|-damage|p1a: Tornadus|16/100
|-start|p1a: Tornadus|Smack Down
|
|-weather|RainDance|[upkeep]
|upkeep
|turn|18
|
|t:|1613490998
|move|p2a: Zygarde|Thousand Arrows|p1a: Tornadus
|-damage|p1a: Tornadus|0 fnt
|faint|p1a: Tornadus
|
|-weather|none
|upkeep
|
|t:|1613491004
|switch|p1a: Politoed|Politoed, F|100/100
|-damage|p1a: Politoed|88/100|[from] Stealth Rock
|-weather|RainDance|[from] ability: Drizzle|[of] p1a: Politoed
|turn|19
|
|t:|1613491031
|switch|p2a: Seismitoad|Seismitoad, F|72/100
|-damage|p2a: Seismitoad|66/100|[from] Stealth Rock
|move|p1a: Politoed|Perish Song|p1a: Politoed
|-start|p1a: Politoed|perish3|[silent]
|-start|p2a: Seismitoad|perish3|[silent]
|-fieldactivate|move: Perish Song
|
|-weather|RainDance|[upkeep]
|-heal|p2a: Seismitoad|72/100|[from] item: Leftovers
|-start|p1a: Politoed|perish3
|-start|p2a: Seismitoad|perish3
|upkeep
|turn|20
|
|t:|1613491070
|move|p1a: Politoed|Rest|p1a: Politoed
|-status|p1a: Politoed|slp|[from] move: Rest
|-heal|p1a: Politoed|100/100 slp|[silent]
|move|p2a: Seismitoad|Knock Off|p1a: Politoed
|-damage|p1a: Politoed|84/100 slp
|-enditem|p1a: Politoed|Damp Rock|[from] move: Knock Off|[of] p2a: Seismitoad
|
|-weather|RainDance|[upkeep]
|-heal|p2a: Seismitoad|78/100|[from] item: Leftovers
|-start|p1a: Politoed|perish2
|-start|p2a: Seismitoad|perish2
|upkeep
|turn|21
|
|t:|1613491082
|switch|p1a: Seismitoad|Seismitoad, M|45/100
|-damage|p1a: Seismitoad|39/100|[from] Stealth Rock
|switch|p2a: Toxtricity|Toxtricity, F|88/100
|-damage|p2a: Toxtricity|75/100|[from] Stealth Rock
|
|-weather|RainDance|[upkeep]
|upkeep
|turn|22
|
|t:|1613491092
|switch|p2a: Seismitoad|Seismitoad, F|78/100
|-damage|p2a: Seismitoad|72/100|[from] Stealth Rock
|move|p1a: Seismitoad|Earthquake|p2a: Seismitoad
|-damage|p2a: Seismitoad|40/100
|
|-weather|RainDance|[upkeep]
|-heal|p2a: Seismitoad|46/100|[from] item: Leftovers
|upkeep
|turn|23
|
|t:|1613491101
|move|p1a: Seismitoad|Knock Off|p2a: Seismitoad
|-damage|p2a: Seismitoad|25/100
|-enditem|p2a: Seismitoad|Leftovers|[from] move: Knock Off|[of] p1a: Seismitoad
|move|p2a: Seismitoad|Scald|p1a: Seismitoad
|-damage|p1a: Seismitoad|0 fnt
|faint|p1a: Seismitoad
|
|-weather|RainDance|[upkeep]
|upkeep
|
|t:|1613491129
|switch|p1a: Toxicroak|Toxicroak, M|97/100
|-damage|p1a: Toxicroak|91/100|[from] Stealth Rock
|turn|24
|
|t:|1613491134
|move|p1a: Toxicroak|Drain Punch|p2a: Seismitoad
|-crit|p2a: Seismitoad
|-damage|p2a: Seismitoad|0 fnt
|-heal|p1a: Toxicroak|100/100|[from] drain|[of] p2a: Seismitoad
|-damage|p1a: Toxicroak|91/100|[from] item: Life Orb
|faint|p2a: Seismitoad
|
|-weather|RainDance|[upkeep]
|-heal|p1a: Toxicroak|100/100|[from] ability: Dry Skin
|upkeep
|
|t:|1613491137
|switch|p2a: Zygarde|Zygarde-10%|94/100
|-damage|p2a: Zygarde|88/100|[from] Stealth Rock
|-ability|p2a: Zygarde|Aura Break
|turn|25
|
|t:|1613491150
|move|p2a: Zygarde|Thousand Arrows|p1a: Toxicroak
|-supereffective|p1a: Toxicroak
|-damage|p1a: Toxicroak|0 fnt
|faint|p1a: Toxicroak
|
|-weather|RainDance|[upkeep]
|upkeep
|
|t:|1613491156
|switch|p1a: Kingdra|Kingdra, M|100/100
|-damage|p1a: Kingdra|88/100|[from] Stealth Rock
|turn|26
|
|t:|1613491164
|switch|p2a: Toxtricity|Toxtricity, F|75/100
|-damage|p2a: Toxtricity|63/100|[from] Stealth Rock
|move|p1a: Kingdra|Surf|p2a: Toxtricity
|-damage|p2a: Toxtricity|0 fnt
|faint|p2a: Toxtricity
|
|-weather|none
|upkeep
|
|t:|1613491168
|switch|p2a: Zygarde|Zygarde-10%|88/100
|-damage|p2a: Zygarde|82/100|[from] Stealth Rock
|-ability|p2a: Zygarde|Aura Break
|turn|27
|
|t:|1613491179
|switch|p1a: Politoed|Politoed, F|84/100 slp
|-damage|p1a: Politoed|72/100 slp|[from] Stealth Rock
|-weather|RainDance|[from] ability: Drizzle|[of] p1a: Politoed
|move|p2a: Zygarde|Outrage|p1a: Politoed
|-damage|p1a: Politoed|7/100 slp
|
|-weather|RainDance|[upkeep]
|upkeep
|turn|28
|
|t:|1613491191
|move|p2a: Zygarde|Outrage|p1a: Politoed|[from]lockedmove
|-damage|p1a: Politoed|0 fnt
|faint|p1a: Politoed
|
|-weather|RainDance|[upkeep]
|upkeep
|
|t:|1613491197
|switch|p1a: Kingdra|Kingdra, M|88/100
|-damage|p1a: Kingdra|76/100|[from] Stealth Rock
|turn|29
|
|t:|1613491201
|move|p1a: Kingdra|Surf|p2a: Zygarde
|-damage|p2a: Zygarde|0 fnt
|faint|p2a: Zygarde
|
|-weather|RainDance|[upkeep]
|upkeep
|
|t:|1613491203
|switch|p2a: Registeel|Registeel|100/100
|-damage|p2a: Registeel|94/100|[from] Stealth Rock
|turn|30
|
|t:|1613491208
|move|p2a: Registeel|Protect|p2a: Registeel
|-singleturn|p2a: Registeel|Protect
|move|p1a: Kingdra|Surf|p2a: Registeel
|-activate|p2a: Registeel|move: Protect
|
|-weather|RainDance|[upkeep]
|-heal|p2a: Registeel|100/100|[from] item: Leftovers
|upkeep
|turn|31
|
|t:|1613491215
|move|p1a: Kingdra|Surf|p2a: Registeel
|-damage|p2a: Registeel|51/100
|move|p2a: Registeel|Seismic Toss|p1a: Kingdra
|-damage|p1a: Kingdra|41/100
|
|-weather|none
|-heal|p2a: Registeel|57/100|[from] item: Leftovers
|upkeep
|turn|32
|
|t:|1613491224
|move|p2a: Registeel|Protect|p2a: Registeel
|-singleturn|p2a: Registeel|Protect
|move|p1a: Kingdra|Surf|p2a: Registeel
|-activate|p2a: Registeel|move: Protect
|
|-heal|p2a: Registeel|63/100|[from] item: Leftovers
|upkeep
|turn|33
|
|t:|1613491231
|move|p1a: Kingdra|Surf|p2a: Registeel
|-damage|p2a: Registeel|31/100
|move|p2a: Registeel|Seismic Toss|p1a: Kingdra
|-damage|p1a: Kingdra|7/100
|
|-heal|p2a: Registeel|37/100|[from] item: Leftovers
|upkeep
|turn|34
|
|t:|1613491238
|move|p2a: Registeel|Protect|p2a: Registeel
|-singleturn|p2a: Registeel|Protect
|move|p1a: Kingdra|Surf|p2a: Registeel
|-activate|p2a: Registeel|move: Protect
|
|-heal|p2a: Registeel|43/100|[from] item: Leftovers
|upkeep
|turn|35
|
|t:|1613491247
|move|p1a: Kingdra|Surf|p2a: Registeel
|-damage|p2a: Registeel|13/100
|move|p2a: Registeel|Seismic Toss|p1a: Kingdra
|-damage|p1a: Kingdra|0 fnt
|faint|p1a: Kingdra
|
|win|Kaito Amami
|l|☆Kaito Amami
