|j|☆literallyfreemoney
|j|☆Simonsayyzz
|t:|1656786209
|gametype|singles
|player|p1|literallyfreemoney|pokemonbreeder-gen4|1387
|player|p2|Simonsayyzz|lance|1136
|teamsize|p1|6
|teamsize|p2|6
|gen|8
|tier|[Gen 8] RU
|rated|
|rule|Sleep Clause Mod: Limit one foe put to sleep
|rule|Species Clause: Limit one of each Pokémon
|rule|OHKO Clause: OHKO moves are banned
|rule|Evasion Moves Clause: Evasion moves are banned
|rule|Endless Battle Clause: Forcing endless battles is banned
|rule|HP Percentage Mod: HP is shown in percentages
|rule|Dynamax Clause: You cannot dynamax
|clearpoke
|poke|p1|Salazzle, F|
|poke|p1|Steelix, M|
|poke|p1|Druddigon, F|
|poke|p1|Crobat, F|
|poke|p1|Sylveon, F|
|poke|p1|Zoroark, M|
|poke|p2|Gigalith, F|
|poke|p2|Bronzong|
|poke|p2|Registeel|
|poke|p2|Aggron, F|
|poke|p2|Regirock|
|poke|p2|Tyrantrum, F|
|teampreview
|
|t:|1656786218
|start
|switch|p1a: Garchomp at home|Druddigon, F|100/100
|switch|p2a: Gigalith|Gigalith, F|100/100
|-weather|Sandstorm|[from] ability: Sand Stream|[of] p2a: Gigalith
|turn|1
|
|t:|1656786230
|move|p1a: Garchomp at home|Earthquake|p2a: Gigalith
|-supereffective|p2a: Gigalith
|-damage|p2a: Gigalith|61/100
|move|p2a: Gigalith|Stealth Rock|p1a: Garchomp at home
|-sidestart|p1: literallyfreemoney|move: Stealth Rock
|
|-weather|Sandstorm|[upkeep]
|-damage|p1a: Garchomp at home|95/100|[from] Sandstorm
|-heal|p1a: Garchomp at home|100/100|[from] item: Leftovers
|-heal|p2a: Gigalith|67/100|[from] item: Leftovers
|upkeep
|turn|2
|
|t:|1656786239
|move|p1a: Garchomp at home|Stealth Rock|p2a: Gigalith
|-sidestart|p2: Simonsayyzz|move: Stealth Rock
|move|p2a: Gigalith|Toxic|p1a: Garchomp at home
|-status|p1a: Garchomp at home|tox
|
|-weather|Sandstorm|[upkeep]
|-damage|p1a: Garchomp at home|95/100 tox|[from] Sandstorm
|-heal|p1a: Garchomp at home|100/100 tox|[from] item: Leftovers
|-heal|p2a: Gigalith|73/100|[from] item: Leftovers
|-damage|p1a: Garchomp at home|95/100 tox|[from] psn
|upkeep
|turn|3
|
|t:|1656786255
|move|p1a: Garchomp at home|Earthquake|p2a: Gigalith
|-supereffective|p2a: Gigalith
|-damage|p2a: Gigalith|37/100
|move|p2a: Gigalith|Stone Edge|p1a: Garchomp at home
|-damage|p1a: Garchomp at home|58/100 tox
|
|-weather|Sandstorm|[upkeep]
|-damage|p1a: Garchomp at home|52/100 tox|[from] Sandstorm
|-heal|p1a: Garchomp at home|58/100 tox|[from] item: Leftovers
|-heal|p2a: Gigalith|43/100|[from] item: Leftovers
|-damage|p1a: Garchomp at home|46/100 tox|[from] psn
|upkeep
|turn|4
|
|t:|1656786265
|switch|p1a: Steelix|Steelix, M|100/100
|-damage|p1a: Steelix|97/100|[from] Stealth Rock
|move|p2a: Gigalith|Protect||[still]
|-fail|p2a: Gigalith
|
|-weather|Sandstorm|[upkeep]
|-heal|p1a: Steelix|100/100|[from] item: Leftovers
|-heal|p2a: Gigalith|49/100|[from] item: Leftovers
|upkeep
|turn|5
|
|t:|1656786284
|switch|p2a: Bronzong|Bronzong|100/100
|-damage|p2a: Bronzong|94/100|[from] Stealth Rock
|move|p1a: Steelix|Iron Defense|p1a: Steelix
|-boost|p1a: Steelix|def|2
|
|-weather|none
|-heal|p2a: Bronzong|100/100|[from] item: Leftovers
|upkeep
|turn|6
|
|t:|1656786299
|move|p1a: Steelix|Body Press|p2a: Bronzong
|-damage|p2a: Bronzong|32/100
|move|p2a: Bronzong|Flash Cannon|p1a: Steelix
|-resisted|p1a: Steelix
|-damage|p1a: Steelix|82/100
|
|-heal|p1a: Steelix|88/100|[from] item: Leftovers
|-heal|p2a: Bronzong|38/100|[from] item: Leftovers
|upkeep
|turn|7
|
|t:|1656786308
|move|p2a: Bronzong|Protect|p2a: Bronzong
|-singleturn|p2a: Bronzong|Protect
|move|p1a: Steelix|Body Press|p2a: Bronzong
|-activate|p2a: Bronzong|move: Protect
|
|-heal|p1a: Steelix|95/100|[from] item: Leftovers
|-heal|p2a: Bronzong|44/100|[from] item: Leftovers
|upkeep
|turn|8
|
|t:|1656786339
|move|p1a: Steelix|Body Press|p2a: Bronzong
|-damage|p2a: Bronzong|0 fnt
|faint|p2a: Bronzong
|
|-heal|p1a: Steelix|100/100|[from] item: Leftovers
|upkeep
|
|t:|1656786365
|switch|p2a: Aggron|Aggron, F|100/100
|-damage|p2a: Aggron|94/100|[from] Stealth Rock
|turn|9
|
|t:|1656786369
|move|p1a: Steelix|Body Press|p2a: Aggron
|-supereffective|p2a: Aggron
|-damage|p2a: Aggron|0 fnt
|faint|p2a: Aggron
|
|upkeep
|
|t:|1656786375
|switch|p2a: Tyrantrum|Tyrantrum, F, shiny|100/100
|-damage|p2a: Tyrantrum|88/100|[from] Stealth Rock
|turn|10
|
|t:|1656786381
|move|p2a: Tyrantrum|Earthquake|p1a: Steelix
|-supereffective|p1a: Steelix
|-damage|p1a: Steelix|73/100
|move|p1a: Steelix|Body Press|p2a: Tyrantrum
|-supereffective|p2a: Tyrantrum
|-damage|p2a: Tyrantrum|0 fnt
|faint|p2a: Tyrantrum
|
|-heal|p1a: Steelix|79/100|[from] item: Leftovers
|upkeep
|
|t:|1656786391
|switch|p2a: Regirock|Regirock|100/100
|-damage|p2a: Regirock|88/100|[from] Stealth Rock
|turn|11
|
|t:|1656786396
|move|p1a: Steelix|Body Press|p2a: Regirock
|-supereffective|p2a: Regirock
|-damage|p2a: Regirock|1/100
|move|p2a: Regirock|Seismic Toss|p1a: Steelix
|-damage|p1a: Steelix|45/100
|
|-heal|p1a: Steelix|51/100|[from] item: Leftovers
|-heal|p2a: Regirock|7/100|[from] item: Leftovers
|upkeep
|turn|12
|
|t:|1656786405
|move|p1a: Steelix|Body Press|p2a: Regirock
|-supereffective|p2a: Regirock
|-damage|p2a: Regirock|0 fnt
|faint|p2a: Regirock
|
|-heal|p1a: Steelix|57/100|[from] item: Leftovers
|upkeep
|
|t:|1656786411
|switch|p2a: Registeel|Registeel|100/100
|-damage|p2a: Registeel|95/100|[from] Stealth Rock
|turn|13
|
|t:|1656786418
|move|p1a: Steelix|Body Press|p2a: Registeel
|-supereffective|p2a: Registeel
|-damage|p2a: Registeel|0 fnt
|faint|p2a: Registeel
|
|-heal|p1a: Steelix|63/100|[from] item: Leftovers
|upkeep
|
|t:|1656786424
|switch|p2a: Gigalith|Gigalith, F|49/100
|-damage|p2a: Gigalith|37/100|[from] Stealth Rock
|-weather|Sandstorm|[from] ability: Sand Stream|[of] p2a: Gigalith
|turn|14
|
|t:|1656786430
|move|p2a: Gigalith|Protect|p2a: Gigalith
|-singleturn|p2a: Gigalith|Protect
|move|p1a: Steelix|Body Press|p2a: Gigalith
|-activate|p2a: Gigalith|move: Protect
|
|-weather|Sandstorm|[upkeep]
|-heal|p1a: Steelix|70/100|[from] item: Leftovers
|-heal|p2a: Gigalith|43/100|[from] item: Leftovers
|upkeep
|turn|15
|
|t:|1656786439
|move|p1a: Steelix|Body Press|p2a: Gigalith
|-supereffective|p2a: Gigalith
|-damage|p2a: Gigalith|0 fnt
|faint|p2a: Gigalith
|
|win|literallyfreemoney
|raw|literallyfreemoney's rating: 1387 &rarr; <strong>1395</strong><br />(+8 for winning)
|raw|Simonsayyzz's rating: 1136 &rarr; <strong>1126</strong><br />(-10 for losing)
|c|☆Simonsayyzz|gg
|l|☆Simonsayyzz
|c|☆literallyfreemoney|gg
