|j|☆Testing corp
|j|☆polar_geass
|t:|1612757727
|player|p1|Testing corp|cyclist|1423
|player|p2|polar_geass|skyla|1299
|teamsize|p1|6
|teamsize|p2|6
|gametype|singles
|gen|8
|tier|[Gen 8] RU
|rated|
|clearpoke
|poke|p1|Marowak-Alola, M|
|poke|p1|Zygarde-10%|
|poke|p1|Necrozma|
|poke|p1|Cobalion|
|poke|p1|Zarude|
|poke|p1|Cloyster, M|
|poke|p2|Seismitoad, F|
|poke|p2|Politoed, F|
|poke|p2|Tornadus, M|
|poke|p2|Toxicroak, M|
|poke|p2|Kingdra, F|
|poke|p2|Bronzong|
|rule|Sleep Clause Mod: Limit one foe put to sleep
|rule|Species Clause: Limit one of each Pokémon
|rule|OHKO Clause: OHKO moves are banned
|rule|Evasion Moves Clause: Evasion moves are banned
|rule|Endless Battle Clause: Forcing endless battles is banned
|rule|HP Percentage Mod: HP is shown in percentages
|rule|Dynamax Clause: You cannot dynamax
|teampreview
|inactive|Battle timer is ON: inactive players will automatically lose when time's up. (requested by Testing corp)
|
|t:|1612757742
|start
|switch|p1a: Zarude|Zarude|100/100
|switch|p2a: Politoed|Politoed, F|100/100
|-weather|RainDance|[from] ability: Drizzle|[of] p2a: Politoed
|turn|1
|
|t:|1612757751
|move|p1a: Zarude|U-turn|p2a: Politoed
|-damage|p2a: Politoed|75/100
|
|t:|1612757755
|switch|p1a: Necrozma|Necrozma|100/100|[from]move: U-turn
|move|p2a: Politoed|Whirlpool|p1a: Necrozma
|-damage|p1a: Necrozma|83/100
|-activate|p1a: Necrozma|move: Whirlpool|[of] p2a: Politoed
|
|-weather|RainDance|[upkeep]
|-damage|p1a: Necrozma|71/100|[from] move: Whirlpool|[partiallytrapped]
|upkeep
|turn|2
|
|t:|1612757765
|switch|p2a: Bronzong|Bronzong|100/100
|move|p1a: Necrozma|Photon Geyser|p2a: Bronzong
|-resisted|p2a: Bronzong
|-damage|p2a: Bronzong|90/100
|
|-weather|RainDance|[upkeep]
|-end|p1a: Necrozma|Whirlpool|[partiallytrapped]|[silent]
|upkeep
|turn|3
|
|t:|1612757774
|switch|p1a: Marowak|Marowak-Alola, M|100/100
|move|p2a: Bronzong|Stealth Rock|p1a: Marowak
|-sidestart|p1: Testing corp|move: Stealth Rock
|
|-weather|RainDance|[upkeep]
|upkeep
|turn|4
|
|t:|1612757785
|move|p1a: Marowak|Poltergeist|p2a: Bronzong
|-activate|p2a: Bronzong|move: Poltergeist|Colbur Berry
|-supereffective|p2a: Bronzong
|-damage|p2a: Bronzong|0 fnt
|faint|p2a: Bronzong
|
|-weather|RainDance|[upkeep]
|upkeep
|
|t:|1612757794
|switch|p2a: Kingdra|Kingdra, F|100/100
|turn|5
|
|t:|1612757807
|switch|p1a: Cloyster|Cloyster, M|100/100
|-damage|p1a: Cloyster|76/100|[from] Stealth Rock
|move|p2a: Kingdra|Surf|p1a: Cloyster
|-resisted|p1a: Cloyster
|-damage|p1a: Cloyster|0 fnt
|faint|p1a: Cloyster
|
|-weather|RainDance|[upkeep]
|upkeep
|inactive|Testing corp has 120 seconds left.
|
|t:|1612757838
|switch|p1a: Zygarde|Zygarde-10%|100/100
|-damage|p1a: Zygarde|94/100|[from] Stealth Rock
|-ability|p1a: Zygarde|Aura Break
|turn|6
|
|t:|1612757843
|move|p1a: Zygarde|Extreme Speed|p2a: Kingdra
|-damage|p2a: Kingdra|56/100
|-damage|p1a: Zygarde|85/100|[from] item: Life Orb
|move|p2a: Kingdra|Surf|p1a: Zygarde
|-damage|p1a: Zygarde|0 fnt
|faint|p1a: Zygarde
|
|-weather|RainDance|[upkeep]
|upkeep
|
|t:|1612757850
|switch|p1a: Zarude|Zarude|100/100
|-damage|p1a: Zarude|88/100|[from] Stealth Rock
|turn|7
|
|t:|1612757855
|move|p2a: Kingdra|Surf|p1a: Zarude
|-resisted|p1a: Zarude
|-damage|p1a: Zarude|43/100
|move|p1a: Zarude|Power Whip|p2a: Kingdra|[miss]
|-miss|p1a: Zarude|p2a: Kingdra
|
|-weather|RainDance|[upkeep]
|upkeep
|turn|8
|
|t:|1612757861
|move|p2a: Kingdra|Surf|p1a: Zarude
|-resisted|p1a: Zarude
|-damage|p1a: Zarude|0 fnt
|faint|p1a: Zarude
|
|-weather|none
|upkeep
|
|t:|1612757865
|switch|p1a: Necrozma|Necrozma|71/100
|-damage|p1a: Necrozma|59/100|[from] Stealth Rock
|turn|9
|
|t:|1612757874
|move|p2a: Kingdra|Surf|p1a: Necrozma
|-damage|p1a: Necrozma|4/100
|move|p1a: Necrozma|Photon Geyser|p2a: Kingdra
|-damage|p2a: Kingdra|0 fnt
|faint|p2a: Kingdra
|
|upkeep
|
|t:|1612757882
|switch|p2a: Tornadus|Tornadus, M|100/100
|turn|10
|
|t:|1612757887
|move|p2a: Tornadus|U-turn|p1a: Necrozma
|-supereffective|p1a: Necrozma
|-damage|p1a: Necrozma|0 fnt
|faint|p1a: Necrozma
|
|t:|1612757890
|switch|p2a: Politoed|Politoed, F|75/100|[from]move: U-turn
|-weather|RainDance|[from] ability: Drizzle|[of] p2a: Politoed
|
|-weather|RainDance|[upkeep]
|upkeep
|
|t:|1612757895
|switch|p1a: Cobalion|Cobalion|100/100
|-damage|p1a: Cobalion|97/100|[from] Stealth Rock
|turn|11
|
|t:|1612757902
|move|p1a: Cobalion|Stealth Rock|p2a: Politoed
|-sidestart|p2: polar_geass|move: Stealth Rock
|move|p2a: Politoed|Whirlpool|p1a: Cobalion
|-damage|p1a: Cobalion|73/100
|-activate|p1a: Cobalion|move: Whirlpool|[of] p2a: Politoed
|
|-weather|RainDance|[upkeep]
|-heal|p1a: Cobalion|79/100|[from] item: Leftovers
|-damage|p1a: Cobalion|67/100|[from] move: Whirlpool|[partiallytrapped]
|upkeep
|turn|12
|
|t:|1612757910
|move|p1a: Cobalion|Volt Switch|p2a: Politoed
|-supereffective|p2a: Politoed
|-damage|p2a: Politoed|51/100
|
|t:|1612757913
|switch|p1a: Marowak|Marowak-Alola, M|100/100|[from]move: Volt Switch
|-damage|p1a: Marowak|76/100|[from] Stealth Rock
|move|p2a: Politoed|Whirlpool|p1a: Marowak
|-supereffective|p1a: Marowak
|-damage|p1a: Marowak|29/100
|-activate|p1a: Marowak|move: Whirlpool|[of] p2a: Politoed
|
|-weather|RainDance|[upkeep]
|-damage|p1a: Marowak|17/100|[from] move: Whirlpool|[partiallytrapped]
|upkeep
|turn|13
|-message|Testing corp forfeited.
|
|win|polar_geass
|l|☆Testing corp
|raw|Testing corp's rating: 1423 &rarr; <strong>1396</strong><br />(-27 for losing)
|raw|polar_geass's rating: 1299 &rarr; <strong>1333</strong><br />(+34 for winning)
