|j|☆Enter Pls
|j|☆hjkhj ㋛
|player|p1|Enter Pls|koga|1572
|player|p2|hjkhj ㋛|266|1570
|teamsize|p1|6
|teamsize|p2|6
|gametype|singles
|gen|8
|tier|[Gen 8] RU
|rated|
|clearpoke
|poke|p1|Drapion, F|
|poke|p1|Vikavolt, F|
|poke|p1|Xatu, M|
|poke|p1|Whimsicott, F|
|poke|p1|Vaporeon, F|
|poke|p1|Runerigus, M|
|poke|p2|Aromatisse, F|
|poke|p2|Drampa, M|
|poke|p2|Quagsire, F|
|poke|p2|Miltank, F|
|poke|p2|Weezing, M|
|poke|p2|Decidueye, F|
|rule|Sleep Clause Mod: Limit one foe put to sleep
|rule|Species Clause: Limit one of each Pokémon
|rule|OHKO Clause: OHKO moves are banned
|rule|Evasion Moves Clause: Evasion moves are banned
|rule|Endless Battle Clause: Forcing endless battles is banned
|rule|HP Percentage Mod: HP is shown in percentages
|rule|Dynamax Clause: You cannot dynamax
|teampreview
|
|start
|switch|p1a: Whimsicott|Whimsicott, F|100/100
|switch|p2a: Weezing|Weezing, M|100/100
|-ability|p2a: Weezing|Neutralizing Gas
|turn|1
|
|move|p1a: Whimsicott|Psychic|p2a: Weezing
|-supereffective|p2a: Weezing
|-damage|p2a: Weezing|6/100
|move|p2a: Weezing|Toxic Spikes|p1a: Whimsicott
|-sidestart|p1: Enter Pls|move: Toxic Spikes
|
|-heal|p2a: Weezing|12/100|[from] item: Black Sludge
|upkeep
|turn|2
|
|switch|p2a: Miltank|Miltank, F|100/100
|move|p1a: Whimsicott|Psychic|p2a: Miltank
|-damage|p2a: Miltank|72/100
|
|-heal|p2a: Miltank|78/100|[from] item: Leftovers
|upkeep
|turn|3
|
|switch|p1a: Xatu|Xatu, M|100/100
|switch|p2a: Decidueye|Decidueye, F|100/100
|
|upkeep
|turn|4
|
|switch|p1a: Drapion|Drapion, F|100/100
|-sideend|p1: Enter Pls|move: Toxic Spikes|[of] p1a: Drapion
|move|p2a: Decidueye|Knock Off|p1a: Drapion
|-resisted|p1a: Drapion
|-damage|p1a: Drapion|90/100
|-enditem|p1a: Drapion|Chesto Berry|[from] move: Knock Off|[of] p2a: Decidueye
|
|upkeep
|turn|5
|
|switch|p2a: Quagsire|Quagsire, F|100/100
|move|p1a: Drapion|Knock Off|p2a: Quagsire
|-damage|p2a: Quagsire|78/100
|-enditem|p2a: Quagsire|Leftovers|[from] move: Knock Off|[of] p1a: Drapion
|
|upkeep
|turn|6
|
|switch|p1a: Whimsicott|Whimsicott, F|100/100
|move|p2a: Quagsire|Scald|p1a: Whimsicott
|-resisted|p1a: Whimsicott
|-damage|p1a: Whimsicott|85/100
|
|upkeep
|turn|7
|
|switch|p2a: Decidueye|Decidueye, F|100/100
|move|p1a: Whimsicott|Switcheroo|p2a: Decidueye
|-activate|p1a: Whimsicott|move: Trick|[of] p2a: Decidueye
|-item|p2a: Decidueye|Choice Specs|[from] move: Switcheroo
|-item|p1a: Whimsicott|Leftovers|[from] move: Switcheroo
|
|-heal|p1a: Whimsicott|91/100|[from] item: Leftovers
|upkeep
|turn|8
|
|switch|p1a: Drapion|Drapion, F|90/100
|move|p2a: Decidueye|Toxic|p1a: Drapion
|-immune|p1a: Drapion
|
|upkeep
|turn|9
|
|switch|p1a: Whimsicott|Whimsicott, F|91/100
|switch|p2a: Quagsire|Quagsire, F|78/100
|
|-heal|p1a: Whimsicott|97/100|[from] item: Leftovers
|upkeep
|turn|10
|
|switch|p2a: Miltank|Miltank, F|78/100
|move|p1a: Whimsicott|Moonblast|p2a: Miltank
|-damage|p2a: Miltank|51/100
|-unboost|p2a: Miltank|spa|1
|
|-heal|p1a: Whimsicott|100/100|[from] item: Leftovers
|-heal|p2a: Miltank|57/100|[from] item: Leftovers
|upkeep
|turn|11
|
|switch|p1a: Xatu|Xatu, M|100/100
|move|p2a: Miltank|Milk Drink|p2a: Miltank
|-heal|p2a: Miltank|100/100
|
|upkeep
|turn|12
|
|move|p2a: Miltank|Seismic Toss|p1a: Xatu
|-damage|p1a: Xatu|70/100
|-damage|p2a: Miltank|84/100|[from] item: Rocky Helmet|[of] p1a: Xatu
|move|p1a: Xatu|Teleport|p1a: Xatu
|
|switch|p1a: Runerigus|Runerigus, M|100/100|[from]move: Teleport
|
|-heal|p2a: Miltank|90/100|[from] item: Leftovers
|upkeep
|turn|13
|
|switch|p1a: Xatu|Xatu, M|70/100
|move|p2a: Miltank|Toxic|p1a: Xatu
|move|p1a: Xatu|Toxic|p2a: Miltank|[from]Magic Bounce
|-status|p2a: Miltank|tox
|
|-heal|p2a: Miltank|96/100 tox|[from] item: Leftovers
|-damage|p2a: Miltank|90/100 tox|[from] psn
|upkeep
|turn|14
|
|switch|p2a: Aromatisse|Aromatisse, F|100/100
|move|p1a: Xatu|Roost|p1a: Xatu
|-heal|p1a: Xatu|100/100
|-singleturn|p1a: Xatu|move: Roost
|
|upkeep
|turn|15
|
|move|p2a: Aromatisse|Aromatherapy|p2a: Aromatisse
|-activate|p2a: Aromatisse|move: Aromatherapy
|-curestatus|p2: Miltank|tox|[msg]
|move|p1a: Xatu|Teleport|p1a: Xatu
|
|switch|p1a: Vikavolt|Vikavolt, F|100/100|[from]move: Teleport
|
|upkeep
|turn|16
|
|move|p2a: Aromatisse|Protect|p2a: Aromatisse
|-singleturn|p2a: Aromatisse|Protect
|move|p1a: Vikavolt|Sticky Web|p2a: Aromatisse
|-sidestart|p2: hjkhj ㋛|move: Sticky Web
|
|upkeep
|turn|17
|
|move|p1a: Vikavolt|Volt Switch|p2a: Aromatisse
|-damage|p2a: Aromatisse|66/100
|
|switch|p1a: Runerigus|Runerigus, M|100/100|[from]move: Volt Switch
|move|p2a: Aromatisse|Moonblast|p1a: Runerigus
|-damage|p1a: Runerigus|74/100
|
|-heal|p1a: Runerigus|80/100|[from] item: Leftovers
|-heal|p2a: Aromatisse|72/100|[from] item: Leftovers
|upkeep
|turn|18
|
|switch|p2a: Drampa|Drampa, M|100/100
|-activate|p2a: Drampa|move: Sticky Web
|-unboost|p2a: Drampa|spe|1
|move|p1a: Runerigus|Will-O-Wisp|p2a: Drampa|[miss]
|-miss|p1a: Runerigus|p2a: Drampa
|
|-heal|p1a: Runerigus|87/100|[from] item: Leftovers
|upkeep
|turn|19
|
|move|p1a: Runerigus|Stealth Rock|p2a: Drampa
|-sidestart|p2: hjkhj ㋛|move: Stealth Rock
|move|p2a: Drampa|Defog|p1a: Runerigus
|-unboost|p1a: Runerigus|evasion|1
|-sideend|p2: hjkhj ㋛|Stealth Rock|[from] move: Defog|[of] p2a: Drampa
|-sideend|p2: hjkhj ㋛|Sticky Web|[from] move: Defog|[of] p2a: Drampa
|
|-heal|p1a: Runerigus|93/100|[from] item: Leftovers
|upkeep
|turn|20
|
|move|p1a: Runerigus|Stealth Rock|p2a: Drampa
|-sidestart|p2: hjkhj ㋛|move: Stealth Rock
|move|p2a: Drampa|Toxic|p1a: Runerigus
|-status|p1a: Runerigus|tox
|
|-heal|p1a: Runerigus|99/100 tox|[from] item: Leftovers
|-damage|p1a: Runerigus|93/100 tox|[from] psn
|upkeep
|turn|21
|
|switch|p1a: Xatu|Xatu, M|100/100
|move|p2a: Drampa|Defog|p1a: Xatu
|move|p1a: Xatu|Defog|p2a: Drampa|[from]Magic Bounce
|-unboost|p2a: Drampa|evasion|1
|-sideend|p2: hjkhj ㋛|Stealth Rock|[from] move: Defog|[of] p1a: Xatu
|
|upkeep
|turn|22
|
|switch|p1a: Whimsicott|Whimsicott, F|100/100
|move|p2a: Drampa|Dragon Pulse|p1a: Whimsicott
|-immune|p1a: Whimsicott
|
|upkeep
|turn|23
|
|switch|p1a: Xatu|Xatu, M|100/100
|switch|p2a: Miltank|Miltank, F|90/100
|
|-heal|p2a: Miltank|96/100|[from] item: Leftovers
|upkeep
|turn|24
|
|switch|p2a: Weezing|Weezing, M|12/100
|-ability|p2a: Weezing|Neutralizing Gas
|move|p1a: Xatu|Teleport|p1a: Xatu
|
|switch|p1a: Whimsicott|Whimsicott, F|100/100|[from]move: Teleport
|
|-heal|p2a: Weezing|18/100|[from] item: Black Sludge
|upkeep
|turn|25
|
|switch|p2a: Miltank|Miltank, F|96/100
|move|p1a: Whimsicott|Moonblast|p2a: Miltank
|-damage|p2a: Miltank|69/100
|
|-heal|p2a: Miltank|76/100|[from] item: Leftovers
|upkeep
|turn|26
|
|switch|p2a: Weezing|Weezing, M|18/100
|-ability|p2a: Weezing|Neutralizing Gas
|move|p1a: Whimsicott|Moonblast|p2a: Weezing
|-resisted|p2a: Weezing
|-damage|p2a: Weezing|0 fnt
|faint|p2a: Weezing
|
|upkeep
|
|switch|p2a: Aromatisse|Aromatisse, F|72/100
|turn|27
|
|switch|p1a: Drapion|Drapion, F|90/100
|move|p2a: Aromatisse|Wish|p2a: Aromatisse
|
|-heal|p2a: Aromatisse|78/100|[from] item: Leftovers
|upkeep
|turn|28
|
|switch|p2a: Quagsire|Quagsire, F|78/100
|move|p1a: Drapion|Knock Off|p2a: Quagsire
|-damage|p2a: Quagsire|63/100
|
|-heal|p2a: Quagsire|100/100|[from] move: Wish|[wisher] Aromatisse
|upkeep
|turn|29
|
|switch|p1a: Vaporeon|Vaporeon, F|100/100
|move|p2a: Quagsire|Scald|p1a: Vaporeon
|-immune|p1a: Vaporeon|[from] ability: Water Absorb
|
|upkeep
|turn|30
|
|switch|p2a: Miltank|Miltank, F|76/100
|move|p1a: Vaporeon|Toxic|p2a: Miltank
|-status|p2a: Miltank|tox
|
|-heal|p2a: Miltank|82/100 tox|[from] item: Leftovers
|-damage|p2a: Miltank|76/100 tox|[from] psn
|upkeep
|turn|31
|
|switch|p1a: Xatu|Xatu, M|100/100
|move|p2a: Miltank|Milk Drink|p2a: Miltank
|-heal|p2a: Miltank|100/100 tox
|
|-damage|p2a: Miltank|88/100 tox|[from] psn
|upkeep
|turn|32
|
|switch|p2a: Aromatisse|Aromatisse, F|78/100
|move|p1a: Xatu|Teleport|p1a: Xatu
|
|switch|p1a: Drapion|Drapion, F|90/100|[from]move: Teleport
|
|-heal|p2a: Aromatisse|84/100|[from] item: Leftovers
|upkeep
|turn|33
|
|switch|p2a: Quagsire|Quagsire, F|100/100
|move|p1a: Drapion|Knock Off|p2a: Quagsire
|-damage|p2a: Quagsire|87/100
|
|upkeep
|turn|34
|
|switch|p1a: Vaporeon|Vaporeon, F|100/100
|move|p2a: Quagsire|Scald|p1a: Vaporeon
|-immune|p1a: Vaporeon|[from] ability: Water Absorb
|
|upkeep
|turn|35
|
|switch|p1a: Xatu|Xatu, M|100/100
|move|p2a: Quagsire|Toxic|p1a: Xatu
|move|p1a: Xatu|Toxic|p2a: Quagsire|[from]Magic Bounce|[miss]
|-miss|p1a: Xatu|p2a: Quagsire
|
|upkeep
|turn|36
|c|☆Enter Pls|oof
|
|switch|p1a: Vikavolt|Vikavolt, F|100/100
|move|p2a: Quagsire|Scald|p1a: Vikavolt
|-damage|p1a: Vikavolt|72/100
|
|upkeep
|turn|37
|
|switch|p2a: Decidueye|Decidueye, F|100/100
|move|p1a: Vikavolt|Bug Buzz|p2a: Decidueye
|-damage|p2a: Decidueye|66/100
|
|upkeep
|turn|38
|
|move|p1a: Vikavolt|Bug Buzz|p2a: Decidueye
|-crit|p2a: Decidueye
|-damage|p2a: Decidueye|13/100
|move|p2a: Decidueye|Toxic|p1a: Vikavolt
|-status|p1a: Vikavolt|tox
|
|-damage|p1a: Vikavolt|66/100 tox|[from] psn
|upkeep
|turn|39
|
|switch|p2a: Aromatisse|Aromatisse, F|84/100
|move|p1a: Vikavolt|Volt Switch|p2a: Aromatisse
|-damage|p2a: Aromatisse|48/100
|
|switch|p1a: Drapion|Drapion, F|90/100|[from]move: Volt Switch
|
|-heal|p2a: Aromatisse|55/100|[from] item: Leftovers
|upkeep
|turn|40
|
|move|p2a: Aromatisse|Protect|p2a: Aromatisse
|-singleturn|p2a: Aromatisse|Protect
|move|p1a: Drapion|Knock Off|p2a: Aromatisse
|-activate|p2a: Aromatisse|move: Protect
|
|-heal|p2a: Aromatisse|61/100|[from] item: Leftovers
|upkeep
|turn|41
|
|switch|p2a: Quagsire|Quagsire, F|87/100
|move|p1a: Drapion|Knock Off|p2a: Quagsire
|-damage|p2a: Quagsire|73/100
|
|upkeep
|turn|42
|
|switch|p1a: Vikavolt|Vikavolt, F|66/100 tox
|move|p2a: Quagsire|Recover|p2a: Quagsire
|-heal|p2a: Quagsire|100/100
|
|-damage|p1a: Vikavolt|59/100 tox|[from] psn
|upkeep
|turn|43
|
|switch|p2a: Drampa|Drampa, M|100/100
|move|p1a: Vikavolt|Roost|p1a: Vikavolt
|-heal|p1a: Vikavolt|100/100 tox
|-singleturn|p1a: Vikavolt|move: Roost
|
|-damage|p1a: Vikavolt|88/100 tox|[from] psn
|upkeep
|turn|44
|
|move|p1a: Vikavolt|Volt Switch|p2a: Drampa
|-resisted|p2a: Drampa
|-damage|p2a: Drampa|85/100
|
|switch|p1a: Drapion|Drapion, F|90/100|[from]move: Volt Switch
|move|p2a: Drampa|Toxic|p1a: Drapion|[miss]
|-miss|p2a: Drampa|p1a: Drapion
|
|-heal|p2a: Drampa|92/100|[from] item: Leftovers
|upkeep
|turn|45
|
|switch|p2a: Quagsire|Quagsire, F|100/100
|move|p1a: Drapion|Knock Off|p2a: Quagsire
|-damage|p2a: Quagsire|85/100
|
|upkeep
|turn|46
|
|switch|p1a: Vaporeon|Vaporeon, F|100/100
|move|p2a: Quagsire|Toxic|p1a: Vaporeon|[miss]
|-miss|p2a: Quagsire|p1a: Vaporeon
|
|upkeep
|turn|47
|
|switch|p1a: Xatu|Xatu, M|100/100
|switch|p2a: Decidueye|Decidueye, F|13/100
|
|upkeep
|turn|48
|
|move|p1a: Xatu|Night Shade|p2a: Decidueye
|-damage|p2a: Decidueye|0 fnt
|faint|p2a: Decidueye
|
|upkeep
|-message|hjkhj ㋛ forfeited.
|
|win|Enter Pls
|l|☆hjkhj ㋛
