|j|☆purple mountains
|j|☆Kairak
|t:|1612739027
|player|p1|purple mountains|teammagmagruntf-gen3|1485
|player|p2|Kairak|roughneck-gen4|1495
|teamsize|p1|6
|teamsize|p2|6
|gametype|singles
|gen|8
|tier|[Gen 8] RU
|rated|
|clearpoke
|poke|p1|Raikou|
|poke|p1|Roserade, F|
|poke|p1|Golisopod, M|
|poke|p1|Togekiss, F|
|poke|p1|Incineroar, M|
|poke|p1|Steelix, M|
|poke|p2|Heracross, M|
|poke|p2|Flygon, F|
|poke|p2|Vileplume, F|
|poke|p2|Diancie|
|poke|p2|Volcanion|
|poke|p2|Escavalier, F|
|rule|Sleep Clause Mod: Limit one foe put to sleep
|rule|Species Clause: Limit one of each Pokémon
|rule|OHKO Clause: OHKO moves are banned
|rule|Evasion Moves Clause: Evasion moves are banned
|rule|Endless Battle Clause: Forcing endless battles is banned
|rule|HP Percentage Mod: HP is shown in percentages
|rule|Dynamax Clause: You cannot dynamax
|teampreview
|
|t:|1612739067
|start
|switch|p1a: Raikou|Raikou|100/100
|switch|p2a: Diancie|Diancie|100/100
|-ability|p1a: Raikou|Pressure
|turn|1
|
|t:|1612739092
|move|p1a: Raikou|Volt Switch|p2a: Diancie
|-damage|p2a: Diancie|80/100
|
|t:|1612739095
|switch|p1a: Steelix|Steelix, M|100/100|[from]move: Volt Switch
|move|p2a: Diancie|Toxic|p1a: Steelix
|-immune|p1a: Steelix
|
|-heal|p2a: Diancie|86/100|[from] item: Leftovers
|upkeep
|turn|2
|
|t:|1612739099
|move|p2a: Diancie|Stealth Rock|p1a: Steelix
|-sidestart|p1: purple mountains|move: Stealth Rock
|move|p1a: Steelix|Stealth Rock|p2a: Diancie
|-sidestart|p2: Kairak|move: Stealth Rock
|
|-heal|p2a: Diancie|92/100|[from] item: Leftovers
|upkeep
|turn|3
|
|t:|1612739125
|switch|p1a: Incineroar|Incineroar, M|100/100
|-ability|p1a: Incineroar|Intimidate|boost
|-fail|p2a: Diancie|unboost|[from] ability: Clear Body|[of] p2a: Diancie
|move|p2a: Diancie|Body Press|p1a: Incineroar
|-supereffective|p1a: Incineroar
|-damage|p1a: Incineroar|60/100
|
|-heal|p2a: Diancie|98/100|[from] item: Leftovers
|upkeep
|turn|4
|
|t:|1612739132
|move|p1a: Incineroar|U-turn|p2a: Diancie
|-resisted|p2a: Diancie
|-damage|p2a: Diancie|91/100
|
|t:|1612739138
|switch|p1a: Steelix|Steelix, M|100/100|[from]move: U-turn
|-damage|p1a: Steelix|97/100|[from] Stealth Rock
|move|p2a: Diancie|Diamond Storm|p1a: Steelix
|-resisted|p1a: Steelix
|-damage|p1a: Steelix|93/100
|-boost|p2a: Diancie|def|2
|
|-heal|p2a: Diancie|97/100|[from] item: Leftovers
|-heal|p1a: Steelix|99/100|[from] item: Leftovers
|upkeep
|turn|5
|
|t:|1612739152
|move|p2a: Diancie|Body Press|p1a: Steelix
|-supereffective|p1a: Steelix
|-damage|p1a: Steelix|45/100
|move|p1a: Steelix|Heavy Slam|p2a: Diancie
|-supereffective|p2a: Diancie
|-damage|p2a: Diancie|41/100
|
|-heal|p2a: Diancie|47/100|[from] item: Leftovers
|-heal|p1a: Steelix|51/100|[from] item: Leftovers
|upkeep
|turn|6
|
|t:|1612739166
|move|p2a: Diancie|Body Press|p1a: Steelix
|-supereffective|p1a: Steelix
|-damage|p1a: Steelix|0 fnt
|faint|p1a: Steelix
|
|-heal|p2a: Diancie|53/100|[from] item: Leftovers
|upkeep
|
|t:|1612739169
|switch|p1a: Roserade|Roserade, F|100/100
|-damage|p1a: Roserade|88/100|[from] Stealth Rock
|turn|7
|
|t:|1612739174
|switch|p2a: Escavalier|Escavalier, F|100/100
|-damage|p2a: Escavalier|88/100|[from] Stealth Rock
|move|p1a: Roserade|Leaf Storm|p2a: Escavalier
|-resisted|p2a: Escavalier
|-damage|p2a: Escavalier|70/100
|-unboost|p1a: Roserade|spa|2
|
|-heal|p1a: Roserade|94/100|[from] item: Black Sludge
|upkeep
|turn|8
|
|t:|1612739223
|move|p1a: Roserade|Spikes|p2a: Escavalier
|-sidestart|p2: Kairak|Spikes
|move|p2a: Escavalier|Megahorn|p1a: Roserade
|-damage|p1a: Roserade|0 fnt
|faint|p1a: Roserade
|
|upkeep
|
|t:|1612739228
|switch|p1a: Incineroar|Incineroar, M|60/100
|-ability|p1a: Incineroar|Intimidate|boost
|-unboost|p2a: Escavalier|atk|1
|turn|9
|
|t:|1612739233
|switch|p2a: Volcanion|Volcanion|100/100
|move|p1a: Incineroar|Overheat|p2a: Volcanion|[miss]
|-miss|p1a: Incineroar|p2a: Volcanion
|
|upkeep
|turn|10
|
|t:|1612739240
|switch|p1a: Togekiss|Togekiss, F|100/100
|move|p2a: Volcanion|Defog|p1a: Togekiss
|-unboost|p1a: Togekiss|evasion|1
|-sideend|p1: purple mountains|Stealth Rock|[from] move: Defog|[of] p2a: Volcanion
|-sideend|p2: Kairak|Spikes|[from] move: Defog|[of] p2a: Volcanion
|-sideend|p2: Kairak|Stealth Rock|[from] move: Defog|[of] p2a: Volcanion
|
|upkeep
|turn|11
|
|t:|1612739247
|switch|p2a: Diancie|Diancie|53/100
|move|p1a: Togekiss|Thunder Wave|p2a: Diancie
|-status|p2a: Diancie|par
|
|-heal|p2a: Diancie|59/100 par|[from] item: Leftovers
|upkeep
|turn|12
|
|t:|1612739275
|switch|p1a: Golisopod|Golisopod, M|100/100
|move|p2a: Diancie|Toxic|p1a: Golisopod
|-status|p1a: Golisopod|tox
|
|-heal|p2a: Diancie|65/100 par|[from] item: Leftovers
|-damage|p1a: Golisopod|94/100 tox|[from] psn
|upkeep
|turn|13
|
|t:|1612739281
|switch|p2a: Volcanion|Volcanion|100/100
|move|p1a: Golisopod|Knock Off|p2a: Volcanion
|-damage|p2a: Volcanion|66/100
|-enditem|p2a: Volcanion|Heavy-Duty Boots|[from] move: Knock Off|[of] p1a: Golisopod
|
|-damage|p1a: Golisopod|82/100 tox|[from] psn
|upkeep
|turn|14
|j| Gva
|
|t:|1612739305
|switch|p1a: Togekiss|Togekiss, F|100/100
|move|p2a: Volcanion|Flamethrower|p1a: Togekiss
|-damage|p1a: Togekiss|64/100
|
|upkeep
|turn|15
|
|t:|1612739313
|move|p1a: Togekiss|Wish|p1a: Togekiss
|move|p2a: Volcanion|Toxic|p1a: Togekiss
|-status|p1a: Togekiss|tox
|
|-damage|p1a: Togekiss|57/100 tox|[from] psn
|upkeep
|turn|16
|
|t:|1612739328
|switch|p1a: Raikou|Raikou|100/100
|-ability|p1a: Raikou|Pressure
|move|p2a: Volcanion|Steam Eruption|p1a: Raikou
|-damage|p1a: Raikou|42/100
|
|-heal|p1a: Raikou|100/100|[from] move: Wish|[wisher] Togekiss
|upkeep
|turn|17
|
|t:|1612739338
|move|p1a: Raikou|Thunderbolt|p2a: Volcanion
|-supereffective|p2a: Volcanion
|-damage|p2a: Volcanion|0 fnt
|faint|p2a: Volcanion
|
|upkeep
|
|t:|1612739341
|switch|p2a: Flygon|Flygon, F|100/100
|turn|18
|
|t:|1612739359
|switch|p1a: Togekiss|Togekiss, F|57/100 tox
|move|p2a: Flygon|U-turn|p1a: Togekiss
|-resisted|p1a: Togekiss
|-damage|p1a: Togekiss|52/100 tox
|l| Gva
|
|t:|1612739362
|switch|p2a: Heracross|Heracross, M|100/100|[from]move: U-turn
|
|-damage|p1a: Togekiss|46/100 tox|[from] psn
|-status|p2a: Heracross|brn|[from] item: Flame Orb
|upkeep
|turn|19
|
|t:|1612739367
|move|p2a: Heracross|Smart Strike|p1a: Togekiss
|-supereffective|p1a: Togekiss
|-damage|p1a: Togekiss|0 fnt
|faint|p1a: Togekiss
|
|-damage|p2a: Heracross|95/100 brn|[from] brn
|upkeep
|
|t:|1612739374
|switch|p1a: Raikou|Raikou|100/100
|-ability|p1a: Raikou|Pressure
|turn|20
|
|t:|1612739380
|move|p1a: Raikou|Volt Switch|p2a: Heracross
|-damage|p2a: Heracross|55/100 brn
|
|t:|1612739383
|switch|p1a: Incineroar|Incineroar, M|60/100|[from]move: Volt Switch
|-ability|p1a: Incineroar|Intimidate|boost
|-unboost|p2a: Heracross|atk|1
|move|p2a: Heracross|Close Combat|p1a: Incineroar
|-supereffective|p1a: Incineroar
|-damage|p1a: Incineroar|0 fnt
|-unboost|p2a: Heracross|def|1
|-unboost|p2a: Heracross|spd|1
|faint|p1a: Incineroar
|
|-damage|p2a: Heracross|49/100 brn|[from] brn
|upkeep
|
|t:|1612739385
|switch|p1a: Raikou|Raikou|100/100
|-ability|p1a: Raikou|Pressure
|turn|21
|
|t:|1612739388
|switch|p2a: Flygon|Flygon, F|100/100
|move|p1a: Raikou|Thunderbolt|p2a: Flygon
|-immune|p2a: Flygon
|
|upkeep
|turn|22
|
|t:|1612739397
|switch|p1a: Golisopod|Golisopod, M|82/100 tox
|move|p2a: Flygon|U-turn|p1a: Golisopod
|-damage|p1a: Golisopod|63/100 tox
|
|t:|1612739401
|switch|p2a: Heracross|Heracross, M|49/100 brn|[from]move: U-turn
|
|-damage|p2a: Heracross|43/100 brn|[from] brn
|-damage|p1a: Golisopod|57/100 tox|[from] psn
|upkeep
|turn|23
|
|t:|1612739408
|move|p1a: Golisopod|First Impression|p2a: Heracross
|-resisted|p2a: Heracross
|-damage|p2a: Heracross|9/100 brn
|move|p2a: Heracross|Knock Off|p1a: Golisopod
|-damage|p1a: Golisopod|20/100 tox
|-enditem|p1a: Golisopod|Heavy-Duty Boots|[from] move: Knock Off|[of] p2a: Heracross
|-activate|p1a: Golisopod|ability: Emergency Exit
|
|t:|1612739411
|switch|p1a: Raikou|Raikou|100/100
|-ability|p1a: Raikou|Pressure
|
|-damage|p2a: Heracross|3/100 brn|[from] brn
|upkeep
|turn|24
|j| Gva
|
|t:|1612739419
|move|p1a: Raikou|Aura Sphere|p2a: Heracross
|-resisted|p2a: Heracross
|-damage|p2a: Heracross|0 fnt
|faint|p2a: Heracross
|
|upkeep
|
|t:|1612739421
|switch|p2a: Flygon|Flygon, F|100/100
|turn|25
|
|t:|1612739442
|move|p2a: Flygon|Earthquake|p1a: Raikou
|-supereffective|p1a: Raikou
|-damage|p1a: Raikou|0 fnt
|faint|p1a: Raikou
|
|upkeep
|
|t:|1612739445
|switch|p1a: Golisopod|Golisopod, M|20/100 tox
|turn|26
|-message|purple mountains forfeited.
|
|win|Kairak
|l|☆purple mountains
