|j|☆Expulso
|j|☆Feliburn
|t:|1664901749
|gametype|singles
|player|p1|Expulso|#smpl2022wailordoftherings|
|player|p2|Feliburn|#feliburn|
|teamsize|p1|6
|teamsize|p2|6
|gen|8
|tier|[Gen 8] RU
|rule|Sleep Clause Mod: Limit one foe put to sleep
|rule|Species Clause: Limit one of each Pokémon
|rule|OHKO Clause: OHKO moves are banned
|rule|Evasion Items Clause: Evasion items are banned
|rule|Evasion Moves Clause: Evasion moves are banned
|rule|Endless Battle Clause: Forcing endless battles is banned
|rule|HP Percentage Mod: HP is shown in percentages
|rule|Dynamax Clause: You cannot dynamax
|clearpoke
|poke|p1|Incineroar, M|
|poke|p1|Reuniclus, F|
|poke|p1|Vileplume, F|
|poke|p1|Escavalier, M|
|poke|p1|Archeops, F|
|poke|p1|Heracross, M|
|poke|p2|Indeedee, M|
|poke|p2|Heracross, F|
|poke|p2|Stakataka|
|poke|p2|Flygon, M|
|poke|p2|Starmie|
|poke|p2|Togekiss, F|
|teampreview
|j| Tftu
|c|☆Feliburn|hf
|l| Tftu
|c|☆Expulso|Hf
|inactive|Battle timer is ON: inactive players will automatically lose when time's up. (requested by Expulso)
|j| yOuRwElCoMeThAnk
|c|☆Feliburn|that man was hard stalking
|j| Airio
|c|☆Feliburn|insta join insta leave
|c|☆Expulso|LOL
|c|☆Expulso|fr
|c|☆Expulso|Have u discovered my team theme
|j| Guldkatt
|inactive|Feliburn has 270 seconds left.
|l| Airio
|c|☆Feliburn|pokemon with the move knock off except for plume which has gas
|c|☆Expulso|in 1
|j| Beraldinhoo
|
|t:|1664901820
|start
|switch|p1a: Escavalier|Escavalier, M|100/100
|switch|p2a: Starmie|Starmie|100/100
|turn|1
|
|t:|1664901829
|switch|p2a: Stakataka|Stakataka|100/100
|move|p1a: Escavalier|Megahorn|p2a: Stakataka
|-resisted|p2a: Stakataka
|-damage|p2a: Stakataka|85/100
|
|-heal|p2a: Stakataka|91/100|[from] item: Leftovers
|upkeep
|turn|2
|c| yOuRwElCoMeThAnk|is it choiced
|
|t:|1664901838
|switch|p2a: Togekiss|Togekiss, F|100/100
|move|p1a: Escavalier|Swords Dance|p1a: Escavalier
|-boost|p1a: Escavalier|atk|2
|
|upkeep
|turn|3
|
|t:|1664901846
|move|p2a: Togekiss|Air Slash|p1a: Escavalier
|-damage|p1a: Escavalier|77/100
|cant|p1a: Escavalier|flinch
|
|-heal|p1a: Escavalier|83/100|[from] item: Leftovers
|upkeep
|turn|4
|c| yOuRwElCoMeThAnk|is it custap everything
|c|☆Feliburn|scout
|c|☆Expulso|0 for 2 wally
|
|t:|1664901869
|move|p2a: Togekiss|Air Slash|p1a: Escavalier
|-damage|p1a: Escavalier|59/100
|cant|p1a: Escavalier|flinch
|
|-heal|p1a: Escavalier|65/100|[from] item: Leftovers
|upkeep
|turn|5
|
|t:|1664901875
|switch|p1a: Archeops|Archeops, F|100/100
|move|p2a: Togekiss|Air Slash|p1a: Archeops
|-resisted|p1a: Archeops
|-damage|p1a: Archeops|75/100
|
|upkeep
|turn|6
|
|t:|1664901883
|switch|p2a: Stakataka|Stakataka|91/100
|move|p1a: Archeops|U-turn|p2a: Stakataka
|-resisted|p2a: Stakataka
|-crit|p2a: Stakataka
|-damage|p2a: Stakataka|80/100
|
|t:|1664901894
|switch|p1a: Heracross|Heracross, M|100/100|[from]move: U-turn
|
|-heal|p2a: Stakataka|86/100|[from] item: Leftovers
|upkeep
|turn|7
|
|t:|1664901902
|switch|p2a: Togekiss|Togekiss, F|100/100
|move|p1a: Heracross|Close Combat|p2a: Togekiss
|-resisted|p2a: Togekiss
|-damage|p2a: Togekiss|87/100
|-unboost|p1a: Heracross|def|1
|-unboost|p1a: Heracross|spd|1
|
|upkeep
|turn|8
|
|t:|1664901909
|switch|p1a: Archeops|Archeops, F|75/100
|move|p2a: Togekiss|Thunder Wave|p1a: Archeops
|-status|p1a: Archeops|par
|
|upkeep
|turn|9
|
|t:|1664901919
|switch|p2a: Stakataka|Stakataka|86/100
|cant|p1a: Archeops|par
|
|-heal|p2a: Stakataka|92/100|[from] item: Leftovers
|upkeep
|turn|10
|
|t:|1664901925
|switch|p1a: Vileplume|Vileplume, F|100/100
|switch|p2a: Flygon|Flygon, M|100/100
|
|upkeep
|turn|11
|
|t:|1664901930
|switch|p2a: Indeedee|Indeedee, M|100/100
|-fieldstart|move: Psychic Terrain|[from] ability: Psychic Surge|[of] p2a: Indeedee
|move|p1a: Vileplume|Sleep Powder|p2a: Indeedee
|-status|p2a: Indeedee|slp|[from] move: Sleep Powder
|
|upkeep
|turn|12
|
|t:|1664901936
|switch|p2a: Starmie|Starmie|100/100
|move|p1a: Vileplume|Sludge Bomb|p2a: Starmie
|-damage|p2a: Starmie|47/100
|
|upkeep
|turn|13
|
|t:|1664901951
|switch|p1a: Incineroar|Incineroar, M|100/100
|-ability|p1a: Incineroar|Intimidate|boost
|-unboost|p2a: Starmie|atk|1
|move|p2a: Starmie|Trick|p1a: Incineroar
|-activate|p2a: Starmie|move: Trick|[of] p1a: Incineroar
|-item|p1a: Incineroar|Choice Specs|[from] move: Trick
|-item|p2a: Starmie|Heavy-Duty Boots|[from] move: Trick
|
|upkeep
|turn|14
|
|t:|1664901972
|switch|p2a: Stakataka|Stakataka|92/100
|move|p1a: Incineroar|Knock Off|p2a: Stakataka
|-damage|p2a: Stakataka|65/100
|-enditem|p2a: Stakataka|Leftovers|[from] move: Knock Off|[of] p1a: Incineroar
|
|upkeep
|turn|15
|c| yOuRwElCoMeThAnk|ahah
|c| yOuRwElCoMeThAnk|There's no Ground-type
|c| yOuRwElCoMeThAnk|is that the theme
|c|☆Feliburn|that is the theme
|
|t:|1664901983
|switch|p1a: Reuniclus|Reuniclus, F|100/100
|move|p2a: Stakataka|Stealth Rock|p1a: Reuniclus
|-sidestart|p1: Expulso|move: Stealth Rock
|
|-fieldend|move: Psychic Terrain
|upkeep
|turn|16
|
|t:|1664901995
|switch|p2a: Togekiss|Togekiss, F|87/100
|move|p1a: Reuniclus|Acid Armor|p1a: Reuniclus
|-boost|p1a: Reuniclus|def|2
|
|upkeep
|turn|17
|
|t:|1664902012
|switch|p1a: Archeops|Archeops, F|75/100 par
|move|p2a: Togekiss|Air Slash|p1a: Archeops
|-resisted|p1a: Archeops
|-damage|p1a: Archeops|49/100 par
|
|upkeep
|turn|18
|
|t:|1664902020
|move|p2a: Togekiss|Air Slash|p1a: Archeops
|-resisted|p1a: Archeops
|-damage|p1a: Archeops|26/100 par
|move|p1a: Archeops|Roost|p1a: Archeops
|-heal|p1a: Archeops|76/100 par
|-singleturn|p1a: Archeops|move: Roost
|
|upkeep
|turn|19
|c|☆Feliburn|the odds lied
|
|t:|1664902028
|move|p2a: Togekiss|Air Slash|p1a: Archeops
|-resisted|p1a: Archeops
|-damage|p1a: Archeops|52/100 par
|cant|p1a: Archeops|flinch
|
|upkeep
|turn|20
|
|t:|1664902032
|move|p2a: Togekiss|Air Slash|p1a: Archeops
|-resisted|p1a: Archeops
|-damage|p1a: Archeops|25/100 par
|cant|p1a: Archeops|par
|
|upkeep
|turn|21
|
|t:|1664902035
|move|p2a: Togekiss|Air Slash|p1a: Archeops
|-resisted|p1a: Archeops
|-damage|p1a: Archeops|0 fnt
|faint|p1a: Archeops
|
|upkeep
|c|☆Expulso|noo
|
|t:|1664902039
|switch|p1a: Escavalier|Escavalier, M|65/100
|-damage|p1a: Escavalier|53/100|[from] Stealth Rock
|turn|22
|
|t:|1664902043
|switch|p2a: Heracross|Heracross, F|100/100
|move|p1a: Escavalier|Iron Head|p2a: Heracross
|-damage|p2a: Heracross|44/100
|
|-heal|p1a: Escavalier|59/100|[from] item: Leftovers
|upkeep
|turn|23
|l| Beraldinhoo
|
|t:|1664902048
|switch|p1a: Reuniclus|Reuniclus, F|100/100
|move|p2a: Heracross|Megahorn|p1a: Reuniclus
|-supereffective|p1a: Reuniclus
|-damage|p1a: Reuniclus|22/100
|
|-heal|p1a: Reuniclus|28/100|[from] item: Leftovers
|upkeep
|turn|24
|c| yOuRwElCoMeThAnk|The hero Archeops taken down by the villanous Togekiss
|
|t:|1664902055
|switch|p1a: Escavalier|Escavalier, M|59/100
|-damage|p1a: Escavalier|47/100|[from] Stealth Rock
|move|p2a: Heracross|Megahorn|p1a: Escavalier
|-resisted|p1a: Escavalier
|-damage|p1a: Escavalier|20/100
|
|-heal|p1a: Escavalier|26/100|[from] item: Leftovers
|upkeep
|turn|25
|
|t:|1664902060
|move|p2a: Heracross|Close Combat|p1a: Escavalier
|-damage|p1a: Escavalier|0 fnt
|-unboost|p2a: Heracross|def|1
|-unboost|p2a: Heracross|spd|1
|faint|p1a: Escavalier
|-ability|p2a: Heracross|Moxie|boost
|-boost|p2a: Heracross|atk|1
|
|upkeep
|
|t:|1664902063
|switch|p1a: Heracross|Heracross, M|100/100
|-damage|p1a: Heracross|88/100|[from] Stealth Rock
|turn|26
|
|t:|1664902082
|move|p2a: Heracross|Endure|p2a: Heracross
|-singleturn|p2a: Heracross|move: Endure
|move|p1a: Heracross|Stone Edge|p2a: Heracross
|-activate|p2a: Heracross|move: Endure
|-damage|p2a: Heracross|1/100
|-enditem|p2a: Heracross|Salac Berry|[eat]
|-boost|p2a: Heracross|spe|1|[from] item: Salac Berry
|
|upkeep
|turn|27
|c| yOuRwElCoMeThAnk|him
|c|☆Feliburn|risk it for the biscuit
|c| yOuRwElCoMeThAnk|crit stone edge rn
|
|t:|1664902093
|move|p2a: Heracross|Stone Edge|p1a: Heracross
|-damage|p1a: Heracross|15/100
|move|p1a: Heracross|Stone Edge|p2a: Heracross
|-damage|p2a: Heracross|0 fnt
|faint|p2a: Heracross
|-ability|p1a: Heracross|Moxie|boost
|-boost|p1a: Heracross|atk|1
|
|upkeep
|c|☆Expulso|gimme
|c| yOuRwElCoMeThAnk|nooo
|
|t:|1664902103
|switch|p2a: Flygon|Flygon, M|100/100
|turn|28
|
|t:|1664902106
|switch|p1a: Vileplume|Vileplume, F|100/100
|-damage|p1a: Vileplume|88/100|[from] Stealth Rock
|move|p2a: Flygon|Earthquake|p1a: Vileplume
|-damage|p1a: Vileplume|50/100
|
|upkeep
|turn|29
|
|t:|1664902113
|switch|p2a: Starmie|Starmie|47/100
|move|p1a: Vileplume|Strength Sap|p2a: Starmie
|-unboost|p2a: Starmie|atk|1
|-heal|p1a: Vileplume|90/100
|
|upkeep
|turn|30
|
|t:|1664902117
|move|p2a: Starmie|Expanding Force|p1a: Vileplume
|-supereffective|p1a: Vileplume
|-crit|p1a: Vileplume
|-damage|p1a: Vileplume|0 fnt
|faint|p1a: Vileplume
|
|upkeep
|c|☆Expulso|gg
|-message|Expulso forfeited.
|
|win|Feliburn
|c|☆Feliburn|gg
