|j|☆R3d_VGC
|j|☆literallyfreemoney
|t:|1664704890
|gametype|singles
|player|p1|R3d_VGC|1|1477
|player|p2|literallyfreemoney|pokemonbreeder-gen4|1481
|teamsize|p1|6
|teamsize|p2|6
|gen|8
|tier|[Gen 8] RU
|rated|
|rule|Sleep Clause Mod: Limit one foe put to sleep
|rule|Species Clause: Limit one of each Pokémon
|rule|OHKO Clause: OHKO moves are banned
|rule|Evasion Items Clause: Evasion items are banned
|rule|Evasion Moves Clause: Evasion moves are banned
|rule|Endless Battle Clause: Forcing endless battles is banned
|rule|HP Percentage Mod: HP is shown in percentages
|rule|Dynamax Clause: You cannot dynamax
|clearpoke
|poke|p1|Lucario, M|
|poke|p1|Slurpuff, F|
|poke|p1|Incineroar, M|
|poke|p1|Milotic, F|
|poke|p1|Tsareena, F|
|poke|p1|Polteageist|
|poke|p2|Gardevoir, F|
|poke|p2|Golisopod, F|
|poke|p2|Flygon, F|
|poke|p2|Nidoqueen, F|
|poke|p2|Raikou|
|poke|p2|Silvally-*|
|teampreview
|
|t:|1664704900
|start
|switch|p1a: Tsareena|Tsareena, F|100/100
|switch|p2a: Rising Superstar|Nidoqueen, F|100/100
|turn|1
|
|t:|1664704908
|switch|p1a: Milotic|Milotic, F|100/100
|move|p2a: Rising Superstar|Ice Beam|p1a: Milotic
|-resisted|p1a: Milotic
|-damage|p1a: Milotic|91/100
|
|upkeep
|turn|2
|
|t:|1664704912
|switch|p2a: *w*G O A L I E*w*|Golisopod, F|100/100
|move|p1a: Milotic|Scald|p2a: *w*G O A L I E*w*
|-resisted|p2a: *w*G O A L I E*w*
|-damage|p2a: *w*G O A L I E*w*|79/100
|-status|p2a: *w*G O A L I E*w*|brn
|
|-damage|p2a: *w*G O A L I E*w*|73/100 brn|[from] brn
|upkeep
|turn|3
|
|t:|1664704915
|move|p1a: Milotic|Flip Turn|p2a: *w*G O A L I E*w*
|-resisted|p2a: *w*G O A L I E*w*
|-damage|p2a: *w*G O A L I E*w*|68/100 brn
|
|t:|1664704917
|switch|p1a: Incineroar|Incineroar, M|100/100|[from]move: Flip Turn
|-ability|p1a: Incineroar|Intimidate|boost
|-unboost|p2a: *w*G O A L I E*w*|atk|1
|move|p2a: *w*G O A L I E*w*|Knock Off|p1a: Incineroar
|-resisted|p1a: Incineroar
|-damage|p1a: Incineroar|95/100
|-enditem|p1a: Incineroar|Leftovers|[from] move: Knock Off|[of] p2a: *w*G O A L I E*w*
|
|-damage|p2a: *w*G O A L I E*w*|62/100 brn|[from] brn
|upkeep
|turn|4
|
|t:|1664704928
|move|p1a: Incineroar|Knock Off|p2a: *w*G O A L I E*w*
|-damage|p2a: *w*G O A L I E*w*|21/100 brn
|-enditem|p2a: *w*G O A L I E*w*|Heavy-Duty Boots|[from] move: Knock Off|[of] p1a: Incineroar
|-activate|p2a: *w*G O A L I E*w*|ability: Emergency Exit
|
|t:|1664704931
|switch|p2a: Arceu5 Steel|Silvally-Dragon|100/100
|
|upkeep
|turn|5
|
|t:|1664704937
|move|p2a: Arceu5 Steel|Toxic|p1a: Incineroar|[miss]
|-miss|p2a: Arceu5 Steel|p1a: Incineroar
|move|p1a: Incineroar|Will-O-Wisp|p2a: Arceu5 Steel
|-status|p2a: Arceu5 Steel|brn
|
|-damage|p2a: Arceu5 Steel|94/100 brn|[from] brn
|upkeep
|turn|6
|
|t:|1664704941
|move|p2a: Arceu5 Steel|Parting Shot|p1a: Incineroar
|-unboost|p1a: Incineroar|atk|1
|-unboost|p1a: Incineroar|spa|1
|
|t:|1664704944
|switch|p2a: Rising Superstar|Nidoqueen, F|100/100|[from]move: Parting Shot
|move|p1a: Incineroar|Parting Shot|p2a: Rising Superstar
|-unboost|p2a: Rising Superstar|atk|1
|-unboost|p2a: Rising Superstar|spa|1
|
|t:|1664704950
|switch|p1a: Milotic|Milotic, F|91/100|[from]move: Parting Shot
|
|upkeep
|turn|7
|
|t:|1664704955
|move|p2a: Rising Superstar|Stealth Rock|p1a: Milotic
|-sidestart|p1: R3d_VGC|move: Stealth Rock
|move|p1a: Milotic|Flip Turn|p2a: Rising Superstar
|-supereffective|p2a: Rising Superstar
|-damage|p2a: Rising Superstar|71/100
|
|t:|1664704963
|switch|p1a: Tsareena|Tsareena, F|100/100|[from]move: Flip Turn
|
|-heal|p2a: Rising Superstar|77/100|[from] item: Black Sludge
|upkeep
|turn|8
|
|t:|1664704965
|move|p2a: Rising Superstar|Sludge Wave|p1a: Tsareena
|-supereffective|p1a: Tsareena
|-damage|p1a: Tsareena|40/100
|move|p1a: Tsareena|Rapid Spin|p2a: Rising Superstar
|-damage|p2a: Rising Superstar|57/100
|-boost|p1a: Tsareena|spe|1
|-sideend|p1: R3d_VGC|Stealth Rock|[from] move: Rapid Spin|[of] p1a: Tsareena
|
|-heal|p2a: Rising Superstar|63/100|[from] item: Black Sludge
|upkeep
|turn|9
|
|t:|1664704972
|switch|p2a: *w*G O A L I E*w*|Golisopod, F|21/100 brn
|move|p1a: Tsareena|Triple Axel|p2a: *w*G O A L I E*w*
|-resisted|p2a: *w*G O A L I E*w*
|-damage|p2a: *w*G O A L I E*w*|19/100 brn
|-resisted|p2a: *w*G O A L I E*w*
|-damage|p2a: *w*G O A L I E*w*|13/100 brn
|-resisted|p2a: *w*G O A L I E*w*
|-damage|p2a: *w*G O A L I E*w*|6/100 brn
|-hitcount|p2a: *w*G O A L I E*w*|3
|
|-damage|p2a: *w*G O A L I E*w*|0 fnt|[from] brn
|faint|p2a: *w*G O A L I E*w*
|upkeep
|
|t:|1664704976
|switch|p2a: Just U-Turn 5head|Flygon, F|100/100
|turn|10
|
|t:|1664704982
|switch|p1a: Milotic|Milotic, F|91/100
|move|p2a: Just U-Turn 5head|U-turn|p1a: Milotic
|-damage|p1a: Milotic|71/100
|-damage|p2a: Just U-Turn 5head|84/100|[from] item: Rocky Helmet|[of] p1a: Milotic
|
|t:|1664704988
|switch|p2a: Rising Superstar|Nidoqueen, F|63/100|[from]move: U-turn
|
|-heal|p2a: Rising Superstar|70/100|[from] item: Black Sludge
|upkeep
|turn|11
|
|t:|1664704991
|move|p2a: Rising Superstar|Stealth Rock|p1a: Milotic
|-sidestart|p1: R3d_VGC|move: Stealth Rock
|move|p1a: Milotic|Scald|p2a: Rising Superstar
|-supereffective|p2a: Rising Superstar
|-damage|p2a: Rising Superstar|0 fnt
|faint|p2a: Rising Superstar
|
|upkeep
|
|t:|1664704995
|switch|p2a: luckyStar|Raikou|100/100
|-ability|p2a: luckyStar|Pressure
|turn|12
|
|t:|1664704999
|move|p2a: luckyStar|Calm Mind|p2a: luckyStar
|-boost|p2a: luckyStar|spa|1
|-boost|p2a: luckyStar|spd|1
|move|p1a: Milotic|Flip Turn|p2a: luckyStar
|-crit|p2a: luckyStar
|-damage|p2a: luckyStar|76/100
|
|t:|1664705001
|switch|p1a: Tsareena|Tsareena, F|40/100|[from]move: Flip Turn
|
|-heal|p2a: luckyStar|82/100|[from] item: Leftovers
|upkeep
|turn|13
|
|t:|1664705005
|move|p2a: luckyStar|Thunderbolt|p1a: Tsareena
|-resisted|p1a: Tsareena
|-damage|p1a: Tsareena|8/100
|move|p1a: Tsareena|Rapid Spin|p2a: luckyStar
|-damage|p2a: luckyStar|59/100
|-boost|p1a: Tsareena|spe|1
|-sideend|p1: R3d_VGC|Stealth Rock|[from] move: Rapid Spin|[of] p1a: Tsareena
|
|-heal|p2a: luckyStar|65/100|[from] item: Leftovers
|upkeep
|turn|14
|
|t:|1664705009
|move|p2a: luckyStar|Thunderbolt|p1a: Tsareena
|-resisted|p1a: Tsareena
|-damage|p1a: Tsareena|0 fnt
|faint|p1a: Tsareena
|
|-heal|p2a: luckyStar|72/100|[from] item: Leftovers
|upkeep
|
|t:|1664705015
|switch|p1a: Incineroar|Incineroar, M|95/100
|-ability|p1a: Incineroar|Intimidate|boost
|-unboost|p2a: luckyStar|atk|1
|turn|15
|
|t:|1664705018
|move|p2a: luckyStar|Scald|p1a: Incineroar
|-supereffective|p1a: Incineroar
|-damage|p1a: Incineroar|26/100
|move|p1a: Incineroar|Flare Blitz|p2a: luckyStar
|-damage|p2a: luckyStar|0 fnt
|faint|p2a: luckyStar
|-damage|p1a: Incineroar|7/100|[from] Recoil
|
|upkeep
|
|t:|1664705028
|switch|p2a: Arceu5 Steel|Silvally-Dragon|94/100 brn
|turn|16
|
|t:|1664705032
|move|p2a: Arceu5 Steel|Multi-Attack|p1a: Incineroar
|-damage|p1a: Incineroar|0 fnt
|faint|p1a: Incineroar
|
|-damage|p2a: Arceu5 Steel|88/100 brn|[from] brn
|upkeep
|
|t:|1664705037
|switch|p1a: Lucario|Lucario, M|100/100
|turn|17
|
|t:|1664705040
|move|p2a: Arceu5 Steel|Parting Shot|p1a: Lucario
|-unboost|p1a: Lucario|atk|1
|-unboost|p1a: Lucario|spa|1
|
|t:|1664705043
|switch|p2a: BELLA DONNA!!!!!!!|Gardevoir, F|100/100|[from]move: Parting Shot
|-ability|p2a: BELLA DONNA!!!!!!!|Inner Focus|[from] ability: Trace|[of] p1a: Lucario
|move|p1a: Lucario|Swords Dance|p1a: Lucario
|-boost|p1a: Lucario|atk|2
|
|upkeep
|turn|18
|
|t:|1664705046
|move|p1a: Lucario|Meteor Mash|p2a: BELLA DONNA!!!!!!!
|-supereffective|p2a: BELLA DONNA!!!!!!!
|-damage|p2a: BELLA DONNA!!!!!!!|0 fnt
|faint|p2a: BELLA DONNA!!!!!!!
|-damage|p1a: Lucario|91/100|[from] item: Life Orb
|
|upkeep
|
|t:|1664705048
|switch|p2a: Just U-Turn 5head|Flygon, F|84/100
|turn|19
|
|t:|1664705056
|switch|p1a: Slurpuff|Slurpuff, F|100/100
|move|p2a: Just U-Turn 5head|Earthquake|p1a: Slurpuff
|-damage|p1a: Slurpuff|54/100
|
|upkeep
|turn|20
|
|t:|1664705062
|move|p2a: Just U-Turn 5head|Earthquake|p1a: Slurpuff
|-damage|p1a: Slurpuff|8/100
|-enditem|p1a: Slurpuff|Sitrus Berry|[eat]
|-heal|p1a: Slurpuff|33/100|[from] item: Sitrus Berry
|move|p1a: Slurpuff|Play Rough|p2a: Just U-Turn 5head
|-supereffective|p2a: Just U-Turn 5head
|-damage|p2a: Just U-Turn 5head|0 fnt
|faint|p2a: Just U-Turn 5head
|
|upkeep
|-message|literallyfreemoney forfeited.
|
|win|R3d_VGC
|raw|R3d_VGC's rating: 1477 &rarr; <strong>1497</strong><br />(+20 for winning)
|raw|literallyfreemoney's rating: 1481 &rarr; <strong>1461</strong><br />(-20 for losing)
|l|☆literallyfreemoney
|c|☆R3d_VGC|gg
