|j|☆quimbs
|j|☆confit nez
|player|p1|quimbs|harlequin|1370
|player|p2|confit nez|wallace|1341
|teamsize|p1|6
|teamsize|p2|6
|gametype|singles
|gen|8
|tier|[Gen 8] RU
|rated|
|clearpoke
|poke|p1|Braviary, M|
|poke|p1|Coalossal, F|
|poke|p1|Vaporeon, M|
|poke|p1|Passimian, F|
|poke|p1|Rotom-Mow|
|poke|p1|Vanilluxe, F|
|poke|p2|Wartortle, F|
|poke|p2|Whimsicott, F|
|poke|p2|Salazzle, F|
|poke|p2|Silvally-*|
|poke|p2|Mudsdale, F|
|poke|p2|Vanilluxe, F|
|rule|Sleep Clause Mod: Limit one foe put to sleep
|rule|Species Clause: Limit one of each Pokémon
|rule|OHKO Clause: OHKO moves are banned
|rule|Evasion Moves Clause: Evasion moves are banned
|rule|Endless Battle Clause: Forcing endless battles is banned
|rule|HP Percentage Mod: HP is shown in percentages
|rule|Dynamax Clause: You cannot dynamax
|teampreview
|inactive|Battle timer is ON: inactive players will automatically lose when time's up. (requested by confit nez)
|c|☆confit nez|hf
|c|☆quimbs|hf
|
|start
|switch|p1a: Passimian|Passimian, F|100/100
|switch|p2a: Silvally|Silvally-Steel|100/100
|turn|1
|
|switch|p2a: Whimsicott|Whimsicott, F|100/100
|move|p1a: Passimian|Close Combat|p2a: Whimsicott
|-resisted|p2a: Whimsicott
|-damage|p2a: Whimsicott|58/100
|-unboost|p1a: Passimian|def|1
|-unboost|p1a: Passimian|spd|1
|
|upkeep
|turn|2
|
|switch|p1a: Coalossal|Coalossal, F|100/100
|move|p2a: Whimsicott|Energy Ball|p1a: Coalossal
|-damage|p1a: Coalossal|69/100
|
|-heal|p1a: Coalossal|75/100|[from] item: Leftovers
|upkeep
|turn|3
|
|move|p2a: Whimsicott|Energy Ball|p1a: Coalossal
|-crit|p1a: Coalossal
|-damage|p1a: Coalossal|23/100
|-unboost|p1a: Coalossal|spd|1
|move|p1a: Coalossal|Stealth Rock|p2a: Whimsicott
|-sidestart|p2: confit nez|move: Stealth Rock
|
|-heal|p1a: Coalossal|29/100|[from] item: Leftovers
|upkeep
|turn|4
|j| pattek
|
|switch|p1a: Braviary|Braviary, M|100/100
|move|p2a: Whimsicott|Energy Ball|p1a: Braviary
|-resisted|p1a: Braviary
|-damage|p1a: Braviary|67/100
|
|upkeep
|turn|5
|
|switch|p2a: Silvally|Silvally-Steel|100/100
|-damage|p2a: Silvally|94/100|[from] Stealth Rock
|move|p1a: Braviary|Brave Bird|p2a: Silvally
|-resisted|p2a: Silvally
|-damage|p2a: Silvally|66/100
|-damage|p1a: Braviary|57/100|[from] Recoil
|
|upkeep
|turn|6
|l| pattek
|
|switch|p1a: Vaporeon|Vaporeon, M|100/100
|move|p2a: Silvally|Defog|p1a: Vaporeon
|-unboost|p1a: Vaporeon|evasion|1
|-sideend|p2: confit nez|Stealth Rock|[from] move: Defog|[of] p2a: Silvally
|
|upkeep
|turn|7
|
|move|p2a: Silvally|Parting Shot|p1a: Vaporeon
|-unboost|p1a: Vaporeon|atk|1
|-unboost|p1a: Vaporeon|spa|1
|
|switch|p2a: Whimsicott|Whimsicott, F|58/100|[from]move: Parting Shot
|move|p1a: Vaporeon|Wish|p1a: Vaporeon
|
|upkeep
|turn|8
|
|switch|p1a: Braviary|Braviary, M|57/100
|move|p2a: Whimsicott|Switcheroo|p1a: Braviary
|-activate|p2a: Whimsicott|move: Trick|[of] p1a: Braviary
|-item|p1a: Braviary|Choice Specs|[from] move: Switcheroo
|-item|p2a: Whimsicott|Heavy-Duty Boots|[from] move: Switcheroo
|
|-heal|p1a: Braviary|100/100|[from] move: Wish|[wisher] Vaporeon
|upkeep
|turn|9
|
|switch|p2a: Mudsdale|Mudsdale, F|100/100
|move|p1a: Braviary|Brave Bird|p2a: Mudsdale
|-damage|p2a: Mudsdale|65/100
|-ability|p2a: Mudsdale|Stamina|boost
|-boost|p2a: Mudsdale|def|1
|-damage|p1a: Braviary|86/100|[from] Recoil
|
|-heal|p2a: Mudsdale|71/100|[from] item: Leftovers
|upkeep
|turn|10
|
|switch|p1a: Vanilluxe|Vanilluxe, F|100/100
|-weather|Hail|[from] ability: Snow Warning|[of] p1a: Vanilluxe
|move|p2a: Mudsdale|Stealth Rock|p1a: Vanilluxe
|-sidestart|p1: quimbs|move: Stealth Rock
|
|-weather|Hail|[upkeep]
|-damage|p2a: Mudsdale|65/100|[from] Hail
|-heal|p2a: Mudsdale|71/100|[from] item: Leftovers
|upkeep
|turn|11
|
|switch|p2a: Vanilluxe|Vanilluxe, F|100/100
|move|p1a: Vanilluxe|Blizzard|p2a: Vanilluxe
|-resisted|p2a: Vanilluxe
|-damage|p2a: Vanilluxe|56/100
|
|-weather|Hail|[upkeep]
|upkeep
|turn|12
|
|move|p2a: Vanilluxe|Toxic|p1a: Vanilluxe|[miss]
|-miss|p2a: Vanilluxe|p1a: Vanilluxe
|move|p1a: Vanilluxe|Blizzard|p2a: Vanilluxe
|-resisted|p2a: Vanilluxe
|-damage|p2a: Vanilluxe|6/100
|
|-weather|Hail|[upkeep]
|upkeep
|turn|13
|
|move|p2a: Vanilluxe|Toxic|p1a: Vanilluxe
|-status|p1a: Vanilluxe|tox
|move|p1a: Vanilluxe|Blizzard|p2a: Vanilluxe
|-resisted|p2a: Vanilluxe
|-damage|p2a: Vanilluxe|0 fnt
|faint|p2a: Vanilluxe
|
|-weather|Hail|[upkeep]
|-damage|p1a: Vanilluxe|94/100 tox|[from] psn
|upkeep
|
|switch|p2a: Salazzle|Salazzle, F|100/100
|turn|14
|
|switch|p2a: Whimsicott|Whimsicott, F|58/100
|move|p1a: Vanilluxe|Blizzard|p2a: Whimsicott
|-supereffective|p2a: Whimsicott
|-damage|p2a: Whimsicott|0 fnt
|faint|p2a: Whimsicott
|
|-weather|none
|-damage|p1a: Vanilluxe|82/100 tox|[from] psn
|upkeep
|
|switch|p2a: Salazzle|Salazzle, F|100/100
|turn|15
|
|switch|p1a: Coalossal|Coalossal, F|29/100
|-damage|p1a: Coalossal|4/100|[from] Stealth Rock
|move|p2a: Salazzle|Toxic|p1a: Coalossal
|-status|p1a: Coalossal|tox
|
|-heal|p1a: Coalossal|10/100 tox|[from] item: Leftovers
|-damage|p1a: Coalossal|4/100 tox|[from] psn
|upkeep
|turn|16
|j| pattek
|
|move|p2a: Salazzle|Substitute|p2a: Salazzle
|-start|p2a: Salazzle|Substitute
|-damage|p2a: Salazzle|76/100
|move|p1a: Coalossal|Spikes|p2a: Salazzle
|-sidestart|p2: confit nez|Spikes
|
|-heal|p2a: Salazzle|82/100|[from] item: Black Sludge
|-heal|p1a: Coalossal|10/100 tox|[from] item: Leftovers
|-damage|p1a: Coalossal|0 fnt|[from] psn
|faint|p1a: Coalossal
|upkeep
|l| pattek
|
|switch|p1a: Passimian|Passimian, F|100/100
|-damage|p1a: Passimian|94/100|[from] Stealth Rock
|turn|17
|
|move|p2a: Salazzle|Protect|p2a: Salazzle
|-singleturn|p2a: Salazzle|Protect
|move|p1a: Passimian|Knock Off|p2a: Salazzle
|-activate|p2a: Salazzle|move: Protect
|
|-heal|p2a: Salazzle|88/100|[from] item: Black Sludge
|upkeep
|turn|18
|
|move|p1a: Passimian|Knock Off|p2a: Salazzle
|-end|p2a: Salazzle|Substitute
|move|p2a: Salazzle|Toxic|p1a: Passimian
|-status|p1a: Passimian|tox
|
|-heal|p2a: Salazzle|94/100|[from] item: Black Sludge
|-damage|p1a: Passimian|88/100 tox|[from] psn
|upkeep
|turn|19
|
|move|p2a: Salazzle|Protect|p2a: Salazzle
|-singleturn|p2a: Salazzle|Protect
|move|p1a: Passimian|Knock Off|p2a: Salazzle
|-activate|p2a: Salazzle|move: Protect
|
|-heal|p2a: Salazzle|100/100|[from] item: Black Sludge
|-damage|p1a: Passimian|76/100 tox|[from] psn
|upkeep
|turn|20
|
|switch|p2a: Silvally|Silvally-Steel|66/100
|-damage|p2a: Silvally|54/100|[from] Spikes
|move|p1a: Passimian|Knock Off|p2a: Silvally
|-damage|p2a: Silvally|35/100
|
|-damage|p1a: Passimian|57/100 tox|[from] psn
|upkeep
|turn|21
|
|switch|p1a: Rotom|Rotom-Mow|100/100
|-damage|p1a: Rotom|88/100|[from] Stealth Rock
|move|p2a: Silvally|Parting Shot|p1a: Rotom
|-unboost|p1a: Rotom|atk|1
|-unboost|p1a: Rotom|spa|1
|
|switch|p2a: Salazzle|Salazzle, F|100/100|[from]move: Parting Shot
|-damage|p2a: Salazzle|88/100|[from] Spikes
|
|-heal|p2a: Salazzle|94/100|[from] item: Black Sludge
|-heal|p1a: Rotom|94/100|[from] item: Leftovers
|upkeep
|turn|22
|
|move|p2a: Salazzle|Flamethrower|p1a: Rotom
|-supereffective|p1a: Rotom
|-damage|p1a: Rotom|19/100
|-status|p1a: Rotom|brn
|move|p1a: Rotom|Volt Switch|p2a: Salazzle
|-damage|p2a: Salazzle|67/100
|inactive|quimbs has 120 seconds left.
|
|switch|p1a: Vaporeon|Vaporeon, M|100/100|[from]move: Volt Switch
|-damage|p1a: Vaporeon|88/100|[from] Stealth Rock
|
|-heal|p2a: Salazzle|74/100|[from] item: Black Sludge
|-heal|p1a: Vaporeon|94/100|[from] item: Leftovers
|upkeep
|turn|23
|
|move|p2a: Salazzle|Toxic|p1a: Vaporeon
|-status|p1a: Vaporeon|tox
|move|p1a: Vaporeon|Scald|p2a: Salazzle
|-supereffective|p2a: Salazzle
|-damage|p2a: Salazzle|0 fnt
|faint|p2a: Salazzle
|
|-heal|p1a: Vaporeon|100/100 tox|[from] item: Leftovers
|-damage|p1a: Vaporeon|94/100 tox|[from] psn
|upkeep
|
|switch|p2a: Mudsdale|Mudsdale, F|71/100
|-damage|p2a: Mudsdale|58/100|[from] Spikes
|turn|24
|
|move|p1a: Vaporeon|Scald|p2a: Mudsdale
|-supereffective|p2a: Mudsdale
|-damage|p2a: Mudsdale|1/100
|-status|p2a: Mudsdale|brn
|-ability|p2a: Mudsdale|Stamina|boost
|-boost|p2a: Mudsdale|def|1
|move|p2a: Mudsdale|Earthquake|p1a: Vaporeon
|-damage|p1a: Vaporeon|79/100 tox
|
|-heal|p1a: Vaporeon|85/100 tox|[from] item: Leftovers
|-heal|p2a: Mudsdale|8/100 brn|[from] item: Leftovers
|-damage|p1a: Vaporeon|72/100 tox|[from] psn
|-damage|p2a: Mudsdale|1/100 brn|[from] brn
|upkeep
|turn|25
|
|switch|p1a: Braviary|Braviary, M|86/100
|-damage|p1a: Braviary|62/100|[from] Stealth Rock
|move|p2a: Mudsdale|Toxic|p1a: Braviary
|-status|p1a: Braviary|tox
|
|-heal|p2a: Mudsdale|8/100 brn|[from] item: Leftovers
|-damage|p1a: Braviary|55/100 tox|[from] psn
|-damage|p2a: Mudsdale|1/100 brn|[from] brn
|upkeep
|turn|26
|
|move|p1a: Braviary|Brave Bird|p2a: Mudsdale
|-damage|p2a: Mudsdale|0 fnt
|-damage|p1a: Braviary|55/100 tox|[from] Recoil
|faint|p2a: Mudsdale
|
|-damage|p1a: Braviary|43/100 tox|[from] psn
|upkeep
|j| yedla
|
|switch|p2a: Wartortle|Wartortle, F|100/100
|-damage|p2a: Wartortle|88/100|[from] Spikes
|turn|27
|
|switch|p1a: Vaporeon|Vaporeon, M|72/100 tox
|-damage|p1a: Vaporeon|60/100 tox|[from] Stealth Rock
|move|p2a: Wartortle|Shell Smash|p2a: Wartortle
|-unboost|p2a: Wartortle|def|1
|-unboost|p2a: Wartortle|spd|1
|-boost|p2a: Wartortle|atk|2
|-boost|p2a: Wartortle|spa|2
|-boost|p2a: Wartortle|spe|2
|
|-heal|p1a: Vaporeon|66/100 tox|[from] item: Leftovers
|-damage|p1a: Vaporeon|60/100 tox|[from] psn
|upkeep
|turn|28
|
|move|p2a: Wartortle|Shell Smash|p2a: Wartortle
|-unboost|p2a: Wartortle|def|1
|-unboost|p2a: Wartortle|spd|1
|-boost|p2a: Wartortle|atk|2
|-boost|p2a: Wartortle|spa|2
|-boost|p2a: Wartortle|spe|2
|move|p1a: Vaporeon|Haze|p1a: Vaporeon
|-clearallboost
|
|-heal|p1a: Vaporeon|66/100 tox|[from] item: Leftovers
|-damage|p1a: Vaporeon|54/100 tox|[from] psn
|upkeep
|turn|29
|
|move|p2a: Wartortle|Shell Smash|p2a: Wartortle
|-unboost|p2a: Wartortle|def|1
|-unboost|p2a: Wartortle|spd|1
|-boost|p2a: Wartortle|atk|2
|-boost|p2a: Wartortle|spa|2
|-boost|p2a: Wartortle|spe|2
|move|p1a: Vaporeon|Haze|p1a: Vaporeon
|-clearallboost
|
|-heal|p1a: Vaporeon|60/100 tox|[from] item: Leftovers
|-damage|p1a: Vaporeon|41/100 tox|[from] psn
|upkeep
|turn|30
|
|move|p2a: Wartortle|Shell Smash|p2a: Wartortle
|-unboost|p2a: Wartortle|def|1
|-unboost|p2a: Wartortle|spd|1
|-boost|p2a: Wartortle|atk|2
|-boost|p2a: Wartortle|spa|2
|-boost|p2a: Wartortle|spe|2
|move|p1a: Vaporeon|Haze|p1a: Vaporeon
|-clearallboost
|
|-heal|p1a: Vaporeon|47/100 tox|[from] item: Leftovers
|-damage|p1a: Vaporeon|22/100 tox|[from] psn
|upkeep
|turn|31
|
|move|p2a: Wartortle|Shell Smash|p2a: Wartortle
|-unboost|p2a: Wartortle|def|1
|-unboost|p2a: Wartortle|spd|1
|-boost|p2a: Wartortle|atk|2
|-boost|p2a: Wartortle|spa|2
|-boost|p2a: Wartortle|spe|2
|move|p1a: Vaporeon|Haze|p1a: Vaporeon
|-clearallboost
|
|-heal|p1a: Vaporeon|29/100 tox|[from] item: Leftovers
|-damage|p1a: Vaporeon|0 fnt|[from] psn
|faint|p1a: Vaporeon
|upkeep
|
|switch|p1a: Vanilluxe|Vanilluxe, F|82/100 tox
|-damage|p1a: Vanilluxe|58/100 tox|[from] Stealth Rock
|-weather|Hail|[from] ability: Snow Warning|[of] p1a: Vanilluxe
|turn|32
|
|switch|p2a: Silvally|Silvally-Steel|35/100
|-damage|p2a: Silvally|23/100|[from] Spikes
|move|p1a: Vanilluxe|Freeze-Dry|p2a: Silvally
|-resisted|p2a: Silvally
|-damage|p2a: Silvally|8/100
|-status|p2a: Silvally|frz
|
|-weather|Hail|[upkeep]
|-damage|p2a: Silvally|2/100 frz|[from] Hail
|-damage|p1a: Vanilluxe|52/100 tox|[from] psn
|upkeep
|turn|33
|
|move|p1a: Vanilluxe|Freeze-Dry|p2a: Silvally
|-resisted|p2a: Silvally
|-damage|p2a: Silvally|0 fnt
|faint|p2a: Silvally
|
|-weather|Hail|[upkeep]
|-damage|p1a: Vanilluxe|40/100 tox|[from] psn
|upkeep
|
|switch|p2a: Wartortle|Wartortle, F|88/100
|-damage|p2a: Wartortle|76/100|[from] Spikes
|turn|34
|
|move|p1a: Vanilluxe|Freeze-Dry|p2a: Wartortle
|-supereffective|p2a: Wartortle
|-damage|p2a: Wartortle|0 fnt
|faint|p2a: Wartortle
|
|win|quimbs
|c|☆quimbs|gg
|l|☆quimbs
|l|☆confit nez
|j| Luna bae
|l| yedla
