|j|☆purple mountains
|j|☆bewario
|t:|1615776201
|player|p1|purple mountains|teammagmagruntf-gen3|1516
|player|p2|bewario|crasherwake|1244
|teamsize|p1|6
|teamsize|p2|6
|gametype|singles
|gen|8
|tier|[Gen 8] RU
|rated|
|clearpoke
|poke|p1|Mienshao, F|
|poke|p1|Raikou|
|poke|p1|Zarude|
|poke|p1|Gastrodon, M|
|poke|p1|Cobalion|
|poke|p1|Weezing-Galar, M|
|poke|p2|Audino, F|
|poke|p2|Registeel|
|poke|p2|Xatu, M|
|poke|p2|Shedinja|
|poke|p2|Pyukumuku, M|
|poke|p2|Weezing-Galar, F|
|rule|Sleep Clause Mod: Limit one foe put to sleep
|rule|Species Clause: Limit one of each Pokémon
|rule|OHKO Clause: OHKO moves are banned
|rule|Evasion Moves Clause: Evasion moves are banned
|rule|Endless Battle Clause: Forcing endless battles is banned
|rule|HP Percentage Mod: HP is shown in percentages
|rule|Dynamax Clause: You cannot dynamax
|teampreview
|
|t:|1615776220
|start
|switch|p1a: Mienshao|Mienshao, F|100/100
|switch|p2a: Pyukumuku|Pyukumuku, M|100/100
|turn|1
|inactive|Battle timer is ON: inactive players will automatically lose when time's up. (requested by bewario)
|
|t:|1615776227
|move|p1a: Mienshao|U-turn|p2a: Pyukumuku
|-damage|p2a: Pyukumuku|84/100
|
|t:|1615776230
|switch|p1a: Zarude|Zarude|100/100|[from]move: U-turn
|move|p2a: Pyukumuku|Toxic|p1a: Zarude
|-status|p1a: Zarude|tox
|
|-heal|p2a: Pyukumuku|90/100|[from] item: Leftovers
|-damage|p1a: Zarude|95/100 tox|[from] psn
|upkeep
|turn|2
|
|t:|1615776236
|switch|p2a: Weezing|Weezing-Galar, F|100/100
|-ability|p2a: Weezing|Neutralizing Gas
|move|p1a: Zarude|U-turn|p2a: Weezing
|-resisted|p2a: Weezing
|-damage|p2a: Weezing|97/100
|
|t:|1615776259
|switch|p1a: Cobalion|Cobalion|100/100|[from]move: U-turn
|
|upkeep
|turn|3
|
|t:|1615776265
|-end|p2a: Weezing|ability: Neutralizing Gas
|switch|p2a: Xatu|Xatu, M|100/100
|move|p1a: Cobalion|Volt Switch|p2a: Xatu
|-supereffective|p2a: Xatu
|-damage|p2a: Xatu|63/100
|
|t:|1615776273
|switch|p1a: Mienshao|Mienshao, F|100/100|[from]move: Volt Switch
|
|upkeep
|turn|4
|
|t:|1615776277
|switch|p2a: Pyukumuku|Pyukumuku, M|90/100
|move|p1a: Mienshao|Knock Off|p2a: Pyukumuku
|-damage|p2a: Pyukumuku|68/100
|-enditem|p2a: Pyukumuku|Leftovers|[from] move: Knock Off|[of] p1a: Mienshao
|
|upkeep
|turn|5
|
|t:|1615776283
|switch|p1a: Zarude|Zarude|95/100 tox
|move|p2a: Pyukumuku|Recover|p2a: Pyukumuku
|-heal|p2a: Pyukumuku|100/100
|
|-damage|p1a: Zarude|89/100 tox|[from] psn
|upkeep
|turn|6
|
|t:|1615776292
|switch|p2a: Weezing|Weezing-Galar, F|97/100
|-ability|p2a: Weezing|Neutralizing Gas
|move|p1a: Zarude|U-turn|p2a: Weezing
|-resisted|p2a: Weezing
|-damage|p2a: Weezing|93/100
|j| Deboitmendumenix
|
|t:|1615776297
|switch|p1a: Cobalion|Cobalion|100/100|[from]move: U-turn
|
|upkeep
|turn|7
|
|t:|1615776302
|-end|p2a: Weezing|ability: Neutralizing Gas
|switch|p2a: Xatu|Xatu, M|63/100
|move|p1a: Cobalion|Volt Switch|p2a: Xatu
|-supereffective|p2a: Xatu
|-damage|p2a: Xatu|25/100
|
|t:|1615776310
|switch|p1a: Mienshao|Mienshao, F|100/100|[from]move: Volt Switch
|
|upkeep
|turn|8
|
|t:|1615776314
|switch|p2a: Pyukumuku|Pyukumuku, M|100/100
|move|p1a: Mienshao|U-turn|p2a: Pyukumuku
|-damage|p2a: Pyukumuku|86/100
|
|t:|1615776323
|switch|p1a: Cobalion|Cobalion|100/100|[from]move: U-turn
|
|upkeep
|turn|9
|
|t:|1615776328
|switch|p2a: Xatu|Xatu, M|25/100
|move|p1a: Cobalion|Volt Switch|p2a: Xatu
|-supereffective|p2a: Xatu
|-damage|p2a: Xatu|0 fnt
|faint|p2a: Xatu
|
|t:|1615776335
|switch|p1a: Mienshao|Mienshao, F|100/100|[from]move: Volt Switch
|
|upkeep
|
|t:|1615776345
|switch|p2a: Weezing|Weezing-Galar, F|93/100
|-ability|p2a: Weezing|Neutralizing Gas
|turn|10
|
|t:|1615776349
|move|p1a: Mienshao|U-turn|p2a: Weezing
|-resisted|p2a: Weezing
|-damage|p2a: Weezing|89/100
|
|t:|1615776358
|switch|p1a: Gastrodon|Gastrodon, M|100/100|[from]move: U-turn
|move|p2a: Weezing|Strange Steam|p1a: Gastrodon
|-damage|p1a: Gastrodon|82/100
|
|-heal|p1a: Gastrodon|88/100|[from] item: Leftovers
|upkeep
|turn|11
|
|t:|1615776366
|-end|p2a: Weezing|ability: Neutralizing Gas
|switch|p2a: Registeel|Registeel|100/100
|move|p1a: Gastrodon|Earth Power|p2a: Registeel
|-supereffective|p2a: Registeel
|-damage|p2a: Registeel|72/100
|
|-heal|p2a: Registeel|79/100|[from] item: Leftovers
|-heal|p1a: Gastrodon|94/100|[from] item: Leftovers
|upkeep
|turn|12
|
|t:|1615776373
|switch|p1a: Weezing|Weezing-Galar, M|100/100
|move|p2a: Registeel|Stealth Rock|p1a: Weezing
|-sidestart|p1: purple mountains|move: Stealth Rock
|
|-heal|p2a: Registeel|85/100|[from] item: Leftovers
|upkeep
|turn|13
|
|t:|1615776380
|move|p1a: Weezing|Toxic Spikes|p2a: Registeel
|-sidestart|p2: bewario|move: Toxic Spikes
|move|p2a: Registeel|Heavy Slam|p1a: Weezing
|-supereffective|p1a: Weezing
|-damage|p1a: Weezing|59/100
|-damage|p2a: Registeel|68/100|[from] item: Rocky Helmet|[of] p1a: Weezing
|
|-heal|p2a: Registeel|74/100|[from] item: Leftovers
|upkeep
|turn|14
|
|t:|1615776387
|move|p1a: Weezing|Will-O-Wisp|p2a: Registeel
|-status|p2a: Registeel|brn
|move|p2a: Registeel|Heavy Slam|p1a: Weezing
|-supereffective|p1a: Weezing
|-damage|p1a: Weezing|39/100
|-damage|p2a: Registeel|58/100 brn|[from] item: Rocky Helmet|[of] p1a: Weezing
|
|-heal|p2a: Registeel|64/100 brn|[from] item: Leftovers
|-damage|p2a: Registeel|58/100 brn|[from] brn
|upkeep
|turn|15
|
|t:|1615776401
|switch|p1a: Raikou|Raikou|100/100
|-ability|p1a: Raikou|Pressure
|move|p2a: Registeel|Earthquake|p1a: Raikou
|-supereffective|p1a: Raikou
|-crit|p1a: Raikou
|-damage|p1a: Raikou|63/100
|
|-heal|p2a: Registeel|64/100 brn|[from] item: Leftovers
|-damage|p2a: Registeel|58/100 brn|[from] brn
|upkeep
|turn|16
|
|t:|1615776414
|switch|p2a: Weezing|Weezing-Galar, F|89/100
|-ability|p2a: Weezing|Neutralizing Gas
|-sideend|p2: bewario|move: Toxic Spikes|[of] p2a: Weezing
|move|p1a: Raikou|Volt Switch|p2a: Weezing
|-damage|p2a: Weezing|46/100
|
|t:|1615776421
|switch|p1a: Cobalion|Cobalion|100/100|[from]move: Volt Switch
|-damage|p1a: Cobalion|97/100|[from] Stealth Rock
|
|upkeep
|turn|17
|
|t:|1615776432
|-end|p2a: Weezing|ability: Neutralizing Gas
|switch|p2a: Shedinja|Shedinja|100/100
|move|p1a: Cobalion|Iron Head|p2a: Shedinja
|-immune|p2a: Shedinja|[from] ability: Wonder Guard
|
|upkeep
|turn|18
|
|t:|1615776439
|move|p1a: Cobalion|Stealth Rock|p2a: Shedinja
|-sidestart|p2: bewario|move: Stealth Rock
|move|p2a: Shedinja|Toxic|p1a: Cobalion
|-immune|p1a: Cobalion
|
|upkeep
|turn|19
|
|t:|1615776445
|switch|p1a: Weezing|Weezing-Galar, M|39/100
|-damage|p1a: Weezing|27/100|[from] Stealth Rock
|move|p2a: Shedinja|Will-O-Wisp|p1a: Weezing
|-status|p1a: Weezing|brn
|
|-damage|p1a: Weezing|21/100 brn|[from] brn
|upkeep
|turn|20
|
|t:|1615776453
|move|p2a: Shedinja|Protect|p2a: Shedinja
|-singleturn|p2a: Shedinja|Protect
|move|p1a: Weezing|Will-O-Wisp|p2a: Shedinja
|-activate|p2a: Shedinja|move: Protect
|
|-damage|p1a: Weezing|15/100 brn|[from] brn
|upkeep
|turn|21
|
|t:|1615776460
|switch|p2a: Audino|Audino, F|100/100
|move|p1a: Weezing|Will-O-Wisp|p2a: Audino
|-status|p2a: Audino|brn
|
|-damage|p1a: Weezing|9/100 brn|[from] brn
|-damage|p2a: Audino|94/100 brn|[from] brn
|upkeep
|turn|22
|
|t:|1615776464
|switch|p1a: Mienshao|Mienshao, F|100/100
|-damage|p1a: Mienshao|95/100|[from] Stealth Rock
|move|p2a: Audino|Heal Bell|p2a: Audino
|-activate|p2a: Audino|move: Heal Bell
|-curestatus|p2a: Audino|brn|[msg]
|-curestatus|p2: Registeel|brn|[msg]
|
|upkeep
|turn|23
|
|t:|1615776472
|move|p2a: Audino|Protect|p2a: Audino
|-singleturn|p2a: Audino|Protect
|move|p1a: Mienshao|Knock Off|p2a: Audino
|-activate|p2a: Audino|move: Protect
|
|upkeep
|turn|24
|
|t:|1615776481
|switch|p2a: Pyukumuku|Pyukumuku, M|86/100
|-damage|p2a: Pyukumuku|73/100|[from] Stealth Rock
|move|p1a: Mienshao|Knock Off|p2a: Pyukumuku
|-damage|p2a: Pyukumuku|58/100
|
|upkeep
|turn|25
|
|t:|1615776487
|switch|p1a: Raikou|Raikou|63/100
|-ability|p1a: Raikou|Pressure
|move|p2a: Pyukumuku|Recover|p2a: Pyukumuku
|-heal|p2a: Pyukumuku|100/100
|
|upkeep
|turn|26
|
|t:|1615776496
|switch|p2a: Audino|Audino, F|100/100
|move|p1a: Raikou|Volt Switch|p2a: Audino
|-damage|p2a: Audino|78/100
|inactive|purple mountains has 120 seconds left.
|
|t:|1615776530
|switch|p1a: Cobalion|Cobalion|97/100|[from]move: Volt Switch
|-damage|p1a: Cobalion|94/100|[from] Stealth Rock
|
|upkeep
|turn|27
|
|t:|1615776538
|switch|p2a: Shedinja|Shedinja|100/100
|move|p1a: Cobalion|Iron Head|p2a: Shedinja
|-immune|p2a: Shedinja|[from] ability: Wonder Guard
|
|upkeep
|turn|28
|
|t:|1615776545
|switch|p1a: Zarude|Zarude|89/100 tox
|move|p2a: Shedinja|Shadow Sneak|p1a: Zarude
|-resisted|p1a: Zarude
|-damage|p1a: Zarude|81/100 tox
|
|-damage|p1a: Zarude|75/100 tox|[from] psn
|upkeep
|turn|29
|
|t:|1615776555
|move|p2a: Shedinja|Protect|p2a: Shedinja
|-singleturn|p2a: Shedinja|Protect
|move|p1a: Zarude|Jungle Healing|p1a: Zarude
|-heal|p1a: Zarude|99/100 tox
|-curestatus|p1a: Zarude|tox|[msg]
|
|upkeep
|turn|30
|
|t:|1615776564
|switch|p2a: Weezing|Weezing-Galar, F|46/100
|-ability|p2a: Weezing|Neutralizing Gas
|move|p1a: Zarude|Darkest Lariat|p2a: Weezing
|-resisted|p2a: Weezing
|-damage|p2a: Weezing|32/100
|
|upkeep
|turn|31
|
|t:|1615776571
|move|p1a: Zarude|U-turn|p2a: Weezing
|-resisted|p2a: Weezing
|-damage|p2a: Weezing|28/100
|
|t:|1615776574
|switch|p1a: Weezing|Weezing-Galar, M|9/100 brn|[from]move: U-turn
|-damage|p1a: Weezing|0 fnt|[from] Stealth Rock
|faint|p1a: Weezing
|move|p2a: Weezing|Rest|p2a: Weezing
|-status|p2a: Weezing|slp|[from] move: Rest
|-heal|p2a: Weezing|100/100 slp|[silent]
|
|upkeep
|
|t:|1615776592
|switch|p1a: Mienshao|Mienshao, F|100/100
|-damage|p1a: Mienshao|95/100|[from] Stealth Rock
|turn|32
|
|t:|1615776598
|move|p1a: Mienshao|U-turn|p2a: Weezing
|-resisted|p2a: Weezing
|-damage|p2a: Weezing|97/100 slp
|
|t:|1615776602
|switch|p1a: Gastrodon|Gastrodon, M|94/100|[from]move: U-turn
|-damage|p1a: Gastrodon|88/100|[from] Stealth Rock
|cant|p2a: Weezing|slp
|move|p2a: Weezing|Sleep Talk|p2a: Weezing
|move|p2a: Weezing|Defog|p1a: Gastrodon|[from]move: Sleep Talk
|-unboost|p1a: Gastrodon|evasion|1
|-sideend|p1: purple mountains|Stealth Rock|[from] move: Defog|[of] p2a: Weezing
|-sideend|p2: bewario|Stealth Rock|[from] move: Defog|[of] p2a: Weezing
|
|-heal|p1a: Gastrodon|94/100|[from] item: Leftovers
|upkeep
|turn|33
|
|t:|1615776619
|-end|p2a: Weezing|ability: Neutralizing Gas
|switch|p2a: Audino|Audino, F|100/100
|move|p1a: Gastrodon|Earth Power|p2a: Audino
|-damage|p2a: Audino|83/100
|
|-heal|p1a: Gastrodon|99/100|[from] item: Leftovers
|upkeep
|turn|34
|
|t:|1615776625
|switch|p1a: Cobalion|Cobalion|94/100
|move|p2a: Audino|Knock Off|p1a: Cobalion
|-resisted|p1a: Cobalion
|-damage|p1a: Cobalion|88/100
|-damage|p2a: Audino|66/100|[from] item: Rocky Helmet|[of] p1a: Cobalion
|-ability|p1a: Cobalion|Justified|boost
|-boost|p1a: Cobalion|atk|1
|-enditem|p1a: Cobalion|Rocky Helmet|[from] move: Knock Off|[of] p2a: Audino
|
|upkeep
|turn|35
|
|t:|1615776629
|switch|p2a: Weezing|Weezing-Galar, F|97/100 slp
|-ability|p2a: Weezing|Neutralizing Gas
|move|p1a: Cobalion|Stealth Rock|p2a: Weezing
|-sidestart|p2: bewario|move: Stealth Rock
|
|upkeep
|turn|36
|
|t:|1615776633
|-end|p2a: Weezing|ability: Neutralizing Gas
|switch|p2a: Shedinja|Shedinja|100/100
|move|p1a: Cobalion|Iron Head|p2a: Shedinja
|-immune|p2a: Shedinja|[from] ability: Wonder Guard
|
|upkeep
|turn|37
|
|t:|1615776641
|switch|p1a: Zarude|Zarude|99/100
|move|p2a: Shedinja|Toxic|p1a: Zarude
|-status|p1a: Zarude|tox
|
|-damage|p1a: Zarude|94/100 tox|[from] psn
|upkeep
|turn|38
|
|t:|1615776649
|switch|p2a: Weezing|Weezing-Galar, F|97/100 slp
|-ability|p2a: Weezing|Neutralizing Gas
|move|p1a: Zarude|Darkest Lariat|p2a: Weezing
|-resisted|p2a: Weezing
|-damage|p2a: Weezing|83/100 slp
|
|-damage|p1a: Zarude|82/100 tox|[from] psn
|upkeep
|turn|39
|
|t:|1615776657
|move|p1a: Zarude|U-turn|p2a: Weezing
|-resisted|p2a: Weezing
|-damage|p2a: Weezing|80/100 slp
|
|t:|1615776667
|switch|p1a: Gastrodon|Gastrodon, M|99/100|[from]move: U-turn
|cant|p2a: Weezing|slp
|
|-heal|p1a: Gastrodon|100/100|[from] item: Leftovers
|upkeep
|turn|40
|
|t:|1615776673
|-end|p2a: Weezing|ability: Neutralizing Gas
|switch|p2a: Audino|Audino, F|99/100
|switch|p1a: Mienshao|Mienshao, F|95/100
|
|upkeep
|turn|41
|
|t:|1615776678
|switch|p1a: Cobalion|Cobalion|88/100
|move|p2a: Audino|Protect||[still]
|-fail|p2a: Audino
|
|upkeep
|turn|42
|
|t:|1615776685
|switch|p2a: Shedinja|Shedinja|100/100
|move|p1a: Cobalion|Volt Switch|p2a: Shedinja
|-immune|p2a: Shedinja|[from] ability: Wonder Guard
|
|upkeep
|turn|43
|
|t:|1615776695
|switch|p1a: Zarude|Zarude|82/100 tox
|switch|p2a: Weezing|Weezing-Galar, F|80/100 slp
|-ability|p2a: Weezing|Neutralizing Gas
|
|-damage|p1a: Zarude|76/100 tox|[from] psn
|upkeep
|turn|44
|
|t:|1615776702
|move|p1a: Zarude|U-turn|p2a: Weezing
|-resisted|p2a: Weezing
|-damage|p2a: Weezing|76/100 slp
|
|t:|1615776704
|switch|p1a: Gastrodon|Gastrodon, M|100/100|[from]move: U-turn
|-curestatus|p2a: Weezing|slp|[msg]
|move|p2a: Weezing|Defog|p1a: Gastrodon
|-unboost|p1a: Gastrodon|evasion|1
|-sideend|p2: bewario|Stealth Rock|[from] move: Defog|[of] p2a: Weezing
|
|upkeep
|turn|45
|
|t:|1615776709
|-end|p2a: Weezing|ability: Neutralizing Gas
|switch|p2a: Audino|Audino, F|100/100
|switch|p1a: Cobalion|Cobalion|88/100
|
|upkeep
|turn|46
|
|t:|1615776718
|move|p1a: Cobalion|Stealth Rock|p2a: Audino
|-sidestart|p2: bewario|move: Stealth Rock
|move|p2a: Audino|Wish|p2a: Audino
|
|upkeep
|turn|47
|
|t:|1615776725
|switch|p2a: Registeel|Registeel|58/100
|-damage|p2a: Registeel|52/100|[from] Stealth Rock
|move|p1a: Cobalion|Close Combat|p2a: Registeel
|-supereffective|p2a: Registeel
|-damage|p2a: Registeel|0 fnt
|-unboost|p1a: Cobalion|def|1
|-unboost|p1a: Cobalion|spd|1
|faint|p2a: Registeel
|
|upkeep
|-message|bewario forfeited.
|
|win|purple mountains
|raw|purple mountains's rating: 1516 &rarr; <strong>1523</strong><br />(+7 for winning)
|raw|bewario's rating: 1253 &rarr; <strong>1247</strong><br />(-6 for losing)
|l|☆bewario
|raw|purple mountains's rating: 1516 &rarr; <strong>1524</strong><br />(+8 for winning)
|raw|bewario's rating: 1253 &rarr; <strong>1244</strong><br />(-9 for losing)
|c|☆purple mountains|imagine
|c|☆purple mountains|playing this shit
