|raw|<div class="broadcast-blue"><strong>This battle is required to be public due to a player having a name starting with 'rult61'.</div>
|j|☆RULT61x Crow
|j|☆Helioss.
|t:|1654781081
|gametype|singles
|player|p1|RULT61x Crow|hilbert-wonderlauncher|1527
|player|p2|Helioss.|roxie|1392
|teamsize|p1|6
|teamsize|p2|6
|gen|8
|tier|[Gen 8] RU
|rated|
|rule|Sleep Clause Mod: Limit one foe put to sleep
|rule|Species Clause: Limit one of each Pokémon
|rule|OHKO Clause: OHKO moves are banned
|rule|Evasion Moves Clause: Evasion moves are banned
|rule|Endless Battle Clause: Forcing endless battles is banned
|rule|HP Percentage Mod: HP is shown in percentages
|rule|Dynamax Clause: You cannot dynamax
|clearpoke
|poke|p1|Pangoro, F|
|poke|p1|Xurkitree|
|poke|p1|Crobat, M|
|poke|p1|Bronzong|
|poke|p1|Milotic, M|
|poke|p1|Flygon, F|
|poke|p2|Lycanroc, M|
|poke|p2|Nidoqueen, F|
|poke|p2|Xurkitree|
|poke|p2|Thwackey, M|
|poke|p2|Guzzlord|
|poke|p2|Golisopod, F|
|teampreview
|inactive|Battle timer is ON: inactive players will automatically lose when time's up. (requested by RULT61x Crow)
|
|t:|1654781107
|start
|switch|p1a: Flygon|Flygon, F|100/100
|switch|p2a: Guzzlord|Guzzlord|100/100
|turn|1
|
|t:|1654781114
|move|p1a: Flygon|U-turn|p2a: Guzzlord
|-supereffective|p2a: Guzzlord
|-damage|p2a: Guzzlord|65/100
|
|t:|1654781121
|switch|p1a: Crobat|Crobat, M|100/100|[from]move: U-turn
|move|p2a: Guzzlord|Knock Off|p1a: Crobat
|-damage|p1a: Crobat|46/100
|-enditem|p1a: Crobat|Heavy-Duty Boots|[from] move: Knock Off|[of] p2a: Guzzlord
|
|upkeep
|turn|2
|
|t:|1654781136
|move|p1a: Crobat|Roost|p1a: Crobat
|-heal|p1a: Crobat|96/100
|-singleturn|p1a: Crobat|move: Roost
|move|p2a: Guzzlord|Earthquake|p1a: Crobat
|-supereffective|p1a: Crobat
|-damage|p1a: Crobat|17/100
|
|upkeep
|turn|3
|
|t:|1654781142
|move|p1a: Crobat|U-turn|p2a: Guzzlord
|-supereffective|p2a: Guzzlord
|-damage|p2a: Guzzlord|39/100
|
|t:|1654781147
|switch|p1a: Pangoro|Pangoro, F|100/100|[from]move: U-turn
|move|p2a: Guzzlord|Dragon Tail|p1a: Pangoro
|-damage|p1a: Pangoro|64/100
|drag|p1a: Flygon|Flygon, F|100/100
|
|upkeep
|turn|4
|
|t:|1654781158
|move|p1a: Flygon|U-turn|p2a: Guzzlord
|-supereffective|p2a: Guzzlord
|-damage|p2a: Guzzlord|5/100
|
|t:|1654781175
|switch|p1a: Crobat|Crobat, M|17/100|[from]move: U-turn
|move|p2a: Guzzlord|Knock Off|p1a: Crobat
|-damage|p1a: Crobat|0 fnt
|faint|p1a: Crobat
|-ability|p2a: Guzzlord|Beast Boost|boost
|-boost|p2a: Guzzlord|atk|1
|
|upkeep
|
|t:|1654781179
|switch|p1a: Xurkitree|Xurkitree|100/100
|turn|5
|
|t:|1654781184
|move|p1a: Xurkitree|Thunderbolt|p2a: Guzzlord
|-resisted|p2a: Guzzlord
|-damage|p2a: Guzzlord|0 fnt
|faint|p2a: Guzzlord
|-ability|p1a: Xurkitree|Beast Boost|boost
|-boost|p1a: Xurkitree|spa|1
|
|upkeep
|
|t:|1654781186
|switch|p2a: Nidoqueen|Nidoqueen, F|100/100
|turn|6
|
|t:|1654781196
|switch|p1a: Bronzong|Bronzong|100/100
|switch|p2a: Thwackey|Thwackey, M|100/100
|-fieldstart|move: Grassy Terrain|[from] ability: Grassy Surge|[of] p2a: Thwackey
|
|upkeep
|turn|7
|
|t:|1654781200
|move|p2a: Thwackey|Swords Dance|p2a: Thwackey
|-boost|p2a: Thwackey|atk|2
|move|p1a: Bronzong|Stealth Rock|p2a: Thwackey
|-sidestart|p2: Helioss.|move: Stealth Rock
|
|upkeep
|turn|8
|
|t:|1654781204
|move|p2a: Thwackey|Swords Dance|p2a: Thwackey
|-boost|p2a: Thwackey|atk|2
|move|p1a: Bronzong|Heavy Slam|p2a: Thwackey
|-damage|p2a: Thwackey|63/100
|
|-heal|p2a: Thwackey|69/100|[from] Grassy Terrain
|upkeep
|turn|9
|
|t:|1654781207
|move|p2a: Thwackey|Knock Off|p1a: Bronzong
|-supereffective|p1a: Bronzong
|-damage|p1a: Bronzong|0 fnt
|-enditem|p1a: Bronzong|Leftovers|[from] move: Knock Off|[of] p2a: Thwackey
|faint|p1a: Bronzong
|
|-heal|p2a: Thwackey|74/100|[from] Grassy Terrain
|upkeep
|
|t:|1654781212
|switch|p1a: Flygon|Flygon, F|100/100
|turn|10
|
|t:|1654781216
|move|p2a: Thwackey|Grassy Glide|p1a: Flygon
|-damage|p1a: Flygon|0 fnt
|faint|p1a: Flygon
|
|-heal|p2a: Thwackey|80/100|[from] Grassy Terrain
|-fieldend|move: Grassy Terrain
|upkeep
|
|t:|1654781225
|switch|p1a: Xurkitree|Xurkitree|100/100
|turn|11
|
|t:|1654781229
|move|p1a: Xurkitree|Grass Knot|p2a: Thwackey
|-resisted|p2a: Thwackey
|-damage|p2a: Thwackey|72/100
|move|p2a: Thwackey|Drain Punch|p1a: Xurkitree
|-damage|p1a: Xurkitree|13/100
|-heal|p2a: Thwackey|100/100|[from] drain|[of] p1a: Xurkitree
|
|upkeep
|turn|12
|
|t:|1654781234
|move|p1a: Xurkitree|Dazzling Gleam|p2a: Thwackey
|-damage|p2a: Thwackey|61/100
|move|p2a: Thwackey|Drain Punch|p1a: Xurkitree
|-damage|p1a: Xurkitree|0 fnt
|-heal|p2a: Thwackey|67/100|[from] drain|[of] p1a: Xurkitree
|faint|p1a: Xurkitree
|
|upkeep
|-message|RULT61x Crow forfeited.
|
|win|Helioss.
|raw|RULT61x Crow's rating: 1527 &rarr; <strong>1500</strong><br />(-27 for losing)
|raw|Helioss.'s rating: 1392 &rarr; <strong>1419</strong><br />(+27 for winning)
|l|☆RULT61x Crow
|j|☆RULT61x Crow
|player|p1|RULT61x Crow|hilbert-wonderlauncher
|c|☆Helioss.|gg
|c|☆RULT61x Crow|Gg
|l|☆RULT61x Crow
|player|p1|
||Ladder isn't responding, score probably updated but might not have (Request timeout).
