|j|☆imanoobdontkillme
|j|☆SnickerFlicker
|t:|1600629930
|player|p1|imanoobdontkillme|172|1178
|player|p2|SnickerFlicker|90|1281
|teamsize|p1|6
|teamsize|p2|6
|gametype|singles
|gen|8
|tier|[Gen 8] RU
|rated|
|clearpoke
|poke|p1|Barraskewda, M|
|poke|p1|Heliolisk, M|
|poke|p1|Copperajah, M|
|poke|p1|Tangela, F|
|poke|p1|Mantine, F|
|poke|p1|Gardevoir, F|
|poke|p2|Heatmor, F|
|poke|p2|Seismitoad, F|
|poke|p2|Vikavolt, F|
|poke|p2|Goodra, M|
|poke|p2|Passimian, F|
|poke|p2|Coalossal, M|
|rule|Sleep Clause Mod: Limit one foe put to sleep
|rule|Species Clause: Limit one of each Pokémon
|rule|OHKO Clause: OHKO moves are banned
|rule|Evasion Moves Clause: Evasion moves are banned
|rule|Endless Battle Clause: Forcing endless battles is banned
|rule|HP Percentage Mod: HP is shown in percentages
|rule|Dynamax Clause: You cannot dynamax
|teampreview
|inactive|Battle timer is ON: inactive players will automatically lose when time's up. (requested by imanoobdontkillme)
|
|t:|1600629950
|start
|switch|p1a: fish|Barraskewda, M|100/100
|switch|p2a: Vikavolt|Vikavolt, F|100/100
|turn|1
|
|t:|1600629964
|move|p1a: fish|Flip Turn|p2a: Vikavolt
|-damage|p2a: Vikavolt|72/100
|
|t:|1600629967
|switch|p1a: broke|Gardevoir, F|100/100|[from]move: Flip Turn
|-ability|p1a: broke|Levitate|[from] ability: Trace|[of] p2a: Vikavolt
|move|p2a: Vikavolt|Volt Switch|p1a: broke
|-damage|p1a: broke|60/100
|
|t:|1600629971
|switch|p2a: Heatmor|Heatmor, F, shiny|100/100|[from]move: Volt Switch
|
|upkeep
|turn|2
|
|t:|1600629978
|switch|p1a: man|Mantine, F|100/100
|move|p2a: Heatmor|Fire Lash|p1a: man
|-resisted|p1a: man
|-damage|p1a: man|84/100
|-unboost|p1a: man|def|1
|
|upkeep
|turn|3
|
|t:|1600629981
|switch|p2a: Vikavolt|Vikavolt, F|72/100
|move|p1a: man|Toxic|p2a: Vikavolt|[miss]
|-miss|p1a: man|p2a: Vikavolt
|
|upkeep
|turn|4
|
|t:|1600629985
|switch|p1a: agent raj|Copperajah, M|100/100
|move|p2a: Vikavolt|Volt Switch|p1a: agent raj
|-damage|p1a: agent raj|69/100
|
|t:|1600630005
|switch|p2a: Seismitoad|Seismitoad, F|100/100|[from]move: Volt Switch
|
|-heal|p1a: agent raj|75/100|[from] item: Leftovers
|upkeep
|turn|5
|
|t:|1600630009
|switch|p2a: Goodra|Goodra, M|100/100
|move|p1a: agent raj|Power Whip|p2a: Goodra
|-ability|p2a: Goodra|Sap Sipper|boost
|-boost|p2a: Goodra|atk|1
|
|-heal|p1a: agent raj|81/100|[from] item: Leftovers
|upkeep
|turn|6
|
|t:|1600630016
|switch|p1a: man|Mantine, F|84/100
|move|p2a: Goodra|Thunderbolt|p1a: man
|-supereffective|p1a: man
|-damage|p1a: man|0 fnt
|faint|p1a: man
|
|upkeep
|-message|imanoobdontkillme forfeited.
|
|win|SnickerFlicker
|l|☆imanoobdontkillme
|raw|imanoobdontkillme's rating: 1178 &rarr; <strong>1160</strong><br />(-18 for losing)
|raw|SnickerFlicker's rating: 1281 &rarr; <strong>1299</strong><br />(+18 for winning)
