|html|<div class="broadcast-blue"><strong>[Gen 8] RU is currently suspecting Necrozma! For information on how to participate check out the <a href="https://www.smogon.com/forums/threads/np-ru-stage-11-lights-necrozma-suspect-test.3696813/">suspect thread</a>.</strong></div>
|j|☆ekelop
|j|☆Dancanmanfan
|t:|1644109692
|gametype|singles
|player|p1|ekelop|lass-gen2|1029
|player|p2|Dancanmanfan|clay|1316
|teamsize|p1|6
|teamsize|p2|6
|gen|8
|tier|[Gen 8] RU
|rated|
|rule|Sleep Clause Mod: Limit one foe put to sleep
|rule|Species Clause: Limit one of each Pokémon
|rule|OHKO Clause: OHKO moves are banned
|rule|Evasion Moves Clause: Evasion moves are banned
|rule|Endless Battle Clause: Forcing endless battles is banned
|rule|HP Percentage Mod: HP is shown in percentages
|rule|Dynamax Clause: You cannot dynamax
|clearpoke
|poke|p1|Toxicroak, F|
|poke|p1|Togekiss, F|
|poke|p1|Gardevoir, F|
|poke|p1|Rotom|
|poke|p1|Seismitoad, M|
|poke|p1|Mimikyu, M|
|poke|p2|Crobat, M|
|poke|p2|Snorlax, F|
|poke|p2|Celebi|
|poke|p2|Registeel|
|poke|p2|Absol, M|
|poke|p2|Seismitoad, F|
|teampreview
|inactive|Battle timer is ON: inactive players will automatically lose when time's up. (requested by Dancanmanfan)
|
|t:|1644109729
|start
|switch|p1a: Togekiss|Togekiss, F|100/100
|switch|p2a: Celebi|Celebi|100/100
|turn|1
|
|t:|1644109736
|move|p2a: Celebi|Thunder Wave|p1a: Togekiss
|-status|p1a: Togekiss|par
|move|p1a: Togekiss|Air Slash|p2a: Celebi|[miss]
|-miss|p1a: Togekiss|p2a: Celebi
|
|upkeep
|turn|2
|
|t:|1644109741
|move|p2a: Celebi|Nasty Plot|p2a: Celebi
|-boost|p2a: Celebi|spa|2
|move|p1a: Togekiss|Air Slash|p2a: Celebi
|-supereffective|p2a: Celebi
|-damage|p2a: Celebi|21/100
|
|-heal|p2a: Celebi|27/100|[from] item: Leftovers
|upkeep
|turn|3
|
|t:|1644109750
|move|p2a: Celebi|Psychic|p1a: Togekiss
|-damage|p1a: Togekiss|39/100 par
|move|p1a: Togekiss|Air Slash|p2a: Celebi
|-supereffective|p2a: Celebi
|-damage|p2a: Celebi|0 fnt
|faint|p2a: Celebi
|
|upkeep
|
|t:|1644109757
|switch|p2a: Crobat|Crobat, M|100/100
|turn|4
|
|t:|1644109761
|switch|p1a: Rotom|Rotom|100/100
|move|p2a: Crobat|Poison Fang|p1a: Rotom
|-resisted|p1a: Rotom
|-damage|p1a: Rotom|86/100
|-status|p1a: Rotom|tox
|
|-heal|p1a: Rotom|92/100 tox|[from] item: Leftovers
|-damage|p1a: Rotom|86/100 tox|[from] psn
|upkeep
|turn|5
|
|t:|1644109775
|move|p2a: Crobat|U-turn|p1a: Rotom
|-resisted|p1a: Rotom
|-damage|p1a: Rotom|73/100 tox
|
|t:|1644109777
|switch|p2a: Snorlax|Snorlax, F|100/100|[from]move: U-turn
|move|p1a: Rotom|Substitute|p1a: Rotom
|-start|p1a: Rotom|Substitute
|-damage|p1a: Rotom|48/100 tox
|
|-heal|p1a: Rotom|54/100 tox|[from] item: Leftovers
|-damage|p1a: Rotom|42/100 tox|[from] psn
|upkeep
|turn|6
|
|t:|1644109783
|move|p1a: Rotom|Nasty Plot|p1a: Rotom
|-boost|p1a: Rotom|spa|2
|move|p2a: Snorlax|Darkest Lariat|p1a: Rotom
|-supereffective|p1a: Rotom
|-end|p1a: Rotom|Substitute
|
|-heal|p1a: Rotom|48/100 tox|[from] item: Leftovers
|-damage|p1a: Rotom|29/100 tox|[from] psn
|upkeep
|turn|7
|
|t:|1644109786
|move|p1a: Rotom|Thunderbolt|p2a: Snorlax
|-damage|p2a: Snorlax|59/100
|-status|p2a: Snorlax|par
|move|p2a: Snorlax|Darkest Lariat|p1a: Rotom
|-supereffective|p1a: Rotom
|-damage|p1a: Rotom|0 fnt
|faint|p1a: Rotom
|
|-heal|p2a: Snorlax|65/100 par|[from] item: Leftovers
|upkeep
|
|t:|1644109801
|switch|p1a: Gardevoir|Gardevoir, F|100/100
|-ability|p1a: Gardevoir|Thick Fat|[from] ability: Trace|[of] p2a: Snorlax
|turn|8
|
|t:|1644109807
|move|p1a: Gardevoir|Focus Blast|p2a: Snorlax|[miss]
|-miss|p1a: Gardevoir|p2a: Snorlax
|move|p2a: Snorlax|Darkest Lariat|p1a: Gardevoir
|-damage|p1a: Gardevoir|61/100
|
|-heal|p2a: Snorlax|71/100 par|[from] item: Leftovers
|upkeep
|turn|9
|
|t:|1644109812
|switch|p2a: Crobat|Crobat, M|100/100
|move|p1a: Gardevoir|Focus Blast|p2a: Crobat
|-resisted|p2a: Crobat
|-damage|p2a: Crobat|83/100
|
|upkeep
|turn|10
|
|t:|1644109819
|switch|p1a: Togekiss|Togekiss, F|39/100 par
|move|p2a: Crobat|U-turn|p1a: Togekiss
|-resisted|p1a: Togekiss
|-damage|p1a: Togekiss|35/100 par
|
|t:|1644109821
|switch|p2a: Registeel|Registeel|100/100|[from]move: U-turn
|
|upkeep
|turn|11
|
|t:|1644109825
|move|p2a: Registeel|Stealth Rock|p1a: Togekiss
|-sidestart|p1: ekelop|move: Stealth Rock
|cant|p1a: Togekiss|par
|
|upkeep
|turn|12
|
|t:|1644109829
|move|p2a: Registeel|Seismic Toss|p1a: Togekiss
|-damage|p1a: Togekiss|8/100 par
|move|p1a: Togekiss|Aura Sphere|p2a: Registeel
|-supereffective|p2a: Registeel
|-damage|p2a: Registeel|73/100
|
|-heal|p2a: Registeel|79/100|[from] item: Leftovers
|upkeep
|turn|13
|
|t:|1644109836
|move|p2a: Registeel|Seismic Toss|p1a: Togekiss
|-damage|p1a: Togekiss|0 fnt
|faint|p1a: Togekiss
|
|-heal|p2a: Registeel|85/100|[from] item: Leftovers
|upkeep
|
|t:|1644109846
|switch|p1a: Seismitoad|Seismitoad, M|100/100
|-damage|p1a: Seismitoad|95/100|[from] Stealth Rock
|turn|14
|
|t:|1644109849
|move|p1a: Seismitoad|Knock Off|p2a: Registeel
|-damage|p2a: Registeel|67/100
|-enditem|p2a: Registeel|Leftovers|[from] move: Knock Off|[of] p1a: Seismitoad
|move|p2a: Registeel|Toxic|p1a: Seismitoad
|-status|p1a: Seismitoad|tox
|
|-damage|p1a: Seismitoad|89/100 tox|[from] psn
|upkeep
|turn|15
|
|t:|1644109855
|move|p1a: Seismitoad|Knock Off|p2a: Registeel
|-damage|p2a: Registeel|52/100
|move|p2a: Registeel|Seismic Toss|p1a: Seismitoad
|-damage|p1a: Seismitoad|60/100 tox
|
|-damage|p1a: Seismitoad|48/100 tox|[from] psn
|upkeep
|turn|16
|
|t:|1644109859
|move|p2a: Registeel|Protect|p2a: Registeel
|-singleturn|p2a: Registeel|Protect
|move|p1a: Seismitoad|Knock Off|p2a: Registeel
|-activate|p2a: Registeel|move: Protect
|
|-damage|p1a: Seismitoad|30/100 tox|[from] psn
|upkeep
|turn|17
|
|t:|1644109862
|move|p1a: Seismitoad|Knock Off|p2a: Registeel
|-damage|p2a: Registeel|40/100
|move|p2a: Registeel|Seismic Toss|p1a: Seismitoad
|-damage|p1a: Seismitoad|2/100 tox
|
|-damage|p1a: Seismitoad|0 fnt|[from] psn
|faint|p1a: Seismitoad
|upkeep
|
|t:|1644109885
|switch|p1a: Mimikyu|Mimikyu, M|100/100
|-damage|p1a: Mimikyu|88/100|[from] Stealth Rock
|turn|18
|
|t:|1644109887
|move|p1a: Mimikyu|Swords Dance|p1a: Mimikyu
|-boost|p1a: Mimikyu|atk|2
|move|p2a: Registeel|Toxic|p1a: Mimikyu
|-status|p1a: Mimikyu|tox
|
|-damage|p1a: Mimikyu|82/100 tox|[from] psn
|upkeep
|turn|19
|
|t:|1644109901
|switch|p2a: Crobat|Crobat, M|83/100
|move|p1a: Mimikyu|Swords Dance|p1a: Mimikyu
|-boost|p1a: Mimikyu|atk|2
|
|-damage|p1a: Mimikyu|70/100 tox|[from] psn
|upkeep
|turn|20
|
|t:|1644109905
|move|p1a: Mimikyu|Shadow Sneak|p2a: Crobat
|-damage|p2a: Crobat|17/100
|-damage|p1a: Mimikyu|60/100 tox|[from] item: Life Orb
|move|p2a: Crobat|U-turn|p1a: Mimikyu
|-activate|p1a: Mimikyu|ability: Disguise
|-damage|p1a: Mimikyu|60/100 tox
|detailschange|p1a: Mimikyu|Mimikyu-Busted, M
|-damage|p1a: Mimikyu|48/100 tox|[from] pokemon: Mimikyu-Busted
|
|t:|1644109908
|switch|p2a: Snorlax|Snorlax, F|71/100 par|[from]move: U-turn
|
|-heal|p2a: Snorlax|77/100 par|[from] item: Leftovers
|-damage|p1a: Mimikyu|30/100 tox|[from] psn
|upkeep
|turn|21
|
|t:|1644109912
|move|p1a: Mimikyu|Play Rough|p2a: Snorlax
|-damage|p2a: Snorlax|0 fnt
|faint|p2a: Snorlax
|-damage|p1a: Mimikyu|20/100 tox|[from] item: Life Orb
|
|-damage|p1a: Mimikyu|0 fnt|[from] psn
|faint|p1a: Mimikyu
|upkeep
|
|t:|1644109926
|switch|p1a: Toxicroak|Toxicroak, F|100/100
|switch|p2a: Registeel|Registeel|40/100
|-damage|p1a: Toxicroak|94/100|[from] Stealth Rock
|turn|22
|
|t:|1644109937
|switch|p1a: Gardevoir|Gardevoir, F|61/100
|-damage|p1a: Gardevoir|49/100|[from] Stealth Rock
|-ability|p1a: Gardevoir|Clear Body|[from] ability: Trace|[of] p2a: Registeel
|move|p2a: Registeel|Seismic Toss|p1a: Gardevoir
|-damage|p1a: Gardevoir|13/100
|
|upkeep
|turn|23
|
|t:|1644109948
|move|p1a: Gardevoir|Focus Blast|p2a: Registeel|[miss]
|-miss|p1a: Gardevoir|p2a: Registeel
|move|p2a: Registeel|Seismic Toss|p1a: Gardevoir
|-damage|p1a: Gardevoir|0 fnt
|faint|p1a: Gardevoir
|
|upkeep
|
|t:|1644109952
|switch|p1a: Toxicroak|Toxicroak, F|94/100
|-damage|p1a: Toxicroak|88/100|[from] Stealth Rock
|turn|24
|
|t:|1644109955
|switch|p2a: Seismitoad|Seismitoad, F|100/100
|move|p1a: Toxicroak|Focus Blast|p2a: Seismitoad
|-damage|p2a: Seismitoad|53/100
|
|upkeep
|turn|25
|
|t:|1644109960
|move|p1a: Toxicroak|Focus Blast|p2a: Seismitoad
|-damage|p2a: Seismitoad|9/100
|move|p2a: Seismitoad|Earth Power|p1a: Toxicroak
|-supereffective|p1a: Toxicroak
|-damage|p1a: Toxicroak|1/100
|
|upkeep
|turn|26
|
|t:|1644109966
|move|p1a: Toxicroak|Focus Blast|p2a: Seismitoad
|-damage|p2a: Seismitoad|0 fnt
|faint|p2a: Seismitoad
|
|upkeep
|
|t:|1644109967
|switch|p2a: Crobat|Crobat, M|17/100
|turn|27
|
|t:|1644109969
|move|p1a: Toxicroak|Focus Blast|p2a: Crobat
|-resisted|p2a: Crobat
|-damage|p2a: Crobat|3/100
|move|p2a: Crobat|U-turn|p1a: Toxicroak
|-resisted|p1a: Toxicroak
|-damage|p1a: Toxicroak|0 fnt
|faint|p1a: Toxicroak
|
|win|Dancanmanfan
|raw|ekelop's rating: 1029 &rarr; <strong>1024</strong><br />(-5 for losing)
|raw|Dancanmanfan's rating: 1316 &rarr; <strong>1322</strong><br />(+6 for winning)
|c|☆Dancanmanfan|gg
