|j|☆Miyami~~
|j|☆bebo7788
|player|p1|Miyami~~|44|1179
|player|p2|bebo7788|101|1122
|teamsize|p1|6
|teamsize|p2|6
|gametype|singles
|gen|8
|tier|[Gen 8] RU
|rated|
|rule|Sleep Clause Mod: Limit one foe put to sleep
|rule|Species Clause: Limit one of each Pokémon
|rule|OHKO Clause: OHKO moves are banned
|rule|Evasion Moves Clause: Evasion moves are banned
|rule|Endless Battle Clause: Forcing endless battles is banned
|rule|HP Percentage Mod: HP is shown in percentages
|clearpoke
|poke|p1|Alcremie-Rainbow, F|
|poke|p1|Lapras, M|
|poke|p1|Silvally-*|
|poke|p1|Garbodor, F|
|poke|p1|Gurdurr, M|
|poke|p1|Rillaboom, F|
|poke|p2|Froslass, F|
|poke|p2|Barbaracle, M|
|poke|p2|Silvally-*|
|poke|p2|Passimian, M|
|poke|p2|Sigilyph, M|
|poke|p2|Rillaboom, M|
|rule|Dynamax Clause: You cannot dynamax
|teampreview
|c|☆Miyami~~|good luck!
|
|start
|switch|p1a: Disappointment|Rillaboom, F|100/100
|switch|p2a: Froslass|Froslass, F|100/100
|turn|1
|
|move|p1a: Disappointment|U-turn|p2a: Froslass
|-resisted|p2a: Froslass
|-damage|p2a: Froslass|82/100
|
|switch|p1a: *flaps arms*|Gurdurr, M|100/100|[from]move: U-turn
|move|p2a: Froslass|Thunder Wave|p1a: *flaps arms*
|-status|p1a: *flaps arms*|par
|
|upkeep
|turn|2
|
|move|p2a: Froslass|Spikes|p1a: *flaps arms*
|-sidestart|p1: Miyami~~|Spikes
|move|p1a: *flaps arms*|Rock Slide|p2a: Froslass
|-supereffective|p2a: Froslass
|-damage|p2a: Froslass|0 fnt
|faint|p2a: Froslass
|
|upkeep
|
|switch|p2a: Sigilyph|Sigilyph, M|100/100
|turn|3
|
|move|p2a: Sigilyph|Psychic|p1a: *flaps arms*
|-supereffective|p1a: *flaps arms*
|-damage|p1a: *flaps arms*|0 fnt
|faint|p1a: *flaps arms*
|
|upkeep
|
|switch|p1a: Disappointment|Rillaboom, F|100/100
|-damage|p1a: Disappointment|88/100|[from] Spikes
|turn|4
|
|switch|p2a: Barbaracle|Barbaracle, M|100/100
|move|p1a: Disappointment|Knock Off|p2a: Barbaracle
|-damage|p2a: Barbaracle|66/100
|-enditem|p2a: Barbaracle|Focus Sash|[from] move: Knock Off|[of] p1a: Disappointment
|
|upkeep
|turn|5
|
|switch|p1a: Ex|Garbodor, F|100/100
|-damage|p1a: Ex|88/100|[from] Spikes
|move|p2a: Barbaracle|Shell Smash|p2a: Barbaracle
|-unboost|p2a: Barbaracle|def|1
|-unboost|p2a: Barbaracle|spd|1
|-boost|p2a: Barbaracle|atk|2
|-boost|p2a: Barbaracle|spa|2
|-boost|p2a: Barbaracle|spe|2
|
|upkeep
|turn|6
|
|move|p2a: Barbaracle|Stone Edge|p1a: Ex
|-damage|p1a: Ex|18/100
|move|p1a: Ex|Drain Punch|p2a: Barbaracle
|-supereffective|p2a: Barbaracle
|-damage|p2a: Barbaracle|13/100
|-heal|p1a: Ex|39/100|[from] drain|[of] p2a: Barbaracle
|
|upkeep
|turn|7
|
|move|p2a: Barbaracle|Stealth Rock|p1a: Ex
|-sidestart|p1: Miyami~~|move: Stealth Rock
|move|p1a: Ex|Drain Punch|p2a: Barbaracle
|-supereffective|p2a: Barbaracle
|-damage|p2a: Barbaracle|0 fnt
|-heal|p1a: Ex|44/100|[from] drain|[of] p2a: Barbaracle
|faint|p2a: Barbaracle
|
|upkeep
|
|switch|p2a: Sigilyph|Sigilyph, M|100/100
|turn|8
|
|move|p2a: Sigilyph|Psychic|p1a: Ex
|-supereffective|p1a: Ex
|-damage|p1a: Ex|0 fnt
|faint|p1a: Ex
|
|upkeep
|
|switch|p1a: Mocchi|Alcremie-Rainbow, F|100/100
|-damage|p1a: Mocchi|88/100|[from] Spikes
|-damage|p1a: Mocchi|76/100|[from] Stealth Rock
|turn|9
|
|move|p2a: Sigilyph|Psychic|p1a: Mocchi
|-damage|p1a: Mocchi|26/100
|move|p1a: Mocchi|Recover|p1a: Mocchi
|-heal|p1a: Mocchi|76/100
|
|-heal|p1a: Mocchi|82/100|[from] item: Leftovers
|upkeep
|turn|10
|
|move|p2a: Sigilyph|Psychic|p1a: Mocchi
|-damage|p1a: Mocchi|32/100
|move|p1a: Mocchi|Recover|p1a: Mocchi
|-heal|p1a: Mocchi|82/100
|
|-heal|p1a: Mocchi|88/100|[from] item: Leftovers
|upkeep
|turn|11
|j| Odd Della Robbia
|
|move|p2a: Sigilyph|Psychic|p1a: Mocchi
|-damage|p1a: Mocchi|35/100
|-unboost|p1a: Mocchi|spd|1
|move|p1a: Mocchi|Recover|p1a: Mocchi
|-heal|p1a: Mocchi|85/100
|
|-heal|p1a: Mocchi|91/100|[from] item: Leftovers
|upkeep
|turn|12
|
|switch|p1a: Aika|Silvally-Ground|100/100
|-damage|p1a: Aika|94/100|[from] Stealth Rock
|-damage|p1a: Aika|82/100|[from] Spikes
|move|p2a: Sigilyph|Psychic|p1a: Aika
|-damage|p1a: Aika|18/100
|
|upkeep
|turn|13
|
|move|p2a: Sigilyph|Psychic|p1a: Aika
|-damage|p1a: Aika|0 fnt
|faint|p1a: Aika
|
|upkeep
|
|switch|p1a: Mocchi|Alcremie-Rainbow, F|91/100
|-damage|p1a: Mocchi|79/100|[from] Stealth Rock
|-damage|p1a: Mocchi|67/100|[from] Spikes
|turn|14
|c|☆bebo7788|!data alcremie-rainbow
|raw|<div class="message"><ul class="utilichart"><li class="result"><span class="col numcol">RU</span> <span class="col iconcol"><psicon pokemon="alcremie"/></span> <span class="col pokemonnamecol" style="white-space:nowrap"><a href="https://dex.pokemonshowdown.com/pokemon/alcremie" target="_blank">Alcremie</a></span> <span class="col typecol"><img src="https://play.pokemonshowdown.com/sprites/types/Fairy.png" alt="Fairy" height="14" width="32"></span> <span style="float:left;min-height:26px"><span class="col abilitycol">Sweet Veil</span><span class="col abilitycol"><em>Aroma Veil</em></span></span><span style="float:left;min-height:26px"><span class="col statcol"><em>HP</em><br />65</span> <span class="col statcol"><em>Atk</em><br />60</span> <span class="col statcol"><em>Def</em><br />75</span> <span class="col statcol"><em>SpA</em><br />110</span> <span class="col statcol"><em>SpD</em><br />121</span> <span class="col statcol"><em>Spe</em><br />64</span> <span class="col bstcol"><em>BST<br />495</em></span> </span></li><li style="clear:both"></li></ul></div>

|
|switch|p2a: Rillaboom|Rillaboom, M|100/100
|move|p1a: Mocchi|Recover|p1a: Mocchi
|-heal|p1a: Mocchi|100/100
|
|upkeep
|turn|15
|
|move|p2a: Rillaboom|Wood Hammer|p1a: Mocchi
|-damage|p1a: Mocchi|47/100
|-damage|p2a: Rillaboom|83/100|[from] Recoil
|move|p1a: Mocchi|Recover|p1a: Mocchi
|-heal|p1a: Mocchi|97/100
|
|-heal|p1a: Mocchi|100/100|[from] item: Leftovers
|upkeep
|turn|16
|
|move|p2a: Rillaboom|Wood Hammer|p1a: Mocchi
|-damage|p1a: Mocchi|45/100
|-damage|p2a: Rillaboom|65/100|[from] Recoil
|move|p1a: Mocchi|Acid Armor|p1a: Mocchi
|-boost|p1a: Mocchi|def|2
|
|-heal|p1a: Mocchi|51/100|[from] item: Leftovers
|upkeep
|turn|17
|
|switch|p2a: Sigilyph|Sigilyph, M|100/100
|move|p1a: Mocchi|Recover|p1a: Mocchi
|-heal|p1a: Mocchi|100/100
|
|upkeep
|turn|18
|
|move|p2a: Sigilyph|Psychic|p1a: Mocchi
|-damage|p1a: Mocchi|49/100
|move|p1a: Mocchi|Calm Mind|p1a: Mocchi
|-boost|p1a: Mocchi|spa|1
|-boost|p1a: Mocchi|spd|1
|
|-heal|p1a: Mocchi|55/100|[from] item: Leftovers
|upkeep
|turn|19
|
|move|p2a: Sigilyph|Psychic|p1a: Mocchi
|-damage|p1a: Mocchi|22/100
|move|p1a: Mocchi|Recover|p1a: Mocchi
|-heal|p1a: Mocchi|72/100
|
|-heal|p1a: Mocchi|78/100|[from] item: Leftovers
|upkeep
|turn|20
|c|☆bebo7788|..
|c|☆bebo7788|love this tier
|
|move|p2a: Sigilyph|Psychic|p1a: Mocchi
|-damage|p1a: Mocchi|45/100
|move|p1a: Mocchi|Calm Mind|p1a: Mocchi
|-boost|p1a: Mocchi|spa|1
|-boost|p1a: Mocchi|spd|1
|
|-heal|p1a: Mocchi|50/100|[from] item: Leftovers
|upkeep
|turn|21
|
|move|p2a: Sigilyph|Psychic|p1a: Mocchi
|-damage|p1a: Mocchi|26/100
|move|p1a: Mocchi|Recover|p1a: Mocchi
|-heal|p1a: Mocchi|76/100
|
|-heal|p1a: Mocchi|82/100|[from] item: Leftovers
|upkeep
|turn|22
|
|move|p2a: Sigilyph|Psychic|p1a: Mocchi
|-damage|p1a: Mocchi|57/100
|-unboost|p1a: Mocchi|spd|1
|move|p1a: Mocchi|Calm Mind|p1a: Mocchi
|-boost|p1a: Mocchi|spa|1
|-boost|p1a: Mocchi|spd|1
|
|-heal|p1a: Mocchi|63/100|[from] item: Leftovers
|upkeep
|turn|23
|
|move|p2a: Sigilyph|Psychic|p1a: Mocchi
|-damage|p1a: Mocchi|38/100
|move|p1a: Mocchi|Calm Mind|p1a: Mocchi
|-boost|p1a: Mocchi|spa|1
|-boost|p1a: Mocchi|spd|1
|
|-heal|p1a: Mocchi|44/100|[from] item: Leftovers
|upkeep
|turn|24
|
|move|p2a: Sigilyph|Psychic|p1a: Mocchi
|-damage|p1a: Mocchi|22/100
|move|p1a: Mocchi|Recover|p1a: Mocchi
|-heal|p1a: Mocchi|72/100
|
|-heal|p1a: Mocchi|78/100|[from] item: Leftovers
|upkeep
|turn|25
|
|move|p2a: Sigilyph|Psychic|p1a: Mocchi
|-damage|p1a: Mocchi|57/100
|move|p1a: Mocchi|Acid Armor|p1a: Mocchi
|-boost|p1a: Mocchi|def|2
|
|-heal|p1a: Mocchi|63/100|[from] item: Leftovers
|upkeep
|turn|26
|
|switch|p2a: Rillaboom|Rillaboom, M|65/100
|move|p1a: Mocchi|Calm Mind|p1a: Mocchi
|-boost|p1a: Mocchi|spa|1
|-boost|p1a: Mocchi|spd|1
|
|-heal|p1a: Mocchi|69/100|[from] item: Leftovers
|upkeep
|turn|27
|
|move|p2a: Rillaboom|Wood Hammer|p1a: Mocchi
|-damage|p1a: Mocchi|50/100
|-damage|p2a: Rillaboom|59/100|[from] Recoil
|move|p1a: Mocchi|Recover|p1a: Mocchi
|-heal|p1a: Mocchi|99/100
|
|-heal|p1a: Mocchi|100/100|[from] item: Leftovers
|upkeep
|turn|28
|
|move|p2a: Rillaboom|Wood Hammer|p1a: Mocchi
|-damage|p1a: Mocchi|84/100
|-damage|p2a: Rillaboom|54/100|[from] Recoil
|move|p1a: Mocchi|Acid Armor|p1a: Mocchi
|-boost|p1a: Mocchi|def|2
|
|-heal|p1a: Mocchi|90/100|[from] item: Leftovers
|upkeep
|turn|29
|
|move|p2a: Rillaboom|Wood Hammer|p1a: Mocchi
|-damage|p1a: Mocchi|76/100
|-damage|p2a: Rillaboom|49/100|[from] Recoil
|move|p1a: Mocchi|Calm Mind|p1a: Mocchi
|-boost|p1a: Mocchi|spa|1
|-boost|p1a: Mocchi|spd|1
|
|-heal|p1a: Mocchi|82/100|[from] item: Leftovers
|upkeep
|turn|30
|
|move|p2a: Rillaboom|Wood Hammer|p1a: Mocchi
|-damage|p1a: Mocchi|69/100
|-damage|p2a: Rillaboom|45/100|[from] Recoil
|move|p1a: Mocchi|Dazzling Gleam|p2a: Rillaboom
|-damage|p2a: Rillaboom|0 fnt
|faint|p2a: Rillaboom
|
|-heal|p1a: Mocchi|75/100|[from] item: Leftovers
|upkeep
|
|switch|p2a: Passimian|Passimian, M|100/100
|turn|31
|
|move|p2a: Passimian|Earthquake|p1a: Mocchi
|-crit|p1a: Mocchi
|-damage|p1a: Mocchi|15/100
|move|p1a: Mocchi|Dazzling Gleam|p2a: Passimian
|-supereffective|p2a: Passimian
|-damage|p2a: Passimian|0 fnt
|faint|p2a: Passimian
|
|-heal|p1a: Mocchi|21/100|[from] item: Leftovers
|upkeep
|
|switch|p2a: Sigilyph|Sigilyph, M|100/100
|turn|32
|
|move|p2a: Sigilyph|Psychic|p1a: Mocchi
|-damage|p1a: Mocchi|7/100
|move|p1a: Mocchi|Recover|p1a: Mocchi
|-heal|p1a: Mocchi|57/100
|
|-heal|p1a: Mocchi|63/100|[from] item: Leftovers
|upkeep
|turn|33
|
|switch|p2a: Silvally|Silvally-Ghost|100/100
|move|p1a: Mocchi|Recover|p1a: Mocchi
|-heal|p1a: Mocchi|100/100
|
|upkeep
|turn|34
|
|move|p2a: Silvally|Multi-Attack|p1a: Mocchi
|-damage|p1a: Mocchi|90/100
|move|p1a: Mocchi|Dazzling Gleam|p2a: Silvally
|-damage|p2a: Silvally|0 fnt
|faint|p2a: Silvally
|
|-heal|p1a: Mocchi|96/100|[from] item: Leftovers
|upkeep
|c|☆bebo7788|gg
|c|☆bebo7788|got the most
|c|☆Miyami~~|gg
|c|☆bebo7788|useless crit
|c|☆bebo7788|on all the mons
|-message|bebo7788 forfeited.
|
|win|Miyami~~
|l|☆bebo7788
|raw|Miyami~~'s rating: 1179 &rarr; <strong>1200</strong><br />(+21 for winning)
|raw|bebo7788's rating: 1122 &rarr; <strong>1101</strong><br />(-21 for losing)
