|j|☆JLT3 oSuave
|j|☆4beersdeep
|player|p1|JLT3 oSuave|ethan-gen2c|1351
|player|p2|4beersdeep|backersf|1244
|teamsize|p1|6
|teamsize|p2|6
|gametype|singles
|gen|8
|tier|[Gen 8] RU
|rated|
|clearpoke
|poke|p1|Sableye, M|
|poke|p1|Mantine, F|
|poke|p1|Snorlax, M|
|poke|p1|Steelix, M|
|poke|p1|Salazzle, F|
|poke|p1|Cramorant, F|
|poke|p2|Barraskewda, F|
|poke|p2|Vanilluxe, F|
|poke|p2|Salazzle, F|
|poke|p2|Hitmonlee, M|
|poke|p2|Xatu, F|
|poke|p2|Runerigus, M|
|rule|Sleep Clause Mod: Limit one foe put to sleep
|rule|Species Clause: Limit one of each Pokémon
|rule|OHKO Clause: OHKO moves are banned
|rule|Evasion Moves Clause: Evasion moves are banned
|rule|Endless Battle Clause: Forcing endless battles is banned
|rule|HP Percentage Mod: HP is shown in percentages
|rule|Dynamax Clause: You cannot dynamax
|teampreview
|inactive|Battle timer is ON: inactive players will automatically lose when time's up. (requested by JLT3 oSuave)
|
|start
|switch|p1a: Sableye|Sableye, M|100/100
|switch|p2a: Xatu|Xatu, F|100/100
|turn|1
|
|move|p2a: Xatu|Heat Wave|p1a: Sableye
|-damage|p1a: Sableye|68/100
|move|p1a: Sableye|Knock Off|p2a: Xatu
|-supereffective|p2a: Xatu
|-damage|p2a: Xatu|50/100
|-damage|p1a: Sableye|51/100|[from] item: Rocky Helmet|[of] p2a: Xatu
|-enditem|p2a: Xatu|Rocky Helmet|[from] move: Knock Off|[of] p1a: Sableye
|
|-heal|p1a: Sableye|57/100|[from] item: Leftovers
|upkeep
|turn|2
|
|move|p1a: Sableye|Recover|p1a: Sableye
|-heal|p1a: Sableye|100/100
|move|p2a: Xatu|Roost|p2a: Xatu
|-heal|p2a: Xatu|99/100
|-singleturn|p2a: Xatu|move: Roost
|
|upkeep
|turn|3
|
|switch|p1a: Snorlax|Snorlax, M|100/100
|move|p2a: Xatu|Heat Wave|p1a: Snorlax
|-damage|p1a: Snorlax|94/100
|
|-heal|p1a: Snorlax|100/100|[from] item: Leftovers
|upkeep
|turn|4
|
|move|p2a: Xatu|U-turn|p1a: Snorlax
|-damage|p1a: Snorlax|92/100
|
|switch|p2a: Barraskewda|Barraskewda, F|100/100|[from]move: U-turn
|move|p1a: Snorlax|Curse|p1a: Snorlax
|-unboost|p1a: Snorlax|spe|1
|-boost|p1a: Snorlax|atk|1
|-boost|p1a: Snorlax|def|1
|
|-heal|p1a: Snorlax|98/100|[from] item: Leftovers
|upkeep
|turn|5
|
|move|p2a: Barraskewda|Close Combat|p1a: Snorlax
|-supereffective|p1a: Snorlax
|-damage|p1a: Snorlax|46/100
|-unboost|p2a: Barraskewda|def|1
|-unboost|p2a: Barraskewda|spd|1
|move|p1a: Snorlax|Body Slam|p2a: Barraskewda
|-damage|p2a: Barraskewda|0 fnt
|faint|p2a: Barraskewda
|
|-heal|p1a: Snorlax|52/100|[from] item: Leftovers
|upkeep
|
|switch|p2a: Runerigus|Runerigus, M|100/100
|turn|6
|
|move|p2a: Runerigus|Will-O-Wisp|p1a: Snorlax
|-status|p1a: Snorlax|brn
|move|p1a: Snorlax|Curse|p1a: Snorlax
|-unboost|p1a: Snorlax|spe|1
|-boost|p1a: Snorlax|atk|1
|-boost|p1a: Snorlax|def|1
|
|-heal|p1a: Snorlax|58/100 brn|[from] item: Leftovers
|-damage|p1a: Snorlax|52/100 brn|[from] brn
|upkeep
|turn|7
|
|move|p2a: Runerigus|Stealth Rock|p1a: Snorlax
|-sidestart|p1: JLT3 oSuave|move: Stealth Rock
|move|p1a: Snorlax|Curse|p1a: Snorlax
|-unboost|p1a: Snorlax|spe|1
|-boost|p1a: Snorlax|atk|1
|-boost|p1a: Snorlax|def|1
|
|-heal|p1a: Snorlax|58/100 brn|[from] item: Leftovers
|-damage|p1a: Snorlax|52/100 brn|[from] brn
|upkeep
|turn|8
|
|switch|p2a: Vanilluxe|Vanilluxe, F|100/100
|-weather|Hail|[from] ability: Snow Warning|[of] p2a: Vanilluxe
|move|p1a: Snorlax|Curse|p1a: Snorlax
|-unboost|p1a: Snorlax|spe|1
|-boost|p1a: Snorlax|atk|1
|-boost|p1a: Snorlax|def|1
|
|-weather|Hail|[upkeep]
|-damage|p1a: Snorlax|46/100 brn|[from] Hail
|-heal|p1a: Snorlax|52/100 brn|[from] item: Leftovers
|-damage|p1a: Snorlax|46/100 brn|[from] brn
|upkeep
|turn|9
|
|move|p2a: Vanilluxe|Taunt|p1a: Snorlax
|-start|p1a: Snorlax|move: Taunt
|cant|p1a: Snorlax|move: Taunt|Rest
|
|-weather|Hail|[upkeep]
|-damage|p1a: Snorlax|40/100 brn|[from] Hail
|-heal|p1a: Snorlax|46/100 brn|[from] item: Leftovers
|-damage|p1a: Snorlax|40/100 brn|[from] brn
|upkeep
|turn|10
|
|switch|p2a: Runerigus|Runerigus, M|100/100
|move|p1a: Snorlax|Body Slam|p2a: Runerigus
|-immune|p2a: Runerigus
|
|-weather|Hail|[upkeep]
|-damage|p2a: Runerigus|94/100|[from] Hail
|-damage|p1a: Snorlax|34/100 brn|[from] Hail
|-heal|p2a: Runerigus|100/100|[from] item: Leftovers
|-heal|p1a: Snorlax|40/100 brn|[from] item: Leftovers
|-damage|p1a: Snorlax|34/100 brn|[from] brn
|upkeep
|turn|11
|
|move|p2a: Runerigus|Earthquake|p1a: Snorlax
|-damage|p1a: Snorlax|25/100 brn
|move|p1a: Snorlax|Darkest Lariat|p2a: Runerigus
|-supereffective|p2a: Runerigus
|-damage|p2a: Runerigus|53/100
|-activate|p2a: Runerigus|ability: Wandering Spirit|Thick Fat|Wandering Spirit|[of] p1a: Snorlax
|
|-weather|Hail|[upkeep]
|-damage|p2a: Runerigus|47/100|[from] Hail
|-damage|p1a: Snorlax|19/100 brn|[from] Hail
|-heal|p2a: Runerigus|53/100|[from] item: Leftovers
|-heal|p1a: Snorlax|25/100 brn|[from] item: Leftovers
|-damage|p1a: Snorlax|19/100 brn|[from] brn
|-end|p1a: Snorlax|move: Taunt
|upkeep
|turn|12
|
|move|p2a: Runerigus|Earthquake|p1a: Snorlax
|-damage|p1a: Snorlax|12/100 brn
|move|p1a: Snorlax|Curse|p1a: Snorlax
|-unboost|p1a: Snorlax|spe|1
|-boost|p1a: Snorlax|atk|1
|-boost|p1a: Snorlax|def|1
|
|-weather|none
|-heal|p2a: Runerigus|60/100|[from] item: Leftovers
|-heal|p1a: Snorlax|18/100 brn|[from] item: Leftovers
|-damage|p1a: Snorlax|12/100 brn|[from] brn
|upkeep
|turn|13
|
|switch|p2a: Hitmonlee|Hitmonlee, M|100/100
|move|p1a: Snorlax|Rest|p1a: Snorlax
|-status|p1a: Snorlax|slp|[from] move: Rest
|-heal|p1a: Snorlax|100/100 slp|[silent]
|
|upkeep
|turn|14
|
|move|p2a: Hitmonlee|Knock Off|p1a: Snorlax
|-damage|p1a: Snorlax|94/100 slp
|-activate|p1a: Snorlax|ability: Wandering Spirit|Limber|Wandering Spirit|[of] p2a: Hitmonlee
|-enditem|p1a: Snorlax|Leftovers|[from] move: Knock Off|[of] p2a: Hitmonlee
|cant|p1a: Snorlax|slp
|
|upkeep
|turn|15
|
|switch|p2a: Vanilluxe|Vanilluxe, F|100/100
|-weather|Hail|[from] ability: Snow Warning|[of] p2a: Vanilluxe
|cant|p1a: Snorlax|slp
|
|-weather|Hail|[upkeep]
|-damage|p1a: Snorlax|88/100 slp|[from] Hail
|upkeep
|turn|16
|
|move|p2a: Vanilluxe|Aurora Veil|p2a: Vanilluxe
|-sidestart|p2: 4beersdeep|move: Aurora Veil
|-curestatus|p1a: Snorlax|slp|[msg]
|move|p1a: Snorlax|Darkest Lariat|p2a: Vanilluxe
|-damage|p2a: Vanilluxe|49/100
|
|-weather|Hail|[upkeep]
|-damage|p1a: Snorlax|82/100|[from] Hail
|upkeep
|turn|17
|
|move|p2a: Vanilluxe|Taunt|p1a: Snorlax
|-start|p1a: Snorlax|move: Taunt
|move|p1a: Snorlax|Darkest Lariat|p2a: Vanilluxe
|-damage|p2a: Vanilluxe|0 fnt
|faint|p2a: Vanilluxe
|
|-weather|Hail|[upkeep]
|-damage|p1a: Snorlax|76/100|[from] Hail
|upkeep
|
|switch|p2a: Salazzle|Salazzle, F|100/100
|turn|18
|
|move|p2a: Salazzle|Nasty Plot|p2a: Salazzle
|-boost|p2a: Salazzle|spa|2
|move|p1a: Snorlax|Body Slam|p2a: Salazzle
|-damage|p2a: Salazzle|0 fnt
|faint|p2a: Salazzle
|
|-weather|Hail|[upkeep]
|-damage|p1a: Snorlax|70/100|[from] Hail
|upkeep
|-message|4beersdeep forfeited.
|
|win|JLT3 oSuave
|l|☆4beersdeep
|raw|JLT3 oSuave's rating: 1351 &rarr; <strong>1365</strong><br />(+14 for winning)
|raw|4beersdeep's rating: 1245 &rarr; <strong>1227</strong><br />(-18 for losing)
