|j|☆Talmighty
|j|☆Ambidexx
|t:|1657125558
|gametype|singles
|player|p1|Talmighty|266|1299
|player|p2|Ambidexx|iris|1448
|teamsize|p1|6
|teamsize|p2|6
|gen|8
|tier|[Gen 8] RU
|rated|
|rule|Sleep Clause Mod: Limit one foe put to sleep
|rule|Species Clause: Limit one of each Pokémon
|rule|OHKO Clause: OHKO moves are banned
|rule|Evasion Moves Clause: Evasion moves are banned
|rule|Endless Battle Clause: Forcing endless battles is banned
|rule|HP Percentage Mod: HP is shown in percentages
|rule|Dynamax Clause: You cannot dynamax
|clearpoke
|poke|p1|Raikou|
|poke|p1|Tornadus, M|
|poke|p1|Flygon, M|
|poke|p1|Metagross|
|poke|p1|Weezing-Galar, M|
|poke|p1|Virizion|
|poke|p2|Nidoqueen, F|
|poke|p2|Snorlax, F|
|poke|p2|Golisopod, M|
|poke|p2|Rotom-Mow|
|poke|p2|Milotic, M|
|poke|p2|Chandelure, M|
|teampreview
|
|t:|1657125630
|start
|switch|p1a: Orange Eyes G.|Flygon, M, shiny|100/100
|switch|p2a: Rotom|Rotom-Mow|100/100
|turn|1
|
|t:|1657125641
|switch|p2a: Milotic|Milotic, M|100/100
|move|p1a: Orange Eyes G.|U-turn|p2a: Milotic
|-damage|p2a: Milotic|86/100
|-damage|p1a: Orange Eyes G.|84/100|[from] item: Rocky Helmet|[of] p2a: Milotic
|
|t:|1657125654
|switch|p1a: Kuriboh|Virizion, shiny|100/100|[from]move: U-turn
|
|upkeep
|turn|2
|
|t:|1657125682
|switch|p2a: Nidoqueen|Nidoqueen, F|100/100
|move|p1a: Kuriboh|Leaf Blade|p2a: Nidoqueen
|-damage|p2a: Nidoqueen|59/100
|-damage|p1a: Kuriboh|91/100|[from] item: Life Orb
|
|-heal|p2a: Nidoqueen|65/100|[from] item: Black Sludge
|upkeep
|turn|3
|
|t:|1657125741
|move|p1a: Kuriboh|Leaf Blade|p2a: Nidoqueen
|-damage|p2a: Nidoqueen|25/100
|-damage|p1a: Kuriboh|81/100|[from] item: Life Orb
|move|p2a: Nidoqueen|Sludge Wave|p1a: Kuriboh
|-supereffective|p1a: Kuriboh
|-damage|p1a: Kuriboh|10/100
|
|-heal|p2a: Nidoqueen|31/100|[from] item: Black Sludge
|upkeep
|turn|4
|
|t:|1657125761
|switch|p2a: Chandelure|Chandelure, M|100/100
|move|p1a: Kuriboh|Leaf Blade|p2a: Chandelure
|-resisted|p2a: Chandelure
|-damage|p2a: Chandelure|66/100
|-damage|p1a: Kuriboh|0 fnt|[from] item: Life Orb
|faint|p1a: Kuriboh
|
|upkeep
|
|t:|1657125767
|switch|p1a: Orange Eyes G.|Flygon, M, shiny|84/100
|turn|5
|
|t:|1657125772
|switch|p2a: Milotic|Milotic, M|86/100
|move|p1a: Orange Eyes G.|U-turn|p2a: Milotic
|-damage|p2a: Milotic|71/100
|-damage|p1a: Orange Eyes G.|67/100|[from] item: Rocky Helmet|[of] p2a: Milotic
|
|t:|1657125779
|switch|p1a: Raigeki|Raikou, shiny|100/100|[from]move: U-turn
|
|upkeep
|turn|6
|
|t:|1657125786
|switch|p2a: Rotom|Rotom-Mow|100/100
|move|p1a: Raigeki|Volt Switch|p2a: Rotom
|-resisted|p2a: Rotom
|-damage|p2a: Rotom|89/100
|
|t:|1657125803
|switch|p1a: Atem|Metagross, shiny|100/100|[from]move: Volt Switch
|
|upkeep
|turn|7
|
|t:|1657125812
|move|p2a: Rotom|Volt Switch|p1a: Atem
|-damage|p1a: Atem|65/100
|
|t:|1657125815
|switch|p2a: Milotic|Milotic, M|71/100|[from]move: Volt Switch
|move|p1a: Atem|Toxic|p2a: Milotic
|-status|p2a: Milotic|tox
|
|-heal|p1a: Atem|71/100|[from] item: Leftovers
|-damage|p2a: Milotic|65/100 tox|[from] psn
|upkeep
|turn|8
|
|t:|1657125861
|move|p1a: Atem|Stealth Rock|p2a: Milotic
|-sidestart|p2: Ambidexx|move: Stealth Rock
|move|p2a: Milotic|Recover|p2a: Milotic
|-heal|p2a: Milotic|100/100 tox
|
|-heal|p1a: Atem|77/100|[from] item: Leftovers
|-damage|p2a: Milotic|88/100 tox|[from] psn
|upkeep
|turn|9
|
|t:|1657125877
|switch|p1a: Raigeki|Raikou, shiny|100/100
|move|p2a: Milotic|Flip Turn|p1a: Raigeki
|-damage|p1a: Raigeki|83/100
|
|t:|1657125884
|switch|p2a: Rotom|Rotom-Mow|89/100|[from]move: Flip Turn
|-damage|p2a: Rotom|77/100|[from] Stealth Rock
|
|upkeep
|turn|10
|
|t:|1657125895
|switch|p1a: Crush Card Virus|Weezing-Galar, M, shiny|100/100
|move|p2a: Rotom|Leaf Storm|p1a: Crush Card Virus
|-resisted|p1a: Crush Card Virus
|-damage|p1a: Crush Card Virus|57/100
|-unboost|p2a: Rotom|spa|2
|
|upkeep
|turn|11
|
|t:|1657125917
|switch|p2a: Nidoqueen|Nidoqueen, F|31/100
|-damage|p2a: Nidoqueen|25/100|[from] Stealth Rock
|switch|p1a: Raigeki|Raikou, shiny|83/100
|
|-heal|p2a: Nidoqueen|31/100|[from] item: Black Sludge
|upkeep
|turn|12
|
|t:|1657125932
|switch|p2a: Rotom|Rotom-Mow|77/100
|-damage|p2a: Rotom|65/100|[from] Stealth Rock
|move|p1a: Raigeki|Scald|p2a: Rotom
|-resisted|p2a: Rotom
|-damage|p2a: Rotom|48/100
|-status|p2a: Rotom|brn
|
|-damage|p2a: Rotom|42/100 brn|[from] brn
|upkeep
|turn|13
|
|t:|1657125957
|move|p2a: Rotom|Defog|p1a: Raigeki
|-unboost|p1a: Raigeki|evasion|1
|-sideend|p2: Ambidexx|Stealth Rock|[from] move: Defog|[of] p2a: Rotom
|move|p1a: Raigeki|Volt Switch|p2a: Rotom
|-resisted|p2a: Rotom
|-damage|p2a: Rotom|31/100 brn
|
|t:|1657125965
|switch|p1a: Atem|Metagross, shiny|77/100|[from]move: Volt Switch
|
|-heal|p1a: Atem|84/100|[from] item: Leftovers
|-damage|p2a: Rotom|25/100 brn|[from] brn
|upkeep
|turn|14
|
|t:|1657125976
|switch|p2a: Chandelure|Chandelure, M|66/100
|move|p1a: Atem|Earthquake|p2a: Chandelure
|-supereffective|p2a: Chandelure
|-damage|p2a: Chandelure|0 fnt
|faint|p2a: Chandelure
|
|-heal|p1a: Atem|90/100|[from] item: Leftovers
|upkeep
|
|t:|1657125987
|switch|p2a: Golisopod|Golisopod, M|100/100
|turn|15
|
|t:|1657125991
|switch|p1a: Crush Card Virus|Weezing-Galar, M, shiny|57/100
|move|p2a: Golisopod|Knock Off|p1a: Crush Card Virus
|-resisted|p1a: Crush Card Virus
|-damage|p1a: Crush Card Virus|45/100
|-damage|p2a: Golisopod|84/100|[from] item: Rocky Helmet|[of] p1a: Crush Card Virus
|-enditem|p1a: Crush Card Virus|Rocky Helmet|[from] move: Knock Off|[of] p2a: Golisopod
|
|upkeep
|turn|16
|
|t:|1657126002
|switch|p2a: Milotic|Milotic, M|88/100 tox
|move|p1a: Crush Card Virus|Sludge Bomb|p2a: Milotic
|-damage|p2a: Milotic|70/100 tox
|
|-damage|p2a: Milotic|64/100 tox|[from] psn
|upkeep
|turn|17
|
|t:|1657126013
|switch|p1a: Raigeki|Raikou, shiny|83/100
|move|p2a: Milotic|Flip Turn|p1a: Raigeki
|-damage|p1a: Raigeki|65/100
|
|t:|1657126020
|switch|p2a: Snorlax|Snorlax, F|100/100|[from]move: Flip Turn
|
|upkeep
|turn|18
|
|t:|1657126028
|move|p1a: Raigeki|Toxic|p2a: Snorlax|[miss]
|-miss|p1a: Raigeki|p2a: Snorlax
|move|p2a: Snorlax|Curse|p2a: Snorlax
|-unboost|p2a: Snorlax|spe|1
|-boost|p2a: Snorlax|atk|1
|-boost|p2a: Snorlax|def|1
|
|upkeep
|turn|19
|
|t:|1657126035
|move|p1a: Raigeki|Toxic|p2a: Snorlax
|-status|p2a: Snorlax|tox
|move|p2a: Snorlax|Curse|p2a: Snorlax
|-unboost|p2a: Snorlax|spe|1
|-boost|p2a: Snorlax|atk|1
|-boost|p2a: Snorlax|def|1
|
|-damage|p2a: Snorlax|94/100 tox|[from] psn
|upkeep
|turn|20
|
|t:|1657126042
|move|p1a: Raigeki|Volt Switch|p2a: Snorlax
|-damage|p2a: Snorlax|78/100 tox
|
|t:|1657126045
|switch|p1a: Crush Card Virus|Weezing-Galar, M, shiny|45/100|[from]move: Volt Switch
|move|p2a: Snorlax|Facade|p1a: Crush Card Virus
|-damage|p1a: Crush Card Virus|0 fnt
|faint|p1a: Crush Card Virus
|
|-damage|p2a: Snorlax|65/100 tox|[from] psn
|upkeep
|
|t:|1657126091
|switch|p1a: Orange Eyes G.|Flygon, M, shiny|67/100
|turn|21
|
|t:|1657126096
|move|p1a: Orange Eyes G.|U-turn|p2a: Snorlax
|-damage|p2a: Snorlax|56/100 tox
|
|t:|1657126101
|switch|p1a: Raigeki|Raikou, shiny|65/100|[from]move: U-turn
|move|p2a: Snorlax|Facade|p1a: Raigeki
|-damage|p1a: Raigeki|0 fnt
|faint|p1a: Raigeki
|
|-damage|p2a: Snorlax|37/100 tox|[from] psn
|upkeep
|-enditem|p2a: Snorlax|Aguav Berry|[eat]
|-heal|p2a: Snorlax|70/100 tox|[from] item: Aguav Berry
|
|t:|1657126119
|switch|p1a: Atem|Metagross, shiny|90/100
|turn|22
|
|t:|1657126125
|move|p1a: Atem|Stealth Rock|p2a: Snorlax
|-sidestart|p2: Ambidexx|move: Stealth Rock
|move|p2a: Snorlax|Darkest Lariat|p1a: Atem
|-supereffective|p1a: Atem
|-damage|p1a: Atem|13/100
|
|-heal|p1a: Atem|19/100|[from] item: Leftovers
|-damage|p2a: Snorlax|45/100 tox|[from] psn
|upkeep
|turn|23
|
|t:|1657126136
|move|p1a: Atem|Meteor Mash|p2a: Snorlax
|-damage|p2a: Snorlax|20/100 tox
|move|p2a: Snorlax|Facade|p1a: Atem
|-resisted|p1a: Atem
|-damage|p1a: Atem|0 fnt
|faint|p1a: Atem
|
|-damage|p2a: Snorlax|0 fnt|[from] psn
|faint|p2a: Snorlax
|upkeep
|
|t:|1657126151
|switch|p1a: Jinzo|Tornadus, M, shiny|100/100
|switch|p2a: Nidoqueen|Nidoqueen, F|31/100
|-damage|p2a: Nidoqueen|25/100|[from] Stealth Rock
|turn|24
|
|t:|1657126160
|move|p1a: Jinzo|Air Slash|p2a: Nidoqueen
|-damage|p2a: Nidoqueen|0 fnt
|faint|p2a: Nidoqueen
|
|upkeep
|
|t:|1657126183
|switch|p2a: Rotom|Rotom-Mow|25/100 brn
|-damage|p2a: Rotom|12/100 brn|[from] Stealth Rock
|turn|25
|
|t:|1657126189
|switch|p1a: Orange Eyes G.|Flygon, M, shiny|67/100
|move|p2a: Rotom|Leaf Storm|p1a: Orange Eyes G.
|-damage|p1a: Orange Eyes G.|0 fnt
|-unboost|p2a: Rotom|spa|2
|faint|p1a: Orange Eyes G.
|
|-damage|p2a: Rotom|6/100 brn|[from] brn
|upkeep
|
|t:|1657126214
|switch|p1a: Jinzo|Tornadus, M, shiny|100/100
|turn|26
|
|t:|1657126218
|move|p2a: Rotom|Leaf Storm|p1a: Jinzo
|-resisted|p1a: Jinzo
|-damage|p1a: Jinzo|79/100
|-unboost|p2a: Rotom|spa|2
|move|p1a: Jinzo|Nasty Plot|p1a: Jinzo
|-boost|p1a: Jinzo|spa|2
|
|-damage|p2a: Rotom|0 fnt|[from] brn
|faint|p2a: Rotom
|upkeep
|
|t:|1657126227
|switch|p2a: Golisopod|Golisopod, M|84/100
|turn|27
|
|t:|1657126240
|move|p2a: Golisopod|First Impression|p1a: Jinzo
|-resisted|p1a: Jinzo
|-damage|p1a: Jinzo|42/100
|move|p1a: Jinzo|Air Slash|p2a: Golisopod
|-supereffective|p2a: Golisopod
|-damage|p2a: Golisopod|0 fnt
|faint|p2a: Golisopod
|
|upkeep
|
|t:|1657126247
|switch|p2a: Milotic|Milotic, M|64/100 tox
|-damage|p2a: Milotic|52/100 tox|[from] Stealth Rock
|turn|28
|
|t:|1657126262
|move|p1a: Jinzo|Grass Knot|p2a: Milotic
|-supereffective|p2a: Milotic
|-damage|p2a: Milotic|0 fnt
|-damage|p1a: Jinzo|25/100|[from] item: Rocky Helmet|[of] p2a: Milotic
|faint|p2a: Milotic
|
|win|Talmighty
|raw|Talmighty's rating: 1299 &rarr; <strong>1334</strong><br />(+35 for winning)
|raw|Ambidexx's rating: 1448 &rarr; <strong>1420</strong><br />(-28 for losing)
|c|☆Talmighty|gg
|c|☆Ambidexx|gg
|l|☆Ambidexx
||Ladder isn't responding, score probably updated but might not have (Request timeout).
