|j|☆Honey Ant
|j|☆TookMe5Minutes
|player|p1|Honey Ant|erika|1060
|player|p2|TookMe5Minutes|155|1223
|teamsize|p1|6
|teamsize|p2|6
|gametype|singles
|gen|8
|tier|[Gen 8] RU
|rated|
|clearpoke
|poke|p1|Jolteon, F|
|poke|p1|Cinccino, M|
|poke|p1|Eldegoss, F|
|poke|p1|Gallade, M|
|poke|p1|Silvally-*|
|poke|p1|Mantine, F|
|poke|p2|Snorlax, F|
|poke|p2|Xatu, M|
|poke|p2|Perrserker, M|
|poke|p2|Jellicent, F|
|poke|p2|Gigalith, M|
|poke|p2|Whimsicott, M|
|rule|Sleep Clause Mod: Limit one foe put to sleep
|rule|Species Clause: Limit one of each Pokémon
|rule|OHKO Clause: OHKO moves are banned
|rule|Evasion Moves Clause: Evasion moves are banned
|rule|Endless Battle Clause: Forcing endless battles is banned
|rule|HP Percentage Mod: HP is shown in percentages
|rule|Dynamax Clause: You cannot dynamax
|teampreview
|inactive|Battle timer is ON: inactive players will automatically lose when time's up. (requested by TookMe5Minutes)
|
|start
|switch|p1a: Gallade|Gallade, M|100/100
|switch|p2a: Perrserker|Perrserker, M|100/100
|turn|1
|
|switch|p2a: Whimsicott|Whimsicott, M|100/100
|move|p1a: Gallade|Bulk Up|p1a: Gallade
|-boost|p1a: Gallade|atk|1
|-boost|p1a: Gallade|def|1
|
|upkeep
|turn|2
|
|move|p2a: Whimsicott|Encore|p1a: Gallade
|-start|p1a: Gallade|Encore
|move|p1a: Gallade|Bulk Up|p1a: Gallade
|-boost|p1a: Gallade|atk|1
|-boost|p1a: Gallade|def|1
|
|upkeep
|turn|3
|
|switch|p1a: Jolteon|Jolteon, F|100/100
|move|p2a: Whimsicott|Leech Seed|p1a: Jolteon
|-start|p1a: Jolteon|move: Leech Seed
|
|-damage|p1a: Jolteon|88/100|[from] Leech Seed|[of] p2a: Whimsicott
|upkeep
|turn|4
|
|switch|p2a: Perrserker|Perrserker, M|100/100
|move|p1a: Jolteon|Volt Switch|p2a: Perrserker
|-damage|p2a: Perrserker|50/100
|
|switch|p1a: Gallade|Gallade, M|100/100|[from]move: Volt Switch
|
|upkeep
|turn|5
|
|move|p1a: Gallade|Hypnosis|p2a: Perrserker
|-status|p2a: Perrserker|slp|[from] move: Hypnosis
|cant|p2a: Perrserker|slp
|
|upkeep
|turn|6
|
|move|p1a: Gallade|Drain Punch|p2a: Perrserker
|-supereffective|p2a: Perrserker
|-damage|p2a: Perrserker|0 fnt
|faint|p2a: Perrserker
|
|upkeep
|
|switch|p2a: Whimsicott|Whimsicott, M|100/100
|turn|7
|
|move|p2a: Whimsicott|Taunt|p1a: Gallade
|-start|p1a: Gallade|move: Taunt
|cant|p1a: Gallade|move: Taunt|Hypnosis
|
|upkeep
|turn|8
|
|switch|p1a: Silvally|Silvally-Steel|100/100
|move|p2a: Whimsicott|Moonblast|p1a: Silvally
|-resisted|p1a: Silvally
|-damage|p1a: Silvally|89/100
|
|upkeep
|turn|9
|
|switch|p2a: Jellicent|Jellicent, F|100/100
|move|p1a: Silvally|Multi-Attack|p2a: Jellicent
|-resisted|p2a: Jellicent
|-damage|p2a: Jellicent|73/100
|
|-heal|p2a: Jellicent|79/100|[from] item: Leftovers
|upkeep
|turn|10
|
|switch|p2a: Xatu|Xatu, M|100/100
|move|p1a: Silvally|Parting Shot|p2a: Xatu
|move|p2a: Xatu|Parting Shot|p1a: Silvally|[from]Magic Bounce
|-unboost|p1a: Silvally|atk|1
|-unboost|p1a: Silvally|spa|1
|
|switch|p2a: Jellicent|Jellicent, F|79/100|[from]move: Parting Shot
|
|-heal|p2a: Jellicent|85/100|[from] item: Leftovers
|upkeep
|turn|11
|
|move|p1a: Silvally|Sunny Day|p1a: Silvally
|-weather|SunnyDay
|move|p2a: Jellicent|Will-O-Wisp|p1a: Silvally
|-status|p1a: Silvally|brn
|
|-weather|SunnyDay|[upkeep]
|-heal|p2a: Jellicent|92/100|[from] item: Leftovers
|-damage|p1a: Silvally|82/100 brn|[from] brn
|upkeep
|turn|12
|
|switch|p1a: Cinccino|Cinccino, M|100/100
|switch|p2a: Xatu|Xatu, M|100/100
|
|-weather|SunnyDay|[upkeep]
|upkeep
|turn|13
|
|switch|p2a: Whimsicott|Whimsicott, M|100/100
|move|p1a: Cinccino|Knock Off|p2a: Whimsicott
|-resisted|p2a: Whimsicott
|-damage|p2a: Whimsicott|82/100
|-enditem|p2a: Whimsicott|Leftovers|[from] move: Knock Off|[of] p1a: Cinccino
|
|-weather|SunnyDay|[upkeep]
|upkeep
|turn|14
|
|switch|p1a: Eldegoss|Eldegoss, F|100/100
|move|p2a: Whimsicott|Leech Seed|p1a: Eldegoss
|-immune|p1a: Eldegoss
|
|-weather|SunnyDay|[upkeep]
|upkeep
|turn|15
|
|move|p2a: Whimsicott|Taunt|p1a: Eldegoss
|-start|p1a: Eldegoss|move: Taunt
|move|p1a: Eldegoss|Weather Ball|p2a: Whimsicott
|-supereffective|p2a: Whimsicott
|-damage|p2a: Whimsicott|4/100
|
|-weather|none
|upkeep
|turn|16
|
|move|p2a: Whimsicott|Moonblast|p1a: Eldegoss
|-damage|p1a: Eldegoss|81/100
|-ability|p1a: Eldegoss|Cotton Down
|-unboost|p2a: Whimsicott|spe|1
|move|p1a: Eldegoss|Leaf Tornado|p2a: Whimsicott
|-resisted|p2a: Whimsicott
|-damage|p2a: Whimsicott|0 fnt
|faint|p2a: Whimsicott
|
|-heal|p1a: Eldegoss|87/100|[from] item: Leftovers
|upkeep
|
|switch|p2a: Xatu|Xatu, M|100/100
|turn|17
|
|move|p2a: Xatu|Heat Wave|p1a: Eldegoss|[miss]
|-miss|p2a: Xatu|p1a: Eldegoss
|move|p1a: Eldegoss|Leaf Tornado|p2a: Xatu
|-resisted|p2a: Xatu
|-damage|p2a: Xatu|92/100
|
|-heal|p1a: Eldegoss|93/100|[from] item: Leftovers
|-end|p1a: Eldegoss|move: Taunt
|upkeep
|turn|18
|-message|TookMe5Minutes forfeited.
|
|win|Honey Ant
|l|☆TookMe5Minutes
