|j|☆JoeShmo88
|j|☆Glidinganteater
|t:|1618952438
|gametype|singles
|player|p1|JoeShmo88|170|1158
|player|p2|Glidinganteater|palmer|1434
|teamsize|p1|6
|teamsize|p2|6
|gen|8
|tier|[Gen 8] RU
|rated|
|clearpoke
|poke|p1|Darmanitan, F|
|poke|p1|Barraskewda, M|
|poke|p1|Crobat, F|
|poke|p1|Mimikyu, M|
|poke|p1|Celebi|
|poke|p1|Registeel|
|poke|p2|Emolga, M|
|poke|p2|Zarude|
|poke|p2|Rhyperior, M|
|poke|p2|Heracross, M|
|poke|p2|Crobat, M|
|poke|p2|Gardevoir, F|
|rule|Sleep Clause Mod: Limit one foe put to sleep
|rule|Species Clause: Limit one of each Pokémon
|rule|OHKO Clause: OHKO moves are banned
|rule|Evasion Moves Clause: Evasion moves are banned
|rule|Endless Battle Clause: Forcing endless battles is banned
|rule|HP Percentage Mod: HP is shown in percentages
|rule|Dynamax Clause: You cannot dynamax
|teampreview
|
|t:|1618952445
|start
|switch|p1a: Celebi|Celebi|100/100
|switch|p2a: Crobat|Crobat, M|100/100
|turn|1
|
|t:|1618952452
|move|p2a: Crobat|U-turn|p1a: Celebi
|-supereffective|p1a: Celebi
|-damage|p1a: Celebi|54/100
|-damage|p2a: Crobat|84/100|[from] item: Rocky Helmet|[of] p1a: Celebi
|
|t:|1618952460
|switch|p2a: Gardevoir|Gardevoir, F, shiny|100/100|[from]move: U-turn
|-ability|p2a: Gardevoir|Natural Cure|[from] ability: Trace|[of] p1a: Celebi
|move|p1a: Celebi|Thunder Wave|p2a: Gardevoir
|-status|p2a: Gardevoir|par
|
|upkeep
|turn|2
|
|t:|1618952468
|move|p1a: Celebi|Recover|p1a: Celebi
|-heal|p1a: Celebi|100/100
|move|p2a: Gardevoir|Trick|p1a: Celebi
|-activate|p2a: Gardevoir|move: Trick|[of] p1a: Celebi
|-item|p1a: Celebi|Choice Scarf|[from] move: Trick
|-item|p2a: Gardevoir|Rocky Helmet|[from] move: Trick
|
|upkeep
|turn|3
|
|t:|1618952488
|move|p1a: Celebi|Psychic|p2a: Gardevoir
|-resisted|p2a: Gardevoir
|-damage|p2a: Gardevoir|84/100 par
|cant|p2a: Gardevoir|par
|
|upkeep
|turn|4
|
|t:|1618952493
|switch|p2a: Zarude|Zarude|100/100
|move|p1a: Celebi|Psychic|p2a: Zarude
|-immune|p2a: Zarude
|
|upkeep
|turn|5
|
|t:|1618952500
|switch|p1a: Registeel|Registeel|100/100
|move|p2a: Zarude|U-turn|p1a: Registeel
|-resisted|p1a: Registeel
|-damage|p1a: Registeel|94/100
|
|t:|1618952502
|switch|p2a: Emolga|Emolga, M|100/100|[from]move: U-turn
|
|-heal|p1a: Registeel|99/100|[from] item: Leftovers
|upkeep
|turn|6
|
|t:|1618952510
|move|p2a: Emolga|Knock Off|p1a: Registeel
|-damage|p1a: Registeel|91/100
|-enditem|p1a: Registeel|Leftovers|[from] move: Knock Off|[of] p2a: Emolga
|move|p1a: Registeel|Toxic|p2a: Emolga|[miss]
|-miss|p1a: Registeel|p2a: Emolga
|
|upkeep
|turn|7
|
|t:|1618952518
|move|p2a: Emolga|Discharge|p1a: Registeel
|-damage|p1a: Registeel|78/100
|-status|p1a: Registeel|par
|move|p1a: Registeel|Toxic|p2a: Emolga
|-status|p2a: Emolga|tox
|
|-damage|p2a: Emolga|94/100 tox|[from] psn
|upkeep
|turn|8
|
|t:|1618952527
|move|p1a: Registeel|Protect|p1a: Registeel
|-singleturn|p1a: Registeel|Protect
|move|p2a: Emolga|Volt Switch|p1a: Registeel
|-activate|p1a: Registeel|move: Protect
|
|-damage|p2a: Emolga|82/100 tox|[from] psn
|upkeep
|turn|9
|
|t:|1618952537
|move|p2a: Emolga|Discharge|p1a: Registeel
|-damage|p1a: Registeel|66/100 par
|move|p1a: Registeel|Heavy Slam|p2a: Emolga
|-resisted|p2a: Emolga
|-damage|p2a: Emolga|54/100 tox
|
|-damage|p2a: Emolga|36/100 tox|[from] psn
|upkeep
|turn|10
|
|t:|1618952545
|move|p1a: Registeel|Protect|p1a: Registeel
|-singleturn|p1a: Registeel|Protect
|move|p2a: Emolga|Roost|p2a: Emolga
|-heal|p2a: Emolga|86/100 tox
|-singleturn|p2a: Emolga|move: Roost
|
|-damage|p2a: Emolga|62/100 tox|[from] psn
|upkeep
|turn|11
|
|t:|1618952555
|move|p2a: Emolga|Volt Switch|p1a: Registeel
|-damage|p1a: Registeel|55/100 par
|
|t:|1618952558
|switch|p2a: Heracross|Heracross, M|100/100|[from]move: Volt Switch
|move|p1a: Registeel|Heavy Slam|p2a: Heracross
|-damage|p2a: Heracross|70/100
|
|-status|p2a: Heracross|brn|[from] item: Flame Orb
|upkeep
|turn|12
|
|t:|1618952569
|switch|p1a: Crobat|Crobat, F|100/100
|move|p2a: Heracross|Facade|p1a: Crobat
|-damage|p1a: Crobat|28/100
|
|-damage|p2a: Heracross|64/100 brn|[from] brn
|upkeep
|turn|13
|
|t:|1618952579
|switch|p2a: Rhyperior|Rhyperior, M|100/100
|move|p1a: Crobat|Brave Bird|p2a: Rhyperior
|-resisted|p2a: Rhyperior
|-damage|p2a: Rhyperior|89/100
|-damage|p1a: Crobat|24/100|[from] Recoil
|
|-heal|p2a: Rhyperior|95/100|[from] item: Leftovers
|upkeep
|turn|14
|
|t:|1618952598
|move|p1a: Crobat|U-turn|p2a: Rhyperior
|-damage|p2a: Rhyperior|86/100
|
|t:|1618952604
|switch|p1a: Celebi|Celebi|100/100|[from]move: U-turn
|move|p2a: Rhyperior|Earthquake|p1a: Celebi
|-resisted|p1a: Celebi
|-damage|p1a: Celebi|83/100
|
|-heal|p2a: Rhyperior|92/100|[from] item: Leftovers
|upkeep
|turn|15
|
|t:|1618952613
|switch|p2a: Zarude|Zarude|100/100
|move|p1a: Celebi|Toxic|p2a: Zarude
|-status|p2a: Zarude|tox
|
|-damage|p2a: Zarude|95/100 tox|[from] psn
|upkeep
|turn|16
|
|t:|1618952621
|switch|p1a: Registeel|Registeel|55/100 par
|move|p2a: Zarude|Darkest Lariat|p1a: Registeel
|-damage|p1a: Registeel|33/100 par
|
|-damage|p2a: Zarude|83/100 tox|[from] psn
|upkeep
|turn|17
|j| ForestCave
|
|t:|1618952628
|move|p2a: Zarude|Jungle Healing|p2a: Zarude
|-heal|p2a: Zarude|100/100 tox
|-curestatus|p2a: Zarude|tox|[msg]
|cant|p1a: Registeel|par
|
|upkeep
|turn|18
|
|t:|1618952635
|move|p2a: Zarude|U-turn|p1a: Registeel
|-resisted|p1a: Registeel
|-damage|p1a: Registeel|27/100 par
|
|t:|1618952640
|switch|p2a: Rhyperior|Rhyperior, M|92/100|[from]move: U-turn
|cant|p1a: Registeel|par
|
|-heal|p2a: Rhyperior|98/100|[from] item: Leftovers
|upkeep
|turn|19
|
|t:|1618952647
|move|p2a: Rhyperior|Stealth Rock|p1a: Registeel
|-sidestart|p1: JoeShmo88|move: Stealth Rock
|move|p1a: Registeel|Stealth Rock|p2a: Rhyperior
|-sidestart|p2: Glidinganteater|move: Stealth Rock
|
|-heal|p2a: Rhyperior|100/100|[from] item: Leftovers
|upkeep
|turn|20
|
|t:|1618952652
|move|p2a: Rhyperior|Earthquake|p1a: Registeel
|-supereffective|p1a: Registeel
|-damage|p1a: Registeel|0 fnt
|faint|p1a: Registeel
|
|upkeep
|
|t:|1618952659
|switch|p1a: Barraskewda|Barraskewda, M|100/100
|-damage|p1a: Barraskewda|88/100|[from] Stealth Rock
|turn|21
|
|t:|1618952678
|switch|p2a: Gardevoir|Gardevoir, F, shiny|84/100
|-damage|p2a: Gardevoir|71/100|[from] Stealth Rock
|-ability|p2a: Gardevoir|Swift Swim|[from] ability: Trace|[of] p1a: Barraskewda
|move|p1a: Barraskewda|Liquidation|p2a: Gardevoir
|-damage|p2a: Gardevoir|0 fnt
|-damage|p1a: Barraskewda|72/100|[from] item: Rocky Helmet|[of] p2a: Gardevoir
|faint|p2a: Gardevoir
|
|upkeep
|
|t:|1618952684
|switch|p2a: Zarude|Zarude|100/100
|turn|22
|l| ForestCave
|
|t:|1618952708
|switch|p1a: Celebi|Celebi|83/100
|-damage|p1a: Celebi|70/100|[from] Stealth Rock
|move|p2a: Zarude|Darkest Lariat|p1a: Celebi
|-supereffective|p1a: Celebi
|-damage|p1a: Celebi|10/100
|
|upkeep
|turn|23
|
|t:|1618952731
|switch|p2a: Emolga|Emolga, M|62/100 tox
|move|p1a: Celebi|Toxic|p2a: Emolga
|-fail|p2a: Emolga|tox
|
|-damage|p2a: Emolga|56/100 tox|[from] psn
|upkeep
|turn|24
|
|t:|1618952740
|move|p1a: Celebi|Toxic|p2a: Emolga
|-fail|p2a: Emolga|tox
|move|p2a: Emolga|Knock Off|p1a: Celebi
|-supereffective|p1a: Celebi
|-damage|p1a: Celebi|0 fnt
|-enditem|p1a: Celebi|Choice Scarf|[from] move: Knock Off|[of] p2a: Emolga
|faint|p1a: Celebi
|
|-damage|p2a: Emolga|44/100 tox|[from] psn
|upkeep
|
|t:|1618952753
|switch|p1a: Darmanitan|Darmanitan, F|100/100
|-damage|p1a: Darmanitan|76/100|[from] Stealth Rock
|turn|25
|
|t:|1618952766
|switch|p2a: Heracross|Heracross, M|64/100 brn
|-damage|p2a: Heracross|52/100 brn|[from] Stealth Rock
|move|p1a: Darmanitan|Flare Blitz|p2a: Heracross
|-supereffective|p2a: Heracross
|-damage|p2a: Heracross|0 fnt
|-damage|p1a: Darmanitan|61/100|[from] Recoil
|faint|p2a: Heracross
|
|upkeep
|
|t:|1618952771
|switch|p2a: Rhyperior|Rhyperior, M|100/100
|-damage|p2a: Rhyperior|94/100|[from] Stealth Rock
|turn|26
|
|t:|1618952783
|switch|p1a: Crobat|Crobat, F|24/100
|move|p2a: Rhyperior|Earthquake|p1a: Crobat
|-immune|p1a: Crobat
|
|-heal|p2a: Rhyperior|100/100|[from] item: Leftovers
|upkeep
|turn|27
|
|t:|1618952795
|move|p1a: Crobat|Defog|p2a: Rhyperior
|-unboost|p2a: Rhyperior|evasion|1
|-sideend|p2: Glidinganteater|Stealth Rock|[from] move: Defog|[of] p1a: Crobat
|-sideend|p1: JoeShmo88|Stealth Rock|[from] move: Defog|[of] p1a: Crobat
|move|p2a: Rhyperior|Earthquake|p1a: Crobat
|-immune|p1a: Crobat
|
|upkeep
|turn|28
|
|t:|1618952803
|move|p1a: Crobat|Roost|p1a: Crobat
|-heal|p1a: Crobat|74/100
|-singleturn|p1a: Crobat|move: Roost
|move|p2a: Rhyperior|Earthquake|p1a: Crobat
|-supereffective|p1a: Crobat
|-damage|p1a: Crobat|0 fnt
|faint|p1a: Crobat
|
|upkeep
|
|t:|1618952824
|switch|p1a: Barraskewda|Barraskewda, M|72/100
|turn|29
|
|t:|1618952828
|switch|p2a: Emolga|Emolga, M|44/100 tox
|move|p1a: Barraskewda|Close Combat|p2a: Emolga
|-resisted|p2a: Emolga
|-damage|p2a: Emolga|10/100 tox
|-unboost|p1a: Barraskewda|def|1
|-unboost|p1a: Barraskewda|spd|1
|
|-damage|p2a: Emolga|4/100 tox|[from] psn
|upkeep
|turn|30
|
|t:|1618952853
|move|p1a: Barraskewda|Close Combat|p2a: Emolga
|-resisted|p2a: Emolga
|-damage|p2a: Emolga|0 fnt
|-unboost|p1a: Barraskewda|def|1
|-unboost|p1a: Barraskewda|spd|1
|faint|p2a: Emolga
|
|upkeep
|
|t:|1618952858
|switch|p2a: Crobat|Crobat, M|84/100
|turn|31
|
|t:|1618952880
|switch|p1a: Darmanitan|Darmanitan, F|61/100
|move|p2a: Crobat|Brave Bird|p1a: Darmanitan
|-damage|p1a: Darmanitan|0 fnt
|-damage|p2a: Crobat|65/100|[from] Recoil
|faint|p1a: Darmanitan
|
|upkeep
|
|t:|1618952887
|switch|p1a: Mimikyu|Mimikyu, M|100/100
|turn|32
|
|t:|1618952902
|move|p2a: Crobat|Brave Bird|p1a: Mimikyu
|-activate|p1a: Mimikyu|ability: Disguise
|-damage|p1a: Mimikyu|100/100
|detailschange|p1a: Mimikyu|Mimikyu-Busted, M
|-damage|p1a: Mimikyu|88/100|[from] pokemon: Mimikyu-Busted
|move|p1a: Mimikyu|Swords Dance|p1a: Mimikyu
|-boost|p1a: Mimikyu|atk|2
|
|upkeep
|turn|33
|
|t:|1618952912
|move|p1a: Mimikyu|Shadow Sneak|p2a: Crobat
|-damage|p2a: Crobat|15/100
|-damage|p1a: Mimikyu|78/100|[from] item: Life Orb
|move|p2a: Crobat|Brave Bird|p1a: Mimikyu
|-damage|p1a: Mimikyu|20/100
|-damage|p2a: Crobat|2/100|[from] Recoil
|
|upkeep
|turn|34
|
|t:|1618952923
|switch|p2a: Zarude|Zarude|100/100
|move|p1a: Mimikyu|Shadow Sneak|p2a: Zarude
|-resisted|p2a: Zarude
|-damage|p2a: Zarude|81/100
|-damage|p1a: Mimikyu|10/100|[from] item: Life Orb
|
|upkeep
|turn|35
|
|t:|1618952929
|move|p2a: Zarude|Darkest Lariat|p1a: Mimikyu
|-damage|p1a: Mimikyu|0 fnt
|faint|p1a: Mimikyu
|
|upkeep
|
|t:|1618952934
|switch|p1a: Barraskewda|Barraskewda, M|72/100
|turn|36
|
|t:|1618952942
|switch|p2a: Crobat|Crobat, M|2/100
|move|p1a: Barraskewda|Liquidation|p2a: Crobat
|-damage|p2a: Crobat|0 fnt
|faint|p2a: Crobat
|
|upkeep
|
|t:|1618952949
|switch|p2a: Zarude|Zarude|81/100
|turn|37
|
|t:|1618952953
|move|p1a: Barraskewda|Liquidation|p2a: Zarude
|-resisted|p2a: Zarude
|-damage|p2a: Zarude|63/100
|move|p2a: Zarude|Power Whip|p1a: Barraskewda
|-supereffective|p1a: Barraskewda
|-damage|p1a: Barraskewda|0 fnt
|faint|p1a: Barraskewda
|
|win|Glidinganteater
|raw|JoeShmo88's rating: 1158 &rarr; <strong>1150</strong><br />(-8 for losing)
|raw|Glidinganteater's rating: 1434 &rarr; <strong>1441</strong><br />(+7 for winning)
|c|☆Glidinganteater|Gg
|l|☆JoeShmo88
