|j|‽Dumb420
|j|☆wave emoji
|t:|1607106937
|player|p1|Dumb420|169|1009
|player|p2|wave emoji|tuber-gen3|1120
|teamsize|p1|6
|teamsize|p2|6
|gametype|singles
|gen|8
|tier|[Gen 8] RU
|rated|
|clearpoke
|poke|p1|Golisopod, M|
|poke|p1|Toxtricity, M|
|poke|p1|Centiskorch, M|
|poke|p1|Trevenant, M|
|poke|p1|Copperajah, F|
|poke|p1|Grimmsnarl, M|
|poke|p2|Bronzong|
|poke|p2|Zygarde-10%|
|poke|p2|Suicune|
|poke|p2|Zarude|
|poke|p2|Togekiss, M|
|poke|p2|Conkeldurr, F|
|rule|Sleep Clause Mod: Limit one foe put to sleep
|rule|Species Clause: Limit one of each Pokémon
|rule|OHKO Clause: OHKO moves are banned
|rule|Evasion Moves Clause: Evasion moves are banned
|rule|Endless Battle Clause: Forcing endless battles is banned
|rule|HP Percentage Mod: HP is shown in percentages
|rule|Dynamax Clause: You cannot dynamax
|teampreview
|
|t:|1607106948
|start
|switch|p1a: Copperajah|Copperajah, F|100/100
|switch|p2a: Zarude|Zarude|100/100
|turn|1
|
|t:|1607106954
|move|p2a: Zarude|U-turn|p1a: Copperajah
|-resisted|p1a: Copperajah
|-damage|p1a: Copperajah|92/100
|
|t:|1607106956
|switch|p2a: Conkeldurr|Conkeldurr, F|100/100|[from]move: U-turn
|move|p1a: Copperajah|Heat Crash|p2a: Conkeldurr
|-damage|p2a: Conkeldurr|65/100
|
|-status|p2a: Conkeldurr|brn|[from] item: Flame Orb
|upkeep
|turn|2
|
|t:|1607106966
|move|p2a: Conkeldurr|Close Combat|p1a: Copperajah
|-supereffective|p1a: Copperajah
|-damage|p1a: Copperajah|0 fnt
|-unboost|p2a: Conkeldurr|def|1
|-unboost|p2a: Conkeldurr|spd|1
|faint|p1a: Copperajah
|
|-damage|p2a: Conkeldurr|59/100 brn|[from] brn
|upkeep
|
|t:|1607106979
|switch|p1a: Golisopod|Golisopod, M|100/100
|turn|3
|
|t:|1607106984
|switch|p2a: Suicune|Suicune|100/100
|-ability|p2a: Suicune|Pressure
|move|p1a: Golisopod|First Impression|p2a: Suicune
|-damage|p2a: Suicune|68/100
|
|-heal|p2a: Suicune|74/100|[from] item: Leftovers
|upkeep
|turn|4
|
|t:|1607106995
|switch|p2a: Zarude|Zarude|100/100
|switch|p1a: Toxtricity|Toxtricity, M|100/100
|
|upkeep
|turn|5
|
|t:|1607107003
|move|p2a: Zarude|U-turn|p1a: Toxtricity
|-resisted|p1a: Toxtricity
|-damage|p1a: Toxtricity|84/100
|
|t:|1607107004
|switch|p2a: Bronzong|Bronzong|100/100|[from]move: U-turn
|move|p1a: Toxtricity|Sludge Bomb|p2a: Bronzong
|-immune|p2a: Bronzong
|
|upkeep
|turn|6
|
|t:|1607107012
|move|p1a: Toxtricity|Overdrive|p2a: Bronzong
|-damage|p2a: Bronzong|71/100
|-enditem|p1a: Toxtricity|Throat Spray
|-boost|p1a: Toxtricity|spa|1|[from] item: Throat Spray
|move|p2a: Bronzong|Stealth Rock|p1a: Toxtricity
|-sidestart|p1: Dumb420|move: Stealth Rock
|
|-heal|p2a: Bronzong|77/100|[from] item: Leftovers
|upkeep
|turn|7
|
|t:|1607107021
|move|p2a: Bronzong|Protect|p2a: Bronzong
|-singleturn|p2a: Bronzong|Protect
|move|p1a: Toxtricity|Boomburst|p2a: Bronzong
|-activate|p2a: Bronzong|move: Protect
|
|-heal|p2a: Bronzong|84/100|[from] item: Leftovers
|upkeep
|turn|8
|
|t:|1607107027
|move|p1a: Toxtricity|Boomburst|p2a: Bronzong
|-resisted|p2a: Bronzong
|-damage|p2a: Bronzong|56/100
|move|p2a: Bronzong|Heavy Slam|p1a: Toxtricity
|-resisted|p1a: Toxtricity
|-damage|p1a: Toxtricity|62/100
|
|-heal|p2a: Bronzong|62/100|[from] item: Leftovers
|upkeep
|turn|9
|
|t:|1607107036
|move|p1a: Toxtricity|Boomburst|p2a: Bronzong
|-resisted|p2a: Bronzong
|-damage|p2a: Bronzong|35/100
|move|p2a: Bronzong|Heavy Slam|p1a: Toxtricity
|-resisted|p1a: Toxtricity
|-damage|p1a: Toxtricity|41/100
|
|-heal|p2a: Bronzong|41/100|[from] item: Leftovers
|upkeep
|turn|10
|
|t:|1607107043
|move|p2a: Bronzong|Protect|p2a: Bronzong
|-singleturn|p2a: Bronzong|Protect
|move|p1a: Toxtricity|Boomburst|p2a: Bronzong
|-activate|p2a: Bronzong|move: Protect
|
|-heal|p2a: Bronzong|47/100|[from] item: Leftovers
|upkeep
|turn|11
|
|t:|1607107050
|move|p1a: Toxtricity|Boomburst|p2a: Bronzong
|-resisted|p2a: Bronzong
|-damage|p2a: Bronzong|21/100
|move|p2a: Bronzong|Heavy Slam|p1a: Toxtricity
|-resisted|p1a: Toxtricity
|-damage|p1a: Toxtricity|20/100
|
|-heal|p2a: Bronzong|27/100|[from] item: Leftovers
|upkeep
|turn|12
|
|t:|1607107058
|move|p2a: Bronzong|Protect|p2a: Bronzong
|-singleturn|p2a: Bronzong|Protect
|move|p1a: Toxtricity|Boomburst|p2a: Bronzong
|-activate|p2a: Bronzong|move: Protect
|
|-heal|p2a: Bronzong|34/100|[from] item: Leftovers
|upkeep
|turn|13
|
|t:|1607107065
|move|p1a: Toxtricity|Boomburst|p2a: Bronzong
|-resisted|p2a: Bronzong
|-damage|p2a: Bronzong|5/100
|move|p2a: Bronzong|Heavy Slam|p1a: Toxtricity
|-resisted|p1a: Toxtricity
|-damage|p1a: Toxtricity|0 fnt
|faint|p1a: Toxtricity
|
|-heal|p2a: Bronzong|11/100|[from] item: Leftovers
|upkeep
|c|☆wave emoji|buddy
|c|☆wave emoji|just click overdrive
|
|t:|1607107073
|switch|p1a: Golisopod|Golisopod, M|100/100
|-damage|p1a: Golisopod|76/100|[from] Stealth Rock
|turn|14
|
|t:|1607107077
|move|p2a: Bronzong|Protect|p2a: Bronzong
|-singleturn|p2a: Bronzong|Protect
|move|p1a: Golisopod|First Impression|p2a: Bronzong
|-activate|p2a: Bronzong|move: Protect
|
|-heal|p2a: Bronzong|18/100|[from] item: Leftovers
|upkeep
|turn|15
|
|t:|1607107085
|move|p1a: Golisopod|Throat Chop|p2a: Bronzong
|-supereffective|p2a: Bronzong
|-damage|p2a: Bronzong|0 fnt
|faint|p2a: Bronzong
|
|upkeep
|
|t:|1607107103
|switch|p2a: Zarude|Zarude|100/100
|turn|16
|
|t:|1607107107
|move|p2a: Zarude|Darkest Lariat|p1a: Golisopod
|-damage|p1a: Golisopod|40/100
|-activate|p1a: Golisopod|ability: Emergency Exit
|
|t:|1607107111
|switch|p1a: Centiskorch|Centiskorch, M|100/100
|
|upkeep
|turn|17
|
|t:|1607107117
|switch|p2a: Togekiss|Togekiss, M|100/100
|move|p1a: Centiskorch|Fire Lash|p2a: Togekiss
|-damage|p2a: Togekiss|72/100
|-unboost|p2a: Togekiss|def|1
|
|upkeep
|turn|18
|
|t:|1607107124
|move|p2a: Togekiss|Air Slash|p1a: Centiskorch
|-supereffective|p1a: Centiskorch
|-damage|p1a: Centiskorch|37/100
|move|p1a: Centiskorch|Lunge|p2a: Togekiss
|-resisted|p2a: Togekiss
|-damage|p2a: Togekiss|61/100
|-unboost|p2a: Togekiss|atk|1
|
|upkeep
|turn|19
|-message|Dumb420 forfeited.
|
|win|wave emoji
|l|‽Dumb420
