|j|☆Glidinganteater
|j|☆Diego Gustavos
|t:|1622691404
|gametype|singles
|player|p1|Glidinganteater|palmer|1329
|player|p2|Diego Gustavos|buck|1418
|teamsize|p1|6
|teamsize|p2|6
|gen|8
|tier|[Gen 8] RU
|rated|
|rule|Sleep Clause Mod: Limit one foe put to sleep
|rule|Species Clause: Limit one of each Pokémon
|rule|OHKO Clause: OHKO moves are banned
|rule|Evasion Moves Clause: Evasion moves are banned
|rule|Endless Battle Clause: Forcing endless battles is banned
|rule|HP Percentage Mod: HP is shown in percentages
|rule|Dynamax Clause: You cannot dynamax
|clearpoke
|poke|p1|Cresselia, F|
|poke|p1|Diancie|
|poke|p1|Cobalion|
|poke|p1|Gastrodon, M|
|poke|p1|Golisopod, M|
|poke|p1|Dhelmise|
|poke|p2|Incineroar, M|
|poke|p2|Gardevoir, M|
|poke|p2|Sigilyph, M|
|poke|p2|Mimikyu, F|
|poke|p2|Gastrodon, F|
|poke|p2|Roserade, F|
|teampreview
|
|t:|1622691428
|start
|switch|p1a: Diancie|Diancie|100/100
|switch|p2a: Gastrodon|Gastrodon, F|100/100
|turn|1
|j| DYWY❀
|
|t:|1622691435
|move|p1a: Diancie|Toxic|p2a: Gastrodon
|-status|p2a: Gastrodon|tox
|move|p2a: Gastrodon|Toxic|p1a: Diancie
|-status|p1a: Diancie|tox
|
|-damage|p1a: Diancie|95/100 tox|[from] psn
|-damage|p2a: Gastrodon|94/100 tox|[from] psn
|upkeep
|turn|2
|
|t:|1622691444
|switch|p1a: Dhelmise|Dhelmise|100/100
|move|p2a: Gastrodon|Earth Power|p1a: Dhelmise
|-resisted|p1a: Dhelmise
|-damage|p1a: Dhelmise|85/100
|
|-heal|p2a: Gastrodon|100/100 tox|[from] item: Leftovers
|-damage|p2a: Gastrodon|88/100 tox|[from] psn
|upkeep
|turn|3
|
|t:|1622691456
|switch|p2a: Incineroar|Incineroar, M|100/100
|-ability|p2a: Incineroar|Intimidate|boost
|-unboost|p1a: Dhelmise|atk|1
|move|p1a: Dhelmise|Power Whip|p2a: Incineroar
|-resisted|p2a: Incineroar
|-damage|p2a: Incineroar|78/100
|
|-heal|p2a: Incineroar|84/100|[from] item: Leftovers
|upkeep
|turn|4
|
|t:|1622691466
|switch|p1a: Cobalion|Cobalion|100/100
|move|p2a: Incineroar|Knock Off|p1a: Cobalion
|-resisted|p1a: Cobalion
|-damage|p1a: Cobalion|78/100
|-damage|p2a: Incineroar|67/100|[from] item: Rocky Helmet|[of] p1a: Cobalion
|-ability|p1a: Cobalion|Justified|boost
|-boost|p1a: Cobalion|atk|1
|-enditem|p1a: Cobalion|Rocky Helmet|[from] move: Knock Off|[of] p2a: Incineroar
|
|-heal|p2a: Incineroar|73/100|[from] item: Leftovers
|upkeep
|turn|5
|
|t:|1622691481
|move|p1a: Cobalion|Close Combat|p2a: Incineroar
|-supereffective|p2a: Incineroar
|-damage|p2a: Incineroar|0 fnt
|-unboost|p1a: Cobalion|def|1
|-unboost|p1a: Cobalion|spd|1
|faint|p2a: Incineroar
|
|upkeep
|
|t:|1622691488
|switch|p2a: Mimikyu|Mimikyu, F|100/100
|turn|6
|
|t:|1622691494
|move|p1a: Cobalion|Volt Switch|p2a: Mimikyu
|-activate|p2a: Mimikyu|ability: Disguise
|-damage|p2a: Mimikyu|100/100
|detailschange|p2a: Mimikyu|Mimikyu-Busted, F
|-damage|p2a: Mimikyu|88/100|[from] pokemon: Mimikyu-Busted
|
|t:|1622691506
|switch|p1a: Golisopod|Golisopod, M|100/100|[from]move: Volt Switch
|move|p2a: Mimikyu|Swords Dance|p2a: Mimikyu
|-boost|p2a: Mimikyu|atk|2
|
|upkeep
|turn|7
|
|t:|1622691513
|move|p1a: Golisopod|First Impression|p2a: Mimikyu
|-resisted|p2a: Mimikyu
|-damage|p2a: Mimikyu|67/100
|move|p2a: Mimikyu|Play Rough|p1a: Golisopod
|-crit|p1a: Golisopod
|-damage|p1a: Golisopod|0 fnt
|faint|p1a: Golisopod
|-damage|p2a: Mimikyu|57/100|[from] item: Life Orb
|
|upkeep
|
|t:|1622691517
|switch|p1a: Cobalion|Cobalion|78/100
|turn|8
|
|t:|1622691526
|move|p2a: Mimikyu|Shadow Sneak|p1a: Cobalion
|-damage|p1a: Cobalion|45/100
|-damage|p2a: Mimikyu|47/100|[from] item: Life Orb
|move|p1a: Cobalion|Iron Head|p2a: Mimikyu
|-supereffective|p2a: Mimikyu
|-damage|p2a: Mimikyu|0 fnt
|faint|p2a: Mimikyu
|
|upkeep
|
|t:|1622691535
|switch|p2a: Sigilyph|Sigilyph, M|100/100
|turn|9
|
|t:|1622691541
|move|p1a: Cobalion|Volt Switch|p2a: Sigilyph
|-supereffective|p2a: Sigilyph
|-damage|p2a: Sigilyph|63/100
|
|t:|1622691545
|switch|p1a: Diancie|Diancie|95/100 tox|[from]move: Volt Switch
|move|p2a: Sigilyph|Heat Wave|p1a: Diancie
|-resisted|p1a: Diancie
|-damage|p1a: Diancie|86/100 tox
|
|-heal|p1a: Diancie|92/100 tox|[from] item: Leftovers
|-damage|p1a: Diancie|86/100 tox|[from] psn
|upkeep
|turn|10
|
|t:|1622691556
|move|p2a: Sigilyph|Energy Ball|p1a: Diancie
|-supereffective|p1a: Diancie
|-damage|p1a: Diancie|54/100 tox
|move|p1a: Diancie|Heal Bell|p1a: Diancie
|-activate|p1a: Diancie|move: Heal Bell
|-curestatus|p1a: Diancie|tox|[msg]
|
|-heal|p1a: Diancie|60/100|[from] item: Leftovers
|upkeep
|turn|11
|
|t:|1622691566
|move|p2a: Sigilyph|Psychic|p1a: Diancie
|-damage|p1a: Diancie|33/100
|move|p1a: Diancie|Diamond Storm|p2a: Sigilyph
|-supereffective|p2a: Sigilyph
|-damage|p2a: Sigilyph|0 fnt
|-boost|p1a: Diancie|def|2
|faint|p2a: Sigilyph
|
|-heal|p1a: Diancie|39/100|[from] item: Leftovers
|upkeep
|
|t:|1622691577
|switch|p2a: Gardevoir|Gardevoir, M|100/100
|turn|12
|
|t:|1622691584
|move|p2a: Gardevoir|Moonblast|p1a: Diancie
|-damage|p1a: Diancie|10/100
|move|p1a: Diancie|Diamond Storm|p2a: Gardevoir
|-damage|p2a: Gardevoir|41/100
|-boost|p1a: Diancie|def|2
|
|-heal|p1a: Diancie|16/100|[from] item: Leftovers
|upkeep
|turn|13
|
|t:|1622691594
|move|p2a: Gardevoir|Moonblast|p1a: Diancie
|-damage|p1a: Diancie|0 fnt
|faint|p1a: Diancie
|
|upkeep
|
|t:|1622691598
|switch|p1a: Cobalion|Cobalion|45/100
|turn|14
|
|t:|1622691602
|move|p2a: Gardevoir|Moonblast|p1a: Cobalion
|-damage|p1a: Cobalion|0 fnt
|faint|p1a: Cobalion
|
|upkeep
|
|t:|1622691605
|switch|p1a: Cresselia|Cresselia, F, shiny|100/100
|turn|15
|
|t:|1622691609
|switch|p2a: Gastrodon|Gastrodon, F|88/100 tox
|move|p1a: Cresselia|Calm Mind|p1a: Cresselia
|-boost|p1a: Cresselia|spa|1
|-boost|p1a: Cresselia|spd|1
|
|-heal|p2a: Gastrodon|94/100 tox|[from] item: Leftovers
|-damage|p2a: Gastrodon|88/100 tox|[from] psn
|upkeep
|turn|16
|
|t:|1622691619
|switch|p2a: Gardevoir|Gardevoir, M|41/100
|move|p1a: Cresselia|Substitute|p1a: Cresselia
|-start|p1a: Cresselia|Substitute
|-damage|p1a: Cresselia|75/100
|
|-heal|p1a: Cresselia|82/100|[from] item: Leftovers
|upkeep
|turn|17
|
|t:|1622691628
|move|p2a: Gardevoir|Trick||[still]
|-fail|p2a: Gardevoir
|move|p1a: Cresselia|Calm Mind|p1a: Cresselia
|-boost|p1a: Cresselia|spa|1
|-boost|p1a: Cresselia|spd|1
|
|-heal|p1a: Cresselia|88/100|[from] item: Leftovers
|upkeep
|turn|18
|-message|Diego Gustavos forfeited.
|
|win|Glidinganteater
|raw|Glidinganteater's rating: 1329 &rarr; <strong>1354</strong><br />(+25 for winning)
|raw|Diego Gustavos's rating: 1418 &rarr; <strong>1393</strong><br />(-25 for losing)
|l|☆Diego Gustavos
|l| DYWY❀
