|j|☆h2otogo2
|j|☆lighthouses
|player|p1|h2otogo2|170|1510
|player|p2|lighthouses|tuberf|1553
|teamsize|p1|6
|teamsize|p2|6
|gametype|singles
|gen|8
|tier|[Gen 8] RU
|rated|
|clearpoke
|poke|p1|Pangoro, F|
|poke|p1|Dhelmise|
|poke|p1|Salazzle, F|
|poke|p1|Jolteon, F|
|poke|p1|Gastrodon, F|
|poke|p1|Steelix, F|
|poke|p2|Salazzle, F|
|poke|p2|Indeedee-F, F|
|poke|p2|Gurdurr, F|
|poke|p2|Mudsdale, M|
|poke|p2|Goodra, F|
|poke|p2|Rotom|
|rule|Sleep Clause Mod: Limit one foe put to sleep
|rule|Species Clause: Limit one of each Pokémon
|rule|OHKO Clause: OHKO moves are banned
|rule|Evasion Moves Clause: Evasion moves are banned
|rule|Endless Battle Clause: Forcing endless battles is banned
|rule|HP Percentage Mod: HP is shown in percentages
|rule|Dynamax Clause: You cannot dynamax
|teampreview
|inactive|Battle timer is ON: inactive players will automatically lose when time's up. (requested by lighthouses)
|
|start
|switch|p1a: Dhelmise|Dhelmise|100/100
|switch|p2a: Indeedee|Indeedee-F, F|100/100
|-fieldstart|move: Psychic Terrain|[from] ability: Psychic Surge|[of] p2a: Indeedee
|turn|1
|inactive|h2otogo2 has 120 seconds left.
|
|move|p2a: Indeedee|Shadow Ball|p1a: Dhelmise
|-supereffective|p1a: Dhelmise
|-damage|p1a: Dhelmise|67/100
|move|p1a: Dhelmise|Anchor Shot|p2a: Indeedee
|-damage|p2a: Indeedee|37/100
|-activate|p2a: Indeedee|trapped
|
|upkeep
|turn|2
|
|move|p2a: Indeedee|Shadow Ball|p1a: Dhelmise
|-supereffective|p1a: Dhelmise
|-damage|p1a: Dhelmise|36/100
|move|p1a: Dhelmise|Anchor Shot|p2a: Indeedee
|-damage|p2a: Indeedee|0 fnt
|faint|p2a: Indeedee
|
|upkeep
|
|switch|p2a: Salazzle|Salazzle, F|100/100
|turn|3
|
|move|p2a: Salazzle|Toxic|p1a: Dhelmise
|-status|p1a: Dhelmise|tox
|move|p1a: Dhelmise|Earthquake|p2a: Salazzle
|-supereffective|p2a: Salazzle
|-damage|p2a: Salazzle|0 fnt
|faint|p2a: Salazzle
|
|-damage|p1a: Dhelmise|30/100 tox|[from] psn
|upkeep
|
|switch|p2a: Rotom|Rotom|100/100
|turn|4
|
|move|p2a: Rotom|Shadow Ball|p1a: Dhelmise
|-supereffective|p1a: Dhelmise
|-damage|p1a: Dhelmise|0 fnt
|faint|p1a: Dhelmise
|
|upkeep
|
|switch|p1a: Salazzle|Salazzle, F|100/100
|turn|5
|
|switch|p2a: Goodra|Goodra, F|100/100
|move|p1a: Salazzle|Substitute|p1a: Salazzle
|-start|p1a: Salazzle|Substitute
|-damage|p1a: Salazzle|76/100
|
|-heal|p1a: Salazzle|82/100|[from] item: Black Sludge
|-fieldend|move: Psychic Terrain
|upkeep
|turn|6
|
|move|p1a: Salazzle|Protect|p1a: Salazzle
|-singleturn|p1a: Salazzle|Protect
|move|p2a: Goodra|Earthquake|p1a: Salazzle
|-activate|p1a: Salazzle|move: Protect
|
|-heal|p1a: Salazzle|88/100|[from] item: Black Sludge
|upkeep
|turn|7
|
|move|p2a: Goodra|Earthquake|p1a: Salazzle
|-supereffective|p1a: Salazzle
|-end|p1a: Salazzle|Substitute
|move|p1a: Salazzle|Toxic|p2a: Goodra
|-status|p2a: Goodra|tox
|
|-heal|p1a: Salazzle|94/100|[from] item: Black Sludge
|-damage|p2a: Goodra|94/100 tox|[from] psn
|upkeep
|turn|8
|
|switch|p2a: Mudsdale|Mudsdale, M|100/100
|move|p1a: Salazzle|Protect||[still]
|-fail|p1a: Salazzle
|
|-heal|p1a: Salazzle|100/100|[from] item: Black Sludge
|upkeep
|turn|9
|
|switch|p1a: Pangoro|Pangoro, F|100/100
|move|p2a: Mudsdale|Stealth Rock|p1a: Pangoro
|-sidestart|p1: h2otogo2|move: Stealth Rock
|
|upkeep
|turn|10
|inactive|h2otogo2 has 120 seconds left.
|
|move|p1a: Pangoro|Close Combat|p2a: Mudsdale
|-damage|p2a: Mudsdale|36/100
|-unboost|p1a: Pangoro|def|1
|-unboost|p1a: Pangoro|spd|1
|-ability|p2a: Mudsdale|Stamina|boost
|-boost|p2a: Mudsdale|def|1
|move|p2a: Mudsdale|Body Press|p1a: Pangoro
|-supereffective|p1a: Pangoro
|-damage|p1a: Pangoro|0 fnt
|faint|p1a: Pangoro
|
|-heal|p2a: Mudsdale|43/100|[from] item: Leftovers
|upkeep
|inactive|h2otogo2 has 90 seconds left.
|
|switch|p1a: Gastrodon|Gastrodon, F|100/100
|-damage|p1a: Gastrodon|94/100|[from] Stealth Rock
|turn|11
|
|switch|p2a: Gurdurr|Gurdurr, F|100/100
|move|p1a: Gastrodon|Scald|p2a: Gurdurr
|-damage|p2a: Gurdurr|72/100
|
|-heal|p1a: Gastrodon|100/100|[from] item: Leftovers
|upkeep
|turn|12
|
|move|p2a: Gurdurr|Drain Punch|p1a: Gastrodon
|-damage|p1a: Gastrodon|74/100
|-heal|p2a: Gurdurr|87/100|[from] drain|[of] p1a: Gastrodon
|move|p1a: Gastrodon|Scald|p2a: Gurdurr
|-damage|p2a: Gurdurr|61/100
|
|-heal|p1a: Gastrodon|81/100|[from] item: Leftovers
|upkeep
|turn|13
|
|move|p2a: Gurdurr|Drain Punch|p1a: Gastrodon
|-damage|p1a: Gastrodon|55/100
|-heal|p2a: Gurdurr|76/100|[from] drain|[of] p1a: Gastrodon
|move|p1a: Gastrodon|Ice Beam|p2a: Gurdurr
|-damage|p2a: Gurdurr|55/100
|
|-heal|p1a: Gastrodon|61/100|[from] item: Leftovers
|upkeep
|turn|14
|
|move|p2a: Gurdurr|Drain Punch|p1a: Gastrodon
|-crit|p1a: Gastrodon
|-damage|p1a: Gastrodon|23/100
|-heal|p2a: Gurdurr|76/100|[from] drain|[of] p1a: Gastrodon
|move|p1a: Gastrodon|Recover|p1a: Gastrodon
|-heal|p1a: Gastrodon|73/100
|
|-heal|p1a: Gastrodon|79/100|[from] item: Leftovers
|upkeep
|turn|15
|
|move|p2a: Gurdurr|Drain Punch|p1a: Gastrodon
|-damage|p1a: Gastrodon|54/100
|-heal|p2a: Gurdurr|90/100|[from] drain|[of] p1a: Gastrodon
|move|p1a: Gastrodon|Ice Beam|p2a: Gurdurr
|-damage|p2a: Gurdurr|69/100
|
|-heal|p1a: Gastrodon|60/100|[from] item: Leftovers
|upkeep
|turn|16
|
|switch|p2a: Rotom|Rotom|100/100
|move|p1a: Gastrodon|Recover|p1a: Gastrodon
|-heal|p1a: Gastrodon|100/100
|
|upkeep
|turn|17
|
|move|p2a: Rotom|Shadow Ball|p1a: Gastrodon
|-damage|p1a: Gastrodon|51/100
|-unboost|p1a: Gastrodon|spd|1
|move|p1a: Gastrodon|Scald|p2a: Rotom
|-damage|p2a: Rotom|57/100
|
|-heal|p1a: Gastrodon|57/100|[from] item: Leftovers
|upkeep
|turn|18
|
|switch|p1a: Steelix|Steelix, F|100/100
|-damage|p1a: Steelix|97/100|[from] Stealth Rock
|move|p2a: Rotom|Shadow Ball|p1a: Steelix
|-damage|p1a: Steelix|31/100
|-unboost|p1a: Steelix|spd|1
|
|-heal|p1a: Steelix|38/100|[from] item: Leftovers
|upkeep
|turn|19
|
|move|p2a: Rotom|Shadow Ball|p1a: Steelix
|-damage|p1a: Steelix|0 fnt
|faint|p1a: Steelix
|
|upkeep
|
|switch|p1a: Salazzle|Salazzle, F|100/100
|-damage|p1a: Salazzle|76/100|[from] Stealth Rock
|turn|20
|
|switch|p2a: Goodra|Goodra, F|94/100 tox
|move|p1a: Salazzle|Toxic|p2a: Goodra
|-fail|p2a: Goodra|tox
|
|-heal|p1a: Salazzle|82/100|[from] item: Black Sludge
|-damage|p2a: Goodra|88/100 tox|[from] psn
|upkeep
|turn|21
|
|move|p1a: Salazzle|Protect|p1a: Salazzle
|-singleturn|p1a: Salazzle|Protect
|move|p2a: Goodra|Earthquake|p1a: Salazzle
|-activate|p1a: Salazzle|move: Protect
|
|-heal|p1a: Salazzle|88/100|[from] item: Black Sludge
|-damage|p2a: Goodra|76/100 tox|[from] psn
|upkeep
|turn|22
|
|switch|p1a: Gastrodon|Gastrodon, F|57/100
|-damage|p1a: Gastrodon|51/100|[from] Stealth Rock
|move|p2a: Goodra|Earthquake|p1a: Gastrodon
|-damage|p1a: Gastrodon|34/100
|
|-heal|p1a: Gastrodon|40/100|[from] item: Leftovers
|-damage|p2a: Goodra|57/100 tox|[from] psn
|upkeep
|turn|23
|
|switch|p2a: Rotom|Rotom|57/100
|move|p1a: Gastrodon|Recover|p1a: Gastrodon
|-heal|p1a: Gastrodon|90/100
|
|-heal|p1a: Gastrodon|96/100|[from] item: Leftovers
|upkeep
|turn|24
|
|switch|p1a: Salazzle|Salazzle, F|88/100
|-damage|p1a: Salazzle|63/100|[from] Stealth Rock
|move|p2a: Rotom|Shadow Ball|p1a: Salazzle
|-damage|p1a: Salazzle|0 fnt
|faint|p1a: Salazzle
|
|upkeep
|
|switch|p1a: Jolteon|Jolteon, F|100/100
|-damage|p1a: Jolteon|88/100|[from] Stealth Rock
|turn|25
|
|switch|p2a: Mudsdale|Mudsdale, M|43/100
|move|p1a: Jolteon|Shadow Ball|p2a: Mudsdale
|-damage|p2a: Mudsdale|12/100
|-ability|p2a: Mudsdale|Stamina|boost
|-boost|p2a: Mudsdale|def|1
|-damage|p1a: Jolteon|78/100|[from] item: Life Orb
|
|-heal|p2a: Mudsdale|18/100|[from] item: Leftovers
|upkeep
|turn|26
|
|move|p1a: Jolteon|Shadow Ball|p2a: Mudsdale
|-damage|p2a: Mudsdale|0 fnt
|-damage|p1a: Jolteon|68/100|[from] item: Life Orb
|faint|p2a: Mudsdale
|
|upkeep
|
|switch|p2a: Goodra|Goodra, F|57/100 tox
|turn|27
|
|switch|p1a: Gastrodon|Gastrodon, F|96/100
|-damage|p1a: Gastrodon|90/100|[from] Stealth Rock
|move|p2a: Goodra|Draco Meteor|p1a: Gastrodon
|-damage|p1a: Gastrodon|31/100
|-unboost|p2a: Goodra|spa|2
|
|-heal|p1a: Gastrodon|37/100|[from] item: Leftovers
|-damage|p2a: Goodra|51/100 tox|[from] psn
|upkeep
|turn|28
|
|switch|p2a: Rotom|Rotom|57/100
|move|p1a: Gastrodon|Recover|p1a: Gastrodon
|-heal|p1a: Gastrodon|87/100
|
|-heal|p1a: Gastrodon|93/100|[from] item: Leftovers
|upkeep
|turn|29
|
|move|p2a: Rotom|Shadow Ball|p1a: Gastrodon
|-damage|p1a: Gastrodon|49/100
|move|p1a: Gastrodon|Recover|p1a: Gastrodon
|-heal|p1a: Gastrodon|99/100
|
|-heal|p1a: Gastrodon|100/100|[from] item: Leftovers
|upkeep
|turn|30
|
|move|p2a: Rotom|Shadow Ball|p1a: Gastrodon
|-damage|p1a: Gastrodon|52/100
|move|p1a: Gastrodon|Scald|p2a: Rotom
|-damage|p2a: Rotom|10/100
|
|-heal|p1a: Gastrodon|58/100|[from] item: Leftovers
|upkeep
|turn|31
|
|move|p2a: Rotom|Shadow Ball|p1a: Gastrodon
|-damage|p1a: Gastrodon|10/100
|move|p1a: Gastrodon|Recover|p1a: Gastrodon
|-heal|p1a: Gastrodon|60/100
|
|-heal|p1a: Gastrodon|66/100|[from] item: Leftovers
|upkeep
|turn|32
|
|move|p2a: Rotom|Shadow Ball|p1a: Gastrodon
|-damage|p1a: Gastrodon|18/100
|move|p1a: Gastrodon|Recover|p1a: Gastrodon
|-heal|p1a: Gastrodon|68/100
|
|-heal|p1a: Gastrodon|74/100|[from] item: Leftovers
|upkeep
|turn|33
|
|move|p2a: Rotom|Shadow Ball|p1a: Gastrodon
|-damage|p1a: Gastrodon|26/100
|move|p1a: Gastrodon|Recover|p1a: Gastrodon
|-heal|p1a: Gastrodon|76/100
|
|-heal|p1a: Gastrodon|82/100|[from] item: Leftovers
|upkeep
|turn|34
|
|move|p2a: Rotom|Shadow Ball|p1a: Gastrodon
|-damage|p1a: Gastrodon|36/100
|move|p1a: Gastrodon|Scald|p2a: Rotom
|-damage|p2a: Rotom|0 fnt
|faint|p2a: Rotom
|
|-heal|p1a: Gastrodon|42/100|[from] item: Leftovers
|upkeep
|j|+Feliburn
|
|switch|p2a: Goodra|Goodra, F|51/100 tox
|turn|35
|
|switch|p1a: Jolteon|Jolteon, F|68/100
|-damage|p1a: Jolteon|56/100|[from] Stealth Rock
|move|p2a: Goodra|Draco Meteor|p1a: Jolteon
|-damage|p1a: Jolteon|0 fnt
|-unboost|p2a: Goodra|spa|2
|faint|p1a: Jolteon
|
|-damage|p2a: Goodra|44/100 tox|[from] psn
|upkeep
|
|switch|p1a: Gastrodon|Gastrodon, F|42/100
|-damage|p1a: Gastrodon|36/100|[from] Stealth Rock
|turn|36
|
|switch|p2a: Gurdurr|Gurdurr, F|69/100
|move|p1a: Gastrodon|Recover|p1a: Gastrodon
|-heal|p1a: Gastrodon|86/100
|
|-heal|p1a: Gastrodon|92/100|[from] item: Leftovers
|upkeep
|turn|37
|inactive|h2otogo2 has 120 seconds left.
|inactive|h2otogo2 has 90 seconds left.
|
|move|p2a: Gurdurr|Drain Punch|p1a: Gastrodon
|-damage|p1a: Gastrodon|64/100
|-heal|p2a: Gurdurr|86/100|[from] drain|[of] p1a: Gastrodon
|move|p1a: Gastrodon|Ice Beam|p2a: Gurdurr
|-damage|p2a: Gurdurr|65/100
|
|-heal|p1a: Gastrodon|70/100|[from] item: Leftovers
|upkeep
|turn|38
|
|move|p2a: Gurdurr|Drain Punch|p1a: Gastrodon
|-damage|p1a: Gastrodon|42/100
|-heal|p2a: Gurdurr|82/100|[from] drain|[of] p1a: Gastrodon
|move|p1a: Gastrodon|Ice Beam|p2a: Gurdurr
|-damage|p2a: Gurdurr|60/100
|
|-heal|p1a: Gastrodon|48/100|[from] item: Leftovers
|upkeep
|turn|39
|
|move|p2a: Gurdurr|Drain Punch|p1a: Gastrodon
|-damage|p1a: Gastrodon|21/100
|-heal|p2a: Gurdurr|75/100|[from] drain|[of] p1a: Gastrodon
|move|p1a: Gastrodon|Recover|p1a: Gastrodon
|-heal|p1a: Gastrodon|71/100
|
|-heal|p1a: Gastrodon|77/100|[from] item: Leftovers
|upkeep
|turn|40
|
|move|p2a: Gurdurr|Drain Punch|p1a: Gastrodon
|-damage|p1a: Gastrodon|53/100
|-heal|p2a: Gurdurr|89/100|[from] drain|[of] p1a: Gastrodon
|move|p1a: Gastrodon|Ice Beam|p2a: Gurdurr
|-damage|p2a: Gurdurr|69/100
|
|-heal|p1a: Gastrodon|59/100|[from] item: Leftovers
|upkeep
|turn|41
|
|move|p2a: Gurdurr|Drain Punch|p1a: Gastrodon
|-damage|p1a: Gastrodon|33/100
|-heal|p2a: Gurdurr|84/100|[from] drain|[of] p1a: Gastrodon
|move|p1a: Gastrodon|Ice Beam|p2a: Gurdurr
|-damage|p2a: Gurdurr|63/100
|
|-heal|p1a: Gastrodon|39/100|[from] item: Leftovers
|upkeep
|turn|42
|
|move|p2a: Gurdurr|Drain Punch|p1a: Gastrodon
|-damage|p1a: Gastrodon|11/100
|-heal|p2a: Gurdurr|79/100|[from] drain|[of] p1a: Gastrodon
|move|p1a: Gastrodon|Recover|p1a: Gastrodon
|-heal|p1a: Gastrodon|61/100
|
|-heal|p1a: Gastrodon|67/100|[from] item: Leftovers
|upkeep
|turn|43
|
|move|p2a: Gurdurr|Drain Punch|p1a: Gastrodon
|-damage|p1a: Gastrodon|39/100
|-heal|p2a: Gurdurr|95/100|[from] drain|[of] p1a: Gastrodon
|move|p1a: Gastrodon|Ice Beam|p2a: Gurdurr
|-damage|p2a: Gurdurr|73/100
|
|-heal|p1a: Gastrodon|45/100|[from] item: Leftovers
|upkeep
|turn|44
|
|move|p2a: Gurdurr|Drain Punch|p1a: Gastrodon
|-damage|p1a: Gastrodon|16/100
|-heal|p2a: Gurdurr|90/100|[from] drain|[of] p1a: Gastrodon
|move|p1a: Gastrodon|Recover|p1a: Gastrodon
|-heal|p1a: Gastrodon|66/100
|
|-heal|p1a: Gastrodon|72/100|[from] item: Leftovers
|upkeep
|turn|45
|
|move|p2a: Gurdurr|Drain Punch|p1a: Gastrodon
|-damage|p1a: Gastrodon|43/100
|-heal|p2a: Gurdurr|100/100|[from] drain|[of] p1a: Gastrodon
|move|p1a: Gastrodon|Ice Beam|p2a: Gurdurr
|-damage|p2a: Gurdurr|79/100
|
|-heal|p1a: Gastrodon|50/100|[from] item: Leftovers
|upkeep
|turn|46
|
|move|p2a: Gurdurr|Drain Punch|p1a: Gastrodon
|-damage|p1a: Gastrodon|22/100
|-heal|p2a: Gurdurr|95/100|[from] drain|[of] p1a: Gastrodon
|move|p1a: Gastrodon|Recover|p1a: Gastrodon
|-heal|p1a: Gastrodon|72/100
|
|-heal|p1a: Gastrodon|78/100|[from] item: Leftovers
|upkeep
|turn|47
|
|move|p2a: Gurdurr|Drain Punch|p1a: Gastrodon
|-damage|p1a: Gastrodon|50/100
|-heal|p2a: Gurdurr|100/100|[from] drain|[of] p1a: Gastrodon
|move|p1a: Gastrodon|Ice Beam|p2a: Gurdurr
|-damage|p2a: Gurdurr|78/100
|
|-heal|p1a: Gastrodon|56/100|[from] item: Leftovers
|upkeep
|turn|48
|
|move|p2a: Gurdurr|Drain Punch|p1a: Gastrodon
|-damage|p1a: Gastrodon|29/100
|-heal|p2a: Gurdurr|94/100|[from] drain|[of] p1a: Gastrodon
|move|p1a: Gastrodon|Ice Beam|p2a: Gurdurr
|-damage|p2a: Gurdurr|72/100
|-status|p2a: Gurdurr|frz
|
|-heal|p1a: Gastrodon|35/100|[from] item: Leftovers
|upkeep
|turn|49
|
|cant|p2a: Gurdurr|frz
|move|p1a: Gastrodon|Recover|p1a: Gastrodon
|-heal|p1a: Gastrodon|85/100
|
|-heal|p1a: Gastrodon|91/100|[from] item: Leftovers
|upkeep
|turn|50
|
|cant|p2a: Gurdurr|frz
|move|p1a: Gastrodon|Ice Beam|p2a: Gurdurr
|-damage|p2a: Gurdurr|53/100 frz
|
|-heal|p1a: Gastrodon|97/100|[from] item: Leftovers
|upkeep
|turn|51
|
|cant|p2a: Gurdurr|frz
|move|p1a: Gastrodon|Ice Beam|p2a: Gurdurr
|-damage|p2a: Gurdurr|31/100 frz
|
|-heal|p1a: Gastrodon|100/100|[from] item: Leftovers
|upkeep
|turn|52
|
|cant|p2a: Gurdurr|frz
|move|p1a: Gastrodon|Ice Beam|p2a: Gurdurr
|-damage|p2a: Gurdurr|11/100 frz
|
|upkeep
|turn|53
|
|cant|p2a: Gurdurr|frz
|move|p1a: Gastrodon|Ice Beam|p2a: Gurdurr
|-damage|p2a: Gurdurr|0 fnt
|faint|p2a: Gurdurr
|
|upkeep
|
|switch|p2a: Goodra|Goodra, F|44/100 tox
|turn|54
|
|move|p2a: Goodra|Draco Meteor|p1a: Gastrodon
|-damage|p1a: Gastrodon|40/100
|-unboost|p2a: Goodra|spa|2
|move|p1a: Gastrodon|Recover|p1a: Gastrodon
|-heal|p1a: Gastrodon|90/100
|
|-heal|p1a: Gastrodon|96/100|[from] item: Leftovers
|-damage|p2a: Goodra|38/100 tox|[from] psn
|upkeep
|turn|55
|
|move|p2a: Goodra|Draco Meteor|p1a: Gastrodon|[miss]
|-miss|p2a: Goodra|p1a: Gastrodon
|move|p1a: Gastrodon|Ice Beam|p2a: Goodra
|-supereffective|p2a: Goodra
|-damage|p2a: Goodra|9/100 tox
|
|-heal|p1a: Gastrodon|100/100|[from] item: Leftovers
|-damage|p2a: Goodra|0 fnt|[from] psn
|faint|p2a: Goodra
|
|win|h2otogo2
|upkeep
|raw|h2otogo2's rating: 1510 &rarr; <strong>1533</strong><br />(+23 for winning)
|raw|lighthouses's rating: 1554 &rarr; <strong>1531</strong><br />(-23 for losing)
|l|☆lighthouses
