|j|☆DDD Reveal
|j|☆mushamu
|t:|1616125672
|player|p1|DDD Reveal|workerice|
|player|p2|mushamu|nate|
|teamsize|p1|6
|teamsize|p2|6
|gametype|singles
|gen|8
|tier|[Gen 8] RU
|rated|Tournament battle
|clearpoke
|poke|p1|Glastrier|
|poke|p1|Starmie|
|poke|p1|Toxicroak, F|
|poke|p1|Snorlax, F|
|poke|p1|Noivern, F|
|poke|p1|Steelix, M|
|poke|p2|Xurkitree|
|poke|p2|Mienshao, F|
|poke|p2|Gastrodon-East, M|
|poke|p2|Togekiss, M|
|poke|p2|Stakataka|
|poke|p2|Roserade, M|
|rule|Sleep Clause Mod: Limit one foe put to sleep
|rule|Species Clause: Limit one of each Pokémon
|rule|OHKO Clause: OHKO moves are banned
|rule|Evasion Moves Clause: Evasion moves are banned
|rule|Endless Battle Clause: Forcing endless battles is banned
|rule|HP Percentage Mod: HP is shown in percentages
|rule|Dynamax Clause: You cannot dynamax
|teampreview
|j|*Lady Monita
|c|☆mushamu|hf
|j| Yitanx
|j| xHys
|inactive|Battle timer is ON: inactive players will automatically lose when time's up. (requested by mushamu)
|j| Phantomistix
|j| ShadowBringer407
|j| JewelTemptation
|j| TeamCharm69
|c|☆DDD Reveal|hf
|c| Phantomistix|glhf every1
|j| CaptainTundra
|
|t:|1616125699
|start
|switch|p1a: Noivern|Noivern, F|100/100
|switch|p2a: Xurkitree|Xurkitree|100/100
|turn|1
|
|t:|1616125705
|switch|p2a: Mienshao|Mienshao, F|100/100
|switch|p1a: Steelix|Steelix, M|100/100
|
|upkeep
|turn|2
|
|t:|1616125710
|switch|p1a: Noivern|Noivern, F|100/100
|move|p2a: Mienshao|Knock Off|p1a: Noivern
|-crit|p1a: Noivern
|-damage|p1a: Noivern|29/100
|-enditem|p1a: Noivern|Heavy-Duty Boots|[from] move: Knock Off|[of] p2a: Mienshao
|-damage|p2a: Mienshao|91/100|[from] item: Life Orb
|
|upkeep
|turn|3
|
|t:|1616125717
|switch|p2a: Stakataka|Stakataka|100/100
|move|p1a: Noivern|Roost|p1a: Noivern
|-heal|p1a: Noivern|79/100
|-singleturn|p1a: Noivern|move: Roost
|
|upkeep
|turn|4
|c| CaptainTundra|lol wut
|
|t:|1616125720
|switch|p2a: Xurkitree|Xurkitree|100/100
|move|p1a: Noivern|U-turn|p2a: Xurkitree
|-damage|p2a: Xurkitree|84/100
|
|t:|1616125725
|switch|p1a: Steelix|Steelix, M|100/100|[from]move: U-turn
|
|upkeep
|turn|5
|
|t:|1616125727
|switch|p2a: Mienshao|Mienshao, F|100/100
|move|p1a: Steelix|Stealth Rock|p2a: Mienshao
|-sidestart|p2: mushamu|move: Stealth Rock
|
|upkeep
|turn|6
|
|t:|1616125733
|switch|p1a: Noivern|Noivern, F|79/100
|move|p2a: Mienshao|U-turn|p1a: Noivern
|-resisted|p1a: Noivern
|-damage|p1a: Noivern|62/100
|-damage|p2a: Mienshao|91/100|[from] item: Life Orb
|
|t:|1616125735
|switch|p2a: Stakataka|Stakataka|100/100|[from]move: U-turn
|-damage|p2a: Stakataka|94/100|[from] Stealth Rock
|
|-heal|p2a: Stakataka|100/100|[from] item: Leftovers
|upkeep
|turn|7
|
|t:|1616125739
|move|p1a: Noivern|U-turn|p2a: Stakataka
|-resisted|p2a: Stakataka
|-damage|p2a: Stakataka|98/100
|j| Rahul_3301
|l| Rahul_3301
|
|t:|1616125750
|switch|p1a: Starmie|Starmie|100/100|[from]move: U-turn
|move|p2a: Stakataka|Stealth Rock|p1a: Starmie
|-sidestart|p1: DDD Reveal|move: Stealth Rock
|
|-heal|p2a: Stakataka|100/100|[from] item: Leftovers
|upkeep
|turn|8
|j| The One Who Is
|
|t:|1616125769
|switch|p2a: Roserade|Roserade, M|100/100
|move|p1a: Starmie|Rapid Spin|p2a: Roserade
|-damage|p2a: Roserade|79/100
|-boost|p1a: Starmie|spe|1
|-sideend|p1: DDD Reveal|Stealth Rock|[from] move: Rapid Spin|[of] p1a: Starmie
|-damage|p1a: Starmie|91/100|[from] item: Life Orb
|
|upkeep
|turn|9
|
|t:|1616125778
|switch|p1a: Noivern|Noivern, F|62/100
|switch|p2a: Gastrodon|Gastrodon-East, M|100/100
|
|upkeep
|turn|10
|
|t:|1616125784
|move|p1a: Noivern|U-turn|p2a: Gastrodon
|-damage|p2a: Gastrodon|92/100
|j| piusaeneas
|j| PokeArt2004❤
|
|t:|1616125787
|switch|p1a: Snorlax|Snorlax, F|100/100|[from]move: U-turn
|move|p2a: Gastrodon|Ice Beam|p1a: Snorlax
|-damage|p1a: Snorlax|93/100
|-status|p1a: Snorlax|frz
|
|upkeep
|turn|11
|j| Rahul_3301
|
|t:|1616125794
|switch|p2a: Stakataka|Stakataka|100/100
|-damage|p2a: Stakataka|94/100|[from] Stealth Rock
|cant|p1a: Snorlax|frz
|
|-heal|p2a: Stakataka|100/100|[from] item: Leftovers
|upkeep
|turn|12
|
|t:|1616125799
|switch|p1a: Starmie|Starmie|91/100
|move|p2a: Stakataka|Stealth Rock|p1a: Starmie
|-sidestart|p1: DDD Reveal|move: Stealth Rock
|
|upkeep
|turn|13
|l| Rahul_3301
|
|t:|1616125803
|switch|p2a: Gastrodon|Gastrodon-East, M|92/100
|move|p1a: Starmie|Rapid Spin|p2a: Gastrodon
|-damage|p2a: Gastrodon|83/100
|-boost|p1a: Starmie|spe|1
|-sideend|p1: DDD Reveal|Stealth Rock|[from] move: Rapid Spin|[of] p1a: Starmie
|-damage|p1a: Starmie|81/100|[from] item: Life Orb
|
|upkeep
|turn|14
|
|t:|1616125806
|move|p1a: Starmie|Grass Knot|p2a: Gastrodon
|-supereffective|p2a: Gastrodon
|-damage|p2a: Gastrodon|0 fnt
|-damage|p1a: Starmie|71/100|[from] item: Life Orb
|faint|p2a: Gastrodon
|
|upkeep
|
|t:|1616125809
|switch|p2a: Togekiss|Togekiss, M|100/100
|turn|15
|c| CaptainTundra|how much switches has it been
|
|t:|1616125813
|switch|p1a: Steelix|Steelix, M|100/100
|move|p2a: Togekiss|Thunder Wave|p1a: Steelix
|-immune|p1a: Steelix
|
|upkeep
|turn|16
|
|t:|1616125823
|switch|p2a: Mienshao|Mienshao, F|100/100
|-damage|p2a: Mienshao|95/100|[from] Stealth Rock
|move|p1a: Steelix|Toxic|p2a: Mienshao
|-status|p2a: Mienshao|tox
|
|-damage|p2a: Mienshao|89/100 tox|[from] psn
|upkeep
|turn|17
|
|t:|1616125829
|switch|p1a: Noivern|Noivern, F|62/100
|move|p2a: Mienshao|U-turn|p1a: Noivern
|-resisted|p1a: Noivern
|-damage|p1a: Noivern|44/100
|-damage|p2a: Mienshao|79/100 tox|[from] item: Life Orb
|
|t:|1616125833
|switch|p2a: Stakataka|Stakataka|100/100|[from]move: U-turn
|-damage|p2a: Stakataka|94/100|[from] Stealth Rock
|
|-heal|p2a: Stakataka|100/100|[from] item: Leftovers
|upkeep
|turn|18
|
|t:|1616125836
|move|p1a: Noivern|U-turn|p2a: Stakataka
|-resisted|p2a: Stakataka
|-damage|p2a: Stakataka|98/100
|c| ShadowBringer407|all turns are switches
|
|t:|1616125839
|switch|p1a: Starmie|Starmie|71/100|[from]move: U-turn
|move|p2a: Stakataka|Stealth Rock|p1a: Starmie
|-sidestart|p1: DDD Reveal|move: Stealth Rock
|
|-heal|p2a: Stakataka|100/100|[from] item: Leftovers
|upkeep
|turn|19
|j| uu8a wackpulso
|
|t:|1616125844
|move|p1a: Starmie|Hydro Pump|p2a: Stakataka
|-supereffective|p2a: Stakataka
|-damage|p2a: Stakataka|2/100
|-damage|p1a: Starmie|61/100|[from] item: Life Orb
|move|p2a: Stakataka|Gyro Ball|p1a: Starmie
|-resisted|p1a: Starmie
|-damage|p1a: Starmie|14/100
|
|-heal|p2a: Stakataka|8/100|[from] item: Leftovers
|upkeep
|turn|20
|c| ShadowBringer407|except the part where starmie uses grass knot
|
|t:|1616125852
|move|p1a: Starmie|Grass Knot|p2a: Stakataka
|-damage|p2a: Stakataka|0 fnt
|-damage|p1a: Starmie|4/100|[from] item: Life Orb
|faint|p2a: Stakataka
|
|upkeep
|
|t:|1616125854
|switch|p2a: Xurkitree|Xurkitree|84/100
|-damage|p2a: Xurkitree|72/100|[from] Stealth Rock
|turn|21
|c| CaptainTundra|lol
|
|t:|1616125863
|move|p2a: Xurkitree|Energy Ball|p1a: Starmie
|-supereffective|p1a: Starmie
|-damage|p1a: Starmie|0 fnt
|faint|p1a: Starmie
|-ability|p2a: Xurkitree|Beast Boost|boost
|-boost|p2a: Xurkitree|spa|1
|
|upkeep
|
|t:|1616125867
|switch|p1a: Toxicroak|Toxicroak, F|100/100
|-damage|p1a: Toxicroak|94/100|[from] Stealth Rock
|turn|22
|
|t:|1616125872
|move|p1a: Toxicroak|Gunk Shot|p2a: Xurkitree
|-damage|p2a: Xurkitree|0 fnt
|faint|p2a: Xurkitree
|
|upkeep
|
|t:|1616125875
|switch|p2a: Togekiss|Togekiss, M|100/100
|turn|23
|
|t:|1616125878
|move|p1a: Toxicroak|Gunk Shot|p2a: Togekiss
|-supereffective|p2a: Togekiss
|-damage|p2a: Togekiss|18/100
|move|p2a: Togekiss|Thunder Wave|p1a: Toxicroak
|-status|p1a: Toxicroak|par
|
|upkeep
|turn|24
|c| uu8a wackpulso|el jefe
|
|t:|1616125884
|move|p1a: Toxicroak|Gunk Shot|p2a: Togekiss
|-supereffective|p2a: Togekiss
|-damage|p2a: Togekiss|0 fnt
|faint|p2a: Togekiss
|
|upkeep
|c| CaptainTundra|ok actuall progress
|
|t:|1616125888
|switch|p2a: Mienshao|Mienshao, F|100/100 tox
|-damage|p2a: Mienshao|95/100 tox|[from] Stealth Rock
|turn|25
|c| CaptainTundra|actual*
|
|t:|1616125895
|move|p2a: Mienshao|Close Combat|p1a: Toxicroak
|-resisted|p1a: Toxicroak
|-damage|p1a: Toxicroak|35/100 par
|-unboost|p2a: Mienshao|def|1
|-unboost|p2a: Mienshao|spd|1
|-damage|p2a: Mienshao|85/100 tox|[from] item: Life Orb
|move|p1a: Toxicroak|Gunk Shot|p2a: Mienshao|[miss]
|-miss|p1a: Toxicroak|p2a: Mienshao
|
|-damage|p2a: Mienshao|79/100 tox|[from] psn
|upkeep
|turn|26
|c| ShadowBringer407|yeah finally
|
|t:|1616125901
|move|p2a: Mienshao|Close Combat|p1a: Toxicroak
|-resisted|p1a: Toxicroak
|-damage|p1a: Toxicroak|0 fnt
|-unboost|p2a: Mienshao|def|1
|-unboost|p2a: Mienshao|spd|1
|-damage|p2a: Mienshao|69/100 tox|[from] item: Life Orb
|faint|p1a: Toxicroak
|
|-damage|p2a: Mienshao|57/100 tox|[from] psn
|upkeep
|c| ShadowBringer407|no more switches
|
|t:|1616125904
|switch|p1a: Noivern|Noivern, F|44/100
|-damage|p1a: Noivern|20/100|[from] Stealth Rock
|turn|27
|
|t:|1616125911
|move|p1a: Noivern|Flamethrower|p2a: Mienshao
|-damage|p2a: Mienshao|0 fnt
|faint|p2a: Mienshao
|
|upkeep
|
|t:|1616125912
|switch|p2a: Roserade|Roserade, M|79/100
|turn|28
|l| uu8a wackpulso
|
|t:|1616125917
|move|p1a: Noivern|Hurricane|p2a: Roserade
|-supereffective|p2a: Roserade
|-damage|p2a: Roserade|0 fnt
|faint|p2a: Roserade
|
|win|DDD Reveal
|n|☆DDD Reveal|dddreveal
|n|☆mushamu|mushamu
|n|*Lady Monita|ladymonita
|n| Yitanx|yitanx
|n| xHys|xhys
|n| Phantomistix|phantomistix
|n| ShadowBringer407|shadowbringer407
|n| JewelTemptation|jeweltemptation
|n| TeamCharm69|teamcharm69
|n| CaptainTundra|captaintundra
|n| The One Who Is|theonewhois
|n| piusaeneas|piusaeneas
|n| PokeArt2004❤|pokeart2004
