|j|☆Maidwitch
|j|☆Testinganteater
|t:|1624048147
|gametype|singles
|player|p1|Maidwitch|shauntal|1092
|player|p2|Testinganteater|palmer|1321
|teamsize|p1|6
|teamsize|p2|6
|gen|8
|tier|[Gen 8] RU
|rated|
|rule|Sleep Clause Mod: Limit one foe put to sleep
|rule|Species Clause: Limit one of each Pokémon
|rule|OHKO Clause: OHKO moves are banned
|rule|Evasion Moves Clause: Evasion moves are banned
|rule|Endless Battle Clause: Forcing endless battles is banned
|rule|HP Percentage Mod: HP is shown in percentages
|rule|Dynamax Clause: You cannot dynamax
|clearpoke
|poke|p1|Togekiss, F|
|poke|p1|Zarude|
|poke|p1|Metagross|
|poke|p1|Xurkitree|
|poke|p1|Mienshao, F|
|poke|p1|Incineroar, M|
|poke|p2|Tyrantrum, M|
|poke|p2|Zarude|
|poke|p2|Togekiss, F|
|poke|p2|Milotic, F|
|poke|p2|Steelix, F|
|poke|p2|Toxicroak, M|
|teampreview
|
|t:|1624048157
|start
|switch|p1a: Angel|Mienshao, F, shiny|100/100
|switch|p2a: Steelix|Steelix, F|100/100
|turn|1
|inactive|Battle timer is ON: inactive players will automatically lose when time's up. (requested by Maidwitch)
|
|t:|1624048162
|switch|p2a: Togekiss|Togekiss, F|100/100
|move|p1a: Angel|Close Combat|p2a: Togekiss
|-resisted|p2a: Togekiss
|-damage|p2a: Togekiss|84/100
|-unboost|p1a: Angel|def|1
|-unboost|p1a: Angel|spd|1
|
|upkeep
|turn|2
|
|t:|1624048173
|switch|p1a: Unbound|Metagross, shiny|100/100
|switch|p2a: Zarude|Zarude|100/100
|
|upkeep
|turn|3
|
|t:|1624048181
|move|p2a: Zarude|U-turn|p1a: Unbound
|-damage|p1a: Unbound|82/100
|
|t:|1624048184
|switch|p2a: Milotic|Milotic, F|100/100|[from]move: U-turn
|move|p1a: Unbound|Meteor Mash|p2a: Milotic|[miss]
|-miss|p1a: Unbound|p2a: Milotic
|
|-heal|p1a: Unbound|88/100|[from] item: Leftovers
|upkeep
|turn|4
|
|t:|1624048188
|move|p2a: Milotic|Flip Turn|p1a: Unbound
|-damage|p1a: Unbound|79/100
|
|t:|1624048191
|switch|p2a: Zarude|Zarude|100/100|[from]move: Flip Turn
|move|p1a: Unbound|Zen Headbutt|p2a: Zarude
|-immune|p2a: Zarude
|
|-heal|p1a: Unbound|85/100|[from] item: Leftovers
|upkeep
|turn|5
|
|t:|1624048207
|move|p2a: Zarude|Darkest Lariat|p1a: Unbound
|-supereffective|p1a: Unbound
|-damage|p1a: Unbound|21/100
|move|p1a: Unbound|Meteor Mash|p2a: Zarude
|-damage|p2a: Zarude|48/100
|
|-heal|p1a: Unbound|27/100|[from] item: Leftovers
|upkeep
|turn|6
|
|t:|1624048218
|switch|p1a: Kiss Fall in Love|Togekiss, F, shiny|100/100
|move|p2a: Zarude|U-turn|p1a: Kiss Fall in Love
|-resisted|p1a: Kiss Fall in Love
|-damage|p1a: Kiss Fall in Love|96/100
|
|t:|1624048225
|switch|p2a: Tyrantrum|Tyrantrum, M|100/100|[from]move: U-turn
|
|upkeep
|turn|7
|
|t:|1624048231
|move|p2a: Tyrantrum|Head Smash|p1a: Kiss Fall in Love
|-supereffective|p1a: Kiss Fall in Love
|-damage|p1a: Kiss Fall in Love|0 fnt
|faint|p1a: Kiss Fall in Love
|
|upkeep
|
|t:|1624048235
|switch|p1a: Angel|Mienshao, F, shiny|100/100
|turn|8
|inactive|Testinganteater has 120 seconds left.
|
|t:|1624048267
|switch|p2a: Milotic|Milotic, F|100/100
|move|p1a: Angel|Close Combat|p2a: Milotic
|-damage|p2a: Milotic|37/100
|-unboost|p1a: Angel|def|1
|-unboost|p1a: Angel|spd|1
|
|-heal|p2a: Milotic|43/100|[from] item: Leftovers
|upkeep
|turn|9
|
|t:|1624048279
|switch|p2a: Togekiss|Togekiss, F|84/100
|move|p1a: Angel|Close Combat|p2a: Togekiss
|-resisted|p2a: Togekiss
|-damage|p2a: Togekiss|69/100
|-unboost|p1a: Angel|def|1
|-unboost|p1a: Angel|spd|1
|
|upkeep
|turn|10
|
|t:|1624048288
|switch|p1a: Unbound|Metagross, shiny|27/100
|move|p2a: Togekiss|Wish|p2a: Togekiss
|
|-heal|p1a: Unbound|33/100|[from] item: Leftovers
|upkeep
|turn|11
|
|t:|1624048297
|switch|p2a: Milotic|Milotic, F|43/100
|move|p1a: Unbound|Meteor Mash|p2a: Milotic
|-resisted|p2a: Milotic
|-damage|p2a: Milotic|23/100
|
|-heal|p2a: Milotic|71/100|[from] move: Wish|[wisher] Togekiss
|-heal|p2a: Milotic|77/100|[from] item: Leftovers
|-heal|p1a: Unbound|39/100|[from] item: Leftovers
|upkeep
|turn|12
|
|t:|1624048316
|move|p2a: Milotic|Flip Turn|p1a: Unbound
|-damage|p1a: Unbound|29/100
|
|t:|1624048327
|switch|p2a: Zarude|Zarude|48/100|[from]move: Flip Turn
|move|p1a: Unbound|Zen Headbutt|p2a: Zarude
|-immune|p2a: Zarude
|
|-heal|p1a: Unbound|35/100|[from] item: Leftovers
|upkeep
|turn|13
|
|t:|1624048335
|move|p1a: Unbound|Bullet Punch|p2a: Zarude
|-damage|p2a: Zarude|26/100
|move|p2a: Zarude|Darkest Lariat|p1a: Unbound
|-supereffective|p1a: Unbound
|-crit|p1a: Unbound
|-damage|p1a: Unbound|0 fnt
|faint|p1a: Unbound
|
|upkeep
|
|t:|1624048338
|switch|p1a: Incineroar|Incineroar, M|100/100
|-ability|p1a: Incineroar|Intimidate|boost
|-unboost|p2a: Zarude|atk|1
|turn|14
|
|t:|1624048345
|move|p1a: Incineroar|Fake Out|p2a: Zarude
|-damage|p2a: Zarude|14/100
|cant|p2a: Zarude|flinch
|
|upkeep
|turn|15
|
|t:|1624048358
|move|p2a: Zarude|U-turn|p1a: Incineroar
|-damage|p1a: Incineroar|88/100
|
|t:|1624048363
|switch|p2a: Milotic|Milotic, F|77/100|[from]move: U-turn
|move|p1a: Incineroar|Darkest Lariat|p2a: Milotic
|-damage|p2a: Milotic|45/100
|
|-heal|p2a: Milotic|51/100|[from] item: Leftovers
|upkeep
|turn|16
|inactive|Maidwitch has 120 seconds left.
|
|t:|1624048394
|switch|p1a: Xurkitree|Xurkitree|100/100
|move|p2a: Milotic|Flip Turn|p1a: Xurkitree
|-damage|p1a: Xurkitree|84/100
|
|t:|1624048400
|switch|p2a: Steelix|Steelix, F|100/100|[from]move: Flip Turn
|
|upkeep
|turn|17
|l|☆Testinganteater
|inactive|Testinganteater disconnected and has a minute to reconnect!
|player|p2|
|j|☆Testinganteater
|inactive|Testinganteater reconnected and has 145 seconds left.
|player|p2|Testinganteater|palmer
|inactive|Testinganteater has 120 seconds left.
|
|t:|1624048438
|move|p1a: Xurkitree|Energy Ball|p2a: Steelix
|-damage|p2a: Steelix|68/100
|move|p2a: Steelix|Earthquake|p1a: Xurkitree
|-supereffective|p1a: Xurkitree
|-damage|p1a: Xurkitree|0 fnt
|faint|p1a: Xurkitree
|
|-heal|p2a: Steelix|74/100|[from] item: Leftovers
|upkeep
|inactive|Maidwitch has 120 seconds left.
|
|t:|1624048454
|switch|p1a: Monkey|Zarude|100/100
|turn|18
|
|t:|1624048463
|move|p1a: Monkey|Power Whip|p2a: Steelix
|-damage|p2a: Steelix|28/100
|move|p2a: Steelix|Heavy Slam|p1a: Monkey
|-damage|p1a: Monkey|64/100
|
|-heal|p2a: Steelix|34/100|[from] item: Leftovers
|upkeep
|turn|19
|
|t:|1624048477
|switch|p2a: Toxicroak|Toxicroak, M, shiny|100/100
|move|p1a: Monkey|Power Whip|p2a: Toxicroak|[miss]
|-miss|p1a: Monkey|p2a: Toxicroak
|
|upkeep
|turn|20
|
|t:|1624048484
|switch|p1a: Incineroar|Incineroar, M|88/100
|-ability|p1a: Incineroar|Intimidate|boost
|-unboost|p2a: Toxicroak|atk|1
|move|p2a: Toxicroak|Swords Dance|p2a: Toxicroak
|-boost|p2a: Toxicroak|atk|2
|
|upkeep
|turn|21
|
|t:|1624048490
|move|p2a: Toxicroak|Drain Punch|p1a: Incineroar
|-supereffective|p1a: Incineroar
|-damage|p1a: Incineroar|0 fnt
|faint|p1a: Incineroar
|-damage|p2a: Toxicroak|91/100|[from] item: Life Orb
|
|upkeep
|
|t:|1624048494
|switch|p1a: Angel|Mienshao, F, shiny|100/100
|turn|22
|
|t:|1624048497
|move|p1a: Angel|Knock Off|p2a: Toxicroak
|-resisted|p2a: Toxicroak
|-damage|p2a: Toxicroak|53/100
|-enditem|p2a: Toxicroak|Life Orb|[from] move: Knock Off|[of] p1a: Angel
|move|p2a: Toxicroak|Drain Punch|p1a: Angel
|-damage|p1a: Angel|3/100
|-heal|p2a: Toxicroak|96/100|[from] drain|[of] p1a: Angel
|
|upkeep
|turn|23
|
|t:|1624048504
|move|p2a: Toxicroak|Sucker Punch|p1a: Angel
|-resisted|p1a: Angel
|-damage|p1a: Angel|0 fnt
|faint|p1a: Angel
|
|upkeep
|
|t:|1624048505
|switch|p1a: Monkey|Zarude|64/100
|turn|24
|
|t:|1624048511
|move|p1a: Monkey|Power Whip|p2a: Toxicroak
|-resisted|p2a: Toxicroak
|-damage|p2a: Toxicroak|32/100
|move|p2a: Toxicroak|Drain Punch|p1a: Monkey
|-supereffective|p1a: Monkey
|-damage|p1a: Monkey|0 fnt
|-heal|p2a: Toxicroak|69/100|[from] drain|[of] p1a: Monkey
|faint|p1a: Monkey
|
|win|Testinganteater
|raw|Maidwitch's rating: 1068 &rarr; <strong>1060</strong><br />(-8 for losing)
|raw|Testinganteater's rating: 1317 &rarr; <strong>1325</strong><br />(+8 for winning)
|l|☆Maidwitch
||Ladder isn't responding, score probably updated but might not have (Request timeout).
