|j|☆Shing'n Streets
|j|☆Silvally-Gold
|player|p1|Shing'n Streets|marley|1345
|player|p2|Silvally-Gold|ethan-gen2|1420
|teamsize|p1|6
|teamsize|p2|6
|gametype|singles
|gen|8
|tier|[Gen 8] RU
|rated|
|clearpoke
|poke|p1|Quagsire, M|
|poke|p1|Drifblim, F|
|poke|p1|Toxicroak, M|
|poke|p1|Gigalith, M|
|poke|p1|Ferroseed, M|
|poke|p1|Aromatisse, F|
|poke|p2|Stonjourner, M|
|poke|p2|Rillaboom, M|
|poke|p2|Sigilyph, M|
|poke|p2|Escavalier, F|
|poke|p2|Bewear, M|
|poke|p2|Turtonator, M|
|rule|Sleep Clause Mod: Limit one foe put to sleep
|rule|Species Clause: Limit one of each Pokémon
|rule|OHKO Clause: OHKO moves are banned
|rule|Evasion Moves Clause: Evasion moves are banned
|rule|Endless Battle Clause: Forcing endless battles is banned
|rule|HP Percentage Mod: HP is shown in percentages
|rule|Dynamax Clause: You cannot dynamax
|teampreview
|
|start
|switch|p1a: Ferroseed|Ferroseed, M|100/100
|switch|p2a: Rillaboom|Rillaboom, M|100/100
|turn|1
|
|move|p1a: Ferroseed|Protect|p1a: Ferroseed
|-singleturn|p1a: Ferroseed|Protect
|move|p2a: Rillaboom|Knock Off|p1a: Ferroseed
|-activate|p1a: Ferroseed|move: Protect
|
|upkeep
|turn|2
|
|move|p2a: Rillaboom|Knock Off|p1a: Ferroseed
|-damage|p1a: Ferroseed|73/100
|-damage|p2a: Rillaboom|88/100|[from] ability: Iron Barbs|[of] p1a: Ferroseed
|-enditem|p1a: Ferroseed|Eviolite|[from] move: Knock Off|[of] p2a: Rillaboom
|move|p1a: Ferroseed|Knock Off|p2a: Rillaboom
|-damage|p2a: Rillaboom|75/100
|-enditem|p2a: Rillaboom|Choice Scarf|[from] move: Knock Off|[of] p1a: Ferroseed
|
|upkeep
|turn|3
|
|switch|p2a: Sigilyph|Sigilyph, M|100/100
|move|p1a: Ferroseed|Spikes|p2a: Sigilyph
|-sidestart|p2: Silvally-Gold|Spikes
|
|upkeep
|turn|4
|
|switch|p1a: Gigalith|Gigalith, M|100/100
|-weather|Sandstorm|[from] ability: Sand Stream|[of] p1a: Gigalith
|move|p2a: Sigilyph|Heat Wave|p1a: Gigalith|[miss]
|-miss|p2a: Sigilyph|p1a: Gigalith
|
|-weather|Sandstorm|[upkeep]
|-damage|p2a: Sigilyph|95/100|[from] Sandstorm
|upkeep
|turn|5
|
|switch|p2a: Escavalier|Escavalier, F|100/100
|-damage|p2a: Escavalier|88/100|[from] Spikes
|move|p1a: Gigalith|Stealth Rock|p2a: Escavalier
|-sidestart|p2: Silvally-Gold|move: Stealth Rock
|
|-weather|Sandstorm|[upkeep]
|upkeep
|turn|6
|
|move|p1a: Gigalith|Protect|p1a: Gigalith
|-singleturn|p1a: Gigalith|Protect
|move|p2a: Escavalier|Megahorn|p1a: Gigalith
|-activate|p1a: Gigalith|move: Protect
|
|-weather|Sandstorm|[upkeep]
|upkeep
|turn|7
|
|switch|p1a: Ferroseed|Ferroseed, M|73/100
|move|p2a: Escavalier|Megahorn|p1a: Ferroseed
|-damage|p1a: Ferroseed|0 fnt
|-damage|p2a: Escavalier|76/100|[from] ability: Iron Barbs|[of] p1a: Ferroseed
|faint|p1a: Ferroseed
|
|-weather|Sandstorm|[upkeep]
|upkeep
|
|switch|p1a: Drifblim|Drifblim, F|100/100
|turn|8
|
|switch|p2a: Turtonator|Turtonator, M|100/100
|move|p1a: Drifblim|Will-O-Wisp|p2a: Turtonator
|-immune|p2a: Turtonator
|
|-weather|none
|upkeep
|turn|9
|
|move|p1a: Drifblim|Hex|p2a: Turtonator
|-damage|p2a: Turtonator|67/100
|move|p2a: Turtonator|Shell Smash|p2a: Turtonator
|-unboost|p2a: Turtonator|def|1
|-unboost|p2a: Turtonator|spd|1
|-boost|p2a: Turtonator|atk|2
|-boost|p2a: Turtonator|spa|2
|-boost|p2a: Turtonator|spe|2
|
|upkeep
|turn|10
|
|switch|p1a: Quagsire|Quagsire, M|100/100
|move|p2a: Turtonator|Fire Blast|p1a: Quagsire
|-resisted|p1a: Quagsire
|-damage|p1a: Quagsire|73/100
|
|-heal|p1a: Quagsire|79/100|[from] item: Leftovers
|upkeep
|turn|11
|
|move|p2a: Turtonator|Draco Meteor|p1a: Quagsire
|-damage|p1a: Quagsire|14/100
|-unboost|p2a: Turtonator|spa|2
|move|p1a: Quagsire|Earthquake|p2a: Turtonator
|-supereffective|p2a: Turtonator
|-damage|p2a: Turtonator|4/100
|
|-heal|p1a: Quagsire|21/100|[from] item: Leftovers
|upkeep
|turn|12
|
|switch|p1a: Aromatisse|Aromatisse, F|100/100
|move|p2a: Turtonator|Rapid Spin|p1a: Aromatisse
|-damage|p1a: Aromatisse|86/100
|-sideend|p2: Silvally-Gold|Spikes|[from] move: Rapid Spin|[of] p2a: Turtonator
|-sideend|p2: Silvally-Gold|Stealth Rock|[from] move: Rapid Spin|[of] p2a: Turtonator
|-boost|p2a: Turtonator|spe|1
|
|-heal|p1a: Aromatisse|92/100|[from] item: Leftovers
|upkeep
|turn|13
|
|switch|p2a: Escavalier|Escavalier, F|76/100
|move|p1a: Aromatisse|Moonblast|p2a: Escavalier
|-resisted|p2a: Escavalier
|-damage|p2a: Escavalier|60/100
|
|-heal|p1a: Aromatisse|98/100|[from] item: Leftovers
|upkeep
|turn|14
|
|move|p1a: Aromatisse|Protect|p1a: Aromatisse
|-singleturn|p1a: Aromatisse|Protect
|move|p2a: Escavalier|Iron Head|p1a: Aromatisse
|-activate|p1a: Aromatisse|move: Protect
|
|-heal|p1a: Aromatisse|100/100|[from] item: Leftovers
|upkeep
|turn|15
|
|switch|p1a: Quagsire|Quagsire, M|21/100
|move|p2a: Escavalier|Iron Head|p1a: Quagsire
|-resisted|p1a: Quagsire
|-damage|p1a: Quagsire|0 fnt
|faint|p1a: Quagsire
|
|upkeep
|
|switch|p1a: Drifblim|Drifblim, F|100/100
|turn|16
|
|switch|p2a: Sigilyph|Sigilyph, M|95/100
|move|p1a: Drifblim|Will-O-Wisp|p2a: Sigilyph
|-status|p2a: Sigilyph|brn
|
|-damage|p2a: Sigilyph|89/100 brn|[from] brn
|upkeep
|turn|17
|
|move|p2a: Sigilyph|Psyshock|p1a: Drifblim
|-damage|p1a: Drifblim|59/100
|-damage|p2a: Sigilyph|79/100 brn|[from] item: Life Orb
|move|p1a: Drifblim|Hex|p2a: Sigilyph
|-supereffective|p2a: Sigilyph
|-damage|p2a: Sigilyph|0 fnt
|faint|p2a: Sigilyph
|
|upkeep
|
|switch|p2a: Stonjourner|Stonjourner, M|100/100
|turn|18
|
|move|p2a: Stonjourner|Stone Edge|p1a: Drifblim
|-supereffective|p1a: Drifblim
|-damage|p1a: Drifblim|0 fnt
|-damage|p2a: Stonjourner|91/100|[from] item: Life Orb
|faint|p1a: Drifblim
|
|upkeep
|
|switch|p1a: Gigalith|Gigalith, M|100/100
|-weather|Sandstorm|[from] ability: Sand Stream|[of] p1a: Gigalith
|turn|19
|
|move|p2a: Stonjourner|Stone Edge|p1a: Gigalith|[miss]
|-miss|p2a: Stonjourner|p1a: Gigalith
|move|p1a: Gigalith|Stealth Rock|p2a: Stonjourner
|-sidestart|p2: Silvally-Gold|move: Stealth Rock
|
|-weather|Sandstorm|[upkeep]
|upkeep
|turn|20
|
|move|p2a: Stonjourner|Stone Edge|p1a: Gigalith|[miss]
|-miss|p2a: Stonjourner|p1a: Gigalith
|move|p1a: Gigalith|Earthquake|p2a: Stonjourner
|-supereffective|p2a: Stonjourner
|-damage|p2a: Stonjourner|44/100
|
|-weather|Sandstorm|[upkeep]
|upkeep
|turn|21
|
|switch|p2a: Bewear|Bewear, M, shiny|100/100
|-damage|p2a: Bewear|94/100|[from] Stealth Rock
|move|p1a: Gigalith|Earthquake|p2a: Bewear
|-damage|p2a: Bewear|62/100
|
|-weather|Sandstorm|[upkeep]
|-damage|p2a: Bewear|56/100|[from] Sandstorm
|upkeep
|turn|22
|
|switch|p1a: Aromatisse|Aromatisse, F|100/100
|move|p2a: Bewear|Close Combat|p1a: Aromatisse
|-resisted|p1a: Aromatisse
|-damage|p1a: Aromatisse|41/100
|-unboost|p2a: Bewear|def|1
|-unboost|p2a: Bewear|spd|1
|
|-weather|Sandstorm|[upkeep]
|-damage|p2a: Bewear|50/100|[from] Sandstorm
|-damage|p1a: Aromatisse|35/100|[from] Sandstorm
|-heal|p1a: Aromatisse|41/100|[from] item: Leftovers
|upkeep
|turn|23
|
|move|p2a: Bewear|Close Combat|p1a: Aromatisse
|-resisted|p1a: Aromatisse
|-damage|p1a: Aromatisse|0 fnt
|-unboost|p2a: Bewear|def|1
|-unboost|p2a: Bewear|spd|1
|faint|p1a: Aromatisse
|
|-weather|none
|upkeep
|
|switch|p1a: Toxicroak|Toxicroak, M|100/100
|turn|24
|
|switch|p2a: Turtonator|Turtonator, M|4/100
|move|p1a: Toxicroak|Swords Dance|p1a: Toxicroak
|-boost|p1a: Toxicroak|atk|2
|
|upkeep
|turn|25
|
|move|p1a: Toxicroak|Drain Punch|p2a: Turtonator
|-damage|p2a: Turtonator|0 fnt
|faint|p2a: Turtonator
|
|upkeep
|
|switch|p2a: Rillaboom|Rillaboom, M|75/100
|-damage|p2a: Rillaboom|63/100|[from] Stealth Rock
|turn|26
|
|move|p1a: Toxicroak|Sucker Punch|p2a: Rillaboom
|-damage|p2a: Rillaboom|27/100
|move|p2a: Rillaboom|Earthquake|p1a: Toxicroak
|-supereffective|p1a: Toxicroak
|-damage|p1a: Toxicroak|41/100
|
|-heal|p1a: Toxicroak|47/100|[from] item: Leftovers
|upkeep
|turn|27
|
|move|p1a: Toxicroak|Sucker Punch|p2a: Rillaboom
|-damage|p2a: Rillaboom|0 fnt
|faint|p2a: Rillaboom
|
|-heal|p1a: Toxicroak|53/100|[from] item: Leftovers
|upkeep
|
|switch|p2a: Stonjourner|Stonjourner, M|44/100
|-damage|p2a: Stonjourner|32/100|[from] Stealth Rock
|turn|28
|
|move|p2a: Stonjourner|Heat Crash|p1a: Toxicroak
|-damage|p1a: Toxicroak|0 fnt
|-damage|p2a: Stonjourner|22/100|[from] item: Life Orb
|faint|p1a: Toxicroak
|
|upkeep
|
|switch|p1a: Gigalith|Gigalith, M|100/100
|-weather|Sandstorm|[from] ability: Sand Stream|[of] p1a: Gigalith
|turn|29
|
|move|p2a: Stonjourner|Superpower|p1a: Gigalith
|-supereffective|p1a: Gigalith
|-damage|p1a: Gigalith|11/100
|-unboost|p2a: Stonjourner|atk|1
|-unboost|p2a: Stonjourner|def|1
|-damage|p2a: Stonjourner|12/100|[from] item: Life Orb
|move|p1a: Gigalith|Earthquake|p2a: Stonjourner
|-supereffective|p2a: Stonjourner
|-damage|p2a: Stonjourner|0 fnt
|faint|p2a: Stonjourner
|
|-weather|Sandstorm|[upkeep]
|-heal|p1a: Gigalith|17/100|[from] item: Leftovers
|upkeep
|
|switch|p2a: Bewear|Bewear, M, shiny|50/100
|-damage|p2a: Bewear|44/100|[from] Stealth Rock
|turn|30
|c|☆Shing'n Streets|gg
|
|move|p2a: Bewear|Close Combat|p1a: Gigalith
|-supereffective|p1a: Gigalith
|-damage|p1a: Gigalith|0 fnt
|-unboost|p2a: Bewear|def|1
|-unboost|p2a: Bewear|spd|1
|faint|p1a: Gigalith
|
|win|Silvally-Gold
|c|☆Silvally-Gold|gg
|raw|Shing&apos;n Streets's rating: 1345 &rarr; <strong>1329</strong><br />(-16 for losing)
|raw|Silvally-Gold's rating: 1420 &rarr; <strong>1436</strong><br />(+16 for winning)
|l|☆Shing'n Streets
