|j|☆UwU papillon
|j|☆Eddy
|t:|1605500179
|player|p1|UwU papillon|may-gen3rs|1464
|player|p2|Eddy|palmer|1460
|teamsize|p1|6
|teamsize|p2|6
|gametype|singles
|gen|8
|tier|[Gen 8] RU
|rated|
|clearpoke
|poke|p1|Suicune|
|poke|p1|Snorlax, M|
|poke|p1|Weezing-Galar, M|
|poke|p1|Rhyperior, F|
|poke|p1|Pangoro, F|
|poke|p1|Togekiss, F|
|poke|p2|Archeops, M|
|poke|p2|Terrakion|
|poke|p2|Cloyster, M|
|poke|p2|Gengar, M|
|poke|p2|Raikou|
|poke|p2|Scyther, M|
|rule|Sleep Clause Mod: Limit one foe put to sleep
|rule|Species Clause: Limit one of each Pokémon
|rule|OHKO Clause: OHKO moves are banned
|rule|Evasion Moves Clause: Evasion moves are banned
|rule|Endless Battle Clause: Forcing endless battles is banned
|rule|HP Percentage Mod: HP is shown in percentages
|rule|Dynamax Clause: You cannot dynamax
|teampreview
|inactive|Battle timer is ON: inactive players will automatically lose when time's up. (requested by UwU papillon)
|
|t:|1605500206
|start
|switch|p1a: Rhyperior|Rhyperior, F|100/100
|switch|p2a: Archeops|Archeops, M|100/100
|turn|1
|
|t:|1605500211
|move|p2a: Archeops|Taunt|p1a: Rhyperior
|-start|p1a: Rhyperior|move: Taunt
|cant|p1a: Rhyperior|move: Taunt|Stealth Rock
|
|upkeep
|turn|2
|
|t:|1605500216
|move|p2a: Archeops|Stealth Rock|p1a: Rhyperior
|-sidestart|p1: UwU papillon|move: Stealth Rock
|move|p1a: Rhyperior|Stone Edge|p2a: Archeops|[miss]
|-miss|p1a: Rhyperior|p2a: Archeops
|
|upkeep
|turn|3
|
|t:|1605500237
|switch|p2a: Terrakion|Terrakion|100/100
|move|p1a: Rhyperior|Stone Edge|p2a: Terrakion
|-resisted|p2a: Terrakion
|-damage|p2a: Terrakion|67/100
|
|-end|p1a: Rhyperior|move: Taunt
|upkeep
|turn|4
|
|t:|1605500252
|move|p2a: Terrakion|Close Combat|p1a: Rhyperior
|-supereffective|p1a: Rhyperior
|-damage|p1a: Rhyperior|18/100
|-unboost|p2a: Terrakion|def|1
|-unboost|p2a: Terrakion|spd|1
|move|p1a: Rhyperior|Earthquake|p2a: Terrakion
|-supereffective|p2a: Terrakion
|-damage|p2a: Terrakion|0 fnt
|faint|p2a: Terrakion
|
|-heal|p1a: Rhyperior|24/100|[from] item: Leftovers
|upkeep
|j| Miesmiel
|j| DYWY❀
|
|t:|1605500268
|switch|p2a: reboy|Gengar, M|100/100
|turn|5
|
|t:|1605500278
|move|p2a: reboy|Shadow Ball|p1a: Rhyperior
|-damage|p1a: Rhyperior|0 fnt
|faint|p1a: Rhyperior
|
|upkeep
|
|t:|1605500285
|switch|p1a: Pangoro|Pangoro, F|100/100
|-damage|p1a: Pangoro|94/100|[from] Stealth Rock
|turn|6
|
|t:|1605500290
|move|p2a: reboy|Substitute|p2a: reboy
|-start|p2a: reboy|Substitute
|-damage|p2a: reboy|76/100
|move|p1a: Pangoro|Knock Off|p2a: reboy
|-supereffective|p2a: reboy
|-end|p2a: reboy|Substitute
|
|-heal|p2a: reboy|82/100|[from] item: Leftovers
|upkeep
|turn|7
|c|☆UwU papillon|oh no
|
|t:|1605500302
|switch|p2a: Archeops|Archeops, M|100/100
|move|p1a: Pangoro|Knock Off|p2a: Archeops
|-enditem|p2a: Archeops|Focus Sash
|-damage|p2a: Archeops|1/100
|
|upkeep
|turn|8
|
|t:|1605500310
|switch|p1a: Weezing|Weezing-Galar, M|100/100
|-damage|p1a: Weezing|88/100|[from] Stealth Rock
|move|p2a: Archeops|Endeavor|p1a: Weezing
|-damage|p1a: Weezing|1/100
|
|-heal|p1a: Weezing|7/100|[from] item: Black Sludge
|upkeep
|turn|9
|
|t:|1605500319
|move|p2a: Archeops|Head Smash|p1a: Weezing
|-damage|p1a: Weezing|0 fnt
|-damage|p2a: Archeops|0 fnt|[from] Recoil
|faint|p1a: Weezing
|faint|p2a: Archeops
|
|upkeep
|
|t:|1605500337
|switch|p2a: Scyther|Scyther, M|100/100
|switch|p1a: Snorlax|Snorlax, M|100/100
|-damage|p1a: Snorlax|88/100|[from] Stealth Rock
|turn|10
|
|t:|1605500346
|move|p2a: Scyther|Swords Dance|p2a: Scyther
|-boost|p2a: Scyther|atk|2
|move|p1a: Snorlax|Curse|p1a: Snorlax
|-unboost|p1a: Snorlax|spe|1
|-boost|p1a: Snorlax|atk|1
|-boost|p1a: Snorlax|def|1
|
|-heal|p1a: Snorlax|94/100|[from] item: Leftovers
|upkeep
|turn|11
|
|t:|1605500355
|move|p2a: Scyther|Knock Off|p1a: Snorlax
|-damage|p1a: Snorlax|54/100
|-enditem|p1a: Snorlax|Leftovers|[from] move: Knock Off|[of] p2a: Scyther
|move|p1a: Snorlax|Curse|p1a: Snorlax
|-unboost|p1a: Snorlax|spe|1
|-boost|p1a: Snorlax|atk|1
|-boost|p1a: Snorlax|def|1
|
|upkeep
|turn|12
|
|t:|1605500369
|move|p2a: Scyther|Swords Dance|p2a: Scyther
|-boost|p2a: Scyther|atk|2
|move|p1a: Snorlax|Curse|p1a: Snorlax
|-unboost|p1a: Snorlax|spe|1
|-boost|p1a: Snorlax|atk|1
|-boost|p1a: Snorlax|def|1
|
|upkeep
|turn|13
|
|t:|1605500376
|move|p2a: Scyther|Dual Wingbeat|p1a: Snorlax
|-damage|p1a: Snorlax|20/100
|-damage|p1a: Snorlax|0 fnt
|-hitcount|p1a: Snorlax|2
|faint|p1a: Snorlax
|
|upkeep
|
|t:|1605500379
|switch|p1a: Togekiss|Togekiss, F|100/100
|turn|14
|c|☆UwU papillon|gg
|
|t:|1605500385
|move|p2a: Scyther|Dual Wingbeat|p1a: Togekiss
|-crit|p1a: Togekiss
|-damage|p1a: Togekiss|0 fnt
|-hitcount|p1a: Togekiss|1
|faint|p1a: Togekiss
|
|upkeep
|
|t:|1605500396
|switch|p1a: Suicune|Suicune|100/100
|-damage|p1a: Suicune|88/100|[from] Stealth Rock
|-ability|p1a: Suicune|Pressure
|turn|15
|
|t:|1605500401
|move|p2a: Scyther|Dual Wingbeat|p1a: Suicune
|-damage|p1a: Suicune|41/100
|-damage|p1a: Suicune|0 fnt
|-hitcount|p1a: Suicune|2
|faint|p1a: Suicune
|
|upkeep
|
|t:|1605500411
|switch|p1a: Pangoro|Pangoro, F|94/100
|-damage|p1a: Pangoro|88/100|[from] Stealth Rock
|turn|16
|
|t:|1605500415
|move|p1a: Pangoro|Bullet Punch|p2a: Scyther
|-damage|p2a: Scyther|67/100
|move|p2a: Scyther|Dual Wingbeat|p1a: Pangoro
|-supereffective|p1a: Pangoro
|-damage|p1a: Pangoro|0 fnt
|-hitcount|p1a: Pangoro|1
|faint|p1a: Pangoro
|
|win|Eddy
|l|☆UwU papillon
|raw|UwU papillon's rating: 1464 &rarr; <strong>1444</strong><br />(-20 for losing)
|raw|Eddy's rating: 1461 &rarr; <strong>1481</strong><br />(+20 for winning)
