|j|☆Rult3ro gray
|j|☆Heracross2.0
|t:|1598218741
|player|p1|Rult3ro gray|youngster-gen1rb|1585
|player|p2|Heracross2.0|anabel|1324
|teamsize|p1|6
|teamsize|p2|6
|gametype|singles
|gen|8
|tier|[Gen 8] RU
|rated|
|clearpoke
|poke|p1|Gardevoir, F|
|poke|p1|Bewear, M|
|poke|p1|Golisopod, M|
|poke|p1|Gigalith, M|
|poke|p1|Rotom-Mow|
|poke|p1|Salazzle, F|
|poke|p2|Dragalge, M|
|poke|p2|Goodra, M|
|poke|p2|Barraskewda, F|
|poke|p2|Klefki, F|
|poke|p2|Slowbro-Galar, F|
|poke|p2|Rotom-Mow|
|rule|Sleep Clause Mod: Limit one foe put to sleep
|rule|Species Clause: Limit one of each Pokémon
|rule|OHKO Clause: OHKO moves are banned
|rule|Evasion Moves Clause: Evasion moves are banned
|rule|Endless Battle Clause: Forcing endless battles is banned
|rule|HP Percentage Mod: HP is shown in percentages
|rule|Dynamax Clause: You cannot dynamax
|teampreview
|inactive|Battle timer is ON: inactive players will automatically lose when time's up. (requested by Heracross2.0)
|
|t:|1598218750
|start
|switch|p1a: Rotom|Rotom-Mow|100/100
|switch|p2a: Rotom|Rotom-Mow|100/100
|turn|1
|
|t:|1598218754
|move|p1a: Rotom|Volt Switch|p2a: Rotom
|-resisted|p2a: Rotom
|-damage|p2a: Rotom|90/100
|
|t:|1598218757
|switch|p1a: Gigalith|Gigalith, M|100/100|[from]move: Volt Switch
|-weather|Sandstorm|[from] ability: Sand Stream|[of] p1a: Gigalith
|move|p2a: Rotom|Volt Switch|p1a: Gigalith
|-damage|p1a: Gigalith|83/100
|
|t:|1598218765
|switch|p2a: Slowbro|Slowbro-Galar, F|100/100|[from]move: Volt Switch
|
|-weather|Sandstorm|[upkeep]
|-damage|p2a: Slowbro|94/100|[from] Sandstorm
|-heal|p2a: Slowbro|100/100|[from] item: Black Sludge
|-heal|p1a: Gigalith|90/100|[from] item: Leftovers
|upkeep
|turn|2
|
|t:|1598218772
|move|p2a: Slowbro|Trick|p1a: Gigalith
|-activate|p2a: Slowbro|move: Trick|[of] p1a: Gigalith
|-item|p1a: Gigalith|Black Sludge|[from] move: Trick
|-item|p2a: Slowbro|Leftovers|[from] move: Trick
|move|p1a: Gigalith|Stealth Rock|p2a: Slowbro
|-sidestart|p2: Heracross2.0|move: Stealth Rock
|
|-weather|Sandstorm|[upkeep]
|-damage|p2a: Slowbro|94/100|[from] Sandstorm
|-heal|p2a: Slowbro|100/100|[from] item: Leftovers
|-damage|p1a: Gigalith|77/100|[from] item: Black Sludge
|upkeep
|turn|3
|
|t:|1598218787
|move|p2a: Slowbro|Sludge Bomb|p1a: Gigalith
|-resisted|p1a: Gigalith
|-damage|p1a: Gigalith|69/100
|-status|p1a: Gigalith|psn
|move|p1a: Gigalith|Earthquake|p2a: Slowbro
|-supereffective|p2a: Slowbro
|-damage|p2a: Slowbro|60/100
|
|-weather|Sandstorm|[upkeep]
|-damage|p2a: Slowbro|54/100|[from] Sandstorm
|-heal|p2a: Slowbro|60/100|[from] item: Leftovers
|-damage|p1a: Gigalith|57/100 psn|[from] item: Black Sludge
|-damage|p1a: Gigalith|45/100 psn|[from] psn
|upkeep
|turn|4
|
|t:|1598218796
|switch|p1a: Rotom|Rotom-Mow|100/100
|move|p2a: Slowbro|Block|p1a: Rotom
|-activate|p1a: Rotom|trapped
|
|-weather|Sandstorm|[upkeep]
|-damage|p1a: Rotom|94/100|[from] Sandstorm
|-damage|p2a: Slowbro|54/100|[from] Sandstorm
|-heal|p2a: Slowbro|60/100|[from] item: Leftovers
|upkeep
|turn|5
|j| Rose Persistence
|
|t:|1598218800
|move|p1a: Rotom|Trick|p2a: Slowbro
|-activate|p1a: Rotom|move: Trick|[of] p2a: Slowbro
|-item|p2a: Slowbro|Choice Scarf|[from] move: Trick
|-item|p1a: Rotom|Leftovers|[from] move: Trick
|move|p2a: Slowbro|Sludge Bomb|p1a: Rotom
|-supereffective|p1a: Rotom
|-damage|p1a: Rotom|16/100
|
|-weather|none
|-heal|p1a: Rotom|22/100|[from] item: Leftovers
|upkeep
|turn|6
|
|t:|1598218807
|move|p1a: Rotom|Volt Switch|p2a: Slowbro
|-damage|p2a: Slowbro|21/100
|
|t:|1598218823
|switch|p1a: Gigalith|Gigalith, M|45/100 psn|[from]move: Volt Switch
|-weather|Sandstorm|[from] ability: Sand Stream|[of] p1a: Gigalith
|move|p2a: Slowbro|Sludge Bomb|p1a: Gigalith
|-resisted|p1a: Gigalith
|-damage|p1a: Gigalith|37/100 psn
|
|-weather|Sandstorm|[upkeep]
|-damage|p2a: Slowbro|15/100|[from] Sandstorm
|-damage|p1a: Gigalith|25/100 psn|[from] item: Black Sludge
|-damage|p1a: Gigalith|13/100 psn|[from] psn
|upkeep
|turn|7
|
|t:|1598218838
|switch|p2a: Klefki|Klefki, F|100/100
|-damage|p2a: Klefki|95/100|[from] Stealth Rock
|move|p1a: Gigalith|Rock Blast|p2a: Klefki
|-resisted|p2a: Klefki
|-damage|p2a: Klefki|87/100
|-resisted|p2a: Klefki
|-damage|p2a: Klefki|80/100
|-resisted|p2a: Klefki
|-damage|p2a: Klefki|73/100
|-hitcount|p2a: Klefki|3
|
|-weather|Sandstorm|[upkeep]
|-heal|p2a: Klefki|79/100|[from] item: Leftovers
|-damage|p1a: Gigalith|0 fnt|[from] item: Black Sludge
|faint|p1a: Gigalith
|upkeep
|
|t:|1598218849
|switch|p1a: Salazzle|Salazzle, F|100/100
|turn|8
|
|t:|1598218852
|move|p2a: Klefki|Thunder Wave|p1a: Salazzle
|-status|p1a: Salazzle|par
|cant|p1a: Salazzle|par
|
|-weather|Sandstorm|[upkeep]
|-damage|p1a: Salazzle|94/100 par|[from] Sandstorm
|-heal|p2a: Klefki|85/100|[from] item: Leftovers
|upkeep
|turn|9
|
|t:|1598218864
|move|p2a: Klefki|Defog|p1a: Salazzle
|-unboost|p1a: Salazzle|evasion|1
|-sideend|p2: Heracross2.0|Stealth Rock|[from] move: Defog|[of] p2a: Klefki
|move|p1a: Salazzle|Fire Blast|p2a: Klefki
|-supereffective|p2a: Klefki
|-damage|p2a: Klefki|3/100
|-status|p2a: Klefki|brn
|
|-weather|Sandstorm|[upkeep]
|-damage|p1a: Salazzle|88/100 par|[from] Sandstorm
|-heal|p2a: Klefki|9/100 brn|[from] item: Leftovers
|-damage|p2a: Klefki|3/100 brn|[from] brn
|upkeep
|turn|10
|
|t:|1598218869
|switch|p2a: Dragalge|Dragalge, M|100/100
|move|p1a: Salazzle|Knock Off|p2a: Dragalge
|-damage|p2a: Dragalge|83/100
|-enditem|p2a: Dragalge|Choice Specs|[from] move: Knock Off|[of] p1a: Salazzle
|
|-weather|none
|upkeep
|turn|11
|
|t:|1598218880
|switch|p1a: Rotom|Rotom-Mow|22/100
|move|p2a: Dragalge|Flip Turn|p1a: Rotom
|-resisted|p1a: Rotom
|-damage|p1a: Rotom|16/100
|
|t:|1598218885
|switch|p2a: Rotom|Rotom-Mow|90/100|[from]move: Flip Turn
|
|-heal|p1a: Rotom|22/100|[from] item: Leftovers
|upkeep
|turn|12
|
|t:|1598218908
|move|p2a: Rotom|Volt Switch|p1a: Rotom
|-resisted|p1a: Rotom
|-damage|p1a: Rotom|13/100
|
|t:|1598218911
|switch|p2a: Slowbro|Slowbro-Galar, F|48/100|[from]move: Volt Switch
|move|p1a: Rotom|Trick|p2a: Slowbro
|-activate|p1a: Rotom|move: Trick|[of] p2a: Slowbro
|-item|p2a: Slowbro|Leftovers|[from] move: Trick
|-item|p1a: Rotom|Choice Scarf|[from] move: Trick
|
|-heal|p2a: Slowbro|54/100|[from] item: Leftovers
|upkeep
|turn|13
|
|t:|1598218922
|move|p1a: Rotom|Volt Switch|p2a: Slowbro
|-damage|p2a: Slowbro|16/100
|
|t:|1598218934
|switch|p1a: Salazzle|Salazzle, F|88/100 par|[from]move: Volt Switch
|move|p2a: Slowbro|Sludge Bomb|p1a: Salazzle
|-resisted|p1a: Salazzle
|-damage|p1a: Salazzle|59/100 par
|
|-heal|p2a: Slowbro|22/100|[from] item: Leftovers
|upkeep
|turn|14
|j| jaytop31
|
|t:|1598218942
|switch|p2a: Dragalge|Dragalge, M|83/100
|move|p1a: Salazzle|Toxic|p2a: Dragalge
|-status|p2a: Dragalge|tox
|
|-damage|p2a: Dragalge|77/100 tox|[from] psn
|upkeep
|turn|15
|
|t:|1598218954
|move|p1a: Salazzle|Sludge Wave|p2a: Dragalge
|-resisted|p2a: Dragalge
|-damage|p2a: Dragalge|55/100 tox
|move|p2a: Dragalge|Sludge Wave|p1a: Salazzle
|-resisted|p1a: Salazzle
|-damage|p1a: Salazzle|3/100 par
|
|-damage|p2a: Dragalge|44/100 tox|[from] psn
|upkeep
|turn|16
|
|t:|1598218957
|move|p1a: Salazzle|Sludge Wave|p2a: Dragalge
|-resisted|p2a: Dragalge
|-damage|p2a: Dragalge|23/100 tox
|move|p2a: Dragalge|Flip Turn|p1a: Salazzle
|-supereffective|p1a: Salazzle
|-damage|p1a: Salazzle|0 fnt
|faint|p1a: Salazzle
|
|t:|1598218964
|switch|p2a: Klefki|Klefki, F|3/100 brn|[from]move: Flip Turn
|
|-heal|p2a: Klefki|9/100 brn|[from] item: Leftovers
|-damage|p2a: Klefki|3/100 brn|[from] brn
|upkeep
|inactive|Rult3ro gray has 120 seconds left.
|
|t:|1598219007
|switch|p1a: Rotom|Rotom-Mow|13/100
|turn|17
|
|t:|1598219011
|move|p2a: Klefki|Spikes|p1a: Rotom
|-sidestart|p1: Rult3ro gray|Spikes
|move|p1a: Rotom|Volt Switch|p2a: Klefki
|-crit|p2a: Klefki
|-damage|p2a: Klefki|0 fnt
|faint|p2a: Klefki
|inactive|Rult3ro gray has 120 seconds left.
|l| jaytop31
|inactive|Rult3ro gray has 90 seconds left.
|inactive|Rult3ro gray has 60 seconds left.
|
|t:|1598219101
|switch|p1a: Golisopod|Golisopod, M|100/100|[from]move: Volt Switch
|
|upkeep
|
|t:|1598219107
|switch|p2a: Slowbro|Slowbro-Galar, F|55/100
|turn|18
|
|t:|1598219111
|move|p1a: Golisopod|Knock Off|p2a: Slowbro
|-supereffective|p2a: Slowbro
|-damage|p2a: Slowbro|13/100
|-enditem|p2a: Slowbro|Leftovers|[from] move: Knock Off|[of] p1a: Golisopod
|move|p2a: Slowbro|Sludge Bomb|p1a: Golisopod
|-damage|p1a: Golisopod|67/100
|
|upkeep
|turn|19
|
|t:|1598219118
|move|p1a: Golisopod|Knock Off|p2a: Slowbro
|-supereffective|p2a: Slowbro
|-damage|p2a: Slowbro|0 fnt
|faint|p2a: Slowbro
|
|upkeep
|
|t:|1598219121
|switch|p2a: Rotom|Rotom-Mow|90/100
|turn|20
|inactive|Rult3ro gray has 60 seconds left.
|
|t:|1598219162
|switch|p1a: Gardevoir|Gardevoir, F|100/100
|-damage|p1a: Gardevoir|88/100|[from] Spikes
|-ability|p1a: Gardevoir|Levitate|[from] ability: Trace|[of] p2a: Rotom
|move|p2a: Rotom|Volt Switch|p1a: Gardevoir
|-damage|p1a: Gardevoir|53/100
|
|t:|1598219174
|switch|p2a: Barraskewda|Barraskewda, F|100/100|[from]move: Volt Switch
|
|upkeep
|turn|21
|
|t:|1598219189
|move|p2a: Barraskewda|Flip Turn|p1a: Gardevoir
|-damage|p1a: Gardevoir|0 fnt
|faint|p1a: Gardevoir
|
|t:|1598219199
|switch|p2a: Dragalge|Dragalge, M|23/100 tox|[from]move: Flip Turn
|
|-damage|p2a: Dragalge|17/100 tox|[from] psn
|upkeep
|inactive|Rult3ro gray has 30 seconds left.
|
|t:|1598219226
|switch|p1a: Bewear|Bewear, M|100/100
|-damage|p1a: Bewear|88/100|[from] Spikes
|turn|22
|
|t:|1598219230
|move|p1a: Bewear|Darkest Lariat|p2a: Dragalge
|-damage|p2a: Dragalge|0 fnt
|faint|p2a: Dragalge
|
|upkeep
|
|t:|1598219236
|switch|p2a: Goodra|Goodra, M|100/100
|turn|23
|inactive|Rult3ro gray has 30 seconds left.
|inactive|Rult3ro gray has 20 seconds left.
|inactive|Rult3ro gray has 15 seconds left.
|inactive|Rult3ro gray has 10 seconds left.
|inactive|Rult3ro gray has 5 seconds left.
|
|t:|1598219289
|move|p2a: Goodra|Draco Meteor|p1a: Bewear
|-damage|p1a: Bewear|0 fnt
|-unboost|p2a: Goodra|spa|2
|faint|p1a: Bewear
|
|upkeep
|inactive|Rult3ro gray has 10 seconds left this turn.
|
|t:|1598219291
|switch|p1a: Golisopod|Golisopod, M|67/100
|turn|24
|inactive|Rult3ro gray has 20 seconds left this turn.
|
|t:|1598219297
|move|p1a: Golisopod|First Impression|p2a: Goodra
|-damage|p2a: Goodra|32/100
|move|p2a: Goodra|Draco Meteor|p1a: Golisopod
|-damage|p1a: Golisopod|17/100
|-unboost|p2a: Goodra|spa|2
|-activate|p1a: Golisopod|ability: Emergency Exit
|inactive|Rult3ro gray has 25 seconds left this turn.
|
|t:|1598219299
|switch|p1a: Rotom|Rotom-Mow|13/100
|
|upkeep
|turn|25
|
|t:|1598219303
|move|p1a: Rotom|Volt Switch|p2a: Goodra
|-resisted|p2a: Goodra
|-damage|p2a: Goodra|20/100
|
|t:|1598219306
|switch|p1a: Golisopod|Golisopod, M|17/100|[from]move: Volt Switch
|move|p2a: Goodra|Draco Meteor|p1a: Golisopod
|-damage|p1a: Golisopod|0 fnt
|-unboost|p2a: Goodra|spa|2
|faint|p1a: Golisopod
|
|upkeep
|
|t:|1598219313
|switch|p1a: Rotom|Rotom-Mow|13/100
|turn|26
|c|☆Heracross2.0|gg
|
|t:|1598219315
|move|p1a: Rotom|Volt Switch|p2a: Goodra
|-resisted|p2a: Goodra
|-damage|p2a: Goodra|9/100
|move|p2a: Goodra|Draco Meteor|p1a: Rotom
|-damage|p1a: Rotom|0 fnt
|faint|p1a: Rotom
|
|win|Heracross2.0
|l|☆Rult3ro gray
|raw|Rult3ro gray's rating: 1592 &rarr; <strong>1559</strong><br />(-33 for losing)
|raw|Heracross2.0's rating: 1324 &rarr; <strong>1357</strong><br />(+33 for winning)
