|j|☆Tester482
|j|☆uprising 007
|t:|1645809682
|gametype|singles
|player|p1|Tester482|wattson|1476
|player|p2|uprising 007|unknown|1472
|teamsize|p1|6
|teamsize|p2|6
|gen|8
|tier|[Gen 8] RU
|rated|
|rule|Sleep Clause Mod: Limit one foe put to sleep
|rule|Species Clause: Limit one of each Pokémon
|rule|OHKO Clause: OHKO moves are banned
|rule|Evasion Moves Clause: Evasion moves are banned
|rule|Endless Battle Clause: Forcing endless battles is banned
|rule|HP Percentage Mod: HP is shown in percentages
|rule|Dynamax Clause: You cannot dynamax
|clearpoke
|poke|p1|Morpeko, F|
|poke|p1|Arcanine, M|
|poke|p1|Drifblim, F|
|poke|p1|Noivern, M|
|poke|p1|Cobalion|
|poke|p1|Mudsdale, M|
|poke|p2|Gallade, M|
|poke|p2|Suicune|
|poke|p2|Decidueye, M|
|poke|p2|Scrafty, M|
|poke|p2|Steelix, M|
|poke|p2|Togekiss, F|
|teampreview
|
|t:|1645809701
|start
|switch|p1a: Cobalion|Cobalion|100/100
|switch|p2a: Gallade|Gallade, M, shiny|100/100
|turn|1
|inactive|Battle timer is ON: inactive players will automatically lose when time's up. (requested by uprising 007)
|
|t:|1645809707
|move|p2a: Gallade|Knock Off|p1a: Cobalion
|-resisted|p1a: Cobalion
|-damage|p1a: Cobalion|86/100
|-ability|p1a: Cobalion|Justified|boost
|-boost|p1a: Cobalion|atk|1
|-enditem|p1a: Cobalion|Leftovers|[from] move: Knock Off|[of] p2a: Gallade
|move|p1a: Cobalion|Stealth Rock|p2a: Gallade
|-sidestart|p2: uprising 007|move: Stealth Rock
|
|upkeep
|turn|2
|
|t:|1645809727
|switch|p2a: Suicune|Suicune|100/100
|-damage|p2a: Suicune|88/100|[from] Stealth Rock
|-ability|p2a: Suicune|Pressure
|move|p1a: Cobalion|Iron Head|p2a: Suicune
|-resisted|p2a: Suicune
|-damage|p2a: Suicune|74/100
|
|-heal|p2a: Suicune|80/100|[from] item: Leftovers
|upkeep
|turn|3
|
|t:|1645809736
|move|p1a: Cobalion|Toxic|p2a: Suicune
|-status|p2a: Suicune|tox
|move|p2a: Suicune|Scald|p1a: Cobalion
|-damage|p1a: Cobalion|49/100
|
|-heal|p2a: Suicune|86/100 tox|[from] item: Leftovers
|-damage|p2a: Suicune|80/100 tox|[from] psn
|upkeep
|turn|4
|
|t:|1645809746
|switch|p1a: Drifblim|Drifblim, F|100/100
|move|p2a: Suicune|Scald|p1a: Drifblim
|-damage|p1a: Drifblim|70/100
|
|-heal|p2a: Suicune|86/100 tox|[from] item: Leftovers
|-damage|p2a: Suicune|74/100 tox|[from] psn
|upkeep
|turn|5
|
|t:|1645809754
|move|p1a: Drifblim|Hex|p2a: Suicune
|-crit|p2a: Suicune
|-damage|p2a: Suicune|17/100 tox
|move|p2a: Suicune|Rest|p2a: Suicune
|-status|p2a: Suicune|slp|[from] move: Rest
|-heal|p2a: Suicune|100/100 slp|[silent]
|
|upkeep
|turn|6
|
|t:|1645809778
|switch|p1a: Cobalion|Cobalion|49/100
|switch|p2a: Scrafty|Scrafty, M|100/100
|-damage|p2a: Scrafty|94/100|[from] Stealth Rock
|
|-heal|p2a: Scrafty|100/100|[from] item: Leftovers
|upkeep
|turn|7
|
|t:|1645809789
|switch|p2a: Togekiss|Togekiss, F|100/100
|move|p1a: Cobalion|Close Combat|p2a: Togekiss
|-resisted|p2a: Togekiss
|-damage|p2a: Togekiss|89/100
|-unboost|p1a: Cobalion|def|1
|-unboost|p1a: Cobalion|spd|1
|
|upkeep
|turn|8
|
|t:|1645809800
|move|p1a: Cobalion|Iron Head|p2a: Togekiss
|-supereffective|p2a: Togekiss
|-damage|p2a: Togekiss|24/100
|move|p2a: Togekiss|Air Slash|p1a: Cobalion
|-damage|p1a: Cobalion|0 fnt
|faint|p1a: Cobalion
|
|upkeep
|
|t:|1645809811
|switch|p1a: Morpeko|Morpeko, F|100/100
|turn|9
|
|t:|1645809820
|switch|p2a: Steelix|Steelix, M|100/100
|-damage|p2a: Steelix|97/100|[from] Stealth Rock
|move|p1a: Morpeko|Aura Wheel|p2a: Steelix
|-immune|p2a: Steelix
|
|-heal|p2a: Steelix|100/100|[from] item: Leftovers
|-formechange|p1a: Morpeko|Morpeko-Hangry||[from] ability: Hunger Switch
|upkeep
|turn|10
|
|t:|1645809829
|switch|p1a: Mudsdale|Mudsdale, M|100/100
|move|p2a: Steelix|Stealth Rock|p1a: Mudsdale
|-sidestart|p1: Tester482|move: Stealth Rock
|
|upkeep
|turn|11
|
|t:|1645809840
|move|p1a: Mudsdale|Heavy Slam|p2a: Steelix
|-resisted|p2a: Steelix
|-damage|p2a: Steelix|96/100
|move|p2a: Steelix|Toxic|p1a: Mudsdale
|-status|p1a: Mudsdale|tox
|
|-heal|p2a: Steelix|100/100|[from] item: Leftovers
|-damage|p1a: Mudsdale|94/100 tox|[from] psn
|upkeep
|turn|12
|
|t:|1645809853
|switch|p2a: Decidueye|Decidueye, M|100/100
|move|p1a: Mudsdale|Earthquake|p2a: Decidueye
|-resisted|p2a: Decidueye
|-damage|p2a: Decidueye|76/100
|
|-damage|p1a: Mudsdale|82/100 tox|[from] psn
|upkeep
|turn|13
|
|t:|1645809860
|move|p2a: Decidueye|Spirit Shackle|p1a: Mudsdale
|-damage|p1a: Mudsdale|60/100 tox
|-activate|p1a: Mudsdale|trapped
|-ability|p1a: Mudsdale|Stamina|boost
|-boost|p1a: Mudsdale|def|1
|move|p1a: Mudsdale|Heavy Slam|p2a: Decidueye
|-damage|p2a: Decidueye|34/100
|
|-damage|p1a: Mudsdale|41/100 tox|[from] psn
|upkeep
|turn|14
|
|t:|1645809871
|move|p2a: Decidueye|Roost|p2a: Decidueye
|-heal|p2a: Decidueye|84/100
|-singleturn|p2a: Decidueye|move: Roost
|move|p1a: Mudsdale|Heavy Slam|p2a: Decidueye
|-damage|p2a: Decidueye|46/100
|
|-damage|p1a: Mudsdale|16/100 tox|[from] psn
|upkeep
|turn|15
|
|t:|1645809878
|move|p2a: Decidueye|Roost|p2a: Decidueye
|-heal|p2a: Decidueye|96/100
|-singleturn|p2a: Decidueye|move: Roost
|move|p1a: Mudsdale|Heavy Slam|p2a: Decidueye
|-damage|p2a: Decidueye|54/100
|
|-damage|p1a: Mudsdale|0 fnt|[from] psn
|faint|p1a: Mudsdale
|upkeep
|
|t:|1645809883
|switch|p1a: Morpeko|Morpeko, F|100/100
|-damage|p1a: Morpeko|88/100|[from] Stealth Rock
|turn|16
|
|t:|1645809896
|move|p1a: Morpeko|Crunch|p2a: Decidueye
|-supereffective|p2a: Decidueye
|-damage|p2a: Decidueye|0 fnt
|faint|p2a: Decidueye
|-damage|p1a: Morpeko|78/100|[from] item: Life Orb
|
|-formechange|p1a: Morpeko|Morpeko-Hangry||[from] ability: Hunger Switch
|upkeep
|
|t:|1645809908
|switch|p2a: Gallade|Gallade, M, shiny|100/100
|-damage|p2a: Gallade|94/100|[from] Stealth Rock
|turn|17
|
|t:|1645809913
|move|p1a: Morpeko|Protect|p1a: Morpeko
|-singleturn|p1a: Morpeko|Protect
|move|p2a: Gallade|Knock Off|p1a: Morpeko
|-activate|p1a: Morpeko|move: Protect
|
|-formechange|p1a: Morpeko|Morpeko||[from] ability: Hunger Switch
|upkeep
|turn|18
|
|t:|1645809920
|switch|p2a: Steelix|Steelix, M|100/100
|-damage|p2a: Steelix|97/100|[from] Stealth Rock
|move|p1a: Morpeko|Rapid Spin|p2a: Steelix
|-resisted|p2a: Steelix
|-damage|p2a: Steelix|93/100
|-boost|p1a: Morpeko|spe|1
|-sideend|p1: Tester482|Stealth Rock|[from] move: Rapid Spin|[of] p1a: Morpeko
|-damage|p1a: Morpeko|69/100|[from] item: Life Orb
|
|-heal|p2a: Steelix|99/100|[from] item: Leftovers
|-formechange|p1a: Morpeko|Morpeko-Hangry||[from] ability: Hunger Switch
|upkeep
|turn|19
|
|t:|1645809936
|move|p1a: Morpeko|Aura Wheel|p2a: Steelix
|-damage|p2a: Steelix|69/100
|-boost|p1a: Morpeko|spe|1
|-damage|p1a: Morpeko|59/100|[from] item: Life Orb
|move|p2a: Steelix|Stealth Rock|p1a: Morpeko
|-sidestart|p1: Tester482|move: Stealth Rock
|
|-heal|p2a: Steelix|76/100|[from] item: Leftovers
|-formechange|p1a: Morpeko|Morpeko||[from] ability: Hunger Switch
|upkeep
|turn|20
|
|t:|1645809946
|move|p1a: Morpeko|Rapid Spin|p2a: Steelix
|-resisted|p2a: Steelix
|-damage|p2a: Steelix|71/100
|-boost|p1a: Morpeko|spe|1
|-sideend|p1: Tester482|Stealth Rock|[from] move: Rapid Spin|[of] p1a: Morpeko
|-damage|p1a: Morpeko|49/100|[from] item: Life Orb
|move|p2a: Steelix|Stealth Rock|p1a: Morpeko
|-sidestart|p1: Tester482|move: Stealth Rock
|
|-heal|p2a: Steelix|77/100|[from] item: Leftovers
|-formechange|p1a: Morpeko|Morpeko-Hangry||[from] ability: Hunger Switch
|upkeep
|turn|21
|
|t:|1645809960
|move|p1a: Morpeko|Aura Wheel|p2a: Steelix
|-damage|p2a: Steelix|46/100
|-boost|p1a: Morpeko|spe|1
|-damage|p1a: Morpeko|39/100|[from] item: Life Orb
|move|p2a: Steelix|Body Press|p1a: Morpeko
|-supereffective|p1a: Morpeko
|-damage|p1a: Morpeko|0 fnt
|faint|p1a: Morpeko
|
|-heal|p2a: Steelix|52/100|[from] item: Leftovers
|upkeep
|
|t:|1645809971
|switch|p1a: Noivern|Noivern, M|100/100
|-damage|p1a: Noivern|75/100|[from] Stealth Rock
|turn|22
|
|t:|1645809977
|move|p1a: Noivern|Flamethrower|p2a: Steelix
|-supereffective|p2a: Steelix
|-damage|p2a: Steelix|0 fnt
|faint|p2a: Steelix
|
|upkeep
|
|t:|1645809985
|switch|p2a: Gallade|Gallade, M, shiny|94/100
|-damage|p2a: Gallade|88/100|[from] Stealth Rock
|turn|23
|
|t:|1645809998
|move|p2a: Gallade|Knock Off|p1a: Noivern
|-damage|p1a: Noivern|30/100
|-enditem|p1a: Noivern|Choice Specs|[from] move: Knock Off|[of] p2a: Gallade
|move|p1a: Noivern|Flamethrower|p2a: Gallade
|-damage|p2a: Gallade|60/100
|
|upkeep
|turn|24
|
|t:|1645810005
|move|p2a: Gallade|Knock Off|p1a: Noivern
|-damage|p1a: Noivern|0 fnt
|faint|p1a: Noivern
|
|upkeep
|
|t:|1645810010
|switch|p1a: Drifblim|Drifblim, F|70/100
|-damage|p1a: Drifblim|45/100|[from] Stealth Rock
|-enditem|p1a: Drifblim|Sitrus Berry|[eat]
|-heal|p1a: Drifblim|70/100|[from] item: Sitrus Berry
|turn|25
|
|t:|1645810016
|switch|p2a: Scrafty|Scrafty, M|100/100
|-damage|p2a: Scrafty|94/100|[from] Stealth Rock
|move|p1a: Drifblim|Will-O-Wisp|p2a: Scrafty
|-status|p2a: Scrafty|brn
|
|-heal|p2a: Scrafty|100/100 brn|[from] item: Leftovers
|-damage|p2a: Scrafty|94/100 brn|[from] brn
|upkeep
|turn|26
|
|t:|1645810025
|move|p1a: Drifblim|Hex|p2a: Scrafty
|-resisted|p2a: Scrafty
|-damage|p2a: Scrafty|72/100 brn
|move|p2a: Scrafty|Bulk Up|p2a: Scrafty
|-boost|p2a: Scrafty|atk|1
|-boost|p2a: Scrafty|def|1
|
|-heal|p2a: Scrafty|78/100 brn|[from] item: Leftovers
|-damage|p2a: Scrafty|72/100 brn|[from] brn
|upkeep
|turn|27
|
|t:|1645810036
|move|p1a: Drifblim|Hex|p2a: Scrafty
|-resisted|p2a: Scrafty
|-damage|p2a: Scrafty|50/100 brn
|move|p2a: Scrafty|Bulk Up|p2a: Scrafty
|-boost|p2a: Scrafty|atk|1
|-boost|p2a: Scrafty|def|1
|
|-heal|p2a: Scrafty|56/100 brn|[from] item: Leftovers
|-damage|p2a: Scrafty|50/100 brn|[from] brn
|upkeep
|turn|28
|
|t:|1645810045
|move|p1a: Drifblim|Hex|p2a: Scrafty
|-resisted|p2a: Scrafty
|-damage|p2a: Scrafty|30/100 brn
|move|p2a: Scrafty|Bulk Up|p2a: Scrafty
|-boost|p2a: Scrafty|atk|1
|-boost|p2a: Scrafty|def|1
|
|-heal|p2a: Scrafty|37/100 brn|[from] item: Leftovers
|-damage|p2a: Scrafty|30/100 brn|[from] brn
|upkeep
|turn|29
|
|t:|1645810054
|move|p1a: Drifblim|Hex|p2a: Scrafty
|-resisted|p2a: Scrafty
|-damage|p2a: Scrafty|11/100 brn
|move|p2a: Scrafty|Rest|p2a: Scrafty
|-status|p2a: Scrafty|slp|[from] move: Rest
|-heal|p2a: Scrafty|100/100 slp|[silent]
|
|upkeep
|turn|30
|
|t:|1645810074
|move|p1a: Drifblim|Strength Sap|p2a: Scrafty
|-unboost|p2a: Scrafty|atk|1
|-heal|p1a: Drifblim|100/100
|cant|p2a: Scrafty|slp
|
|upkeep
|turn|31
|
|t:|1645810081
|move|p1a: Drifblim|Hex|p2a: Scrafty
|-resisted|p2a: Scrafty
|-damage|p2a: Scrafty|79/100 slp
|cant|p2a: Scrafty|slp
|
|-heal|p2a: Scrafty|85/100 slp|[from] item: Leftovers
|upkeep
|turn|32
|
|t:|1645810087
|move|p1a: Drifblim|Hex|p2a: Scrafty
|-resisted|p2a: Scrafty
|-damage|p2a: Scrafty|63/100 slp
|-curestatus|p2a: Scrafty|slp|[msg]
|move|p2a: Scrafty|Knock Off|p1a: Drifblim
|-supereffective|p1a: Drifblim
|-damage|p1a: Drifblim|0 fnt
|faint|p1a: Drifblim
|
|-heal|p2a: Scrafty|69/100|[from] item: Leftovers
|upkeep
|
|t:|1645810095
|switch|p1a: Arcanine|Arcanine, M|100/100
|-ability|p1a: Arcanine|Intimidate|boost
|-unboost|p2a: Scrafty|atk|1
|turn|33
|
|t:|1645810099
|move|p1a: Arcanine|Close Combat|p2a: Scrafty
|-supereffective|p2a: Scrafty
|-damage|p2a: Scrafty|35/100
|-unboost|p1a: Arcanine|def|1
|-unboost|p1a: Arcanine|spd|1
|move|p2a: Scrafty|Knock Off|p1a: Arcanine
|-damage|p1a: Arcanine|19/100
|-enditem|p1a: Arcanine|Heavy-Duty Boots|[from] move: Knock Off|[of] p2a: Scrafty
|
|-heal|p2a: Scrafty|41/100|[from] item: Leftovers
|upkeep
|turn|34
|
|t:|1645810108
|move|p1a: Arcanine|Close Combat|p2a: Scrafty
|-supereffective|p2a: Scrafty
|-damage|p2a: Scrafty|9/100
|-unboost|p1a: Arcanine|def|1
|-unboost|p1a: Arcanine|spd|1
|move|p2a: Scrafty|Drain Punch|p1a: Arcanine
|-damage|p1a: Arcanine|0 fnt
|-heal|p2a: Scrafty|21/100|[from] drain|[of] p1a: Arcanine
|faint|p1a: Arcanine
|
|win|uprising 007
|raw|Tester482's rating: 1460 &rarr; <strong>1439</strong><br />(-21 for losing)
|raw|uprising 007's rating: 1442 &rarr; <strong>1463</strong><br />(+21 for winning)
|l|☆Tester482
