|j|☆hjkhj ㋛
|j|☆Mr. Aldo
|t:|1668294094
|gametype|singles
|player|p1|hjkhj ㋛|170|
|player|p2|Mr. Aldo|#ruplixsleekslushrushers|
|teamsize|p1|6
|teamsize|p2|6
|gen|8
|tier|[Gen 8] RU
|rule|Sleep Clause Mod: Limit one foe put to sleep
|rule|Species Clause: Limit one of each Pokémon
|rule|OHKO Clause: OHKO moves are banned
|rule|Evasion Items Clause: Evasion items are banned
|rule|Evasion Moves Clause: Evasion moves are banned
|rule|Endless Battle Clause: Forcing endless battles is banned
|rule|HP Percentage Mod: HP is shown in percentages
|rule|Dynamax Clause: You cannot dynamax
|clearpoke
|poke|p1|Weezing-Galar, F|
|poke|p1|Crobat, M|
|poke|p1|Steelix, F|
|poke|p1|Reuniclus, F|
|poke|p1|Jellicent, M|
|poke|p1|Guzzlord|
|poke|p2|Salazzle, F|
|poke|p2|Togekiss, F|
|poke|p2|Heliolisk, M|
|poke|p2|Bronzong|
|poke|p2|Flygon, F|
|poke|p2|Heracross, M|
|teampreview
|inactive|Battle timer is ON: inactive players will automatically lose when time's up. (requested by hjkhj ㋛)
|j| Lady Writer ☾
|j| DOOR MONEY
|inactive|Mr. Aldo has 270 seconds left.
|
|t:|1668294128
|start
|switch|p1a: Guzzlord|Guzzlord|100/100
|switch|p2a: Bronzong|Bronzong|100/100
|turn|1
|
|t:|1668294133
|move|p1a: Guzzlord|Knock Off|p2a: Bronzong
|-supereffective|p2a: Bronzong
|-damage|p2a: Bronzong|33/100
|-enditem|p2a: Bronzong|Leftovers|[from] move: Knock Off|[of] p1a: Guzzlord
|move|p2a: Bronzong|Stealth Rock|p1a: Guzzlord
|-sidestart|p1: hjkhj ㋛|move: Stealth Rock
|
|upkeep
|turn|2
|
|t:|1668294143
|switch|p2a: Heracross|Heracross, M|100/100
|move|p1a: Guzzlord|Heavy Slam|p2a: Heracross
|-damage|p2a: Heracross|50/100
|
|upkeep
|turn|3
|
|t:|1668294155
|switch|p2a: Heliolisk|Heliolisk, M|100/100
|switch|p1a: Weezing|Weezing-Galar, F|100/100
|-damage|p1a: Weezing|88/100|[from] Stealth Rock
|
|upkeep
|turn|4
|
|t:|1668294162
|switch|p1a: Reuniclus|Reuniclus, F|100/100
|move|p2a: Heliolisk|Hyper Voice|p1a: Reuniclus
|-damage|p1a: Reuniclus|68/100
|
|upkeep
|turn|5
|
|t:|1668294171
|move|p2a: Heliolisk|U-turn|p1a: Reuniclus
|-supereffective|p1a: Reuniclus
|-damage|p1a: Reuniclus|54/100
|
|t:|1668294178
|switch|p2a: Heracross|Heracross, M|50/100|[from]move: U-turn
|move|p1a: Reuniclus|Recover|p1a: Reuniclus
|-heal|p1a: Reuniclus|100/100
|
|upkeep
|turn|6
|
|t:|1668294189
|switch|p2a: Heliolisk|Heliolisk, M|100/100
|switch|p1a: Weezing|Weezing-Galar, F|88/100
|-damage|p1a: Weezing|76/100|[from] Stealth Rock
|
|upkeep
|turn|7
|
|t:|1668294198
|switch|p1a: Reuniclus|Reuniclus, F|100/100
|move|p2a: Heliolisk|Thunderbolt|p1a: Reuniclus
|-damage|p1a: Reuniclus|68/100
|
|upkeep
|turn|8
|j| goinforasmoke
|
|t:|1668294208
|move|p2a: Heliolisk|Thunderbolt|p1a: Reuniclus
|-damage|p1a: Reuniclus|35/100
|move|p1a: Reuniclus|Recover|p1a: Reuniclus
|-heal|p1a: Reuniclus|85/100
|
|upkeep
|turn|9
|
|t:|1668294213
|move|p2a: Heliolisk|U-turn|p1a: Reuniclus
|-supereffective|p1a: Reuniclus
|-damage|p1a: Reuniclus|72/100
|
|t:|1668294216
|switch|p2a: Bronzong|Bronzong|33/100|[from]move: U-turn
|move|p1a: Reuniclus|Psychic|p2a: Bronzong
|-resisted|p2a: Bronzong
|-damage|p2a: Bronzong|26/100
|
|upkeep
|turn|10
|
|t:|1668294222
|switch|p2a: Togekiss|Togekiss, F|100/100
|switch|p1a: Steelix|Steelix, F|100/100
|-damage|p1a: Steelix|97/100|[from] Stealth Rock
|
|-heal|p1a: Steelix|100/100|[from] item: Leftovers
|upkeep
|turn|11
|
|t:|1668294231
|switch|p2a: Bronzong|Bronzong|26/100
|move|p1a: Steelix|Heavy Slam|p2a: Bronzong
|-resisted|p2a: Bronzong
|-damage|p2a: Bronzong|19/100
|
|upkeep
|turn|12
|
|t:|1668294241
|move|p2a: Bronzong|Body Press|p1a: Steelix
|-supereffective|p1a: Steelix
|-damage|p1a: Steelix|76/100
|move|p1a: Steelix|Stealth Rock|p2a: Bronzong
|-sidestart|p2: Mr. Aldo|move: Stealth Rock
|
|-heal|p1a: Steelix|82/100|[from] item: Leftovers
|upkeep
|turn|13
|
|t:|1668294251
|switch|p1a: Crobat|Crobat, M|100/100
|move|p2a: Bronzong|Toxic|p1a: Crobat
|-immune|p1a: Crobat
|
|upkeep
|turn|14
|
|t:|1668294261
|move|p1a: Crobat|Brave Bird|p2a: Bronzong
|-resisted|p2a: Bronzong
|-damage|p2a: Bronzong|5/100
|-damage|p1a: Crobat|96/100|[from] Recoil
|move|p2a: Bronzong|Heavy Slam|p1a: Crobat
|-damage|p1a: Crobat|76/100
|
|upkeep
|turn|15
|
|t:|1668294269
|move|p1a: Crobat|Roost|p1a: Crobat
|-heal|p1a: Crobat|100/100
|-singleturn|p1a: Crobat|move: Roost
|move|p2a: Bronzong|Heavy Slam|p1a: Crobat
|-damage|p1a: Crobat|81/100
|
|upkeep
|turn|16
|
|t:|1668294278
|move|p1a: Crobat|Brave Bird|p2a: Bronzong
|-resisted|p2a: Bronzong
|-damage|p2a: Bronzong|0 fnt
|faint|p2a: Bronzong
|-damage|p1a: Crobat|80/100|[from] Recoil
|
|upkeep
|
|t:|1668294283
|switch|p2a: Heliolisk|Heliolisk, M|100/100
|turn|17
|
|t:|1668294297
|switch|p1a: Steelix|Steelix, F|82/100
|-damage|p1a: Steelix|79/100|[from] Stealth Rock
|move|p2a: Heliolisk|Hyper Voice|p1a: Steelix
|-resisted|p1a: Steelix
|-damage|p1a: Steelix|61/100
|
|-heal|p1a: Steelix|67/100|[from] item: Leftovers
|upkeep
|turn|18
|inactive|hjkhj ㋛ has 270 seconds left.
|
|t:|1668294334
|switch|p1a: Reuniclus|Reuniclus, F|100/100
|move|p2a: Heliolisk|Grass Knot|p1a: Reuniclus
|-damage|p1a: Reuniclus|90/100
|
|upkeep
|turn|19
|
|t:|1668294341
|move|p2a: Heliolisk|Thunderbolt|p1a: Reuniclus
|-damage|p1a: Reuniclus|55/100
|move|p1a: Reuniclus|Psychic|p2a: Heliolisk
|-damage|p2a: Heliolisk|52/100
|
|upkeep
|turn|20
|
|t:|1668294346
|move|p2a: Heliolisk|U-turn|p1a: Reuniclus
|-supereffective|p1a: Reuniclus
|-crit|p1a: Reuniclus
|-damage|p1a: Reuniclus|35/100
|
|t:|1668294349
|switch|p2a: Togekiss|Togekiss, F|100/100|[from]move: U-turn
|move|p1a: Reuniclus|Recover|p1a: Reuniclus
|-heal|p1a: Reuniclus|86/100
|
|upkeep
|turn|21
|
|t:|1668294358
|move|p2a: Togekiss|Nasty Plot|p2a: Togekiss
|-boost|p2a: Togekiss|spa|2
|move|p1a: Reuniclus|Toxic|p2a: Togekiss
|-status|p2a: Togekiss|tox
|
|-damage|p2a: Togekiss|94/100 tox|[from] psn
|upkeep
|turn|22
|
|t:|1668294365
|switch|p1a: Steelix|Steelix, F|67/100
|-damage|p1a: Steelix|64/100|[from] Stealth Rock
|move|p2a: Togekiss|Air Slash|p1a: Steelix
|-resisted|p1a: Steelix
|-damage|p1a: Steelix|33/100
|
|-heal|p1a: Steelix|39/100|[from] item: Leftovers
|-damage|p2a: Togekiss|82/100 tox|[from] psn
|upkeep
|turn|23
|
|t:|1668294375
|move|p2a: Togekiss|Flamethrower|p1a: Steelix
|-supereffective|p1a: Steelix
|-damage|p1a: Steelix|0 fnt
|faint|p1a: Steelix
|
|-damage|p2a: Togekiss|64/100 tox|[from] psn
|upkeep
|
|t:|1668294377
|switch|p1a: Crobat|Crobat, M|80/100
|turn|24
|
|t:|1668294383
|move|p1a: Crobat|Haze|p1a: Crobat
|-clearallboost
|move|p2a: Togekiss|Air Slash|p1a: Crobat
|-damage|p1a: Crobat|46/100
|
|-damage|p2a: Togekiss|39/100 tox|[from] psn
|upkeep
|turn|25
|
|t:|1668294391
|switch|p2a: Flygon|Flygon, F|100/100
|-damage|p2a: Flygon|95/100|[from] Stealth Rock
|move|p1a: Crobat|Roost|p1a: Crobat
|-heal|p1a: Crobat|96/100
|-singleturn|p1a: Crobat|move: Roost
|
|upkeep
|turn|26
|
|t:|1668294407
|move|p2a: Flygon|Stone Edge|p1a: Crobat
|-supereffective|p1a: Crobat
|-damage|p1a: Crobat|30/100
|move|p1a: Crobat|Brave Bird|p2a: Flygon
|-damage|p2a: Flygon|46/100
|-damage|p1a: Crobat|17/100|[from] Recoil
|
|upkeep
|turn|27
|
|t:|1668294416
|switch|p2a: Salazzle|Salazzle, F|100/100
|switch|p1a: Reuniclus|Reuniclus, F|100/100
|
|upkeep
|turn|28
|
|t:|1668294421
|switch|p2a: Togekiss|Togekiss, F|39/100 tox
|move|p1a: Reuniclus|Psychic|p2a: Togekiss
|-damage|p2a: Togekiss|6/100 tox
|-unboost|p2a: Togekiss|spd|1
|
|-damage|p2a: Togekiss|0 fnt|[from] psn
|faint|p2a: Togekiss
|upkeep
|
|t:|1668294429
|switch|p2a: Heracross|Heracross, M|50/100
|turn|29
|
|t:|1668294433
|switch|p1a: Weezing|Weezing-Galar, F|76/100
|-damage|p1a: Weezing|64/100|[from] Stealth Rock
|move|p2a: Heracross|Megahorn|p1a: Weezing
|-resisted|p1a: Weezing
|-damage|p1a: Weezing|53/100
|-damage|p2a: Heracross|33/100|[from] item: Rocky Helmet|[of] p1a: Weezing
|
|upkeep
|turn|30
|
|t:|1668294445
|switch|p2a: Salazzle|Salazzle, F|100/100
|move|p1a: Weezing|Strange Steam|p2a: Salazzle
|-resisted|p2a: Salazzle
|-damage|p2a: Salazzle|88/100
|
|upkeep
|turn|31
|
|t:|1668294453
|switch|p1a: Guzzlord|Guzzlord|100/100
|-damage|p1a: Guzzlord|88/100|[from] Stealth Rock
|move|p2a: Salazzle|Sludge Wave|p1a: Guzzlord
|-damage|p1a: Guzzlord|61/100
|
|-heal|p1a: Guzzlord|67/100|[from] item: Leftovers
|upkeep
|turn|32
|
|t:|1668294466
|switch|p2a: Flygon|Flygon, F|46/100
|-damage|p2a: Flygon|40/100|[from] Stealth Rock
|move|p1a: Guzzlord|Knock Off|p2a: Flygon
|-damage|p2a: Flygon|0 fnt
|-enditem|p2a: Flygon|Choice Scarf|[from] move: Knock Off|[of] p1a: Guzzlord
|faint|p2a: Flygon
|-ability|p1a: Guzzlord|Beast Boost|boost
|-boost|p1a: Guzzlord|atk|1
|
|-heal|p1a: Guzzlord|73/100|[from] item: Leftovers
|upkeep
|
|t:|1668294477
|switch|p2a: Heracross|Heracross, M|33/100
|turn|33
|
|t:|1668294484
|switch|p1a: Weezing|Weezing-Galar, F|53/100
|-damage|p1a: Weezing|40/100|[from] Stealth Rock
|move|p2a: Heracross|Swords Dance|p2a: Heracross
|-boost|p2a: Heracross|atk|2
|
|upkeep
|turn|34
|
|t:|1668294490
|move|p2a: Heracross|Stone Edge|p1a: Weezing
|-damage|p1a: Weezing|0 fnt
|faint|p1a: Weezing
|
|upkeep
|
|t:|1668294493
|switch|p1a: Crobat|Crobat, M|17/100
|turn|35
|
|t:|1668294496
|move|p1a: Crobat|Brave Bird|p2a: Heracross
|-supereffective|p2a: Heracross
|-damage|p2a: Heracross|0 fnt
|faint|p2a: Heracross
|-damage|p1a: Crobat|8/100|[from] Recoil
|
|upkeep
|l| DOOR MONEY
|
|t:|1668294501
|switch|p2a: Salazzle|Salazzle, F|88/100
|turn|36
|
|t:|1668294508
|move|p1a: Crobat|Brave Bird|p2a: Salazzle
|-damage|p2a: Salazzle|11/100
|-damage|p1a: Crobat|0 fnt|[from] Recoil
|faint|p1a: Crobat
|move|p2a: Salazzle|Nasty Plot|p2a: Salazzle
|-boost|p2a: Salazzle|spa|2
|
|upkeep
|
|t:|1668294512
|switch|p1a: Jellicent|Jellicent, M|100/100
|-damage|p1a: Jellicent|88/100|[from] Stealth Rock
|turn|37
|
|t:|1668294519
|move|p2a: Salazzle|Fire Blast|p1a: Jellicent
|-resisted|p1a: Jellicent
|-damage|p1a: Jellicent|45/100
|move|p1a: Jellicent|Hex|p2a: Salazzle
|-damage|p2a: Salazzle|0 fnt
|faint|p2a: Salazzle
|
|upkeep
|j| DOOR MONEY
|
|t:|1668294526
|switch|p2a: Heliolisk|Heliolisk, M|52/100
|turn|38
|
|t:|1668294529
|move|p2a: Heliolisk|Thunderbolt|p1a: Jellicent
|-supereffective|p1a: Jellicent
|-damage|p1a: Jellicent|0 fnt
|faint|p1a: Jellicent
|
|upkeep
|
|t:|1668294531
|switch|p1a: Guzzlord|Guzzlord|73/100
|-damage|p1a: Guzzlord|61/100|[from] Stealth Rock
|turn|39
|
|t:|1668294536
|move|p2a: Heliolisk|Hyper Voice|p1a: Guzzlord
|-damage|p1a: Guzzlord|35/100
|move|p1a: Guzzlord|Knock Off|p2a: Heliolisk
|-damage|p2a: Heliolisk|0 fnt
|-enditem|p2a: Heliolisk|Heavy-Duty Boots|[from] move: Knock Off|[of] p1a: Guzzlord
|faint|p2a: Heliolisk
|
|win|hjkhj ㋛
