|j|☆Copper05
|j|☆Davicin
|t:|1646661237
|gametype|singles
|player|p1|Copper05|bugcatcher-gen4dp|
|player|p2|Davicin|170|
|teamsize|p1|6
|teamsize|p2|6
|gen|8
|tier|[Gen 8] RU
|rule|Sleep Clause Mod: Limit one foe put to sleep
|rule|Species Clause: Limit one of each Pokémon
|rule|OHKO Clause: OHKO moves are banned
|rule|Evasion Moves Clause: Evasion moves are banned
|rule|Endless Battle Clause: Forcing endless battles is banned
|rule|HP Percentage Mod: HP is shown in percentages
|rule|Dynamax Clause: You cannot dynamax
|clearpoke
|poke|p1|Bronzong|
|poke|p1|Marowak-Alola, F|
|poke|p1|Cresselia, F|
|poke|p1|Stakataka|
|poke|p1|Exploud, M|
|poke|p1|Exeggutor-Alola, F|
|poke|p2|Incineroar, F|
|poke|p2|Togekiss, M|
|poke|p2|Heracross, F|
|poke|p2|Reuniclus, M|
|poke|p2|Steelix, F|
|poke|p2|Suicune|
|teampreview
|c|☆Davicin|Ojuuuu jajaja
|
|t:|1646661290
|start
|switch|p1a: Bronzong|Bronzong|100/100
|switch|p2a: Suicune|Suicune, shiny|100/100
|-ability|p2a: Suicune|Pressure
|turn|1
|
|t:|1646661346
|move|p2a: Suicune|Substitute|p2a: Suicune
|-start|p2a: Suicune|Substitute
|-damage|p2a: Suicune|75/100
|move|p1a: Bronzong|Trick Room|p1a: Bronzong
|-fieldstart|move: Trick Room|[of] p1a: Bronzong
|
|-heal|p2a: Suicune|82/100|[from] item: Leftovers
|upkeep
|turn|2
|
|t:|1646661353
|switch|p1a: Exeggutor|Exeggutor-Alola, F|100/100
|-item|p2a: Suicune|Leftovers|[from] ability: Frisk|[of] p1a: Exeggutor|[identify]
|move|p2a: Suicune|Calm Mind|p2a: Suicune
|-boost|p2a: Suicune|spa|1
|-boost|p2a: Suicune|spd|1
|
|-heal|p2a: Suicune|88/100|[from] item: Leftovers
|upkeep
|turn|3
|
|t:|1646661363
|move|p2a: Suicune|Protect|p2a: Suicune
|-singleturn|p2a: Suicune|Protect
|move|p1a: Exeggutor|Giga Drain|p2a: Suicune
|-activate|p2a: Suicune|move: Protect
|
|-heal|p2a: Suicune|94/100|[from] item: Leftovers
|upkeep
|turn|4
|
|t:|1646661386
|move|p1a: Exeggutor|Giga Drain|p2a: Suicune
|-supereffective|p2a: Suicune
|-end|p2a: Suicune|Substitute
|-damage|p1a: Exeggutor|91/100|[from] item: Life Orb
|move|p2a: Suicune|Calm Mind|p2a: Suicune
|-boost|p2a: Suicune|spa|1
|-boost|p2a: Suicune|spd|1
|
|-heal|p2a: Suicune|99/100|[from] item: Leftovers
|upkeep
|turn|5
|
|t:|1646661418
|move|p2a: Suicune|Protect|p2a: Suicune
|-singleturn|p2a: Suicune|Protect
|move|p1a: Exeggutor|Giga Drain|p2a: Suicune
|-activate|p2a: Suicune|move: Protect
|
|-heal|p2a: Suicune|100/100|[from] item: Leftovers
|-fieldend|move: Trick Room
|upkeep
|turn|6
|c|☆Copper05|pufff
|
|t:|1646661426
|move|p2a: Suicune|Substitute|p2a: Suicune
|-start|p2a: Suicune|Substitute
|-damage|p2a: Suicune|75/100
|move|p1a: Exeggutor|Trick Room|p1a: Exeggutor
|-fieldstart|move: Trick Room|[of] p1a: Exeggutor
|
|-heal|p2a: Suicune|82/100|[from] item: Leftovers
|upkeep
|turn|7
|
|t:|1646661446
|switch|p1a: Exploud|Exploud, M|100/100
|move|p2a: Suicune|Calm Mind|p2a: Suicune
|-boost|p2a: Suicune|spa|1
|-boost|p2a: Suicune|spd|1
|
|-heal|p2a: Suicune|88/100|[from] item: Leftovers
|upkeep
|turn|8
|
|t:|1646661455
|move|p2a: Suicune|Protect|p2a: Suicune
|-singleturn|p2a: Suicune|Protect
|move|p1a: Exploud|Boomburst|p2a: Suicune
|-activate|p2a: Suicune|move: Protect
|
|-heal|p2a: Suicune|94/100|[from] item: Leftovers
|upkeep
|turn|9
|
|t:|1646661467
|move|p1a: Exploud|Boomburst|p2a: Suicune
|-damage|p2a: Suicune|67/100
|move|p2a: Suicune|Scald|p1a: Exploud
|-damage|p1a: Exploud|34/100
|
|-heal|p2a: Suicune|74/100|[from] item: Leftovers
|upkeep
|turn|10
|
|t:|1646661478
|move|p2a: Suicune|Protect|p2a: Suicune
|-singleturn|p2a: Suicune|Protect
|move|p1a: Exploud|Boomburst|p2a: Suicune
|-activate|p2a: Suicune|move: Protect
|
|-heal|p2a: Suicune|80/100|[from] item: Leftovers
|-fieldend|move: Trick Room
|upkeep
|turn|11
|
|t:|1646661487
|switch|p1a: Exeggutor|Exeggutor-Alola, F|91/100
|-item|p2a: Suicune|Leftovers|[from] ability: Frisk|[of] p1a: Exeggutor|[identify]
|move|p2a: Suicune|Scald|p1a: Exeggutor
|-resisted|p1a: Exeggutor
|-damage|p1a: Exeggutor|72/100
|
|-heal|p2a: Suicune|86/100|[from] item: Leftovers
|upkeep
|turn|12
|
|t:|1646661498
|move|p2a: Suicune|Calm Mind|p2a: Suicune
|-boost|p2a: Suicune|spa|1
|-boost|p2a: Suicune|spd|1
|move|p1a: Exeggutor|Trick Room|p1a: Exeggutor
|-fieldstart|move: Trick Room|[of] p1a: Exeggutor
|
|-heal|p2a: Suicune|92/100|[from] item: Leftovers
|upkeep
|turn|13
|
|t:|1646661506
|move|p1a: Exeggutor|Giga Drain|p2a: Suicune
|-supereffective|p2a: Suicune
|-end|p2a: Suicune|Substitute
|-heal|p1a: Exeggutor|85/100|[from] drain|[of] p2a: Suicune
|-damage|p1a: Exeggutor|75/100|[from] item: Life Orb
|move|p2a: Suicune|Calm Mind|p2a: Suicune
|-boost|p2a: Suicune|spa|1
|-boost|p2a: Suicune|spd|1
|
|-heal|p2a: Suicune|98/100|[from] item: Leftovers
|upkeep
|turn|14
|
|t:|1646661519
|move|p2a: Suicune|Protect|p2a: Suicune
|-singleturn|p2a: Suicune|Protect
|move|p1a: Exeggutor|Giga Drain|p2a: Suicune
|-activate|p2a: Suicune|move: Protect
|
|-heal|p2a: Suicune|100/100|[from] item: Leftovers
|upkeep
|turn|15
|
|t:|1646661527
|move|p1a: Exeggutor|Giga Drain|p2a: Suicune
|-supereffective|p2a: Suicune
|-damage|p2a: Suicune|77/100
|-heal|p1a: Exeggutor|87/100|[from] drain|[of] p2a: Suicune
|-damage|p1a: Exeggutor|77/100|[from] item: Life Orb
|move|p2a: Suicune|Substitute|p2a: Suicune
|-start|p2a: Suicune|Substitute
|-damage|p2a: Suicune|52/100
|
|-heal|p2a: Suicune|58/100|[from] item: Leftovers
|upkeep
|turn|16
|
|t:|1646661540
|move|p1a: Exeggutor|Flamethrower|p2a: Suicune
|-resisted|p2a: Suicune
|-activate|p2a: Suicune|move: Substitute|[damage]
|-damage|p1a: Exeggutor|68/100|[from] item: Life Orb
|move|p2a: Suicune|Calm Mind|p2a: Suicune
|-boost|p2a: Suicune|spa|1
|-boost|p2a: Suicune|spd|1
|
|-heal|p2a: Suicune|65/100|[from] item: Leftovers
|-fieldend|move: Trick Room
|upkeep
|turn|17
|
|t:|1646661550
|move|p2a: Suicune|Scald|p1a: Exeggutor
|-resisted|p1a: Exeggutor
|-damage|p1a: Exeggutor|41/100
|move|p1a: Exeggutor|Trick Room|p1a: Exeggutor
|-fieldstart|move: Trick Room|[of] p1a: Exeggutor
|
|-heal|p2a: Suicune|71/100|[from] item: Leftovers
|upkeep
|turn|18
|
|t:|1646661564
|move|p1a: Exeggutor|Giga Drain|p2a: Suicune
|-supereffective|p2a: Suicune
|-end|p2a: Suicune|Substitute
|-heal|p1a: Exeggutor|51/100|[from] drain|[of] p2a: Suicune
|-damage|p1a: Exeggutor|41/100|[from] item: Life Orb
|move|p2a: Suicune|Scald|p1a: Exeggutor
|-resisted|p1a: Exeggutor
|-damage|p1a: Exeggutor|15/100
|
|-heal|p2a: Suicune|77/100|[from] item: Leftovers
|upkeep
|turn|19
|
|t:|1646661576
|move|p1a: Exeggutor|Draco Meteor|p2a: Suicune
|-damage|p2a: Suicune|57/100
|-unboost|p1a: Exeggutor|spa|2
|-damage|p1a: Exeggutor|5/100|[from] item: Life Orb
|move|p2a: Suicune|Substitute|p2a: Suicune
|-start|p2a: Suicune|Substitute
|-damage|p2a: Suicune|32/100
|
|-heal|p2a: Suicune|39/100|[from] item: Leftovers
|upkeep
|turn|20
|
|t:|1646661587
|move|p2a: Suicune|Protect|p2a: Suicune
|-singleturn|p2a: Suicune|Protect
|move|p1a: Exeggutor|Draco Meteor|p2a: Suicune
|-activate|p2a: Suicune|move: Protect
|
|-heal|p2a: Suicune|45/100|[from] item: Leftovers
|upkeep
|turn|21
|
|t:|1646661598
|switch|p1a: Cresselia|Cresselia, F|100/100
|move|p2a: Suicune|Scald|p1a: Cresselia
|-damage|p1a: Cresselia|41/100
|
|-heal|p2a: Suicune|51/100|[from] item: Leftovers
|-fieldend|move: Trick Room
|upkeep
|turn|22
|
|t:|1646661608
|move|p2a: Suicune|Scald|p1a: Cresselia
|-damage|p1a: Cresselia|0 fnt
|faint|p1a: Cresselia
|
|-heal|p2a: Suicune|57/100|[from] item: Leftovers
|upkeep
|
|t:|1646661612
|switch|p1a: Bronzong|Bronzong|100/100
|turn|23
|
|t:|1646661617
|move|p2a: Suicune|Scald|p1a: Bronzong
|-crit|p1a: Bronzong
|-damage|p1a: Bronzong|3/100
|move|p1a: Bronzong|Trick Room|p1a: Bronzong
|-fieldstart|move: Trick Room|[of] p1a: Bronzong
|
|-heal|p1a: Bronzong|9/100|[from] item: Leftovers
|-heal|p2a: Suicune|63/100|[from] item: Leftovers
|upkeep
|turn|24
|
|t:|1646661626
|move|p2a: Suicune|Protect|p2a: Suicune
|-singleturn|p2a: Suicune|Protect
|move|p1a: Bronzong|Earthquake|p2a: Suicune
|-activate|p2a: Suicune|move: Protect
|
|-heal|p1a: Bronzong|15/100|[from] item: Leftovers
|-heal|p2a: Suicune|70/100|[from] item: Leftovers
|upkeep
|turn|25
|
|t:|1646661636
|move|p1a: Bronzong|Earthquake|p2a: Suicune
|-activate|p2a: Suicune|move: Substitute|[damage]
|move|p2a: Suicune|Scald|p1a: Bronzong
|-damage|p1a: Bronzong|0 fnt
|faint|p1a: Bronzong
|
|-heal|p2a: Suicune|76/100|[from] item: Leftovers
|upkeep
|
|t:|1646661643
|switch|p1a: Exploud|Exploud, M|34/100
|turn|26
|
|t:|1646661650
|move|p2a: Suicune|Protect|p2a: Suicune
|-singleturn|p2a: Suicune|Protect
|move|p1a: Exploud|Boomburst|p2a: Suicune
|-activate|p2a: Suicune|move: Protect
|
|-heal|p2a: Suicune|82/100|[from] item: Leftovers
|upkeep
|turn|27
|
|t:|1646661659
|move|p1a: Exploud|Boomburst|p2a: Suicune
|-damage|p2a: Suicune|64/100
|move|p2a: Suicune|Scald|p1a: Exploud
|-damage|p1a: Exploud|0 fnt
|faint|p1a: Exploud
|
|-heal|p2a: Suicune|70/100|[from] item: Leftovers
|-fieldend|move: Trick Room
|upkeep
|
|t:|1646661663
|switch|p1a: Exeggutor|Exeggutor-Alola, F|5/100
|-item|p2a: Suicune|Leftovers|[from] ability: Frisk|[of] p1a: Exeggutor|[identify]
|turn|28
|
|t:|1646661673
|move|p2a: Suicune|Scald|p1a: Exeggutor
|-resisted|p1a: Exeggutor
|-damage|p1a: Exeggutor|0 fnt
|faint|p1a: Exeggutor
|
|-heal|p2a: Suicune|76/100|[from] item: Leftovers
|upkeep
|
|t:|1646661677
|switch|p1a: Stakataka|Stakataka|100/100
|turn|29
|
|t:|1646661683
|move|p2a: Suicune|Scald|p1a: Stakataka
|-supereffective|p1a: Stakataka
|-damage|p1a: Stakataka|0 fnt
|faint|p1a: Stakataka
|
|-heal|p2a: Suicune|82/100|[from] item: Leftovers
|upkeep
|
|t:|1646661685
|switch|p1a: Marowak|Marowak-Alola, F|100/100
|turn|30
|
|t:|1646661693
|move|p2a: Suicune|Scald|p1a: Marowak
|-supereffective|p1a: Marowak
|-damage|p1a: Marowak|0 fnt
|faint|p1a: Marowak
|
|win|Davicin
