|j|☆JLT3 oSuave
|j|☆H2otogo
|player|p1|JLT3 oSuave|ethan-gen2c|1307
|player|p2|H2otogo|169|1349
|teamsize|p1|6
|teamsize|p2|6
|gametype|singles
|gen|8
|tier|[Gen 8] RU
|rated|
|clearpoke
|poke|p1|Sableye, F|
|poke|p1|Mantine, F|
|poke|p1|Snorlax, F|
|poke|p1|Steelix, M|
|poke|p1|Salazzle, F|
|poke|p1|Cramorant, M|
|poke|p2|Scrafty, F|
|poke|p2|Indeedee, M|
|poke|p2|Vileplume, M|
|poke|p2|Jellicent, M|
|poke|p2|Salazzle, F|
|poke|p2|Mudsdale, F|
|rule|Sleep Clause Mod: Limit one foe put to sleep
|rule|Species Clause: Limit one of each Pokémon
|rule|OHKO Clause: OHKO moves are banned
|rule|Evasion Moves Clause: Evasion moves are banned
|rule|Endless Battle Clause: Forcing endless battles is banned
|rule|HP Percentage Mod: HP is shown in percentages
|rule|Dynamax Clause: You cannot dynamax
|teampreview
|
|start
|switch|p1a: Mantine|Mantine, F|100/100
|switch|p2a: Scrafty|Scrafty, F|100/100
|turn|1
|inactive|Battle timer is ON: inactive players will automatically lose when time's up. (requested by JLT3 oSuave)
|
|move|p1a: Mantine|Hurricane|p2a: Scrafty|[miss]
|-miss|p1a: Mantine|p2a: Scrafty
|move|p2a: Scrafty|Knock Off|p1a: Mantine
|-damage|p1a: Mantine|76/100
|-enditem|p1a: Mantine|Heavy-Duty Boots|[from] move: Knock Off|[of] p2a: Scrafty
|
|upkeep
|turn|2
|
|switch|p2a: Jellicent|Jellicent, M|100/100
|move|p1a: Mantine|Toxic|p2a: Jellicent
|-status|p2a: Jellicent|tox
|
|-damage|p2a: Jellicent|94/100 tox|[from] psn
|upkeep
|turn|3
|
|switch|p1a: Steelix|Steelix, M|100/100
|move|p2a: Jellicent|Will-O-Wisp|p1a: Steelix|[miss]
|-miss|p2a: Jellicent|p1a: Steelix
|
|-heal|p2a: Jellicent|100/100 tox|[from] item: Leftovers
|-damage|p2a: Jellicent|88/100 tox|[from] psn
|upkeep
|turn|4
|
|switch|p1a: Mantine|Mantine, F|76/100
|move|p2a: Jellicent|Taunt|p1a: Mantine
|-start|p1a: Mantine|move: Taunt
|
|-heal|p2a: Jellicent|94/100 tox|[from] item: Leftovers
|-damage|p2a: Jellicent|76/100 tox|[from] psn
|upkeep
|turn|5
|
|move|p1a: Mantine|Hurricane|p2a: Jellicent
|-damage|p2a: Jellicent|49/100 tox
|move|p2a: Jellicent|Will-O-Wisp|p1a: Mantine
|-status|p1a: Mantine|brn
|
|-heal|p2a: Jellicent|55/100 tox|[from] item: Leftovers
|-damage|p1a: Mantine|70/100 brn|[from] brn
|-damage|p2a: Jellicent|30/100 tox|[from] psn
|upkeep
|turn|6
|
|switch|p1a: Salazzle|Salazzle, F|100/100
|move|p2a: Jellicent|Recover|p2a: Jellicent
|-heal|p2a: Jellicent|80/100 tox
|
|-heal|p2a: Jellicent|87/100 tox|[from] item: Leftovers
|-damage|p2a: Jellicent|56/100 tox|[from] psn
|upkeep
|turn|7
|
|switch|p2a: Scrafty|Scrafty, F|100/100
|move|p1a: Salazzle|Substitute|p1a: Salazzle
|-start|p1a: Salazzle|Substitute
|-damage|p1a: Salazzle|76/100
|
|-heal|p1a: Salazzle|82/100|[from] item: Leftovers
|upkeep
|turn|8
|
|move|p1a: Salazzle|Toxic|p2a: Scrafty
|-status|p2a: Scrafty|tox
|move|p2a: Scrafty|Bulk Up|p2a: Scrafty
|-boost|p2a: Scrafty|atk|1
|-boost|p2a: Scrafty|def|1
|
|-heal|p1a: Salazzle|88/100|[from] item: Leftovers
|-activate|p2a: Scrafty|ability: Shed Skin
|-curestatus|p2a: Scrafty|tox|[msg]
|upkeep
|turn|9
|
|move|p1a: Salazzle|Flamethrower|p2a: Scrafty
|-damage|p2a: Scrafty|71/100
|move|p2a: Scrafty|Drain Punch|p1a: Salazzle
|-resisted|p1a: Salazzle
|-crit|p1a: Salazzle
|-end|p1a: Salazzle|Substitute
|-heal|p2a: Scrafty|81/100|[from] drain|[of] p1a: Salazzle
|
|-heal|p1a: Salazzle|94/100|[from] item: Leftovers
|-heal|p2a: Scrafty|87/100|[from] item: Leftovers
|upkeep
|turn|10
|
|switch|p1a: Cramorant|Cramorant, M, shiny|100/100
|move|p2a: Scrafty|Bulk Up|p2a: Scrafty
|-boost|p2a: Scrafty|atk|1
|-boost|p2a: Scrafty|def|1
|
|-heal|p2a: Scrafty|93/100|[from] item: Leftovers
|upkeep
|turn|11
|
|move|p1a: Cramorant|Hurricane|p2a: Scrafty|[miss]
|-miss|p1a: Cramorant|p2a: Scrafty
|move|p2a: Scrafty|Knock Off|p1a: Cramorant
|-damage|p1a: Cramorant|37/100
|-enditem|p1a: Cramorant|Heavy-Duty Boots|[from] move: Knock Off|[of] p2a: Scrafty
|
|-heal|p2a: Scrafty|99/100|[from] item: Leftovers
|upkeep
|turn|12
|
|move|p1a: Cramorant|Roost|p1a: Cramorant
|-heal|p1a: Cramorant|87/100
|-singleturn|p1a: Cramorant|move: Roost
|move|p2a: Scrafty|Drain Punch|p1a: Cramorant
|-damage|p1a: Cramorant|41/100
|-heal|p2a: Scrafty|100/100|[from] drain|[of] p1a: Cramorant
|
|upkeep
|turn|13
|
|move|p1a: Cramorant|Hurricane|p2a: Scrafty|[miss]
|-miss|p1a: Cramorant|p2a: Scrafty
|move|p2a: Scrafty|Drain Punch|p1a: Cramorant
|-resisted|p1a: Cramorant
|-damage|p1a: Cramorant|18/100
|
|upkeep
|turn|14
|c|☆JLT3 oSuave|my nigga
|
|move|p1a: Cramorant|Hurricane|p2a: Scrafty|[miss]
|-miss|p1a: Cramorant|p2a: Scrafty
|move|p2a: Scrafty|Drain Punch|p1a: Cramorant
|-resisted|p1a: Cramorant
|-damage|p1a: Cramorant|0 fnt
|faint|p1a: Cramorant
|
|upkeep
|c|☆JLT3 oSuave|bro
|c|☆JLT3 oSuave|what the actual fuck
|
|switch|p1a: Mantine|Mantine, F|70/100 brn
|turn|15
|
|move|p1a: Mantine|Hurricane|p2a: Scrafty
|-supereffective|p2a: Scrafty
|-damage|p2a: Scrafty|61/100
|-start|p2a: Scrafty|confusion
|-activate|p2a: Scrafty|confusion
|-damage|p2a: Scrafty|53/100|[from] confusion
|
|-heal|p2a: Scrafty|59/100|[from] item: Leftovers
|-damage|p1a: Mantine|64/100 brn|[from] brn
|upkeep
|turn|16
|
|move|p1a: Mantine|Hurricane|p2a: Scrafty
|-supereffective|p2a: Scrafty
|-damage|p2a: Scrafty|19/100
|-activate|p2a: Scrafty|confusion
|move|p2a: Scrafty|Rest|p2a: Scrafty
|-status|p2a: Scrafty|slp|[from] move: Rest
|-heal|p2a: Scrafty|100/100 slp|[silent]
|
|-damage|p1a: Mantine|58/100 brn|[from] brn
|upkeep
|turn|17
|
|switch|p2a: Indeedee|Indeedee, M|100/100
|-fieldstart|move: Psychic Terrain|[from] ability: Psychic Surge|[of] p2a: Indeedee
|move|p1a: Mantine|Hurricane|p2a: Indeedee|[miss]
|-miss|p1a: Mantine|p2a: Indeedee
|
|-damage|p1a: Mantine|52/100 brn|[from] brn
|upkeep
|turn|18
|
|switch|p1a: Steelix|Steelix, M|100/100
|move|p2a: Indeedee|Shadow Ball|p1a: Steelix
|-damage|p1a: Steelix|75/100
|
|-heal|p1a: Steelix|81/100|[from] item: Leftovers
|upkeep
|turn|19
|
|switch|p2a: Mudsdale|Mudsdale, F|100/100
|move|p1a: Steelix|Stealth Rock|p2a: Mudsdale
|-sidestart|p2: H2otogo|move: Stealth Rock
|
|-heal|p1a: Steelix|88/100|[from] item: Leftovers
|upkeep
|turn|20
|
|move|p2a: Mudsdale|Stealth Rock|p1a: Steelix
|-sidestart|p1: JLT3 oSuave|move: Stealth Rock
|move|p1a: Steelix|Toxic|p2a: Mudsdale
|-status|p2a: Mudsdale|tox
|
|-heal|p1a: Steelix|94/100|[from] item: Leftovers
|-damage|p2a: Mudsdale|94/100 tox|[from] psn
|upkeep
|turn|21
|
|switch|p1a: Mantine|Mantine, F|52/100 brn
|-damage|p1a: Mantine|27/100 brn|[from] Stealth Rock
|move|p2a: Mudsdale|Earthquake|p1a: Mantine
|-immune|p1a: Mantine
|
|-heal|p2a: Mudsdale|100/100 tox|[from] item: Leftovers
|-damage|p1a: Mantine|21/100 brn|[from] brn
|-damage|p2a: Mudsdale|88/100 tox|[from] psn
|-fieldend|move: Psychic Terrain
|upkeep
|turn|22
|
|switch|p2a: Indeedee|Indeedee, M|100/100
|-damage|p2a: Indeedee|88/100|[from] Stealth Rock
|-fieldstart|move: Psychic Terrain|[from] ability: Psychic Surge|[of] p2a: Indeedee
|move|p1a: Mantine|Roost|p1a: Mantine
|-heal|p1a: Mantine|71/100 brn
|-singleturn|p1a: Mantine|move: Roost
|
|-damage|p1a: Mantine|64/100 brn|[from] brn
|upkeep
|turn|23
|
|move|p2a: Indeedee|Trick|p1a: Mantine
|-activate|p2a: Indeedee|move: Trick|[of] p1a: Mantine
|-item|p1a: Mantine|Choice Scarf|[from] move: Trick
|-enditem|p2a: Indeedee|Choice Scarf|[silent]|[from] move: Trick
|move|p1a: Mantine|Roost|p1a: Mantine
|-heal|p1a: Mantine|100/100 brn
|-singleturn|p1a: Mantine|move: Roost
|
|-damage|p1a: Mantine|94/100 brn|[from] brn
|upkeep
|turn|24
|
|switch|p1a: Steelix|Steelix, M|94/100
|-damage|p1a: Steelix|91/100|[from] Stealth Rock
|move|p2a: Indeedee|Psychic|p1a: Steelix
|-resisted|p1a: Steelix
|-damage|p1a: Steelix|60/100
|
|-heal|p1a: Steelix|66/100|[from] item: Leftovers
|upkeep
|turn|25
|
|switch|p2a: Vileplume|Vileplume, M|100/100
|-damage|p2a: Vileplume|88/100|[from] Stealth Rock
|switch|p1a: Mantine|Mantine, F|94/100 brn
|-damage|p1a: Mantine|69/100 brn|[from] Stealth Rock
|
|-heal|p2a: Vileplume|94/100|[from] item: Black Sludge
|-damage|p1a: Mantine|63/100 brn|[from] brn
|upkeep
|turn|26
|
|move|p1a: Mantine|Hurricane|p2a: Vileplume
|-supereffective|p2a: Vileplume
|-damage|p2a: Vileplume|46/100
|move|p2a: Vileplume|Aromatherapy|p2a: Vileplume
|-activate|p2a: Vileplume|move: Aromatherapy
|-curestatus|p2: Scrafty|slp|[msg]
|-curestatus|p2: Jellicent|tox|[msg]
|-curestatus|p2: Mudsdale|tox|[msg]
|
|-heal|p2a: Vileplume|52/100|[from] item: Black Sludge
|-damage|p1a: Mantine|57/100 brn|[from] brn
|-fieldend|move: Psychic Terrain
|upkeep
|turn|27
|
|move|p1a: Mantine|Hurricane|p2a: Vileplume|[miss]
|-miss|p1a: Mantine|p2a: Vileplume
|move|p2a: Vileplume|Strength Sap|p1a: Mantine
|-unboost|p1a: Mantine|atk|1
|-heal|p2a: Vileplume|74/100
|
|-heal|p2a: Vileplume|80/100|[from] item: Black Sludge
|-damage|p1a: Mantine|51/100 brn|[from] brn
|upkeep
|turn|28
|
|switch|p2a: Indeedee|Indeedee, M|88/100
|-damage|p2a: Indeedee|76/100|[from] Stealth Rock
|-fieldstart|move: Psychic Terrain|[from] ability: Psychic Surge|[of] p2a: Indeedee
|move|p1a: Mantine|Hurricane|p2a: Indeedee
|-damage|p2a: Indeedee|34/100
|
|-damage|p1a: Mantine|45/100 brn|[from] brn
|upkeep
|turn|29
|inactive|JLT3 oSuave has 120 seconds left.
|
|switch|p2a: Mudsdale|Mudsdale, F|88/100
|-damage|p2a: Mudsdale|82/100|[from] Stealth Rock
|move|p1a: Mantine|Hurricane|p2a: Mudsdale
|-damage|p2a: Mudsdale|53/100
|-ability|p2a: Mudsdale|Stamina|boost
|-boost|p2a: Mudsdale|def|1
|
|-heal|p2a: Mudsdale|59/100|[from] item: Leftovers
|-damage|p1a: Mantine|39/100 brn|[from] brn
|upkeep
|turn|30
|inactive|JLT3 oSuave has 120 seconds left.
|
|switch|p1a: Snorlax|Snorlax, F|100/100
|-damage|p1a: Snorlax|88/100|[from] Stealth Rock
|move|p2a: Mudsdale|Body Press|p1a: Snorlax
|-supereffective|p1a: Snorlax
|-damage|p1a: Snorlax|31/100
|
|-heal|p2a: Mudsdale|65/100|[from] item: Leftovers
|-heal|p1a: Snorlax|37/100|[from] item: Leftovers
|upkeep
|turn|31
|
|switch|p1a: Sableye|Sableye, F|100/100
|-damage|p1a: Sableye|88/100|[from] Stealth Rock
|move|p2a: Mudsdale|Body Press|p1a: Sableye
|-immune|p1a: Sableye
|
|-heal|p1a: Sableye|94/100|[from] item: Leftovers
|-heal|p2a: Mudsdale|71/100|[from] item: Leftovers
|upkeep
|turn|32
|
|move|p1a: Sableye|Knock Off|p2a: Mudsdale
|-damage|p2a: Mudsdale|60/100
|-ability|p2a: Mudsdale|Stamina|boost
|-boost|p2a: Mudsdale|def|1
|-enditem|p2a: Mudsdale|Leftovers|[from] move: Knock Off|[of] p1a: Sableye
|move|p2a: Mudsdale|Earthquake|p1a: Sableye
|-damage|p1a: Sableye|51/100
|
|-heal|p1a: Sableye|58/100|[from] item: Leftovers
|-fieldend|move: Psychic Terrain
|upkeep
|turn|33
|
|switch|p2a: Scrafty|Scrafty, F|100/100
|-damage|p2a: Scrafty|95/100|[from] Stealth Rock
|move|p1a: Sableye|Recover|p1a: Sableye
|-heal|p1a: Sableye|100/100
|
|-heal|p2a: Scrafty|100/100|[from] item: Leftovers
|upkeep
|turn|34
|
|switch|p1a: Mantine|Mantine, F|39/100 brn
|-damage|p1a: Mantine|14/100 brn|[from] Stealth Rock
|move|p2a: Scrafty|Knock Off|p1a: Mantine
|-damage|p1a: Mantine|0 fnt
|-enditem|p1a: Mantine|Choice Scarf|[from] move: Knock Off|[of] p2a: Scrafty
|faint|p1a: Mantine
|
|upkeep
|
|switch|p1a: Steelix|Steelix, M|66/100
|-damage|p1a: Steelix|63/100|[from] Stealth Rock
|turn|35
|
|move|p2a: Scrafty|Bulk Up|p2a: Scrafty
|-boost|p2a: Scrafty|atk|1
|-boost|p2a: Scrafty|def|1
|move|p1a: Steelix|Heavy Slam|p2a: Scrafty
|-damage|p2a: Scrafty|77/100
|
|-heal|p2a: Scrafty|83/100|[from] item: Leftovers
|-heal|p1a: Steelix|69/100|[from] item: Leftovers
|upkeep
|turn|36
|-message|JLT3 oSuave forfeited.
|
|win|H2otogo
|l|☆JLT3 oSuave
|raw|JLT3 oSuave's rating: 1307 &rarr; <strong>1290</strong><br />(-17 for losing)
|raw|H2otogo's rating: 1350 &rarr; <strong>1367</strong><br />(+17 for winning)
