|j|☆Celebiii32
|j|☆Testinganteater
|t:|1629834298
|gametype|singles
|player|p1|Celebiii32|erika-gen2|1294
|player|p2|Testinganteater|boarder|1275
|teamsize|p1|6
|teamsize|p2|6
|gen|8
|tier|[Gen 8] RU
|rated|
|rule|Sleep Clause Mod: Limit one foe put to sleep
|rule|Species Clause: Limit one of each Pokémon
|rule|OHKO Clause: OHKO moves are banned
|rule|Evasion Moves Clause: Evasion moves are banned
|rule|Endless Battle Clause: Forcing endless battles is banned
|rule|HP Percentage Mod: HP is shown in percentages
|rule|Dynamax Clause: You cannot dynamax
|clearpoke
|poke|p1|Celebi|
|poke|p1|Chandelure, F|
|poke|p1|Cobalion|
|poke|p1|Togekiss, F|
|poke|p1|Umbreon, F|
|poke|p1|Flygon, M|
|poke|p2|Escavalier, M|
|poke|p2|Gastrodon-East, M|
|poke|p2|Xurkitree|
|poke|p2|Diancie|
|poke|p2|Crobat, M|
|poke|p2|Obstagoon, M|
|teampreview
|
|t:|1629834328
|start
|switch|p1a: Cobalion|Cobalion|100/100
|switch|p2a: Obstagoon|Obstagoon, M|100/100
|turn|1
|
|t:|1629834337
|move|p2a: Obstagoon|Obstruct|p2a: Obstagoon
|-singleturn|p2a: Obstagoon|Protect
|move|p1a: Cobalion|Volt Switch|p2a: Obstagoon
|-activate|p2a: Obstagoon|move: Protect
|
|-status|p2a: Obstagoon|brn|[from] item: Flame Orb
|upkeep
|turn|2
|
|t:|1629834344
|switch|p2a: Gastrodon|Gastrodon-East, M|100/100
|move|p1a: Cobalion|Close Combat|p2a: Gastrodon
|-damage|p2a: Gastrodon|67/100
|-unboost|p1a: Cobalion|def|1
|-unboost|p1a: Cobalion|spd|1
|
|upkeep
|turn|3
|
|t:|1629834354
|switch|p1a: Celebi|Celebi|100/100
|move|p2a: Gastrodon|Recover|p2a: Gastrodon
|-heal|p2a: Gastrodon|100/100
|
|upkeep
|turn|4
|
|t:|1629834360
|switch|p2a: Escavalier|Escavalier, M|100/100
|move|p1a: Celebi|Psychic|p2a: Escavalier
|-resisted|p2a: Escavalier
|-damage|p2a: Escavalier|85/100
|-damage|p1a: Celebi|91/100|[from] item: Life Orb
|
|-heal|p2a: Escavalier|91/100|[from] item: Leftovers
|upkeep
|turn|5
|
|t:|1629834371
|switch|p1a: Cobalion|Cobalion|100/100
|move|p2a: Escavalier|Close Combat|p1a: Cobalion
|-supereffective|p1a: Cobalion
|-damage|p1a: Cobalion|45/100
|-unboost|p2a: Escavalier|def|1
|-unboost|p2a: Escavalier|spd|1
|-damage|p2a: Escavalier|74/100|[from] item: Rocky Helmet|[of] p1a: Cobalion
|
|-heal|p2a: Escavalier|80/100|[from] item: Leftovers
|upkeep
|turn|6
|
|t:|1629834385
|switch|p2a: Gastrodon|Gastrodon-East, M|100/100
|move|p1a: Cobalion|Close Combat|p2a: Gastrodon
|-damage|p2a: Gastrodon|66/100
|-unboost|p1a: Cobalion|def|1
|-unboost|p1a: Cobalion|spd|1
|
|upkeep
|turn|7
|
|t:|1629834393
|move|p1a: Cobalion|Stealth Rock|p2a: Gastrodon
|-sidestart|p2: Testinganteater|move: Stealth Rock
|move|p2a: Gastrodon|Recover|p2a: Gastrodon
|-heal|p2a: Gastrodon|100/100
|
|upkeep
|turn|8
|
|t:|1629834401
|switch|p1a: Chandelure|Chandelure, F|100/100
|move|p2a: Gastrodon|Ice Beam|p1a: Chandelure
|-resisted|p1a: Chandelure
|-damage|p1a: Chandelure|87/100
|
|upkeep
|turn|9
|
|t:|1629834408
|switch|p2a: Diancie|Diancie|100/100
|-damage|p2a: Diancie|88/100|[from] Stealth Rock
|move|p1a: Chandelure|Energy Ball|p2a: Diancie
|-supereffective|p2a: Diancie
|-damage|p2a: Diancie|43/100
|
|-heal|p2a: Diancie|49/100|[from] item: Leftovers
|upkeep
|turn|10
|
|t:|1629834417
|switch|p1a: Cobalion|Cobalion|45/100
|move|p2a: Diancie|Diamond Storm|p1a: Cobalion
|-resisted|p1a: Cobalion
|-damage|p1a: Cobalion|38/100
|
|-heal|p2a: Diancie|55/100|[from] item: Leftovers
|upkeep
|turn|11
|
|t:|1629834426
|switch|p2a: Gastrodon|Gastrodon-East, M|100/100
|move|p1a: Cobalion|Iron Head|p2a: Gastrodon
|-resisted|p2a: Gastrodon
|-damage|p2a: Gastrodon|89/100
|
|upkeep
|turn|12
|
|t:|1629834433
|switch|p1a: Celebi|Celebi|91/100
|move|p2a: Gastrodon|Ice Beam|p1a: Celebi
|-supereffective|p1a: Celebi
|-damage|p1a: Celebi|57/100
|
|upkeep
|turn|13
|
|t:|1629834440
|switch|p2a: Escavalier|Escavalier, M|80/100
|-damage|p2a: Escavalier|68/100|[from] Stealth Rock
|move|p1a: Celebi|U-turn|p2a: Escavalier
|-resisted|p2a: Escavalier
|-damage|p2a: Escavalier|58/100
|-damage|p1a: Celebi|47/100|[from] item: Life Orb
|
|t:|1629834443
|switch|p1a: Chandelure|Chandelure, F|87/100|[from]move: U-turn
|
|-heal|p2a: Escavalier|64/100|[from] item: Leftovers
|upkeep
|turn|14
|
|t:|1629834447
|switch|p2a: Crobat|Crobat, M|100/100
|move|p1a: Chandelure|Toxic|p2a: Crobat
|-immune|p2a: Crobat
|
|upkeep
|turn|15
|
|t:|1629834453
|move|p2a: Crobat|Defog|p1a: Chandelure
|-unboost|p1a: Chandelure|evasion|1
|-sideend|p2: Testinganteater|Stealth Rock|[from] move: Defog|[of] p2a: Crobat
|move|p1a: Chandelure|Fire Blast|p2a: Crobat
|-damage|p2a: Crobat|31/100
|
|upkeep
|turn|16
|inactive|Battle timer is ON: inactive players will automatically lose when time's up. (requested by Celebiii32)
|
|t:|1629834491
|switch|p1a: Umbreon|Umbreon, F|100/100
|move|p2a: Crobat|U-turn|p1a: Umbreon
|-supereffective|p1a: Umbreon
|-damage|p1a: Umbreon|79/100
|
|t:|1629834496
|switch|p2a: Obstagoon|Obstagoon, M|100/100 brn|[from]move: U-turn
|
|-heal|p1a: Umbreon|85/100|[from] item: Leftovers
|-damage|p2a: Obstagoon|94/100 brn|[from] brn
|upkeep
|turn|17
|j| Nesnot
|l| Nesnot
|
|t:|1629834511
|move|p1a: Umbreon|Protect|p1a: Umbreon
|-singleturn|p1a: Umbreon|Protect
|move|p2a: Obstagoon|Facade|p1a: Umbreon
|-activate|p1a: Umbreon|move: Protect
|
|-heal|p1a: Umbreon|91/100|[from] item: Leftovers
|-damage|p2a: Obstagoon|88/100 brn|[from] brn
|upkeep
|turn|18
|
|t:|1629834516
|move|p2a: Obstagoon|Close Combat|p1a: Umbreon
|-supereffective|p1a: Umbreon
|-damage|p1a: Umbreon|9/100
|-unboost|p2a: Obstagoon|def|1
|-unboost|p2a: Obstagoon|spd|1
|move|p1a: Umbreon|Foul Play|p2a: Obstagoon
|-resisted|p2a: Obstagoon
|-damage|p2a: Obstagoon|58/100 brn
|
|-heal|p1a: Umbreon|15/100|[from] item: Leftovers
|-damage|p2a: Obstagoon|52/100 brn|[from] brn
|upkeep
|turn|19
|
|t:|1629834525
|move|p1a: Umbreon|Protect|p1a: Umbreon
|-singleturn|p1a: Umbreon|Protect
|move|p2a: Obstagoon|Facade|p1a: Umbreon
|-activate|p1a: Umbreon|move: Protect
|
|-heal|p1a: Umbreon|21/100|[from] item: Leftovers
|-damage|p2a: Obstagoon|45/100 brn|[from] brn
|upkeep
|turn|20
|
|t:|1629834536
|switch|p1a: Chandelure|Chandelure, F|87/100
|move|p2a: Obstagoon|Facade|p1a: Chandelure
|-immune|p1a: Chandelure
|
|-damage|p2a: Obstagoon|39/100 brn|[from] brn
|upkeep
|turn|21
|
|t:|1629834543
|switch|p1a: Cobalion|Cobalion|38/100
|move|p2a: Obstagoon|Knock Off|p1a: Cobalion
|-resisted|p1a: Cobalion
|-damage|p1a: Cobalion|12/100
|-damage|p2a: Obstagoon|23/100 brn|[from] item: Rocky Helmet|[of] p1a: Cobalion
|-ability|p1a: Cobalion|Justified|boost
|-boost|p1a: Cobalion|atk|1
|-enditem|p1a: Cobalion|Rocky Helmet|[from] move: Knock Off|[of] p2a: Obstagoon
|
|-damage|p2a: Obstagoon|17/100 brn|[from] brn
|upkeep
|turn|22
|
|t:|1629834562
|switch|p2a: Gastrodon|Gastrodon-East, M|89/100
|move|p1a: Cobalion|Close Combat|p2a: Gastrodon
|-damage|p2a: Gastrodon|37/100
|-unboost|p1a: Cobalion|def|1
|-unboost|p1a: Cobalion|spd|1
|
|upkeep
|turn|23
|
|t:|1629834571
|move|p1a: Cobalion|Iron Head|p2a: Gastrodon
|-resisted|p2a: Gastrodon
|-damage|p2a: Gastrodon|20/100
|cant|p2a: Gastrodon|flinch
|
|upkeep
|turn|24
|
|t:|1629834580
|switch|p2a: Crobat|Crobat, M|31/100
|move|p1a: Cobalion|Close Combat|p2a: Crobat
|-resisted|p2a: Crobat
|-damage|p2a: Crobat|10/100
|-unboost|p1a: Cobalion|def|1
|-unboost|p1a: Cobalion|spd|1
|
|upkeep
|turn|25
|
|t:|1629834602
|switch|p1a: Flygon|Flygon, M|100/100
|move|p2a: Crobat|Brave Bird|p1a: Flygon
|-damage|p1a: Flygon|45/100
|-damage|p2a: Crobat|0 fnt|[from] Recoil
|faint|p2a: Crobat
|
|upkeep
|
|t:|1629834612
|switch|p2a: Escavalier|Escavalier, M|64/100
|turn|26
|
|t:|1629834620
|move|p1a: Flygon|U-turn|p2a: Escavalier
|-resisted|p2a: Escavalier
|-damage|p2a: Escavalier|55/100
|
|t:|1629834627
|switch|p1a: Umbreon|Umbreon, F|21/100|[from]move: U-turn
|move|p2a: Escavalier|Megahorn|p1a: Umbreon|[miss]
|-miss|p2a: Escavalier|p1a: Umbreon
|
|-heal|p1a: Umbreon|27/100|[from] item: Leftovers
|-heal|p2a: Escavalier|61/100|[from] item: Leftovers
|upkeep
|turn|27
|
|t:|1629834633
|move|p1a: Umbreon|Wish|p1a: Umbreon
|move|p2a: Escavalier|Megahorn|p1a: Umbreon
|-supereffective|p1a: Umbreon
|-damage|p1a: Umbreon|0 fnt
|faint|p1a: Umbreon
|
|-heal|p2a: Escavalier|67/100|[from] item: Leftovers
|upkeep
|
|t:|1629834641
|switch|p1a: Cobalion|Cobalion|12/100
|turn|28
|
|t:|1629834654
|move|p1a: Cobalion|Volt Switch|p2a: Escavalier
|-damage|p2a: Escavalier|57/100
|
|t:|1629834657
|switch|p1a: Celebi|Celebi|47/100|[from]move: Volt Switch
|move|p2a: Escavalier|Close Combat|p1a: Celebi
|-resisted|p1a: Celebi
|-damage|p1a: Celebi|33/100
|-unboost|p2a: Escavalier|def|1
|-unboost|p2a: Escavalier|spd|1
|
|-heal|p1a: Celebi|82/100|[from] move: Wish|[wisher] Umbreon
|-heal|p2a: Escavalier|63/100|[from] item: Leftovers
|upkeep
|turn|29
|
|t:|1629834668
|switch|p2a: Gastrodon|Gastrodon-East, M|20/100
|move|p1a: Celebi|U-turn|p2a: Gastrodon
|-damage|p2a: Gastrodon|6/100
|-damage|p1a: Celebi|72/100|[from] item: Life Orb
|
|t:|1629834672
|switch|p1a: Cobalion|Cobalion|12/100|[from]move: U-turn
|
|upkeep
|turn|30
|
|t:|1629834679
|move|p1a: Cobalion|Close Combat|p2a: Gastrodon
|-damage|p2a: Gastrodon|0 fnt
|-unboost|p1a: Cobalion|def|1
|-unboost|p1a: Cobalion|spd|1
|faint|p2a: Gastrodon
|
|upkeep
|
|t:|1629834690
|switch|p2a: Xurkitree|Xurkitree|100/100
|turn|31
|
|t:|1629834698
|switch|p1a: Celebi|Celebi|72/100
|move|p2a: Xurkitree|Dazzling Gleam|p1a: Celebi
|-damage|p1a: Celebi|45/100
|
|upkeep
|turn|32
|
|t:|1629834703
|switch|p2a: Escavalier|Escavalier, M|63/100
|move|p1a: Celebi|Psychic|p2a: Escavalier
|-resisted|p2a: Escavalier
|-damage|p2a: Escavalier|49/100
|-damage|p1a: Celebi|35/100|[from] item: Life Orb
|
|-heal|p2a: Escavalier|55/100|[from] item: Leftovers
|upkeep
|turn|33
|
|t:|1629834716
|switch|p1a: Togekiss|Togekiss, F|100/100
|move|p2a: Escavalier|Knock Off|p1a: Togekiss
|-resisted|p1a: Togekiss
|-damage|p1a: Togekiss|90/100
|-enditem|p1a: Togekiss|Heavy-Duty Boots|[from] move: Knock Off|[of] p2a: Escavalier
|
|-heal|p2a: Escavalier|62/100|[from] item: Leftovers
|upkeep
|turn|34
|
|t:|1629834724
|switch|p2a: Diancie|Diancie|55/100
|move|p1a: Togekiss|Air Slash|p2a: Diancie
|-resisted|p2a: Diancie
|-damage|p2a: Diancie|45/100
|
|-heal|p2a: Diancie|51/100|[from] item: Leftovers
|upkeep
|turn|35
|
|t:|1629834736
|switch|p1a: Cobalion|Cobalion|12/100
|move|p2a: Diancie|Body Press|p1a: Cobalion
|-supereffective|p1a: Cobalion
|-damage|p1a: Cobalion|0 fnt
|faint|p1a: Cobalion
|
|-heal|p2a: Diancie|58/100|[from] item: Leftovers
|upkeep
|
|t:|1629834743
|switch|p1a: Chandelure|Chandelure, F|87/100
|turn|36
|
|t:|1629834761
|move|p1a: Chandelure|Energy Ball|p2a: Diancie
|-supereffective|p2a: Diancie
|-damage|p2a: Diancie|15/100
|move|p2a: Diancie|Diamond Storm|p1a: Chandelure
|-supereffective|p1a: Chandelure
|-damage|p1a: Chandelure|0 fnt
|-boost|p2a: Diancie|def|2
|faint|p1a: Chandelure
|
|-heal|p2a: Diancie|21/100|[from] item: Leftovers
|upkeep
|
|t:|1629834768
|switch|p1a: Flygon|Flygon, M|45/100
|turn|37
|
|t:|1629834770
|move|p1a: Flygon|Earthquake|p2a: Diancie
|-supereffective|p2a: Diancie
|-damage|p2a: Diancie|0 fnt
|faint|p2a: Diancie
|
|upkeep
|
|t:|1629834779
|switch|p2a: Escavalier|Escavalier, M|62/100
|turn|38
|
|t:|1629834798
|switch|p1a: Celebi|Celebi|35/100
|move|p2a: Escavalier|Close Combat|p1a: Celebi
|-resisted|p1a: Celebi
|-damage|p1a: Celebi|19/100
|-unboost|p2a: Escavalier|def|1
|-unboost|p2a: Escavalier|spd|1
|
|-heal|p2a: Escavalier|68/100|[from] item: Leftovers
|upkeep
|turn|39
|
|t:|1629834805
|switch|p2a: Obstagoon|Obstagoon, M|17/100 brn
|move|p1a: Celebi|Aura Sphere|p2a: Obstagoon
|-supereffective|p2a: Obstagoon
|-damage|p2a: Obstagoon|0 fnt
|faint|p2a: Obstagoon
|-damage|p1a: Celebi|9/100|[from] item: Life Orb
|
|upkeep
|
|t:|1629834815
|switch|p2a: Escavalier|Escavalier, M|68/100
|turn|40
|
|t:|1629834825
|move|p1a: Celebi|Aura Sphere|p2a: Escavalier
|-damage|p2a: Escavalier|50/100
|-damage|p1a: Celebi|0 fnt|[from] item: Life Orb
|faint|p1a: Celebi
|move|p2a: Escavalier|Knock Off|p1: Celebi|[notarget]
|-fail|p2a: Escavalier
|
|-heal|p2a: Escavalier|56/100|[from] item: Leftovers
|upkeep
|
|t:|1629834834
|switch|p1a: Flygon|Flygon, M|45/100
|turn|41
|
|t:|1629834844
|switch|p1a: Togekiss|Togekiss, F|90/100
|move|p2a: Escavalier|Close Combat|p1a: Togekiss
|-resisted|p1a: Togekiss
|-damage|p1a: Togekiss|83/100
|-unboost|p2a: Escavalier|def|1
|-unboost|p2a: Escavalier|spd|1
|
|-heal|p2a: Escavalier|62/100|[from] item: Leftovers
|upkeep
|turn|42
|
|t:|1629834859
|switch|p1a: Flygon|Flygon, M|45/100
|move|p2a: Escavalier|Close Combat|p1a: Flygon
|-damage|p1a: Flygon|0 fnt
|-unboost|p2a: Escavalier|def|1
|-unboost|p2a: Escavalier|spd|1
|faint|p1a: Flygon
|
|-heal|p2a: Escavalier|68/100|[from] item: Leftovers
|upkeep
|
|t:|1629834861
|switch|p1a: Togekiss|Togekiss, F|83/100
|turn|43
|c|☆Testinganteater|gg wp
|c|☆Celebiii32|ggwp
|
|t:|1629834872
|move|p1a: Togekiss|Air Slash|p2a: Escavalier
|-damage|p2a: Escavalier|25/100
|cant|p2a: Escavalier|flinch
|
|-heal|p2a: Escavalier|31/100|[from] item: Leftovers
|upkeep
|turn|44
|
|t:|1629834876
|move|p1a: Togekiss|Air Slash|p2a: Escavalier
|-damage|p2a: Escavalier|0 fnt
|faint|p2a: Escavalier
|
|upkeep
|
|t:|1629834881
|switch|p2a: Xurkitree|Xurkitree|100/100
|turn|45
|
|t:|1629834884
|move|p2a: Xurkitree|Thunderbolt|p1a: Togekiss
|-supereffective|p1a: Togekiss
|-damage|p1a: Togekiss|0 fnt
|faint|p1a: Togekiss
|
|win|Testinganteater
|raw|Celebiii32's rating: 1294 &rarr; <strong>1268</strong><br />(-26 for losing)
|raw|Testinganteater's rating: 1275 &rarr; <strong>1301</strong><br />(+26 for winning)
|l|☆Celebiii32
||Ladder isn't responding, score probably updated but might not have (Request timeout).
