|j|☆quimbs_X
|j|☆ILoveVileplume
|inactive|Battle timer is ON: inactive players will automatically lose when time's up.
|t:|1608147020
|player|p1|quimbs_X|harlequin|
|player|p2|ILoveVileplume|aromalady|
|teamsize|p1|6
|teamsize|p2|6
|gametype|singles
|gen|8
|tier|[Gen 8] RU
|rated|Tournament battle
|clearpoke
|poke|p1|Registeel|
|poke|p1|Togekiss, F|
|poke|p1|Centiskorch, F|
|poke|p1|Zygarde-10%|
|poke|p1|Drapion, M|
|poke|p1|Gardevoir, F|
|poke|p2|Zarude|
|poke|p2|Cobalion|
|poke|p2|Milotic, F|
|poke|p2|Zygarde-10%|
|poke|p2|Weezing-Galar, M|
|poke|p2|Sylveon, M|
|rule|Sleep Clause Mod: Limit one foe put to sleep
|rule|Species Clause: Limit one of each Pokémon
|rule|OHKO Clause: OHKO moves are banned
|rule|Evasion Moves Clause: Evasion moves are banned
|rule|Endless Battle Clause: Forcing endless battles is banned
|rule|HP Percentage Mod: HP is shown in percentages
|rule|Dynamax Clause: You cannot dynamax
|teampreview
|j| Bonego
|j| LarsoTubeJeanLouis
|
|t:|1608147029
|start
|switch|p1a: Drapion|Drapion, M|100/100
|switch|p2a: Zygarde|Zygarde-10%|100/100
|-ability|p2a: Zygarde|Aura Break
|turn|1
|j| Hyfgh
|
|t:|1608147044
|switch|p1a: Togekiss|Togekiss, F|100/100
|move|p2a: Zygarde|Thousand Arrows|p1a: Togekiss
|-damage|p1a: Togekiss|46/100
|-start|p1a: Togekiss|Smack Down
|
|upkeep
|turn|2
|l| Hyfgh
|
|t:|1608147049
|move|p2a: Zygarde|Thousand Arrows|p1a: Togekiss
|-damage|p1a: Togekiss|0 fnt
|faint|p1a: Togekiss
|
|upkeep
|
|t:|1608147063
|switch|p1a: Centiskorch|Centiskorch, F|100/100
|turn|3
|l| LarsoTubeJeanLouis
|
|t:|1608147076
|switch|p2a: Weezing|Weezing-Galar, M|100/100
|-ability|p2a: Weezing|Neutralizing Gas
|move|p1a: Centiskorch|Fire Lash|p2a: Weezing
|-damage|p2a: Weezing|77/100
|-unboost|p2a: Weezing|def|1
|-damage|p1a: Centiskorch|84/100|[from] item: Rocky Helmet|[of] p2a: Weezing
|
|upkeep
|turn|4
|
|t:|1608147085
|switch|p1a: Registeel|Registeel|100/100
|move|p2a: Weezing|Sludge Bomb|p1a: Registeel
|-immune|p1a: Registeel
|
|upkeep
|turn|5
|j|%zizalith✿
|
|t:|1608147092
|switch|p1a: Gardevoir|Gardevoir, F|100/100
|move|p2a: Weezing|Will-O-Wisp|p1a: Gardevoir
|-status|p1a: Gardevoir|brn
|
|-damage|p1a: Gardevoir|94/100 brn|[from] brn
|upkeep
|turn|6
|
|t:|1608147096
|switch|p2a: Sylveon|Sylveon, M|100/100
|-ability|p1a: Gardevoir|Pixilate|[from] ability: Trace|[of] p2a: Sylveon
|move|p1a: Gardevoir|Mystical Fire|p2a: Sylveon
|-damage|p2a: Sylveon|87/100
|-unboost|p2a: Sylveon|spa|1
|
|-damage|p1a: Gardevoir|88/100 brn|[from] brn
|upkeep
|turn|7
|
|t:|1608147109
|switch|p1a: Registeel|Registeel|100/100
|switch|p2a: Zygarde|Zygarde-10%|100/100
|-ability|p2a: Zygarde|Aura Break
|
|upkeep
|turn|8
|j| Hyfgh
|
|t:|1608147111
|move|p1a: Registeel|Protect|p1a: Registeel
|-singleturn|p1a: Registeel|Protect
|move|p2a: Zygarde|Thousand Arrows|p1a: Registeel
|-activate|p1a: Registeel|move: Protect
|
|upkeep
|turn|9
|l| Hyfgh
|
|t:|1608147120
|move|p2a: Zygarde|Thousand Arrows|p1a: Registeel
|-supereffective|p1a: Registeel
|-damage|p1a: Registeel|21/100
|move|p1a: Registeel|Seismic Toss|p2a: Zygarde
|-damage|p2a: Zygarde|60/100
|
|-heal|p1a: Registeel|27/100|[from] item: Leftovers
|upkeep
|turn|10
|
|t:|1608147124
|move|p1a: Registeel|Protect|p1a: Registeel
|-singleturn|p1a: Registeel|Protect
|move|p2a: Zygarde|Thousand Arrows|p1a: Registeel
|-activate|p1a: Registeel|move: Protect
|
|-heal|p1a: Registeel|33/100|[from] item: Leftovers
|upkeep
|turn|11
|
|t:|1608147127
|move|p2a: Zygarde|Thousand Arrows|p1a: Registeel
|-supereffective|p1a: Registeel
|-damage|p1a: Registeel|0 fnt
|faint|p1a: Registeel
|
|upkeep
|
|t:|1608147130
|switch|p1a: Zygarde|Zygarde-10%|100/100
|-ability|p1a: Zygarde|Aura Break
|turn|12
|
|t:|1608147137
|switch|p2a: Milotic|Milotic, F|100/100
|move|p1a: Zygarde|Thousand Arrows|p2a: Milotic
|-damage|p2a: Milotic|61/100
|
|-heal|p2a: Milotic|68/100|[from] item: Leftovers
|upkeep
|turn|13
|
|t:|1608147140
|move|p1a: Zygarde|Thousand Arrows|p2a: Milotic
|-damage|p2a: Milotic|23/100
|move|p2a: Milotic|Recover|p2a: Milotic
|-heal|p2a: Milotic|73/100
|
|-heal|p2a: Milotic|79/100|[from] item: Leftovers
|upkeep
|turn|14
|
|t:|1608147144
|switch|p1a: Centiskorch|Centiskorch, F|84/100
|move|p2a: Milotic|Flip Turn|p1a: Centiskorch
|-supereffective|p1a: Centiskorch
|-damage|p1a: Centiskorch|54/100
|
|t:|1608147146
|switch|p2a: Zygarde|Zygarde-10%|60/100|[from]move: Flip Turn
|-ability|p2a: Zygarde|Aura Break
|
|upkeep
|turn|15
|c|☆quimbs_X|lost on lead
|c|☆quimbs_X|gg
|-message|quimbs_X forfeited.
|
|win|ILoveVileplume
|n|☆quimbs_X|quimbsx
|n|☆ILoveVileplume|ilovevileplume
|n| Bonego|bonego
|n|+zizalith✿|zizalith
