|j|☆Free Sigilyph
|j|☆yung centibro
|player|p1|Free Sigilyph|102|1158
|player|p2|yung centibro|1|1000
|teamsize|p1|6
|teamsize|p2|6
|gametype|singles
|gen|8
|tier|[Gen 8] RU
|rated|
|rule|Sleep Clause Mod: Limit one foe put to sleep
|rule|Species Clause: Limit one of each Pokémon
|rule|OHKO Clause: OHKO moves are banned
|rule|Evasion Moves Clause: Evasion moves are banned
|rule|Endless Battle Clause: Forcing endless battles is banned
|rule|HP Percentage Mod: HP is shown in percentages
|clearpoke
|poke|p1|Drifblim, F|
|poke|p1|Pangoro, F|
|poke|p1|Steelix, F|
|poke|p1|Whimsicott, F|
|poke|p1|Indeedee-F, F|
|poke|p1|Mantine, M|
|poke|p2|Rillaboom, M|
|poke|p2|Rotom-Fan|
|poke|p2|Hitmonlee, M|
|poke|p2|Silvally-*|
|poke|p2|Vaporeon, F|
|poke|p2|Runerigus, M|
|rule|Dynamax Clause: You cannot dynamax
|teampreview
|
|start
|switch|p1a: Pangoro|Pangoro, F|100/100
|switch|p2a: Hitmonlee|Hitmonlee, M|100/100
|turn|1
|inactive|Battle timer is ON: inactive players will automatically lose when time's up. (requested by yung centibro)
|
|switch|p1a: Whimsicott|Whimsicott, F|100/100
|move|p2a: Hitmonlee|Poison Jab|p1a: Whimsicott
|-supereffective|p1a: Whimsicott
|-damage|p1a: Whimsicott|0 fnt
|faint|p1a: Whimsicott
|
|upkeep
|
|switch|p1a: Drifblim|Drifblim, F|100/100
|turn|2
|
|switch|p2a: Rotom|Rotom-Fan|100/100
|move|p1a: Drifblim|Will-O-Wisp|p2a: Rotom|[miss]
|-miss|p1a: Drifblim|p2a: Rotom
|
|upkeep
|turn|3
|
|switch|p1a: Steelix|Steelix, F|100/100
|move|p2a: Rotom|Trick|p1a: Steelix
|-activate|p2a: Rotom|move: Trick|[of] p1a: Steelix
|-item|p1a: Steelix|Choice Scarf|[from] move: Trick
|-item|p2a: Rotom|Leftovers|[from] move: Trick
|
|upkeep
|turn|4
|
|switch|p2a: Runerigus|Runerigus, M|100/100
|move|p1a: Steelix|Stealth Rock|p2a: Runerigus
|-sidestart|p2: yung centibro|move: Stealth Rock
|
|upkeep
|turn|5
|
|switch|p1a: Pangoro|Pangoro, F|100/100
|move|p2a: Runerigus|Stealth Rock|p1a: Pangoro
|-sidestart|p1: Free Sigilyph|move: Stealth Rock
|
|upkeep
|turn|6
|
|move|p1a: Pangoro|Swords Dance|p1a: Pangoro
|-boost|p1a: Pangoro|atk|2
|move|p2a: Runerigus|Body Press|p1a: Pangoro
|-supereffective|p1a: Pangoro
|-damage|p1a: Pangoro|17/100
|
|upkeep
|turn|7
|
|move|p1a: Pangoro|Darkest Lariat|p2a: Runerigus
|-supereffective|p2a: Runerigus
|-damage|p2a: Runerigus|0 fnt
|-activate|p1a: Pangoro|ability: Wandering Spirit|Wandering Spirit|Iron Fist|[of] p2a: Runerigus
|-damage|p1a: Pangoro|7/100|[from] item: Life Orb
|faint|p2a: Runerigus
|
|upkeep
|
|switch|p2a: Silvally|Silvally-Steel|100/100
|-damage|p2a: Silvally|94/100|[from] Stealth Rock
|turn|8
|
|move|p2a: Silvally|U-turn|p1a: Pangoro
|-damage|p1a: Pangoro|0 fnt
|faint|p1a: Pangoro
|
|switch|p2a: Hitmonlee|Hitmonlee, M|100/100|[from]move: U-turn
|-damage|p2a: Hitmonlee|94/100|[from] Stealth Rock
|
|upkeep
|
|switch|p1a: Mantine|Mantine, M|100/100
|-damage|p1a: Mantine|76/100|[from] Stealth Rock
|turn|9
|
|move|p2a: Hitmonlee|Fling|p1a: Mantine
|-enditem|p2a: Hitmonlee|Light Ball|[from] move: Fling
|-damage|p1a: Mantine|66/100
|-status|p1a: Mantine|par
|cant|p1a: Mantine|par
|
|-heal|p1a: Mantine|72/100 par|[from] item: Leftovers
|upkeep
|turn|10
|
|switch|p1a: Indeedee|Indeedee-F, F|100/100
|-damage|p1a: Indeedee|88/100|[from] Stealth Rock
|-fieldstart|move: Psychic Terrain|[from] ability: Psychic Surge|[of] p1a: Indeedee
|move|p2a: Hitmonlee|Rapid Spin|p1a: Indeedee
|-damage|p1a: Indeedee|60/100
|-sideend|p2: yung centibro|Stealth Rock|[from] move: Rapid Spin|[of] p2a: Hitmonlee
|-boost|p2a: Hitmonlee|spe|1
|
|upkeep
|turn|11
|-message|Free Sigilyph forfeited.
|
|win|yung centibro
|l|☆Free Sigilyph
|raw|Free Sigilyph's rating: 1158 &rarr; <strong>1122</strong><br />(-36 for losing)
|raw|yung centibro's rating: 1000 &rarr; <strong>1057</strong><br />(+57 for winning)
