|j|☆Kla0Trixx
|j|☆Truzimy
|t:|1659799028
|gametype|singles
|player|p1|Kla0Trixx|1|1441
|player|p2|Truzimy|101|1503
|teamsize|p1|6
|teamsize|p2|6
|gen|8
|tier|[Gen 8] RU
|rated|
|rule|Sleep Clause Mod: Limit one foe put to sleep
|rule|Species Clause: Limit one of each Pokémon
|rule|OHKO Clause: OHKO moves are banned
|rule|Evasion Items Clause: Evasion items are banned
|rule|Evasion Moves Clause: Evasion moves are banned
|rule|Endless Battle Clause: Forcing endless battles is banned
|rule|HP Percentage Mod: HP is shown in percentages
|rule|Dynamax Clause: You cannot dynamax
|clearpoke
|poke|p1|Celebi|
|poke|p1|Gastrodon, M|
|poke|p1|Incineroar, F|
|poke|p1|Weezing-Galar, F|
|poke|p1|Togekiss, M|
|poke|p1|Magneton|
|poke|p2|Metagross|
|poke|p2|Lucario, F|
|poke|p2|Gastrodon, M|
|poke|p2|Porygon2|
|poke|p2|Noivern, M|
|poke|p2|Raikou|
|teampreview
|
|t:|1659799056
|start
|switch|p1a: Weezing|Weezing-Galar, F|100/100
|switch|p2a: Lucario|Lucario, F|100/100
|turn|1
|
|t:|1659799064
|switch|p2a: Porygon2|Porygon2|100/100
|-ability|p2a: Porygon2|Levitate|[from] ability: Trace|[of] p1a: Weezing
|move|p1a: Weezing|Strange Steam|p2a: Porygon2
|-damage|p2a: Porygon2|88/100
|
|upkeep
|turn|2
|
|t:|1659799071
|move|p1a: Weezing|Toxic Spikes|p2a: Porygon2
|-sidestart|p2: Truzimy|move: Toxic Spikes
|move|p2a: Porygon2|Teleport|p2a: Porygon2
|
|t:|1659799078
|switch|p2a: Metagross|Metagross|100/100|[from]move: Teleport
|
|upkeep
|turn|3
|
|t:|1659799086
|switch|p2a: Noivern|Noivern, M|100/100
|switch|p1a: Magneton|Magneton|100/100
|
|upkeep
|turn|4
|
|t:|1659799092
|switch|p1a: Togekiss|Togekiss, M|100/100
|move|p2a: Noivern|Defog|p1a: Togekiss
|-unboost|p1a: Togekiss|evasion|1
|-sideend|p2: Truzimy|Toxic Spikes|[from] move: Defog|[of] p2a: Noivern
|
|upkeep
|turn|5
|
|t:|1659799102
|switch|p2a: Gastrodon|Gastrodon, M|100/100
|move|p1a: Togekiss|Air Slash|p2a: Gastrodon
|-damage|p2a: Gastrodon|66/100
|
|-heal|p2a: Gastrodon|72/100|[from] item: Leftovers
|upkeep
|turn|6
|
|t:|1659799105
|move|p1a: Togekiss|Air Slash|p2a: Gastrodon
|-damage|p2a: Gastrodon|35/100
|move|p2a: Gastrodon|Toxic|p1a: Togekiss
|-status|p1a: Togekiss|tox
|
|-heal|p2a: Gastrodon|41/100|[from] item: Leftovers
|-damage|p1a: Togekiss|94/100 tox|[from] psn
|upkeep
|turn|7
|
|t:|1659799111
|switch|p2a: Porygon2|Porygon2|88/100
|-ability|p2a: Porygon2|Serene Grace|[from] ability: Trace|[of] p1a: Togekiss
|move|p1a: Togekiss|Air Slash|p2a: Porygon2|[miss]
|-miss|p1a: Togekiss|p2a: Porygon2
|
|-heal|p1a: Togekiss|100/100 tox|[from] item: Leftovers
|-damage|p1a: Togekiss|88/100 tox|[from] psn
|upkeep
|turn|8
|
|t:|1659799116
|move|p1a: Togekiss|Heal Bell|p1a: Togekiss
|-activate|p1a: Togekiss|move: Heal Bell
|-curestatus|p1a: Togekiss|tox|[msg]
|move|p2a: Porygon2|Teleport|p2a: Porygon2
|
|t:|1659799118
|switch|p2a: Raikou|Raikou|100/100|[from]move: Teleport
|-ability|p2a: Raikou|Pressure
|
|-heal|p1a: Togekiss|94/100|[from] item: Leftovers
|upkeep
|turn|9
|
|t:|1659799124
|switch|p2a: Gastrodon|Gastrodon, M|41/100
|switch|p1a: Gastrodon|Gastrodon, M|100/100
|
|-heal|p2a: Gastrodon|47/100|[from] item: Leftovers
|upkeep
|turn|10
|
|t:|1659799126
|switch|p1a: Celebi|Celebi|100/100
|move|p2a: Gastrodon|Recover|p2a: Gastrodon
|-heal|p2a: Gastrodon|97/100
|
|-heal|p2a: Gastrodon|100/100|[from] item: Leftovers
|upkeep
|turn|11
|
|t:|1659799129
|switch|p1a: Magneton|Magneton|100/100
|switch|p2a: Porygon2|Porygon2|88/100
|-ability|p2a: Porygon2|Magnet Pull|[from] ability: Trace|[of] p1a: Magneton
|
|upkeep
|turn|12
|
|t:|1659799135
|move|p1a: Magneton|Volt Switch|p2a: Porygon2
|-damage|p2a: Porygon2|75/100
|
|t:|1659799140
|switch|p1a: Celebi|Celebi|100/100|[from]move: Volt Switch
|move|p2a: Porygon2|Teleport|p2a: Porygon2
|
|t:|1659799144
|switch|p2a: Metagross|Metagross|100/100|[from]move: Teleport
|
|upkeep
|turn|13
|
|t:|1659799148
|switch|p1a: Magneton|Magneton|100/100
|move|p2a: Metagross|Earthquake|p1a: Magneton
|-supereffective|p1a: Magneton
|-damage|p1a: Magneton|15/100
|
|upkeep
|turn|14
|
|t:|1659799151
|move|p2a: Metagross|Earthquake|p1a: Magneton
|-supereffective|p1a: Magneton
|-damage|p1a: Magneton|0 fnt
|faint|p1a: Magneton
|
|upkeep
|
|t:|1659799155
|switch|p1a: Gastrodon|Gastrodon, M|100/100
|turn|15
|
|t:|1659799163
|switch|p2a: Porygon2|Porygon2|75/100
|-ability|p2a: Porygon2|Sticky Hold|[from] ability: Trace|[of] p1a: Gastrodon
|move|p1a: Gastrodon|Toxic|p2a: Porygon2
|-status|p2a: Porygon2|tox
|
|-damage|p2a: Porygon2|69/100 tox|[from] psn
|upkeep
|turn|16
|
|t:|1659799170
|switch|p1a: Celebi|Celebi|100/100
|move|p2a: Porygon2|Recover|p2a: Porygon2
|-heal|p2a: Porygon2|100/100 tox
|
|-damage|p2a: Porygon2|88/100 tox|[from] psn
|upkeep
|turn|17
|
|t:|1659799175
|move|p1a: Celebi|Nasty Plot|p1a: Celebi
|-boost|p1a: Celebi|spa|2
|move|p2a: Porygon2|Teleport|p2a: Porygon2
|
|t:|1659799179
|switch|p2a: Noivern|Noivern, M|100/100|[from]move: Teleport
|
|upkeep
|turn|18
|
|t:|1659799183
|switch|p1a: Gastrodon|Gastrodon, M|100/100
|move|p2a: Noivern|Hurricane|p1a: Gastrodon
|-damage|p1a: Gastrodon|64/100
|
|-heal|p1a: Gastrodon|70/100|[from] item: Leftovers
|upkeep
|turn|19
|
|t:|1659799188
|move|p2a: Noivern|U-turn|p1a: Gastrodon
|-damage|p1a: Gastrodon|62/100
|
|t:|1659799193
|switch|p2a: Porygon2|Porygon2|88/100 tox|[from]move: U-turn
|-ability|p2a: Porygon2|Sticky Hold|[from] ability: Trace|[of] p1a: Gastrodon
|move|p1a: Gastrodon|Recover|p1a: Gastrodon
|-heal|p1a: Gastrodon|100/100
|
|-damage|p2a: Porygon2|82/100 tox|[from] psn
|upkeep
|turn|20
|
|t:|1659799206
|switch|p1a: Celebi|Celebi|100/100
|move|p2a: Porygon2|Toxic|p1a: Celebi
|-status|p1a: Celebi|tox
|
|-damage|p1a: Celebi|94/100 tox|[from] psn
|-damage|p2a: Porygon2|70/100 tox|[from] psn
|upkeep
|turn|21
|
|t:|1659799209
|-curestatus|p1a: Celebi|tox|[from] ability: Natural Cure
|switch|p1a: Togekiss|Togekiss, M|94/100
|switch|p2a: Noivern|Noivern, M|100/100
|
|-heal|p1a: Togekiss|100/100|[from] item: Leftovers
|upkeep
|turn|22
|
|t:|1659799214
|move|p2a: Noivern|U-turn|p1a: Togekiss
|-resisted|p1a: Togekiss
|-damage|p1a: Togekiss|98/100
|
|t:|1659799216
|switch|p2a: Gastrodon|Gastrodon, M|100/100|[from]move: U-turn
|move|p1a: Togekiss|Air Slash|p2a: Gastrodon|[miss]
|-miss|p1a: Togekiss|p2a: Gastrodon
|
|-heal|p1a: Togekiss|100/100|[from] item: Leftovers
|upkeep
|turn|23
|
|t:|1659799221
|move|p1a: Togekiss|Air Slash|p2a: Gastrodon
|-damage|p2a: Gastrodon|64/100
|cant|p2a: Gastrodon|flinch
|
|-heal|p2a: Gastrodon|70/100|[from] item: Leftovers
|upkeep
|turn|24
|
|t:|1659799226
|switch|p2a: Raikou|Raikou|100/100
|-ability|p2a: Raikou|Pressure
|move|p1a: Togekiss|Air Slash|p2a: Raikou
|-resisted|p2a: Raikou
|-damage|p2a: Raikou|79/100
|
|upkeep
|turn|25
|
|t:|1659799234
|switch|p2a: Gastrodon|Gastrodon, M|70/100
|switch|p1a: Gastrodon|Gastrodon, M|100/100
|
|-heal|p2a: Gastrodon|76/100|[from] item: Leftovers
|upkeep
|turn|26
|
|t:|1659799239
|switch|p1a: Celebi|Celebi|94/100
|move|p2a: Gastrodon|Toxic|p1a: Celebi
|-status|p1a: Celebi|tox
|
|-heal|p1a: Celebi|100/100 tox|[from] item: Leftovers
|-heal|p2a: Gastrodon|82/100|[from] item: Leftovers
|-damage|p1a: Celebi|94/100 tox|[from] psn
|upkeep
|turn|27
|
|t:|1659799245
|switch|p2a: Metagross|Metagross|100/100
|move|p1a: Celebi|Psychic|p2a: Metagross
|-resisted|p2a: Metagross
|-damage|p2a: Metagross|88/100
|
|-heal|p1a: Celebi|100/100 tox|[from] item: Leftovers
|-damage|p1a: Celebi|88/100 tox|[from] psn
|upkeep
|turn|28
|
|t:|1659799252
|-curestatus|p1a: Celebi|tox|[from] ability: Natural Cure
|switch|p1a: Gastrodon|Gastrodon, M|100/100
|move|p2a: Metagross|Meteor Mash|p1a: Gastrodon
|-resisted|p1a: Gastrodon
|-damage|p1a: Gastrodon|83/100
|
|-heal|p1a: Gastrodon|89/100|[from] item: Leftovers
|upkeep
|turn|29
|
|t:|1659799261
|switch|p2a: Gastrodon|Gastrodon, M|82/100
|move|p1a: Gastrodon|Earth Power|p2a: Gastrodon
|-damage|p2a: Gastrodon|52/100
|
|-heal|p1a: Gastrodon|95/100|[from] item: Leftovers
|-heal|p2a: Gastrodon|58/100|[from] item: Leftovers
|upkeep
|turn|30
|
|t:|1659799265
|switch|p1a: Togekiss|Togekiss, M|100/100
|switch|p2a: Porygon2|Porygon2|70/100 tox
|-ability|p2a: Porygon2|Serene Grace|[from] ability: Trace|[of] p1a: Togekiss
|
|-damage|p2a: Porygon2|64/100 tox|[from] psn
|upkeep
|turn|31
|
|t:|1659799272
|switch|p2a: Metagross|Metagross|88/100
|move|p1a: Togekiss|Air Slash|p2a: Metagross
|-resisted|p2a: Metagross
|-damage|p2a: Metagross|64/100
|
|upkeep
|turn|32
|
|t:|1659799277
|switch|p1a: Gastrodon|Gastrodon, M|95/100
|move|p2a: Metagross|Meteor Mash|p1a: Gastrodon
|-resisted|p1a: Gastrodon
|-damage|p1a: Gastrodon|76/100
|
|-heal|p1a: Gastrodon|82/100|[from] item: Leftovers
|upkeep
|turn|33
|
|t:|1659799284
|switch|p2a: Porygon2|Porygon2|64/100 tox
|-ability|p2a: Porygon2|Sticky Hold|[from] ability: Trace|[of] p1a: Gastrodon
|move|p1a: Gastrodon|Earth Power|p2a: Porygon2
|-damage|p2a: Porygon2|50/100 tox
|
|-heal|p1a: Gastrodon|88/100|[from] item: Leftovers
|-damage|p2a: Porygon2|44/100 tox|[from] psn
|upkeep
|turn|34
|
|t:|1659799287
|switch|p1a: Togekiss|Togekiss, M|100/100
|move|p2a: Porygon2|Recover|p2a: Porygon2
|-heal|p2a: Porygon2|94/100 tox
|
|-damage|p2a: Porygon2|82/100 tox|[from] psn
|upkeep
|turn|35
|
|t:|1659799292
|switch|p2a: Raikou|Raikou|79/100
|-ability|p2a: Raikou|Pressure
|move|p1a: Togekiss|Nasty Plot|p1a: Togekiss
|-boost|p1a: Togekiss|spa|2
|
|upkeep
|turn|36
|
|t:|1659799298
|switch|p1a: Gastrodon|Gastrodon, M|88/100
|move|p2a: Raikou|Thunderbolt|p1a: Gastrodon
|-immune|p1a: Gastrodon
|
|-heal|p1a: Gastrodon|94/100|[from] item: Leftovers
|upkeep
|turn|37
|
|t:|1659799306
|switch|p2a: Porygon2|Porygon2|82/100 tox
|-ability|p2a: Porygon2|Sticky Hold|[from] ability: Trace|[of] p1a: Gastrodon
|switch|p1a: Togekiss|Togekiss, M|100/100
|
|-damage|p2a: Porygon2|75/100 tox|[from] psn
|upkeep
|turn|38
|
|t:|1659799312
|switch|p2a: Metagross|Metagross|64/100
|move|p1a: Togekiss|Air Slash|p2a: Metagross
|-resisted|p2a: Metagross
|-damage|p2a: Metagross|42/100
|
|upkeep
|turn|39
|
|t:|1659799319
|switch|p1a: Gastrodon|Gastrodon, M|94/100
|move|p2a: Metagross|Trick|p1a: Gastrodon
|-immune|p1a: Gastrodon
|
|-heal|p1a: Gastrodon|99/100|[from] item: Leftovers
|upkeep
|turn|40
|
|t:|1659799328
|switch|p2a: Porygon2|Porygon2|75/100 tox
|-ability|p2a: Porygon2|Sticky Hold|[from] ability: Trace|[of] p1a: Gastrodon
|switch|p1a: Togekiss|Togekiss, M|100/100
|
|-damage|p2a: Porygon2|69/100 tox|[from] psn
|upkeep
|turn|41
|
|t:|1659799337
|move|p1a: Togekiss|Air Slash|p2a: Porygon2
|-damage|p2a: Porygon2|53/100 tox
|cant|p2a: Porygon2|flinch
|
|-damage|p2a: Porygon2|41/100 tox|[from] psn
|upkeep
|turn|42
|
|t:|1659799342
|switch|p2a: Raikou|Raikou|79/100
|-ability|p2a: Raikou|Pressure
|move|p1a: Togekiss|Air Slash|p2a: Raikou
|-resisted|p2a: Raikou
|-damage|p2a: Raikou|60/100
|
|upkeep
|turn|43
|
|t:|1659799350
|switch|p1a: Gastrodon|Gastrodon, M|99/100
|move|p2a: Raikou|Scald|p1a: Gastrodon
|-damage|p1a: Gastrodon|66/100
|
|-heal|p1a: Gastrodon|72/100|[from] item: Leftovers
|upkeep
|turn|44
|
|t:|1659799358
|switch|p2a: Porygon2|Porygon2|41/100 tox
|-ability|p2a: Porygon2|Sticky Hold|[from] ability: Trace|[of] p1a: Gastrodon
|move|p1a: Gastrodon|Earth Power|p2a: Porygon2
|-damage|p2a: Porygon2|28/100 tox
|
|-heal|p1a: Gastrodon|78/100|[from] item: Leftovers
|-damage|p2a: Porygon2|21/100 tox|[from] psn
|upkeep
|turn|45
|
|t:|1659799362
|switch|p1a: Incineroar|Incineroar, F|100/100
|-ability|p1a: Incineroar|Intimidate|boost
|-unboost|p2a: Porygon2|atk|1
|move|p2a: Porygon2|Recover|p2a: Porygon2
|-heal|p2a: Porygon2|71/100 tox
|
|-damage|p2a: Porygon2|59/100 tox|[from] psn
|upkeep
|turn|46
|
|t:|1659799369
|switch|p2a: Noivern|Noivern, M|100/100
|move|p1a: Incineroar|Close Combat|p2a: Noivern
|-resisted|p2a: Noivern
|-damage|p2a: Noivern|80/100
|-unboost|p1a: Incineroar|def|1
|-unboost|p1a: Incineroar|spd|1
|
|upkeep
|turn|47
|
|t:|1659799375
|switch|p1a: Gastrodon|Gastrodon, M|78/100
|move|p2a: Noivern|U-turn|p1a: Gastrodon
|-damage|p1a: Gastrodon|70/100
|j| 07l中国大妈
|
|t:|1659799381
|switch|p2a: Gastrodon|Gastrodon, M|58/100|[from]move: U-turn
|
|-heal|p1a: Gastrodon|76/100|[from] item: Leftovers
|-heal|p2a: Gastrodon|64/100|[from] item: Leftovers
|upkeep
|turn|48
|
|t:|1659799387
|switch|p1a: Celebi|Celebi|88/100
|move|p2a: Gastrodon|Toxic|p1a: Celebi
|-status|p1a: Celebi|tox
|
|-heal|p1a: Celebi|94/100 tox|[from] item: Leftovers
|-heal|p2a: Gastrodon|70/100|[from] item: Leftovers
|-damage|p1a: Celebi|88/100 tox|[from] psn
|upkeep
|turn|49
|
|t:|1659799394
|switch|p2a: Metagross|Metagross|42/100
|move|p1a: Celebi|Leaf Storm|p2a: Metagross
|-resisted|p2a: Metagross
|-damage|p2a: Metagross|5/100
|-unboost|p1a: Celebi|spa|2
|
|-heal|p1a: Celebi|94/100 tox|[from] item: Leftovers
|-damage|p1a: Celebi|82/100 tox|[from] psn
|upkeep
|turn|50
|l| 07l中国大妈
|
|t:|1659799401
|move|p2a: Metagross|Ice Punch|p1a: Celebi
|-supereffective|p1a: Celebi
|-damage|p1a: Celebi|32/100 tox
|move|p1a: Celebi|Leaf Storm|p2a: Metagross
|-resisted|p2a: Metagross
|-damage|p2a: Metagross|0 fnt
|-unboost|p1a: Celebi|spa|2
|faint|p2a: Metagross
|
|-heal|p1a: Celebi|38/100 tox|[from] item: Leftovers
|-damage|p1a: Celebi|19/100 tox|[from] psn
|upkeep
|
|t:|1659799406
|switch|p2a: Lucario|Lucario, F|100/100
|turn|51
|
|t:|1659799419
|move|p1a: Celebi|Psychic|p2a: Lucario
|-damage|p2a: Lucario|81/100
|move|p2a: Lucario|Swords Dance|p2a: Lucario
|-boost|p2a: Lucario|atk|2
|
|-heal|p1a: Celebi|25/100 tox|[from] item: Leftovers
|-damage|p1a: Celebi|1/100 tox|[from] psn
|upkeep
|turn|52
|
|t:|1659799423
|move|p1a: Celebi|Psychic|p2a: Lucario
|-damage|p2a: Lucario|60/100
|move|p2a: Lucario|Swords Dance|p2a: Lucario
|-boost|p2a: Lucario|atk|2
|
|-heal|p1a: Celebi|7/100 tox|[from] item: Leftovers
|-damage|p1a: Celebi|0 fnt|[from] psn
|faint|p1a: Celebi
|upkeep
|
|t:|1659799430
|switch|p1a: Togekiss|Togekiss, M|100/100
|turn|53
|
|t:|1659799460
|move|p2a: Lucario|Extreme Speed|p1a: Togekiss
|-damage|p1a: Togekiss|0 fnt
|faint|p1a: Togekiss
|-damage|p2a: Lucario|50/100|[from] item: Life Orb
|
|upkeep
|
|t:|1659799492
|switch|p1a: Incineroar|Incineroar, F|100/100
|-ability|p1a: Incineroar|Intimidate|boost
|-fail|p2a: Lucario|unboost|Attack|[from] ability: Inner Focus|[of] p2a: Lucario
|turn|54
|
|t:|1659799509
|switch|p1a: Weezing|Weezing-Galar, F|100/100
|move|p2a: Lucario|Extreme Speed|p1a: Weezing
|-damage|p1a: Weezing|27/100
|-damage|p2a: Lucario|40/100|[from] item: Life Orb
|
|-heal|p1a: Weezing|33/100|[from] item: Black Sludge
|upkeep
|turn|55
|
|t:|1659799518
|switch|p1a: Gastrodon|Gastrodon, M|76/100
|move|p2a: Lucario|Extreme Speed|p1a: Gastrodon
|-damage|p1a: Gastrodon|4/100
|-damage|p2a: Lucario|30/100|[from] item: Life Orb
|
|-heal|p1a: Gastrodon|11/100|[from] item: Leftovers
|upkeep
|turn|56
|
|t:|1659799522
|move|p2a: Lucario|Extreme Speed|p1a: Gastrodon
|-crit|p1a: Gastrodon
|-damage|p1a: Gastrodon|0 fnt
|faint|p1a: Gastrodon
|-damage|p2a: Lucario|20/100|[from] item: Life Orb
|
|upkeep
|
|t:|1659799524
|switch|p1a: Weezing|Weezing-Galar, F|33/100
|turn|57
|
|t:|1659799526
|move|p1a: Weezing|Protect|p1a: Weezing
|-singleturn|p1a: Weezing|Protect
|move|p2a: Lucario|Extreme Speed|p1a: Weezing
|-activate|p1a: Weezing|move: Protect
|
|-heal|p1a: Weezing|39/100|[from] item: Black Sludge
|upkeep
|turn|58
|
|t:|1659799527
|move|p2a: Lucario|Extreme Speed|p1a: Weezing
|-damage|p1a: Weezing|0 fnt
|faint|p1a: Weezing
|-damage|p2a: Lucario|10/100|[from] item: Life Orb
|
|upkeep
|
|t:|1659799529
|switch|p1a: Incineroar|Incineroar, F|100/100
|-ability|p1a: Incineroar|Intimidate|boost
|-fail|p2a: Lucario|unboost|Attack|[from] ability: Inner Focus|[of] p2a: Lucario
|turn|59
|
|t:|1659799532
|move|p2a: Lucario|Extreme Speed|p1a: Incineroar
|-damage|p1a: Incineroar|0 fnt
|faint|p1a: Incineroar
|-damage|p2a: Lucario|0 fnt|[from] item: Life Orb
|faint|p2a: Lucario
|
|win|Truzimy
|raw|Kla0Trixx's rating: 1441 &rarr; <strong>1425</strong><br />(-16 for losing)
|raw|Truzimy's rating: 1503 &rarr; <strong>1519</strong><br />(+16 for winning)
|c|☆Truzimy|gg
|l|☆Kla0Trixx
