|raw|<div class="broadcast-blue"><strong>This battle is required to be public due to a player having a name starting with 'rult70'.</div>
|j|☆Rult70B evidith
|j|☆RULT70A GK
|t:|1626896171
|gametype|singles
|player|p1|Rult70B evidith|lass-gen4dp|1430
|player|p2|RULT70A GK|teacher-gen2|1501
|teamsize|p1|6
|teamsize|p2|6
|gen|8
|tier|[Gen 8] RU
|rated|
|rule|Sleep Clause Mod: Limit one foe put to sleep
|rule|Species Clause: Limit one of each Pokémon
|rule|OHKO Clause: OHKO moves are banned
|rule|Evasion Moves Clause: Evasion moves are banned
|rule|Endless Battle Clause: Forcing endless battles is banned
|rule|HP Percentage Mod: HP is shown in percentages
|rule|Dynamax Clause: You cannot dynamax
|clearpoke
|poke|p1|Indeedee, M|
|poke|p1|Mienshao, M|
|poke|p1|Whimsicott, M|
|poke|p1|Marowak-Alola, M|
|poke|p1|Starmie|
|poke|p1|Escavalier, M|
|poke|p2|Torkoal, F|
|poke|p2|Shiftry, M|
|poke|p2|Entei|
|poke|p2|Seismitoad, F|
|poke|p2|Noivern, M|
|poke|p2|Gardevoir, F|
|teampreview
|j| rult70e ifo
|j| rult70m mac3 ✝
|
|t:|1626896195
|start
|switch|p1a: Indeedee|Indeedee, M|100/100
|switch|p2a: Seismitoad|Seismitoad, F|100/100
|-fieldstart|move: Psychic Terrain|[from] ability: Psychic Surge|[of] p1a: Indeedee
|turn|1
|
|t:|1626896213
|switch|p2a: Gardevoir|Gardevoir, F|100/100
|-ability|p2a: Gardevoir|Psychic Surge|[from] ability: Trace|[of] p1a: Indeedee
|move|p1a: Indeedee|Expanding Force|p2a: Gardevoir
|-resisted|p2a: Gardevoir
|-damage|p2a: Gardevoir|40/100
|
|upkeep
|turn|2
|
|t:|1626896224
|switch|p2a: Shiftry|Shiftry, M|100/100
|move|p1a: Indeedee|Expanding Force|p2a: Shiftry
|-immune|p2a: Shiftry
|
|upkeep
|turn|3
|
|t:|1626896230
|switch|p1a: Mienshao|Mienshao, M|100/100
|move|p2a: Shiftry|Knock Off|p1a: Mienshao
|-resisted|p1a: Mienshao
|-damage|p1a: Mienshao|46/100
|-enditem|p1a: Mienshao|Choice Scarf|[from] move: Knock Off|[of] p2a: Shiftry
|-damage|p2a: Shiftry|91/100|[from] item: Life Orb
|
|upkeep
|turn|4
|
|t:|1626896233
|switch|p2a: Noivern|Noivern, M|100/100
|move|p1a: Mienshao|U-turn|p2a: Noivern
|-resisted|p2a: Noivern
|-damage|p2a: Noivern|89/100
|
|t:|1626896241
|switch|p1a: Marowak|Marowak-Alola, M|100/100|[from]move: U-turn
|
|upkeep
|turn|5
|
|t:|1626896260
|move|p2a: Noivern|Draco Meteor|p1a: Marowak
|-damage|p1a: Marowak|47/100
|-unboost|p2a: Noivern|spa|2
|move|p1a: Marowak|Stealth Rock|p2a: Noivern
|-sidestart|p2: RULT70A GK|move: Stealth Rock
|
|-fieldend|move: Psychic Terrain
|upkeep
|turn|6
|
|t:|1626896270
|move|p2a: Noivern|Draco Meteor|p1a: Marowak
|-damage|p1a: Marowak|18/100
|-unboost|p2a: Noivern|spa|2
|move|p1a: Marowak|Poltergeist|p2a: Noivern
|-activate|p2a: Noivern|move: Poltergeist|Heavy-Duty Boots
|-damage|p2a: Noivern|11/100
|
|upkeep
|turn|7
|
|t:|1626896277
|move|p2a: Noivern|Draco Meteor|p1a: Marowak
|-damage|p1a: Marowak|0 fnt
|-unboost|p2a: Noivern|spa|2
|faint|p1a: Marowak
|
|upkeep
|
|t:|1626896292
|switch|p1a: Mienshao|Mienshao, M|79/100
|turn|8
|j| Jeran 重力
|l| Jeran 重力
|j|+Feliburn
|
|t:|1626896346
|move|p2a: Noivern|Roost|p2a: Noivern
|-heal|p2a: Noivern|62/100
|-singleturn|p2a: Noivern|move: Roost
|move|p1a: Mienshao|Close Combat|p2a: Noivern
|-damage|p2a: Noivern|1/100
|-unboost|p1a: Mienshao|def|1
|-unboost|p1a: Mienshao|spd|1
|
|upkeep
|turn|9
|
|t:|1626896353
|move|p2a: Noivern|Draco Meteor|p1a: Mienshao
|-damage|p1a: Mienshao|43/100
|move|p1a: Mienshao|Close Combat|p2a: Noivern
|-resisted|p2a: Noivern
|-damage|p2a: Noivern|0 fnt
|-unboost|p1a: Mienshao|def|1
|-unboost|p1a: Mienshao|spd|1
|faint|p2a: Noivern
|
|upkeep
|
|t:|1626896358
|switch|p2a: Gardevoir|Gardevoir, F|40/100
|-damage|p2a: Gardevoir|28/100|[from] Stealth Rock
|-ability|p2a: Gardevoir|Regenerator|[from] ability: Trace|[of] p1a: Mienshao
|turn|10
|
|t:|1626896372
|switch|p1a: Escavalier|Escavalier, M|100/100
|move|p2a: Gardevoir|Teleport|p2a: Gardevoir
|
|t:|1626896386
|switch|p2a: Torkoal|Torkoal, F|100/100|[from]move: Teleport
|-damage|p2a: Torkoal|76/100|[from] Stealth Rock
|-weather|SunnyDay|[from] ability: Drought|[of] p2a: Torkoal
|
|-weather|SunnyDay|[upkeep]
|upkeep
|turn|11
|j| rult70rabbit
|
|t:|1626896422
|move|p1a: Escavalier|Knock Off|p2a: Torkoal
|-damage|p2a: Torkoal|57/100
|-enditem|p2a: Torkoal|Heat Rock|[from] move: Knock Off|[of] p1a: Escavalier
|move|p2a: Torkoal|Rapid Spin|p1a: Escavalier
|-resisted|p1a: Escavalier
|-damage|p1a: Escavalier|96/100
|-boost|p2a: Torkoal|spe|1
|-sideend|p2: RULT70A GK|Stealth Rock|[from] move: Rapid Spin|[of] p2a: Torkoal
|
|-weather|SunnyDay|[upkeep]
|upkeep
|turn|12
|
|t:|1626896432
|switch|p1a: Starmie|Starmie|100/100
|move|p2a: Torkoal|Stealth Rock|p1a: Starmie
|-sidestart|p1: Rult70B evidith|move: Stealth Rock
|
|-weather|SunnyDay|[upkeep]
|upkeep
|turn|13
|
|t:|1626896436
|switch|p2a: Shiftry|Shiftry, M|91/100
|move|p1a: Starmie|Rapid Spin|p2a: Shiftry
|-damage|p2a: Shiftry|77/100
|-boost|p1a: Starmie|spe|1
|-sideend|p1: Rult70B evidith|Stealth Rock|[from] move: Rapid Spin|[of] p1a: Starmie
|
|-weather|SunnyDay|[upkeep]
|upkeep
|turn|14
|
|t:|1626896445
|switch|p1a: Escavalier|Escavalier, M|96/100
|move|p2a: Shiftry|Solar Blade||[still]
|-prepare|p2a: Shiftry|Solar Blade
|-anim|p2a: Shiftry|Solar Blade|p1a: Escavalier
|-resisted|p1a: Escavalier
|-damage|p1a: Escavalier|76/100
|-damage|p2a: Shiftry|67/100|[from] item: Life Orb
|
|-weather|SunnyDay|[upkeep]
|upkeep
|turn|15
|
|t:|1626896451
|switch|p2a: Torkoal|Torkoal, F|57/100
|move|p1a: Escavalier|Megahorn|p2a: Torkoal
|-resisted|p2a: Torkoal
|-damage|p2a: Torkoal|40/100
|
|-weather|SunnyDay|[upkeep]
|upkeep
|turn|16
|
|t:|1626896456
|switch|p1a: Starmie|Starmie|100/100
|switch|p2a: Shiftry|Shiftry, M|67/100
|
|-weather|SunnyDay|[upkeep]
|upkeep
|turn|17
|
|t:|1626896459
|switch|p1a: Escavalier|Escavalier, M|76/100
|move|p2a: Shiftry|Knock Off|p1a: Escavalier
|-damage|p1a: Escavalier|18/100
|-enditem|p1a: Escavalier|Heavy-Duty Boots|[from] move: Knock Off|[of] p2a: Shiftry
|-damage|p2a: Shiftry|58/100|[from] item: Life Orb
|
|-weather|none
|upkeep
|turn|18
|
|t:|1626896474
|switch|p1a: Mienshao|Mienshao, M|77/100
|move|p2a: Shiftry|Knock Off|p1a: Mienshao
|-resisted|p1a: Mienshao
|-damage|p1a: Mienshao|38/100
|-damage|p2a: Shiftry|48/100|[from] item: Life Orb
|
|upkeep
|turn|19
|
|t:|1626896484
|switch|p2a: Torkoal|Torkoal, F|40/100
|-weather|SunnyDay|[from] ability: Drought|[of] p2a: Torkoal
|move|p1a: Mienshao|U-turn|p2a: Torkoal
|-resisted|p2a: Torkoal
|-damage|p2a: Torkoal|34/100
|
|t:|1626896488
|switch|p1a: Indeedee|Indeedee, M|100/100|[from]move: U-turn
|-fieldstart|move: Psychic Terrain|[from] ability: Psychic Surge|[of] p1a: Indeedee
|
|-weather|SunnyDay|[upkeep]
|upkeep
|turn|20
|
|t:|1626896492
|switch|p2a: Gardevoir|Gardevoir, F|61/100
|-ability|p2a: Gardevoir|Psychic Surge|[from] ability: Trace|[of] p1a: Indeedee
|move|p1a: Indeedee|Tri Attack|p2a: Gardevoir
|-damage|p2a: Gardevoir|2/100
|
|-weather|SunnyDay|[upkeep]
|upkeep
|turn|21
|
|t:|1626896533
|move|p2a: Gardevoir|Healing Wish|p2a: Gardevoir
|faint|p2a: Gardevoir
|move|p1a: Indeedee|Tri Attack|p2: Gardevoir|[notarget]
|-fail|p1a: Indeedee
|
|-weather|SunnyDay|[upkeep]
|upkeep
|
|t:|1626896535
|switch|p2a: Shiftry|Shiftry, M|48/100
|-heal|p2a: Shiftry|100/100|[from] move: Healing Wish
|turn|22
|
|t:|1626896541
|switch|p1a: Escavalier|Escavalier, M|18/100
|move|p2a: Shiftry|Solar Blade||[still]
|-prepare|p2a: Shiftry|Solar Blade
|-anim|p2a: Shiftry|Solar Blade|p1a: Escavalier
|-resisted|p1a: Escavalier
|-damage|p1a: Escavalier|0 fnt
|faint|p1a: Escavalier
|-damage|p2a: Shiftry|91/100|[from] item: Life Orb
|
|-weather|SunnyDay|[upkeep]
|upkeep
|
|t:|1626896546
|switch|p1a: Starmie|Starmie|100/100
|turn|23
|
|t:|1626896558
|switch|p1a: Whimsicott|Whimsicott, M|100/100
|move|p2a: Shiftry|Solar Blade||[still]
|-prepare|p2a: Shiftry|Solar Blade
|-anim|p2a: Shiftry|Solar Blade|p1a: Whimsicott
|-resisted|p1a: Whimsicott
|-damage|p1a: Whimsicott|43/100
|-damage|p2a: Shiftry|81/100|[from] item: Life Orb
|
|-weather|none
|-fieldend|move: Psychic Terrain
|upkeep
|turn|24
|
|t:|1626896567
|switch|p1a: Indeedee|Indeedee, M|100/100
|-fieldstart|move: Psychic Terrain|[from] ability: Psychic Surge|[of] p1a: Indeedee
|switch|p2a: Entei|Entei, shiny|100/100
|
|upkeep
|turn|25
|
|t:|1626896573
|switch|p1a: Starmie|Starmie|100/100
|move|p2a: Entei|Sacred Fire|p1a: Starmie
|-resisted|p1a: Starmie
|-damage|p1a: Starmie|59/100
|
|upkeep
|turn|26
|
|t:|1626896582
|switch|p1a: Indeedee|Indeedee, M|100/100
|move|p2a: Entei|Sacred Fire|p1a: Indeedee
|-crit|p1a: Indeedee
|-damage|p1a: Indeedee|0 fnt
|faint|p1a: Indeedee
|
|upkeep
|c|☆Rult70B evidith|ugh
|-message|Rult70B evidith forfeited.
|
|win|RULT70A GK
|l|☆Rult70B evidith
