|html|<div class="broadcast-blue"><strong>[Gen 8] RU is currently suspecting Obstagoon! For information on how to participate check out the <a href="https://www.smogon.com/forums/threads/ru-stage-11-rock-and-roll-all-nite-obstagoon-suspect-test.3700302/">suspect thread</a>.</strong></div>
|j|☆Haazel Thorn
|j|☆Its three am
|inactive|Battle timer is ON: inactive players will automatically lose when time's up.
|t:|1650464809
|gametype|singles
|player|p1|Haazel Thorn|bede|
|player|p2|Its three am|elesa-gen5bw2|
|teamsize|p1|6
|teamsize|p2|6
|gen|8
|tier|[Gen 8] RU
|rated|Tournament battle
|rule|Sleep Clause Mod: Limit one foe put to sleep
|rule|Species Clause: Limit one of each Pokémon
|rule|OHKO Clause: OHKO moves are banned
|rule|Evasion Moves Clause: Evasion moves are banned
|rule|Endless Battle Clause: Forcing endless battles is banned
|rule|HP Percentage Mod: HP is shown in percentages
|rule|Dynamax Clause: You cannot dynamax
|clearpoke
|poke|p1|Suicune|
|poke|p1|Weezing-Galar, F|
|poke|p1|Metagross|
|poke|p1|Umbreon, M|
|poke|p1|Nidoqueen, F|
|poke|p1|Togekiss, F|
|poke|p2|Reuniclus, M|
|poke|p2|Milotic, M|
|poke|p2|Steelix, M|
|poke|p2|Umbreon, M|
|poke|p2|Heracross, F|
|poke|p2|Crobat, F|
|teampreview
|j|*Lady Monita ✿
|
|t:|1650464820
|start
|switch|p1a: Nidoqueen|Nidoqueen, F|100/100
|switch|p2a: Milotic|Milotic, M|100/100
|turn|1
|
|t:|1650464823
|move|p2a: Milotic|Scald|p1a: Nidoqueen
|-supereffective|p1a: Nidoqueen
|-damage|p1a: Nidoqueen|61/100
|-status|p1a: Nidoqueen|brn
|move|p1a: Nidoqueen|Toxic|p2a: Milotic
|-status|p2a: Milotic|tox
|
|-heal|p1a: Nidoqueen|67/100 brn|[from] item: Black Sludge
|-damage|p2a: Milotic|94/100 tox|[from] psn
|-damage|p1a: Nidoqueen|61/100 brn|[from] brn
|upkeep
|turn|2
|j| Fylkir Pudin
|
|t:|1650464832
|switch|p1a: Umbreon|Umbreon, M|100/100
|move|p2a: Milotic|Scald||[still]
|-damage|p1a: Umbreon|86/100
|-status|p1a: Umbreon|brn
|-activate|p1a: Umbreon|ability: Synchronize
|-fail|p1a: Umbreon
|
|-heal|p1a: Umbreon|92/100 brn|[from] item: Leftovers
|-damage|p2a: Milotic|82/100 tox|[from] psn
|-damage|p1a: Umbreon|86/100 brn|[from] brn
|upkeep
|turn|3
|
|t:|1650464835
|switch|p2a: Heracross|Heracross, F|100/100
|move|p1a: Umbreon|Heal Bell|p1a: Umbreon
|-activate|p1a: Umbreon|move: Heal Bell
|-curestatus|p1a: Umbreon|brn|[msg]
|-curestatus|p1: Nidoqueen|brn|[msg]
|
|-heal|p1a: Umbreon|92/100|[from] item: Leftovers
|-status|p2a: Heracross|brn|[from] item: Flame Orb
|upkeep
|turn|4
|
|t:|1650464840
|switch|p1a: Weezing|Weezing-Galar, F|100/100
|move|p2a: Heracross|Knock Off|p1a: Weezing
|-resisted|p1a: Weezing
|-damage|p1a: Weezing|85/100
|-damage|p2a: Heracross|84/100 brn|[from] item: Rocky Helmet|[of] p1a: Weezing
|-enditem|p1a: Weezing|Rocky Helmet|[from] move: Knock Off|[of] p2a: Heracross
|
|-damage|p2a: Heracross|78/100 brn|[from] brn
|upkeep
|turn|5
|
|t:|1650464851
|switch|p2a: Steelix|Steelix, M|100/100
|move|p1a: Weezing|Sludge Bomb|p2a: Steelix
|-immune|p2a: Steelix
|
|upkeep
|turn|6
|
|t:|1650464854
|move|p1a: Weezing|Will-O-Wisp|p2a: Steelix|[miss]
|-miss|p1a: Weezing|p2a: Steelix
|move|p2a: Steelix|Stealth Rock|p1a: Weezing
|-sidestart|p1: Haazel Thorn|move: Stealth Rock
|
|upkeep
|turn|7
|
|t:|1650464866
|switch|p2a: Reuniclus|Reuniclus, M|100/100
|move|p1a: Weezing|Defog|p2a: Reuniclus
|-unboost|p2a: Reuniclus|evasion|1
|-sideend|p1: Haazel Thorn|Stealth Rock|[from] move: Defog|[of] p1a: Weezing
|
|upkeep
|turn|8
|
|t:|1650464872
|switch|p1a: Togekiss|Togekiss, F|100/100
|switch|p2a: Heracross|Heracross, F|78/100 brn
|
|-damage|p2a: Heracross|72/100 brn|[from] brn
|upkeep
|turn|9
|
|t:|1650464877
|switch|p2a: Crobat|Crobat, F|100/100
|move|p1a: Togekiss|Air Slash|p2a: Crobat
|-damage|p2a: Crobat|62/100
|
|upkeep
|turn|10
|
|t:|1650464880
|move|p1a: Togekiss|Air Slash|p2a: Crobat
|-damage|p2a: Crobat|24/100
|move|p2a: Crobat|Roost|p2a: Crobat
|-heal|p2a: Crobat|74/100
|-singleturn|p2a: Crobat|move: Roost
|
|upkeep
|turn|11
|
|t:|1650464884
|move|p1a: Togekiss|Air Slash|p2a: Crobat
|-damage|p2a: Crobat|36/100
|move|p2a: Crobat|Roost|p2a: Crobat
|-heal|p2a: Crobat|86/100
|-singleturn|p2a: Crobat|move: Roost
|
|upkeep
|turn|12
|c|☆Haazel Thorn|not infiltrator @_@
|
|t:|1650464904
|switch|p1a: Metagross|Metagross, shiny|100/100
|move|p2a: Crobat|Roost|p2a: Crobat
|-heal|p2a: Crobat|100/100
|-singleturn|p2a: Crobat|move: Roost
|
|upkeep
|turn|13
|j| RUO7 TU
|
|t:|1650464910
|move|p2a: Crobat|U-turn|p1a: Metagross
|-damage|p1a: Metagross|91/100
|
|t:|1650464913
|switch|p2a: Milotic|Milotic, M|82/100 tox|[from]move: U-turn
|move|p1a: Metagross|Cosmic Power|p1a: Metagross
|-boost|p1a: Metagross|def|1
|-boost|p1a: Metagross|spd|1
|
|-heal|p1a: Metagross|97/100|[from] item: Leftovers
|-damage|p2a: Milotic|76/100 tox|[from] psn
|upkeep
|turn|14
|
|t:|1650464918
|move|p2a: Milotic|Recover|p2a: Milotic
|-heal|p2a: Milotic|100/100 tox
|move|p1a: Metagross|Cosmic Power|p1a: Metagross
|-boost|p1a: Metagross|def|1
|-boost|p1a: Metagross|spd|1
|
|-heal|p1a: Metagross|100/100|[from] item: Leftovers
|-damage|p2a: Milotic|88/100 tox|[from] psn
|upkeep
|turn|15
|
|t:|1650464921
|move|p2a: Milotic|Haze|p2a: Milotic
|-clearallboost
|move|p1a: Metagross|Cosmic Power|p1a: Metagross
|-boost|p1a: Metagross|def|1
|-boost|p1a: Metagross|spd|1
|
|-damage|p2a: Milotic|70/100 tox|[from] psn
|upkeep
|turn|16
|j| NaeNaeClarke
|
|t:|1650464927
|switch|p2a: Umbreon|Umbreon, M|100/100
|move|p1a: Metagross|Cosmic Power|p1a: Metagross
|-boost|p1a: Metagross|def|1
|-boost|p1a: Metagross|spd|1
|
|upkeep
|turn|17
|
|t:|1650464932
|move|p1a: Metagross|Body Press|p2a: Umbreon
|-supereffective|p2a: Umbreon
|-damage|p2a: Umbreon|15/100
|move|p2a: Umbreon|Heal Bell|p2a: Umbreon
|-activate|p2a: Umbreon|move: Heal Bell
|-curestatus|p2: Milotic|tox|[msg]
|-curestatus|p2: Heracross|brn|[msg]
|
|-heal|p2a: Umbreon|21/100|[from] item: Leftovers
|upkeep
|turn|18
|j| Greether4
|
|t:|1650464939
|switch|p2a: Milotic|Milotic, M|70/100
|move|p1a: Metagross|Body Press|p2a: Milotic
|-damage|p2a: Milotic|29/100
|
|upkeep
|turn|19
|
|t:|1650464944
|move|p2a: Milotic|Recover|p2a: Milotic
|-heal|p2a: Milotic|79/100
|move|p1a: Metagross|Body Press|p2a: Milotic
|-damage|p2a: Milotic|42/100
|
|upkeep
|turn|20
|
|t:|1650464951
|switch|p1a: Nidoqueen|Nidoqueen, F|61/100
|move|p2a: Milotic|Recover|p2a: Milotic
|-heal|p2a: Milotic|92/100
|
|-heal|p1a: Nidoqueen|67/100|[from] item: Black Sludge
|upkeep
|turn|21
|
|t:|1650464959
|move|p2a: Milotic|Scald|p1a: Nidoqueen
|-supereffective|p1a: Nidoqueen
|-damage|p1a: Nidoqueen|24/100
|move|p1a: Nidoqueen|Stealth Rock|p2a: Milotic
|-sidestart|p2: Its three am|move: Stealth Rock
|
|-heal|p1a: Nidoqueen|31/100|[from] item: Black Sludge
|upkeep
|turn|22
|l| RUO7 TU
|
|t:|1650464971
|switch|p1a: Togekiss|Togekiss, F|100/100
|move|p2a: Milotic|Scald|p1a: Togekiss
|-damage|p1a: Togekiss|77/100
|-status|p1a: Togekiss|brn
|
|-damage|p1a: Togekiss|71/100 brn|[from] brn
|upkeep
|turn|23
|
|t:|1650464978
|switch|p2a: Steelix|Steelix, M|100/100
|-damage|p2a: Steelix|97/100|[from] Stealth Rock
|move|p1a: Togekiss|Flamethrower|p2a: Steelix
|-supereffective|p2a: Steelix
|-damage|p2a: Steelix|48/100
|
|-heal|p2a: Steelix|54/100|[from] item: Leftovers
|-damage|p1a: Togekiss|65/100 brn|[from] brn
|upkeep
|turn|24
|
|t:|1650464981
|move|p1a: Togekiss|Flamethrower|p2a: Steelix
|-supereffective|p2a: Steelix
|-crit|p2a: Steelix
|-damage|p2a: Steelix|0 fnt
|faint|p2a: Steelix
|
|-damage|p1a: Togekiss|59/100 brn|[from] brn
|upkeep
|
|t:|1650464984
|switch|p2a: Crobat|Crobat, F|100/100
|turn|25
|
|t:|1650464995
|switch|p1a: Umbreon|Umbreon, M|92/100
|move|p2a: Crobat|Defog|p1a: Umbreon
|-unboost|p1a: Umbreon|evasion|1
|-sideend|p2: Its three am|Stealth Rock|[from] move: Defog|[of] p2a: Crobat
|
|-heal|p1a: Umbreon|98/100|[from] item: Leftovers
|upkeep
|turn|26
|
|t:|1650464999
|move|p2a: Crobat|Brave Bird|p1a: Umbreon
|-damage|p1a: Umbreon|68/100
|-damage|p2a: Crobat|90/100|[from] Recoil
|move|p1a: Umbreon|Wish|p1a: Umbreon
|
|-heal|p1a: Umbreon|74/100|[from] item: Leftovers
|upkeep
|turn|27
|
|t:|1650465007
|move|p2a: Crobat|Brave Bird|p1a: Umbreon
|-damage|p1a: Umbreon|45/100
|-damage|p2a: Crobat|80/100|[from] Recoil
|move|p1a: Umbreon|Heal Bell|p1a: Umbreon
|-activate|p1a: Umbreon|move: Heal Bell
|-curestatus|p1: Togekiss|brn|[msg]
|
|-heal|p1a: Umbreon|95/100|[from] move: Wish|[wisher] Umbreon
|-heal|p1a: Umbreon|100/100|[from] item: Leftovers
|upkeep
|turn|28
|
|t:|1650465009
|move|p2a: Crobat|U-turn|p1a: Umbreon
|-supereffective|p1a: Umbreon
|-damage|p1a: Umbreon|78/100
|
|t:|1650465012
|switch|p2a: Heracross|Heracross, F|72/100|[from]move: U-turn
|move|p1a: Umbreon|Wish|p1a: Umbreon
|
|-heal|p1a: Umbreon|84/100|[from] item: Leftovers
|-status|p2a: Heracross|brn|[from] item: Flame Orb
|upkeep
|turn|29
|j| giove97
|
|t:|1650465017
|switch|p2a: Umbreon|Umbreon, M|21/100
|switch|p1a: Togekiss|Togekiss, F|59/100
|
|-heal|p1a: Togekiss|100/100|[from] move: Wish|[wisher] Umbreon
|-heal|p2a: Umbreon|27/100|[from] item: Leftovers
|upkeep
|turn|30
|
|t:|1650465020
|move|p2a: Umbreon|Protect|p2a: Umbreon
|-singleturn|p2a: Umbreon|Protect
|move|p1a: Togekiss|Air Slash|p2a: Umbreon
|-activate|p2a: Umbreon|move: Protect
|
|-heal|p2a: Umbreon|33/100|[from] item: Leftovers
|upkeep
|turn|31
|l| giove97
|
|t:|1650465023
|switch|p2a: Crobat|Crobat, F|80/100
|move|p1a: Togekiss|Air Slash|p2a: Crobat
|-damage|p2a: Crobat|45/100
|
|upkeep
|turn|32
|
|t:|1650465029
|switch|p1a: Umbreon|Umbreon, M|84/100
|move|p2a: Crobat|Roost|p2a: Crobat
|-heal|p2a: Crobat|95/100
|-singleturn|p2a: Crobat|move: Roost
|
|-heal|p1a: Umbreon|90/100|[from] item: Leftovers
|upkeep
|turn|33
|
|t:|1650465031
|move|p2a: Crobat|U-turn|p1a: Umbreon
|-supereffective|p1a: Umbreon
|-damage|p1a: Umbreon|66/100
|
|t:|1650465034
|switch|p2a: Heracross|Heracross, F|72/100 brn|[from]move: U-turn
|move|p1a: Umbreon|Wish|p1a: Umbreon
|
|-heal|p1a: Umbreon|72/100|[from] item: Leftovers
|-damage|p2a: Heracross|66/100 brn|[from] brn
|upkeep
|turn|34
|
|t:|1650465038
|switch|p2a: Umbreon|Umbreon, M|33/100
|switch|p1a: Weezing|Weezing-Galar, F|85/100
|
|-heal|p1a: Weezing|100/100|[from] move: Wish|[wisher] Umbreon
|-heal|p2a: Umbreon|39/100|[from] item: Leftovers
|upkeep
|turn|35
|
|t:|1650465044
|switch|p1a: Nidoqueen|Nidoqueen, F|31/100
|move|p2a: Umbreon|Wish|p2a: Umbreon
|
|-heal|p1a: Nidoqueen|37/100|[from] item: Black Sludge
|-heal|p2a: Umbreon|45/100|[from] item: Leftovers
|upkeep
|turn|36
|
|t:|1650465047
|move|p1a: Nidoqueen|Stealth Rock|p2a: Umbreon
|-sidestart|p2: Its three am|move: Stealth Rock
|move|p2a: Umbreon|Foul Play|p1a: Nidoqueen
|-damage|p1a: Nidoqueen|12/100
|
|-heal|p2a: Umbreon|95/100|[from] move: Wish|[wisher] Umbreon
|-heal|p1a: Nidoqueen|18/100|[from] item: Black Sludge
|-heal|p2a: Umbreon|100/100|[from] item: Leftovers
|upkeep
|turn|37
|
|t:|1650465054
|switch|p2a: Crobat|Crobat, F|95/100
|move|p1a: Nidoqueen|Toxic|p2a: Crobat
|-immune|p2a: Crobat
|
|-heal|p1a: Nidoqueen|24/100|[from] item: Black Sludge
|upkeep
|turn|38
|
|t:|1650465060
|move|p2a: Crobat|Defog|p1a: Nidoqueen
|-unboost|p1a: Nidoqueen|evasion|1
|-sideend|p2: Its three am|Stealth Rock|[from] move: Defog|[of] p2a: Crobat
|move|p1a: Nidoqueen|Ice Beam|p2a: Crobat
|-supereffective|p2a: Crobat
|-damage|p2a: Crobat|48/100
|
|-heal|p1a: Nidoqueen|31/100|[from] item: Black Sludge
|upkeep
|turn|39
|
|t:|1650465063
|move|p2a: Crobat|Brave Bird|p1a: Nidoqueen
|-damage|p1a: Nidoqueen|0 fnt
|faint|p1a: Nidoqueen
|-damage|p2a: Crobat|37/100|[from] Recoil
|
|upkeep
|
|t:|1650465067
|switch|p1a: Togekiss|Togekiss, F|100/100
|turn|40
|
|t:|1650465070
|switch|p2a: Umbreon|Umbreon, M|100/100
|move|p1a: Togekiss|Air Slash|p2a: Umbreon
|-damage|p2a: Umbreon|84/100
|
|-heal|p2a: Umbreon|90/100|[from] item: Leftovers
|upkeep
|turn|41
|
|t:|1650465077
|switch|p1a: Suicune|Suicune|100/100
|-ability|p1a: Suicune|Pressure
|move|p2a: Umbreon|Wish|p2a: Umbreon
|
|-heal|p2a: Umbreon|96/100|[from] item: Leftovers
|upkeep
|turn|42
|
|t:|1650465089
|switch|p2a: Crobat|Crobat, F|37/100
|move|p1a: Suicune|Ice Beam|p2a: Crobat
|-supereffective|p2a: Crobat
|-damage|p2a: Crobat|0 fnt
|faint|p2a: Crobat
|
|upkeep
|
|t:|1650465095
|switch|p2a: Heracross|Heracross, F|66/100 brn
|turn|43
|
|t:|1650465101
|move|p2a: Heracross|Knock Off|p1a: Suicune
|-damage|p1a: Suicune|75/100
|-enditem|p1a: Suicune|Leftovers|[from] move: Knock Off|[of] p2a: Heracross
|move|p1a: Suicune|Scald|p2a: Heracross
|-damage|p2a: Heracross|35/100 brn
|
|-damage|p2a: Heracross|29/100 brn|[from] brn
|upkeep
|turn|44
|j| RUO7 TU
|
|t:|1650465109
|move|p2a: Heracross|Facade|p1a: Suicune
|-damage|p1a: Suicune|37/100
|move|p1a: Suicune|Scald|p2a: Heracross
|-damage|p2a: Heracross|1/100 brn
|
|-damage|p2a: Heracross|0 fnt|[from] brn
|faint|p2a: Heracross
|upkeep
|
|t:|1650465112
|switch|p2a: Reuniclus|Reuniclus, M|100/100
|turn|45
|
|t:|1650465117
|switch|p1a: Togekiss|Togekiss, F|100/100
|move|p2a: Reuniclus|Calm Mind|p2a: Reuniclus
|-boost|p2a: Reuniclus|spa|1
|-boost|p2a: Reuniclus|spd|1
|
|upkeep
|turn|46
|
|t:|1650465127
|switch|p1a: Umbreon|Umbreon, M|72/100
|switch|p2a: Umbreon|Umbreon, M|96/100
|
|-heal|p1a: Umbreon|78/100|[from] item: Leftovers
|-heal|p2a: Umbreon|100/100|[from] item: Leftovers
|upkeep
|turn|47
|
|t:|1650465133
|switch|p2a: Reuniclus|Reuniclus, M|100/100
|move|p1a: Umbreon|Wish|p1a: Umbreon
|
|-heal|p1a: Umbreon|84/100|[from] item: Leftovers
|upkeep
|turn|48
|
|t:|1650465142
|switch|p1a: Suicune|Suicune|37/100
|-ability|p1a: Suicune|Pressure
|move|p2a: Reuniclus|Calm Mind|p2a: Reuniclus
|-boost|p2a: Reuniclus|spa|1
|-boost|p2a: Reuniclus|spd|1
|
|-heal|p1a: Suicune|86/100|[from] move: Wish|[wisher] Umbreon
|upkeep
|turn|49
|
|t:|1650465148
|switch|p1a: Togekiss|Togekiss, F|100/100
|move|p2a: Reuniclus|Psyshock|p1a: Togekiss
|-damage|p1a: Togekiss|49/100
|
|upkeep
|turn|50
|
|t:|1650465155
|switch|p2a: Umbreon|Umbreon, M|100/100
|move|p1a: Togekiss|Trick|p2a: Umbreon
|-activate|p1a: Togekiss|move: Trick|[of] p2a: Umbreon
|-item|p2a: Umbreon|Choice Scarf|[from] move: Trick
|-item|p1a: Togekiss|Leftovers|[from] move: Trick
|
|-heal|p1a: Togekiss|55/100|[from] item: Leftovers
|upkeep
|turn|51
|
|t:|1650465162
|move|p1a: Togekiss|Air Slash|p2a: Umbreon
|-damage|p2a: Umbreon|84/100
|move|p2a: Umbreon|Wish|p2a: Umbreon
|
|-heal|p1a: Togekiss|62/100|[from] item: Leftovers
|upkeep
|turn|52
|
|t:|1650465178
|switch|p1a: Suicune|Suicune|86/100
|-ability|p1a: Suicune|Pressure
|switch|p2a: Reuniclus|Reuniclus, M|100/100
|
|upkeep
|turn|53
|
|t:|1650465196
|switch|p1a: Metagross|Metagross, shiny|100/100
|move|p2a: Reuniclus|Calm Mind|p2a: Reuniclus
|-boost|p2a: Reuniclus|spa|1
|-boost|p2a: Reuniclus|spd|1
|
|upkeep
|turn|54
|
|t:|1650465204
|switch|p2a: Milotic|Milotic, M|92/100
|move|p1a: Metagross|Cosmic Power|p1a: Metagross
|-boost|p1a: Metagross|def|1
|-boost|p1a: Metagross|spd|1
|
|upkeep
|turn|55
|
|t:|1650465211
|switch|p1a: Umbreon|Umbreon, M|84/100
|move|p2a: Milotic|Scald|p1a: Umbreon
|-damage|p1a: Umbreon|70/100
|-status|p1a: Umbreon|brn
|-activate|p1a: Umbreon|ability: Synchronize
|-status|p2a: Milotic|brn
|
|-heal|p1a: Umbreon|76/100 brn|[from] item: Leftovers
|-damage|p2a: Milotic|86/100 brn|[from] brn
|-damage|p1a: Umbreon|70/100 brn|[from] brn
|upkeep
|turn|56
|
|t:|1650465215
|switch|p2a: Reuniclus|Reuniclus, M|100/100
|move|p1a: Umbreon|Wish|p1a: Umbreon
|
|-heal|p1a: Umbreon|76/100 brn|[from] item: Leftovers
|-damage|p1a: Umbreon|70/100 brn|[from] brn
|upkeep
|turn|57
|j| Blitzburgh
|
|t:|1650465221
|switch|p1a: Togekiss|Togekiss, F|62/100
|move|p2a: Reuniclus|Calm Mind|p2a: Reuniclus
|-boost|p2a: Reuniclus|spa|1
|-boost|p2a: Reuniclus|spd|1
|
|-heal|p1a: Togekiss|100/100|[from] move: Wish|[wisher] Umbreon
|upkeep
|turn|58
|
|t:|1650465226
|switch|p1a: Metagross|Metagross, shiny|100/100
|move|p2a: Reuniclus|Calm Mind|p2a: Reuniclus
|-boost|p2a: Reuniclus|spa|1
|-boost|p2a: Reuniclus|spd|1
|
|upkeep
|turn|59
|
|t:|1650465228
|move|p1a: Metagross|Cosmic Power|p1a: Metagross
|-boost|p1a: Metagross|def|1
|-boost|p1a: Metagross|spd|1
|move|p2a: Reuniclus|Focus Blast|p1a: Metagross|[miss]
|-miss|p2a: Reuniclus|p1a: Metagross
|
|upkeep
|turn|60
|
|t:|1650465231
|switch|p2a: Milotic|Milotic, M|86/100 brn
|move|p1a: Metagross|Cosmic Power|p1a: Metagross
|-boost|p1a: Metagross|def|1
|-boost|p1a: Metagross|spd|1
|
|-damage|p2a: Milotic|80/100 brn|[from] brn
|upkeep
|turn|61
|
|t:|1650465235
|move|p2a: Milotic|Haze|p2a: Milotic
|-clearallboost
|move|p1a: Metagross|Body Press|p2a: Milotic
|-damage|p2a: Milotic|67/100 brn
|
|-damage|p2a: Milotic|61/100 brn|[from] brn
|upkeep
|turn|62
|
|t:|1650465240
|switch|p1a: Suicune|Suicune|86/100
|-ability|p1a: Suicune|Pressure
|move|p2a: Milotic|Recover|p2a: Milotic
|-heal|p2a: Milotic|100/100 brn
|
|-damage|p2a: Milotic|94/100 brn|[from] brn
|upkeep
|turn|63
|
|t:|1650465243
|switch|p2a: Reuniclus|Reuniclus, M|100/100
|move|p1a: Suicune|Calm Mind|p1a: Suicune
|-boost|p1a: Suicune|spa|1
|-boost|p1a: Suicune|spd|1
|
|upkeep
|turn|64
|
|t:|1650465248
|move|p1a: Suicune|Ice Beam|p2a: Reuniclus
|-damage|p2a: Reuniclus|76/100
|move|p2a: Reuniclus|Calm Mind|p2a: Reuniclus
|-boost|p2a: Reuniclus|spa|1
|-boost|p2a: Reuniclus|spd|1
|
|upkeep
|turn|65
|
|t:|1650465252
|switch|p1a: Metagross|Metagross, shiny|100/100
|move|p2a: Reuniclus|Focus Blast|p1a: Metagross
|-damage|p1a: Metagross|60/100
|
|-heal|p1a: Metagross|66/100|[from] item: Leftovers
|upkeep
|turn|66
|
|t:|1650465265
|switch|p2a: Milotic|Milotic, M|94/100 brn
|move|p1a: Metagross|Cosmic Power|p1a: Metagross
|-boost|p1a: Metagross|def|1
|-boost|p1a: Metagross|spd|1
|
|-heal|p1a: Metagross|72/100|[from] item: Leftovers
|-damage|p2a: Milotic|88/100 brn|[from] brn
|upkeep
|turn|67
|
|t:|1650465274
|move|p2a: Milotic|Scald|p1a: Metagross
|-damage|p1a: Metagross|58/100
|-status|p1a: Metagross|brn
|move|p1a: Metagross|Rest|p1a: Metagross
|-status|p1a: Metagross|slp|[from] move: Rest
|-heal|p1a: Metagross|100/100 slp|[silent]
|
|-damage|p2a: Milotic|82/100 brn|[from] brn
|upkeep
|turn|68
|
|t:|1650465280
|switch|p1a: Umbreon|Umbreon, M|70/100 brn
|move|p2a: Milotic|Haze|p2a: Milotic
|-clearallboost
|
|-heal|p1a: Umbreon|76/100 brn|[from] item: Leftovers
|-damage|p2a: Milotic|76/100 brn|[from] brn
|-damage|p1a: Umbreon|70/100 brn|[from] brn
|upkeep
|turn|69
|
|t:|1650465282
|switch|p2a: Umbreon|Umbreon, M|84/100
|move|p1a: Umbreon|Heal Bell|p1a: Umbreon
|-activate|p1a: Umbreon|move: Heal Bell
|-curestatus|p1a: Umbreon|brn|[msg]
|-curestatus|p1: Metagross|slp|[msg]
|
|-heal|p1a: Umbreon|76/100|[from] item: Leftovers
|upkeep
|turn|70
|
|t:|1650465285
|move|p2a: Umbreon|Heal Bell|p2a: Umbreon
|-activate|p2a: Umbreon|move: Heal Bell
|-curestatus|p2: Milotic|brn|[msg]
|move|p1a: Umbreon|Wish|p1a: Umbreon
|
|-heal|p1a: Umbreon|82/100|[from] item: Leftovers
|upkeep
|turn|71
|
|t:|1650465298
|switch|p2a: Reuniclus|Reuniclus, M|76/100
|switch|p1a: Weezing|Weezing-Galar, F|100/100
|
|upkeep
|turn|72
|
|t:|1650465310
|switch|p1a: Metagross|Metagross, shiny|100/100
|switch|p2a: Umbreon|Umbreon, M|84/100
|
|upkeep
|turn|73
|
|t:|1650465315
|switch|p2a: Milotic|Milotic, M|76/100
|move|p1a: Metagross|Cosmic Power|p1a: Metagross
|-boost|p1a: Metagross|def|1
|-boost|p1a: Metagross|spd|1
|
|upkeep
|turn|74
|
|t:|1650465319
|move|p2a: Milotic|Scald|p1a: Metagross
|-damage|p1a: Metagross|85/100
|move|p1a: Metagross|Body Press|p2a: Milotic
|-damage|p2a: Milotic|46/100
|
|-heal|p1a: Metagross|91/100|[from] item: Leftovers
|upkeep
|turn|75
|
|t:|1650465325
|move|p2a: Milotic|Recover|p2a: Milotic
|-heal|p2a: Milotic|96/100
|move|p1a: Metagross|Cosmic Power|p1a: Metagross
|-boost|p1a: Metagross|def|1
|-boost|p1a: Metagross|spd|1
|
|-heal|p1a: Metagross|97/100|[from] item: Leftovers
|upkeep
|turn|76
|
|t:|1650465327
|move|p2a: Milotic|Haze|p2a: Milotic
|-clearallboost
|move|p1a: Metagross|Cosmic Power|p1a: Metagross
|-boost|p1a: Metagross|def|1
|-boost|p1a: Metagross|spd|1
|
|-heal|p1a: Metagross|100/100|[from] item: Leftovers
|upkeep
|turn|77
|
|t:|1650465330
|move|p2a: Milotic|Haze|p2a: Milotic
|-clearallboost
|move|p1a: Metagross|Body Press|p2a: Milotic
|-damage|p2a: Milotic|75/100
|
|upkeep
|turn|78
|
|t:|1650465336
|switch|p1a: Suicune|Suicune|86/100
|-ability|p1a: Suicune|Pressure
|move|p2a: Milotic|Scald|p1a: Suicune
|-resisted|p1a: Suicune
|-damage|p1a: Suicune|75/100
|
|upkeep
|turn|79
|
|t:|1650465339
|switch|p2a: Reuniclus|Reuniclus, M|76/100
|move|p1a: Suicune|Ice Beam|p2a: Reuniclus
|-damage|p2a: Reuniclus|59/100
|
|upkeep
|turn|80
|
|t:|1650465342
|switch|p1a: Metagross|Metagross, shiny|100/100
|move|p2a: Reuniclus|Recover|p2a: Reuniclus
|-heal|p2a: Reuniclus|100/100
|
|upkeep
|turn|81
|
|t:|1650465353
|switch|p1a: Togekiss|Togekiss, F|100/100
|move|p2a: Reuniclus|Calm Mind|p2a: Reuniclus
|-boost|p2a: Reuniclus|spa|1
|-boost|p2a: Reuniclus|spd|1
|
|upkeep
|turn|82
|
|t:|1650465358
|move|p1a: Togekiss|Air Slash|p2a: Reuniclus|[miss]
|-miss|p1a: Togekiss|p2a: Reuniclus
|move|p2a: Reuniclus|Calm Mind|p2a: Reuniclus
|-boost|p2a: Reuniclus|spa|1
|-boost|p2a: Reuniclus|spd|1
|
|upkeep
|turn|83
|
|t:|1650465362
|switch|p1a: Metagross|Metagross, shiny|100/100
|move|p2a: Reuniclus|Focus Blast|p1a: Metagross
|-damage|p1a: Metagross|49/100
|
|-heal|p1a: Metagross|55/100|[from] item: Leftovers
|upkeep
|turn|84
|
|t:|1650465367
|move|p1a: Metagross|Cosmic Power|p1a: Metagross
|-boost|p1a: Metagross|def|1
|-boost|p1a: Metagross|spd|1
|move|p2a: Reuniclus|Focus Blast|p1a: Metagross|[miss]
|-miss|p2a: Reuniclus|p1a: Metagross
|
|-heal|p1a: Metagross|61/100|[from] item: Leftovers
|upkeep
|turn|85
|
|t:|1650465373
|switch|p2a: Milotic|Milotic, M|75/100
|move|p1a: Metagross|Meteor Mash|p2a: Milotic
|-resisted|p2a: Milotic
|-damage|p2a: Milotic|59/100
|
|-heal|p1a: Metagross|67/100|[from] item: Leftovers
|upkeep
|turn|86
|
|t:|1650465378
|move|p2a: Milotic|Recover|p2a: Milotic
|-heal|p2a: Milotic|100/100
|move|p1a: Metagross|Body Press|p2a: Milotic
|-damage|p2a: Milotic|74/100
|
|-heal|p1a: Metagross|73/100|[from] item: Leftovers
|upkeep
|turn|87
|
|t:|1650465386
|move|p2a: Milotic|Haze|p2a: Milotic
|-clearallboost
|move|p1a: Metagross|Meteor Mash|p2a: Milotic
|-resisted|p2a: Milotic
|-damage|p2a: Milotic|60/100
|
|-heal|p1a: Metagross|79/100|[from] item: Leftovers
|upkeep
|turn|88
|
|t:|1650465392
|switch|p1a: Umbreon|Umbreon, M|82/100
|move|p2a: Milotic|Scald|p1a: Umbreon
|-damage|p1a: Umbreon|68/100
|
|-heal|p1a: Umbreon|74/100|[from] item: Leftovers
|upkeep
|turn|89
|
|t:|1650465394
|move|p2a: Milotic|Ice Beam|p1a: Umbreon
|-damage|p1a: Umbreon|63/100
|-status|p1a: Umbreon|frz
|cant|p1a: Umbreon|frz
|
|-heal|p1a: Umbreon|69/100 frz|[from] item: Leftovers
|upkeep
|turn|90
|
|t:|1650465400
|switch|p2a: Reuniclus|Reuniclus, M|100/100
|cant|p1a: Umbreon|frz
|
|-heal|p1a: Umbreon|75/100 frz|[from] item: Leftovers
|upkeep
|turn|91
|
|t:|1650465405
|switch|p1a: Metagross|Metagross, shiny|79/100
|move|p2a: Reuniclus|Calm Mind|p2a: Reuniclus
|-boost|p2a: Reuniclus|spa|1
|-boost|p2a: Reuniclus|spd|1
|
|-heal|p1a: Metagross|85/100|[from] item: Leftovers
|upkeep
|turn|92
|
|t:|1650465408
|switch|p2a: Milotic|Milotic, M|60/100
|move|p1a: Metagross|Cosmic Power|p1a: Metagross
|-boost|p1a: Metagross|def|1
|-boost|p1a: Metagross|spd|1
|
|-heal|p1a: Metagross|91/100|[from] item: Leftovers
|upkeep
|turn|93
|
|t:|1650465412
|switch|p1a: Umbreon|Umbreon, M|75/100 frz
|move|p2a: Milotic|Ice Beam|p1a: Umbreon
|-damage|p1a: Umbreon|64/100 frz
|
|-heal|p1a: Umbreon|70/100 frz|[from] item: Leftovers
|upkeep
|turn|94
|
|t:|1650465415
|switch|p2a: Reuniclus|Reuniclus, M|100/100
|cant|p1a: Umbreon|frz
|
|-heal|p1a: Umbreon|76/100 frz|[from] item: Leftovers
|upkeep
|turn|95
|
|t:|1650465424
|switch|p1a: Suicune|Suicune|75/100
|-ability|p1a: Suicune|Pressure
|move|p2a: Reuniclus|Calm Mind|p2a: Reuniclus
|-boost|p2a: Reuniclus|spa|1
|-boost|p2a: Reuniclus|spd|1
|
|upkeep
|turn|96
|
|t:|1650465427
|switch|p1a: Metagross|Metagross, shiny|91/100
|move|p2a: Reuniclus|Calm Mind|p2a: Reuniclus
|-boost|p2a: Reuniclus|spa|1
|-boost|p2a: Reuniclus|spd|1
|
|-heal|p1a: Metagross|97/100|[from] item: Leftovers
|upkeep
|turn|97
|
|t:|1650465444
|switch|p2a: Milotic|Milotic, M|60/100
|move|p1a: Metagross|Cosmic Power|p1a: Metagross
|-boost|p1a: Metagross|def|1
|-boost|p1a: Metagross|spd|1
|
|-heal|p1a: Metagross|100/100|[from] item: Leftovers
|upkeep
|turn|98
|j|+Limpy Lucario
|l|+Limpy Lucario
|
|t:|1650465447
|move|p2a: Milotic|Ice Beam|p1a: Metagross
|-resisted|p1a: Metagross
|-crit|p1a: Metagross
|-damage|p1a: Metagross|88/100
|move|p1a: Metagross|Body Press|p2a: Milotic
|-damage|p2a: Milotic|32/100
|
|-heal|p1a: Metagross|94/100|[from] item: Leftovers
|upkeep
|turn|99
|
|t:|1650465461
|switch|p1a: Togekiss|Togekiss, F|100/100
|move|p2a: Milotic|Recover|p2a: Milotic
|-heal|p2a: Milotic|82/100
|
|upkeep
|turn|100
|
|t:|1650465465
|move|p1a: Togekiss|Air Slash|p2a: Milotic
|-damage|p2a: Milotic|60/100
|cant|p2a: Milotic|flinch
|
|upkeep
|turn|101
|
|t:|1650465468
|move|p1a: Togekiss|Air Slash|p2a: Milotic
|-damage|p2a: Milotic|34/100
|move|p2a: Milotic|Recover|p2a: Milotic
|-heal|p2a: Milotic|84/100
|
|upkeep
|turn|102
|
|t:|1650465472
|switch|p2a: Reuniclus|Reuniclus, M|100/100
|move|p1a: Togekiss|Air Slash|p2a: Reuniclus
|-damage|p2a: Reuniclus|71/100
|
|upkeep
|turn|103
|
|t:|1650465475
|move|p1a: Togekiss|Air Slash|p2a: Reuniclus
|-damage|p2a: Reuniclus|37/100
|move|p2a: Reuniclus|Calm Mind|p2a: Reuniclus
|-boost|p2a: Reuniclus|spa|1
|-boost|p2a: Reuniclus|spd|1
|
|upkeep
|turn|104
|
|t:|1650465477
|move|p1a: Togekiss|Air Slash|p2a: Reuniclus
|-damage|p2a: Reuniclus|17/100
|move|p2a: Reuniclus|Recover|p2a: Reuniclus
|-heal|p2a: Reuniclus|67/100
|
|upkeep
|turn|105
|
|t:|1650465479
|move|p1a: Togekiss|Air Slash|p2a: Reuniclus
|-damage|p2a: Reuniclus|47/100
|cant|p2a: Reuniclus|flinch
|
|upkeep
|turn|106
|
|t:|1650465482
|move|p1a: Togekiss|Air Slash|p2a: Reuniclus
|-damage|p2a: Reuniclus|26/100
|move|p2a: Reuniclus|Recover|p2a: Reuniclus
|-heal|p2a: Reuniclus|76/100
|
|upkeep
|turn|107
|j| jugu
|
|t:|1650465486
|switch|p1a: Metagross|Metagross, shiny|94/100
|move|p2a: Reuniclus|Calm Mind|p2a: Reuniclus
|-boost|p2a: Reuniclus|spa|1
|-boost|p2a: Reuniclus|spd|1
|
|-heal|p1a: Metagross|100/100|[from] item: Leftovers
|upkeep
|turn|108
|
|t:|1650465490
|move|p1a: Metagross|Cosmic Power|p1a: Metagross
|-boost|p1a: Metagross|def|1
|-boost|p1a: Metagross|spd|1
|move|p2a: Reuniclus|Focus Blast|p1a: Metagross|[miss]
|-miss|p2a: Reuniclus|p1a: Metagross
|
|upkeep
|turn|109
|
|t:|1650465496
|switch|p2a: Milotic|Milotic, M|84/100
|move|p1a: Metagross|Meteor Mash|p2a: Milotic
|-resisted|p2a: Milotic
|-damage|p2a: Milotic|69/100
|
|upkeep
|turn|110
|l| jugu
|j| saba1111
|
|t:|1650465501
|switch|p1a: Umbreon|Umbreon, M|76/100 frz
|move|p2a: Milotic|Ice Beam|p1a: Umbreon
|-damage|p1a: Umbreon|66/100 frz
|
|-heal|p1a: Umbreon|72/100 frz|[from] item: Leftovers
|upkeep
|turn|111
|
|t:|1650465504
|switch|p2a: Reuniclus|Reuniclus, M|76/100
|cant|p1a: Umbreon|frz
|
|-heal|p1a: Umbreon|78/100 frz|[from] item: Leftovers
|upkeep
|turn|112
|
|t:|1650465510
|switch|p1a: Metagross|Metagross, shiny|100/100
|switch|p2a: Umbreon|Umbreon, M|84/100
|
|upkeep
|turn|113
|
|t:|1650465524
|move|p2a: Umbreon|Wish|p2a: Umbreon
|move|p1a: Metagross|Cosmic Power|p1a: Metagross
|-boost|p1a: Metagross|def|1
|-boost|p1a: Metagross|spd|1
|
|upkeep
|turn|114
|
|t:|1650465533
|switch|p2a: Milotic|Milotic, M|69/100
|switch|p1a: Weezing|Weezing-Galar, F|100/100
|
|-heal|p2a: Milotic|100/100|[from] move: Wish|[wisher] Umbreon
|upkeep
|turn|115
|
|t:|1650465540
|switch|p2a: Reuniclus|Reuniclus, M|76/100
|switch|p1a: Umbreon|Umbreon, M|78/100 frz
|
|-heal|p1a: Umbreon|84/100 frz|[from] item: Leftovers
|upkeep
|turn|116
|
|t:|1650465545
|switch|p1a: Metagross|Metagross, shiny|100/100
|switch|p2a: Umbreon|Umbreon, M|84/100
|
|upkeep
|turn|117
|
|t:|1650465553
|switch|p2a: Milotic|Milotic, M|100/100
|move|p1a: Metagross|Body Press|p2a: Milotic
|-damage|p2a: Milotic|83/100
|
|upkeep
|turn|118
|
|t:|1650465558
|switch|p2a: Umbreon|Umbreon, M|84/100
|switch|p1a: Umbreon|Umbreon, M|84/100 frz
|
|-heal|p1a: Umbreon|90/100 frz|[from] item: Leftovers
|upkeep
|turn|119
|
|t:|1650465561
|switch|p2a: Milotic|Milotic, M|83/100
|cant|p1a: Umbreon|frz
|
|-heal|p1a: Umbreon|96/100 frz|[from] item: Leftovers
|upkeep
|turn|120
|
|t:|1650465564
|switch|p2a: Reuniclus|Reuniclus, M|76/100
|cant|p1a: Umbreon|frz
|
|-heal|p1a: Umbreon|100/100 frz|[from] item: Leftovers
|upkeep
|turn|121
|
|t:|1650465569
|switch|p1a: Metagross|Metagross, shiny|100/100
|switch|p2a: Umbreon|Umbreon, M|84/100
|
|upkeep
|turn|122
|
|t:|1650465572
|switch|p2a: Milotic|Milotic, M|83/100
|switch|p1a: Suicune|Suicune|75/100
|-ability|p1a: Suicune|Pressure
|
|upkeep
|turn|123
|j| jugu
|j| Wubben
|
|t:|1650465578
|switch|p2a: Reuniclus|Reuniclus, M|76/100
|switch|p1a: Umbreon|Umbreon, M|100/100 frz
|
|upkeep
|turn|124
|
|t:|1650465582
|switch|p1a: Metagross|Metagross, shiny|100/100
|move|p2a: Reuniclus|Calm Mind|p2a: Reuniclus
|-boost|p2a: Reuniclus|spa|1
|-boost|p2a: Reuniclus|spd|1
|
|upkeep
|turn|125
|
|t:|1650465586
|switch|p2a: Milotic|Milotic, M|83/100
|move|p1a: Metagross|Cosmic Power|p1a: Metagross
|-boost|p1a: Metagross|def|1
|-boost|p1a: Metagross|spd|1
|
|upkeep
|turn|126
|
|t:|1650465594
|switch|p1a: Togekiss|Togekiss, F|100/100
|move|p2a: Milotic|Haze|p2a: Milotic
|-clearallboost
|
|upkeep
|turn|127
|l| jugu
|
|t:|1650465603
|move|p1a: Togekiss|Flamethrower|p2a: Milotic
|-resisted|p2a: Milotic
|-damage|p2a: Milotic|73/100
|move|p2a: Milotic|Ice Beam|p1a: Togekiss
|-supereffective|p1a: Togekiss
|-damage|p1a: Togekiss|62/100
|
|-heal|p1a: Togekiss|68/100|[from] item: Leftovers
|upkeep
|turn|128
|
|t:|1650465606
|move|p1a: Togekiss|Flamethrower|p2a: Milotic
|-resisted|p2a: Milotic
|-damage|p2a: Milotic|64/100
|move|p2a: Milotic|Ice Beam|p1a: Togekiss
|-supereffective|p1a: Togekiss
|-damage|p1a: Togekiss|29/100
|
|-heal|p1a: Togekiss|35/100|[from] item: Leftovers
|upkeep
|turn|129
|
|t:|1650465610
|move|p1a: Togekiss|Roost|p1a: Togekiss
|-heal|p1a: Togekiss|85/100
|-singleturn|p1a: Togekiss|move: Roost
|move|p2a: Milotic|Recover|p2a: Milotic
|-heal|p2a: Milotic|100/100
|
|-heal|p1a: Togekiss|91/100|[from] item: Leftovers
|upkeep
|turn|130
|
|t:|1650465617
|switch|p2a: Umbreon|Umbreon, M|84/100
|move|p1a: Togekiss|Flamethrower|p2a: Umbreon
|-damage|p2a: Umbreon|69/100
|-status|p2a: Umbreon|brn
|-activate|p2a: Umbreon|ability: Synchronize
|-status|p1a: Togekiss|brn
|
|-heal|p1a: Togekiss|97/100 brn|[from] item: Leftovers
|-damage|p1a: Togekiss|91/100 brn|[from] brn
|-damage|p2a: Umbreon|63/100 brn|[from] brn
|upkeep
|turn|131
|
|t:|1650465621
|move|p1a: Togekiss|Air Slash|p2a: Umbreon
|-damage|p2a: Umbreon|45/100 brn
|move|p2a: Umbreon|Wish|p2a: Umbreon
|
|-heal|p1a: Togekiss|97/100 brn|[from] item: Leftovers
|-damage|p1a: Togekiss|91/100 brn|[from] brn
|-damage|p2a: Umbreon|39/100 brn|[from] brn
|upkeep
|turn|132
|
|t:|1650465632
|switch|p1a: Suicune|Suicune|75/100
|-ability|p1a: Suicune|Pressure
|switch|p2a: Reuniclus|Reuniclus, M|76/100
|
|-heal|p2a: Reuniclus|100/100|[from] move: Wish|[wisher] Umbreon
|upkeep
|turn|133
|
|t:|1650465636
|switch|p1a: Metagross|Metagross, shiny|100/100
|move|p2a: Reuniclus|Calm Mind|p2a: Reuniclus
|-boost|p2a: Reuniclus|spa|1
|-boost|p2a: Reuniclus|spd|1
|
|upkeep
|turn|134
|
|t:|1650465639
|move|p1a: Metagross|Meteor Mash|p2a: Reuniclus
|-damage|p2a: Reuniclus|72/100
|move|p2a: Reuniclus|Calm Mind|p2a: Reuniclus
|-boost|p2a: Reuniclus|spa|1
|-boost|p2a: Reuniclus|spd|1
|
|upkeep
|turn|135
|
|t:|1650465643
|move|p1a: Metagross|Cosmic Power|p1a: Metagross
|-boost|p1a: Metagross|def|1
|-boost|p1a: Metagross|spd|1
|move|p2a: Reuniclus|Calm Mind|p2a: Reuniclus
|-boost|p2a: Reuniclus|spa|1
|-boost|p2a: Reuniclus|spd|1
|
|upkeep
|turn|136
|
|t:|1650465646
|move|p1a: Metagross|Cosmic Power|p1a: Metagross
|-boost|p1a: Metagross|def|1
|-boost|p1a: Metagross|spd|1
|move|p2a: Reuniclus|Calm Mind|p2a: Reuniclus
|-boost|p2a: Reuniclus|spa|1
|-boost|p2a: Reuniclus|spd|1
|
|upkeep
|turn|137
|
|t:|1650465650
|move|p1a: Metagross|Cosmic Power|p1a: Metagross
|-boost|p1a: Metagross|def|1
|-boost|p1a: Metagross|spd|1
|move|p2a: Reuniclus|Calm Mind|p2a: Reuniclus
|-boost|p2a: Reuniclus|spa|1
|-boost|p2a: Reuniclus|spd|1
|
|upkeep
|turn|138
|
|t:|1650465655
|move|p1a: Metagross|Meteor Mash|p2a: Reuniclus
|-damage|p2a: Reuniclus|44/100
|move|p2a: Reuniclus|Calm Mind|p2a: Reuniclus
|-boost|p2a: Reuniclus|spa|1
|-boost|p2a: Reuniclus|spd|1
|
|upkeep
|turn|139
|
|t:|1650465662
|move|p1a: Metagross|Cosmic Power|p1a: Metagross
|-boost|p1a: Metagross|def|1
|-boost|p1a: Metagross|spd|1
|move|p2a: Reuniclus|Recover|p2a: Reuniclus
|-heal|p2a: Reuniclus|94/100
|
|upkeep
|turn|140
|
|t:|1650465669
|move|p1a: Metagross|Meteor Mash|p2a: Reuniclus
|-damage|p2a: Reuniclus|64/100
|move|p2a: Reuniclus|Focus Blast|p1a: Metagross
|-damage|p1a: Metagross|64/100
|
|-heal|p1a: Metagross|70/100|[from] item: Leftovers
|upkeep
|turn|141
|
|t:|1650465678
|move|p1a: Metagross|Body Press|p2a: Reuniclus
|-resisted|p2a: Reuniclus
|-damage|p2a: Reuniclus|37/100
|move|p2a: Reuniclus|Recover|p2a: Reuniclus
|-heal|p2a: Reuniclus|87/100
|
|-heal|p1a: Metagross|76/100|[from] item: Leftovers
|upkeep
|turn|142
|
|t:|1650465685
|move|p1a: Metagross|Meteor Mash|p2a: Reuniclus
|-damage|p2a: Reuniclus|59/100
|move|p2a: Reuniclus|Focus Blast|p1a: Metagross
|-damage|p1a: Metagross|41/100
|
|-heal|p1a: Metagross|47/100|[from] item: Leftovers
|upkeep
|turn|143
|
|t:|1650465691
|move|p1a: Metagross|Cosmic Power|p1a: Metagross
|-boost|p1a: Metagross|def|1
|-boost|p1a: Metagross|spd|1
|move|p2a: Reuniclus|Focus Blast|p1a: Metagross
|-damage|p1a: Metagross|18/100
|
|-heal|p1a: Metagross|24/100|[from] item: Leftovers
|upkeep
|turn|144
|
|t:|1650465694
|move|p1a: Metagross|Meteor Mash|p2a: Reuniclus
|-damage|p2a: Reuniclus|31/100
|-boost|p1a: Metagross|atk|1
|move|p2a: Reuniclus|Recover|p2a: Reuniclus
|-heal|p2a: Reuniclus|81/100
|
|-heal|p1a: Metagross|30/100|[from] item: Leftovers
|upkeep
|turn|145
|
|t:|1650465699
|move|p1a: Metagross|Meteor Mash|p2a: Reuniclus
|-damage|p2a: Reuniclus|40/100
|-boost|p1a: Metagross|atk|1
|move|p2a: Reuniclus|Psyshock|p1a: Metagross
|-resisted|p1a: Metagross
|-damage|p1a: Metagross|24/100
|
|-heal|p1a: Metagross|30/100|[from] item: Leftovers
|upkeep
|turn|146
|
|t:|1650465707
|switch|p2a: Milotic|Milotic, M|100/100
|move|p1a: Metagross|Body Press|p2a: Milotic
|-damage|p2a: Milotic|31/100
|
|-heal|p1a: Metagross|36/100|[from] item: Leftovers
|upkeep
|turn|147
|
|t:|1650465710
|move|p2a: Milotic|Haze|p2a: Milotic
|-clearallboost
|move|p1a: Metagross|Body Press|p2a: Milotic
|-damage|p2a: Milotic|14/100
|
|-heal|p1a: Metagross|42/100|[from] item: Leftovers
|upkeep
|turn|148
|
|t:|1650465717
|switch|p1a: Togekiss|Togekiss, F|91/100 brn
|move|p2a: Milotic|Recover|p2a: Milotic
|-heal|p2a: Milotic|64/100
|
|-heal|p1a: Togekiss|97/100 brn|[from] item: Leftovers
|-damage|p1a: Togekiss|91/100 brn|[from] brn
|upkeep
|turn|149
|
|t:|1650465720
|move|p1a: Togekiss|Air Slash|p2a: Milotic
|-damage|p2a: Milotic|39/100
|cant|p2a: Milotic|flinch
|
|-heal|p1a: Togekiss|97/100 brn|[from] item: Leftovers
|-damage|p1a: Togekiss|91/100 brn|[from] brn
|upkeep
|turn|150
|
|t:|1650465723
|move|p1a: Togekiss|Air Slash|p2a: Milotic
|-damage|p2a: Milotic|15/100
|cant|p2a: Milotic|flinch
|
|-heal|p1a: Togekiss|97/100 brn|[from] item: Leftovers
|-damage|p1a: Togekiss|91/100 brn|[from] brn
|upkeep
|turn|151
|l|☆Its three am
|inactive|Its three am disconnected and has a minute to reconnect!
|player|p2|
|j| TheTrixxer
|inactive|Its three am has 30 seconds to reconnect!
|inactive|Its three am has 20 seconds to reconnect!
|inactive|Its three am has 15 seconds to reconnect!
|inactive|Its three am has 10 seconds to reconnect!
|inactive|Its three am has 5 seconds to reconnect!
|-message|Its three am lost due to inactivity.
|
|win|Haazel Thorn
|n|☆Haazel Thorn|haazelthorn
|n|*Lady Monita ✿|ladymonita
|n| Fylkir Pudin|fylkirpudin
|n| NaeNaeClarke|naenaeclarke
|n| Greether4|greether4
|n| RUO7 TU|ruo7tu
|n| Blitzburgh|blitzburgh
|n| saba1111|saba1111
|n| Wubben|wubben
|n| TheTrixxer|thetrixxer
|l|*Lady Monita ✿
|l| saba1111
|l| Greether4
|l| TheTrixxer
|l| Blitzburgh
|l| RUO7 TU
|l|☆Haazel Thorn
|l| Wubben
|j| Failbor21
