|j|☆Dollarsalt
|j|☆Robjr
|player|p1|Dollarsalt|pokekid|
|player|p2|Robjr|2|
|teamsize|p1|6
|teamsize|p2|6
|gametype|singles
|gen|8
|tier|[Gen 8] RU
|clearpoke
|poke|p1|Vileplume, F|
|poke|p1|Gigalith, M|
|poke|p1|Sableye, F|
|poke|p1|Vaporeon, M|
|poke|p1|Salazzle, F|
|poke|p1|Xatu, F|
|poke|p2|Escavalier, M|
|poke|p2|Gastrodon-East, M|
|poke|p2|Gigalith, M|
|poke|p2|Sigilyph, F|
|poke|p2|Rotom|
|poke|p2|Rillaboom, M|
|rule|Sleep Clause Mod: Limit one foe put to sleep
|rule|Species Clause: Limit one of each Pokémon
|rule|OHKO Clause: OHKO moves are banned
|rule|Evasion Moves Clause: Evasion moves are banned
|rule|Endless Battle Clause: Forcing endless battles is banned
|rule|HP Percentage Mod: HP is shown in percentages
|rule|Dynamax Clause: You cannot dynamax
|teampreview
|c|☆Robjr|hf
|inactive|Battle timer is ON: inactive players will automatically lose when time's up. (requested by Robjr)
|
|start
|switch|p1a: Sableye|Sableye, F|100/100
|switch|p2a: Rotom|Rotom|100/100
|turn|1
|inactive|Robjr has 270 seconds left.
|
|move|p2a: Rotom|Volt Switch|p1a: Sableye
|-damage|p1a: Sableye|44/100
|
|switch|p2a: Gastrodon|Gastrodon-East, M|100/100|[from]move: Volt Switch
|move|p1a: Sableye|Knock Off|p2a: Gastrodon
|-damage|p2a: Gastrodon|79/100
|-enditem|p2a: Gastrodon|Leftovers|[from] move: Knock Off|[of] p1a: Sableye
|
|-heal|p1a: Sableye|50/100|[from] item: Leftovers
|upkeep
|turn|2
|
|move|p1a: Sableye|Recover|p1a: Sableye
|-heal|p1a: Sableye|99/100
|move|p2a: Gastrodon|Scald|p1a: Sableye
|-damage|p1a: Sableye|65/100
|
|-heal|p1a: Sableye|71/100|[from] item: Leftovers
|upkeep
|turn|3
|
|switch|p1a: Vaporeon|Vaporeon, M|100/100
|move|p2a: Gastrodon|Earth Power|p1a: Vaporeon
|-damage|p1a: Vaporeon|83/100
|
|-heal|p1a: Vaporeon|90/100|[from] item: Leftovers
|upkeep
|turn|4
|
|switch|p2a: Rillaboom|Rillaboom, M|100/100
|move|p1a: Vaporeon|Wish|p1a: Vaporeon
|
|-heal|p1a: Vaporeon|96/100|[from] item: Leftovers
|upkeep
|turn|5
|
|switch|p2a: Sigilyph|Sigilyph, F|100/100
|switch|p1a: Vileplume|Vileplume, F|100/100
|
|upkeep
|turn|6
|
|switch|p1a: Gigalith|Gigalith, M|100/100
|-weather|Sandstorm|[from] ability: Sand Stream|[of] p1a: Gigalith
|move|p2a: Sigilyph|Psyshock|p1a: Gigalith
|-damage|p1a: Gigalith|71/100
|
|-weather|Sandstorm|[upkeep]
|-heal|p1a: Gigalith|78/100|[from] item: Leftovers
|upkeep
|turn|7
|
|switch|p2a: Gigalith|Gigalith, M|100/100
|move|p1a: Gigalith|Stealth Rock|p2a: Gigalith
|-sidestart|p2: Robjr|move: Stealth Rock
|
|-weather|Sandstorm|[upkeep]
|-heal|p1a: Gigalith|84/100|[from] item: Leftovers
|upkeep
|turn|8
|
|switch|p1a: Vileplume|Vileplume, F|100/100
|move|p2a: Gigalith|Stealth Rock|p1a: Vileplume
|-sidestart|p1: Dollarsalt|move: Stealth Rock
|
|-weather|Sandstorm|[upkeep]
|-damage|p1a: Vileplume|94/100|[from] Sandstorm
|-heal|p1a: Vileplume|100/100|[from] item: Black Sludge
|upkeep
|turn|9
|
|switch|p2a: Escavalier|Escavalier, M|100/100
|-damage|p2a: Escavalier|88/100|[from] Stealth Rock
|move|p1a: Vileplume|Sleep Powder|p2a: Escavalier
|-immune|p2a: Escavalier|[from] ability: Overcoat
|
|-weather|Sandstorm|[upkeep]
|-damage|p1a: Vileplume|94/100|[from] Sandstorm
|-heal|p1a: Vileplume|100/100|[from] item: Black Sludge
|upkeep
|turn|10
|
|move|p1a: Vileplume|Strength Sap|p2a: Escavalier
|-unboost|p2a: Escavalier|atk|1
|move|p2a: Escavalier|Megahorn|p1a: Vileplume
|-damage|p1a: Vileplume|50/100
|
|-weather|none
|-heal|p1a: Vileplume|56/100|[from] item: Black Sludge
|upkeep
|turn|11
|
|switch|p2a: Sigilyph|Sigilyph, F|100/100
|move|p1a: Vileplume|Sleep Powder|p2a: Sigilyph|[miss]
|-miss|p1a: Vileplume|p2a: Sigilyph
|
|-heal|p1a: Vileplume|62/100|[from] item: Black Sludge
|upkeep
|turn|12
|
|switch|p2a: Escavalier|Escavalier, M|88/100
|-damage|p2a: Escavalier|76/100|[from] Stealth Rock
|switch|p1a: Gigalith|Gigalith, M|84/100
|-damage|p1a: Gigalith|71/100|[from] Stealth Rock
|-weather|Sandstorm|[from] ability: Sand Stream|[of] p1a: Gigalith
|
|-weather|Sandstorm|[upkeep]
|-heal|p1a: Gigalith|78/100|[from] item: Leftovers
|upkeep
|turn|13
|
|switch|p1a: Xatu|Xatu, F|100/100
|-damage|p1a: Xatu|76/100|[from] Stealth Rock
|move|p2a: Escavalier|Megahorn|p1a: Xatu
|-damage|p1a: Xatu|0 fnt
|-damage|p2a: Escavalier|59/100|[from] item: Rocky Helmet|[of] p1a: Xatu
|faint|p1a: Xatu
|
|-weather|Sandstorm|[upkeep]
|upkeep
|
|switch|p1a: Salazzle|Salazzle, F|100/100
|turn|14
|
|switch|p2a: Gigalith|Gigalith, M|100/100
|-damage|p2a: Gigalith|88/100|[from] Stealth Rock
|move|p1a: Salazzle|Toxic|p2a: Gigalith
|-status|p2a: Gigalith|tox
|
|-weather|Sandstorm|[upkeep]
|-damage|p1a: Salazzle|94/100|[from] Sandstorm
|-heal|p2a: Gigalith|94/100 tox|[from] item: Leftovers
|-damage|p2a: Gigalith|88/100 tox|[from] psn
|upkeep
|turn|15
|
|move|p1a: Salazzle|Protect|p1a: Salazzle
|-singleturn|p1a: Salazzle|Protect
|move|p2a: Gigalith|Rock Blast|p1a: Salazzle
|-activate|p1a: Salazzle|move: Protect
|
|-weather|Sandstorm|[upkeep]
|-damage|p1a: Salazzle|88/100|[from] Sandstorm
|-heal|p2a: Gigalith|94/100 tox|[from] item: Leftovers
|-damage|p2a: Gigalith|82/100 tox|[from] psn
|upkeep
|turn|16
|
|switch|p1a: Vaporeon|Vaporeon, M|96/100
|-damage|p1a: Vaporeon|83/100|[from] Stealth Rock
|switch|p2a: Escavalier|Escavalier, M|59/100
|-damage|p2a: Escavalier|47/100|[from] Stealth Rock
|
|-weather|none
|-heal|p1a: Vaporeon|90/100|[from] item: Leftovers
|upkeep
|turn|17
|
|move|p1a: Vaporeon|Scald|p2a: Escavalier
|-damage|p2a: Escavalier|17/100
|-status|p2a: Escavalier|brn
|move|p2a: Escavalier|Knock Off|p1a: Vaporeon
|-damage|p1a: Vaporeon|62/100
|-enditem|p1a: Vaporeon|Leftovers|[from] move: Knock Off|[of] p2a: Escavalier
|
|-damage|p2a: Escavalier|11/100 brn|[from] brn
|upkeep
|turn|18
|
|switch|p2a: Rotom|Rotom|100/100
|-damage|p2a: Rotom|88/100|[from] Stealth Rock
|move|p1a: Vaporeon|Wish|p1a: Vaporeon
|
|upkeep
|turn|19
|
|move|p2a: Rotom|Volt Switch|p1a: Vaporeon
|-supereffective|p1a: Vaporeon
|-damage|p1a: Vaporeon|15/100
|
|switch|p2a: Rillaboom|Rillaboom, M|100/100|[from]move: Volt Switch
|-damage|p2a: Rillaboom|88/100|[from] Stealth Rock
|move|p1a: Vaporeon|Scald|p2a: Rillaboom
|-resisted|p2a: Rillaboom
|-damage|p2a: Rillaboom|69/100
|
|-heal|p1a: Vaporeon|65/100|[from] move: Wish|[wisher] Vaporeon
|upkeep
|turn|20
|
|switch|p2a: Rotom|Rotom|88/100
|-damage|p2a: Rotom|76/100|[from] Stealth Rock
|move|p1a: Vaporeon|Protect||[still]
|-fail|p1a: Vaporeon
|
|upkeep
|turn|21
|
|move|p1a: Vaporeon|Protect|p1a: Vaporeon
|-singleturn|p1a: Vaporeon|Protect
|move|p2a: Rotom|Thunderbolt|p1a: Vaporeon
|-activate|p1a: Vaporeon|move: Protect
|
|upkeep
|turn|22
|
|switch|p1a: Gigalith|Gigalith, M|78/100
|-damage|p1a: Gigalith|65/100|[from] Stealth Rock
|-weather|Sandstorm|[from] ability: Sand Stream|[of] p1a: Gigalith
|move|p2a: Rotom|Thunderbolt|p1a: Gigalith
|-damage|p1a: Gigalith|33/100
|
|-weather|Sandstorm|[upkeep]
|-damage|p2a: Rotom|69/100|[from] Sandstorm
|-heal|p1a: Gigalith|39/100|[from] item: Leftovers
|upkeep
|turn|23
|
|move|p2a: Rotom|Thunderbolt|p1a: Gigalith
|-damage|p1a: Gigalith|6/100
|move|p1a: Gigalith|Earthquake|p2a: Rotom
|-immune|p2a: Rotom|[from] ability: Levitate
|
|-weather|Sandstorm|[upkeep]
|-damage|p2a: Rotom|63/100|[from] Sandstorm
|-heal|p1a: Gigalith|12/100|[from] item: Leftovers
|upkeep
|turn|24
|
|move|p2a: Rotom|Thunderbolt|p1a: Gigalith
|-crit|p1a: Gigalith
|-damage|p1a: Gigalith|0 fnt
|faint|p1a: Gigalith
|
|-weather|Sandstorm|[upkeep]
|-damage|p2a: Rotom|57/100|[from] Sandstorm
|upkeep
|
|switch|p1a: Vileplume|Vileplume, F|62/100
|-damage|p1a: Vileplume|50/100|[from] Stealth Rock
|turn|25
|
|switch|p2a: Escavalier|Escavalier, M|11/100 brn
|-damage|p2a: Escavalier|0 fnt|[from] Stealth Rock
|faint|p2a: Escavalier
|move|p1a: Vileplume|Strength Sap|p2: Escavalier|[notarget]
|-fail|p1a: Vileplume
|
|-weather|Sandstorm|[upkeep]
|-damage|p1a: Vileplume|43/100|[from] Sandstorm
|-heal|p1a: Vileplume|50/100|[from] item: Black Sludge
|upkeep
|
|switch|p2a: Sigilyph|Sigilyph, F|100/100
|turn|26
|
|switch|p1a: Sableye|Sableye, F|71/100
|-damage|p1a: Sableye|58/100|[from] Stealth Rock
|move|p2a: Sigilyph|Air Slash|p1a: Sableye
|-damage|p1a: Sableye|8/100
|
|-weather|none
|-heal|p1a: Sableye|14/100|[from] item: Leftovers
|upkeep
|turn|27
|
|switch|p2a: Rotom|Rotom|57/100
|-damage|p2a: Rotom|44/100|[from] Stealth Rock
|move|p1a: Sableye|Recover|p1a: Sableye
|-heal|p1a: Sableye|64/100
|
|-heal|p1a: Sableye|71/100|[from] item: Leftovers
|upkeep
|turn|28
|
|switch|p1a: Vileplume|Vileplume, F|50/100
|-damage|p1a: Vileplume|37/100|[from] Stealth Rock
|move|p2a: Rotom|Thunderbolt|p1a: Vileplume
|-resisted|p1a: Vileplume
|-damage|p1a: Vileplume|8/100
|
|-heal|p1a: Vileplume|14/100|[from] item: Black Sludge
|upkeep
|turn|29
|
|move|p2a: Rotom|Thunderbolt|p1a: Vileplume
|-resisted|p1a: Vileplume
|-crit|p1a: Vileplume
|-damage|p1a: Vileplume|0 fnt
|faint|p1a: Vileplume
|
|upkeep
|
|switch|p1a: Salazzle|Salazzle, F|88/100
|turn|30
|
|switch|p2a: Gigalith|Gigalith, M|82/100 tox
|-damage|p2a: Gigalith|70/100 tox|[from] Stealth Rock
|-weather|Sandstorm|[from] ability: Sand Stream|[of] p2a: Gigalith
|move|p1a: Salazzle|Flamethrower|p2a: Gigalith
|-resisted|p2a: Gigalith
|-damage|p2a: Gigalith|61/100 tox
|
|-weather|Sandstorm|[upkeep]
|-damage|p1a: Salazzle|82/100|[from] Sandstorm
|-heal|p2a: Gigalith|67/100 tox|[from] item: Leftovers
|-damage|p2a: Gigalith|61/100 tox|[from] psn
|upkeep
|turn|31
|
|switch|p1a: Sableye|Sableye, F|71/100
|-damage|p1a: Sableye|58/100|[from] Stealth Rock
|switch|p2a: Gastrodon|Gastrodon-East, M|79/100
|-damage|p2a: Gastrodon|73/100|[from] Stealth Rock
|
|-weather|Sandstorm|[upkeep]
|-damage|p1a: Sableye|52/100|[from] Sandstorm
|-heal|p1a: Sableye|58/100|[from] item: Leftovers
|upkeep
|turn|32
|
|move|p1a: Sableye|Will-O-Wisp|p2a: Gastrodon
|-status|p2a: Gastrodon|brn
|move|p2a: Gastrodon|Earth Power|p1a: Sableye
|-damage|p1a: Sableye|24/100
|
|-weather|Sandstorm|[upkeep]
|-damage|p1a: Sableye|18/100|[from] Sandstorm
|-heal|p1a: Sableye|24/100|[from] item: Leftovers
|-damage|p2a: Gastrodon|67/100 brn|[from] brn
|upkeep
|turn|33
|
|move|p1a: Sableye|Recover|p1a: Sableye
|-heal|p1a: Sableye|74/100
|move|p2a: Gastrodon|Scald|p1a: Sableye
|-damage|p1a: Sableye|39/100
|
|-weather|Sandstorm|[upkeep]
|-damage|p1a: Sableye|33/100|[from] Sandstorm
|-heal|p1a: Sableye|39/100|[from] item: Leftovers
|-damage|p2a: Gastrodon|61/100 brn|[from] brn
|upkeep
|turn|34
|
|move|p1a: Sableye|Recover|p1a: Sableye
|-heal|p1a: Sableye|89/100
|move|p2a: Gastrodon|Scald|p1a: Sableye
|-damage|p1a: Sableye|58/100
|
|-weather|none
|-heal|p1a: Sableye|65/100|[from] item: Leftovers
|-damage|p2a: Gastrodon|55/100 brn|[from] brn
|upkeep
|turn|35
|
|move|p1a: Sableye|Recover|p1a: Sableye
|-heal|p1a: Sableye|100/100
|move|p2a: Gastrodon|Recover|p2a: Gastrodon
|-heal|p2a: Gastrodon|100/100 brn
|
|-damage|p2a: Gastrodon|94/100 brn|[from] brn
|upkeep
|turn|36
|
|switch|p2a: Rotom|Rotom|44/100
|-damage|p2a: Rotom|32/100|[from] Stealth Rock
|move|p1a: Sableye|Encore||[still]
|-fail|p1a: Sableye
|
|upkeep
|turn|37
|
|move|p2a: Rotom|Trick|p1a: Sableye
|-activate|p2a: Rotom|move: Trick|[of] p1a: Sableye
|-item|p1a: Sableye|Choice Specs|[from] move: Trick
|-item|p2a: Rotom|Leftovers|[from] move: Trick
|move|p1a: Sableye|Knock Off|p2a: Rotom
|-supereffective|p2a: Rotom
|-damage|p2a: Rotom|0 fnt
|-enditem|p2a: Rotom|Leftovers|[from] move: Knock Off|[of] p1a: Sableye
|faint|p2a: Rotom
|
|upkeep
|
|switch|p2a: Gastrodon|Gastrodon-East, M|94/100 brn
|-damage|p2a: Gastrodon|88/100 brn|[from] Stealth Rock
|turn|38
|
|switch|p1a: Vaporeon|Vaporeon, M|65/100
|-damage|p1a: Vaporeon|53/100|[from] Stealth Rock
|move|p2a: Gastrodon|Earth Power|p1a: Vaporeon
|-damage|p1a: Vaporeon|38/100
|
|-damage|p2a: Gastrodon|82/100 brn|[from] brn
|upkeep
|turn|39
|
|switch|p2a: Sigilyph|Sigilyph, F|100/100
|move|p1a: Vaporeon|Wish|p1a: Vaporeon
|
|upkeep
|turn|40
|c|☆Dollarsalt|missing that sleep powder was epic
|
|move|p1a: Vaporeon|Protect|p1a: Vaporeon
|-singleturn|p1a: Vaporeon|Protect
|move|p2a: Sigilyph|Psyshock|p1a: Vaporeon
|-activate|p1a: Vaporeon|move: Protect
|
|-heal|p1a: Vaporeon|88/100|[from] move: Wish|[wisher] Vaporeon
|upkeep
|turn|41
|
|switch|p1a: Sableye|Sableye, F|100/100
|-damage|p1a: Sableye|88/100|[from] Stealth Rock
|move|p2a: Sigilyph|Air Slash|p1a: Sableye
|-damage|p1a: Sableye|37/100
|
|upkeep
|turn|42
|
|move|p1a: Sableye|Recover|p1a: Sableye
|-heal|p1a: Sableye|87/100
|move|p2a: Sigilyph|Air Slash|p1a: Sableye
|-damage|p1a: Sableye|29/100
|
|upkeep
|turn|43
|
|move|p1a: Sableye|Recover|p1a: Sableye
|-heal|p1a: Sableye|79/100
|move|p2a: Sigilyph|Air Slash|p1a: Sableye
|-damage|p1a: Sableye|24/100
|
|upkeep
|turn|44
|
|move|p1a: Sableye|Recover|p1a: Sableye
|-heal|p1a: Sableye|74/100
|move|p2a: Sigilyph|Air Slash|p1a: Sableye
|-damage|p1a: Sableye|23/100
|
|upkeep
|turn|45
|
|move|p1a: Sableye|Recover|p1a: Sableye
|-heal|p1a: Sableye|73/100
|move|p2a: Sigilyph|Air Slash|p1a: Sableye
|-damage|p1a: Sableye|15/100
|
|upkeep
|turn|46
|
|move|p1a: Sableye|Recover|p1a: Sableye
|-heal|p1a: Sableye|65/100
|move|p2a: Sigilyph|Air Slash|p1a: Sableye
|-damage|p1a: Sableye|5/100
|
|upkeep
|turn|47
|
|move|p1a: Sableye|Recover|p1a: Sableye
|-heal|p1a: Sableye|55/100
|move|p2a: Sigilyph|Air Slash|p1a: Sableye
|-damage|p1a: Sableye|0 fnt
|faint|p1a: Sableye
|
|upkeep
|
|switch|p1a: Vaporeon|Vaporeon, M|88/100
|-damage|p1a: Vaporeon|75/100|[from] Stealth Rock
|turn|48
|
|move|p2a: Sigilyph|Air Slash|p1a: Vaporeon
|-damage|p1a: Vaporeon|50/100
|move|p1a: Vaporeon|Scald|p2a: Sigilyph
|-damage|p2a: Sigilyph|55/100
|-status|p2a: Sigilyph|brn
|
|upkeep
|turn|49
|
|move|p1a: Vaporeon|Protect|p1a: Vaporeon
|-singleturn|p1a: Vaporeon|Protect
|move|p2a: Sigilyph|Psyshock|p1a: Vaporeon
|-activate|p1a: Vaporeon|move: Protect
|
|upkeep
|turn|50
|
|move|p2a: Sigilyph|Psyshock|p1a: Vaporeon
|-damage|p1a: Vaporeon|1/100
|move|p1a: Vaporeon|Wish|p1a: Vaporeon
|
|upkeep
|turn|51
|
|move|p1a: Vaporeon|Protect|p1a: Vaporeon
|-singleturn|p1a: Vaporeon|Protect
|move|p2a: Sigilyph|Psyshock|p1a: Vaporeon
|-activate|p1a: Vaporeon|move: Protect
|
|-heal|p1a: Vaporeon|51/100|[from] move: Wish|[wisher] Vaporeon
|upkeep
|turn|52
|
|move|p2a: Sigilyph|Psyshock|p1a: Vaporeon
|-damage|p1a: Vaporeon|6/100
|move|p1a: Vaporeon|Wish|p1a: Vaporeon
|
|upkeep
|turn|53
|
|move|p1a: Vaporeon|Protect|p1a: Vaporeon
|-singleturn|p1a: Vaporeon|Protect
|move|p2a: Sigilyph|Psyshock|p1a: Vaporeon
|-activate|p1a: Vaporeon|move: Protect
|
|-heal|p1a: Vaporeon|56/100|[from] move: Wish|[wisher] Vaporeon
|upkeep
|turn|54
|
|move|p2a: Sigilyph|Psyshock|p1a: Vaporeon
|-damage|p1a: Vaporeon|5/100
|move|p1a: Vaporeon|Wish|p1a: Vaporeon
|
|upkeep
|turn|55
|
|move|p1a: Vaporeon|Protect|p1a: Vaporeon
|-singleturn|p1a: Vaporeon|Protect
|move|p2a: Sigilyph|Roost|p2a: Sigilyph
|-heal|p2a: Sigilyph|100/100 brn
|-singleturn|p2a: Sigilyph|move: Roost
|
|-heal|p1a: Vaporeon|55/100|[from] move: Wish|[wisher] Vaporeon
|upkeep
|turn|56
|
|move|p2a: Sigilyph|Psyshock|p1a: Vaporeon
|-damage|p1a: Vaporeon|7/100
|move|p1a: Vaporeon|Wish|p1a: Vaporeon
|
|upkeep
|turn|57
|
|move|p1a: Vaporeon|Protect|p1a: Vaporeon
|-singleturn|p1a: Vaporeon|Protect
|move|p2a: Sigilyph|Air Slash|p1a: Vaporeon
|-activate|p1a: Vaporeon|move: Protect
|
|-heal|p1a: Vaporeon|57/100|[from] move: Wish|[wisher] Vaporeon
|upkeep
|turn|58
|
|move|p2a: Sigilyph|Psyshock|p1a: Vaporeon
|-damage|p1a: Vaporeon|9/100
|move|p1a: Vaporeon|Wish|p1a: Vaporeon
|
|upkeep
|turn|59
|
|move|p1a: Vaporeon|Protect|p1a: Vaporeon
|-singleturn|p1a: Vaporeon|Protect
|move|p2a: Sigilyph|Air Slash|p1a: Vaporeon
|-activate|p1a: Vaporeon|move: Protect
|
|-heal|p1a: Vaporeon|59/100|[from] move: Wish|[wisher] Vaporeon
|upkeep
|turn|60
|
|move|p2a: Sigilyph|Psyshock|p1a: Vaporeon
|-damage|p1a: Vaporeon|11/100
|move|p1a: Vaporeon|Wish|p1a: Vaporeon
|
|upkeep
|turn|61
|
|move|p1a: Vaporeon|Protect|p1a: Vaporeon
|-singleturn|p1a: Vaporeon|Protect
|move|p2a: Sigilyph|Air Slash|p1a: Vaporeon
|-activate|p1a: Vaporeon|move: Protect
|
|-heal|p1a: Vaporeon|61/100|[from] move: Wish|[wisher] Vaporeon
|upkeep
|turn|62
|
|move|p2a: Sigilyph|Psyshock|p1a: Vaporeon
|-damage|p1a: Vaporeon|11/100
|move|p1a: Vaporeon|Wish|p1a: Vaporeon
|
|upkeep
|turn|63
|
|move|p1a: Vaporeon|Protect|p1a: Vaporeon
|-singleturn|p1a: Vaporeon|Protect
|move|p2a: Sigilyph|Air Slash|p1a: Vaporeon
|-activate|p1a: Vaporeon|move: Protect
|
|-heal|p1a: Vaporeon|61/100|[from] move: Wish|[wisher] Vaporeon
|upkeep
|turn|64
|
|move|p2a: Sigilyph|Psyshock|p1a: Vaporeon
|-damage|p1a: Vaporeon|14/100
|move|p1a: Vaporeon|Wish|p1a: Vaporeon
|
|upkeep
|turn|65
|
|move|p1a: Vaporeon|Protect|p1a: Vaporeon
|-singleturn|p1a: Vaporeon|Protect
|move|p2a: Sigilyph|Heat Wave|p1a: Vaporeon
|-activate|p1a: Vaporeon|move: Protect
|
|-heal|p1a: Vaporeon|64/100|[from] move: Wish|[wisher] Vaporeon
|upkeep
|turn|66
|
|move|p2a: Sigilyph|Psyshock|p1a: Vaporeon
|-damage|p1a: Vaporeon|18/100
|move|p1a: Vaporeon|Wish|p1a: Vaporeon
|
|upkeep
|turn|67
|
|move|p1a: Vaporeon|Protect|p1a: Vaporeon
|-singleturn|p1a: Vaporeon|Protect
|move|p2a: Sigilyph|Heat Wave|p1a: Vaporeon
|-activate|p1a: Vaporeon|move: Protect
|
|-heal|p1a: Vaporeon|68/100|[from] move: Wish|[wisher] Vaporeon
|upkeep
|turn|68
|
|move|p2a: Sigilyph|Psyshock|p1a: Vaporeon
|-damage|p1a: Vaporeon|19/100
|move|p1a: Vaporeon|Wish|p1a: Vaporeon
|
|upkeep
|turn|69
|
|move|p1a: Vaporeon|Protect|p1a: Vaporeon
|-singleturn|p1a: Vaporeon|Protect
|move|p2a: Sigilyph|Air Slash|p1a: Vaporeon
|-activate|p1a: Vaporeon|move: Protect
|
|-heal|p1a: Vaporeon|69/100|[from] move: Wish|[wisher] Vaporeon
|upkeep
|turn|70
|
|move|p2a: Sigilyph|Psyshock|p1a: Vaporeon
|-damage|p1a: Vaporeon|19/100
|move|p1a: Vaporeon|Wish|p1a: Vaporeon
|
|upkeep
|turn|71
|
|move|p1a: Vaporeon|Protect|p1a: Vaporeon
|-singleturn|p1a: Vaporeon|Protect
|move|p2a: Sigilyph|Heat Wave|p1a: Vaporeon
|-activate|p1a: Vaporeon|move: Protect
|
|-heal|p1a: Vaporeon|69/100|[from] move: Wish|[wisher] Vaporeon
|upkeep
|turn|72
|
|move|p2a: Sigilyph|Air Slash|p1a: Vaporeon
|-damage|p1a: Vaporeon|47/100
|move|p1a: Vaporeon|Wish|p1a: Vaporeon
|
|upkeep
|turn|73
|
|move|p2a: Sigilyph|Heat Wave|p1a: Vaporeon|[miss]
|-miss|p2a: Sigilyph|p1a: Vaporeon
|move|p1a: Vaporeon|Scald|p2a: Sigilyph
|-damage|p2a: Sigilyph|56/100 brn
|
|-heal|p1a: Vaporeon|97/100|[from] move: Wish|[wisher] Vaporeon
|upkeep
|turn|74
|
|move|p2a: Sigilyph|Air Slash|p1a: Vaporeon
|-damage|p1a: Vaporeon|71/100
|move|p1a: Vaporeon|Scald|p2a: Sigilyph
|-damage|p2a: Sigilyph|11/100 brn
|
|upkeep
|turn|75
|
|move|p2a: Sigilyph|Roost|p2a: Sigilyph
|-heal|p2a: Sigilyph|61/100 brn
|-singleturn|p2a: Sigilyph|move: Roost
|move|p1a: Vaporeon|Scald|p2a: Sigilyph
|-damage|p2a: Sigilyph|17/100 brn
|
|upkeep
|turn|76
|
|move|p2a: Sigilyph|Roost|p2a: Sigilyph
|-heal|p2a: Sigilyph|67/100 brn
|-singleturn|p2a: Sigilyph|move: Roost
|move|p1a: Vaporeon|Scald|p2a: Sigilyph
|-damage|p2a: Sigilyph|25/100 brn
|
|upkeep
|turn|77
|
|move|p2a: Sigilyph|Roost|p2a: Sigilyph
|-heal|p2a: Sigilyph|75/100 brn
|-singleturn|p2a: Sigilyph|move: Roost
|move|p1a: Vaporeon|Scald|p2a: Sigilyph
|-damage|p2a: Sigilyph|31/100 brn
|
|upkeep
|turn|78
|
|move|p2a: Sigilyph|Roost|p2a: Sigilyph
|-heal|p2a: Sigilyph|81/100 brn
|-singleturn|p2a: Sigilyph|move: Roost
|move|p1a: Vaporeon|Scald|p2a: Sigilyph
|-damage|p2a: Sigilyph|40/100 brn
|
|upkeep
|turn|79
|
|move|p2a: Sigilyph|Roost|p2a: Sigilyph
|-heal|p2a: Sigilyph|90/100 brn
|-singleturn|p2a: Sigilyph|move: Roost
|move|p1a: Vaporeon|Scald|p2a: Sigilyph
|-damage|p2a: Sigilyph|51/100 brn
|
|upkeep
|turn|80
|
|move|p2a: Sigilyph|Roost|p2a: Sigilyph
|-heal|p2a: Sigilyph|100/100 brn
|-singleturn|p2a: Sigilyph|move: Roost
|move|p1a: Vaporeon|Scald|p2a: Sigilyph
|-damage|p2a: Sigilyph|54/100 brn
|
|upkeep
|turn|81
|
|move|p2a: Sigilyph|Air Slash|p1a: Vaporeon
|-damage|p1a: Vaporeon|48/100
|move|p1a: Vaporeon|Scald|p2a: Sigilyph
|-damage|p2a: Sigilyph|11/100 brn
|
|upkeep
|turn|82
|
|move|p2a: Sigilyph|Air Slash|p1a: Vaporeon
|-damage|p1a: Vaporeon|23/100
|move|p1a: Vaporeon|Scald|p2a: Sigilyph
|-damage|p2a: Sigilyph|0 fnt
|faint|p2a: Sigilyph
|
|upkeep
|
|switch|p2a: Rillaboom|Rillaboom, M|69/100
|-damage|p2a: Rillaboom|57/100|[from] Stealth Rock
|turn|83
|
|move|p1a: Vaporeon|Protect|p1a: Vaporeon
|-singleturn|p1a: Vaporeon|Protect
|move|p2a: Rillaboom|Earthquake|p1a: Vaporeon
|-activate|p1a: Vaporeon|move: Protect
|
|upkeep
|turn|84
|
|move|p2a: Rillaboom|Earthquake|p1a: Vaporeon
|-damage|p1a: Vaporeon|0 fnt
|faint|p1a: Vaporeon
|
|upkeep
|
|switch|p1a: Salazzle|Salazzle, F|82/100
|turn|85
|
|move|p2a: Rillaboom|Earthquake|p1a: Salazzle
|-supereffective|p1a: Salazzle
|-damage|p1a: Salazzle|0 fnt
|faint|p1a: Salazzle
|
|win|Robjr
|c|☆Robjr|ggs
|l|☆Dollarsalt
