|j|☆Chrisloud
|j|☆Mehdiocre
|player|p1|Chrisloud|leaf-gen3|1441
|player|p2|Mehdiocre|acetrainersnowf|1274
|teamsize|p1|6
|teamsize|p2|6
|gametype|singles
|gen|8
|tier|[Gen 8] RU
|rated|
|clearpoke
|poke|p1|Rotom|
|poke|p1|Pangoro, M|
|poke|p1|Gigalith, F|
|poke|p1|Indeedee-F, F|
|poke|p1|Whimsicott, F|
|poke|p1|Salazzle, F|
|poke|p2|Ninjask, M|
|poke|p2|Snorlax, F|
|poke|p2|Runerigus, F|
|poke|p2|Sigilyph, M|
|poke|p2|Jolteon, M|
|poke|p2|Hitmontop, M|
|rule|Sleep Clause Mod: Limit one foe put to sleep
|rule|Species Clause: Limit one of each Pokémon
|rule|OHKO Clause: OHKO moves are banned
|rule|Evasion Moves Clause: Evasion moves are banned
|rule|Endless Battle Clause: Forcing endless battles is banned
|rule|HP Percentage Mod: HP is shown in percentages
|rule|Dynamax Clause: You cannot dynamax
|teampreview
|
|start
|switch|p1a: Pangoro|Pangoro, M|100/100
|switch|p2a: Runerigus|Runerigus, F|100/100
|turn|1
|
|move|p1a: Pangoro|Darkest Lariat|p2a: Runerigus
|-supereffective|p2a: Runerigus
|-damage|p2a: Runerigus|18/100
|-activate|p1a: Pangoro|ability: Wandering Spirit|Wandering Spirit|Scrappy|[of] p2a: Runerigus
|move|p2a: Runerigus|Stealth Rock|p1a: Pangoro
|-sidestart|p1: Chrisloud|move: Stealth Rock
|
|-heal|p2a: Runerigus|24/100|[from] item: Leftovers
|upkeep
|turn|2
|
|move|p2a: Runerigus|Protect|p2a: Runerigus
|-singleturn|p2a: Runerigus|Protect
|move|p1a: Pangoro|Darkest Lariat|p2a: Runerigus
|-activate|p2a: Runerigus|move: Protect
|
|-heal|p2a: Runerigus|30/100|[from] item: Leftovers
|upkeep
|turn|3
|
|switch|p2a: Hitmontop|Hitmontop, M|100/100
|-ability|p2a: Hitmontop|Intimidate|boost
|-unboost|p1a: Pangoro|atk|1
|move|p1a: Pangoro|Darkest Lariat|p2a: Hitmontop
|-resisted|p2a: Hitmontop
|-damage|p2a: Hitmontop|73/100
|
|upkeep
|turn|4
|
|switch|p2a: Ninjask|Ninjask, M|100/100
|switch|p1a: Whimsicott|Whimsicott, F|100/100
|-damage|p1a: Whimsicott|88/100|[from] Stealth Rock
|
|-heal|p1a: Whimsicott|94/100|[from] item: Leftovers
|upkeep
|turn|5
|
|switch|p1a: Gigalith|Gigalith, F|100/100
|-damage|p1a: Gigalith|88/100|[from] Stealth Rock
|-weather|Sandstorm|[from] ability: Sand Stream|[of] p1a: Gigalith
|move|p2a: Ninjask|U-turn|p1a: Gigalith
|-damage|p1a: Gigalith|66/100
|
|switch|p2a: Runerigus|Runerigus, F|30/100|[from]move: U-turn
|
|-weather|Sandstorm|[upkeep]
|-heal|p2a: Runerigus|37/100|[from] item: Leftovers
|-heal|p1a: Gigalith|72/100|[from] item: Leftovers
|upkeep
|turn|6
|
|switch|p1a: Whimsicott|Whimsicott, F|94/100
|-damage|p1a: Whimsicott|82/100|[from] Stealth Rock
|move|p2a: Runerigus|Toxic Spikes|p1a: Whimsicott
|-sidestart|p1: Chrisloud|move: Toxic Spikes
|
|-weather|Sandstorm|[upkeep]
|-damage|p1a: Whimsicott|76/100|[from] Sandstorm
|-heal|p1a: Whimsicott|82/100|[from] item: Leftovers
|-heal|p2a: Runerigus|43/100|[from] item: Leftovers
|upkeep
|turn|7
|
|move|p2a: Runerigus|Protect|p2a: Runerigus
|-singleturn|p2a: Runerigus|Protect
|move|p1a: Whimsicott|Moonblast|p2a: Runerigus
|-activate|p2a: Runerigus|move: Protect
|
|-weather|Sandstorm|[upkeep]
|-damage|p1a: Whimsicott|76/100|[from] Sandstorm
|-heal|p1a: Whimsicott|82/100|[from] item: Leftovers
|-heal|p2a: Runerigus|49/100|[from] item: Leftovers
|upkeep
|turn|8
|
|switch|p2a: Snorlax|Snorlax, F|100/100
|move|p1a: Whimsicott|Moonblast|p2a: Snorlax
|-damage|p2a: Snorlax|79/100
|
|-weather|Sandstorm|[upkeep]
|-damage|p1a: Whimsicott|76/100|[from] Sandstorm
|-damage|p2a: Snorlax|73/100|[from] Sandstorm
|-heal|p1a: Whimsicott|82/100|[from] item: Leftovers
|upkeep
|turn|9
|
|switch|p2a: Sigilyph|Sigilyph, M|100/100
|move|p1a: Whimsicott|U-turn|p2a: Sigilyph
|-damage|p2a: Sigilyph|85/100
|
|switch|p1a: Rotom|Rotom|100/100|[from]move: U-turn
|-damage|p1a: Rotom|88/100|[from] Stealth Rock
|
|-weather|none
|upkeep
|turn|10
|
|switch|p2a: Snorlax|Snorlax, F|73/100
|move|p1a: Rotom|Thunderbolt|p2a: Snorlax
|-damage|p2a: Snorlax|38/100
|-enditem|p2a: Snorlax|Sitrus Berry|[eat]
|-heal|p2a: Snorlax|63/100|[from] item: Sitrus Berry
|
|upkeep
|turn|11
|
|switch|p1a: Salazzle|Salazzle, F|100/100
|-sideend|p1: Chrisloud|move: Toxic Spikes|[of] p1a: Salazzle
|move|p2a: Snorlax|Seed Bomb|p1a: Salazzle
|-resisted|p1a: Salazzle
|-damage|p1a: Salazzle|88/100
|
|upkeep
|turn|12
|
|switch|p1a: Pangoro|Pangoro, M|100/100
|-damage|p1a: Pangoro|94/100|[from] Stealth Rock
|move|p2a: Snorlax|Body Slam|p1a: Pangoro
|-damage|p1a: Pangoro|42/100
|
|upkeep
|turn|13
|
|move|p1a: Pangoro|Close Combat|p2a: Snorlax
|-supereffective|p2a: Snorlax
|-damage|p2a: Snorlax|0 fnt
|-unboost|p1a: Pangoro|def|1
|-unboost|p1a: Pangoro|spd|1
|faint|p2a: Snorlax
|
|upkeep
|
|switch|p2a: Ninjask|Ninjask, M|100/100
|turn|14
|
|move|p2a: Ninjask|U-turn|p1a: Pangoro
|-damage|p1a: Pangoro|0 fnt
|faint|p1a: Pangoro
|
|switch|p2a: Runerigus|Runerigus, F|49/100|[from]move: U-turn
|
|-heal|p2a: Runerigus|56/100|[from] item: Leftovers
|upkeep
|
|switch|p1a: Rotom|Rotom|88/100
|-damage|p1a: Rotom|76/100|[from] Stealth Rock
|turn|15
|
|move|p2a: Runerigus|Protect|p2a: Runerigus
|-singleturn|p2a: Runerigus|Protect
|move|p1a: Rotom|Shadow Ball|p2a: Runerigus
|-activate|p2a: Runerigus|move: Protect
|
|-heal|p2a: Runerigus|62/100|[from] item: Leftovers
|upkeep
|turn|16
|
|switch|p2a: Hitmontop|Hitmontop, M|73/100
|-ability|p2a: Hitmontop|Intimidate|boost
|-unboost|p1a: Rotom|atk|1
|move|p1a: Rotom|Shadow Ball|p2a: Hitmontop
|-damage|p2a: Hitmontop|24/100
|
|upkeep
|turn|17
|
|move|p1a: Rotom|Shadow Ball|p2a: Hitmontop
|-damage|p2a: Hitmontop|0 fnt
|faint|p2a: Hitmontop
|
|upkeep
|
|switch|p2a: Sigilyph|Sigilyph, M|85/100
|turn|18
|
|move|p2a: Sigilyph|Calm Mind|p2a: Sigilyph
|-boost|p2a: Sigilyph|spa|1
|-boost|p2a: Sigilyph|spd|1
|move|p1a: Rotom|Shadow Ball|p2a: Sigilyph
|-supereffective|p2a: Sigilyph
|-damage|p2a: Sigilyph|0 fnt
|faint|p2a: Sigilyph
|
|upkeep
|
|switch|p2a: Jolteon|Jolteon, M|100/100
|turn|19
|
|switch|p1a: Gigalith|Gigalith, F|72/100
|-damage|p1a: Gigalith|60/100|[from] Stealth Rock
|-weather|Sandstorm|[from] ability: Sand Stream|[of] p1a: Gigalith
|move|p2a: Jolteon|Shadow Ball|p1a: Gigalith
|-damage|p1a: Gigalith|33/100
|-unboost|p1a: Gigalith|spd|1
|
|-weather|Sandstorm|[upkeep]
|-damage|p2a: Jolteon|95/100|[from] Sandstorm
|-heal|p1a: Gigalith|39/100|[from] item: Leftovers
|upkeep
|turn|20
|
|switch|p2a: Runerigus|Runerigus, F|62/100
|move|p1a: Gigalith|Rock Blast|p2a: Runerigus|[miss]
|-miss|p1a: Gigalith|p2a: Runerigus
|
|-weather|Sandstorm|[upkeep]
|-heal|p2a: Runerigus|68/100|[from] item: Leftovers
|-heal|p1a: Gigalith|45/100|[from] item: Leftovers
|upkeep
|turn|21
|
|switch|p2a: Jolteon|Jolteon, M|95/100
|switch|p1a: Rotom|Rotom|76/100
|-damage|p1a: Rotom|63/100|[from] Stealth Rock
|
|-weather|Sandstorm|[upkeep]
|-damage|p2a: Jolteon|89/100|[from] Sandstorm
|-damage|p1a: Rotom|57/100|[from] Sandstorm
|upkeep
|turn|22
|
|switch|p1a: Indeedee|Indeedee-F, F|100/100
|-damage|p1a: Indeedee|88/100|[from] Stealth Rock
|-fieldstart|move: Psychic Terrain|[from] ability: Psychic Surge|[of] p1a: Indeedee
|move|p2a: Jolteon|Volt Switch|p1a: Indeedee
|-damage|p1a: Indeedee|28/100
|
|switch|p2a: Ninjask|Ninjask, M|100/100|[from]move: Volt Switch
|
|-weather|Sandstorm|[upkeep]
|-damage|p2a: Ninjask|94/100|[from] Sandstorm
|-damage|p1a: Indeedee|22/100|[from] Sandstorm
|upkeep
|turn|23
|
|move|p2a: Ninjask|U-turn|p1a: Indeedee
|-supereffective|p1a: Indeedee
|-crit|p1a: Indeedee
|-damage|p1a: Indeedee|0 fnt
|faint|p1a: Indeedee
|
|switch|p2a: Runerigus|Runerigus, F|68/100|[from]move: U-turn
|
|-weather|none
|-heal|p2a: Runerigus|74/100|[from] item: Leftovers
|upkeep
|
|switch|p1a: Rotom|Rotom|57/100
|-damage|p1a: Rotom|44/100|[from] Stealth Rock
|turn|24
|c|☆Mehdiocre|Misclicked
|
|move|p1a: Rotom|Shadow Ball|p2a: Runerigus
|-supereffective|p2a: Runerigus
|-damage|p2a: Runerigus|0 fnt
|faint|p2a: Runerigus
|
|upkeep
|
|switch|p2a: Jolteon|Jolteon, M|89/100
|turn|25
|
|move|p2a: Jolteon|Volt Switch|p1a: Rotom
|-resisted|p1a: Rotom
|-damage|p1a: Rotom|5/100
|
|switch|p2a: Ninjask|Ninjask, M|94/100|[from]move: Volt Switch
|move|p1a: Rotom|Shadow Ball|p2a: Ninjask
|-damage|p2a: Ninjask|0 fnt
|faint|p2a: Ninjask
|
|upkeep
|
|switch|p2a: Jolteon|Jolteon, M|89/100
|turn|26
|c|☆Mehdiocre|gg
|
|move|p2a: Jolteon|Thunderbolt|p1a: Rotom
|-resisted|p1a: Rotom
|-damage|p1a: Rotom|0 fnt
|faint|p1a: Rotom
|
|-fieldend|move: Psychic Terrain
|upkeep
|c|☆Chrisloud|gg
|
|switch|p1a: Gigalith|Gigalith, F|45/100
|-damage|p1a: Gigalith|33/100|[from] Stealth Rock
|-weather|Sandstorm|[from] ability: Sand Stream|[of] p1a: Gigalith
|turn|27
|
|move|p1a: Gigalith|Protect|p1a: Gigalith
|-singleturn|p1a: Gigalith|Protect
|move|p2a: Jolteon|Thunderbolt|p1a: Gigalith
|-activate|p1a: Gigalith|move: Protect
|
|-weather|Sandstorm|[upkeep]
|-damage|p2a: Jolteon|83/100|[from] Sandstorm
|-heal|p1a: Gigalith|39/100|[from] item: Leftovers
|upkeep
|turn|28
|
|move|p2a: Jolteon|Thunderbolt|p1a: Gigalith
|-damage|p1a: Gigalith|0 fnt
|faint|p1a: Gigalith
|
|-weather|Sandstorm|[upkeep]
|-damage|p2a: Jolteon|77/100|[from] Sandstorm
|upkeep
|
|switch|p1a: Salazzle|Salazzle, F|88/100
|turn|29
|
|move|p2a: Jolteon|Thunderbolt|p1a: Salazzle
|-damage|p1a: Salazzle|0 fnt
|faint|p1a: Salazzle
|
|-weather|Sandstorm|[upkeep]
|-damage|p2a: Jolteon|71/100|[from] Sandstorm
|upkeep
|
|switch|p1a: Whimsicott|Whimsicott, F|82/100
|-damage|p1a: Whimsicott|70/100|[from] Stealth Rock
|turn|30
|c|☆Mehdiocre|Jolteon might pull this out of its ass
|c|☆Mehdiocre|Probably not thi.
|
|move|p2a: Jolteon|Thunderbolt|p1a: Whimsicott
|-resisted|p1a: Whimsicott
|-damage|p1a: Whimsicott|16/100
|move|p1a: Whimsicott|Giga Drain|p2a: Jolteon
|-damage|p2a: Jolteon|31/100
|-heal|p1a: Whimsicott|37/100|[from] drain|[of] p2a: Jolteon
|
|-weather|Sandstorm|[upkeep]
|-damage|p2a: Jolteon|25/100|[from] Sandstorm
|-damage|p1a: Whimsicott|31/100|[from] Sandstorm
|-heal|p1a: Whimsicott|37/100|[from] item: Leftovers
|upkeep
|turn|31
|
|move|p2a: Jolteon|Thunderbolt|p1a: Whimsicott
|-resisted|p1a: Whimsicott
|-damage|p1a: Whimsicott|0 fnt
|faint|p1a: Whimsicott
|
|win|Mehdiocre
|l|☆Chrisloud
|raw|Chrisloud's rating: 1425 &rarr; <strong>1398</strong><br />(-27 for losing)
|raw|Mehdiocre's rating: 1300 &rarr; <strong>1333</strong><br />(+33 for winning)
|c|☆Mehdiocre|Jolteon with the asspull.
