|j|☆Rufei
|j|☆07l中国大妈
|player|p1|Rufei|burglar|1104
|player|p2|07l中国大妈|pokefanf-gen4|1191
|teamsize|p1|6
|teamsize|p2|6
|gametype|singles
|gen|8
|tier|[Gen 8] RU
|rated|
|clearpoke
|poke|p1|Frosmoth, F|
|poke|p1|Claydol|
|poke|p1|Persian-Alola, M|
|poke|p1|Passimian, M|
|poke|p1|Salazzle, F|
|poke|p1|Barraskewda, M|
|poke|p2|Aromatisse, M|
|poke|p2|Decidueye, F|
|poke|p2|Steelix, M|
|poke|p2|Jellicent, M|
|poke|p2|Morpeko, F|
|poke|p2|Weezing, M|
|rule|Sleep Clause Mod: Limit one foe put to sleep
|rule|Species Clause: Limit one of each Pokémon
|rule|OHKO Clause: OHKO moves are banned
|rule|Evasion Moves Clause: Evasion moves are banned
|rule|Endless Battle Clause: Forcing endless battles is banned
|rule|HP Percentage Mod: HP is shown in percentages
|rule|Dynamax Clause: You cannot dynamax
|teampreview
|inactive|Battle timer is ON: inactive players will automatically lose when time's up. (requested by Rufei)
|
|start
|switch|p1a: Derpy Cat|Persian-Alola, M|100/100
|switch|p2a: Steelix|Steelix, M|100/100
|turn|1
|
|move|p1a: Derpy Cat|Taunt|p2a: Steelix
|-start|p2a: Steelix|move: Taunt
|move|p2a: Steelix|Body Press|p1a: Derpy Cat
|-supereffective|p1a: Derpy Cat
|-damage|p1a: Derpy Cat|36/100
|
|-heal|p1a: Derpy Cat|42/100|[from] item: Leftovers
|upkeep
|turn|2
|
|move|p1a: Derpy Cat|Parting Shot|p2a: Steelix
|-unboost|p2a: Steelix|atk|1
|-unboost|p2a: Steelix|spa|1
|
|switch|p1a: 8 Penguins|Claydol|100/100|[from]move: Parting Shot
|move|p2a: Steelix|Dragon Tail|p1a: 8 Penguins
|-damage|p1a: 8 Penguins|92/100
|drag|p1a: Albino Mothra|Frosmoth, F|100/100
|
|upkeep
|turn|3
|
|move|p1a: Albino Mothra|Ice Beam|p2a: Steelix
|-damage|p2a: Steelix|38/100
|move|p2a: Steelix|Body Press|p1a: Albino Mothra
|-damage|p1a: Albino Mothra|18/100
|
|-heal|p2a: Steelix|45/100|[from] item: Leftovers
|-end|p2a: Steelix|move: Taunt
|upkeep
|turn|4
|
|switch|p2a: Jellicent|Jellicent, M|100/100
|move|p1a: Albino Mothra|Ice Beam|p2a: Jellicent
|-resisted|p2a: Jellicent
|-damage|p2a: Jellicent|86/100
|
|upkeep
|turn|5
|
|move|p2a: Jellicent|Scald|p1a: Albino Mothra
|-damage|p1a: Albino Mothra|0 fnt
|faint|p1a: Albino Mothra
|
|upkeep
|
|switch|p1a: Derpy Cat|Persian-Alola, M|42/100
|turn|6
|
|switch|p2a: Weezing|Weezing, M|100/100
|-ability|p2a: Weezing|Neutralizing Gas
|move|p1a: Derpy Cat|Parting Shot|p2a: Weezing
|-unboost|p2a: Weezing|atk|1
|-unboost|p2a: Weezing|spa|1
|
|switch|p1a: Plumeria|Salazzle, F|100/100|[from]move: Parting Shot
|
|upkeep
|turn|7
|
|switch|p2a: Steelix|Steelix, M|45/100
|move|p1a: Plumeria|Fire Blast|p2a: Steelix
|-supereffective|p2a: Steelix
|-damage|p2a: Steelix|0 fnt
|-damage|p1a: Plumeria|91/100|[from] item: Life Orb
|faint|p2a: Steelix
|
|upkeep
|
|switch|p2a: Jellicent|Jellicent, M|86/100
|turn|8
|
|switch|p1a: 8 Penguins|Claydol|92/100
|move|p2a: Jellicent|Scald|p1a: 8 Penguins
|-supereffective|p1a: 8 Penguins
|-damage|p1a: 8 Penguins|60/100
|
|upkeep
|turn|9
|
|move|p2a: Jellicent|Scald|p1a: 8 Penguins
|-supereffective|p1a: 8 Penguins
|-damage|p1a: 8 Penguins|28/100
|-status|p1a: 8 Penguins|brn
|move|p1a: 8 Penguins|Stealth Rock|p2a: Jellicent
|-sidestart|p2: 07l中国大妈|move: Stealth Rock
|
|-damage|p1a: 8 Penguins|21/100 brn|[from] brn
|upkeep
|-enditem|p1a: 8 Penguins|Iapapa Berry|[eat]
|-heal|p1a: 8 Penguins|54/100 brn|[from] item: Iapapa Berry
|turn|10
|
|move|p2a: Jellicent|Scald|p1a: 8 Penguins
|-supereffective|p1a: 8 Penguins
|-damage|p1a: 8 Penguins|24/100 brn
|move|p1a: 8 Penguins|Teleport|p1a: 8 Penguins
|
|switch|p1a: Blood Bowl Veteran|Passimian, M|100/100|[from]move: Teleport
|
|upkeep
|turn|11
|
|switch|p2a: Weezing|Weezing, M|100/100
|-ability|p2a: Weezing|Neutralizing Gas
|-damage|p2a: Weezing|88/100|[from] Stealth Rock
|move|p1a: Blood Bowl Veteran|Knock Off|p2a: Weezing
|-crit|p2a: Weezing
|-damage|p2a: Weezing|57/100
|-damage|p1a: Blood Bowl Veteran|84/100|[from] item: Rocky Helmet|[of] p2a: Weezing
|-enditem|p2a: Weezing|Rocky Helmet|[from] move: Knock Off|[of] p1a: Blood Bowl Veteran
|
|upkeep
|turn|12
|
|switch|p1a: 8 Penguins|Claydol|24/100 brn
|move|p2a: Weezing|Sludge Bomb|p1a: 8 Penguins
|-resisted|p1a: 8 Penguins
|-damage|p1a: 8 Penguins|14/100 brn
|
|-damage|p1a: 8 Penguins|8/100 brn|[from] brn
|upkeep
|turn|13
|
|switch|p2a: Morpeko|Morpeko, F|100/100
|move|p1a: 8 Penguins|Earth Power|p2a: Morpeko
|-supereffective|p2a: Morpeko
|-damage|p2a: Morpeko|23/100
|
|-damage|p1a: 8 Penguins|2/100 brn|[from] brn
|-formechange|p2a: Morpeko|Morpeko-Hangry||[from] ability: Hunger Switch
|upkeep
|turn|14
|
|move|p2a: Morpeko|Rapid Spin|p1a: 8 Penguins
|-damage|p1a: 8 Penguins|0 fnt
|-boost|p2a: Morpeko|spe|1
|-sideend|p2: 07l中国大妈|Stealth Rock|[from] move: Rapid Spin|[of] p2a: Morpeko
|faint|p1a: 8 Penguins
|
|-formechange|p2a: Morpeko|Morpeko||[from] ability: Hunger Switch
|upkeep
|
|switch|p1a: Ugandan Basculin|Barraskewda, M|100/100
|turn|15
|
|switch|p2a: Weezing|Weezing, M|57/100
|-ability|p2a: Weezing|Neutralizing Gas
|move|p1a: Ugandan Basculin|Psychic Fangs|p2a: Weezing
|-supereffective|p2a: Weezing
|-damage|p2a: Weezing|0 fnt
|faint|p2a: Weezing
|
|upkeep
|
|switch|p2a: Morpeko|Morpeko, F|23/100
|turn|16
|
|switch|p1a: Derpy Cat|Persian-Alola, M|42/100
|move|p2a: Morpeko|Fake Out|p1a: Derpy Cat
|-damage|p1a: Derpy Cat|33/100
|
|-heal|p1a: Derpy Cat|39/100|[from] item: Leftovers
|-formechange|p2a: Morpeko|Morpeko-Hangry||[from] ability: Hunger Switch
|upkeep
|turn|17
|
|move|p1a: Derpy Cat|Foul Play|p2a: Morpeko
|-resisted|p2a: Morpeko
|-damage|p2a: Morpeko|0 fnt
|faint|p2a: Morpeko
|
|-heal|p1a: Derpy Cat|45/100|[from] item: Leftovers
|upkeep
|
|switch|p2a: Jellicent|Jellicent, M|86/100
|turn|18
|
|move|p1a: Derpy Cat|Parting Shot|p2a: Jellicent
|-unboost|p2a: Jellicent|atk|1
|-unboost|p2a: Jellicent|spa|1
|
|switch|p1a: Blood Bowl Veteran|Passimian, M|84/100|[from]move: Parting Shot
|move|p2a: Jellicent|Scald|p1a: Blood Bowl Veteran
|-damage|p1a: Blood Bowl Veteran|60/100
|
|upkeep
|turn|19
|
|switch|p2a: Aromatisse|Aromatisse, M|100/100
|move|p1a: Blood Bowl Veteran|Knock Off|p2a: Aromatisse
|-resisted|p2a: Aromatisse
|-damage|p2a: Aromatisse|88/100
|-enditem|p2a: Aromatisse|Leftovers|[from] move: Knock Off|[of] p1a: Blood Bowl Veteran
|
|upkeep
|turn|20
|
|switch|p1a: Plumeria|Salazzle, F|91/100
|move|p2a: Aromatisse|Wish|p2a: Aromatisse
|
|upkeep
|turn|21
|l|☆07l中国大妈
|inactive|07l中国大妈 disconnected and has a minute to reconnect!
|player|p2|
|inactive|07l中国大妈 has 30 seconds to reconnect!
|inactive|07l中国大妈 has 20 seconds to reconnect!
|inactive|07l中国大妈 has 15 seconds to reconnect!
|inactive|07l中国大妈 has 10 seconds to reconnect!
|inactive|07l中国大妈 has 5 seconds to reconnect!
|-message|07l中国大妈 lost due to inactivity.
|
|win|Rufei
|raw|Rufei's rating: 1104 &rarr; <strong>1135</strong><br />(+31 for winning)
|raw|07l中国大妈's rating: 1191 &rarr; <strong>1160</strong><br />(-31 for losing)
