|raw|<div class="broadcast-blue"><strong>This battle is required to be public due to a player having a name starting with 'rult70'.</div>
|j|☆RULT70E Elfu
|j|☆rult70m mac3 ✝
|t:|1626888644
|gametype|singles
|player|p1|RULT70E Elfu|cyclist|1457
|player|p2|rult70m mac3 ✝|roxie|1506
|teamsize|p1|6
|teamsize|p2|6
|gen|8
|tier|[Gen 8] RU
|rated|
|rule|Sleep Clause Mod: Limit one foe put to sleep
|rule|Species Clause: Limit one of each Pokémon
|rule|OHKO Clause: OHKO moves are banned
|rule|Evasion Moves Clause: Evasion moves are banned
|rule|Endless Battle Clause: Forcing endless battles is banned
|rule|HP Percentage Mod: HP is shown in percentages
|rule|Dynamax Clause: You cannot dynamax
|clearpoke
|poke|p1|Ribombee, M|
|poke|p1|Mimikyu, M|
|poke|p1|Obstagoon, M|
|poke|p1|Necrozma|
|poke|p1|Reuniclus, F|
|poke|p1|Lucario, F|
|poke|p2|Necrozma|
|poke|p2|Cobalion|
|poke|p2|Diancie|
|poke|p2|Flygon, F|
|poke|p2|Vaporeon, M|
|poke|p2|Durant, M|
|teampreview
|inactive|Battle timer is ON: inactive players will automatically lose when time's up. (requested by RULT70E Elfu)
|l|☆rult70m mac3 ✝
|inactive|rult70m mac3 ✝ disconnected and has a minute to reconnect!
|player|p2|
|inactive|rult70m mac3 ✝ has 30 seconds to reconnect!
|j|☆rult70m mac3 ✝
|inactive|rult70m mac3 ✝ reconnected and has 110 seconds left.
|player|p2|rult70m mac3 ✝|roxie
|j|+Feliburn
|
|t:|1626888701
|start
|switch|p1a: Ribombee|Ribombee, M|100/100
|switch|p2a: Diancie|Diancie|100/100
|turn|1
|
|t:|1626888722
|move|p1a: Ribombee|Sticky Web|p2a: Diancie
|-sidestart|p2: rult70m mac3 ✝|move: Sticky Web
|move|p2a: Diancie|Diamond Storm|p1a: Ribombee
|-supereffective|p1a: Ribombee
|-enditem|p1a: Ribombee|Focus Sash
|-damage|p1a: Ribombee|1/100
|-boost|p2a: Diancie|def|2
|
|upkeep
|turn|2
|
|t:|1626888740
|move|p1a: Ribombee|Reflect|p1a: Ribombee
|-sidestart|p1: RULT70E Elfu|Reflect
|move|p2a: Diancie|Diamond Storm|p1a: Ribombee
|-supereffective|p1a: Ribombee
|-damage|p1a: Ribombee|0 fnt
|faint|p1a: Ribombee
|
|upkeep
|
|t:|1626888748
|switch|p1a: Lucario|Lucario, F|100/100
|turn|3
|j| RULT70A GK
|
|t:|1626888766
|switch|p2a: Necrozma|Necrozma|100/100
|-activate|p2a: Necrozma|move: Sticky Web
|-unboost|p2a: Necrozma|spe|1
|move|p1a: Lucario|Meteor Mash|p2a: Necrozma
|-damage|p2a: Necrozma|67/100
|-boost|p1a: Lucario|atk|1
|-damage|p1a: Lucario|91/100|[from] item: Life Orb
|
|-heal|p2a: Necrozma|73/100|[from] item: Leftovers
|upkeep
|turn|4
|
|t:|1626888775
|move|p1a: Lucario|Swords Dance|p1a: Lucario
|-boost|p1a: Lucario|atk|2
|move|p2a: Necrozma|Earth Power|p1a: Lucario
|-supereffective|p1a: Lucario
|-damage|p1a: Lucario|10/100
|
|-heal|p2a: Necrozma|79/100|[from] item: Leftovers
|upkeep
|turn|5
|j| djjjdjdjdjdjdjdjdj
|
|t:|1626888786
|move|p1a: Lucario|Meteor Mash|p2a: Necrozma
|-damage|p2a: Necrozma|0 fnt
|faint|p2a: Necrozma
|-damage|p1a: Lucario|0 fnt|[from] item: Life Orb
|faint|p1a: Lucario
|
|upkeep
|
|t:|1626888804
|switch|p1a: Necrozma|Necrozma|100/100
|switch|p2a: Flygon|Flygon, F|100/100
|turn|6
|
|t:|1626888810
|move|p2a: Flygon|Defog|p1a: Necrozma
|-unboost|p1a: Necrozma|evasion|1
|-sideend|p1: RULT70E Elfu|Reflect
|-sideend|p2: rult70m mac3 ✝|Sticky Web|[from] move: Defog|[of] p2a: Flygon
|move|p1a: Necrozma|Meteor Beam||[still]
|-prepare|p1a: Necrozma|Meteor Beam
|-boost|p1a: Necrozma|spa|1
|-enditem|p1a: Necrozma|Power Herb
|-anim|p1a: Necrozma|Meteor Beam|p2a: Flygon
|-resisted|p2a: Flygon
|-damage|p2a: Flygon|63/100
|
|upkeep
|turn|7
|
|t:|1626888829
|move|p2a: Flygon|Earthquake|p1a: Necrozma
|-damage|p1a: Necrozma|64/100
|move|p1a: Necrozma|Photon Geyser|p2a: Flygon
|-damage|p2a: Flygon|0 fnt
|faint|p2a: Flygon
|
|upkeep
|
|t:|1626888837
|switch|p2a: Durant|Durant, M|100/100
|turn|8
|
|t:|1626888843
|move|p2a: Durant|First Impression|p1a: Necrozma
|-supereffective|p1a: Necrozma
|-damage|p1a: Necrozma|0 fnt
|faint|p1a: Necrozma
|-damage|p2a: Durant|91/100|[from] item: Life Orb
|
|upkeep
|inactive|RULT70E Elfu has 120 seconds left.
|
|t:|1626888883
|switch|p1a: Reuniclus|Reuniclus, F|100/100
|turn|9
|
|t:|1626888889
|switch|p2a: Diancie|Diancie|100/100
|move|p1a: Reuniclus|Calm Mind|p1a: Reuniclus
|-boost|p1a: Reuniclus|spa|1
|-boost|p1a: Reuniclus|spd|1
|
|upkeep
|turn|10
|
|t:|1626888893
|switch|p2a: Vaporeon|Vaporeon, M|100/100
|move|p1a: Reuniclus|Calm Mind|p1a: Reuniclus
|-boost|p1a: Reuniclus|spa|1
|-boost|p1a: Reuniclus|spd|1
|
|upkeep
|turn|11
|
|t:|1626888903
|move|p2a: Vaporeon|Scald|p1a: Reuniclus
|-damage|p1a: Reuniclus|88/100
|-status|p1a: Reuniclus|brn
|move|p1a: Reuniclus|Focus Blast|p2a: Vaporeon
|-damage|p2a: Vaporeon|45/100
|
|-heal|p2a: Vaporeon|51/100|[from] item: Leftovers
|-heal|p1a: Reuniclus|94/100 brn|[from] item: Leftovers
|upkeep
|turn|12
|
|t:|1626888909
|move|p2a: Vaporeon|Wish|p2a: Vaporeon
|move|p1a: Reuniclus|Calm Mind|p1a: Reuniclus
|-boost|p1a: Reuniclus|spa|1
|-boost|p1a: Reuniclus|spd|1
|
|-heal|p2a: Vaporeon|57/100|[from] item: Leftovers
|-heal|p1a: Reuniclus|99/100 brn|[from] item: Leftovers
|upkeep
|turn|13
|
|t:|1626888915
|move|p2a: Vaporeon|Protect|p2a: Vaporeon
|-singleturn|p2a: Vaporeon|Protect
|move|p1a: Reuniclus|Focus Blast|p2a: Vaporeon
|-activate|p2a: Vaporeon|move: Protect
|
|-heal|p2a: Vaporeon|100/100|[from] move: Wish|[wisher] Vaporeon
|-heal|p1a: Reuniclus|100/100 brn|[from] item: Leftovers
|upkeep
|turn|14
|
|t:|1626888918
|move|p2a: Vaporeon|Wish|p2a: Vaporeon
|move|p1a: Reuniclus|Calm Mind|p1a: Reuniclus
|-boost|p1a: Reuniclus|spa|1
|-boost|p1a: Reuniclus|spd|1
|
|upkeep
|turn|15
|
|t:|1626888921
|move|p2a: Vaporeon|Scald|p1a: Reuniclus
|-damage|p1a: Reuniclus|92/100 brn
|move|p1a: Reuniclus|Calm Mind|p1a: Reuniclus
|-boost|p1a: Reuniclus|spa|1
|-boost|p1a: Reuniclus|spd|1
|
|-heal|p1a: Reuniclus|98/100 brn|[from] item: Leftovers
|upkeep
|turn|16
|
|t:|1626888926
|move|p2a: Vaporeon|Scald|p1a: Reuniclus
|-crit|p1a: Reuniclus
|-damage|p1a: Reuniclus|59/100 brn
|move|p1a: Reuniclus|Calm Mind|p1a: Reuniclus
|-boost|p1a: Reuniclus|spa|1
|-boost|p1a: Reuniclus|spd|1
|
|-heal|p1a: Reuniclus|65/100 brn|[from] item: Leftovers
|upkeep
|turn|17
|
|t:|1626888930
|move|p2a: Vaporeon|Scald|p1a: Reuniclus
|-damage|p1a: Reuniclus|59/100 brn
|move|p1a: Reuniclus|Recover|p1a: Reuniclus
|-heal|p1a: Reuniclus|100/100 brn
|
|upkeep
|turn|18
|
|t:|1626888934
|move|p2a: Vaporeon|Scald|p1a: Reuniclus
|-damage|p1a: Reuniclus|93/100 brn
|move|p1a: Reuniclus|Psyshock|p2a: Vaporeon
|-damage|p2a: Vaporeon|0 fnt
|faint|p2a: Vaporeon
|
|-heal|p1a: Reuniclus|99/100 brn|[from] item: Leftovers
|upkeep
|
|t:|1626888936
|switch|p2a: Durant|Durant, M|91/100
|turn|19
|
|t:|1626888940
|move|p2a: Durant|First Impression|p1a: Reuniclus
|-supereffective|p1a: Reuniclus
|-damage|p1a: Reuniclus|0 fnt
|faint|p1a: Reuniclus
|-damage|p2a: Durant|81/100|[from] item: Life Orb
|
|upkeep
|
|t:|1626888945
|switch|p1a: Obstagoon|Obstagoon, M|100/100
|turn|20
|c|☆rult70m mac3 ✝|durant is such a king
|
|t:|1626888954
|switch|p2a: Cobalion|Cobalion|100/100
|move|p1a: Obstagoon|Knock Off|p2a: Cobalion
|-resisted|p2a: Cobalion
|-damage|p2a: Cobalion|84/100
|-ability|p2a: Cobalion|Justified|boost
|-boost|p2a: Cobalion|atk|1
|-enditem|p2a: Cobalion|Chople Berry|[from] move: Knock Off|[of] p1a: Obstagoon
|
|-status|p1a: Obstagoon|brn|[from] item: Flame Orb
|upkeep
|turn|21
|j| toinha ♫♪
|
|t:|1626888961
|move|p2a: Cobalion|Close Combat|p1a: Obstagoon
|-supereffective|p1a: Obstagoon
|-damage|p1a: Obstagoon|0 fnt
|-unboost|p2a: Cobalion|def|1
|-unboost|p2a: Cobalion|spd|1
|faint|p1a: Obstagoon
|
|upkeep
|
|t:|1626888966
|switch|p1a: Mimikyu|Mimikyu, M|100/100
|turn|22
|j| just world fallacy
|
|t:|1626888968
|move|p2a: Cobalion|Iron Head|p1a: Mimikyu
|-activate|p1a: Mimikyu|ability: Disguise
|-damage|p1a: Mimikyu|100/100
|detailschange|p1a: Mimikyu|Mimikyu-Busted, M
|-damage|p1a: Mimikyu|88/100|[from] pokemon: Mimikyu-Busted
|cant|p1a: Mimikyu|flinch
|
|upkeep
|turn|23
|c|☆rult70m mac3 ✝|gg
|
|t:|1626888976
|move|p2a: Cobalion|Iron Head|p1a: Mimikyu
|-supereffective|p1a: Mimikyu
|-damage|p1a: Mimikyu|0 fnt
|faint|p1a: Mimikyu
|
|win|rult70m mac3 ✝
|raw|RULT70E Elfu's rating: 1456 &rarr; <strong>1439</strong><br />(-17 for losing)
|raw|rult70m mac3 ✝'s rating: 1507 &rarr; <strong>1524</strong><br />(+17 for winning)
|l|+Feliburn
|l|☆RULT70E Elfu
|l|☆rult70m mac3 ✝
