|j|☆LucasJCD
|j|☆Testinganteater
|t:|1629835085
|gametype|singles
|player|p1|LucasJCD|1|1117
|player|p2|Testinganteater|boarder|1301
|teamsize|p1|6
|teamsize|p2|6
|gen|8
|tier|[Gen 8] RU
|rated|
|rule|Sleep Clause Mod: Limit one foe put to sleep
|rule|Species Clause: Limit one of each Pokémon
|rule|OHKO Clause: OHKO moves are banned
|rule|Evasion Moves Clause: Evasion moves are banned
|rule|Endless Battle Clause: Forcing endless battles is banned
|rule|HP Percentage Mod: HP is shown in percentages
|rule|Dynamax Clause: You cannot dynamax
|clearpoke
|poke|p1|Golisopod, M|
|poke|p1|Noivern, M|
|poke|p1|Metagross|
|poke|p1|Chandelure, M|
|poke|p1|Obstagoon, M|
|poke|p1|Toxtricity, M|
|poke|p2|Escavalier, M|
|poke|p2|Gastrodon-East, M|
|poke|p2|Xurkitree|
|poke|p2|Diancie|
|poke|p2|Crobat, M|
|poke|p2|Obstagoon, M|
|teampreview
|inactive|Battle timer is ON: inactive players will automatically lose when time's up. (requested by LucasJCD)
|
|t:|1629835118
|start
|switch|p1a: Adramelech|Toxtricity, M|100/100
|switch|p2a: Xurkitree|Xurkitree|100/100
|turn|1
|
|t:|1629835130
|move|p2a: Xurkitree|Volt Switch|p1a: Adramelech
|-resisted|p1a: Adramelech
|-damage|p1a: Adramelech|69/100
|
|t:|1629835135
|switch|p2a: Diancie|Diancie|100/100|[from]move: Volt Switch
|move|p1a: Adramelech|Sludge Wave|p2a: Diancie
|-damage|p2a: Diancie|63/100
|-damage|p1a: Adramelech|59/100|[from] item: Life Orb
|
|-heal|p2a: Diancie|69/100|[from] item: Leftovers
|upkeep
|turn|2
|
|t:|1629835147
|switch|p1a: Klaus|Metagross|100/100
|move|p2a: Diancie|Stealth Rock|p1a: Klaus
|-sidestart|p1: LucasJCD|move: Stealth Rock
|
|-heal|p2a: Diancie|75/100|[from] item: Leftovers
|upkeep
|turn|3
|
|t:|1629835156
|switch|p2a: Obstagoon|Obstagoon, M|100/100
|move|p1a: Klaus|Iron Head|p2a: Obstagoon
|-damage|p2a: Obstagoon|52/100
|
|-status|p2a: Obstagoon|brn|[from] item: Flame Orb
|upkeep
|turn|4
|
|t:|1629835166
|switch|p1a: Adramelech|Toxtricity, M|59/100
|-damage|p1a: Adramelech|47/100|[from] Stealth Rock
|move|p2a: Obstagoon|Knock Off|p1a: Adramelech
|-damage|p1a: Adramelech|0 fnt
|-enditem|p1a: Adramelech|Life Orb|[from] move: Knock Off|[of] p2a: Obstagoon
|faint|p1a: Adramelech
|
|-damage|p2a: Obstagoon|46/100 brn|[from] brn
|upkeep
|
|t:|1629835173
|switch|p1a: Mato|Golisopod, M|100/100
|-damage|p1a: Mato|76/100|[from] Stealth Rock
|turn|5
|
|t:|1629835177
|move|p2a: Obstagoon|Obstruct|p2a: Obstagoon
|-singleturn|p2a: Obstagoon|Protect
|move|p1a: Mato|First Impression|p2a: Obstagoon
|-activate|p2a: Obstagoon|move: Protect
|-unboost|p1a: Mato|def|2
|
|-damage|p2a: Obstagoon|40/100 brn|[from] brn
|upkeep
|turn|6
|
|t:|1629835201
|move|p2a: Obstagoon|Knock Off|p1a: Mato
|-damage|p1a: Mato|0 fnt
|-enditem|p1a: Mato|Assault Vest|[from] move: Knock Off|[of] p2a: Obstagoon
|faint|p1a: Mato
|
|-damage|p2a: Obstagoon|34/100 brn|[from] brn
|upkeep
|
|t:|1629835205
|switch|p1a: Bols|Chandelure, M|100/100
|-damage|p1a: Bols|76/100|[from] Stealth Rock
|turn|7
|
|t:|1629835215
|switch|p2a: Diancie|Diancie|75/100
|move|p1a: Bols|Energy Ball|p2a: Diancie
|-supereffective|p2a: Diancie
|-damage|p2a: Diancie|31/100
|
|-heal|p2a: Diancie|37/100|[from] item: Leftovers
|upkeep
|turn|8
|
|t:|1629835224
|switch|p2a: Crobat|Crobat, M|100/100
|move|p1a: Bols|Energy Ball|p2a: Crobat
|-resisted|p2a: Crobat
|-damage|p2a: Crobat|91/100
|
|upkeep
|turn|9
|
|t:|1629835229
|switch|p1a: Klaus|Metagross|100/100
|-damage|p1a: Klaus|94/100|[from] Stealth Rock
|move|p2a: Crobat|U-turn|p1a: Klaus
|-damage|p1a: Klaus|83/100
|
|t:|1629835233
|switch|p2a: Obstagoon|Obstagoon, M|34/100 brn|[from]move: U-turn
|
|-heal|p1a: Klaus|89/100|[from] item: Leftovers
|-damage|p2a: Obstagoon|27/100 brn|[from] brn
|upkeep
|turn|10
|
|t:|1629835241
|move|p1a: Klaus|Bullet Punch|p2a: Obstagoon
|-damage|p2a: Obstagoon|2/100 brn
|move|p2a: Obstagoon|Knock Off|p1a: Klaus
|-supereffective|p1a: Klaus
|-damage|p1a: Klaus|0 fnt
|-enditem|p1a: Klaus|Leftovers|[from] move: Knock Off|[of] p2a: Obstagoon
|faint|p1a: Klaus
|
|-damage|p2a: Obstagoon|0 fnt|[from] brn
|faint|p2a: Obstagoon
|upkeep
|
|t:|1629835254
|switch|p2a: Crobat|Crobat, M|91/100
|switch|p1a: Bols|Chandelure, M|76/100
|-damage|p1a: Bols|51/100|[from] Stealth Rock
|turn|11
|
|t:|1629835259
|move|p1a: Bols|Psychic|p2a: Crobat
|-supereffective|p2a: Crobat
|-damage|p2a: Crobat|16/100
|move|p2a: Crobat|U-turn|p1a: Bols
|-resisted|p1a: Bols
|-damage|p1a: Bols|45/100
|
|t:|1629835263
|switch|p2a: Escavalier|Escavalier, M|100/100|[from]move: U-turn
|
|upkeep
|turn|12
|
|t:|1629835277
|switch|p1a: Ranga|Obstagoon, M|100/100
|-damage|p1a: Ranga|88/100|[from] Stealth Rock
|move|p2a: Escavalier|Knock Off|p1a: Ranga
|-resisted|p1a: Ranga
|-damage|p1a: Ranga|75/100
|-enditem|p1a: Ranga|Flame Orb|[from] move: Knock Off|[of] p2a: Escavalier
|
|upkeep
|turn|13
|c|☆Testinganteater|obstagoon carried this game lol
|
|t:|1629835299
|move|p1a: Ranga|Knock Off|p2a: Escavalier
|-damage|p2a: Escavalier|62/100
|-enditem|p2a: Escavalier|Leftovers|[from] move: Knock Off|[of] p1a: Ranga
|move|p2a: Escavalier|Close Combat|p1a: Ranga
|-supereffective|p1a: Ranga
|-damage|p1a: Ranga|0 fnt
|-unboost|p2a: Escavalier|def|1
|-unboost|p2a: Escavalier|spd|1
|faint|p1a: Ranga
|
|upkeep
|
|t:|1629835305
|switch|p1a: Yuno|Noivern, M|100/100
|-damage|p1a: Yuno|76/100|[from] Stealth Rock
|turn|14
|
|t:|1629835320
|switch|p2a: Xurkitree|Xurkitree|100/100
|move|p1a: Yuno|Flamethrower|p2a: Xurkitree
|-damage|p2a: Xurkitree|56/100
|-damage|p1a: Yuno|66/100|[from] item: Life Orb
|
|upkeep
|turn|15
|
|t:|1629835328
|move|p1a: Yuno|Dragon Pulse|p2a: Xurkitree
|-damage|p2a: Xurkitree|0 fnt
|faint|p2a: Xurkitree
|-damage|p1a: Yuno|56/100|[from] item: Life Orb
|
|upkeep
|
|t:|1629835335
|switch|p2a: Diancie|Diancie|37/100
|turn|16
|
|t:|1629835340
|move|p1a: Yuno|U-turn|p2a: Diancie
|-resisted|p2a: Diancie
|-damage|p2a: Diancie|31/100
|-damage|p1a: Yuno|46/100|[from] item: Life Orb
|
|t:|1629835343
|switch|p1a: Bols|Chandelure, M|45/100|[from]move: U-turn
|-damage|p1a: Bols|20/100|[from] Stealth Rock
|move|p2a: Diancie|Diamond Storm|p1a: Bols
|-supereffective|p1a: Bols
|-damage|p1a: Bols|0 fnt
|-boost|p2a: Diancie|def|2
|faint|p1a: Bols
|
|-heal|p2a: Diancie|38/100|[from] item: Leftovers
|upkeep
|
|t:|1629835345
|switch|p1a: Yuno|Noivern, M|46/100
|-damage|p1a: Yuno|21/100|[from] Stealth Rock
|-item|p2a: Diancie|Leftovers|[from] ability: Frisk|[of] p1a: Yuno|[identify]
|turn|17
|
|t:|1629835349
|move|p1a: Yuno|Air Slash|p2a: Diancie
|-resisted|p2a: Diancie
|-damage|p2a: Diancie|26/100
|-damage|p1a: Yuno|11/100|[from] item: Life Orb
|cant|p2a: Diancie|flinch
|
|-heal|p2a: Diancie|32/100|[from] item: Leftovers
|upkeep
|turn|18
|
|t:|1629835355
|move|p1a: Yuno|Air Slash|p2a: Diancie
|-resisted|p2a: Diancie
|-damage|p2a: Diancie|21/100
|-damage|p1a: Yuno|1/100|[from] item: Life Orb
|move|p2a: Diancie|Diamond Storm|p1a: Yuno
|-supereffective|p1a: Yuno
|-damage|p1a: Yuno|0 fnt
|-boost|p2a: Diancie|def|2
|faint|p1a: Yuno
|
|win|Testinganteater
|raw|LucasJCD's rating: 1117 &rarr; <strong>1104</strong><br />(-13 for losing)
|raw|Testinganteater's rating: 1301 &rarr; <strong>1311</strong><br />(+10 for winning)
|c|☆Testinganteater|gg
|l|☆LucasJCD
||Ladder isn't responding, score probably updated but might not have (Request timeout).
