|j|☆Un_petit_ricard
|j|☆TheonReekGreyjoy
|t:|1657740001
|gametype|singles
|player|p1|Un_petit_ricard|blaine|1319
|player|p2|TheonReekGreyjoy|1|1564
|teamsize|p1|6
|teamsize|p2|6
|gen|8
|tier|[Gen 8] RU
|rated|
|rule|Sleep Clause Mod: Limit one foe put to sleep
|rule|Species Clause: Limit one of each Pokémon
|rule|OHKO Clause: OHKO moves are banned
|rule|Evasion Moves Clause: Evasion moves are banned
|rule|Endless Battle Clause: Forcing endless battles is banned
|rule|HP Percentage Mod: HP is shown in percentages
|rule|Dynamax Clause: You cannot dynamax
|clearpoke
|poke|p1|Registeel|
|poke|p1|Flygon, F|
|poke|p1|Starmie|
|poke|p1|Mimikyu, M|
|poke|p1|Raikou|
|poke|p1|Incineroar, F|
|poke|p2|Seismitoad, M|
|poke|p2|Vanilluxe, M|
|poke|p2|Arctovish|
|poke|p2|Incineroar, F|
|poke|p2|Flygon, M|
|poke|p2|Sandslash-Alola, F|
|teampreview
|
|t:|1657740066
|start
|switch|p1a: Flygon|Flygon, F|100/100
|switch|p2a: Seismitoad|Seismitoad, M|100/100
|turn|1
|
|t:|1657740074
|move|p1a: Flygon|U-turn|p2a: Seismitoad
|-damage|p2a: Seismitoad|86/100
|
|t:|1657740094
|switch|p1a: Registeel|Registeel|100/100|[from]move: U-turn
|move|p2a: Seismitoad|Stealth Rock|p1a: Registeel
|-sidestart|p1: Un_petit_ricard|move: Stealth Rock
|
|-heal|p2a: Seismitoad|92/100|[from] item: Leftovers
|upkeep
|turn|2
|j| TTesTTs
|
|t:|1657740108
|move|p2a: Seismitoad|Earthquake|p1a: Registeel
|-supereffective|p1a: Registeel
|-damage|p1a: Registeel|54/100
|move|p1a: Registeel|Toxic|p2a: Seismitoad
|-status|p2a: Seismitoad|tox
|
|-heal|p2a: Seismitoad|98/100 tox|[from] item: Leftovers
|-heal|p1a: Registeel|60/100|[from] item: Leftovers
|-damage|p2a: Seismitoad|92/100 tox|[from] psn
|upkeep
|turn|3
|
|t:|1657740115
|switch|p1a: Flygon|Flygon, F|100/100
|-damage|p1a: Flygon|95/100|[from] Stealth Rock
|move|p2a: Seismitoad|Earthquake|p1a: Flygon
|-immune|p1a: Flygon|[from] ability: Levitate
|
|-heal|p2a: Seismitoad|98/100 tox|[from] item: Leftovers
|-damage|p2a: Seismitoad|86/100 tox|[from] psn
|upkeep
|turn|4
|
|t:|1657740136
|move|p1a: Flygon|Earthquake|p2a: Seismitoad
|-damage|p2a: Seismitoad|54/100 tox
|move|p2a: Seismitoad|Scald|p1a: Flygon
|-damage|p1a: Flygon|61/100
|
|-heal|p2a: Seismitoad|60/100 tox|[from] item: Leftovers
|-damage|p2a: Seismitoad|42/100 tox|[from] psn
|upkeep
|turn|5
|
|t:|1657740150
|switch|p2a: Flygon|Flygon, M|100/100
|move|p1a: Flygon|Earthquake|p2a: Flygon
|-immune|p2a: Flygon|[from] ability: Levitate
|
|upkeep
|turn|6
|
|t:|1657740158
|switch|p1a: Registeel|Registeel|60/100
|-damage|p1a: Registeel|54/100|[from] Stealth Rock
|move|p2a: Flygon|U-turn|p1a: Registeel
|-resisted|p1a: Registeel
|-damage|p1a: Registeel|49/100
|
|t:|1657740175
|switch|p2a: Incineroar|Incineroar, F|100/100|[from]move: U-turn
|-ability|p2a: Incineroar|Intimidate|boost
|-fail|p1a: Registeel|unboost|[from] ability: Clear Body|[of] p1a: Registeel
|
|-heal|p1a: Registeel|55/100|[from] item: Leftovers
|upkeep
|turn|7
|
|t:|1657740221
|move|p2a: Incineroar|Flare Blitz|p1a: Registeel
|-supereffective|p1a: Registeel
|-damage|p1a: Registeel|0 fnt
|faint|p1a: Registeel
|-damage|p2a: Incineroar|84/100|[from] Recoil
|
|upkeep
|inactive|Battle timer is ON: inactive players will automatically lose when time's up. (requested by TheonReekGreyjoy)
|
|t:|1657740227
|switch|p1a: Incineroar|Incineroar, F|100/100
|-ability|p1a: Incineroar|Intimidate|boost
|-unboost|p2a: Incineroar|atk|1
|turn|8
|
|t:|1657740231
|switch|p2a: Flygon|Flygon, M|100/100
|move|p1a: Incineroar|Toxic|p2a: Flygon
|-status|p2a: Flygon|tox
|
|-damage|p2a: Flygon|94/100 tox|[from] psn
|upkeep
|turn|9
|
|t:|1657740241
|move|p2a: Flygon|Earthquake|p1a: Incineroar
|-supereffective|p1a: Incineroar
|-damage|p1a: Incineroar|38/100
|move|p1a: Incineroar|U-turn|p2a: Flygon
|-damage|p2a: Flygon|73/100 tox
|
|t:|1657740245
|switch|p1a: Starmie|Starmie|100/100|[from]move: U-turn
|
|-heal|p2a: Flygon|79/100 tox|[from] item: Leftovers
|-damage|p2a: Flygon|67/100 tox|[from] psn
|upkeep
|turn|10
|j| Minetube2013
|
|t:|1657740252
|switch|p2a: Vanilluxe|Vanilluxe, M|100/100
|-weather|Hail|[from] ability: Snow Warning|[of] p2a: Vanilluxe
|move|p1a: Starmie|Rapid Spin|p2a: Vanilluxe
|-damage|p2a: Vanilluxe|90/100
|-boost|p1a: Starmie|spe|1
|-sideend|p1: Un_petit_ricard|Stealth Rock|[from] move: Rapid Spin|[of] p1a: Starmie
|
|-weather|Hail|[upkeep]
|-damage|p1a: Starmie|94/100|[from] Hail
|upkeep
|turn|11
|inactive|Un_petit_ricard has 120 seconds left.
|
|t:|1657740298
|move|p1a: Starmie|Scald|p2a: Vanilluxe
|-damage|p2a: Vanilluxe|59/100
|-status|p2a: Vanilluxe|brn
|move|p2a: Vanilluxe|Freeze-Dry|p1a: Starmie
|-supereffective|p1a: Starmie
|-damage|p1a: Starmie|9/100
|
|-weather|Hail|[upkeep]
|-damage|p1a: Starmie|2/100|[from] Hail
|-damage|p2a: Vanilluxe|53/100 brn|[from] brn
|upkeep
|turn|12
|l| Minetube2013
|
|t:|1657740310
|move|p2a: Vanilluxe|Ice Shard|p1a: Starmie
|-resisted|p1a: Starmie
|-damage|p1a: Starmie|0 fnt
|faint|p1a: Starmie
|
|-weather|Hail|[upkeep]
|-damage|p2a: Vanilluxe|47/100 brn|[from] brn
|upkeep
|
|t:|1657740316
|switch|p1a: Raikou|Raikou|100/100
|turn|13
|
|t:|1657740341
|switch|p2a: Flygon|Flygon, M|67/100 tox
|move|p1a: Raikou|Thunderbolt|p2a: Flygon
|-immune|p2a: Flygon
|
|-weather|Hail|[upkeep]
|-damage|p1a: Raikou|94/100|[from] Hail
|-damage|p2a: Flygon|61/100 tox|[from] Hail
|-heal|p2a: Flygon|67/100 tox|[from] item: Leftovers
|-damage|p2a: Flygon|61/100 tox|[from] psn
|upkeep
|turn|14
|inactive|Un_petit_ricard has 120 seconds left.
|
|t:|1657740373
|move|p1a: Raikou|Scald|p2a: Flygon
|-damage|p2a: Flygon|41/100 tox
|move|p2a: Flygon|U-turn|p1a: Raikou
|-damage|p1a: Raikou|73/100
|
|t:|1657740379
|switch|p2a: Arctovish|Arctovish|100/100|[from]move: U-turn
|
|-weather|Hail|[upkeep]
|-damage|p1a: Raikou|67/100|[from] Hail
|upkeep
|turn|15
|inactive|Un_petit_ricard has 90 seconds left.
|
|t:|1657740402
|switch|p1a: Incineroar|Incineroar, F|38/100
|-ability|p1a: Incineroar|Intimidate|boost
|-unboost|p2a: Arctovish|atk|1
|move|p2a: Arctovish|Fishious Rend|p1a: Incineroar
|-supereffective|p1a: Incineroar
|-crit|p1a: Incineroar
|-damage|p1a: Incineroar|0 fnt
|faint|p1a: Incineroar
|
|-weather|Hail|[upkeep]
|upkeep
|
|t:|1657740406
|switch|p1a: Flygon|Flygon, F|61/100
|turn|16
|
|t:|1657740412
|move|p1a: Flygon|Stone Edge|p2a: Arctovish
|-supereffective|p2a: Arctovish
|-damage|p2a: Arctovish|41/100
|move|p2a: Arctovish|Fishious Rend|p1a: Flygon
|-damage|p1a: Flygon|6/100
|
|-weather|Hail|[upkeep]
|-damage|p1a: Flygon|0 fnt|[from] Hail
|faint|p1a: Flygon
|upkeep
|inactive|Un_petit_ricard has 90 seconds left.
|
|t:|1657740434
|switch|p1a: Mimikyu|Mimikyu, M|100/100
|turn|17
|
|t:|1657740437
|move|p2a: Arctovish|Fishious Rend|p1a: Mimikyu
|-activate|p1a: Mimikyu|ability: Disguise
|-damage|p1a: Mimikyu|100/100
|detailschange|p1a: Mimikyu|Mimikyu-Busted, M
|-damage|p1a: Mimikyu|88/100|[from] pokemon: Mimikyu-Busted
|move|p1a: Mimikyu|Swords Dance|p1a: Mimikyu
|-boost|p1a: Mimikyu|atk|2
|
|-weather|none
|upkeep
|turn|18
|inactive|Un_petit_ricard has 90 seconds left.
|inactive|Un_petit_ricard has 60 seconds left.
|
|t:|1657740488
|move|p1a: Mimikyu|Drain Punch|p2a: Arctovish
|-supereffective|p2a: Arctovish
|-damage|p2a: Arctovish|0 fnt
|-heal|p1a: Mimikyu|100/100|[from] drain|[of] p2a: Arctovish
|faint|p2a: Arctovish
|-damage|p1a: Mimikyu|91/100|[from] item: Life Orb
|
|upkeep
|
|t:|1657740492
|switch|p2a: Vanilluxe|Vanilluxe, M|47/100 brn
|-weather|Hail|[from] ability: Snow Warning|[of] p2a: Vanilluxe
|turn|19
|
|t:|1657740495
|switch|p2a: Incineroar|Incineroar, F|84/100
|-ability|p2a: Incineroar|Intimidate|boost
|-unboost|p1a: Mimikyu|atk|1
|move|p1a: Mimikyu|Drain Punch|p2a: Incineroar
|-supereffective|p2a: Incineroar
|-damage|p2a: Incineroar|34/100
|-heal|p1a: Mimikyu|100/100|[from] drain|[of] p2a: Incineroar
|-damage|p1a: Mimikyu|91/100|[from] item: Life Orb
|
|-weather|Hail|[upkeep]
|-damage|p1a: Mimikyu|85/100|[from] Hail
|-damage|p2a: Incineroar|28/100|[from] Hail
|upkeep
|turn|20
|
|t:|1657740501
|move|p1a: Mimikyu|Drain Punch|p2a: Incineroar
|-supereffective|p2a: Incineroar
|-damage|p2a: Incineroar|0 fnt
|-heal|p1a: Mimikyu|100/100|[from] drain|[of] p2a: Incineroar
|faint|p2a: Incineroar
|-damage|p1a: Mimikyu|91/100|[from] item: Life Orb
|
|-weather|Hail|[upkeep]
|-damage|p1a: Mimikyu|85/100|[from] Hail
|upkeep
|
|t:|1657740510
|switch|p2a: Sandslash|Sandslash-Alola, F|100/100
|turn|21
|
|t:|1657740515
|move|p2a: Sandslash|Triple Axel|p1a: Mimikyu
|-damage|p1a: Mimikyu|68/100
|-damage|p1a: Mimikyu|35/100
|-damage|p1a: Mimikyu|0 fnt
|faint|p1a: Mimikyu
|-hitcount|p1: Mimikyu|3
|
|-weather|Hail|[upkeep]
|upkeep
|inactive|Un_petit_ricard has 90 seconds left.
|
|t:|1657740529
|switch|p1a: Raikou|Raikou|67/100
|turn|22
|
|t:|1657740533
|move|p2a: Sandslash|Earthquake|p1a: Raikou
|-supereffective|p1a: Raikou
|-damage|p1a: Raikou|0 fnt
|faint|p1a: Raikou
|
|win|TheonReekGreyjoy
|raw|Un_petit_ricard's rating: 1298 &rarr; <strong>1289</strong><br />(-9 for losing)
|raw|TheonReekGreyjoy's rating: 1564 &rarr; <strong>1571</strong><br />(+7 for winning)
|l|☆Un_petit_ricard
||Ladder isn't responding, score probably updated but might not have (Request timeout).
