|j|☆banks
|j|☆Silvally-Gold
|t:|1596989024
|player|p1|banks|#banks|
|player|p2|Silvally-Gold|teacher-gen2|
|teamsize|p1|6
|teamsize|p2|6
|gametype|singles
|gen|8
|tier|[Gen 8] RU
|clearpoke
|poke|p1|Rotom-Mow|
|poke|p1|Gardevoir, M|
|poke|p1|Rhyperior, M|
|poke|p1|Sharpedo, M|
|poke|p1|Klefki, F|
|poke|p1|Arcanine, M|
|poke|p2|Sharpedo, M|
|poke|p2|Klefki, F|
|poke|p2|Rotom-Mow|
|poke|p2|Rhyperior, M|
|poke|p2|Gardevoir, F|
|poke|p2|Golisopod, M|
|rule|Sleep Clause Mod: Limit one foe put to sleep
|rule|Species Clause: Limit one of each Pokémon
|rule|OHKO Clause: OHKO moves are banned
|rule|Evasion Moves Clause: Evasion moves are banned
|rule|Endless Battle Clause: Forcing endless battles is banned
|rule|HP Percentage Mod: HP is shown in percentages
|rule|Dynamax Clause: You cannot dynamax
|teampreview
|c|☆Silvally-Gold|hf
|c|☆banks|hf
|j| Expulso
|c|☆banks|we have the same team
|j| Lilburr
|j| moongleam
|l| Expulso
|c| Lilburr|whats this for
|c|☆Silvally-Gold|ssnl
|c| Lilburr|ah
|c| Lilburr|gl both
|inactive|Battle timer is ON: inactive players will automatically lose when time's up. (requested by banks)
|l| moongleam
|j|+SectoniaServant
|j| moongleam
|j| Mac3 ✝
|j|+Bouff
|inactive|Silvally-Gold has 270 seconds left.
|c|+SectoniaServant|spot the difference
|j| gorex
|j|+Feliburn
|inactive|Silvally-Gold has 240 seconds left.
|
|t:|1596989147
|start
|switch|p1a: Asher Wolfe|Klefki, F|100/100
|switch|p2a: Rotom|Rotom-Mow|100/100
|turn|1
|l| moongleam
|
|t:|1596989163
|move|p1a: Asher Wolfe|Spikes|p2a: Rotom
|-sidestart|p2: Silvally-Gold|Spikes
|move|p2a: Rotom|Volt Switch|p1a: Asher Wolfe
|-damage|p1a: Asher Wolfe|78/100
|
|t:|1596989167
|switch|p2a: Rhyperior|Rhyperior, M|100/100|[from]move: Volt Switch
|-damage|p2a: Rhyperior|88/100|[from] Spikes
|
|-heal|p1a: Asher Wolfe|84/100|[from] item: Leftovers
|-heal|p2a: Rhyperior|94/100|[from] item: Leftovers
|upkeep
|turn|2
|
|t:|1596989171
|switch|p1a: Watch|Rotom-Mow|100/100
|move|p2a: Rhyperior|Stealth Rock|p1a: Watch
|-sidestart|p1: banks|move: Stealth Rock
|
|-heal|p2a: Rhyperior|100/100|[from] item: Leftovers
|upkeep
|turn|3
|j| moongleam
|
|t:|1596989182
|switch|p2a: Rotom|Rotom-Mow|100/100
|move|p1a: Watch|Volt Switch|p2a: Rotom
|-resisted|p2a: Rotom
|-crit|p2a: Rotom
|-damage|p2a: Rotom|88/100
|
|t:|1596989202
|switch|p1a: Asher Wolfe|Klefki, F|84/100|[from]move: Volt Switch
|-damage|p1a: Asher Wolfe|78/100|[from] Stealth Rock
|
|-heal|p2a: Rotom|95/100|[from] item: Leftovers
|-heal|p1a: Asher Wolfe|84/100|[from] item: Leftovers
|upkeep
|turn|4
|
|t:|1596989213
|move|p1a: Asher Wolfe|Toxic|p2a: Rotom
|-status|p2a: Rotom|tox
|move|p2a: Rotom|Volt Switch|p1a: Asher Wolfe
|-damage|p1a: Asher Wolfe|64/100
|
|t:|1596989219
|switch|p2a: Klefki|Klefki, F|100/100|[from]move: Volt Switch
|-damage|p2a: Klefki|88/100|[from] Spikes
|
|-heal|p2a: Klefki|94/100|[from] item: Leftovers
|-heal|p1a: Asher Wolfe|70/100|[from] item: Leftovers
|upkeep
|turn|5
|
|t:|1596989226
|switch|p1a: Nasty|Arcanine, M|100/100
|-ability|p1a: Nasty|Intimidate|boost
|-unboost|p2a: Klefki|atk|1
|move|p2a: Klefki|Spikes|p1a: Nasty
|-sidestart|p1: banks|Spikes
|
|-heal|p2a: Klefki|99/100|[from] item: Leftovers
|upkeep
|turn|6
|j| sza
|
|t:|1596989234
|switch|p2a: Rhyperior|Rhyperior, M|100/100
|-damage|p2a: Rhyperior|88/100|[from] Spikes
|move|p1a: Nasty|Teleport|p1a: Nasty
|
|t:|1596989236
|switch|p1a: Watch|Rotom-Mow|100/100|[from]move: Teleport
|-damage|p1a: Watch|88/100|[from] Stealth Rock
|
|-heal|p2a: Rhyperior|94/100|[from] item: Leftovers
|upkeep
|turn|7
|c| sza|go banks
|
|t:|1596989243
|switch|p2a: Rotom|Rotom-Mow|95/100 tox
|move|p1a: Watch|Leaf Storm|p2a: Rotom
|-resisted|p2a: Rotom
|-damage|p2a: Rotom|62/100 tox
|-unboost|p1a: Watch|spa|2
|
|-heal|p2a: Rotom|68/100 tox|[from] item: Leftovers
|-damage|p2a: Rotom|62/100 tox|[from] psn
|upkeep
|turn|8
|
|t:|1596989252
|switch|p1a: Nasty|Arcanine, M|100/100
|-ability|p1a: Nasty|Intimidate|boost
|-unboost|p2a: Rotom|atk|1
|move|p2a: Rotom|Volt Switch|p1a: Nasty
|-damage|p1a: Nasty|75/100
|j| the pharoah
|
|t:|1596989260
|switch|p2a: Sharpedo|Sharpedo, M|100/100|[from]move: Volt Switch
|-damage|p2a: Sharpedo|88/100|[from] Spikes
|
|upkeep
|turn|9
|j| termiii
|j| howl noon
|inactive|banks has 270 seconds left.
|
|t:|1596989317
|switch|p1a: Asher Wolfe|Klefki, F|70/100
|-damage|p1a: Asher Wolfe|58/100|[from] Spikes
|-damage|p1a: Asher Wolfe|52/100|[from] Stealth Rock
|move|p2a: Sharpedo|Surf|p1a: Asher Wolfe
|-damage|p1a: Asher Wolfe|10/100
|-damage|p2a: Sharpedo|78/100|[from] item: Life Orb
|
|-heal|p1a: Asher Wolfe|16/100|[from] item: Leftovers
|-ability|p2a: Sharpedo|Speed Boost|boost
|-boost|p2a: Sharpedo|spe|1
|upkeep
|turn|10
|inactive|banks has 240 seconds left.
|
|t:|1596989341
|move|p1a: Asher Wolfe|Spikes|p2a: Sharpedo
|-sidestart|p2: Silvally-Gold|Spikes
|move|p2a: Sharpedo|Surf|p1a: Asher Wolfe
|-crit|p1a: Asher Wolfe
|-damage|p1a: Asher Wolfe|0 fnt
|-damage|p2a: Sharpedo|68/100|[from] item: Life Orb
|faint|p1a: Asher Wolfe
|
|-ability|p2a: Sharpedo|Speed Boost|boost
|-boost|p2a: Sharpedo|spe|1
|upkeep
|inactive|banks has 210 seconds left.
|
|t:|1596989374
|switch|p1a: UCKERS|Gardevoir, M|100/100
|-damage|p1a: UCKERS|88/100|[from] Stealth Rock
|-damage|p1a: UCKERS|76/100|[from] Spikes
|-ability|p1a: UCKERS|Speed Boost|[from] ability: Trace|[of] p2a: Sharpedo
|turn|11
|inactive|banks has 210 seconds left.
|inactive|Silvally-Gold has 270 seconds left.
|
|t:|1596989395
|switch|p2a: Klefki|Klefki, F|99/100
|-damage|p2a: Klefki|84/100|[from] Spikes
|move|p1a: UCKERS|Moonblast|p2a: Klefki
|-resisted|p2a: Klefki
|-damage|p2a: Klefki|56/100
|
|-heal|p2a: Klefki|62/100|[from] item: Leftovers
|-ability|p1a: UCKERS|Speed Boost|boost
|-boost|p1a: UCKERS|spe|1
|upkeep
|turn|12
|j| RULT1qm Warrior
|inactive|Silvally-Gold has 270 seconds left.
|
|t:|1596989415
|move|p2a: Klefki|Toxic|p1a: UCKERS
|-status|p1a: UCKERS|tox
|move|p1a: UCKERS|Moonblast|p2a: Klefki
|-resisted|p2a: Klefki
|-damage|p2a: Klefki|32/100
|
|-heal|p2a: Klefki|38/100|[from] item: Leftovers
|-damage|p1a: UCKERS|70/100 tox|[from] psn
|-ability|p1a: UCKERS|Speed Boost|boost
|-boost|p1a: UCKERS|spe|1
|upkeep
|turn|13
|
|t:|1596989425
|move|p1a: UCKERS|Moonblast|p2a: Klefki
|-resisted|p2a: Klefki
|-damage|p2a: Klefki|9/100
|-unboost|p2a: Klefki|spa|1
|move|p2a: Klefki|Play Rough|p1a: UCKERS
|-crit|p1a: UCKERS
|-damage|p1a: UCKERS|8/100 tox
|
|-heal|p2a: Klefki|15/100|[from] item: Leftovers
|-damage|p1a: UCKERS|0 fnt|[from] psn
|faint|p1a: UCKERS
|upkeep
|
|t:|1596989432
|switch|p1a: BB|Rhyperior, M|100/100
|-damage|p1a: BB|88/100|[from] Spikes
|-damage|p1a: BB|82/100|[from] Stealth Rock
|turn|14
|l| moongleam
|
|t:|1596989440
|move|p2a: Klefki|Toxic|p1a: BB
|-status|p1a: BB|tox
|move|p1a: BB|Stealth Rock|p2a: Klefki
|-sidestart|p2: Silvally-Gold|move: Stealth Rock
|
|-heal|p2a: Klefki|21/100|[from] item: Leftovers
|-heal|p1a: BB|88/100 tox|[from] item: Leftovers
|-damage|p1a: BB|82/100 tox|[from] psn
|upkeep
|turn|15
|
|t:|1596989447
|move|p2a: Klefki|Spikes|p1a: BB
|-sidestart|p1: banks|Spikes
|move|p1a: BB|Earthquake|p2a: Klefki
|-supereffective|p2a: Klefki
|-damage|p2a: Klefki|0 fnt
|faint|p2a: Klefki
|
|-heal|p1a: BB|88/100 tox|[from] item: Leftovers
|-damage|p1a: BB|76/100 tox|[from] psn
|upkeep
|
|t:|1596989452
|switch|p2a: Sharpedo|Sharpedo, M|68/100
|-damage|p2a: Sharpedo|52/100|[from] Spikes
|-damage|p2a: Sharpedo|39/100|[from] Stealth Rock
|turn|16
|j| moongleam
|
|t:|1596989456
|move|p2a: Sharpedo|Surf|p1a: BB
|-supereffective|p1a: BB
|-crit|p1a: BB
|-damage|p1a: BB|0 fnt
|-damage|p2a: Sharpedo|29/100|[from] item: Life Orb
|faint|p1a: BB
|
|-ability|p2a: Sharpedo|Speed Boost|boost
|-boost|p2a: Sharpedo|spe|1
|upkeep
|
|t:|1596989458
|switch|p1a: MSRY|Sharpedo, M|100/100
|-damage|p1a: MSRY|84/100|[from] Spikes
|-damage|p1a: MSRY|72/100|[from] Stealth Rock
|turn|17
|j| goolaoaoao
|
|t:|1596989467
|move|p2a: Sharpedo|Close Combat|p1a: MSRY
|-supereffective|p1a: MSRY
|-damage|p1a: MSRY|0 fnt
|-unboost|p2a: Sharpedo|def|1
|-unboost|p2a: Sharpedo|spd|1
|-damage|p2a: Sharpedo|19/100|[from] item: Life Orb
|faint|p1a: MSRY
|
|-ability|p2a: Sharpedo|Speed Boost|boost
|-boost|p2a: Sharpedo|spe|1
|upkeep
|j|@eternally
|
|t:|1596989473
|switch|p1a: Watch|Rotom-Mow|88/100
|-damage|p1a: Watch|76/100|[from] Stealth Rock
|turn|18
|j|+Amaroq
|
|t:|1596989484
|switch|p1a: Nasty|Arcanine, M|75/100
|-ability|p1a: Nasty|Intimidate|boost
|-unboost|p2a: Sharpedo|atk|1
|move|p2a: Sharpedo|Ice Beam|p1a: Nasty
|-resisted|p1a: Nasty
|-crit|p1a: Nasty
|-damage|p1a: Nasty|47/100
|-damage|p2a: Sharpedo|9/100|[from] item: Life Orb
|
|-ability|p2a: Sharpedo|Speed Boost|boost
|-boost|p2a: Sharpedo|spe|1
|upkeep
|turn|19
|j| 7MM
|
|t:|1596989491
|move|p2a: Sharpedo|Surf|p1a: Nasty
|-supereffective|p1a: Nasty
|-damage|p1a: Nasty|0 fnt
|-damage|p2a: Sharpedo|0 fnt|[from] item: Life Orb
|faint|p1a: Nasty
|faint|p2a: Sharpedo
|
|upkeep
|j|+Averardo
|
|t:|1596989500
|switch|p2a: Golisopod|Golisopod, M|100/100
|switch|p1a: Watch|Rotom-Mow|76/100
|-damage|p1a: Watch|63/100|[from] Stealth Rock
|turn|20
|
|t:|1596989504
|move|p2a: Golisopod|First Impression|p1a: Watch
|-supereffective|p1a: Watch
|-damage|p1a: Watch|0 fnt
|faint|p1a: Watch
|
|win|Silvally-Gold
|c|☆banks|gg
|c|☆Silvally-Gold|gg
|l|☆banks
|l| 7MM
|l| howl noon
|l| sza
|l| moongleam
|l|+Averardo
|l|+SectoniaServant
|l|+Amaroq
|l| goolaoaoao
|l|+Feliburn
|l|@eternally
|l| RULT1qm Warrior
|l| Mac3 ✝
|j| HailFall
|l| HailFall
|j| dirt universe
|j| sza
|l| sza
|l| the pharoah
|j| kw
|l| kw
