|j|☆monotypewhat
|j|☆darylhc787
|t:|1595335967
|player|p1|monotypewhat|265|1451
|player|p2|darylhc787|iris-gen5bw2|1162
|teamsize|p1|6
|teamsize|p2|6
|gametype|singles
|gen|8
|tier|[Gen 8] RU
|rated|
|clearpoke
|poke|p1|Vileplume, M|
|poke|p1|Claydol|
|poke|p1|Heliolisk, F|
|poke|p1|Braviary, M|
|poke|p1|Centiskorch, M|
|poke|p1|Vaporeon, F|
|poke|p2|Lickilicky, M|
|poke|p2|Rhydon, F|
|poke|p2|Gallade, M|
|poke|p2|Mr. Rime, M|
|poke|p2|Lurantis, F|
|poke|p2|Tauros, M|
|rule|Sleep Clause Mod: Limit one foe put to sleep
|rule|Species Clause: Limit one of each Pokémon
|rule|OHKO Clause: OHKO moves are banned
|rule|Evasion Moves Clause: Evasion moves are banned
|rule|Endless Battle Clause: Forcing endless battles is banned
|rule|HP Percentage Mod: HP is shown in percentages
|rule|Dynamax Clause: You cannot dynamax
|teampreview
|inactive|Battle timer is ON: inactive players will automatically lose when time's up. (requested by monotypewhat)
|
|t:|1595335984
|start
|switch|p1a: Braviary|Braviary, M|100/100
|switch|p2a: The Con|Gallade, M|100/100
|turn|1
|
|t:|1595335994
|move|p1a: Braviary|U-turn|p2a: The Con
|-damage|p2a: The Con|66/100
|
|t:|1595335998
|switch|p1a: Vileplume|Vileplume, M|100/100|[from]move: U-turn
|move|p2a: The Con|Taunt|p1a: Vileplume
|-start|p1a: Vileplume|move: Taunt
|
|-heal|p2a: The Con|72/100|[from] item: Leftovers
|upkeep
|turn|2
|
|t:|1595336007
|switch|p1a: Braviary|Braviary, M|100/100
|move|p2a: The Con|Knock Off|p1a: Braviary
|-damage|p1a: Braviary|66/100
|-enditem|p1a: Braviary|Choice Scarf|[from] move: Knock Off|[of] p2a: The Con
|
|-heal|p2a: The Con|78/100|[from] item: Leftovers
|upkeep
|turn|3
|
|t:|1595336019
|switch|p2a: The House|Rhydon, F|100/100
|move|p1a: Braviary|U-turn|p2a: The House
|-damage|p2a: The House|88/100
|
|t:|1595336023
|switch|p1a: Centiskorch|Centiskorch, M|100/100|[from]move: U-turn
|
|upkeep
|turn|4
|
|t:|1595336037
|move|p1a: Centiskorch|Power Whip|p2a: The House|[miss]
|-miss|p1a: Centiskorch|p2a: The House
|move|p2a: The House|Swords Dance|p2a: The House
|-boost|p2a: The House|atk|2
|
|upkeep
|turn|5
|
|t:|1595336050
|switch|p2a: The cream|Lickilicky, M, shiny|100/100
|move|p1a: Centiskorch|Power Whip|p2a: The cream
|-damage|p2a: The cream|71/100
|
|-heal|p2a: The cream|78/100|[from] item: Leftovers
|upkeep
|turn|6
|
|t:|1595336061
|move|p1a: Centiskorch|Coil|p1a: Centiskorch
|-boost|p1a: Centiskorch|atk|1
|-boost|p1a: Centiskorch|def|1
|-boost|p1a: Centiskorch|accuracy|1
|move|p2a: The cream|Toxic|p1a: Centiskorch
|-status|p1a: Centiskorch|tox
|
|-heal|p2a: The cream|84/100|[from] item: Leftovers
|-damage|p1a: Centiskorch|94/100 tox|[from] psn
|upkeep
|turn|7
|
|t:|1595336072
|move|p1a: Centiskorch|Fire Lash|p2a: The cream
|-damage|p2a: The cream|37/100
|-unboost|p2a: The cream|def|1
|move|p2a: The cream|Knock Off|p1a: Centiskorch
|-damage|p1a: Centiskorch|76/100 tox
|-enditem|p1a: Centiskorch|Heavy-Duty Boots|[from] move: Knock Off|[of] p2a: The cream
|
|-heal|p2a: The cream|43/100|[from] item: Leftovers
|-damage|p1a: Centiskorch|64/100 tox|[from] psn
|upkeep
|turn|8
|
|t:|1595336082
|switch|p2a: The House|Rhydon, F|88/100
|move|p1a: Centiskorch|Leech Life|p2a: The House
|-damage|p2a: The House|55/100
|-heal|p1a: Centiskorch|81/100 tox|[from] drain|[of] p2a: The House
|
|-damage|p1a: Centiskorch|63/100 tox|[from] psn
|upkeep
|turn|9
|
|t:|1595336092
|switch|p2a: The Beautiful|Lurantis, F|100/100
|move|p1a: Centiskorch|Power Whip|p2a: The Beautiful
|-resisted|p2a: The Beautiful
|-damage|p2a: The Beautiful|76/100
|
|-damage|p1a: Centiskorch|38/100 tox|[from] psn
|upkeep
|turn|10
|
|t:|1595336105
|switch|p2a: The Train|Tauros, M|100/100
|move|p1a: Centiskorch|Leech Life|p2a: The Train
|-damage|p2a: The Train|26/100
|-heal|p1a: Centiskorch|70/100 tox|[from] drain|[of] p2a: The Train
|
|-damage|p1a: Centiskorch|39/100 tox|[from] psn
|upkeep
|turn|11
|
|t:|1595336113
|move|p2a: The Train|Rock Slide|p1a: Centiskorch
|-supereffective|p1a: Centiskorch
|-damage|p1a: Centiskorch|0 fnt
|faint|p1a: Centiskorch
|
|upkeep
|
|t:|1595336119
|switch|p1a: Braviary|Braviary, M|66/100
|turn|12
|
|t:|1595336143
|switch|p2a: The House|Rhydon, F|55/100
|switch|p1a: Vileplume|Vileplume, M|100/100
|
|upkeep
|turn|13
|
|t:|1595336154
|move|p2a: The House|Rock Polish|p2a: The House
|-boost|p2a: The House|spe|2
|move|p1a: Vileplume|Giga Drain|p2a: The House
|-supereffective|p2a: The House
|-damage|p2a: The House|0 fnt
|faint|p2a: The House
|
|upkeep
|
|t:|1595336160
|switch|p2a: The Dancer|Mr. Rime, M|100/100
|turn|14
|
|t:|1595336168
|switch|p1a: Vaporeon|Vaporeon, F|100/100
|move|p2a: The Dancer|Trick|p1a: Vaporeon
|-activate|p2a: The Dancer|move: Trick|[of] p1a: Vaporeon
|-item|p1a: Vaporeon|Choice Scarf|[from] move: Trick
|-item|p2a: The Dancer|Leftovers|[from] move: Trick
|
|upkeep
|turn|15
|
|t:|1595336175
|move|p2a: The Dancer|Freeze-Dry|p1a: Vaporeon
|-supereffective|p1a: Vaporeon
|-damage|p1a: Vaporeon|51/100
|move|p1a: Vaporeon|Flip Turn|p2a: The Dancer
|-damage|p2a: The Dancer|79/100
|
|t:|1595336181
|switch|p1a: Heliolisk|Heliolisk, F|100/100|[from]move: Flip Turn
|
|-heal|p2a: The Dancer|85/100|[from] item: Leftovers
|upkeep
|turn|16
|
|t:|1595336187
|switch|p2a: The Beautiful|Lurantis, F|76/100
|move|p1a: Heliolisk|Thunderbolt|p2a: The Beautiful
|-resisted|p2a: The Beautiful
|-damage|p2a: The Beautiful|52/100
|-damage|p1a: Heliolisk|91/100|[from] item: Life Orb
|
|upkeep
|turn|17
|
|t:|1595336207
|move|p1a: Heliolisk|Volt Switch|p2a: The Beautiful
|-resisted|p2a: The Beautiful
|-damage|p2a: The Beautiful|30/100
|-damage|p1a: Heliolisk|81/100|[from] item: Life Orb
|
|t:|1595336210
|switch|p1a: Vileplume|Vileplume, M|100/100|[from]move: Volt Switch
|move|p2a: The Beautiful|Poison Jab|p1a: Vileplume
|-damage|p1a: Vileplume|86/100
|
|-heal|p1a: Vileplume|92/100|[from] item: Black Sludge
|upkeep
|turn|18
|
|t:|1595336219
|move|p1a: Vileplume|Sludge Bomb|p2a: The Beautiful
|-supereffective|p2a: The Beautiful
|-damage|p2a: The Beautiful|0 fnt
|faint|p2a: The Beautiful
|
|-heal|p1a: Vileplume|98/100|[from] item: Black Sludge
|upkeep
|
|t:|1595336228
|switch|p2a: The Dancer|Mr. Rime, M|85/100
|turn|19
|
|t:|1595336235
|switch|p1a: Vaporeon|Vaporeon, F|51/100
|move|p2a: The Dancer|Psychic|p1a: Vaporeon
|-damage|p1a: Vaporeon|17/100
|
|-heal|p2a: The Dancer|91/100|[from] item: Leftovers
|upkeep
|turn|20
|
|t:|1595336241
|move|p2a: The Dancer|Psychic|p1a: Vaporeon
|-damage|p1a: Vaporeon|0 fnt
|faint|p1a: Vaporeon
|
|-heal|p2a: The Dancer|97/100|[from] item: Leftovers
|upkeep
|
|t:|1595336245
|switch|p1a: Braviary|Braviary, M|66/100
|turn|21
|
|t:|1595336249
|switch|p2a: The cream|Lickilicky, M, shiny|43/100
|move|p1a: Braviary|U-turn|p2a: The cream
|-damage|p2a: The cream|24/100
|
|t:|1595336252
|switch|p1a: Claydol|Claydol|100/100|[from]move: U-turn
|
|-heal|p2a: The cream|31/100|[from] item: Leftovers
|upkeep
|turn|22
|
|t:|1595336257
|move|p1a: Claydol|Stealth Rock|p2a: The cream
|-sidestart|p2: darylhc787|move: Stealth Rock
|move|p2a: The cream|Substitute|p2a: The cream
|-start|p2a: The cream|Substitute
|-damage|p2a: The cream|6/100
|
|-heal|p2a: The cream|12/100|[from] item: Leftovers
|upkeep
|turn|23
|
|t:|1595336264
|move|p1a: Claydol|Psychic|p2a: The cream
|-activate|p2a: The cream|move: Substitute|[damage]
|move|p2a: The cream|Knock Off|p1a: Claydol
|-supereffective|p1a: Claydol
|-enditem|p1a: Claydol|Colbur Berry|[eat]
|-enditem|p1a: Claydol|Colbur Berry|[weaken]
|-damage|p1a: Claydol|81/100
|
|-heal|p2a: The cream|18/100|[from] item: Leftovers
|upkeep
|turn|24
|
|t:|1595336273
|move|p1a: Claydol|Psychic|p2a: The cream
|-end|p2a: The cream|Substitute
|move|p2a: The cream|Toxic|p1a: Claydol
|-status|p1a: Claydol|tox
|
|-heal|p2a: The cream|24/100|[from] item: Leftovers
|-damage|p1a: Claydol|75/100 tox|[from] psn
|upkeep
|turn|25
|
|t:|1595336288
|move|p1a: Claydol|Scorching Sands|p2a: The cream
|-crit|p2a: The cream
|-damage|p2a: The cream|4/100
|move|p2a: The cream|Body Slam|p1a: Claydol
|-damage|p1a: Claydol|48/100 tox
|
|-heal|p2a: The cream|10/100|[from] item: Leftovers
|-damage|p1a: Claydol|36/100 tox|[from] psn
|upkeep
|turn|26
|inactive|darylhc787 has 120 seconds left.
|
|t:|1595336325
|move|p1a: Claydol|Rapid Spin|p2a: The cream
|-damage|p2a: The cream|6/100
|-boost|p1a: Claydol|spe|1
|move|p2a: The cream|Body Slam|p1a: Claydol
|-damage|p1a: Claydol|8/100 tox
|
|-heal|p2a: The cream|12/100|[from] item: Leftovers
|-damage|p1a: Claydol|0 fnt|[from] psn
|faint|p1a: Claydol
|upkeep
|
|t:|1595336330
|switch|p1a: Braviary|Braviary, M|66/100
|turn|27
|
|t:|1595336336
|move|p1a: Braviary|Facade|p2a: The cream
|-damage|p2a: The cream|0 fnt
|faint|p2a: The cream
|
|upkeep
|inactive|darylhc787 has 120 seconds left.
|
|t:|1595336349
|switch|p2a: The Con|Gallade, M|78/100
|-damage|p2a: The Con|72/100|[from] Stealth Rock
|turn|28
|
|t:|1595336353
|move|p2a: The Con|Drain Punch|p1a: Braviary
|-damage|p1a: Braviary|25/100
|-heal|p2a: The Con|93/100|[from] drain|[of] p1a: Braviary
|move|p1a: Braviary|Brave Bird|p2a: The Con
|-supereffective|p2a: The Con
|-damage|p2a: The Con|0 fnt
|-damage|p1a: Braviary|0 fnt|[from] Recoil
|faint|p2a: The Con
|faint|p1a: Braviary
|
|upkeep
|
|t:|1595336367
|switch|p2a: The Dancer|Mr. Rime, M|97/100
|switch|p1a: Heliolisk|Heliolisk, F|81/100
|-damage|p2a: The Dancer|72/100|[from] Stealth Rock
|turn|29
|
|t:|1595336378
|move|p1a: Heliolisk|Thunderbolt|p2a: The Dancer
|-damage|p2a: The Dancer|14/100
|-status|p2a: The Dancer|par
|-damage|p1a: Heliolisk|71/100|[from] item: Life Orb
|move|p2a: The Dancer|Psychic|p1a: Heliolisk
|-damage|p1a: Heliolisk|10/100
|-unboost|p1a: Heliolisk|spd|1
|
|-heal|p2a: The Dancer|20/100 par|[from] item: Leftovers
|upkeep
|turn|30
|
|t:|1595336388
|move|p1a: Heliolisk|Surf|p2a: The Dancer
|-damage|p2a: The Dancer|0 fnt
|-damage|p1a: Heliolisk|0 fnt|[from] item: Life Orb
|faint|p2a: The Dancer
|faint|p1a: Heliolisk
|
|upkeep
|
|t:|1595336393
|switch|p1a: Vileplume|Vileplume, M|98/100
|switch|p2a: The Train|Tauros, M|26/100
|-damage|p2a: The Train|14/100|[from] Stealth Rock
|turn|31
|
|t:|1595336399
|move|p2a: The Train|Zen Headbutt|p1a: Vileplume
|-supereffective|p1a: Vileplume
|-damage|p1a: Vileplume|37/100
|move|p1a: Vileplume|Sludge Bomb|p2a: The Train
|-crit|p2a: The Train
|-damage|p2a: The Train|0 fnt
|faint|p2a: The Train
|
|win|monotypewhat
|raw|monotypewhat's rating: 1431 &rarr; <strong>1438</strong><br />(+7 for winning)
|raw|darylhc787's rating: 1163 &rarr; <strong>1154</strong><br />(-9 for losing)
|l|☆monotypewhat
