|j|☆Cazzy J
|j|☆literallyfreemoney
|t:|1622954463
|gametype|singles
|player|p1|Cazzy J|2|1062
|player|p2|literallyfreemoney|17|1257
|teamsize|p1|6
|teamsize|p2|6
|gen|8
|tier|[Gen 8] RU
|rated|
|rule|Sleep Clause Mod: Limit one foe put to sleep
|rule|Species Clause: Limit one of each Pokémon
|rule|OHKO Clause: OHKO moves are banned
|rule|Evasion Moves Clause: Evasion moves are banned
|rule|Endless Battle Clause: Forcing endless battles is banned
|rule|HP Percentage Mod: HP is shown in percentages
|rule|Dynamax Clause: You cannot dynamax
|clearpoke
|poke|p1|Escavalier, F|
|poke|p1|Sylveon, M|
|poke|p1|Sirfetch’d, M|
|poke|p1|Mudsdale, F|
|poke|p1|Rotom-Mow|
|poke|p1|Mantine, F|
|poke|p2|Heracross, F|
|poke|p2|Steelix, F|
|poke|p2|Heliolisk, F|
|poke|p2|Crobat, F|
|poke|p2|Milotic, F|
|poke|p2|Gardevoir, M|
|teampreview
|
|t:|1622954479
|start
|switch|p1a: Mudsdale|Mudsdale, F|100/100
|switch|p2a: Heliolisk|Heliolisk, F|100/100
|turn|1
|
|t:|1622954486
|switch|p1a: Mantine|Mantine, F|100/100
|move|p2a: Heliolisk|Surf|p1a: Mantine
|-immune|p1a: Mantine|[from] ability: Water Absorb
|
|upkeep
|turn|2
|
|t:|1622954498
|switch|p1a: Rotom|Rotom-Mow|100/100
|move|p2a: Heliolisk|Surf|p1a: Rotom
|-resisted|p1a: Rotom
|-damage|p1a: Rotom|75/100
|
|upkeep
|turn|3
|
|t:|1622954514
|switch|p2a: Steelix|Steelix, F|100/100
|move|p1a: Rotom|Will-O-Wisp|p2a: Steelix
|-status|p2a: Steelix|brn
|
|-damage|p2a: Steelix|94/100 brn|[from] brn
|upkeep
|turn|4
|
|t:|1622954522
|move|p1a: Rotom|Hex|p2a: Steelix
|-damage|p2a: Steelix|61/100 brn
|move|p2a: Steelix|Stealth Rock|p1a: Rotom
|-sidestart|p1: Cazzy J|move: Stealth Rock
|
|-heal|p2a: Steelix|67/100 brn|[from] item: Leftovers
|-damage|p2a: Steelix|61/100 brn|[from] brn
|upkeep
|turn|5
|
|t:|1622954538
|switch|p2a: Heliolisk|Heliolisk, F|100/100
|move|p1a: Rotom|Defog|p2a: Heliolisk
|-unboost|p2a: Heliolisk|evasion|1
|-sideend|p1: Cazzy J|Stealth Rock|[from] move: Defog|[of] p1a: Rotom
|
|upkeep
|turn|6
|
|t:|1622954563
|switch|p1a: Escavalier|Escavalier, F|100/100
|move|p2a: Heliolisk|Hyper Voice|p1a: Escavalier
|-resisted|p1a: Escavalier
|-damage|p1a: Escavalier|80/100
|
|upkeep
|turn|7
|
|t:|1622954569
|switch|p2a: Brave Bat|Crobat, F|100/100
|move|p1a: Escavalier|Knock Off|p2a: Brave Bat
|-damage|p2a: Brave Bat|56/100
|-enditem|p2a: Brave Bat|Heavy-Duty Boots|[from] move: Knock Off|[of] p1a: Escavalier
|
|upkeep
|turn|8
|
|t:|1622954581
|move|p2a: Brave Bat|Taunt|p1a: Escavalier
|-start|p1a: Escavalier|move: Taunt
|move|p1a: Escavalier|Iron Head|p2a: Brave Bat
|-damage|p2a: Brave Bat|2/100
|
|upkeep
|turn|9
|
|t:|1622954590
|move|p2a: Brave Bat|Roost|p2a: Brave Bat
|-heal|p2a: Brave Bat|52/100
|-singleturn|p2a: Brave Bat|move: Roost
|move|p1a: Escavalier|Iron Head|p2a: Brave Bat
|-damage|p2a: Brave Bat|0 fnt
|faint|p2a: Brave Bat
|
|upkeep
|
|t:|1622954604
|switch|p2a: Heliolisk|Heliolisk, F|100/100
|turn|10
|
|t:|1622954612
|move|p2a: Heliolisk|Thunderbolt|p1a: Escavalier
|-damage|p1a: Escavalier|41/100
|move|p1a: Escavalier|Knock Off|p2a: Heliolisk
|-damage|p2a: Heliolisk|21/100
|-enditem|p2a: Heliolisk|Choice Specs|[from] move: Knock Off|[of] p1a: Escavalier
|
|-end|p1a: Escavalier|move: Taunt
|upkeep
|turn|11
|
|t:|1622954623
|switch|p2a: Milotic|Milotic, F|100/100
|move|p1a: Escavalier|Iron Head|p2a: Milotic
|-resisted|p2a: Milotic
|-damage|p2a: Milotic|82/100
|
|-status|p2a: Milotic|brn|[from] item: Flame Orb
|upkeep
|turn|12
|
|t:|1622954641
|move|p2a: Milotic|Scald|p1a: Escavalier
|-damage|p1a: Escavalier|24/100
|move|p1a: Escavalier|Knock Off|p2a: Milotic
|-damage|p2a: Milotic|63/100 brn
|-enditem|p2a: Milotic|Flame Orb|[from] move: Knock Off|[of] p1a: Escavalier
|
|-damage|p2a: Milotic|57/100 brn|[from] brn
|upkeep
|turn|13
|
|t:|1622954659
|move|p2a: Milotic|Recover|p2a: Milotic
|-heal|p2a: Milotic|100/100 brn
|move|p1a: Escavalier|Megahorn|p2a: Milotic
|-damage|p2a: Milotic|67/100 brn
|
|-damage|p2a: Milotic|61/100 brn|[from] brn
|upkeep
|turn|14
|
|t:|1622954675
|switch|p1a: Rotom|Rotom-Mow|75/100
|move|p2a: Milotic|Scald|p1a: Rotom
|-resisted|p1a: Rotom
|-damage|p1a: Rotom|55/100
|-status|p1a: Rotom|brn
|
|-damage|p1a: Rotom|49/100 brn|[from] brn
|-damage|p2a: Milotic|55/100 brn|[from] brn
|upkeep
|turn|15
|
|t:|1622954682
|switch|p2a: Gardevoir|Gardevoir, M|100/100
|-ability|p2a: Gardevoir|Levitate|[from] ability: Trace|[of] p1a: Rotom
|move|p1a: Rotom|Hex|p2a: Gardevoir
|-supereffective|p2a: Gardevoir
|-damage|p2a: Gardevoir|58/100
|
|-damage|p1a: Rotom|43/100 brn|[from] brn
|upkeep
|turn|16
|
|t:|1622954691
|move|p2a: Gardevoir|Moonblast|p1a: Rotom
|-damage|p1a: Rotom|0 fnt
|faint|p1a: Rotom
|
|upkeep
|
|t:|1622954704
|switch|p1a: Sylveon|Sylveon, M|100/100
|turn|17
|
|t:|1622954710
|switch|p2a: Steelix|Steelix, F|61/100 brn
|move|p1a: Sylveon|Mystical Fire|p2a: Steelix
|-supereffective|p2a: Steelix
|-damage|p2a: Steelix|18/100 brn
|-unboost|p2a: Steelix|spa|1
|
|-heal|p2a: Steelix|24/100 brn|[from] item: Leftovers
|-damage|p2a: Steelix|18/100 brn|[from] brn
|upkeep
|turn|18
|
|t:|1622954716
|move|p1a: Sylveon|Mystical Fire|p2a: Steelix
|-supereffective|p2a: Steelix
|-damage|p2a: Steelix|0 fnt
|faint|p2a: Steelix
|
|upkeep
|
|t:|1622954728
|switch|p2a: Milotic|Milotic, F|55/100 brn
|turn|19
|
|t:|1622954735
|move|p2a: Milotic|Recover|p2a: Milotic
|-heal|p2a: Milotic|100/100 brn
|move|p1a: Sylveon|Mystical Fire|p2a: Milotic
|-resisted|p2a: Milotic
|-damage|p2a: Milotic|92/100 brn
|-unboost|p2a: Milotic|spa|1
|
|-damage|p2a: Milotic|86/100 brn|[from] brn
|upkeep
|turn|20
|
|t:|1622954741
|move|p2a: Milotic|Flip Turn|p1a: Sylveon
|-damage|p1a: Sylveon|93/100
|
|t:|1622954747
|switch|p2a: Gardevoir|Gardevoir, M|58/100|[from]move: Flip Turn
|-ability|p2a: Gardevoir|Pixilate|[from] ability: Trace|[of] p1a: Sylveon
|move|p1a: Sylveon|Mystical Fire|p2a: Gardevoir
|-damage|p2a: Gardevoir|33/100
|-unboost|p2a: Gardevoir|spa|1
|
|-heal|p1a: Sylveon|99/100|[from] item: Leftovers
|upkeep
|turn|21
|
|t:|1622954759
|move|p2a: Gardevoir|Trick|p1a: Sylveon
|-activate|p2a: Gardevoir|move: Trick|[of] p1a: Sylveon
|-item|p1a: Sylveon|Choice Scarf|[from] move: Trick
|-item|p2a: Gardevoir|Leftovers|[from] move: Trick
|move|p1a: Sylveon|Hyper Voice|p2a: Gardevoir
|-damage|p2a: Gardevoir|0 fnt
|faint|p2a: Gardevoir
|
|upkeep
|
|t:|1622954769
|switch|p2a: Milotic|Milotic, F|86/100 brn
|turn|22
|
|t:|1622954793
|switch|p1a: Escavalier|Escavalier, F|24/100
|move|p2a: Milotic|Scald|p1a: Escavalier
|-damage|p1a: Escavalier|6/100
|-status|p1a: Escavalier|brn
|
|-damage|p2a: Milotic|80/100 brn|[from] brn
|-damage|p1a: Escavalier|0 fnt|[from] brn
|faint|p1a: Escavalier
|upkeep
|
|t:|1622954802
|switch|p1a: Sirfetch’d|Sirfetch’d, M|100/100
|turn|23
|
|t:|1622954805
|move|p1a: Sirfetch’d|Leaf Blade|p2a: Milotic
|-supereffective|p2a: Milotic
|-damage|p2a: Milotic|31/100 brn
|move|p2a: Milotic|Scald|p1a: Sirfetch’d
|-damage|p1a: Sirfetch’d|60/100
|
|-damage|p2a: Milotic|25/100 brn|[from] brn
|upkeep
|turn|24
|
|t:|1622954820
|switch|p2a: Guts|Heracross, F|100/100
|move|p1a: Sirfetch’d|Leaf Blade|p2a: Guts
|-resisted|p2a: Guts
|-damage|p2a: Guts|65/100
|
|-status|p2a: Guts|brn|[from] item: Flame Orb
|upkeep
|turn|25
|
|t:|1622954832
|switch|p1a: Mudsdale|Mudsdale, F|100/100
|move|p2a: Guts|Facade|p1a: Mudsdale
|-crit|p1a: Mudsdale
|-damage|p1a: Mudsdale|14/100
|-ability|p1a: Mudsdale|Stamina|boost
|-boost|p1a: Mudsdale|def|1
|
|-heal|p1a: Mudsdale|20/100|[from] item: Leftovers
|-damage|p2a: Guts|59/100 brn|[from] brn
|upkeep
|turn|26
|c|☆literallyfreemoney|my bad
|
|t:|1622954844
|move|p2a: Guts|Close Combat|p1a: Mudsdale
|-damage|p1a: Mudsdale|0 fnt
|-unboost|p2a: Guts|def|1
|-unboost|p2a: Guts|spd|1
|faint|p1a: Mudsdale
|
|-damage|p2a: Guts|53/100 brn|[from] brn
|upkeep
|
|t:|1622954858
|switch|p1a: Mantine|Mantine, F|100/100
|turn|27
|
|t:|1622954863
|switch|p2a: Heliolisk|Heliolisk, F|21/100
|move|p1a: Mantine|Tailwind|p1a: Mantine
|-sidestart|p1: Cazzy J|move: Tailwind
|
|upkeep
|turn|28
|
|t:|1622954884
|move|p1a: Mantine|Roost||[still]
|-fail|p1a: Mantine|heal
|move|p2a: Heliolisk|Thunderbolt|p1a: Mantine
|-supereffective|p1a: Mantine
|-damage|p1a: Mantine|0 fnt
|faint|p1a: Mantine
|
|upkeep
|
|t:|1622954898
|switch|p1a: Sirfetch’d|Sirfetch’d, M|60/100
|turn|29
|
|t:|1622954906
|move|p1a: Sirfetch’d|Close Combat|p2a: Heliolisk
|-supereffective|p2a: Heliolisk
|-damage|p2a: Heliolisk|0 fnt
|-unboost|p1a: Sirfetch’d|def|1
|-unboost|p1a: Sirfetch’d|spd|1
|faint|p2a: Heliolisk
|
|upkeep
|
|t:|1622954924
|switch|p2a: Milotic|Milotic, F|25/100 brn
|turn|30
|
|t:|1622954930
|move|p1a: Sirfetch’d|Close Combat|p2a: Milotic
|-damage|p2a: Milotic|0 fnt
|-unboost|p1a: Sirfetch’d|def|1
|-unboost|p1a: Sirfetch’d|spd|1
|faint|p2a: Milotic
|
|-sideend|p1: Cazzy J|move: Tailwind
|upkeep
|
|t:|1622954933
|switch|p2a: Guts|Heracross, F|53/100 brn
|turn|31
|
|t:|1622954942
|move|p2a: Guts|Facade|p1a: Sirfetch’d
|-damage|p1a: Sirfetch’d|0 fnt
|faint|p1a: Sirfetch’d
|
|-damage|p2a: Guts|47/100 brn|[from] brn
|upkeep
|
|t:|1622954946
|switch|p1a: Sylveon|Sylveon, M|99/100
|turn|32
|
|t:|1622954949
|move|p2a: Guts|Facade|p1a: Sylveon
|-damage|p1a: Sylveon|6/100
|move|p1a: Sylveon|Hyper Voice|p2a: Guts
|-supereffective|p2a: Guts
|-damage|p2a: Guts|0 fnt
|faint|p2a: Guts
|
|win|Cazzy J
|raw|Cazzy J's rating: 1062 &rarr; <strong>1108</strong><br />(+46 for winning)
|raw|literallyfreemoney's rating: 1257 &rarr; <strong>1219</strong><br />(-38 for losing)
|c|☆literallyfreemoney|gg
|c|☆Cazzy J|Gg
|l|☆literallyfreemoney
