|j|☆RULT2at Aqua
|j|☆rult2at decem
|t:|1597479280
|player|p1|RULT2at Aqua|101|
|player|p2|rult2at decem|lucas|
|teamsize|p1|6
|teamsize|p2|6
|gametype|singles
|gen|8
|tier|[Gen 8] RU
|clearpoke
|poke|p1|Umbreon, M|
|poke|p1|Bronzong|
|poke|p1|Vileplume, F|
|poke|p1|Quagsire, M|
|poke|p1|Slowbro-Galar, M|
|poke|p1|Charizard, F|
|poke|p2|Rotom-Mow|
|poke|p2|Sandslash-Alola, F|
|poke|p2|Passimian, M|
|poke|p2|Golurk|
|poke|p2|Vaporeon, F|
|poke|p2|Sableye, M|
|rule|Sleep Clause Mod: Limit one foe put to sleep
|rule|Species Clause: Limit one of each Pokémon
|rule|OHKO Clause: OHKO moves are banned
|rule|Evasion Moves Clause: Evasion moves are banned
|rule|Endless Battle Clause: Forcing endless battles is banned
|rule|HP Percentage Mod: HP is shown in percentages
|rule|Dynamax Clause: You cannot dynamax
|teampreview
|c|☆rult2at decem|hf
|c|☆RULT2at Aqua|Gl hf
|c|☆RULT2at Aqua|Oh woah
|c|☆RULT2at Aqua|No dteelix
|c|☆rult2at decem|ye
|
|t:|1597479302
|start
|switch|p1a: Charizard|Charizard, F|100/100
|switch|p2a: Passimian|Passimian, M|100/100
|turn|1
|c|☆RULT2at Aqua|Whos ur rocker
|c|☆RULT2at Aqua|Sandlsash
|c|☆RULT2at Aqua|Sandslash*
|
|t:|1597479334
|switch|p1a: Vileplume|Vileplume, F|100/100
|move|p2a: Passimian|Rock Slide|p1a: Vileplume
|-damage|p1a: Vileplume|83/100
|
|-heal|p1a: Vileplume|89/100|[from] item: Black Sludge
|upkeep
|turn|2
|
|t:|1597479340
|switch|p2a: Sandslash|Sandslash-Alola, F|100/100
|switch|p1a: Bronzong|Bronzong|100/100
|
|upkeep
|turn|3
|c|☆rult2at decem|urk
|
|t:|1597479344
|move|p2a: Sandslash|Knock Off|p1a: Bronzong
|-supereffective|p1a: Bronzong
|-crit|p1a: Bronzong
|-damage|p1a: Bronzong|44/100
|-enditem|p1a: Bronzong|Leftovers|[from] move: Knock Off|[of] p2a: Sandslash
|move|p1a: Bronzong|Stealth Rock|p2a: Sandslash
|-sidestart|p2: rult2at decem|move: Stealth Rock
|
|upkeep
|turn|4
|
|t:|1597479348
|switch|p1a: Charizard|Charizard, F|100/100
|move|p2a: Sandslash|Spikes|p1a: Charizard
|-sidestart|p1: RULT2at Aqua|Spikes
|
|upkeep
|turn|5
|
|t:|1597479362
|move|p2a: Sandslash|Protect|p2a: Sandslash
|-singleturn|p2a: Sandslash|Protect
|move|p1a: Charizard|Fire Blast|p2a: Sandslash
|-activate|p2a: Sandslash|move: Protect
|
|upkeep
|turn|6
|
|t:|1597479364
|switch|p2a: Vaporeon|Vaporeon, F|100/100
|-damage|p2a: Vaporeon|88/100|[from] Stealth Rock
|move|p1a: Charizard|Hurricane|p2a: Vaporeon
|-damage|p2a: Vaporeon|56/100
|
|-heal|p2a: Vaporeon|63/100|[from] item: Leftovers
|upkeep
|turn|7
|
|t:|1597479368
|move|p1a: Charizard|Hurricane|p2a: Vaporeon
|-damage|p2a: Vaporeon|26/100
|move|p2a: Vaporeon|Scald|p1a: Charizard
|-supereffective|p1a: Charizard
|-damage|p1a: Charizard|53/100
|
|-heal|p2a: Vaporeon|32/100|[from] item: Leftovers
|upkeep
|turn|8
|
|t:|1597479380
|move|p2a: Vaporeon|Protect|p2a: Vaporeon
|-singleturn|p2a: Vaporeon|Protect
|move|p1a: Charizard|Roost|p1a: Charizard
|-heal|p1a: Charizard|100/100
|-singleturn|p1a: Charizard|move: Roost
|
|-heal|p2a: Vaporeon|39/100|[from] item: Leftovers
|upkeep
|turn|9
|
|t:|1597479383
|move|p1a: Charizard|Hurricane|p2a: Vaporeon|[miss]
|-miss|p1a: Charizard|p2a: Vaporeon
|move|p2a: Vaporeon|Wish|p2a: Vaporeon
|
|-heal|p2a: Vaporeon|45/100|[from] item: Leftovers
|upkeep
|turn|10
|c|☆RULT2at Aqua|Nooo
|c|☆RULT2at Aqua|Welp
|c|☆RULT2at Aqua|That just made things
|c|☆RULT2at Aqua|Alot harder
|
|t:|1597479405
|switch|p1a: Vileplume|Vileplume, F|89/100
|-damage|p1a: Vileplume|76/100|[from] Spikes
|move|p2a: Vaporeon|Scald|p1a: Vileplume
|-resisted|p1a: Vileplume
|-damage|p1a: Vileplume|62/100
|
|-heal|p2a: Vaporeon|95/100|[from] move: Wish|[wisher] Vaporeon
|-heal|p2a: Vaporeon|100/100|[from] item: Leftovers
|-heal|p1a: Vileplume|68/100|[from] item: Black Sludge
|upkeep
|turn|11
|
|t:|1597479419
|move|p2a: Vaporeon|Scald|p1a: Vileplume
|-resisted|p1a: Vileplume
|-damage|p1a: Vileplume|53/100
|move|p1a: Vileplume|Strength Sap|p2a: Vaporeon
|-unboost|p2a: Vaporeon|atk|1
|-heal|p1a: Vileplume|87/100
|
|-heal|p1a: Vileplume|93/100|[from] item: Black Sludge
|upkeep
|turn|12
|
|t:|1597479422
|switch|p2a: Sandslash|Sandslash-Alola, F|100/100
|-damage|p2a: Sandslash|88/100|[from] Stealth Rock
|move|p1a: Vileplume|Giga Drain|p2a: Sandslash
|-resisted|p2a: Sandslash
|-damage|p2a: Sandslash|75/100
|-heal|p1a: Vileplume|99/100|[from] drain|[of] p2a: Sandslash
|
|-heal|p2a: Sandslash|81/100|[from] item: Leftovers
|-heal|p1a: Vileplume|100/100|[from] item: Black Sludge
|upkeep
|turn|13
|
|t:|1597479436
|move|p2a: Sandslash|Spikes|p1a: Vileplume
|-sidestart|p1: RULT2at Aqua|Spikes
|move|p1a: Vileplume|Giga Drain|p2a: Sandslash
|-resisted|p2a: Sandslash
|-damage|p2a: Sandslash|68/100
|
|-heal|p2a: Sandslash|74/100|[from] item: Leftovers
|upkeep
|turn|14
|
|t:|1597479439
|switch|p1a: Charizard|Charizard, F|100/100
|move|p2a: Sandslash|Spikes|p1a: Charizard
|-sidestart|p1: RULT2at Aqua|Spikes
|
|-heal|p2a: Sandslash|80/100|[from] item: Leftovers
|upkeep
|turn|15
|
|t:|1597479448
|switch|p2a: Passimian|Passimian, M|100/100
|-damage|p2a: Passimian|94/100|[from] Stealth Rock
|move|p1a: Charizard|Fire Blast|p2a: Passimian
|-damage|p2a: Passimian|30/100
|
|upkeep
|turn|16
|
|t:|1597479460
|move|p2a: Passimian|U-turn|p1a: Charizard
|-resisted|p1a: Charizard
|-damage|p1a: Charizard|94/100
|
|t:|1597479463
|switch|p2a: Sableye|Sableye, M|100/100|[from]move: U-turn
|-damage|p2a: Sableye|88/100|[from] Stealth Rock
|move|p1a: Charizard|Defog|p2a: Sableye
|-unboost|p2a: Sableye|evasion|1
|-sideend|p2: rult2at decem|Stealth Rock|[from] move: Defog|[of] p1a: Charizard
|-sideend|p1: RULT2at Aqua|Spikes|[from] move: Defog|[of] p1a: Charizard
|
|-heal|p2a: Sableye|94/100|[from] item: Leftovers
|upkeep
|turn|17
|
|t:|1597479468
|switch|p1a: Vileplume|Vileplume, F|100/100
|move|p2a: Sableye|Encore||[still]
|-fail|p2a: Sableye
|
|-heal|p2a: Sableye|100/100|[from] item: Leftovers
|upkeep
|turn|18
|
|t:|1597479477
|move|p2a: Sableye|Will-O-Wisp|p1a: Vileplume
|-status|p1a: Vileplume|brn
|move|p1a: Vileplume|Sludge Bomb|p2a: Sableye
|-resisted|p2a: Sableye
|-damage|p2a: Sableye|83/100
|-status|p2a: Sableye|psn
|
|-heal|p2a: Sableye|90/100 psn|[from] item: Leftovers
|-damage|p2a: Sableye|77/100 psn|[from] psn
|-damage|p1a: Vileplume|94/100 brn|[from] brn
|upkeep
|turn|19
|
|t:|1597479480
|move|p2a: Sableye|Encore|p1a: Vileplume
|-start|p1a: Vileplume|Encore
|move|p1a: Vileplume|Sludge Bomb|p2a: Sableye
|-resisted|p2a: Sableye
|-damage|p2a: Sableye|60/100 psn
|
|-heal|p2a: Sableye|66/100 psn|[from] item: Leftovers
|-heal|p1a: Vileplume|100/100 brn|[from] item: Black Sludge
|-damage|p2a: Sableye|53/100 psn|[from] psn
|-damage|p1a: Vileplume|94/100 brn|[from] brn
|upkeep
|turn|20
|
|t:|1597479483
|move|p2a: Sableye|Night Shade|p1a: Vileplume
|-damage|p1a: Vileplume|66/100 brn
|move|p1a: Vileplume|Sludge Bomb|p2a: Sableye
|-resisted|p2a: Sableye
|-damage|p2a: Sableye|35/100 psn
|
|-heal|p2a: Sableye|41/100 psn|[from] item: Leftovers
|-heal|p1a: Vileplume|72/100 brn|[from] item: Black Sludge
|-damage|p2a: Sableye|29/100 psn|[from] psn
|-damage|p1a: Vileplume|66/100 brn|[from] brn
|upkeep
|turn|21
|
|t:|1597479489
|move|p2a: Sableye|Recover|p2a: Sableye
|-heal|p2a: Sableye|79/100 psn
|move|p1a: Vileplume|Sludge Bomb|p2a: Sableye
|-resisted|p2a: Sableye
|-damage|p2a: Sableye|62/100 psn
|
|-heal|p2a: Sableye|68/100 psn|[from] item: Leftovers
|-heal|p1a: Vileplume|72/100 brn|[from] item: Black Sludge
|-damage|p2a: Sableye|55/100 psn|[from] psn
|-damage|p1a: Vileplume|66/100 brn|[from] brn
|-end|p1a: Vileplume|Encore
|upkeep
|turn|22
|c|☆RULT2at Aqua|If swsh had hidden power
|
|t:|1597479543
|move|p2a: Sableye|Encore|p1a: Vileplume
|-start|p1a: Vileplume|Encore
|move|p1a: Vileplume|Sludge Bomb|p2a: Sableye
|-resisted|p2a: Sableye
|-damage|p2a: Sableye|37/100 psn
|
|-heal|p2a: Sableye|43/100 psn|[from] item: Leftovers
|-heal|p1a: Vileplume|72/100 brn|[from] item: Black Sludge
|-damage|p2a: Sableye|31/100 psn|[from] psn
|-damage|p1a: Vileplume|66/100 brn|[from] brn
|upkeep
|turn|23
|
|t:|1597479550
|move|p2a: Sableye|Recover|p2a: Sableye
|-heal|p2a: Sableye|81/100 psn
|move|p1a: Vileplume|Sludge Bomb|p2a: Sableye
|-resisted|p2a: Sableye
|-damage|p2a: Sableye|62/100 psn
|
|-heal|p2a: Sableye|69/100 psn|[from] item: Leftovers
|-heal|p1a: Vileplume|72/100 brn|[from] item: Black Sludge
|-damage|p2a: Sableye|56/100 psn|[from] psn
|-damage|p1a: Vileplume|66/100 brn|[from] brn
|upkeep
|turn|24
|
|t:|1597479557
|switch|p1a: Umbreon|Umbreon, M|100/100
|switch|p2a: Sandslash|Sandslash-Alola, F|80/100
|
|-heal|p2a: Sandslash|86/100|[from] item: Leftovers
|upkeep
|turn|25
|
|t:|1597479560
|move|p2a: Sandslash|Knock Off|p1a: Umbreon
|-resisted|p1a: Umbreon
|-damage|p1a: Umbreon|92/100
|-enditem|p1a: Umbreon|Leftovers|[from] move: Knock Off|[of] p2a: Sandslash
|move|p1a: Umbreon|Foul Play|p2a: Sandslash
|-damage|p2a: Sandslash|62/100
|
|-heal|p2a: Sandslash|68/100|[from] item: Leftovers
|upkeep
|turn|26
|
|t:|1597479564
|switch|p1a: Charizard|Charizard, F|94/100
|move|p2a: Sandslash|Spikes|p1a: Charizard
|-sidestart|p1: RULT2at Aqua|Spikes
|
|-heal|p2a: Sandslash|74/100|[from] item: Leftovers
|upkeep
|turn|27
|
|t:|1597479571
|switch|p1a: Bronzong|Bronzong|44/100
|move|p2a: Sandslash|Protect||[still]
|-fail|p2a: Sandslash
|
|-heal|p2a: Sandslash|80/100|[from] item: Leftovers
|upkeep
|turn|28
|
|t:|1597479576
|switch|p2a: Golurk|Golurk|100/100
|move|p1a: Bronzong|Stealth Rock|p2a: Golurk
|-sidestart|p2: rult2at decem|move: Stealth Rock
|
|upkeep
|turn|29
|
|t:|1597479584
|switch|p1a: Umbreon|Umbreon, M|92/100
|-damage|p1a: Umbreon|79/100|[from] Spikes
|move|p2a: Golurk|Stealth Rock|p1a: Umbreon
|-sidestart|p1: RULT2at Aqua|move: Stealth Rock
|
|upkeep
|turn|30
|
|t:|1597479597
|switch|p2a: Vaporeon|Vaporeon, F|100/100
|-damage|p2a: Vaporeon|88/100|[from] Stealth Rock
|move|p1a: Umbreon|Foul Play|p2a: Vaporeon
|-crit|p2a: Vaporeon
|-damage|p2a: Vaporeon|70/100
|
|-heal|p2a: Vaporeon|76/100|[from] item: Leftovers
|upkeep
|turn|31
|
|t:|1597479605
|switch|p2a: Passimian|Passimian, M|30/100
|-damage|p2a: Passimian|24/100|[from] Stealth Rock
|switch|p1a: Bronzong|Bronzong|44/100
|-damage|p1a: Bronzong|37/100|[from] Stealth Rock
|
|upkeep
|turn|32
|
|t:|1597479611
|move|p1a: Bronzong|Protect|p1a: Bronzong
|-singleturn|p1a: Bronzong|Protect
|move|p2a: Passimian|Knock Off|p1a: Bronzong
|-activate|p1a: Bronzong|move: Protect
|
|upkeep
|turn|33
|
|t:|1597479616
|move|p2a: Passimian|Knock Off|p1a: Bronzong
|-supereffective|p1a: Bronzong
|-damage|p1a: Bronzong|0 fnt
|faint|p1a: Bronzong
|
|upkeep
|c|☆RULT2at Aqua|Um
|c|☆RULT2at Aqua|What?
|c|☆RULT2at Aqua|So look knock off does max 59
|c|☆RULT2at Aqua|!math 59/1.5
|c| RULT2at Aqua|/raw <div class="infobox">59/1.5<br />= <strong>39.333333333333336</strong></div>
|c|☆rult2at decem|try it without item
|c|☆RULT2at Aqua|It should do 39 max
|c|☆RULT2at Aqua|Thats without item
|c|☆rult2at decem|u're at 37
|c|☆RULT2at Aqua|Oh bleh
|c|☆RULT2at Aqua|High roll
|
|t:|1597479684
|switch|p1a: Charizard|Charizard, F|94/100
|turn|34
|c|☆rult2at decem|oh
|
|t:|1597479689
|move|p2a: Passimian|Knock Off|p1a: Charizard
|-damage|p1a: Charizard|56/100
|-enditem|p1a: Charizard|Heavy-Duty Boots|[from] move: Knock Off|[of] p2a: Passimian
|move|p1a: Charizard|Fire Blast|p2a: Passimian
|-damage|p2a: Passimian|0 fnt
|faint|p2a: Passimian
|
|upkeep
|
|t:|1597479695
|switch|p2a: Sableye|Sableye, M|56/100 psn
|-damage|p2a: Sableye|44/100 psn|[from] Stealth Rock
|turn|35
|c|☆RULT2at Aqua|252 Atk Passimian Knock Off vs. 252 HP / 4 Def Bronzong: 118-140 (34.9 - 39.4%) -- guaranteed 3HKO
|c|☆RULT2at Aqua|*sigh*
|c|☆RULT2at Aqua|Eh who needs calc
|c|☆RULT2at Aqua|When you have /math lol
|c|☆RULT2at Aqua|I got that high roll on the dot
|c|☆RULT2at Aqua|Ahahaha
|
|t:|1597479815
|move|p2a: Sableye|Encore|p1a: Charizard
|-start|p1a: Charizard|Encore
|move|p1a: Charizard|Fire Blast|p2a: Sableye
|-damage|p2a: Sableye|0 fnt
|faint|p2a: Sableye
|
|upkeep
|
|t:|1597479824
|switch|p2a: Vaporeon|Vaporeon, F|76/100
|-damage|p2a: Vaporeon|64/100|[from] Stealth Rock
|turn|36
|
|t:|1597479827
|move|p1a: Charizard|Fire Blast|p2a: Vaporeon
|-resisted|p2a: Vaporeon
|-damage|p2a: Vaporeon|46/100
|move|p2a: Vaporeon|Scald|p1a: Charizard
|-supereffective|p1a: Charizard
|-damage|p1a: Charizard|8/100
|
|-heal|p2a: Vaporeon|52/100|[from] item: Leftovers
|upkeep
|turn|37
|
|t:|1597479831
|move|p1a: Charizard|Fire Blast|p2a: Vaporeon
|-resisted|p2a: Vaporeon
|-crit|p2a: Vaporeon
|-damage|p2a: Vaporeon|12/100
|move|p2a: Vaporeon|Scald|p1a: Charizard
|-supereffective|p1a: Charizard
|-damage|p1a: Charizard|0 fnt
|faint|p1a: Charizard
|
|-heal|p2a: Vaporeon|18/100|[from] item: Leftovers
|upkeep
|
|t:|1597479836
|switch|p1a: Vileplume|Vileplume, F|66/100 brn
|-damage|p1a: Vileplume|54/100 brn|[from] Spikes
|-damage|p1a: Vileplume|41/100 brn|[from] Stealth Rock
|turn|38
|
|t:|1597479843
|move|p2a: Vaporeon|Wish|p2a: Vaporeon
|move|p1a: Vileplume|Giga Drain|p2a: Vaporeon
|-supereffective|p2a: Vaporeon
|-damage|p2a: Vaporeon|0 fnt
|-heal|p1a: Vileplume|53/100 brn|[from] drain|[of] p2a: Vaporeon
|faint|p2a: Vaporeon
|
|-heal|p1a: Vileplume|59/100 brn|[from] item: Black Sludge
|-damage|p1a: Vileplume|53/100 brn|[from] brn
|upkeep
|
|t:|1597479846
|switch|p2a: Golurk|Golurk|100/100
|-damage|p2a: Golurk|95/100|[from] Stealth Rock
|turn|39
|
|t:|1597479850
|move|p2a: Golurk|Poltergeist|p1a: Vileplume
|-activate|p1a: Vileplume|move: Poltergeist|Black Sludge
|-damage|p1a: Vileplume|0 fnt
|faint|p1a: Vileplume
|
|-heal|p2a: Golurk|100/100|[from] move: Wish|[wisher] Vaporeon
|upkeep
|c|☆RULT2at Aqua|Ur not banded right?
|c|☆rult2at decem|im spell tag
|c|☆RULT2at Aqua|Whats ur item?
|c|☆RULT2at Aqua|Mk
|c|☆RULT2at Aqua|This one idk abt so ima calc
|c|☆RULT2at Aqua|Banded does abt 60-70
|c|☆RULT2at Aqua|70/1.3
|c|☆RULT2at Aqua|!math 70/1.3
|c| RULT2at Aqua|/raw <div class="infobox">70/1.3<br />= <strong>53.84615384615385</strong></div>
|c|☆RULT2at Aqua|That may be wrong
|c|☆RULT2at Aqua|252+ Atk Spell Tag Golurk Poltergeist (110 BP) vs. 252 HP / 252+ Def Vileplume: 184-217 (51.9 - 61.2%) -- 96.1% chance to 2HKO after Black Sludge recovery
|
|t:|1597480028
|switch|p1a: Quagsire|Quagsire, M|100/100
|-damage|p1a: Quagsire|88/100|[from] Spikes
|-damage|p1a: Quagsire|82/100|[from] Stealth Rock
|turn|40
|
|t:|1597480054
|move|p2a: Golurk|Poltergeist|p1a: Quagsire
|-activate|p1a: Quagsire|move: Poltergeist|Leftovers
|-damage|p1a: Quagsire|30/100
|move|p1a: Quagsire|Scald|p2a: Golurk
|-supereffective|p2a: Golurk
|-crit|p2a: Golurk
|-damage|p2a: Golurk|33/100
|-status|p2a: Golurk|brn
|
|-heal|p1a: Quagsire|36/100|[from] item: Leftovers
|-damage|p2a: Golurk|27/100 brn|[from] brn
|upkeep
|turn|41
|
|t:|1597480063
|switch|p2a: Rotom|Rotom-Mow|100/100
|-damage|p2a: Rotom|88/100|[from] Stealth Rock
|move|p1a: Quagsire|Recover|p1a: Quagsire
|-heal|p1a: Quagsire|86/100
|
|-heal|p2a: Rotom|94/100|[from] item: Leftovers
|-heal|p1a: Quagsire|92/100|[from] item: Leftovers
|upkeep
|turn|42
|
|t:|1597480068
|move|p2a: Rotom|Volt Switch|p1a: Quagsire
|-immune|p1a: Quagsire
|move|p1a: Quagsire|Scald|p2a: Rotom
|-resisted|p2a: Rotom
|-damage|p2a: Rotom|82/100
|
|-heal|p2a: Rotom|88/100|[from] item: Leftovers
|-heal|p1a: Quagsire|98/100|[from] item: Leftovers
|upkeep
|turn|43
|
|t:|1597480070
|move|p2a: Rotom|Leaf Storm|p1a: Quagsire
|-supereffective|p1a: Quagsire
|-damage|p1a: Quagsire|0 fnt
|-unboost|p2a: Rotom|spa|2
|faint|p1a: Quagsire
|
|-heal|p2a: Rotom|94/100|[from] item: Leftovers
|upkeep
|
|t:|1597480079
|switch|p1a: Slowbro|Slowbro-Galar, M|100/100
|-damage|p1a: Slowbro|88/100|[from] Spikes
|-damage|p1a: Slowbro|76/100|[from] Stealth Rock
|turn|44
|
|t:|1597480086
|move|p2a: Rotom|Volt Switch|p1a: Slowbro
|-damage|p1a: Slowbro|56/100
|
|t:|1597480087
|switch|p2a: Sandslash|Sandslash-Alola, F|80/100|[from]move: Volt Switch
|-damage|p2a: Sandslash|68/100|[from] Stealth Rock
|move|p1a: Slowbro|Calm Mind|p1a: Slowbro
|-boost|p1a: Slowbro|spa|1
|-boost|p1a: Slowbro|spd|1
|
|-heal|p2a: Sandslash|74/100|[from] item: Leftovers
|upkeep
|turn|45
|
|t:|1597480092
|move|p2a: Sandslash|Icicle Crash|p1a: Slowbro
|-damage|p1a: Slowbro|37/100
|move|p1a: Slowbro|Slack Off|p1a: Slowbro
|-heal|p1a: Slowbro|87/100
|
|-heal|p2a: Sandslash|80/100|[from] item: Leftovers
|upkeep
|turn|46
|
|t:|1597480096
|move|p2a: Sandslash|Icicle Crash|p1a: Slowbro|[miss]
|-miss|p2a: Sandslash|p1a: Slowbro
|move|p1a: Slowbro|Calm Mind|p1a: Slowbro
|-boost|p1a: Slowbro|spa|1
|-boost|p1a: Slowbro|spd|1
|
|-heal|p2a: Sandslash|86/100|[from] item: Leftovers
|upkeep
|turn|47
|
|t:|1597480100
|move|p2a: Sandslash|Icicle Crash|p1a: Slowbro
|-damage|p1a: Slowbro|69/100
|move|p1a: Slowbro|Flamethrower|p2a: Sandslash
|-supereffective|p2a: Sandslash
|-damage|p2a: Sandslash|0 fnt
|faint|p2a: Sandslash
|
|upkeep
|
|t:|1597480104
|switch|p2a: Golurk|Golurk|27/100 brn
|-damage|p2a: Golurk|21/100 brn|[from] Stealth Rock
|turn|48
|c|☆RULT2at Aqua|Gg tho
|
|t:|1597480108
|move|p2a: Golurk|Poltergeist|p1a: Slowbro
|-activate|p1a: Slowbro|move: Poltergeist|Colbur Berry
|-supereffective|p1a: Slowbro
|-damage|p1a: Slowbro|19/100
|move|p1a: Slowbro|Slack Off|p1a: Slowbro
|-heal|p1a: Slowbro|69/100
|
|-damage|p2a: Golurk|15/100 brn|[from] brn
|upkeep
|turn|49
|
|t:|1597480114
|move|p2a: Golurk|Poltergeist|p1a: Slowbro
|-activate|p1a: Slowbro|move: Poltergeist|Colbur Berry
|-supereffective|p1a: Slowbro
|-damage|p1a: Slowbro|20/100
|move|p1a: Slowbro|Slack Off|p1a: Slowbro
|-heal|p1a: Slowbro|70/100
|
|-damage|p2a: Golurk|9/100 brn|[from] brn
|upkeep
|turn|50
|c|☆rult2at decem|gg
|c|☆rult2at decem|had to avoid the burn
|-message|rult2at decem forfeited.
|
|win|RULT2at Aqua
|c|☆RULT2at Aqua|Lol
|c|☆RULT2at Aqua|Yeo
|l|☆rult2at decem
|c|☆RULT2at Aqua|galarbro
