|j|☆Treanair
|j|☆Ibaragi Test
|player|p1|Treanair|alder|1064
|player|p2|Ibaragi Test|cynthia|1168
|teamsize|p1|6
|teamsize|p2|6
|gametype|singles
|gen|8
|tier|[Gen 8] RU
|rated|
|clearpoke
|poke|p1|Bewear, F|
|poke|p1|Rillaboom, M|
|poke|p1|Gastrodon, M|
|poke|p1|Cursola, F|
|poke|p1|Scrafty, F|
|poke|p1|Coalossal, F|
|poke|p2|Barraskewda, M|
|poke|p2|Frosmoth, F|
|poke|p2|Morpeko, F|
|poke|p2|Steelix, M|
|poke|p2|Whimsicott, F|
|poke|p2|Coalossal, M|
|rule|Sleep Clause Mod: Limit one foe put to sleep
|rule|Species Clause: Limit one of each Pokémon
|rule|OHKO Clause: OHKO moves are banned
|rule|Evasion Moves Clause: Evasion moves are banned
|rule|Endless Battle Clause: Forcing endless battles is banned
|rule|HP Percentage Mod: HP is shown in percentages
|rule|Dynamax Clause: You cannot dynamax
|teampreview
|
|start
|switch|p1a: Rillaboom|Rillaboom, M|100/100
|switch|p2a: Coalossal|Coalossal, M|100/100
|turn|1
|
|move|p1a: Rillaboom|Earthquake|p2a: Coalossal
|-supereffective|p2a: Coalossal
|-damage|p2a: Coalossal|9/100
|move|p2a: Coalossal|Burn Up|p1a: Rillaboom
|-supereffective|p1a: Rillaboom
|-damage|p1a: Rillaboom|0 fnt
|-start|p2a: Coalossal|typechange|Rock/???|[from] move: Burn Up
|faint|p1a: Rillaboom
|
|upkeep
|
|switch|p1a: Gastrodon|Gastrodon, M|100/100
|turn|2
|
|switch|p2a: Frosmoth|Frosmoth, F|100/100
|move|p1a: Gastrodon|Scald|p2a: Frosmoth
|-damage|p2a: Frosmoth|84/100
|-status|p2a: Frosmoth|brn
|
|-damage|p2a: Frosmoth|78/100 brn|[from] brn
|upkeep
|turn|3
|
|move|p2a: Frosmoth|Giga Drain|p1a: Gastrodon
|-supereffective|p1a: Gastrodon
|-damage|p1a: Gastrodon|0 fnt
|-heal|p2a: Frosmoth|100/100 brn|[from] drain|[of] p1a: Gastrodon
|-damage|p2a: Frosmoth|91/100 brn|[from] item: Life Orb
|faint|p1a: Gastrodon
|
|-damage|p2a: Frosmoth|84/100 brn|[from] brn
|upkeep
|
|switch|p1a: Coalossal|Coalossal, F|100/100
|turn|4
|
|switch|p2a: Coalossal|Coalossal, M|9/100
|move|p1a: Coalossal|Heat Crash|p2a: Coalossal
|-start|p2a: Coalossal|ability: Flash Fire
|
|upkeep
|turn|5
|
|move|p2a: Coalossal|Earth Power|p1a: Coalossal
|-supereffective|p1a: Coalossal
|-damage|p1a: Coalossal|40/100
|move|p1a: Coalossal|Rapid Spin|p2a: Coalossal
|-resisted|p2a: Coalossal
|-damage|p2a: Coalossal|5/100
|-boost|p1a: Coalossal|spe|1
|
|-heal|p1a: Coalossal|46/100|[from] item: Leftovers
|upkeep
|turn|6
|
|move|p1a: Coalossal|Rapid Spin|p2a: Coalossal
|-resisted|p2a: Coalossal
|-damage|p2a: Coalossal|2/100
|-boost|p1a: Coalossal|spe|1
|move|p2a: Coalossal|Earth Power|p1a: Coalossal
|-supereffective|p1a: Coalossal
|-damage|p1a: Coalossal|0 fnt
|faint|p1a: Coalossal
|
|upkeep
|
|switch|p1a: Scrafty|Scrafty, F|100/100
|turn|7
|
|move|p1a: Scrafty|Bulk Up|p1a: Scrafty
|-boost|p1a: Scrafty|atk|1
|-boost|p1a: Scrafty|def|1
|move|p2a: Coalossal|Burn Up|p1a: Scrafty
|-damage|p1a: Scrafty|41/100
|-start|p2a: Coalossal|typechange|Rock/???|[from] move: Burn Up
|
|-heal|p1a: Scrafty|47/100|[from] item: Leftovers
|upkeep
|turn|8
|
|move|p1a: Scrafty|Drain Punch|p2a: Coalossal
|-supereffective|p2a: Coalossal
|-damage|p2a: Coalossal|0 fnt
|-heal|p1a: Scrafty|48/100|[from] drain|[of] p2a: Coalossal
|faint|p2a: Coalossal
|
|-heal|p1a: Scrafty|54/100|[from] item: Leftovers
|upkeep
|
|switch|p2a: Frosmoth|Frosmoth, F|84/100 brn
|turn|9
|
|move|p2a: Frosmoth|Dazzling Gleam|p1a: Scrafty
|-supereffective|p1a: Scrafty
|-damage|p1a: Scrafty|0 fnt
|-damage|p2a: Frosmoth|75/100 brn|[from] item: Life Orb
|faint|p1a: Scrafty
|
|-damage|p2a: Frosmoth|68/100 brn|[from] brn
|upkeep
|
|switch|p1a: Cursola|Cursola, F|100/100
|turn|10
|
|switch|p2a: Steelix|Steelix, M|100/100
|move|p1a: Cursola|Shadow Ball|p2a: Steelix
|-damage|p2a: Steelix|25/100
|
|-heal|p2a: Steelix|31/100|[from] item: Leftovers
|upkeep
|turn|11
|
|switch|p2a: Morpeko|Morpeko, F|100/100
|move|p1a: Cursola|Shadow Ball|p2a: Morpeko
|-resisted|p2a: Morpeko
|-damage|p2a: Morpeko|24/100
|
|-formechange|p2a: Morpeko|Morpeko-Hangry||[from] ability: Hunger Switch
|upkeep
|turn|12
|
|switch|p1a: Bewear|Bewear, F|100/100
|move|p2a: Morpeko|Aura Wheel|p1a: Bewear
|-resisted|p1a: Bewear
|-damage|p1a: Bewear|66/100
|-boost|p2a: Morpeko|spe|1
|
|-formechange|p2a: Morpeko|Morpeko||[from] ability: Hunger Switch
|upkeep
|turn|13
|
|move|p2a: Morpeko|Aura Wheel|p1a: Bewear
|-damage|p1a: Bewear|0 fnt
|-boost|p2a: Morpeko|spe|1
|faint|p1a: Bewear
|
|-formechange|p2a: Morpeko|Morpeko-Hangry||[from] ability: Hunger Switch
|upkeep
|
|switch|p1a: Cursola|Cursola, F|100/100
|turn|14
|
|move|p2a: Morpeko|Aura Wheel|p1a: Cursola
|-supereffective|p1a: Cursola
|-damage|p1a: Cursola|0 fnt
|-boost|p2a: Morpeko|spe|1
|faint|p1a: Cursola
|
|win|Ibaragi Test
|l|☆Treanair
|raw|Treanair's rating: 1064 &rarr; <strong>1050</strong><br />(-14 for losing)
|raw|Ibaragi Test's rating: 1168 &rarr; <strong>1185</strong><br />(+17 for winning)
