|j|☆RWRU1 GoldCat
|j|☆D3C1B3L
|player|p1|RWRU1 GoldCat|teacher-gen2|1516
|player|p2|D3C1B3L|policeman-gen4|1448
|teamsize|p1|6
|teamsize|p2|6
|gametype|singles
|gen|8
|tier|[Gen 8] RU
|rated|
|clearpoke
|poke|p1|Drampa, M|
|poke|p1|Steelix, M|
|poke|p1|Gastrodon, F|
|poke|p1|Ninetales, F|
|poke|p1|Xatu, M|
|poke|p1|Passimian, M|
|poke|p2|Aromatisse, F|
|poke|p2|Claydol|
|poke|p2|Copperajah, F|
|poke|p2|Musharna, F|
|poke|p2|Arctovish|
|poke|p2|Runerigus, F|
|rule|Sleep Clause Mod: Limit one foe put to sleep
|rule|Species Clause: Limit one of each Pokémon
|rule|OHKO Clause: OHKO moves are banned
|rule|Evasion Moves Clause: Evasion moves are banned
|rule|Endless Battle Clause: Forcing endless battles is banned
|rule|HP Percentage Mod: HP is shown in percentages
|rule|Dynamax Clause: You cannot dynamax
|teampreview
|
|start
|switch|p1a: Drampa|Drampa, M|100/100
|switch|p2a: Claydol|Claydol|100/100
|turn|1
|
|switch|p1a: Xatu|Xatu, M|100/100
|move|p2a: Claydol|Stealth Rock|p1a: Xatu
|move|p1a: Xatu|Stealth Rock|p2a: Claydol|[from]Magic Bounce
|-sidestart|p2: D3C1B3L|move: Stealth Rock
|
|upkeep
|turn|2
|
|move|p1a: Xatu|Teleport|p1a: Xatu
|
|switch|p1a: Drampa|Drampa, M|100/100|[from]move: Teleport
|move|p2a: Claydol|Trick Room|p2a: Claydol
|-fieldstart|move: Trick Room|[of] p2a: Claydol
|
|upkeep
|turn|3
|
|switch|p1a: Xatu|Xatu, M|100/100
|move|p2a: Claydol|Teleport|p2a: Claydol
|
|switch|p2a: Runerigus|Runerigus, F|100/100|[from]move: Teleport
|-damage|p2a: Runerigus|94/100|[from] Stealth Rock
|
|-heal|p2a: Runerigus|100/100|[from] item: Leftovers
|upkeep
|turn|4
|
|move|p2a: Runerigus|Iron Defense|p2a: Runerigus
|-boost|p2a: Runerigus|def|2
|move|p1a: Xatu|Roost||[still]
|-fail|p1a: Xatu|heal
|
|upkeep
|turn|5
|
|move|p2a: Runerigus|Iron Defense|p2a: Runerigus
|-boost|p2a: Runerigus|def|2
|move|p1a: Xatu|Teleport|p1a: Xatu
|
|switch|p1a: Gastrodon|Gastrodon, F|100/100|[from]move: Teleport
|
|upkeep
|turn|6
|
|move|p2a: Runerigus|Body Press|p1a: Gastrodon
|-damage|p1a: Gastrodon|28/100
|move|p1a: Gastrodon|Scald|p2a: Runerigus
|-supereffective|p2a: Runerigus
|-damage|p2a: Runerigus|48/100
|
|-heal|p2a: Runerigus|54/100|[from] item: Leftovers
|-heal|p1a: Gastrodon|34/100|[from] item: Leftovers
|-fieldend|move: Trick Room
|upkeep
|turn|7
|
|move|p1a: Gastrodon|Scald|p2a: Runerigus
|-supereffective|p2a: Runerigus
|-damage|p2a: Runerigus|4/100
|move|p2a: Runerigus|Trick Room|p2a: Runerigus
|-fieldstart|move: Trick Room|[of] p2a: Runerigus
|
|-heal|p2a: Runerigus|10/100|[from] item: Leftovers
|-heal|p1a: Gastrodon|40/100|[from] item: Leftovers
|upkeep
|turn|8
|
|switch|p1a: Xatu|Xatu, M|100/100
|move|p2a: Runerigus|Body Press|p1a: Xatu
|-resisted|p1a: Xatu
|-damage|p1a: Xatu|69/100
|-damage|p2a: Runerigus|0 fnt|[from] item: Rocky Helmet|[of] p1a: Xatu
|faint|p2a: Runerigus
|
|upkeep
|
|switch|p2a: Copperajah|Copperajah, F|100/100
|-damage|p2a: Copperajah|94/100|[from] Stealth Rock
|turn|9
|
|switch|p1a: Gastrodon|Gastrodon, F|40/100
|move|p2a: Copperajah|Heavy Slam|p1a: Gastrodon
|-resisted|p1a: Gastrodon
|-damage|p1a: Gastrodon|2/100
|
|-heal|p1a: Gastrodon|8/100|[from] item: Leftovers
|upkeep
|turn|10
|
|switch|p1a: Ninetales|Ninetales, F|100/100
|-weather|SunnyDay|[from] ability: Drought|[of] p1a: Ninetales
|move|p2a: Copperajah|Heavy Slam|p1a: Ninetales
|-resisted|p1a: Ninetales
|-damage|p1a: Ninetales|22/100
|
|-weather|SunnyDay|[upkeep]
|upkeep
|turn|11
|
|move|p1a: Ninetales|Protect|p1a: Ninetales
|-singleturn|p1a: Ninetales|Protect
|move|p2a: Copperajah|Heavy Slam|p1a: Ninetales
|-activate|p1a: Ninetales|move: Protect
|
|-weather|SunnyDay|[upkeep]
|-fieldend|move: Trick Room
|upkeep
|turn|12
|
|switch|p2a: Claydol|Claydol|100/100
|-damage|p2a: Claydol|94/100|[from] Stealth Rock
|move|p1a: Ninetales|Fire Blast|p2a: Claydol
|-damage|p2a: Claydol|39/100
|
|-weather|SunnyDay|[upkeep]
|upkeep
|turn|13
|
|move|p1a: Ninetales|Fire Blast|p2a: Claydol
|-damage|p2a: Claydol|0 fnt
|faint|p2a: Claydol
|
|-weather|SunnyDay|[upkeep]
|upkeep
|
|switch|p2a: Musharna|Musharna, F|100/100
|-damage|p2a: Musharna|88/100|[from] Stealth Rock
|turn|14
|
|move|p1a: Ninetales|Fire Blast|p2a: Musharna
|-damage|p2a: Musharna|40/100
|move|p2a: Musharna|Trick Room|p2a: Musharna
|-fieldstart|move: Trick Room|[of] p2a: Musharna
|
|-weather|none
|upkeep
|turn|15
|
|switch|p2a: Copperajah|Copperajah, F|94/100
|-damage|p2a: Copperajah|88/100|[from] Stealth Rock
|switch|p1a: Steelix|Steelix, M|100/100
|
|upkeep
|turn|16
|
|move|p1a: Steelix|Earthquake|p2a: Copperajah
|-supereffective|p2a: Copperajah
|-damage|p2a: Copperajah|19/100
|move|p2a: Copperajah|Earthquake|p1a: Steelix
|-supereffective|p1a: Steelix
|-damage|p1a: Steelix|43/100
|
|-heal|p1a: Steelix|49/100|[from] item: Leftovers
|upkeep
|turn|17
|
|switch|p1a: Xatu|Xatu, M|69/100
|move|p2a: Copperajah|Earthquake|p1a: Xatu
|-immune|p1a: Xatu
|
|upkeep
|turn|18
|
|switch|p2a: 1 bite man|Arctovish|100/100
|-damage|p2a: 1 bite man|75/100|[from] Stealth Rock
|move|p1a: Xatu|Heat Wave|p2a: 1 bite man
|-damage|p2a: 1 bite man|55/100
|
|-fieldend|move: Trick Room
|upkeep
|turn|19
|
|move|p1a: Xatu|Psyshock|p2a: 1 bite man
|-damage|p2a: 1 bite man|29/100
|move|p2a: 1 bite man|Freeze-Dry|p1a: Xatu
|-supereffective|p1a: Xatu
|-damage|p1a: Xatu|31/100
|
|upkeep
|turn|20
|
|switch|p2a: Musharna|Musharna, F|40/100
|-damage|p2a: Musharna|28/100|[from] Stealth Rock
|move|p1a: Xatu|Roost|p1a: Xatu
|-heal|p1a: Xatu|81/100
|-singleturn|p1a: Xatu|move: Roost
|
|upkeep
|turn|21
|
|move|p1a: Xatu|Heat Wave|p2a: Musharna
|-damage|p2a: Musharna|10/100
|move|p2a: Musharna|Trick Room|p2a: Musharna
|-fieldstart|move: Trick Room|[of] p2a: Musharna
|
|upkeep
|turn|22
|
|move|p2a: Musharna|Healing Wish|p2a: Musharna
|faint|p2a: Musharna
|move|p1a: Xatu|Teleport|p1a: Xatu
|
|switch|p1a: Steelix|Steelix, M|49/100|[from]move: Teleport
|
|-heal|p1a: Steelix|55/100|[from] item: Leftovers
|upkeep
|
|switch|p2a: 1 bite man|Arctovish|29/100
|-heal|p2a: 1 bite man|100/100|[from] move: Healing Wish
|-damage|p2a: 1 bite man|75/100|[from] Stealth Rock
|turn|23
|
|switch|p1a: Xatu|Xatu, M|81/100
|move|p2a: 1 bite man|Fishious Rend|p1a: Xatu
|-damage|p1a: Xatu|0 fnt
|-damage|p2a: 1 bite man|59/100|[from] item: Rocky Helmet|[of] p1a: Xatu
|faint|p1a: Xatu
|
|upkeep
|
|switch|p1a: Ninetales|Ninetales, F|22/100
|-weather|SunnyDay|[from] ability: Drought|[of] p1a: Ninetales
|turn|24
|
|move|p1a: Ninetales|Protect|p1a: Ninetales
|-singleturn|p1a: Ninetales|Protect
|move|p2a: 1 bite man|Fishious Rend|p1a: Ninetales
|-activate|p1a: Ninetales|move: Protect
|
|-weather|SunnyDay|[upkeep]
|upkeep
|turn|25
|
|switch|p1a: Gastrodon|Gastrodon, F|8/100
|move|p2a: 1 bite man|Fishious Rend|p1a: Gastrodon
|-ability|p1a: Gastrodon|Storm Drain|boost
|-boost|p1a: Gastrodon|spa|1
|
|-weather|SunnyDay|[upkeep]
|-heal|p1a: Gastrodon|14/100|[from] item: Leftovers
|-fieldend|move: Trick Room
|upkeep
|turn|26
|
|switch|p2a: Aromatisse|Aromatisse, F|100/100
|-damage|p2a: Aromatisse|88/100|[from] Stealth Rock
|move|p1a: Gastrodon|Recover|p1a: Gastrodon
|-heal|p1a: Gastrodon|64/100
|
|-weather|SunnyDay|[upkeep]
|-heal|p1a: Gastrodon|70/100|[from] item: Leftovers
|-heal|p2a: Aromatisse|94/100|[from] item: Leftovers
|upkeep
|turn|27
|
|switch|p1a: Steelix|Steelix, M|55/100
|move|p2a: Aromatisse|Trick Room|p2a: Aromatisse
|-fieldstart|move: Trick Room|[of] p2a: Aromatisse
|
|-weather|SunnyDay|[upkeep]
|-heal|p2a: Aromatisse|100/100|[from] item: Leftovers
|-heal|p1a: Steelix|62/100|[from] item: Leftovers
|upkeep
|turn|28
|
|move|p2a: Aromatisse|Wish|p2a: Aromatisse
|move|p1a: Steelix|Earthquake|p2a: Aromatisse
|-damage|p2a: Aromatisse|78/100
|
|-weather|none
|-heal|p2a: Aromatisse|84/100|[from] item: Leftovers
|-heal|p1a: Steelix|68/100|[from] item: Leftovers
|upkeep
|turn|29
|
|switch|p2a: 1 bite man|Arctovish|59/100
|-damage|p2a: 1 bite man|34/100|[from] Stealth Rock
|move|p1a: Steelix|Earthquake|p2a: 1 bite man
|-damage|p2a: 1 bite man|2/100
|
|-heal|p2a: 1 bite man|55/100|[from] move: Wish|[wisher] Aromatisse
|-heal|p1a: Steelix|74/100|[from] item: Leftovers
|upkeep
|turn|30
|
|switch|p1a: Passimian|Passimian, M, shiny|100/100
|move|p2a: 1 bite man|Freeze-Dry|p1a: Passimian
|-damage|p1a: Passimian|72/100
|
|upkeep
|turn|31
|-message|D3C1B3L forfeited.
|
|win|RWRU1 GoldCat
|l|☆D3C1B3L
|raw|RWRU1 GoldCat's rating: 1517 &rarr; <strong>1532</strong><br />(+15 for winning)
|raw|D3C1B3L's rating: 1430 &rarr; <strong>1415</strong><br />(-15 for losing)
|l|☆RWRU1 GoldCat
