|j|☆Buhay
|j|☆VicenteLo98
|t:|1666859166
|gametype|singles
|player|p1|Buhay|hiker-gen4|1071
|player|p2|VicenteLo98|mira|1097
|teamsize|p1|6
|teamsize|p2|6
|gen|8
|tier|[Gen 8] RU
|rated|
|rule|Sleep Clause Mod: Limit one foe put to sleep
|rule|Species Clause: Limit one of each Pokémon
|rule|OHKO Clause: OHKO moves are banned
|rule|Evasion Items Clause: Evasion items are banned
|rule|Evasion Moves Clause: Evasion moves are banned
|rule|Endless Battle Clause: Forcing endless battles is banned
|rule|HP Percentage Mod: HP is shown in percentages
|rule|Dynamax Clause: You cannot dynamax
|clearpoke
|poke|p1|Machamp, M|
|poke|p1|Bronzong|
|poke|p1|Cloyster, F|
|poke|p1|Togekiss, F|
|poke|p1|Flygon, M|
|poke|p1|Raikou|
|poke|p2|Umbreon, M|
|poke|p2|Quagsire, M|
|poke|p2|Reuniclus, M|
|poke|p2|Crobat, M|
|poke|p2|Registeel|
|poke|p2|Guzzlord|
|teampreview
|
|t:|1666859177
|start
|switch|p1a: Bronzong|Bronzong|100/100
|switch|p2a: Registeel|Registeel|100/100
|turn|1
|
|t:|1666859185
|move|p2a: Registeel|Stealth Rock|p1a: Bronzong
|-sidestart|p1: Buhay|move: Stealth Rock
|move|p1a: Bronzong|Stealth Rock|p2a: Registeel
|-sidestart|p2: VicenteLo98|move: Stealth Rock
|
|upkeep
|turn|2
|
|t:|1666859200
|move|p2a: Registeel|Seismic Toss|p1a: Bronzong
|-damage|p1a: Bronzong|64/100
|move|p1a: Bronzong|Gyro Ball|p2a: Registeel
|-resisted|p2a: Registeel
|-damage|p2a: Registeel|95/100
|
|-heal|p2a: Registeel|100/100|[from] item: Leftovers
|-heal|p1a: Bronzong|70/100|[from] item: Leftovers
|upkeep
|turn|3
|
|t:|1666859210
|move|p2a: Registeel|Seismic Toss|p1a: Bronzong
|-damage|p1a: Bronzong|34/100
|move|p1a: Bronzong|Earthquake|p2a: Registeel
|-supereffective|p2a: Registeel
|-damage|p2a: Registeel|74/100
|
|-heal|p2a: Registeel|80/100|[from] item: Leftovers
|-heal|p1a: Bronzong|40/100|[from] item: Leftovers
|upkeep
|turn|4
|
|t:|1666859228
|switch|p1a: Flygon|Flygon, M|100/100
|-damage|p1a: Flygon|95/100|[from] Stealth Rock
|move|p2a: Registeel|Seismic Toss|p1a: Flygon
|-damage|p1a: Flygon|61/100
|
|-heal|p2a: Registeel|86/100|[from] item: Leftovers
|upkeep
|turn|5
|
|t:|1666859240
|move|p1a: Flygon|Stone Edge|p2a: Registeel
|-resisted|p2a: Registeel
|-damage|p2a: Registeel|72/100
|move|p2a: Registeel|Seismic Toss|p1a: Flygon
|-damage|p1a: Flygon|28/100
|
|-heal|p2a: Registeel|78/100|[from] item: Leftovers
|upkeep
|turn|6
|
|t:|1666859251
|switch|p1a: Machamp|Machamp, M|100/100
|-damage|p1a: Machamp|94/100|[from] Stealth Rock
|move|p2a: Registeel|Toxic|p1a: Machamp
|-status|p1a: Machamp|tox
|
|-heal|p2a: Registeel|84/100|[from] item: Leftovers
|-damage|p1a: Machamp|88/100 tox|[from] psn
|upkeep
|turn|7
|
|t:|1666859261
|switch|p2a: Crobat|Crobat, M|100/100
|move|p1a: Machamp|Close Combat|p2a: Crobat
|-resisted|p2a: Crobat
|-crit|p2a: Crobat
|-damage|p2a: Crobat|58/100
|-unboost|p1a: Machamp|def|1
|-unboost|p1a: Machamp|spd|1
|
|-damage|p1a: Machamp|76/100 tox|[from] psn
|upkeep
|turn|8
|
|t:|1666859279
|switch|p1a: Raikou|Raikou|100/100
|move|p2a: Crobat|Brave Bird|p1a: Raikou
|-resisted|p1a: Raikou
|-damage|p1a: Raikou|74/100
|-damage|p2a: Crobat|50/100|[from] Recoil
|
|upkeep
|turn|9
|
|t:|1666859315
|switch|p2a: Quagsire|Quagsire, M|100/100
|move|p1a: Raikou|Scald|p2a: Quagsire
|-damage|p2a: Quagsire|69/100
|
|upkeep
|turn|10
|
|t:|1666859324
|move|p1a: Raikou|Toxic|p2a: Quagsire
|-status|p2a: Quagsire|tox
|move|p2a: Quagsire|Recover|p2a: Quagsire
|-heal|p2a: Quagsire|100/100 tox
|
|-damage|p2a: Quagsire|94/100 tox|[from] psn
|upkeep
|turn|11
|
|t:|1666859341
|switch|p1a: Togekiss|Togekiss, F|100/100
|move|p2a: Quagsire|Scald|p1a: Togekiss
|-damage|p1a: Togekiss|80/100
|
|-damage|p2a: Quagsire|82/100 tox|[from] psn
|upkeep
|turn|12
|
|t:|1666859352
|switch|p2a: Registeel|Registeel|84/100
|-damage|p2a: Registeel|78/100|[from] Stealth Rock
|move|p1a: Togekiss|Air Slash|p2a: Registeel
|-resisted|p2a: Registeel
|-damage|p2a: Registeel|71/100
|
|-heal|p2a: Registeel|77/100|[from] item: Leftovers
|upkeep
|turn|13
|
|t:|1666859369
|switch|p1a: Bronzong|Bronzong|40/100
|-damage|p1a: Bronzong|34/100|[from] Stealth Rock
|move|p2a: Registeel|Toxic|p1a: Bronzong
|-immune|p1a: Bronzong
|
|-heal|p2a: Registeel|83/100|[from] item: Leftovers
|-heal|p1a: Bronzong|40/100|[from] item: Leftovers
|upkeep
|turn|14
|
|t:|1666859379
|move|p2a: Registeel|Seismic Toss|p1a: Bronzong
|-damage|p1a: Bronzong|4/100
|move|p1a: Bronzong|Earthquake|p2a: Registeel
|-supereffective|p2a: Registeel
|-damage|p2a: Registeel|55/100
|
|-heal|p2a: Registeel|61/100|[from] item: Leftovers
|-heal|p1a: Bronzong|10/100|[from] item: Leftovers
|upkeep
|turn|15
|
|t:|1666859389
|switch|p1a: Machamp|Machamp, M|76/100 tox
|-damage|p1a: Machamp|69/100 tox|[from] Stealth Rock
|move|p2a: Registeel|Seismic Toss|p1a: Machamp
|-damage|p1a: Machamp|38/100 tox
|
|-heal|p2a: Registeel|67/100|[from] item: Leftovers
|-damage|p1a: Machamp|32/100 tox|[from] psn
|upkeep
|turn|16
|
|t:|1666859418
|switch|p2a: Reuniclus|Reuniclus, M|100/100
|move|p1a: Machamp|Knock Off|p2a: Reuniclus
|-supereffective|p2a: Reuniclus
|-enditem|p2a: Reuniclus|Colbur Berry|[eat]
|-enditem|p2a: Reuniclus|Colbur Berry|[weaken]
|-damage|p2a: Reuniclus|62/100
|
|-damage|p1a: Machamp|20/100 tox|[from] psn
|upkeep
|turn|17
|
|t:|1666859433
|move|p1a: Machamp|Facade|p2a: Reuniclus
|-damage|p2a: Reuniclus|10/100
|move|p2a: Reuniclus|Recover|p2a: Reuniclus
|-heal|p2a: Reuniclus|60/100
|
|-damage|p1a: Machamp|1/100 tox|[from] psn
|upkeep
|turn|18
|
|t:|1666859443
|switch|p2a: Registeel|Registeel|67/100
|-damage|p2a: Registeel|61/100|[from] Stealth Rock
|move|p1a: Machamp|Knock Off|p2a: Registeel
|-damage|p2a: Registeel|22/100
|-enditem|p2a: Registeel|Leftovers|[from] move: Knock Off|[of] p1a: Machamp
|
|-damage|p1a: Machamp|0 fnt|[from] psn
|faint|p1a: Machamp
|upkeep
|
|t:|1666859455
|switch|p1a: Flygon|Flygon, M|28/100
|-damage|p1a: Flygon|22/100|[from] Stealth Rock
|turn|19
|
|t:|1666859465
|switch|p2a: Crobat|Crobat, M|50/100
|move|p1a: Flygon|Earthquake|p2a: Crobat
|-immune|p2a: Crobat
|
|upkeep
|turn|20
|
|t:|1666859478
|switch|p1a: Raikou|Raikou|74/100
|move|p2a: Crobat|Roost|p2a: Crobat
|-heal|p2a: Crobat|99/100
|-singleturn|p2a: Crobat|move: Roost
|
|upkeep
|turn|21
|
|t:|1666859489
|switch|p2a: Guzzlord|Guzzlord|100/100
|-damage|p2a: Guzzlord|88/100|[from] Stealth Rock
|move|p1a: Raikou|Thunderbolt|p2a: Guzzlord
|-resisted|p2a: Guzzlord
|-damage|p2a: Guzzlord|76/100
|
|-heal|p2a: Guzzlord|83/100|[from] item: Leftovers
|upkeep
|turn|22
|
|t:|1666859499
|move|p1a: Raikou|Toxic|p2a: Guzzlord
|-status|p2a: Guzzlord|tox
|move|p2a: Guzzlord|Knock Off|p1a: Raikou
|-damage|p1a: Raikou|28/100
|-enditem|p1a: Raikou|Heavy-Duty Boots|[from] move: Knock Off|[of] p2a: Guzzlord
|
|-heal|p2a: Guzzlord|89/100 tox|[from] item: Leftovers
|-damage|p2a: Guzzlord|83/100 tox|[from] psn
|upkeep
|turn|23
|
|t:|1666859511
|move|p1a: Raikou|Thunderbolt|p2a: Guzzlord
|-resisted|p2a: Guzzlord
|-damage|p2a: Guzzlord|70/100 tox
|move|p2a: Guzzlord|Toxic|p1a: Raikou|[miss]
|-miss|p2a: Guzzlord|p1a: Raikou
|
|-heal|p2a: Guzzlord|77/100 tox|[from] item: Leftovers
|-damage|p2a: Guzzlord|64/100 tox|[from] psn
|upkeep
|turn|24
|
|t:|1666859520
|move|p1a: Raikou|Volt Switch|p2a: Guzzlord
|-resisted|p2a: Guzzlord
|-damage|p2a: Guzzlord|55/100 tox
|
|t:|1666859525
|switch|p1a: Togekiss|Togekiss, F|80/100|[from]move: Volt Switch
|move|p2a: Guzzlord|Toxic|p1a: Togekiss
|-status|p1a: Togekiss|tox
|
|-heal|p2a: Guzzlord|61/100 tox|[from] item: Leftovers
|-damage|p1a: Togekiss|74/100 tox|[from] psn
|-damage|p2a: Guzzlord|43/100 tox|[from] psn
|upkeep
|turn|25
|
|t:|1666859535
|switch|p2a: Crobat|Crobat, M|99/100
|move|p1a: Togekiss|Heal Bell|p1a: Togekiss
|-activate|p1a: Togekiss|move: Heal Bell
|-curestatus|p1a: Togekiss|tox|[msg]
|
|upkeep
|turn|26
|
|t:|1666859543
|move|p2a: Crobat|Brave Bird|p1a: Togekiss
|-damage|p1a: Togekiss|39/100
|-damage|p2a: Crobat|91/100|[from] Recoil
|move|p1a: Togekiss|Air Slash|p2a: Crobat
|-damage|p2a: Crobat|55/100
|
|upkeep
|turn|27
|
|t:|1666859556
|move|p2a: Crobat|Brave Bird|p1a: Togekiss
|-damage|p1a: Togekiss|3/100
|-damage|p2a: Crobat|45/100|[from] Recoil
|move|p1a: Togekiss|Roost|p1a: Togekiss
|-heal|p1a: Togekiss|53/100
|-singleturn|p1a: Togekiss|move: Roost
|
|upkeep
|turn|28
|
|t:|1666859565
|switch|p1a: Raikou|Raikou|28/100
|-damage|p1a: Raikou|15/100|[from] Stealth Rock
|move|p2a: Crobat|Roost|p2a: Crobat
|-heal|p2a: Crobat|95/100
|-singleturn|p2a: Crobat|move: Roost
|
|upkeep
|turn|29
|
|t:|1666859590
|move|p2a: Crobat|Brave Bird|p1a: Raikou
|-resisted|p1a: Raikou
|-damage|p1a: Raikou|0 fnt
|faint|p1a: Raikou
|-damage|p2a: Crobat|91/100|[from] Recoil
|
|upkeep
|
|t:|1666859600
|switch|p1a: Cloyster|Cloyster, F|100/100
|turn|30
|
|t:|1666859615
|move|p2a: Crobat|Brave Bird|p1a: Cloyster
|-damage|p1a: Cloyster|66/100
|-damage|p2a: Crobat|84/100|[from] Recoil
|move|p1a: Cloyster|Icicle Spear|p2a: Crobat
|-supereffective|p2a: Crobat
|-damage|p2a: Crobat|56/100
|-supereffective|p2a: Crobat
|-damage|p2a: Crobat|31/100
|-supereffective|p2a: Crobat
|-damage|p2a: Crobat|7/100
|-supereffective|p2a: Crobat
|-damage|p2a: Crobat|0 fnt
|faint|p2a: Crobat
|-hitcount|p2: Crobat|4
|
|upkeep
|
|t:|1666859630
|switch|p2a: Reuniclus|Reuniclus, M|60/100
|turn|31
|
|t:|1666859642
|move|p1a: Cloyster|Icicle Spear|p2a: Reuniclus
|-damage|p2a: Reuniclus|52/100
|-damage|p2a: Reuniclus|44/100
|-damage|p2a: Reuniclus|35/100
|-damage|p2a: Reuniclus|26/100
|-damage|p2a: Reuniclus|19/100
|-hitcount|p2a: Reuniclus|5
|move|p2a: Reuniclus|Focus Blast|p1a: Cloyster
|-supereffective|p1a: Cloyster
|-damage|p1a: Cloyster|0 fnt
|faint|p1a: Cloyster
|
|upkeep
|
|t:|1666859656
|switch|p1a: Togekiss|Togekiss, F|53/100
|turn|32
|
|t:|1666859659
|move|p1a: Togekiss|Air Slash|p2a: Reuniclus
|-damage|p2a: Reuniclus|0 fnt
|faint|p2a: Reuniclus
|
|upkeep
|
|t:|1666859666
|switch|p2a: Registeel|Registeel|22/100
|-damage|p2a: Registeel|16/100|[from] Stealth Rock
|turn|33
|
|t:|1666859671
|move|p1a: Togekiss|Wish|p1a: Togekiss
|move|p2a: Registeel|Rest|p2a: Registeel
|-status|p2a: Registeel|slp|[from] move: Rest
|-heal|p2a: Registeel|100/100 slp|[silent]
|
|upkeep
|turn|34
|
|t:|1666859685
|switch|p1a: Bronzong|Bronzong|10/100
|-damage|p1a: Bronzong|4/100|[from] Stealth Rock
|switch|p2a: Umbreon|Umbreon, M|100/100
|
|-heal|p1a: Bronzong|60/100|[from] move: Wish|[wisher] Togekiss
|-heal|p1a: Bronzong|66/100|[from] item: Leftovers
|upkeep
|turn|35
|
|t:|1666859696
|move|p2a: Umbreon|Heal Bell|p2a: Umbreon
|-activate|p2a: Umbreon|move: Heal Bell
|-curestatus|p2: Quagsire|tox|[msg]
|-curestatus|p2: Registeel|slp|[msg]
|-curestatus|p2: Guzzlord|tox|[msg]
|move|p1a: Bronzong|Gyro Ball|p2a: Umbreon
|-damage|p2a: Umbreon|81/100
|
|-heal|p1a: Bronzong|73/100|[from] item: Leftovers
|upkeep
|turn|36
|
|t:|1666859706
|move|p2a: Umbreon|Wish|p2a: Umbreon
|move|p1a: Bronzong|Earthquake|p2a: Umbreon
|-damage|p2a: Umbreon|63/100
|
|-heal|p1a: Bronzong|79/100|[from] item: Leftovers
|upkeep
|turn|37
|
|t:|1666859713
|move|p2a: Umbreon|Foul Play|p1a: Bronzong
|-supereffective|p1a: Bronzong
|-damage|p1a: Bronzong|24/100
|move|p1a: Bronzong|Toxic|p2a: Umbreon
|-status|p2a: Umbreon|tox
|-activate|p2a: Umbreon|ability: Synchronize
|-immune|p1a: Bronzong
|
|-heal|p2a: Umbreon|100/100 tox|[from] move: Wish|[wisher] Umbreon
|-heal|p1a: Bronzong|30/100|[from] item: Leftovers
|-damage|p2a: Umbreon|94/100 tox|[from] psn
|upkeep
|turn|38
|
|t:|1666859728
|switch|p1a: Togekiss|Togekiss, F|53/100
|move|p2a: Umbreon|Wish|p2a: Umbreon
|
|-damage|p2a: Umbreon|82/100 tox|[from] psn
|upkeep
|turn|39
|
|t:|1666859742
|switch|p2a: Guzzlord|Guzzlord|43/100
|-damage|p2a: Guzzlord|30/100|[from] Stealth Rock
|move|p1a: Togekiss|Air Slash|p2a: Guzzlord
|-damage|p2a: Guzzlord|14/100
|
|-heal|p2a: Guzzlord|44/100|[from] move: Wish|[wisher] Umbreon
|-heal|p2a: Guzzlord|50/100|[from] item: Leftovers
|upkeep
|turn|40
|
|t:|1666859753
|move|p1a: Togekiss|Wish|p1a: Togekiss
|move|p2a: Guzzlord|Rest|p2a: Guzzlord
|-status|p2a: Guzzlord|slp|[from] move: Rest
|-heal|p2a: Guzzlord|100/100 slp|[silent]
|
|upkeep
|turn|41
|
|t:|1666859762
|switch|p1a: Flygon|Flygon, M|22/100
|-damage|p1a: Flygon|16/100|[from] Stealth Rock
|cant|p2a: Guzzlord|slp
|move|p2a: Guzzlord|Sleep Talk|p2a: Guzzlord
|move|p2a: Guzzlord|Knock Off|p1a: Flygon|[from]move: Sleep Talk
|-damage|p1a: Flygon|0 fnt
|-enditem|p1a: Flygon|Choice Band|[from] move: Knock Off|[of] p2a: Guzzlord
|faint|p1a: Flygon
|-ability|p2a: Guzzlord|Beast Boost|boost
|-boost|p2a: Guzzlord|atk|1
|
|upkeep
|
|t:|1666859774
|switch|p1a: Togekiss|Togekiss, F|53/100
|turn|42
|
|t:|1666859779
|move|p1a: Togekiss|Wish|p1a: Togekiss
|cant|p2a: Guzzlord|slp
|move|p2a: Guzzlord|Sleep Talk|p2a: Guzzlord
|move|p2a: Guzzlord|Rest||[from]move: Sleep Talk|[still]
|-fail|p2a: Guzzlord
|
|upkeep
|turn|43
|
|t:|1666859786
|switch|p1a: Bronzong|Bronzong|30/100
|-damage|p1a: Bronzong|24/100|[from] Stealth Rock
|-curestatus|p2a: Guzzlord|slp|[msg]
|move|p2a: Guzzlord|Knock Off|p1a: Bronzong
|-supereffective|p1a: Bronzong
|-damage|p1a: Bronzong|0 fnt
|-enditem|p1a: Bronzong|Leftovers|[from] move: Knock Off|[of] p2a: Guzzlord
|faint|p1a: Bronzong
|-ability|p2a: Guzzlord|Beast Boost|boost
|-boost|p2a: Guzzlord|atk|1
|
|upkeep
|c|☆VicenteLo98|gg
|
|t:|1666859797
|switch|p1a: Togekiss|Togekiss, F|53/100
|turn|44
|
|t:|1666859801
|move|p1a: Togekiss|Air Slash|p2a: Guzzlord
|-damage|p2a: Guzzlord|83/100
|move|p2a: Guzzlord|Toxic|p1a: Togekiss
|-status|p1a: Togekiss|tox
|
|-heal|p2a: Guzzlord|90/100|[from] item: Leftovers
|-damage|p1a: Togekiss|47/100 tox|[from] psn
|upkeep
|turn|45
|
|t:|1666859810
|move|p1a: Togekiss|Air Slash|p2a: Guzzlord
|-damage|p2a: Guzzlord|71/100
|cant|p2a: Guzzlord|flinch
|
|-heal|p2a: Guzzlord|78/100|[from] item: Leftovers
|-damage|p1a: Togekiss|35/100 tox|[from] psn
|upkeep
|turn|46
|
|t:|1666859818
|move|p1a: Togekiss|Heal Bell|p1a: Togekiss
|-activate|p1a: Togekiss|move: Heal Bell
|-curestatus|p1a: Togekiss|tox|[msg]
|move|p2a: Guzzlord|Knock Off|p1a: Togekiss
|-resisted|p1a: Togekiss
|-damage|p1a: Togekiss|6/100
|-enditem|p1a: Togekiss|Heavy-Duty Boots|[from] move: Knock Off|[of] p2a: Guzzlord
|
|-heal|p2a: Guzzlord|84/100|[from] item: Leftovers
|upkeep
|turn|47
|
|t:|1666859830
|move|p1a: Togekiss|Air Slash|p2a: Guzzlord
|-crit|p2a: Guzzlord
|-damage|p2a: Guzzlord|57/100
|cant|p2a: Guzzlord|flinch
|
|-heal|p2a: Guzzlord|63/100|[from] item: Leftovers
|upkeep
|turn|48
|
|t:|1666859837
|move|p1a: Togekiss|Air Slash|p2a: Guzzlord
|-damage|p2a: Guzzlord|47/100
|cant|p2a: Guzzlord|flinch
|
|-heal|p2a: Guzzlord|54/100|[from] item: Leftovers
|upkeep
|turn|49
|
|t:|1666859844
|move|p1a: Togekiss|Air Slash|p2a: Guzzlord
|-damage|p2a: Guzzlord|36/100
|cant|p2a: Guzzlord|flinch
|
|-heal|p2a: Guzzlord|42/100|[from] item: Leftovers
|upkeep
|turn|50
|
|t:|1666859850
|move|p1a: Togekiss|Roost|p1a: Togekiss
|-heal|p1a: Togekiss|56/100
|-singleturn|p1a: Togekiss|move: Roost
|move|p2a: Guzzlord|Knock Off|p1a: Togekiss
|-resisted|p1a: Togekiss
|-damage|p1a: Togekiss|36/100
|
|-heal|p2a: Guzzlord|49/100|[from] item: Leftovers
|upkeep
|turn|51
|
|t:|1666859859
|move|p1a: Togekiss|Air Slash|p2a: Guzzlord
|-damage|p2a: Guzzlord|30/100
|cant|p2a: Guzzlord|flinch
|
|-heal|p2a: Guzzlord|37/100|[from] item: Leftovers
|upkeep
|turn|52
|
|t:|1666859865
|move|p1a: Togekiss|Air Slash|p2a: Guzzlord
|-damage|p2a: Guzzlord|20/100
|cant|p2a: Guzzlord|flinch
|
|-heal|p2a: Guzzlord|27/100|[from] item: Leftovers
|upkeep
|turn|53
|
|t:|1666859871
|move|p1a: Togekiss|Air Slash|p2a: Guzzlord
|-crit|p2a: Guzzlord
|-damage|p2a: Guzzlord|1/100
|cant|p2a: Guzzlord|flinch
|
|-heal|p2a: Guzzlord|7/100|[from] item: Leftovers
|upkeep
|turn|54
|
|t:|1666859878
|move|p1a: Togekiss|Air Slash|p2a: Guzzlord
|-damage|p2a: Guzzlord|0 fnt
|faint|p2a: Guzzlord
|
|upkeep
|
|t:|1666859880
|switch|p2a: Registeel|Registeel|100/100
|-damage|p2a: Registeel|94/100|[from] Stealth Rock
|turn|55
|
|t:|1666859886
|move|p1a: Togekiss|Roost|p1a: Togekiss
|-heal|p1a: Togekiss|86/100
|-singleturn|p1a: Togekiss|move: Roost
|move|p2a: Registeel|Toxic|p1a: Togekiss
|-status|p1a: Togekiss|tox
|
|-damage|p1a: Togekiss|80/100 tox|[from] psn
|upkeep
|turn|56
|
|t:|1666859895
|move|p1a: Togekiss|Air Slash|p2a: Registeel
|-resisted|p2a: Registeel
|-damage|p2a: Registeel|87/100
|cant|p2a: Registeel|flinch
|
|-damage|p1a: Togekiss|67/100 tox|[from] psn
|upkeep
|turn|57
|
|t:|1666859901
|move|p1a: Togekiss|Heal Bell|p1a: Togekiss
|-activate|p1a: Togekiss|move: Heal Bell
|-curestatus|p1a: Togekiss|tox|[msg]
|move|p2a: Registeel|Seismic Toss|p1a: Togekiss
|-damage|p1a: Togekiss|35/100
|
|upkeep
|turn|58
|inactive|Battle timer is ON: inactive players will automatically lose when time's up. (requested by VicenteLo98)
|
|t:|1666859920
|move|p1a: Togekiss|Air Slash|p2a: Registeel
|-resisted|p2a: Registeel
|-damage|p2a: Registeel|79/100
|cant|p2a: Registeel|flinch
|
|upkeep
|turn|59
|
|t:|1666859928
|move|p1a: Togekiss|Heal Bell||[still]
|-activate|p1a: Togekiss|move: Heal Bell
|-fail|p1a: Togekiss
|move|p2a: Registeel|Toxic|p1a: Togekiss
|-status|p1a: Togekiss|tox
|
|-damage|p1a: Togekiss|29/100 tox|[from] psn
|upkeep
|turn|60
|
|t:|1666859952
|move|p1a: Togekiss|Air Slash|p2a: Registeel
|-resisted|p2a: Registeel
|-damage|p2a: Registeel|71/100
|cant|p2a: Registeel|flinch
|
|-damage|p1a: Togekiss|17/100 tox|[from] psn
|upkeep
|turn|61
|-message|Buhay forfeited.
|
|win|VicenteLo98
|raw|Buhay's rating: 1071 &rarr; <strong>1052</strong><br />(-19 for losing)
|raw|VicenteLo98's rating: 1097 &rarr; <strong>1121</strong><br />(+24 for winning)
|l|☆Buhay
