|j|☆Dollarsalt
|j|☆Robjr
|player|p1|Dollarsalt|pokekid|
|player|p2|Robjr|2|
|teamsize|p1|6
|teamsize|p2|6
|gametype|singles
|gen|8
|tier|[Gen 8] RU
|clearpoke
|poke|p1|Vileplume, F|
|poke|p1|Gigalith, M|
|poke|p1|Sableye, M|
|poke|p1|Vaporeon, F|
|poke|p1|Salazzle, F|
|poke|p1|Xatu, F|
|poke|p2|Sigilyph, F|
|poke|p2|Roserade, F|
|poke|p2|Jellicent, F|
|poke|p2|Mudsdale, M|
|poke|p2|Passimian, M|
|poke|p2|Snorlax, M|
|rule|Sleep Clause Mod: Limit one foe put to sleep
|rule|Species Clause: Limit one of each Pokémon
|rule|OHKO Clause: OHKO moves are banned
|rule|Evasion Moves Clause: Evasion moves are banned
|rule|Endless Battle Clause: Forcing endless battles is banned
|rule|HP Percentage Mod: HP is shown in percentages
|rule|Dynamax Clause: You cannot dynamax
|teampreview
|c|☆Robjr|hf
|c|☆Dollarsalt|U2
|
|start
|switch|p1a: Sableye|Sableye, M|100/100
|switch|p2a: Roserade|Roserade, F|100/100
|turn|1
|inactive|Battle timer is ON: inactive players will automatically lose when time's up. (requested by Robjr)
|inactive|Dollarsalt has 270 seconds left.
|inactive|Dollarsalt has 240 seconds left.
|
|move|p2a: Roserade|Leaf Storm|p1a: Sableye
|-damage|p1a: Sableye|0 fnt
|-unboost|p2a: Roserade|spa|2
|-damage|p2a: Roserade|91/100|[from] item: Life Orb
|faint|p1a: Sableye
|
|upkeep
|
|switch|p1a: Gigalith|Gigalith, M|100/100
|-weather|Sandstorm|[from] ability: Sand Stream|[of] p1a: Gigalith
|turn|2
|
|switch|p2a: Mudsdale|Mudsdale, M|100/100
|move|p1a: Gigalith|Stealth Rock|p2a: Mudsdale
|-sidestart|p2: Robjr|move: Stealth Rock
|
|-weather|Sandstorm|[upkeep]
|upkeep
|turn|3
|
|switch|p1a: Xatu|Xatu, F|100/100
|move|p2a: Mudsdale|Rock Slide|p1a: Xatu
|-supereffective|p1a: Xatu
|-damage|p1a: Xatu|45/100
|
|-weather|Sandstorm|[upkeep]
|-damage|p1a: Xatu|39/100|[from] Sandstorm
|upkeep
|turn|4
|
|move|p1a: Xatu|Roost|p1a: Xatu
|-heal|p1a: Xatu|89/100
|-singleturn|p1a: Xatu|move: Roost
|move|p2a: Mudsdale|Earthquake|p1a: Xatu
|-damage|p1a: Xatu|30/100
|
|-weather|Sandstorm|[upkeep]
|-damage|p1a: Xatu|24/100|[from] Sandstorm
|upkeep
|turn|5
|
|move|p1a: Xatu|Roost|p1a: Xatu
|-heal|p1a: Xatu|74/100
|-singleturn|p1a: Xatu|move: Roost
|move|p2a: Mudsdale|Rock Slide|p1a: Xatu
|-damage|p1a: Xatu|44/100
|
|-weather|Sandstorm|[upkeep]
|-damage|p1a: Xatu|38/100|[from] Sandstorm
|upkeep
|turn|6
|
|move|p1a: Xatu|Roost|p1a: Xatu
|-heal|p1a: Xatu|88/100
|-singleturn|p1a: Xatu|move: Roost
|move|p2a: Mudsdale|Earthquake|p1a: Xatu
|-damage|p1a: Xatu|36/100
|
|-weather|none
|upkeep
|turn|7
|
|move|p1a: Xatu|Roost|p1a: Xatu
|-heal|p1a: Xatu|86/100
|-singleturn|p1a: Xatu|move: Roost
|move|p2a: Mudsdale|Earthquake|p1a: Xatu
|-damage|p1a: Xatu|29/100
|
|upkeep
|turn|8
|
|move|p1a: Xatu|Roost|p1a: Xatu
|-heal|p1a: Xatu|79/100
|-singleturn|p1a: Xatu|move: Roost
|move|p2a: Mudsdale|Earthquake|p1a: Xatu
|-damage|p1a: Xatu|18/100
|
|upkeep
|turn|9
|
|move|p1a: Xatu|Psychic|p2a: Mudsdale
|-crit|p2a: Mudsdale
|-damage|p2a: Mudsdale|60/100
|-ability|p2a: Mudsdale|Stamina|boost
|-boost|p2a: Mudsdale|def|1
|move|p2a: Mudsdale|Earthquake|p1a: Xatu
|-immune|p1a: Xatu
|
|-heal|p2a: Mudsdale|66/100|[from] item: Leftovers
|upkeep
|turn|10
|
|move|p1a: Xatu|Roost|p1a: Xatu
|-heal|p1a: Xatu|68/100
|-singleturn|p1a: Xatu|move: Roost
|move|p2a: Mudsdale|Earthquake|p1a: Xatu
|-damage|p1a: Xatu|14/100
|
|-heal|p2a: Mudsdale|72/100|[from] item: Leftovers
|upkeep
|turn|11
|
|move|p1a: Xatu|Roost|p1a: Xatu
|-heal|p1a: Xatu|64/100
|-singleturn|p1a: Xatu|move: Roost
|move|p2a: Mudsdale|Rock Slide|p1a: Xatu
|-crit|p1a: Xatu
|-damage|p1a: Xatu|19/100
|
|-heal|p2a: Mudsdale|78/100|[from] item: Leftovers
|upkeep
|turn|12
|
|move|p1a: Xatu|Psychic|p2a: Mudsdale
|-damage|p2a: Mudsdale|51/100
|-ability|p2a: Mudsdale|Stamina|boost
|-boost|p2a: Mudsdale|def|1
|-unboost|p2a: Mudsdale|spd|1
|move|p2a: Mudsdale|Rock Slide|p1a: Xatu
|-supereffective|p1a: Xatu
|-damage|p1a: Xatu|0 fnt
|faint|p1a: Xatu
|
|-heal|p2a: Mudsdale|57/100|[from] item: Leftovers
|upkeep
|
|switch|p1a: Salazzle|Salazzle, F|100/100
|turn|13
|
|switch|p2a: Snorlax|Snorlax, M, shiny|100/100
|-damage|p2a: Snorlax|88/100|[from] Stealth Rock
|move|p1a: Salazzle|Flamethrower|p2a: Snorlax
|-damage|p2a: Snorlax|80/100
|
|-heal|p2a: Snorlax|86/100|[from] item: Leftovers
|upkeep
|turn|14
|
|switch|p1a: Gigalith|Gigalith, M|100/100
|-weather|Sandstorm|[from] ability: Sand Stream|[of] p1a: Gigalith
|move|p2a: Snorlax|Body Slam|p1a: Gigalith
|-resisted|p1a: Gigalith
|-damage|p1a: Gigalith|90/100
|
|-weather|Sandstorm|[upkeep]
|-damage|p2a: Snorlax|80/100|[from] Sandstorm
|-heal|p2a: Snorlax|86/100|[from] item: Leftovers
|-heal|p1a: Gigalith|96/100|[from] item: Leftovers
|upkeep
|turn|15
|
|switch|p1a: Vileplume|Vileplume, F|100/100
|move|p2a: Snorlax|Body Slam|p1a: Vileplume
|-damage|p1a: Vileplume|76/100
|
|-weather|Sandstorm|[upkeep]
|-damage|p1a: Vileplume|70/100|[from] Sandstorm
|-damage|p2a: Snorlax|80/100|[from] Sandstorm
|-heal|p1a: Vileplume|76/100|[from] item: Black Sludge
|-heal|p2a: Snorlax|86/100|[from] item: Leftovers
|upkeep
|turn|16
|
|switch|p1a: Gigalith|Gigalith, M|96/100
|move|p2a: Snorlax|Body Slam|p1a: Gigalith
|-resisted|p1a: Gigalith
|-damage|p1a: Gigalith|87/100
|
|-weather|Sandstorm|[upkeep]
|-damage|p2a: Snorlax|80/100|[from] Sandstorm
|-heal|p2a: Snorlax|86/100|[from] item: Leftovers
|-heal|p1a: Gigalith|93/100|[from] item: Leftovers
|upkeep
|turn|17
|
|switch|p2a: Mudsdale|Mudsdale, M|57/100
|-damage|p2a: Mudsdale|51/100|[from] Stealth Rock
|move|p1a: Gigalith|Superpower|p2a: Mudsdale
|-damage|p2a: Mudsdale|29/100
|-ability|p2a: Mudsdale|Stamina|boost
|-boost|p2a: Mudsdale|def|1
|-unboost|p1a: Gigalith|atk|1
|-unboost|p1a: Gigalith|def|1
|
|-weather|Sandstorm|[upkeep]
|-heal|p2a: Mudsdale|35/100|[from] item: Leftovers
|-heal|p1a: Gigalith|99/100|[from] item: Leftovers
|upkeep
|turn|18
|
|switch|p1a: Vaporeon|Vaporeon, F|100/100
|move|p2a: Mudsdale|Stealth Rock|p1a: Vaporeon
|-sidestart|p1: Dollarsalt|move: Stealth Rock
|
|-weather|none
|-heal|p2a: Mudsdale|41/100|[from] item: Leftovers
|upkeep
|turn|19
|
|switch|p2a: Roserade|Roserade, F|91/100
|-damage|p2a: Roserade|78/100|[from] Stealth Rock
|move|p1a: Vaporeon|Wish|p1a: Vaporeon
|
|upkeep
|turn|20
|
|switch|p1a: Vileplume|Vileplume, F|76/100
|-damage|p1a: Vileplume|64/100|[from] Stealth Rock
|move|p2a: Roserade|Extrasensory|p1a: Vileplume
|-supereffective|p1a: Vileplume
|-damage|p1a: Vileplume|0 fnt
|-damage|p2a: Roserade|68/100|[from] item: Life Orb
|faint|p1a: Vileplume
|
|upkeep
|-message|Dollarsalt forfeited.
|
|win|Robjr
|c|☆Robjr|gg
|l|☆Dollarsalt
