|j|☆cherif18
|j|☆Testinganteater
|t:|1624472036
|gametype|singles
|player|p1|cherif18|170|1181
|player|p2|Testinganteater|palmer|1412
|teamsize|p1|6
|teamsize|p2|6
|gen|8
|tier|[Gen 8] RU
|rated|
|rule|Sleep Clause Mod: Limit one foe put to sleep
|rule|Species Clause: Limit one of each Pokémon
|rule|OHKO Clause: OHKO moves are banned
|rule|Evasion Moves Clause: Evasion moves are banned
|rule|Endless Battle Clause: Forcing endless battles is banned
|rule|HP Percentage Mod: HP is shown in percentages
|rule|Dynamax Clause: You cannot dynamax
|clearpoke
|poke|p1|Ribombee, F|
|poke|p1|Chandelure, F|
|poke|p1|Necrozma|
|poke|p1|Metagross|
|poke|p1|Toxtricity, M|
|poke|p1|Crobat, F|
|poke|p2|Tyrantrum, M|
|poke|p2|Zarude|
|poke|p2|Togekiss, F|
|poke|p2|Milotic, F|
|poke|p2|Steelix, F|
|poke|p2|Toxicroak, M|
|teampreview
|
|t:|1624472045
|start
|switch|p1a: Ribombee|Ribombee, F|100/100
|switch|p2a: Steelix|Steelix, F|100/100
|turn|1
|
|t:|1624472051
|move|p1a: Ribombee|Sticky Web|p2a: Steelix
|-sidestart|p2: Testinganteater|move: Sticky Web
|move|p2a: Steelix|Heavy Slam|p1a: Ribombee
|-supereffective|p1a: Ribombee
|-enditem|p1a: Ribombee|Focus Sash
|-damage|p1a: Ribombee|1/100
|
|upkeep
|turn|2
|
|t:|1624472056
|move|p1a: Ribombee|Moonblast|p2a: Steelix
|-resisted|p2a: Steelix
|-damage|p2a: Steelix|82/100
|move|p2a: Steelix|Stealth Rock|p1a: Ribombee
|-sidestart|p1: cherif18|move: Stealth Rock
|
|-heal|p2a: Steelix|89/100|[from] item: Leftovers
|upkeep
|turn|3
|
|t:|1624472059
|move|p1a: Ribombee|Moonblast|p2a: Steelix
|-resisted|p2a: Steelix
|-damage|p2a: Steelix|67/100
|move|p2a: Steelix|Heavy Slam|p1a: Ribombee
|-supereffective|p1a: Ribombee
|-damage|p1a: Ribombee|0 fnt
|faint|p1a: Ribombee
|
|-heal|p2a: Steelix|74/100|[from] item: Leftovers
|upkeep
|
|t:|1624472064
|switch|p1a: Chandelure|Chandelure, F|100/100
|turn|4
|
|t:|1624472077
|switch|p2a: Milotic|Milotic, F|100/100
|-activate|p2a: Milotic|move: Sticky Web
|-unboost|p2a: Milotic|spe|1
|move|p1a: Chandelure|Calm Mind|p1a: Chandelure
|-boost|p1a: Chandelure|spa|1
|-boost|p1a: Chandelure|spd|1
|
|upkeep
|turn|5
|
|t:|1624472095
|move|p1a: Chandelure|Energy Ball|p2a: Milotic
|-supereffective|p2a: Milotic
|-damage|p2a: Milotic|25/100
|move|p2a: Milotic|Flip Turn|p1a: Chandelure
|-supereffective|p1a: Chandelure
|-damage|p1a: Chandelure|63/100
|
|t:|1624472098
|switch|p2a: Togekiss|Togekiss, F|100/100|[from]move: Flip Turn
|
|upkeep
|turn|6
|
|t:|1624472101
|move|p1a: Chandelure|Flamethrower|p2a: Togekiss
|-damage|p2a: Togekiss|41/100
|move|p2a: Togekiss|Defog|p1a: Chandelure
|-unboost|p1a: Chandelure|evasion|1
|-sideend|p1: cherif18|Stealth Rock|[from] move: Defog|[of] p2a: Togekiss
|-sideend|p2: Testinganteater|Sticky Web|[from] move: Defog|[of] p2a: Togekiss
|
|upkeep
|turn|7
|
|t:|1624472115
|move|p1a: Chandelure|Flamethrower|p2a: Togekiss
|-damage|p2a: Togekiss|0 fnt
|faint|p2a: Togekiss
|
|upkeep
|
|t:|1624472119
|switch|p2a: Tyrantrum|Tyrantrum, M|100/100
|turn|8
|
|t:|1624472124
|move|p2a: Tyrantrum|Earthquake|p1a: Chandelure
|-supereffective|p1a: Chandelure
|-damage|p1a: Chandelure|0 fnt
|faint|p1a: Chandelure
|
|upkeep
|
|t:|1624472129
|switch|p1a: Necrozma|Necrozma|100/100
|turn|9
|
|t:|1624472133
|switch|p2a: Steelix|Steelix, F|74/100
|move|p1a: Necrozma|Dragon Dance|p1a: Necrozma
|-boost|p1a: Necrozma|atk|1
|-boost|p1a: Necrozma|spe|1
|
|-heal|p2a: Steelix|80/100|[from] item: Leftovers
|upkeep
|turn|10
|
|t:|1624472137
|move|p1a: Necrozma|Dragon Dance|p1a: Necrozma
|-boost|p1a: Necrozma|atk|1
|-boost|p1a: Necrozma|spe|1
|move|p2a: Steelix|Toxic|p1a: Necrozma
|-status|p1a: Necrozma|tox
|
|-heal|p2a: Steelix|86/100|[from] item: Leftovers
|-damage|p1a: Necrozma|95/100 tox|[from] psn
|upkeep
|turn|11
|
|t:|1624472152
|switch|p2a: Zarude|Zarude|100/100
|move|p1a: Necrozma|Earthquake|p2a: Zarude
|-resisted|p2a: Zarude
|-damage|p2a: Zarude|70/100
|
|-damage|p1a: Necrozma|83/100 tox|[from] psn
|upkeep
|turn|12
|
|t:|1624472160
|switch|p2a: Milotic|Milotic, F|25/100
|move|p1a: Necrozma|X-Scissor|p2a: Milotic
|-damage|p2a: Milotic|0 fnt
|faint|p2a: Milotic
|
|-damage|p1a: Necrozma|65/100 tox|[from] psn
|upkeep
|
|t:|1624472170
|switch|p2a: Zarude|Zarude|70/100
|turn|13
|
|t:|1624472185
|switch|p2a: Steelix|Steelix, F|86/100
|move|p1a: Necrozma|Photon Geyser|p2a: Steelix
|-resisted|p2a: Steelix
|-damage|p2a: Steelix|61/100
|
|-heal|p2a: Steelix|67/100|[from] item: Leftovers
|-damage|p1a: Necrozma|41/100 tox|[from] psn
|upkeep
|turn|14
|
|t:|1624472201
|move|p1a: Necrozma|Earthquake|p2a: Steelix
|-supereffective|p2a: Steelix
|-damage|p2a: Steelix|0 fnt
|faint|p2a: Steelix
|
|-damage|p1a: Necrozma|11/100 tox|[from] psn
|upkeep
|
|t:|1624472205
|switch|p2a: Toxicroak|Toxicroak, M, shiny|100/100
|turn|15
|
|t:|1624472215
|move|p2a: Toxicroak|Sucker Punch|p1a: Necrozma
|-supereffective|p1a: Necrozma
|-damage|p1a: Necrozma|0 fnt
|faint|p1a: Necrozma
|-damage|p2a: Toxicroak|91/100|[from] item: Life Orb
|
|upkeep
|
|t:|1624472217
|switch|p1a: Crobat|Crobat, F|100/100
|turn|16
|
|t:|1624472227
|move|p2a: Toxicroak|Sucker Punch|p1a: Crobat
|-damage|p1a: Crobat|63/100
|-damage|p2a: Toxicroak|81/100|[from] item: Life Orb
|move|p1a: Crobat|Air Slash|p2a: Toxicroak
|-supereffective|p2a: Toxicroak
|-damage|p2a: Toxicroak|5/100
|
|upkeep
|turn|17
|
|t:|1624472232
|switch|p2a: Tyrantrum|Tyrantrum, M|100/100
|move|p1a: Crobat|Nasty Plot|p1a: Crobat
|-boost|p1a: Crobat|spa|2
|
|upkeep
|turn|18
|
|t:|1624472245
|move|p2a: Tyrantrum|Head Smash|p1a: Crobat
|-supereffective|p1a: Crobat
|-damage|p1a: Crobat|0 fnt
|faint|p1a: Crobat
|
|upkeep
|
|t:|1624472248
|switch|p1a: Metagross|Metagross|100/100
|turn|19
|
|t:|1624472254
|switch|p2a: Toxicroak|Toxicroak, M, shiny|5/100
|move|p1a: Metagross|Agility|p1a: Metagross
|-boost|p1a: Metagross|spe|2
|
|upkeep
|turn|20
|
|t:|1624472265
|move|p1a: Metagross|Bullet Punch|p2a: Toxicroak
|-damage|p2a: Toxicroak|0 fnt
|faint|p2a: Toxicroak
|
|upkeep
|
|t:|1624472269
|switch|p2a: Zarude|Zarude|70/100
|turn|21
|inactive|Battle timer is ON: inactive players will automatically lose when time's up. (requested by Testinganteater)
|inactive|cherif18 has 120 seconds left.
|inactive|cherif18 has 90 seconds left.
|inactive|cherif18 has 60 seconds left.
|
|t:|1624472393
|move|p1a: Metagross|Agility|p1a: Metagross
|-boost|p1a: Metagross|spe|2
|move|p2a: Zarude|Power Whip|p1a: Metagross
|-resisted|p1a: Metagross
|-damage|p1a: Metagross|72/100
|
|upkeep
|turn|22
|
|t:|1624472401
|move|p1a: Metagross|Meteor Mash|p2a: Zarude
|-damage|p2a: Zarude|25/100
|move|p2a: Zarude|Power Whip|p1a: Metagross
|-resisted|p1a: Metagross
|-damage|p1a: Metagross|44/100
|
|upkeep
|turn|23
|
|t:|1624472408
|move|p1a: Metagross|Meteor Mash|p2a: Zarude
|-damage|p2a: Zarude|0 fnt
|faint|p2a: Zarude
|
|upkeep
|
|t:|1624472411
|switch|p2a: Tyrantrum|Tyrantrum, M|100/100
|turn|24
|
|t:|1624472414
|move|p1a: Metagross|Meteor Mash|p2a: Tyrantrum
|-supereffective|p2a: Tyrantrum
|-damage|p2a: Tyrantrum|5/100
|move|p2a: Tyrantrum|Earthquake|p1a: Metagross
|-supereffective|p1a: Metagross
|-damage|p1a: Metagross|0 fnt
|faint|p1a: Metagross
|
|upkeep
|
|t:|1624472417
|switch|p1a: Toxtricity|Toxtricity, M|100/100
|turn|25
|
|t:|1624472419
|move|p2a: Tyrantrum|Earthquake|p1a: Toxtricity
|-supereffective|p1a: Toxtricity
|-damage|p1a: Toxtricity|0 fnt
|faint|p1a: Toxtricity
|
|win|Testinganteater
|raw|cherif18's rating: 1181 &rarr; <strong>1171</strong><br />(-10 for losing)
|raw|Testinganteater's rating: 1412 &rarr; <strong>1420</strong><br />(+8 for winning)
|c|☆Testinganteater|Gg
|l|☆cherif18
