|j|☆bkdrew
|j|☆Drrunk Nun
|player|p1|bkdrew|falkner|1360
|player|p2|Drrunk Nun|lusamine-nihilego|1469
|teamsize|p1|6
|teamsize|p2|6
|gametype|singles
|gen|8
|tier|[Gen 8] RU
|rated|
|clearpoke
|poke|p1|Rotom|
|poke|p1|Indeedee, M|
|poke|p1|Bewear, M|
|poke|p1|Copperajah, M|
|poke|p1|Silvally-*|
|poke|p1|Piloswine, M|
|poke|p2|Vileplume, M|
|poke|p2|Snorlax, F|
|poke|p2|Ferroseed, M|
|poke|p2|Xatu, F|
|poke|p2|Quagsire, M|
|poke|p2|Coalossal, F|
|rule|Sleep Clause Mod: Limit one foe put to sleep
|rule|Species Clause: Limit one of each Pokémon
|rule|OHKO Clause: OHKO moves are banned
|rule|Evasion Moves Clause: Evasion moves are banned
|rule|Endless Battle Clause: Forcing endless battles is banned
|rule|HP Percentage Mod: HP is shown in percentages
|rule|Dynamax Clause: You cannot dynamax
|teampreview
|
|start
|switch|p1a: The Diary of Jane|Rotom|100/100
|switch|p2a: Vileplume|Vileplume, M|100/100
|turn|1
|
|switch|p2a: Ferroseed|Ferroseed, M|100/100
|move|p1a: The Diary of Jane|Trick|p2a: Ferroseed
|-activate|p1a: The Diary of Jane|move: Trick|[of] p2a: Ferroseed
|-item|p2a: Ferroseed|Choice Scarf|[from] move: Trick
|-item|p1a: The Diary of Jane|Eviolite|[from] move: Trick
|
|upkeep
|turn|2
|
|move|p1a: The Diary of Jane|Volt Switch|p2a: Ferroseed
|-resisted|p2a: Ferroseed
|-damage|p2a: Ferroseed|86/100
|
|switch|p1a: Capper Raj|Copperajah, M|100/100|[from]move: Volt Switch
|move|p2a: Ferroseed|Spikes|p1a: Capper Raj
|-sidestart|p1: bkdrew|Spikes
|
|upkeep
|turn|3
|
|switch|p2a: Snorlax|Snorlax, F|100/100
|move|p1a: Capper Raj|Heat Crash|p2a: Snorlax
|-damage|p2a: Snorlax|90/100
|
|-heal|p2a: Snorlax|97/100|[from] item: Leftovers
|upkeep
|turn|4
|
|switch|p1a: Beware|Bewear, M|100/100
|-damage|p1a: Beware|88/100|[from] Spikes
|move|p2a: Snorlax|Body Slam|p1a: Beware
|-damage|p1a: Beware|71/100
|
|-heal|p2a: Snorlax|100/100|[from] item: Leftovers
|upkeep
|turn|5
|
|switch|p2a: Vileplume|Vileplume, M|100/100
|move|p1a: Beware|Double-Edge|p2a: Vileplume
|-damage|p2a: Vileplume|37/100
|-status|p1a: Beware|psn|[from] ability: Effect Spore|[of] p2a: Vileplume
|-damage|p1a: Beware|52/100 psn|[from] Recoil
|
|-heal|p2a: Vileplume|43/100|[from] item: Black Sludge
|-damage|p1a: Beware|40/100 psn|[from] psn
|upkeep
|turn|6
|
|move|p1a: Beware|Drain Punch|p2a: Vileplume
|-resisted|p2a: Vileplume
|-damage|p2a: Vileplume|26/100
|-heal|p1a: Beware|47/100 psn|[from] drain|[of] p2a: Vileplume
|move|p2a: Vileplume|Strength Sap|p1a: Beware
|-unboost|p1a: Beware|atk|1
|-heal|p2a: Vileplume|100/100
|
|-damage|p1a: Beware|35/100 psn|[from] psn
|upkeep
|turn|7
|
|switch|p1a: Deedee|Indeedee, M|100/100
|-damage|p1a: Deedee|88/100|[from] Spikes
|-fieldstart|move: Psychic Terrain|[from] ability: Psychic Surge|[of] p1a: Deedee
|move|p2a: Vileplume|Leech Seed|p1a: Deedee
|-start|p1a: Deedee|move: Leech Seed
|
|-damage|p1a: Deedee|76/100|[from] Leech Seed|[of] p2a: Vileplume
|upkeep
|turn|8
|
|switch|p2a: Ferroseed|Ferroseed, M|86/100
|move|p1a: Deedee|Trick|p2a: Ferroseed
|-activate|p1a: Deedee|move: Trick|[of] p2a: Ferroseed
|-item|p2a: Ferroseed|Choice Specs|[from] move: Trick
|-item|p1a: Deedee|Choice Scarf|[from] move: Trick
|
|-damage|p1a: Deedee|64/100|[from] Leech Seed|[of] p2a: Ferroseed
|-heal|p2a: Ferroseed|97/100|[silent]
|upkeep
|turn|9
|
|move|p1a: Deedee|Mystical Fire|p2a: Ferroseed
|-supereffective|p2a: Ferroseed
|-damage|p2a: Ferroseed|1/100
|-unboost|p2a: Ferroseed|spa|1
|move|p2a: Ferroseed|Spikes|p1a: Deedee
|-sidestart|p1: bkdrew|Spikes
|
|-damage|p1a: Deedee|51/100|[from] Leech Seed|[of] p2a: Ferroseed
|-heal|p2a: Ferroseed|12/100|[silent]
|upkeep
|turn|10
|
|switch|p1a: Hills and Vallies|Silvally-Fairy|100/100
|-damage|p1a: Hills and Vallies|84/100|[from] Spikes
|switch|p2a: Snorlax|Snorlax, F|100/100
|
|upkeep
|turn|11
|
|move|p1a: Hills and Vallies|Defog|p2a: Snorlax
|-unboost|p2a: Snorlax|evasion|1
|-sideend|p1: bkdrew|Spikes|[from] move: Defog|[of] p1a: Hills and Vallies
|-fieldend|move: Psychic Terrain
|move|p2a: Snorlax|Body Slam|p1a: Hills and Vallies
|-damage|p1a: Hills and Vallies|47/100
|
|upkeep
|turn|12
|
|move|p1a: Hills and Vallies|Multi-Attack|p2a: Snorlax
|-damage|p2a: Snorlax|60/100
|move|p2a: Snorlax|Body Slam|p1a: Hills and Vallies
|-damage|p1a: Hills and Vallies|8/100
|
|-heal|p2a: Snorlax|66/100|[from] item: Leftovers
|upkeep
|turn|13
|
|switch|p2a: Vileplume|Vileplume, M|100/100
|move|p1a: Hills and Vallies|U-turn|p2a: Vileplume
|-damage|p2a: Vileplume|86/100
|
|switch|p1a: Deedee|Indeedee, M|51/100|[from]move: U-turn
|-fieldstart|move: Psychic Terrain|[from] ability: Psychic Surge|[of] p1a: Deedee
|
|-heal|p2a: Vileplume|92/100|[from] item: Black Sludge
|upkeep
|turn|14
|
|switch|p2a: Coalossal|Coalossal, F|100/100
|move|p1a: Deedee|Psychic|p2a: Coalossal
|-damage|p2a: Coalossal|67/100
|
|-heal|p2a: Coalossal|73/100|[from] item: Leftovers
|upkeep
|turn|15
|
|switch|p1a: Carnivore|Piloswine, M|100/100
|move|p2a: Coalossal|Stealth Rock|p1a: Carnivore
|-sidestart|p1: bkdrew|move: Stealth Rock
|
|-heal|p2a: Coalossal|79/100|[from] item: Leftovers
|upkeep
|turn|16
|
|switch|p2a: Xatu|Xatu, F|100/100
|move|p1a: Carnivore|Icicle Crash|p2a: Xatu
|-supereffective|p2a: Xatu
|-damage|p2a: Xatu|19/100
|
|-heal|p2a: Xatu|25/100|[from] item: Leftovers
|upkeep
|turn|17
|
|switch|p2a: Quagsire|Quagsire, M|100/100
|move|p1a: Carnivore|Earthquake|p2a: Quagsire
|-damage|p2a: Quagsire|65/100
|
|-heal|p2a: Quagsire|71/100|[from] item: Leftovers
|-fieldend|move: Psychic Terrain
|upkeep
|turn|18
|
|move|p1a: Carnivore|Toxic|p2a: Quagsire
|-status|p2a: Quagsire|tox
|move|p2a: Quagsire|Scald|p1a: Carnivore
|-supereffective|p1a: Carnivore
|-damage|p1a: Carnivore|64/100
|
|-heal|p2a: Quagsire|77/100 tox|[from] item: Leftovers
|-damage|p2a: Quagsire|71/100 tox|[from] psn
|upkeep
|turn|19
|
|move|p1a: Carnivore|Stealth Rock|p2a: Quagsire
|-sidestart|p2: Drrunk Nun|move: Stealth Rock
|move|p2a: Quagsire|Toxic|p1a: Carnivore
|-status|p1a: Carnivore|tox
|
|-heal|p2a: Quagsire|77/100 tox|[from] item: Leftovers
|-damage|p1a: Carnivore|58/100 tox|[from] psn
|-damage|p2a: Quagsire|65/100 tox|[from] psn
|upkeep
|turn|20
|
|switch|p1a: Hills and Vallies|Silvally-Fairy|8/100
|-damage|p1a: Hills and Vallies|0 fnt|[from] Stealth Rock
|faint|p1a: Hills and Vallies
|move|p2a: Quagsire|Recover|p2a: Quagsire
|-heal|p2a: Quagsire|100/100 tox
|
|-damage|p2a: Quagsire|82/100 tox|[from] psn
|upkeep
|
|switch|p1a: Capper Raj|Copperajah, M|100/100
|-damage|p1a: Capper Raj|94/100|[from] Stealth Rock
|turn|21
|
|switch|p2a: Xatu|Xatu, F|25/100
|-damage|p2a: Xatu|0 fnt|[from] Stealth Rock
|faint|p2a: Xatu
|move|p1a: Capper Raj|Power Whip|p2: Xatu|[notarget]
|-fail|p1a: Capper Raj
|
|upkeep
|
|switch|p2a: Snorlax|Snorlax, F|66/100
|-damage|p2a: Snorlax|54/100|[from] Stealth Rock
|turn|22
|
|move|p1a: Capper Raj|Power Whip|p2a: Snorlax
|-damage|p2a: Snorlax|17/100
|move|p2a: Snorlax|Curse|p2a: Snorlax
|-unboost|p2a: Snorlax|spe|1
|-boost|p2a: Snorlax|atk|1
|-boost|p2a: Snorlax|def|1
|
|-heal|p2a: Snorlax|23/100|[from] item: Leftovers
|upkeep
|turn|23
|
|move|p1a: Capper Raj|Power Whip|p2a: Snorlax
|-damage|p2a: Snorlax|0 fnt
|faint|p2a: Snorlax
|
|upkeep
|
|switch|p2a: Vileplume|Vileplume, M|92/100
|-damage|p2a: Vileplume|80/100|[from] Stealth Rock
|turn|24
|
|switch|p1a: Beware|Bewear, M|35/100 psn
|-damage|p1a: Beware|29/100 psn|[from] Stealth Rock
|move|p2a: Vileplume|Leech Seed|p1a: Beware
|-start|p1a: Beware|move: Leech Seed
|
|-heal|p2a: Vileplume|86/100|[from] item: Black Sludge
|-damage|p1a: Beware|17/100 psn|[from] Leech Seed|[of] p2a: Vileplume
|-heal|p2a: Vileplume|99/100|[silent]
|-damage|p1a: Beware|4/100 psn|[from] psn
|upkeep
|turn|25
|
|move|p1a: Beware|Double-Edge|p2a: Vileplume
|-damage|p2a: Vileplume|41/100
|-damage|p1a: Beware|0 fnt|[from] Recoil
|faint|p1a: Beware
|move|p2a: Vileplume|Strength Sap|p1: Beware|[notarget]
|-fail|p2a: Vileplume
|
|-heal|p2a: Vileplume|48/100|[from] item: Black Sludge
|upkeep
|
|switch|p1a: Deedee|Indeedee, M|51/100
|-damage|p1a: Deedee|39/100|[from] Stealth Rock
|-fieldstart|move: Psychic Terrain|[from] ability: Psychic Surge|[of] p1a: Deedee
|turn|26
|
|switch|p2a: Ferroseed|Ferroseed, M|12/100
|-damage|p2a: Ferroseed|6/100|[from] Stealth Rock
|move|p1a: Deedee|Psychic|p2a: Ferroseed
|-resisted|p2a: Ferroseed
|-crit|p2a: Ferroseed
|-damage|p2a: Ferroseed|0 fnt
|faint|p2a: Ferroseed
|
|upkeep
|
|switch|p2a: Coalossal|Coalossal, F|79/100
|-damage|p2a: Coalossal|54/100|[from] Stealth Rock
|turn|27
|
|switch|p1a: Capper Raj|Copperajah, M|94/100
|-damage|p1a: Capper Raj|88/100|[from] Stealth Rock
|move|p2a: Coalossal|Rock Blast|p1a: Capper Raj
|-resisted|p1a: Capper Raj
|-damage|p1a: Capper Raj|84/100
|-resisted|p1a: Capper Raj
|-damage|p1a: Capper Raj|79/100
|-resisted|p1a: Capper Raj
|-damage|p1a: Capper Raj|75/100
|-hitcount|p1a: Capper Raj|3
|
|-heal|p2a: Coalossal|61/100|[from] item: Leftovers
|upkeep
|turn|28
|
|move|p1a: Capper Raj|Earthquake|p2a: Coalossal
|-supereffective|p2a: Coalossal
|-damage|p2a: Coalossal|0 fnt
|faint|p2a: Coalossal
|
|upkeep
|
|switch|p2a: Vileplume|Vileplume, M|48/100
|-damage|p2a: Vileplume|35/100|[from] Stealth Rock
|turn|29
|
|move|p2a: Vileplume|Strength Sap|p1a: Capper Raj
|-unboost|p1a: Capper Raj|atk|1
|-heal|p2a: Vileplume|100/100
|move|p1a: Capper Raj|Heat Crash|p2a: Vileplume
|-supereffective|p2a: Vileplume
|-damage|p2a: Vileplume|55/100
|
|-heal|p2a: Vileplume|61/100|[from] item: Black Sludge
|upkeep
|turn|30
|
|switch|p1a: The Diary of Jane|Rotom|100/100
|-damage|p1a: The Diary of Jane|88/100|[from] Stealth Rock
|move|p2a: Vileplume|Leech Seed|p1a: The Diary of Jane
|-start|p1a: The Diary of Jane|move: Leech Seed
|
|-heal|p2a: Vileplume|67/100|[from] item: Black Sludge
|-damage|p1a: The Diary of Jane|76/100|[from] Leech Seed|[of] p2a: Vileplume
|-heal|p2a: Vileplume|76/100|[silent]
|-fieldend|move: Psychic Terrain
|upkeep
|turn|31
|
|move|p1a: The Diary of Jane|Shadow Ball|p2a: Vileplume
|-damage|p2a: Vileplume|39/100
|move|p2a: Vileplume|Sludge Bomb|p1a: The Diary of Jane
|-resisted|p1a: The Diary of Jane
|-damage|p1a: The Diary of Jane|48/100
|
|-heal|p2a: Vileplume|45/100|[from] item: Black Sludge
|-damage|p1a: The Diary of Jane|35/100|[from] Leech Seed|[of] p2a: Vileplume
|-heal|p2a: Vileplume|54/100|[silent]
|upkeep
|turn|32
|
|move|p1a: The Diary of Jane|Shadow Ball|p2a: Vileplume
|-damage|p2a: Vileplume|17/100
|-unboost|p2a: Vileplume|spd|1
|move|p2a: Vileplume|Strength Sap|p1a: The Diary of Jane
|-unboost|p1a: The Diary of Jane|atk|1
|-heal|p2a: Vileplume|44/100
|
|-heal|p2a: Vileplume|50/100|[from] item: Black Sludge
|-damage|p1a: The Diary of Jane|23/100|[from] Leech Seed|[of] p2a: Vileplume
|-heal|p2a: Vileplume|59/100|[silent]
|upkeep
|turn|33
|-message|Drrunk Nun forfeited.
|
|win|bkdrew
|l|☆Drrunk Nun
|raw|bkdrew's rating: 1360 &rarr; <strong>1386</strong><br />(+26 for winning)
|raw|Drrunk Nun's rating: 1469 &rarr; <strong>1443</strong><br />(-26 for losing)
