|raw|<div class="broadcast-blue"><strong>This battle is required to be public due to a player having a name starting with 'rult61'.</div>
|j|☆N1ghtwalk3r
|j|☆RULT61x Crow
|t:|1654765958
|gametype|singles
|player|p1|N1ghtwalk3r|ghetsis|1179
|player|p2|RULT61x Crow|hilbert-wonderlauncher|1470
|teamsize|p1|6
|teamsize|p2|6
|gen|8
|tier|[Gen 8] RU
|rated|
|rule|Sleep Clause Mod: Limit one foe put to sleep
|rule|Species Clause: Limit one of each Pokémon
|rule|OHKO Clause: OHKO moves are banned
|rule|Evasion Moves Clause: Evasion moves are banned
|rule|Endless Battle Clause: Forcing endless battles is banned
|rule|HP Percentage Mod: HP is shown in percentages
|rule|Dynamax Clause: You cannot dynamax
|clearpoke
|poke|p1|Xurkitree|
|poke|p1|Bewear, F|
|poke|p1|Chandelure, F|
|poke|p1|Metagross|
|poke|p1|Crobat, F|
|poke|p1|Nidoqueen, F|
|poke|p2|Flygon, M|
|poke|p2|Registeel|
|poke|p2|Umbreon, M|
|poke|p2|Dhelmise|
|poke|p2|Heracross, M|
|poke|p2|Crobat, M|
|teampreview
|inactive|Battle timer is ON: inactive players will automatically lose when time's up. (requested by N1ghtwalk3r)
|inactive|RULT61x Crow has 120 seconds left.
|inactive|RULT61x Crow has 90 seconds left.
|
|t:|1654766030
|start
|switch|p1a: Metagross|Metagross|100/100
|switch|p2a: Flygon|Flygon, M|100/100
|turn|1
|
|t:|1654766037
|switch|p1a: Crobat|Crobat, F|100/100
|move|p2a: Flygon|U-turn|p1a: Crobat
|-resisted|p1a: Crobat
|-damage|p1a: Crobat|94/100
|
|t:|1654766044
|switch|p2a: Registeel|Registeel|100/100|[from]move: U-turn
|
|upkeep
|turn|2
|
|t:|1654766050
|move|p1a: Crobat|U-turn|p2a: Registeel
|-resisted|p2a: Registeel
|-damage|p2a: Registeel|94/100
|
|t:|1654766053
|switch|p1a: Metagross|Metagross|100/100|[from]move: U-turn
|move|p2a: Registeel|Stealth Rock|p1a: Metagross
|-sidestart|p1: N1ghtwalk3r|move: Stealth Rock
|
|-heal|p2a: Registeel|99/100|[from] item: Leftovers
|upkeep
|turn|3
|
|t:|1654766060
|switch|p2a: Dhelmise|Dhelmise|100/100
|move|p1a: Metagross|Stealth Rock|p2a: Dhelmise
|-sidestart|p2: RULT61x Crow|move: Stealth Rock
|
|upkeep
|turn|4
|
|t:|1654766065
|switch|p1a: Bewear|Bewear, F|100/100
|-damage|p1a: Bewear|94/100|[from] Stealth Rock
|move|p2a: Dhelmise|Poltergeist|p1a: Bewear
|-immune|p1a: Bewear
|
|upkeep
|turn|5
|
|t:|1654766077
|move|p1a: Bewear|Swords Dance|p1a: Bewear
|-boost|p1a: Bewear|atk|2
|move|p2a: Dhelmise|Rapid Spin|p1a: Bewear
|-damage|p1a: Bewear|85/100
|-boost|p2a: Dhelmise|spe|1
|-damage|p2a: Dhelmise|84/100|[from] item: Rocky Helmet|[of] p1a: Bewear
|-sideend|p2: RULT61x Crow|Stealth Rock|[from] move: Rapid Spin|[of] p2a: Dhelmise
|
|upkeep
|turn|6
|
|t:|1654766089
|switch|p2a: Crobat|Crobat, M|100/100
|move|p1a: Bewear|Darkest Lariat|p2a: Crobat
|-damage|p2a: Crobat|32/100
|
|upkeep
|turn|7
|
|t:|1654766099
|switch|p1a: Metagross|Metagross|100/100
|-damage|p1a: Metagross|94/100|[from] Stealth Rock
|move|p2a: Crobat|Brave Bird|p1a: Metagross
|-resisted|p1a: Metagross
|-damage|p1a: Metagross|79/100
|-damage|p2a: Crobat|26/100|[from] Recoil
|
|-heal|p1a: Metagross|85/100|[from] item: Leftovers
|upkeep
|turn|8
|
|t:|1654766113
|switch|p2a: Dhelmise|Dhelmise|84/100
|move|p1a: Metagross|Meteor Mash|p2a: Dhelmise
|-damage|p2a: Dhelmise|41/100
|-boost|p1a: Metagross|atk|1
|
|-heal|p1a: Metagross|91/100|[from] item: Leftovers
|upkeep
|turn|9
|
|t:|1654766121
|move|p1a: Metagross|Meteor Mash|p2a: Dhelmise
|-damage|p2a: Dhelmise|0 fnt
|faint|p2a: Dhelmise
|
|-heal|p1a: Metagross|97/100|[from] item: Leftovers
|upkeep
|
|t:|1654766127
|switch|p2a: Flygon|Flygon, M|100/100
|turn|10
|
|t:|1654766133
|switch|p1a: Crobat|Crobat, F|94/100
|move|p2a: Flygon|Earthquake|p1a: Crobat
|-immune|p1a: Crobat
|
|upkeep
|turn|11
|
|t:|1654766140
|switch|p2a: Registeel|Registeel|99/100
|move|p1a: Crobat|Defog|p2a: Registeel
|-fail|p2a: Registeel|unboost|[from] ability: Clear Body|[of] p2a: Registeel
|-sideend|p1: N1ghtwalk3r|Stealth Rock|[from] move: Defog|[of] p1a: Crobat
|
|-heal|p2a: Registeel|100/100|[from] item: Leftovers
|upkeep
|turn|12
|
|t:|1654766148
|move|p1a: Crobat|U-turn|p2a: Registeel
|-resisted|p2a: Registeel
|-damage|p2a: Registeel|94/100
|
|t:|1654766154
|switch|p1a: Metagross|Metagross|97/100|[from]move: U-turn
|move|p2a: Registeel|Stealth Rock|p1a: Metagross
|-sidestart|p1: N1ghtwalk3r|move: Stealth Rock
|
|-heal|p1a: Metagross|100/100|[from] item: Leftovers
|-heal|p2a: Registeel|99/100|[from] item: Leftovers
|upkeep
|turn|13
|
|t:|1654766161
|move|p1a: Metagross|Stealth Rock|p2a: Registeel
|-sidestart|p2: RULT61x Crow|move: Stealth Rock
|move|p2a: Registeel|Seismic Toss|p1a: Metagross
|-damage|p1a: Metagross|73/100
|
|-heal|p1a: Metagross|79/100|[from] item: Leftovers
|-heal|p2a: Registeel|100/100|[from] item: Leftovers
|upkeep
|turn|14
|
|t:|1654766169
|switch|p1a: Bewear|Bewear, F|85/100
|-damage|p1a: Bewear|79/100|[from] Stealth Rock
|move|p2a: Registeel|Seismic Toss|p1a: Bewear
|-damage|p1a: Bewear|53/100
|-damage|p2a: Registeel|84/100|[from] item: Rocky Helmet|[of] p1a: Bewear
|
|-heal|p2a: Registeel|90/100|[from] item: Leftovers
|upkeep
|turn|15
|
|t:|1654766183
|switch|p2a: Crobat|Crobat, M|26/100
|move|p1a: Bewear|Double-Edge|p2a: Crobat
|-damage|p2a: Crobat|0 fnt
|faint|p2a: Crobat
|-damage|p1a: Bewear|45/100|[from] Recoil
|
|upkeep
|
|t:|1654766189
|switch|p2a: Heracross|Heracross, M|100/100
|-damage|p2a: Heracross|88/100|[from] Stealth Rock
|turn|16
|
|t:|1654766197
|move|p2a: Heracross|Close Combat|p1a: Bewear
|-supereffective|p1a: Bewear
|-damage|p1a: Bewear|0 fnt
|-unboost|p2a: Heracross|def|1
|-unboost|p2a: Heracross|spd|1
|-damage|p2a: Heracross|72/100|[from] item: Rocky Helmet|[of] p1a: Bewear
|faint|p1a: Bewear
|
|-status|p2a: Heracross|brn|[from] item: Flame Orb
|upkeep
|
|t:|1654766205
|switch|p1a: Crobat|Crobat, F|94/100
|turn|17
|
|t:|1654766208
|switch|p2a: Registeel|Registeel|90/100
|-damage|p2a: Registeel|84/100|[from] Stealth Rock
|move|p1a: Crobat|U-turn|p2a: Registeel
|-resisted|p2a: Registeel
|-damage|p2a: Registeel|77/100
|
|t:|1654766222
|switch|p1a: Chandelure|Chandelure, F|100/100|[from]move: U-turn
|
|-heal|p2a: Registeel|83/100|[from] item: Leftovers
|upkeep
|turn|18
|
|t:|1654766232
|switch|p2a: Umbreon|Umbreon, M|100/100
|-damage|p2a: Umbreon|88/100|[from] Stealth Rock
|move|p1a: Chandelure|Calm Mind|p1a: Chandelure
|-boost|p1a: Chandelure|spa|1
|-boost|p1a: Chandelure|spd|1
|
|-heal|p2a: Umbreon|94/100|[from] item: Leftovers
|upkeep
|turn|19
|
|t:|1654766240
|move|p1a: Chandelure|Fire Blast|p2a: Umbreon
|-damage|p2a: Umbreon|44/100
|move|p2a: Umbreon|Wish|p2a: Umbreon
|
|-heal|p2a: Umbreon|50/100|[from] item: Leftovers
|upkeep
|turn|20
|
|t:|1654766246
|move|p2a: Umbreon|Protect|p2a: Umbreon
|-singleturn|p2a: Umbreon|Protect
|move|p1a: Chandelure|Calm Mind|p1a: Chandelure
|-boost|p1a: Chandelure|spa|1
|-boost|p1a: Chandelure|spd|1
|
|-heal|p2a: Umbreon|99/100|[from] move: Wish|[wisher] Umbreon
|-heal|p2a: Umbreon|100/100|[from] item: Leftovers
|upkeep
|turn|21
|c|☆N1ghtwalk3r|its funny how i have predicted everything and yet
|c|☆N1ghtwalk3r|im berely ahead
|c|☆N1ghtwalk3r|counters all my team]
|inactive|N1ghtwalk3r has 120 seconds left.
|c|☆N1ghtwalk3r|ur autistic scarf flygon
|
|t:|1654766286
|move|p1a: Chandelure|Fire Blast|p2a: Umbreon|[miss]
|-miss|p1a: Chandelure|p2a: Umbreon
|move|p2a: Umbreon|Foul Play|p1a: Chandelure
|-supereffective|p1a: Chandelure
|-damage|p1a: Chandelure|59/100
|
|upkeep
|turn|22
|c|☆RULT61x Crow|Your fault
|
|t:|1654766293
|move|p1a: Chandelure|Fire Blast|p2a: Umbreon
|-crit|p2a: Umbreon
|-damage|p2a: Umbreon|0 fnt
|faint|p2a: Umbreon
|
|upkeep
|
|t:|1654766297
|switch|p2a: Heracross|Heracross, M|72/100 brn
|-damage|p2a: Heracross|59/100 brn|[from] Stealth Rock
|turn|23
|
|t:|1654766304
|switch|p1a: Crobat|Crobat, F|94/100
|move|p2a: Heracross|Knock Off|p1a: Crobat
|-damage|p1a: Crobat|34/100
|-enditem|p1a: Crobat|Heavy-Duty Boots|[from] move: Knock Off|[of] p2a: Heracross
|
|-damage|p2a: Heracross|53/100 brn|[from] brn
|upkeep
|turn|24
|c|☆N1ghtwalk3r|its not my fault u re bad
|
|t:|1654766312
|switch|p2a: Registeel|Registeel|83/100
|-damage|p2a: Registeel|77/100|[from] Stealth Rock
|move|p1a: Crobat|Brave Bird|p2a: Registeel
|-resisted|p2a: Registeel
|-damage|p2a: Registeel|59/100
|-damage|p1a: Crobat|27/100|[from] Recoil
|
|-heal|p2a: Registeel|65/100|[from] item: Leftovers
|upkeep
|turn|25
|
|t:|1654766322
|move|p1a: Crobat|Roost|p1a: Crobat
|-heal|p1a: Crobat|77/100
|-singleturn|p1a: Crobat|move: Roost
|move|p2a: Registeel|Heavy Slam|p1a: Crobat
|-damage|p1a: Crobat|54/100
|
|-heal|p2a: Registeel|71/100|[from] item: Leftovers
|upkeep
|turn|26
|
|t:|1654766332
|move|p1a: Crobat|Roost|p1a: Crobat
|-heal|p1a: Crobat|100/100
|-singleturn|p1a: Crobat|move: Roost
|move|p2a: Registeel|Seismic Toss|p1a: Crobat
|-damage|p1a: Crobat|68/100
|
|-heal|p2a: Registeel|77/100|[from] item: Leftovers
|upkeep
|turn|27
|
|t:|1654766349
|move|p1a: Crobat|U-turn|p2a: Registeel
|-resisted|p2a: Registeel
|-damage|p2a: Registeel|70/100
|
|t:|1654766352
|switch|p1a: Nidoqueen|Nidoqueen, F|100/100|[from]move: U-turn
|-damage|p1a: Nidoqueen|94/100|[from] Stealth Rock
|move|p2a: Registeel|Seismic Toss|p1a: Nidoqueen
|-damage|p1a: Nidoqueen|63/100
|
|-heal|p2a: Registeel|76/100|[from] item: Leftovers
|upkeep
|turn|28
|
|t:|1654766362
|move|p1a: Nidoqueen|Ice Beam|p2a: Registeel
|-resisted|p2a: Registeel
|-damage|p2a: Registeel|67/100
|move|p2a: Registeel|Seismic Toss|p1a: Nidoqueen
|-damage|p1a: Nidoqueen|32/100
|
|-heal|p2a: Registeel|73/100|[from] item: Leftovers
|upkeep
|turn|29
|
|t:|1654766370
|move|p1a: Nidoqueen|Fire Blast|p2a: Registeel|[miss]
|-miss|p1a: Nidoqueen|p2a: Registeel
|move|p2a: Registeel|Seismic Toss|p1a: Nidoqueen
|-damage|p1a: Nidoqueen|1/100
|
|-heal|p2a: Registeel|79/100|[from] item: Leftovers
|upkeep
|turn|30
|c|☆N1ghtwalk3r|and a lucky mongol too
|
|t:|1654766381
|move|p1a: Nidoqueen|Ice Beam|p2a: Registeel
|-resisted|p2a: Registeel
|-damage|p2a: Registeel|68/100
|move|p2a: Registeel|Seismic Toss|p1a: Nidoqueen
|-damage|p1a: Nidoqueen|0 fnt
|faint|p1a: Nidoqueen
|
|-heal|p2a: Registeel|74/100|[from] item: Leftovers
|upkeep
|
|t:|1654766390
|switch|p1a: Chandelure|Chandelure, F|59/100
|turn|31
|c|☆RULT61x Crow|Lmao
|c|☆N1ghtwalk3r|yea lmo
|c|☆N1ghtwalk3r|u d be dead now
|c|☆N1ghtwalk3r|and lost the game
|c|☆N1ghtwalk3r|but the 20% always favors the lowest iq monkey
|
|t:|1654766413
|move|p1a: Chandelure|Fire Blast|p2a: Registeel
|-supereffective|p2a: Registeel
|-damage|p2a: Registeel|8/100
|move|p2a: Registeel|Toxic|p1a: Chandelure
|-status|p1a: Chandelure|tox
|
|-heal|p2a: Registeel|15/100|[from] item: Leftovers
|-damage|p1a: Chandelure|53/100 tox|[from] psn
|upkeep
|turn|32
|
|t:|1654766423
|move|p1a: Chandelure|Fire Blast|p2a: Registeel
|-supereffective|p2a: Registeel
|-damage|p2a: Registeel|0 fnt
|faint|p2a: Registeel
|
|-damage|p1a: Chandelure|41/100 tox|[from] psn
|upkeep
|
|t:|1654766424
|switch|p2a: Heracross|Heracross, M|53/100 brn
|-damage|p2a: Heracross|41/100 brn|[from] Stealth Rock
|turn|33
|
|t:|1654766433
|switch|p1a: Crobat|Crobat, F|68/100
|-damage|p1a: Crobat|44/100|[from] Stealth Rock
|move|p2a: Heracross|Knock Off|p1a: Crobat
|-damage|p1a: Crobat|0 fnt
|faint|p1a: Crobat
|
|-damage|p2a: Heracross|35/100 brn|[from] brn
|upkeep
|
|t:|1654766443
|switch|p1a: Xurkitree|Xurkitree|100/100
|-damage|p1a: Xurkitree|88/100|[from] Stealth Rock
|turn|34
|
|t:|1654766447
|move|p1a: Xurkitree|Dazzling Gleam|p2a: Heracross
|-supereffective|p2a: Heracross
|-damage|p2a: Heracross|0 fnt
|faint|p2a: Heracross
|-ability|p1a: Xurkitree|Beast Boost|boost
|-boost|p1a: Xurkitree|spa|1
|
|upkeep
|
|t:|1654766450
|switch|p2a: Flygon|Flygon, M|100/100
|-damage|p2a: Flygon|95/100|[from] Stealth Rock
|turn|35
|
|t:|1654766456
|move|p2a: Flygon|Earthquake|p1a: Xurkitree
|-supereffective|p1a: Xurkitree
|-damage|p1a: Xurkitree|0 fnt
|faint|p1a: Xurkitree
|
|upkeep
|
|t:|1654766462
|switch|p1a: Metagross|Metagross|79/100
|-damage|p1a: Metagross|73/100|[from] Stealth Rock
|turn|36
|
|t:|1654766468
|move|p2a: Flygon|Earthquake|p1a: Metagross
|-supereffective|p1a: Metagross
|-damage|p1a: Metagross|7/100
|move|p1a: Metagross|Meteor Mash|p2a: Flygon|[miss]
|-miss|p1a: Metagross|p2a: Flygon
|
|-heal|p1a: Metagross|13/100|[from] item: Leftovers
|upkeep
|turn|37
|c|☆N1ghtwalk3r|rofl
|
|t:|1654766476
|move|p2a: Flygon|Earthquake|p1a: Metagross
|-supereffective|p1a: Metagross
|-damage|p1a: Metagross|0 fnt
|faint|p1a: Metagross
|
|upkeep
|
|t:|1654766480
|switch|p1a: Chandelure|Chandelure, F|41/100 tox
|turn|38
|c|☆RULT61x Crow|Treat people with kindness
|c|☆RULT61x Crow|And you won't miss moves
|c|☆N1ghtwalk3r|subhumans like u?
|
|t:|1654766492
|move|p2a: Flygon|Earthquake|p1a: Chandelure
|-supereffective|p1a: Chandelure
|-damage|p1a: Chandelure|0 fnt
|faint|p1a: Chandelure
|
|win|RULT61x Crow
|raw|N1ghtwalk3r's rating: 1179 &rarr; <strong>1171</strong><br />(-8 for losing)
|raw|RULT61x Crow's rating: 1470 &rarr; <strong>1476</strong><br />(+6 for winning)
|c|☆N1ghtwalk3r|hell no
|l|☆N1ghtwalk3r
|c|☆RULT61x Crow|Gg
||Ladder isn't responding, score probably updated but might not have (Request timeout).
