|j|☆kjjs
|j|☆chic geek
|player|p1|kjjs|parasollady|1445
|player|p2|chic geek|52|1203
|teamsize|p1|6
|teamsize|p2|6
|gametype|singles
|gen|8
|tier|[Gen 8] RU
|rated|
|clearpoke
|poke|p1|Indeedee-F, F|
|poke|p1|Espeon, M|
|poke|p1|Hitmonlee, M|
|poke|p1|Rhydon, M|
|poke|p1|Drapion, M|
|poke|p1|Whimsicott, F|
|poke|p2|Indeedee-F, F|
|poke|p2|Drapion, F|
|poke|p2|Virizion|
|poke|p2|Sableye, M|
|poke|p2|Mudsdale, F|
|poke|p2|Silvally-*|
|rule|Sleep Clause Mod: Limit one foe put to sleep
|rule|Species Clause: Limit one of each Pokémon
|rule|OHKO Clause: OHKO moves are banned
|rule|Evasion Moves Clause: Evasion moves are banned
|rule|Endless Battle Clause: Forcing endless battles is banned
|rule|HP Percentage Mod: HP is shown in percentages
|rule|Dynamax Clause: You cannot dynamax
|teampreview
|
|start
|switch|p1a: Rhydon|Rhydon, M|100/100
|switch|p2a: Virizion|Virizion|100/100
|turn|1
|
|switch|p1a: Whimsicott|Whimsicott, F|100/100
|move|p2a: Virizion|Leaf Storm|p1a: Whimsicott
|-resisted|p1a: Whimsicott
|-crit|p1a: Whimsicott
|-damage|p1a: Whimsicott|34/100
|-unboost|p2a: Virizion|spa|2
|-damage|p2a: Virizion|91/100|[from] item: Life Orb
|
|upkeep
|turn|2
|
|switch|p2a: Drapion|Drapion, F|100/100
|move|p1a: Whimsicott|U-turn|p2a: Drapion
|-damage|p2a: Drapion|91/100
|
|switch|p1a: Rhydon|Rhydon, M|100/100|[from]move: U-turn
|
|-heal|p2a: Drapion|97/100|[from] item: Black Sludge
|upkeep
|turn|3
|
|switch|p2a: Mudsdale|Mudsdale, F|100/100
|move|p1a: Rhydon|Stealth Rock|p2a: Mudsdale
|-sidestart|p2: chic geek|move: Stealth Rock
|
|upkeep
|turn|4
|
|switch|p1a: Espeon|Espeon, M|100/100
|move|p2a: Mudsdale|Stealth Rock|p1a: Espeon
|move|p1a: Espeon|Stealth Rock||[from]Magic Bounce|[still]
|-fail|p1a: Espeon
|
|upkeep
|turn|5
|
|switch|p2a: Drapion|Drapion, F|97/100
|-damage|p2a: Drapion|85/100|[from] Stealth Rock
|move|p1a: Espeon|Psychic|p2a: Drapion
|-immune|p2a: Drapion
|
|-heal|p2a: Drapion|91/100|[from] item: Black Sludge
|upkeep
|turn|6
|
|switch|p1a: Rhydon|Rhydon, M|100/100
|move|p2a: Drapion|Knock Off|p1a: Rhydon
|-damage|p1a: Rhydon|84/100
|-enditem|p1a: Rhydon|Eviolite|[from] move: Knock Off|[of] p2a: Drapion
|
|-heal|p2a: Drapion|97/100|[from] item: Black Sludge
|upkeep
|turn|7
|
|switch|p2a: Mudsdale|Mudsdale, F|100/100
|-damage|p2a: Mudsdale|94/100|[from] Stealth Rock
|switch|p1a: Indeedee|Indeedee-F, F|100/100
|-fieldstart|move: Psychic Terrain|[from] ability: Psychic Surge|[of] p1a: Indeedee
|
|-heal|p2a: Mudsdale|100/100|[from] item: Leftovers
|upkeep
|turn|8
|
|switch|p2a: Drapion|Drapion, F|97/100
|-damage|p2a: Drapion|85/100|[from] Stealth Rock
|move|p1a: Indeedee|Trick|p2a: Drapion
|-activate|p1a: Indeedee|move: Trick|[of] p2a: Drapion
|-item|p2a: Drapion|Choice Specs|[from] move: Trick
|-item|p1a: Indeedee|Black Sludge|[from] move: Trick
|
|-damage|p1a: Indeedee|88/100|[from] item: Black Sludge
|upkeep
|turn|9
|j| Aquarius Ghost ❤
|
|switch|p1a: Rhydon|Rhydon, M|84/100
|move|p2a: Drapion|Toxic Spikes|p1a: Rhydon
|-sidestart|p1: kjjs|move: Toxic Spikes
|
|upkeep
|turn|10
|
|switch|p2a: Mudsdale|Mudsdale, F|100/100
|-damage|p2a: Mudsdale|94/100|[from] Stealth Rock
|switch|p1a: Drapion|Drapion, M|100/100
|-sideend|p1: kjjs|move: Toxic Spikes|[of] p1a: Drapion
|
|-heal|p2a: Mudsdale|100/100|[from] item: Leftovers
|upkeep
|turn|11
|
|switch|p1a: Whimsicott|Whimsicott, F|34/100
|move|p2a: Mudsdale|Stealth Rock|p1a: Whimsicott
|-sidestart|p1: kjjs|move: Stealth Rock
|
|-fieldend|move: Psychic Terrain
|upkeep
|turn|12
|
|switch|p2a: Drapion|Drapion, F|85/100
|-damage|p2a: Drapion|72/100|[from] Stealth Rock
|move|p1a: Whimsicott|U-turn|p2a: Drapion
|-damage|p2a: Drapion|63/100
|
|switch|p1a: Indeedee|Indeedee-F, F|88/100|[from]move: U-turn
|-damage|p1a: Indeedee|76/100|[from] Stealth Rock
|-fieldstart|move: Psychic Terrain|[from] ability: Psychic Surge|[of] p1a: Indeedee
|
|-damage|p1a: Indeedee|63/100|[from] item: Black Sludge
|upkeep
|turn|13
|
|switch|p1a: Hitmonlee|Hitmonlee, M|100/100
|-damage|p1a: Hitmonlee|94/100|[from] Stealth Rock
|-enditem|p1a: Hitmonlee|Psychic Seed
|-boost|p1a: Hitmonlee|spd|1|[from] item: Psychic Seed
|move|p2a: Drapion|Knock Off|p1a: Hitmonlee
|-resisted|p1a: Hitmonlee
|-damage|p1a: Hitmonlee|71/100
|
|upkeep
|turn|14
|
|switch|p2a: Sableye|Sableye, M|100/100
|-damage|p2a: Sableye|88/100|[from] Stealth Rock
|move|p1a: Hitmonlee|Bulk Up|p1a: Hitmonlee
|-boost|p1a: Hitmonlee|atk|1
|-boost|p1a: Hitmonlee|def|1
|
|-heal|p2a: Sableye|94/100|[from] item: Leftovers
|upkeep
|turn|15
|
|switch|p2a: Mudsdale|Mudsdale, F|100/100
|-damage|p2a: Mudsdale|94/100|[from] Stealth Rock
|move|p1a: Hitmonlee|Knock Off|p2a: Mudsdale
|-damage|p2a: Mudsdale|59/100
|-ability|p2a: Mudsdale|Stamina|boost
|-boost|p2a: Mudsdale|def|1
|-enditem|p2a: Mudsdale|Leftovers|[from] move: Knock Off|[of] p1a: Hitmonlee
|
|upkeep
|turn|16
|
|move|p1a: Hitmonlee|Close Combat|p2a: Mudsdale
|-damage|p2a: Mudsdale|17/100
|-unboost|p1a: Hitmonlee|def|1
|-unboost|p1a: Hitmonlee|spd|1
|-ability|p2a: Mudsdale|Stamina|boost
|-boost|p2a: Mudsdale|def|1
|move|p2a: Mudsdale|Earthquake|p1a: Hitmonlee
|-damage|p1a: Hitmonlee|0 fnt
|faint|p1a: Hitmonlee
|
|-fieldend|move: Psychic Terrain
|upkeep
|
|switch|p1a: Indeedee|Indeedee-F, F|63/100
|-damage|p1a: Indeedee|51/100|[from] Stealth Rock
|-fieldstart|move: Psychic Terrain|[from] ability: Psychic Surge|[of] p1a: Indeedee
|turn|17
|
|switch|p2a: Drapion|Drapion, F|63/100
|-damage|p2a: Drapion|50/100|[from] Stealth Rock
|move|p1a: Indeedee|Hyper Voice|p2a: Drapion
|-damage|p2a: Drapion|2/100
|
|-damage|p1a: Indeedee|38/100|[from] item: Black Sludge
|upkeep
|turn|18
|
|switch|p1a: Rhydon|Rhydon, M|84/100
|-damage|p1a: Rhydon|78/100|[from] Stealth Rock
|move|p2a: Drapion|Knock Off|p1a: Rhydon
|-damage|p1a: Rhydon|64/100
|
|upkeep
|turn|19
|
|move|p2a: Drapion|Knock Off|p1a: Rhydon
|-damage|p1a: Rhydon|48/100
|move|p1a: Rhydon|Megahorn|p2a: Drapion
|-damage|p2a: Drapion|0 fnt
|faint|p2a: Drapion
|
|upkeep
|
|switch|p2a: Virizion|Virizion|91/100
|-damage|p2a: Virizion|84/100|[from] Stealth Rock
|turn|20
|
|switch|p1a: Drapion|Drapion, M|100/100
|-damage|p1a: Drapion|88/100|[from] Stealth Rock
|move|p2a: Virizion|Leaf Storm|p1a: Drapion
|-resisted|p1a: Drapion
|-damage|p1a: Drapion|52/100
|-unboost|p2a: Virizion|spa|2
|-damage|p2a: Virizion|74/100|[from] item: Life Orb
|
|-heal|p1a: Drapion|58/100|[from] item: Black Sludge
|upkeep
|turn|21
|
|switch|p2a: Mudsdale|Mudsdale, F|17/100
|-damage|p2a: Mudsdale|11/100|[from] Stealth Rock
|move|p1a: Drapion|Toxic Spikes|p2a: Mudsdale
|-sidestart|p2: chic geek|move: Toxic Spikes
|
|-heal|p1a: Drapion|64/100|[from] item: Black Sludge
|-fieldend|move: Psychic Terrain
|upkeep
|turn|22
|
|move|p1a: Drapion|Knock Off|p2a: Mudsdale
|-damage|p2a: Mudsdale|0 fnt
|faint|p2a: Mudsdale
|
|-heal|p1a: Drapion|70/100|[from] item: Black Sludge
|upkeep
|
|switch|p2a: Silvally|Silvally-Fairy|100/100
|-damage|p2a: Silvally|88/100|[from] Stealth Rock
|-status|p2a: Silvally|psn
|turn|23
|
|move|p2a: Silvally|Multi-Attack|p1a: Drapion
|-damage|p1a: Drapion|33/100
|move|p1a: Drapion|Taunt|p2a: Silvally
|-start|p2a: Silvally|move: Taunt
|
|-heal|p1a: Drapion|39/100|[from] item: Black Sludge
|-damage|p2a: Silvally|76/100 psn|[from] psn
|upkeep
|turn|24
|
|switch|p1a: Rhydon|Rhydon, M|48/100
|-damage|p1a: Rhydon|42/100|[from] Stealth Rock
|move|p2a: Silvally|Multi-Attack|p1a: Rhydon
|-damage|p1a: Rhydon|7/100
|
|-damage|p2a: Silvally|63/100 psn|[from] psn
|upkeep
|turn|25
|
|move|p2a: Silvally|Multi-Attack|p1a: Rhydon
|-damage|p1a: Rhydon|0 fnt
|faint|p1a: Rhydon
|
|-damage|p2a: Silvally|51/100 psn|[from] psn
|upkeep
|
|switch|p1a: Indeedee|Indeedee-F, F|38/100
|-damage|p1a: Indeedee|26/100|[from] Stealth Rock
|-fieldstart|move: Psychic Terrain|[from] ability: Psychic Surge|[of] p1a: Indeedee
|turn|26
|
|move|p2a: Silvally|Multi-Attack|p1a: Indeedee
|-damage|p1a: Indeedee|0 fnt
|faint|p1a: Indeedee
|
|-damage|p2a: Silvally|38/100 psn|[from] psn
|-end|p2a: Silvally|move: Taunt
|upkeep
|
|switch|p1a: Espeon|Espeon, M|100/100
|-damage|p1a: Espeon|88/100|[from] Stealth Rock
|turn|27
|
|switch|p2a: Sableye|Sableye, M|94/100
|-damage|p2a: Sableye|82/100|[from] Stealth Rock
|-status|p2a: Sableye|psn
|move|p1a: Espeon|Dazzling Gleam|p2a: Sableye
|-supereffective|p2a: Sableye
|-damage|p2a: Sableye|0 fnt
|faint|p2a: Sableye
|
|upkeep
|
|switch|p2a: Indeedee|Indeedee-F, F|100/100
|-status|p2a: Indeedee|psn
|-damage|p2a: Indeedee|88/100 psn|[from] Stealth Rock
|turn|28
|
|switch|p1a: Drapion|Drapion, M|39/100
|-damage|p1a: Drapion|27/100|[from] Stealth Rock
|move|p2a: Indeedee|Hyper Voice|p1a: Drapion
|-damage|p1a: Drapion|0 fnt
|faint|p1a: Drapion
|
|-damage|p2a: Indeedee|76/100 psn|[from] psn
|upkeep
|
|switch|p1a: Whimsicott|Whimsicott, F|34/100
|-damage|p1a: Whimsicott|21/100|[from] Stealth Rock
|turn|29
|
|move|p1a: Whimsicott|Tailwind|p1a: Whimsicott
|-sidestart|p1: kjjs|move: Tailwind
|move|p2a: Indeedee|Hyper Voice|p1a: Whimsicott
|-damage|p1a: Whimsicott|0 fnt
|faint|p1a: Whimsicott
|
|-damage|p2a: Indeedee|63/100 psn|[from] psn
|upkeep
|
|switch|p1a: Espeon|Espeon, M|88/100
|-damage|p1a: Espeon|76/100|[from] Stealth Rock
|turn|30
|
|move|p1a: Espeon|Expanding Force|p2a: Indeedee
|-resisted|p2a: Indeedee
|-damage|p2a: Indeedee|0 fnt
|faint|p2a: Indeedee
|
|-fieldend|move: Psychic Terrain
|upkeep
|
|switch|p2a: Silvally|Silvally-Fairy|38/100 psn
|-damage|p2a: Silvally|26/100 psn|[from] Stealth Rock
|turn|31
|
|move|p1a: Espeon|Expanding Force|p2a: Silvally
|-damage|p2a: Silvally|0 fnt
|faint|p2a: Silvally
|
|upkeep
|
|switch|p2a: Virizion|Virizion|74/100
|-status|p2a: Virizion|psn
|-damage|p2a: Virizion|68/100 psn|[from] Stealth Rock
|turn|32
|
|move|p1a: Espeon|Expanding Force|p2a: Virizion
|-supereffective|p2a: Virizion
|-damage|p2a: Virizion|0 fnt
|faint|p2a: Virizion
|
|win|kjjs
|raw|kjjs's rating: 1445 &rarr; <strong>1453</strong><br />(+8 for winning)
|raw|chic geek's rating: 1203 &rarr; <strong>1193</strong><br />(-10 for losing)
|l|☆kjjs
