|j|☆JLT3 oSuave
|j|☆altaria reasons
|player|p1|JLT3 oSuave|ethan-gen2c|1422
|player|p2|altaria reasons|153|1109
|teamsize|p1|6
|teamsize|p2|6
|gametype|singles
|gen|8
|tier|[Gen 8] RU
|rated|
|clearpoke
|poke|p1|Sableye, F|
|poke|p1|Mantine, F|
|poke|p1|Snorlax, F|
|poke|p1|Steelix, F|
|poke|p1|Salazzle, F|
|poke|p1|Cramorant, M|
|poke|p2|Slurpuff, M|
|poke|p2|Steelix, M|
|poke|p2|Gurdurr, M|
|poke|p2|Vileplume, M|
|poke|p2|Vanilluxe, M|
|poke|p2|Ninetales, M|
|rule|Sleep Clause Mod: Limit one foe put to sleep
|rule|Species Clause: Limit one of each Pokémon
|rule|OHKO Clause: OHKO moves are banned
|rule|Evasion Moves Clause: Evasion moves are banned
|rule|Endless Battle Clause: Forcing endless battles is banned
|rule|HP Percentage Mod: HP is shown in percentages
|rule|Dynamax Clause: You cannot dynamax
|teampreview
|inactive|Battle timer is ON: inactive players will automatically lose when time's up. (requested by JLT3 oSuave)
|
|start
|switch|p1a: Cramorant|Cramorant, M, shiny|100/100
|switch|p2a: Steelix|Steelix, M|100/100
|turn|1
|
|move|p1a: Cramorant|Surf|p2a: Steelix
|-supereffective|p2a: Steelix
|-formechange|p1a: Cramorant|Cramorant-Gulping|
|-damage|p2a: Steelix|50/100
|move|p2a: Steelix|Stealth Rock|p1a: Cramorant
|-sidestart|p1: JLT3 oSuave|move: Stealth Rock
|
|-heal|p2a: Steelix|56/100|[from] item: Leftovers
|upkeep
|turn|2
|
|move|p1a: Cramorant|Defog|p2a: Steelix
|-unboost|p2a: Steelix|evasion|1
|-sideend|p1: JLT3 oSuave|Stealth Rock|[from] move: Defog|[of] p1a: Cramorant
|move|p2a: Steelix|Toxic|p1a: Cramorant
|-status|p1a: Cramorant|tox
|
|-heal|p2a: Steelix|62/100|[from] item: Leftovers
|-damage|p1a: Cramorant|94/100 tox|[from] psn
|upkeep
|turn|3
|
|switch|p2a: Vanilluxe|Vanilluxe, M|100/100
|-weather|Hail|[from] ability: Snow Warning|[of] p2a: Vanilluxe
|move|p1a: Cramorant|Surf|p2a: Vanilluxe
|-damage|p2a: Vanilluxe|60/100
|
|-weather|Hail|[upkeep]
|-damage|p1a: Cramorant|88/100 tox|[from] Hail
|-damage|p1a: Cramorant|76/100 tox|[from] psn
|upkeep
|turn|4
|
|switch|p1a: Snorlax|Snorlax, F|100/100
|move|p2a: Vanilluxe|Freeze-Dry|p1a: Snorlax
|-damage|p1a: Snorlax|92/100
|
|-weather|Hail|[upkeep]
|-damage|p1a: Snorlax|86/100|[from] Hail
|-heal|p1a: Snorlax|92/100|[from] item: Leftovers
|upkeep
|turn|5
|
|switch|p2a: Gurdurr|Gurdurr, M|100/100
|switch|p1a: Cramorant|Cramorant, M, shiny|76/100 tox
|
|-weather|Hail|[upkeep]
|-damage|p1a: Cramorant|70/100 tox|[from] Hail
|-damage|p2a: Gurdurr|94/100|[from] Hail
|-damage|p1a: Cramorant|64/100 tox|[from] psn
|upkeep
|turn|6
|
|move|p1a: Cramorant|Hurricane|p2a: Gurdurr|[miss]
|-miss|p1a: Cramorant|p2a: Gurdurr
|move|p2a: Gurdurr|Knock Off|p1a: Cramorant
|-damage|p1a: Cramorant|32/100 tox
|-enditem|p1a: Cramorant|Heavy-Duty Boots|[from] move: Knock Off|[of] p2a: Gurdurr
|
|-weather|Hail|[upkeep]
|-damage|p1a: Cramorant|26/100 tox|[from] Hail
|-damage|p2a: Gurdurr|88/100|[from] Hail
|-damage|p1a: Cramorant|14/100 tox|[from] psn
|upkeep
|turn|7
|
|switch|p2a: Steelix|Steelix, M|62/100
|move|p1a: Cramorant|Roost|p1a: Cramorant
|-heal|p1a: Cramorant|64/100 tox
|-singleturn|p1a: Cramorant|move: Roost
|
|-weather|none
|-heal|p2a: Steelix|68/100|[from] item: Leftovers
|-damage|p1a: Cramorant|45/100 tox|[from] psn
|upkeep
|turn|8
|
|move|p1a: Cramorant|Surf|p2a: Steelix
|-supereffective|p2a: Steelix
|-formechange|p1a: Cramorant|Cramorant-Gorging|
|-damage|p2a: Steelix|17/100
|move|p2a: Steelix|Stealth Rock|p1a: Cramorant
|-sidestart|p1: JLT3 oSuave|move: Stealth Rock
|
|-heal|p2a: Steelix|24/100|[from] item: Leftovers
|-damage|p1a: Cramorant|21/100 tox|[from] psn
|upkeep
|turn|9
|
|switch|p2a: Vanilluxe|Vanilluxe, M|60/100
|-weather|Hail|[from] ability: Snow Warning|[of] p2a: Vanilluxe
|move|p1a: Cramorant|Surf|p2a: Vanilluxe
|-damage|p2a: Vanilluxe|20/100
|
|-weather|Hail|[upkeep]
|-damage|p1a: Cramorant|15/100 tox|[from] Hail
|-damage|p1a: Cramorant|0 fnt|[from] psn
|faint|p1a: Cramorant
|upkeep
|
|switch|p1a: Snorlax|Snorlax, F|92/100
|-damage|p1a: Snorlax|80/100|[from] Stealth Rock
|turn|10
|
|switch|p2a: Gurdurr|Gurdurr, M|88/100
|move|p1a: Snorlax|Curse|p1a: Snorlax
|-unboost|p1a: Snorlax|spe|1
|-boost|p1a: Snorlax|atk|1
|-boost|p1a: Snorlax|def|1
|
|-weather|Hail|[upkeep]
|-damage|p2a: Gurdurr|82/100|[from] Hail
|-damage|p1a: Snorlax|74/100|[from] Hail
|-heal|p1a: Snorlax|80/100|[from] item: Leftovers
|upkeep
|turn|11
|
|move|p2a: Gurdurr|Bulk Up|p2a: Gurdurr
|-boost|p2a: Gurdurr|atk|1
|-boost|p2a: Gurdurr|def|1
|move|p1a: Snorlax|Curse|p1a: Snorlax
|-unboost|p1a: Snorlax|spe|1
|-boost|p1a: Snorlax|atk|1
|-boost|p1a: Snorlax|def|1
|
|-weather|Hail|[upkeep]
|-damage|p2a: Gurdurr|76/100|[from] Hail
|-damage|p1a: Snorlax|74/100|[from] Hail
|-heal|p1a: Snorlax|80/100|[from] item: Leftovers
|upkeep
|turn|12
|
|switch|p1a: Sableye|Sableye, F|100/100
|-damage|p1a: Sableye|88/100|[from] Stealth Rock
|move|p2a: Gurdurr|Bulk Up|p2a: Gurdurr
|-boost|p2a: Gurdurr|atk|1
|-boost|p2a: Gurdurr|def|1
|
|-weather|Hail|[upkeep]
|-damage|p1a: Sableye|82/100|[from] Hail
|-damage|p2a: Gurdurr|70/100|[from] Hail
|-heal|p1a: Sableye|88/100|[from] item: Leftovers
|upkeep
|turn|13
|
|move|p1a: Sableye|Encore|p2a: Gurdurr
|-start|p2a: Gurdurr|Encore
|move|p2a: Gurdurr|Bulk Up|p2a: Gurdurr
|-boost|p2a: Gurdurr|atk|1
|-boost|p2a: Gurdurr|def|1
|
|-weather|none
|-heal|p1a: Sableye|94/100|[from] item: Leftovers
|upkeep
|turn|14
|
|move|p1a: Sableye|Knock Off|p2a: Gurdurr
|-resisted|p2a: Gurdurr
|-damage|p2a: Gurdurr|66/100
|-enditem|p2a: Gurdurr|Eviolite|[from] move: Knock Off|[of] p1a: Sableye
|move|p2a: Gurdurr|Bulk Up|p2a: Gurdurr
|-boost|p2a: Gurdurr|atk|1
|-boost|p2a: Gurdurr|def|1
|
|-heal|p1a: Sableye|100/100|[from] item: Leftovers
|upkeep
|turn|15
|
|move|p1a: Sableye|Knock Off|p2a: Gurdurr
|-resisted|p2a: Gurdurr
|-damage|p2a: Gurdurr|63/100
|move|p2a: Gurdurr|Bulk Up|p2a: Gurdurr
|-boost|p2a: Gurdurr|atk|1
|-boost|p2a: Gurdurr|def|1
|
|-end|p2a: Gurdurr|Encore
|upkeep
|turn|16
|
|move|p1a: Sableye|Encore|p2a: Gurdurr
|-start|p2a: Gurdurr|Encore
|move|p2a: Gurdurr|Bulk Up|p2a: Gurdurr
|-boost|p2a: Gurdurr|atk|1
|-boost|p2a: Gurdurr|def|1
|
|upkeep
|turn|17
|
|move|p1a: Sableye|Knock Off|p2a: Gurdurr
|-resisted|p2a: Gurdurr
|-damage|p2a: Gurdurr|61/100
|move|p2a: Gurdurr|Bulk Up|p2a: Gurdurr
|-boost|p2a: Gurdurr|atk|0
|-boost|p2a: Gurdurr|def|0
|
|upkeep
|turn|18
|
|move|p1a: Sableye|Knock Off|p2a: Gurdurr
|-resisted|p2a: Gurdurr
|-damage|p2a: Gurdurr|58/100
|move|p2a: Gurdurr|Bulk Up|p2a: Gurdurr
|-boost|p2a: Gurdurr|atk|0
|-boost|p2a: Gurdurr|def|0
|
|-end|p2a: Gurdurr|Encore
|upkeep
|turn|19
|
|move|p1a: Sableye|Encore|p2a: Gurdurr
|-start|p2a: Gurdurr|Encore
|move|p2a: Gurdurr|Bulk Up|p2a: Gurdurr
|-boost|p2a: Gurdurr|atk|0
|-boost|p2a: Gurdurr|def|0
|
|upkeep
|turn|20
|
|move|p1a: Sableye|Will-O-Wisp|p2a: Gurdurr|[miss]
|-miss|p1a: Sableye|p2a: Gurdurr
|move|p2a: Gurdurr|Bulk Up|p2a: Gurdurr
|-boost|p2a: Gurdurr|atk|0
|-boost|p2a: Gurdurr|def|0
|
|upkeep
|turn|21
|
|move|p1a: Sableye|Knock Off|p2a: Gurdurr
|-resisted|p2a: Gurdurr
|-crit|p2a: Gurdurr
|-damage|p2a: Gurdurr|43/100
|move|p2a: Gurdurr|Bulk Up|p2a: Gurdurr
|-boost|p2a: Gurdurr|atk|0
|-boost|p2a: Gurdurr|def|0
|
|-end|p2a: Gurdurr|Encore
|upkeep
|turn|22
|
|switch|p2a: Ninetales|Ninetales, M|100/100
|-weather|SunnyDay|[from] ability: Drought|[of] p2a: Ninetales
|move|p1a: Sableye|Encore||[still]
|-fail|p1a: Sableye
|
|-weather|SunnyDay|[upkeep]
|upkeep
|turn|23
|
|switch|p1a: Snorlax|Snorlax, F|80/100
|-damage|p1a: Snorlax|67/100|[from] Stealth Rock
|move|p2a: Ninetales|Fire Blast|p1a: Snorlax
|-damage|p1a: Snorlax|50/100
|
|-weather|SunnyDay|[upkeep]
|-heal|p1a: Snorlax|56/100|[from] item: Leftovers
|upkeep
|turn|24
|
|switch|p2a: Steelix|Steelix, M|24/100
|move|p1a: Snorlax|Curse|p1a: Snorlax
|-unboost|p1a: Snorlax|spe|1
|-boost|p1a: Snorlax|atk|1
|-boost|p1a: Snorlax|def|1
|
|-weather|SunnyDay|[upkeep]
|-heal|p2a: Steelix|30/100|[from] item: Leftovers
|-heal|p1a: Snorlax|63/100|[from] item: Leftovers
|upkeep
|turn|25
|
|move|p2a: Steelix|Toxic|p1a: Snorlax
|-status|p1a: Snorlax|tox
|move|p1a: Snorlax|Curse|p1a: Snorlax
|-unboost|p1a: Snorlax|spe|1
|-boost|p1a: Snorlax|atk|1
|-boost|p1a: Snorlax|def|1
|
|-weather|SunnyDay|[upkeep]
|-heal|p2a: Steelix|36/100|[from] item: Leftovers
|-heal|p1a: Snorlax|69/100 tox|[from] item: Leftovers
|-damage|p1a: Snorlax|63/100 tox|[from] psn
|upkeep
|turn|26
|
|switch|p2a: Vileplume|Vileplume, M|100/100
|move|p1a: Snorlax|Rest|p1a: Snorlax
|-status|p1a: Snorlax|slp|[from] move: Rest
|-heal|p1a: Snorlax|100/100 slp|[silent]
|
|-weather|none
|upkeep
|turn|27
|
|switch|p1a: Salazzle|Salazzle, F|100/100
|-damage|p1a: Salazzle|76/100|[from] Stealth Rock
|move|p2a: Vileplume|Strength Sap|p1a: Salazzle
|-unboost|p1a: Salazzle|atk|1
|
|-heal|p1a: Salazzle|82/100|[from] item: Leftovers
|upkeep
|turn|28
|
|switch|p2a: Steelix|Steelix, M|36/100
|move|p1a: Salazzle|Substitute|p1a: Salazzle
|-start|p1a: Salazzle|Substitute
|-damage|p1a: Salazzle|57/100
|
|-heal|p1a: Salazzle|63/100|[from] item: Leftovers
|-heal|p2a: Steelix|42/100|[from] item: Leftovers
|upkeep
|turn|29
|
|move|p1a: Salazzle|Flamethrower|p2a: Steelix
|-supereffective|p2a: Steelix
|-damage|p2a: Steelix|0 fnt
|faint|p2a: Steelix
|
|-heal|p1a: Salazzle|69/100|[from] item: Leftovers
|upkeep
|
|switch|p2a: Gurdurr|Gurdurr, M|43/100
|turn|30
|
|move|p1a: Salazzle|Toxic|p2a: Gurdurr
|-status|p2a: Gurdurr|tox
|move|p2a: Gurdurr|Drain Punch|p1a: Salazzle
|-resisted|p1a: Salazzle
|-end|p1a: Salazzle|Substitute
|-heal|p2a: Gurdurr|53/100 tox|[from] drain|[of] p1a: Salazzle
|
|-heal|p1a: Salazzle|75/100|[from] item: Leftovers
|-damage|p2a: Gurdurr|46/100 tox|[from] psn
|upkeep
|turn|31
|
|move|p1a: Salazzle|Substitute|p1a: Salazzle
|-start|p1a: Salazzle|Substitute
|-damage|p1a: Salazzle|50/100
|move|p2a: Gurdurr|Knock Off|p1a: Salazzle
|-end|p1a: Salazzle|Substitute
|
|-heal|p1a: Salazzle|56/100|[from] item: Leftovers
|-damage|p2a: Gurdurr|34/100 tox|[from] psn
|upkeep
|turn|32
|
|move|p1a: Salazzle|Protect|p1a: Salazzle
|-singleturn|p1a: Salazzle|Protect
|move|p2a: Gurdurr|Knock Off|p1a: Salazzle
|-activate|p1a: Salazzle|move: Protect
|
|-heal|p1a: Salazzle|63/100|[from] item: Leftovers
|-damage|p2a: Gurdurr|16/100 tox|[from] psn
|upkeep
|turn|33
|
|move|p1a: Salazzle|Flamethrower|p2a: Gurdurr
|-damage|p2a: Gurdurr|0 fnt
|faint|p2a: Gurdurr
|
|-heal|p1a: Salazzle|69/100|[from] item: Leftovers
|upkeep
|
|switch|p2a: Slurpuff|Slurpuff, M|100/100
|turn|34
|
|switch|p1a: Sableye|Sableye, F|100/100
|-damage|p1a: Sableye|88/100|[from] Stealth Rock
|move|p2a: Slurpuff|Facade|p1a: Sableye
|-immune|p1a: Sableye
|
|-heal|p1a: Sableye|94/100|[from] item: Leftovers
|upkeep
|turn|35
|
|move|p1a: Sableye|Will-O-Wisp|p2a: Slurpuff
|-status|p2a: Slurpuff|brn
|move|p2a: Slurpuff|Play Rough|p1a: Sableye
|-supereffective|p1a: Sableye
|-damage|p1a: Sableye|55/100
|
|-heal|p1a: Sableye|62/100|[from] item: Leftovers
|-damage|p2a: Slurpuff|94/100 brn|[from] brn
|upkeep
|turn|36
|
|move|p2a: Slurpuff|Belly Drum|p2a: Slurpuff
|-damage|p2a: Slurpuff|44/100 brn
|-setboost|p2a: Slurpuff|atk|6|[from] move: Belly Drum
|-enditem|p2a: Slurpuff|Sitrus Berry|[eat]
|-heal|p2a: Slurpuff|69/100 brn|[from] item: Sitrus Berry
|move|p1a: Sableye|Knock Off|p2a: Slurpuff
|-resisted|p2a: Slurpuff
|-damage|p2a: Slurpuff|57/100 brn
|
|-heal|p1a: Sableye|68/100|[from] item: Leftovers
|-damage|p2a: Slurpuff|51/100 brn|[from] brn
|upkeep
|turn|37
|
|move|p1a: Sableye|Encore|p2a: Slurpuff
|-start|p2a: Slurpuff|Encore
|move|p2a: Slurpuff|Belly Drum||[still]
|-fail|p2a: Slurpuff
|
|-heal|p1a: Sableye|74/100|[from] item: Leftovers
|-damage|p2a: Slurpuff|45/100 brn|[from] brn
|upkeep
|turn|38
|-message|altaria reasons forfeited.
|
|win|JLT3 oSuave
|l|☆altaria reasons
|raw|JLT3 oSuave's rating: 1422 &rarr; <strong>1428</strong><br />(+6 for winning)
|raw|altaria reasons's rating: 1109 &rarr; <strong>1102</strong><br />(-7 for losing)
