|j|☆MAc3 ✝
|j|☆rutestah2
|inactive|Battle timer is ON: inactive players will automatically lose when time's up.
|t:|1659113364
|gametype|singles
|player|p1|MAc3 ✝|roxie|
|player|p2|rutestah2|veteran-gen4|
|teamsize|p1|6
|teamsize|p2|6
|gen|8
|tier|[Gen 8] RU
|rated|Tournament battle
|rule|Sleep Clause Mod: Limit one foe put to sleep
|rule|Species Clause: Limit one of each Pokémon
|rule|OHKO Clause: OHKO moves are banned
|rule|Evasion Moves Clause: Evasion moves are banned
|rule|Endless Battle Clause: Forcing endless battles is banned
|rule|HP Percentage Mod: HP is shown in percentages
|rule|Dynamax Clause: You cannot dynamax
|clearpoke
|poke|p1|Frosmoth, M|
|poke|p1|Gothorita, F|
|poke|p1|Registeel|
|poke|p1|Tsareena, F|
|poke|p1|Togekiss, M|
|poke|p1|Nidoqueen, F|
|poke|p2|Crobat, F|
|poke|p2|Celebi|
|poke|p2|Diancie|
|poke|p2|Metagross|
|poke|p2|Incineroar, M|
|poke|p2|Flygon, F|
|teampreview
|j|+Oathkeeper
|
|t:|1659113381
|start
|switch|p1a: Gothorita|Gothorita, F|100/100
|switch|p2a: Crobat|Crobat, F|100/100
|turn|1
|
|t:|1659113387
|switch|p1a: Registeel|Registeel|100/100
|move|p2a: Crobat|U-turn|p1a: Registeel
|-resisted|p1a: Registeel
|-damage|p1a: Registeel|95/100
|
|t:|1659113392
|switch|p2a: Incineroar|Incineroar, M|100/100|[from]move: U-turn
|-ability|p2a: Incineroar|Intimidate|boost
|-fail|p1a: Registeel|unboost|[from] ability: Clear Body|[of] p1a: Registeel
|
|-heal|p1a: Registeel|100/100|[from] item: Leftovers
|upkeep
|turn|2
|inactive|MAc3 ✝ has 120 seconds left.
|
|t:|1659113446
|move|p2a: Incineroar|Knock Off|p1a: Registeel
|-damage|p1a: Registeel|75/100
|-enditem|p1a: Registeel|Leftovers|[from] move: Knock Off|[of] p2a: Incineroar
|move|p1a: Registeel|Iron Defense|p1a: Registeel
|-boost|p1a: Registeel|def|2
|
|upkeep
|turn|3
|
|t:|1659113454
|move|p2a: Incineroar|U-turn|p1a: Registeel
|-resisted|p1a: Registeel
|-damage|p1a: Registeel|72/100
|
|t:|1659113460
|switch|p2a: Metagross|Metagross|100/100|[from]move: U-turn
|move|p1a: Registeel|Body Press|p2a: Metagross
|-damage|p2a: Metagross|50/100
|
|upkeep
|turn|4
|inactive|MAc3 ✝ has 120 seconds left.
|
|t:|1659113470
|switch|p1a: Nidoqueen|Nidoqueen, F|100/100
|move|p2a: Metagross|Trick|p1a: Nidoqueen
|-activate|p2a: Metagross|move: Trick|[of] p1a: Nidoqueen
|-item|p1a: Nidoqueen|Choice Scarf|[from] move: Trick
|-item|p2a: Metagross|Choice Scarf|[from] move: Trick
|
|upkeep
|turn|5
|inactive|MAc3 ✝ has 120 seconds left.
|
|t:|1659113488
|switch|p2a: Crobat|Crobat, F|100/100
|move|p1a: Nidoqueen|Ice Beam|p2a: Crobat
|-supereffective|p2a: Crobat
|-damage|p2a: Crobat|32/100
|
|upkeep
|turn|6
|
|t:|1659113504
|switch|p1a: Registeel|Registeel|72/100
|switch|p2a: Incineroar|Incineroar, M|100/100
|-ability|p2a: Incineroar|Intimidate|boost
|-fail|p1a: Registeel|unboost|[from] ability: Clear Body|[of] p1a: Registeel
|
|upkeep
|turn|7
|
|t:|1659113510
|move|p2a: Incineroar|Flare Blitz|p1a: Registeel
|-supereffective|p1a: Registeel
|-damage|p1a: Registeel|14/100
|-status|p1a: Registeel|brn
|-damage|p2a: Incineroar|82/100|[from] Recoil
|move|p1a: Registeel|Body Press|p2a: Incineroar
|-supereffective|p2a: Incineroar
|-damage|p2a: Incineroar|54/100
|
|-damage|p1a: Registeel|8/100 brn|[from] brn
|upkeep
|turn|8
|inactive|MAc3 ✝ has 120 seconds left.
|
|t:|1659113520
|switch|p1a: Togekiss|Togekiss, M|100/100
|move|p2a: Incineroar|Knock Off|p1a: Togekiss
|-resisted|p1a: Togekiss
|-damage|p1a: Togekiss|79/100
|-enditem|p1a: Togekiss|Heavy-Duty Boots|[from] move: Knock Off|[of] p2a: Incineroar
|
|upkeep
|turn|9
|
|t:|1659113530
|switch|p2a: Diancie|Diancie|100/100
|move|p1a: Togekiss|Nasty Plot|p1a: Togekiss
|-boost|p1a: Togekiss|spa|2
|
|upkeep
|turn|10
|
|t:|1659113536
|switch|p1a: Gothorita|Gothorita, F|100/100
|move|p2a: Diancie|Diamond Storm|p1a: Gothorita
|-damage|p1a: Gothorita|48/100
|-boost|p2a: Diancie|def|2
|
|upkeep
|turn|11
|
|t:|1659113544
|move|p1a: Gothorita|Trick|p2a: Diancie
|-activate|p1a: Gothorita|move: Trick|[of] p2a: Diancie
|-item|p2a: Diancie|Choice Scarf|[from] move: Trick
|-item|p1a: Gothorita|Leftovers|[from] move: Trick
|move|p2a: Diancie|Diamond Storm|p1a: Gothorita
|-damage|p1a: Gothorita|0 fnt
|-boost|p2a: Diancie|def|2
|faint|p1a: Gothorita
|
|upkeep
|
|t:|1659113553
|switch|p1a: Registeel|Registeel|8/100 brn
|turn|12
|
|t:|1659113556
|move|p2a: Diancie|Diamond Storm|p1a: Registeel
|-resisted|p1a: Registeel
|-damage|p1a: Registeel|0 fnt
|faint|p1a: Registeel
|
|upkeep
|
|t:|1659113559
|switch|p1a: Nidoqueen|Nidoqueen, F|100/100
|turn|13
|
|t:|1659113573
|switch|p2a: Celebi|Celebi|100/100
|move|p1a: Nidoqueen|Ice Beam|p2a: Celebi
|-supereffective|p2a: Celebi
|-damage|p2a: Celebi|52/100
|
|upkeep
|turn|14
|
|t:|1659113581
|switch|p1a: Frosmoth|Frosmoth, M|100/100
|move|p2a: Celebi|Recover|p2a: Celebi
|-heal|p2a: Celebi|100/100
|
|upkeep
|turn|15
|
|t:|1659113591
|switch|p2a: Diancie|Diancie|100/100
|move|p1a: Frosmoth|Ice Beam|p2a: Diancie
|-damage|p2a: Diancie|73/100
|
|upkeep
|turn|16
|
|t:|1659113598
|switch|p1a: Nidoqueen|Nidoqueen, F|100/100
|move|p2a: Diancie|Stealth Rock|p1a: Nidoqueen
|-sidestart|p1: MAc3 ✝|move: Stealth Rock
|
|upkeep
|turn|17
|
|t:|1659113611
|switch|p2a: Metagross|Metagross|50/100
|move|p1a: Nidoqueen|Ice Beam|p2a: Metagross
|-resisted|p2a: Metagross
|-damage|p2a: Metagross|32/100
|
|upkeep
|turn|18
|j| uwushifu
|
|t:|1659113617
|move|p1a: Nidoqueen|Ice Beam|p2a: Metagross
|-resisted|p2a: Metagross
|-damage|p2a: Metagross|16/100
|move|p2a: Metagross|Meteor Mash|p1a: Nidoqueen|[miss]
|-miss|p2a: Metagross|p1a: Nidoqueen
|
|upkeep
|turn|19
|
|t:|1659113623
|move|p1a: Nidoqueen|Ice Beam|p2a: Metagross
|-resisted|p2a: Metagross
|-damage|p2a: Metagross|0 fnt
|faint|p2a: Metagross
|
|upkeep
|
|t:|1659113631
|switch|p2a: Incineroar|Incineroar, M|54/100
|-ability|p2a: Incineroar|Intimidate|boost
|-unboost|p1a: Nidoqueen|atk|1
|turn|20
|
|t:|1659113638
|switch|p1a: Tsareena|Tsareena, F|100/100
|move|p2a: Incineroar|Flare Blitz|p1a: Tsareena
|-supereffective|p1a: Tsareena
|-damage|p1a: Tsareena|0 fnt
|faint|p1a: Tsareena
|-damage|p2a: Incineroar|29/100|[from] Recoil
|
|upkeep
|
|t:|1659113641
|switch|p1a: Togekiss|Togekiss, M|79/100
|-damage|p1a: Togekiss|54/100|[from] Stealth Rock
|turn|21
|
|t:|1659113650
|switch|p2a: Diancie|Diancie|73/100
|move|p1a: Togekiss|Nasty Plot|p1a: Togekiss
|-boost|p1a: Togekiss|spa|2
|
|upkeep
|turn|22
|
|t:|1659113656
|move|p1a: Togekiss|Roost|p1a: Togekiss
|-heal|p1a: Togekiss|100/100
|-singleturn|p1a: Togekiss|move: Roost
|move|p2a: Diancie|Diamond Storm|p1a: Togekiss
|-damage|p1a: Togekiss|67/100
|-boost|p2a: Diancie|def|2
|
|upkeep
|turn|23
|
|t:|1659113664
|switch|p2a: Crobat|Crobat, F|32/100
|move|p1a: Togekiss|Roost|p1a: Togekiss
|-heal|p1a: Togekiss|100/100
|-singleturn|p1a: Togekiss|move: Roost
|
|upkeep
|turn|24
|
|t:|1659113670
|move|p2a: Crobat|Brave Bird|p1a: Togekiss
|-damage|p1a: Togekiss|51/100
|-damage|p2a: Crobat|15/100|[from] Recoil
|move|p1a: Togekiss|Air Slash|p2a: Crobat
|-damage|p2a: Crobat|0 fnt
|faint|p2a: Crobat
|
|upkeep
|
|t:|1659113677
|switch|p2a: Flygon|Flygon, F|100/100
|turn|25
|
|t:|1659113698
|move|p2a: Flygon|Stone Edge|p1a: Togekiss|[miss]
|-miss|p2a: Flygon|p1a: Togekiss
|move|p1a: Togekiss|Roost|p1a: Togekiss
|-heal|p1a: Togekiss|100/100
|-singleturn|p1a: Togekiss|move: Roost
|
|upkeep
|turn|26
|c|☆rutestah2|gg
|c|☆rutestah2|i legit missed everything
|
|t:|1659113714
|move|p2a: Flygon|Stone Edge|p1a: Togekiss
|-supereffective|p1a: Togekiss
|-damage|p1a: Togekiss|48/100
|move|p1a: Togekiss|Air Slash|p2a: Flygon
|-damage|p2a: Flygon|19/100
|
|upkeep
|turn|27
|
|t:|1659113717
|switch|p1a: Nidoqueen|Nidoqueen, F|100/100
|-damage|p1a: Nidoqueen|94/100|[from] Stealth Rock
|move|p2a: Flygon|Stone Edge|p1a: Nidoqueen
|-resisted|p1a: Nidoqueen
|-damage|p1a: Nidoqueen|79/100
|
|upkeep
|turn|28
|c|☆MAc3 ✝|uve been. unlucky yea
|
|t:|1659113730
|move|p1a: Nidoqueen|Ice Beam|p2a: Flygon
|-supereffective|p2a: Flygon
|-damage|p2a: Flygon|0 fnt
|faint|p2a: Flygon
|
|upkeep
|
|t:|1659113734
|switch|p2a: Incineroar|Incineroar, M|29/100
|-ability|p2a: Incineroar|Intimidate|boost
|-unboost|p1a: Nidoqueen|atk|1
|turn|29
|
|t:|1659113738
|move|p1a: Nidoqueen|Ice Beam|p2a: Incineroar
|-resisted|p2a: Incineroar
|-damage|p2a: Incineroar|15/100
|move|p2a: Incineroar|Knock Off|p1a: Nidoqueen
|-damage|p1a: Nidoqueen|27/100
|-enditem|p1a: Nidoqueen|Choice Scarf|[from] move: Knock Off|[of] p2a: Incineroar
|
|upkeep
|turn|30
|
|t:|1659113741
|move|p1a: Nidoqueen|Earth Power|p2a: Incineroar
|-supereffective|p2a: Incineroar
|-damage|p2a: Incineroar|0 fnt
|faint|p2a: Incineroar
|
|upkeep
|
|t:|1659113746
|switch|p2a: Celebi|Celebi|100/100
|turn|31
|
|t:|1659113748
|move|p2a: Celebi|Psychic|p1a: Nidoqueen
|-supereffective|p1a: Nidoqueen
|-damage|p1a: Nidoqueen|0 fnt
|faint|p1a: Nidoqueen
|
|upkeep
|
|t:|1659113750
|switch|p1a: Frosmoth|Frosmoth, M|100/100
|turn|32
|
|t:|1659113756
|switch|p2a: Diancie|Diancie|73/100
|move|p1a: Frosmoth|Substitute|p1a: Frosmoth
|-start|p1a: Frosmoth|Substitute
|-damage|p1a: Frosmoth|76/100
|
|upkeep
|turn|33
|
|t:|1659113760
|move|p1a: Frosmoth|Giga Drain|p2a: Diancie
|-supereffective|p2a: Diancie
|-damage|p2a: Diancie|43/100
|-heal|p1a: Frosmoth|92/100|[from] drain|[of] p2a: Diancie
|move|p2a: Diancie|Body Press|p1a: Frosmoth
|-end|p1a: Frosmoth|Substitute
|
|upkeep
|turn|34
|
|t:|1659113766
|move|p1a: Frosmoth|Quiver Dance|p1a: Frosmoth
|-boost|p1a: Frosmoth|spa|1
|-boost|p1a: Frosmoth|spd|1
|-boost|p1a: Frosmoth|spe|1
|move|p2a: Diancie|Body Press|p1a: Frosmoth
|-damage|p1a: Frosmoth|42/100
|
|upkeep
|turn|35
|
|t:|1659113769
|move|p1a: Frosmoth|Giga Drain|p2a: Diancie
|-supereffective|p2a: Diancie
|-crit|p2a: Diancie
|-damage|p2a: Diancie|0 fnt
|-heal|p1a: Frosmoth|65/100|[from] drain|[of] p2a: Diancie
|faint|p2a: Diancie
|
|upkeep
|
|t:|1659113771
|switch|p2a: Celebi|Celebi|100/100
|turn|36
|
|t:|1659113774
|move|p1a: Frosmoth|Ice Beam|p2a: Celebi
|-supereffective|p2a: Celebi
|-damage|p2a: Celebi|0 fnt
|faint|p2a: Celebi
|
|win|MAc3 ✝
|n|☆MAc3 ✝|mac3
|n|☆rutestah2|rutestah2
|n|+Oathkeeper|oathkeeper
|n| uwushifu|uwushifu
