|j|☆LuigiPartyBro
|j|☆polar_geass
|t:|1613456321
|player|p1|LuigiPartyBro|skierf|1319
|player|p2|polar_geass|skyla|1393
|teamsize|p1|6
|teamsize|p2|6
|gametype|singles
|gen|8
|tier|[Gen 8] RU
|rated|
|clearpoke
|poke|p1|Darmanitan, M|
|poke|p1|Umbreon, M|
|poke|p1|Togekiss, F|
|poke|p1|Lucario, M|
|poke|p1|Golisopod, M|
|poke|p1|Heliolisk, F|
|poke|p2|Rhyperior, F|
|poke|p2|Cramorant, M|
|poke|p2|Klefki, F|
|poke|p2|Zarude|
|poke|p2|Entei|
|poke|p2|Reuniclus, M|
|rule|Sleep Clause Mod: Limit one foe put to sleep
|rule|Species Clause: Limit one of each Pokémon
|rule|OHKO Clause: OHKO moves are banned
|rule|Evasion Moves Clause: Evasion moves are banned
|rule|Endless Battle Clause: Forcing endless battles is banned
|rule|HP Percentage Mod: HP is shown in percentages
|rule|Dynamax Clause: You cannot dynamax
|teampreview
|
|t:|1613456339
|start
|switch|p1a: Golisopod|Golisopod, M|100/100
|switch|p2a: Cramorant|Cramorant, M|100/100
|turn|1
|
|t:|1613456347
|move|p1a: Golisopod|First Impression|p2a: Cramorant
|-resisted|p2a: Cramorant
|-damage|p2a: Cramorant|55/100
|move|p2a: Cramorant|Air Slash|p1a: Golisopod
|-supereffective|p1a: Golisopod
|-damage|p1a: Golisopod|18/100
|-activate|p1a: Golisopod|ability: Emergency Exit
|
|t:|1613456358
|switch|p1a: Heliolisk|Heliolisk, F|100/100
|
|upkeep
|turn|2
|
|t:|1613456364
|switch|p2a: Reuniclus|Reuniclus, M|100/100
|move|p1a: Heliolisk|Surf|p2a: Reuniclus
|-damage|p2a: Reuniclus|82/100
|
|upkeep
|turn|3
|
|t:|1613456370
|switch|p1a: Umbreon|Umbreon, M|100/100
|move|p2a: Reuniclus|Future Sight|p1a: Umbreon
|-start|p2a: Reuniclus|move: Future Sight
|
|upkeep
|turn|4
|
|t:|1613456375
|switch|p2a: Klefki|Klefki, F|100/100
|move|p1a: Umbreon|Foul Play|p2a: Klefki
|-resisted|p2a: Klefki
|-damage|p2a: Klefki|92/100
|
|upkeep
|turn|5
|
|t:|1613456383
|move|p2a: Klefki|Spikes|p1a: Umbreon
|-sidestart|p1: LuigiPartyBro|Spikes
|move|p1a: Umbreon|Wish|p1a: Umbreon
|
|-end|p1a: Umbreon|move: Future Sight
|-immune|p1a: Umbreon
|upkeep
|turn|6
|
|t:|1613456391
|switch|p1a: Golisopod|Golisopod, M|18/100
|move|p2a: Klefki|Switcheroo|p1a: Golisopod
|-activate|p2a: Klefki|move: Trick|[of] p1a: Golisopod
|-item|p1a: Golisopod|Lagging Tail|[from] move: Switcheroo
|-item|p2a: Klefki|Heavy-Duty Boots|[from] move: Switcheroo
|
|-heal|p1a: Golisopod|86/100|[from] move: Wish|[wisher] Umbreon
|upkeep
|turn|7
|
|t:|1613456403
|move|p2a: Klefki|Dazzling Gleam|p1a: Golisopod
|-damage|p1a: Golisopod|55/100
|move|p1a: Golisopod|Liquidation|p2a: Klefki
|-damage|p2a: Klefki|50/100
|-unboost|p2a: Klefki|def|1
|
|upkeep
|turn|8
|
|t:|1613456412
|move|p1a: Golisopod|Aqua Jet|p2a: Klefki
|-crit|p2a: Klefki
|-damage|p2a: Klefki|6/100
|move|p2a: Klefki|Dazzling Gleam|p1a: Golisopod
|-damage|p1a: Golisopod|25/100
|-activate|p1a: Golisopod|ability: Emergency Exit
|
|t:|1613456418
|switch|p1a: Togekiss|Togekiss, F|100/100
|
|upkeep
|turn|9
|
|t:|1613456424
|switch|p2a: Rhyperior|Rhyperior, F|100/100
|move|p1a: Togekiss|Defog|p2a: Rhyperior
|-unboost|p2a: Rhyperior|evasion|1
|-sideend|p1: LuigiPartyBro|Spikes|[from] move: Defog|[of] p1a: Togekiss
|
|upkeep
|turn|10
|j| lmyyt
|
|t:|1613456438
|move|p1a: Togekiss|Air Slash|p2a: Rhyperior
|-resisted|p2a: Rhyperior
|-damage|p2a: Rhyperior|85/100
|cant|p2a: Rhyperior|flinch
|
|-heal|p2a: Rhyperior|91/100|[from] item: Leftovers
|upkeep
|turn|11
|
|t:|1613456446
|switch|p1a: Golisopod|Golisopod, M|25/100
|move|p2a: Rhyperior|Rock Blast|p1a: Golisopod
|-supereffective|p1a: Golisopod
|-damage|p1a: Golisopod|4/100
|-supereffective|p1a: Golisopod
|-damage|p1a: Golisopod|0 fnt
|-hitcount|p1a: Golisopod|2
|faint|p1a: Golisopod
|
|-heal|p2a: Rhyperior|97/100|[from] item: Leftovers
|upkeep
|
|t:|1613456451
|switch|p1a: Heliolisk|Heliolisk, F|100/100
|turn|12
|
|t:|1613456458
|switch|p2a: Reuniclus|Reuniclus, M|100/100
|move|p1a: Heliolisk|Surf|p2a: Reuniclus
|-crit|p2a: Reuniclus
|-damage|p2a: Reuniclus|70/100
|
|upkeep
|turn|13
|
|t:|1613456466
|switch|p1a: Umbreon|Umbreon, M|100/100
|move|p2a: Reuniclus|Future Sight|p1a: Umbreon
|-start|p2a: Reuniclus|move: Future Sight
|
|upkeep
|turn|14
|
|t:|1613456471
|move|p1a: Umbreon|Foul Play|p2a: Reuniclus
|-supereffective|p2a: Reuniclus
|-damage|p2a: Reuniclus|29/100
|move|p2a: Reuniclus|Knock Off|p1a: Umbreon
|-resisted|p1a: Umbreon
|-damage|p1a: Umbreon|95/100
|-enditem|p1a: Umbreon|Leftovers|[from] move: Knock Off|[of] p2a: Reuniclus
|
|upkeep
|turn|15
|
|t:|1613456479
|switch|p2a: Zarude|Zarude|100/100
|move|p1a: Umbreon|Foul Play|p2a: Zarude
|-resisted|p2a: Zarude
|-damage|p2a: Zarude|80/100
|
|-end|p1a: Umbreon|move: Future Sight
|-immune|p1a: Umbreon
|upkeep
|turn|16
|
|t:|1613456488
|switch|p1a: Togekiss|Togekiss, F|100/100
|move|p2a: Zarude|U-turn|p1a: Togekiss
|-resisted|p1a: Togekiss
|-damage|p1a: Togekiss|93/100
|
|t:|1613456493
|switch|p2a: Reuniclus|Reuniclus, M|63/100|[from]move: U-turn
|
|upkeep
|turn|17
|
|t:|1613456497
|switch|p2a: Rhyperior|Rhyperior, F|97/100
|move|p1a: Togekiss|Air Slash|p2a: Rhyperior
|-resisted|p2a: Rhyperior
|-damage|p2a: Rhyperior|80/100
|
|-heal|p2a: Rhyperior|86/100|[from] item: Leftovers
|upkeep
|turn|18
|
|t:|1613456507
|move|p1a: Togekiss|Air Slash|p2a: Rhyperior
|-resisted|p2a: Rhyperior
|-damage|p2a: Rhyperior|69/100
|cant|p2a: Rhyperior|flinch
|
|-heal|p2a: Rhyperior|75/100|[from] item: Leftovers
|upkeep
|turn|19
|
|t:|1613456515
|move|p1a: Togekiss|Air Slash|p2a: Rhyperior
|-resisted|p2a: Rhyperior
|-damage|p2a: Rhyperior|57/100
|cant|p2a: Rhyperior|flinch
|
|-heal|p2a: Rhyperior|64/100|[from] item: Leftovers
|upkeep
|turn|20
|
|t:|1613456524
|switch|p1a: Umbreon|Umbreon, M|95/100
|move|p2a: Rhyperior|Rock Blast|p1a: Umbreon
|-damage|p1a: Umbreon|84/100
|-damage|p1a: Umbreon|74/100
|-damage|p1a: Umbreon|64/100
|-hitcount|p1a: Umbreon|3
|
|-heal|p2a: Rhyperior|70/100|[from] item: Leftovers
|upkeep
|turn|21
|
|t:|1613456542
|switch|p2a: Cramorant|Cramorant, M|55/100
|move|p1a: Umbreon|Wish|p1a: Umbreon
|
|upkeep
|turn|22
|
|t:|1613456552
|move|p2a: Cramorant|Surf|p1a: Umbreon
|-formechange|p2a: Cramorant|Cramorant-Gulping|
|-damage|p1a: Umbreon|43/100
|move|p1a: Umbreon|Foul Play|p2a: Cramorant
|-damage|p2a: Cramorant|21/100
|-damage|p1a: Umbreon|19/100|[from] ability: Gulp Missile|[of] p2a: Cramorant
|-unboost|p1a: Umbreon|def|1
|-formechange|p2a: Cramorant|Cramorant|
|
|-heal|p1a: Umbreon|69/100|[from] move: Wish|[wisher] Umbreon
|upkeep
|turn|23
|
|t:|1613456564
|move|p2a: Cramorant|Roost|p2a: Cramorant
|-heal|p2a: Cramorant|72/100
|-singleturn|p2a: Cramorant|move: Roost
|move|p1a: Umbreon|Wish|p1a: Umbreon
|
|upkeep
|turn|24
|
|t:|1613456570
|switch|p1a: Heliolisk|Heliolisk, F|100/100
|move|p2a: Cramorant|Surf|p1a: Heliolisk
|-immune|p1a: Heliolisk|[from] ability: Dry Skin
|
|upkeep
|turn|25
|
|t:|1613456582
|switch|p2a: Reuniclus|Reuniclus, M|96/100
|move|p1a: Heliolisk|Surf|p2a: Reuniclus
|-damage|p2a: Reuniclus|76/100
|
|upkeep
|turn|26
|
|t:|1613456588
|switch|p1a: Lucario|Lucario, M|100/100
|move|p2a: Reuniclus|Focus Blast|p1a: Lucario
|-supereffective|p1a: Lucario
|-enditem|p1a: Lucario|Focus Sash
|-damage|p1a: Lucario|1/100
|
|upkeep
|turn|27
|
|t:|1613456606
|switch|p2a: Klefki|Klefki, F|6/100
|move|p1a: Lucario|Dark Pulse|p2a: Klefki
|-resisted|p2a: Klefki
|-damage|p2a: Klefki|0 fnt
|faint|p2a: Klefki
|
|upkeep
|
|t:|1613456615
|switch|p2a: Entei|Entei|100/100
|turn|28
|
|t:|1613456618
|move|p1a: Lucario|Vacuum Wave|p2a: Entei
|-damage|p2a: Entei|76/100
|move|p2a: Entei|Sacred Fire|p1a: Lucario
|-supereffective|p1a: Lucario
|-damage|p1a: Lucario|0 fnt
|faint|p1a: Lucario
|
|upkeep
|
|t:|1613456625
|switch|p1a: Heliolisk|Heliolisk, F|100/100
|turn|29
|
|t:|1613456629
|switch|p2a: Reuniclus|Reuniclus, M|100/100
|move|p1a: Heliolisk|Thunderbolt|p2a: Reuniclus
|-damage|p2a: Reuniclus|73/100
|
|upkeep
|turn|30
|
|t:|1613456637
|switch|p1a: Darmanitan|Darmanitan, M|100/100
|switch|p2a: Rhyperior|Rhyperior, F|70/100
|
|-heal|p2a: Rhyperior|76/100|[from] item: Leftovers
|upkeep
|turn|31
|
|t:|1613456646
|switch|p2a: Cramorant|Cramorant, M|72/100
|move|p1a: Darmanitan|Earthquake|p2a: Cramorant
|-immune|p2a: Cramorant
|
|upkeep
|turn|32
|
|t:|1613456654
|switch|p1a: Heliolisk|Heliolisk, F|100/100
|move|p2a: Cramorant|Roost|p2a: Cramorant
|-heal|p2a: Cramorant|100/100
|-singleturn|p2a: Cramorant|move: Roost
|
|upkeep
|turn|33
|
|t:|1613456662
|switch|p2a: Reuniclus|Reuniclus, M|100/100
|move|p1a: Heliolisk|Surf|p2a: Reuniclus
|-damage|p2a: Reuniclus|80/100
|
|upkeep
|turn|34
|
|t:|1613456669
|switch|p1a: Darmanitan|Darmanitan, M|100/100
|move|p2a: Reuniclus|Future Sight|p1a: Darmanitan
|-start|p2a: Reuniclus|move: Future Sight
|
|upkeep
|turn|35
|
|t:|1613456676
|switch|p2a: Cramorant|Cramorant, M|100/100
|move|p1a: Darmanitan|U-turn|p2a: Cramorant
|-resisted|p2a: Cramorant
|-damage|p2a: Cramorant|67/100
|
|t:|1613456684
|switch|p1a: Heliolisk|Heliolisk, F|100/100|[from]move: U-turn
|
|upkeep
|turn|36
|
|t:|1613456692
|switch|p2a: Rhyperior|Rhyperior, F|76/100
|move|p1a: Heliolisk|Volt Switch|p2a: Rhyperior
|-immune|p2a: Rhyperior
|
|-end|p1a: Heliolisk|move: Future Sight
|-damage|p1a: Heliolisk|33/100
|-heal|p2a: Rhyperior|82/100|[from] item: Leftovers
|upkeep
|turn|37
|
|t:|1613456703
|switch|p1a: Umbreon|Umbreon, M|69/100
|switch|p2a: Entei|Entei|76/100
|
|upkeep
|turn|38
|
|t:|1613456709
|move|p2a: Entei|Sacred Fire|p1a: Umbreon
|-damage|p1a: Umbreon|10/100
|move|p1a: Umbreon|Foul Play|p2a: Entei
|-damage|p2a: Entei|31/100
|
|upkeep
|turn|39
|
|t:|1613456717
|move|p1a: Umbreon|Protect|p1a: Umbreon
|-singleturn|p1a: Umbreon|Protect
|move|p2a: Entei|Sacred Fire|p1a: Umbreon
|-activate|p1a: Umbreon|move: Protect
|
|upkeep
|turn|40
|
|t:|1613456723
|move|p2a: Entei|Sacred Fire|p1a: Umbreon
|-damage|p1a: Umbreon|0 fnt
|faint|p1a: Umbreon
|
|upkeep
|
|t:|1613456738
|switch|p1a: Heliolisk|Heliolisk, F|33/100
|turn|41
|
|t:|1613456741
|switch|p2a: Reuniclus|Reuniclus, M|100/100
|move|p1a: Heliolisk|Volt Switch|p2a: Reuniclus
|-damage|p2a: Reuniclus|80/100
|
|t:|1613456744
|switch|p1a: Darmanitan|Darmanitan, M|100/100|[from]move: Volt Switch
|
|upkeep
|turn|42
|
|t:|1613456757
|switch|p2a: Cramorant|Cramorant, M|67/100
|move|p1a: Darmanitan|Flare Blitz|p2a: Cramorant
|-resisted|p2a: Cramorant
|-damage|p2a: Cramorant|0 fnt
|-damage|p1a: Darmanitan|81/100|[from] Recoil
|faint|p2a: Cramorant
|
|upkeep
|
|t:|1613456765
|switch|p2a: Rhyperior|Rhyperior, F|82/100
|turn|43
|
|t:|1613456772
|switch|p1a: Togekiss|Togekiss, F|93/100
|move|p2a: Rhyperior|Rock Blast|p1a: Togekiss
|-supereffective|p1a: Togekiss
|-damage|p1a: Togekiss|64/100
|-supereffective|p1a: Togekiss
|-damage|p1a: Togekiss|35/100
|-supereffective|p1a: Togekiss
|-damage|p1a: Togekiss|6/100
|-supereffective|p1a: Togekiss
|-damage|p1a: Togekiss|0 fnt
|-hitcount|p1a: Togekiss|4
|faint|p1a: Togekiss
|
|-heal|p2a: Rhyperior|89/100|[from] item: Leftovers
|upkeep
|l| lmyyt
|
|t:|1613456775
|switch|p1a: Heliolisk|Heliolisk, F|33/100
|turn|44
|
|t:|1613456792
|switch|p2a: Reuniclus|Reuniclus, M|100/100
|move|p1a: Heliolisk|Volt Switch|p2a: Reuniclus
|-damage|p2a: Reuniclus|78/100
|
|t:|1613456795
|switch|p1a: Darmanitan|Darmanitan, M|81/100|[from]move: Volt Switch
|
|upkeep
|turn|45
|
|t:|1613456803
|switch|p2a: Zarude|Zarude|80/100
|move|p1a: Darmanitan|Flare Blitz|p2a: Zarude
|-supereffective|p2a: Zarude
|-damage|p2a: Zarude|0 fnt
|-damage|p1a: Darmanitan|54/100|[from] Recoil
|faint|p2a: Zarude
|
|upkeep
|
|t:|1613456811
|switch|p2a: Rhyperior|Rhyperior, F|89/100
|turn|46
|
|t:|1613456818
|move|p1a: Darmanitan|Flare Blitz|p2a: Rhyperior
|-resisted|p2a: Rhyperior
|-damage|p2a: Rhyperior|49/100
|-damage|p1a: Darmanitan|39/100|[from] Recoil
|move|p2a: Rhyperior|Earthquake|p1a: Darmanitan
|-supereffective|p1a: Darmanitan
|-crit|p1a: Darmanitan
|-damage|p1a: Darmanitan|0 fnt
|faint|p1a: Darmanitan
|
|-heal|p2a: Rhyperior|55/100|[from] item: Leftovers
|upkeep
|
|t:|1613456821
|switch|p1a: Heliolisk|Heliolisk, F|33/100
|turn|47
|
|t:|1613456830
|move|p1a: Heliolisk|Surf|p2a: Rhyperior
|-supereffective|p2a: Rhyperior
|-damage|p2a: Rhyperior|0 fnt
|faint|p2a: Rhyperior
|
|upkeep
|
|t:|1613456835
|switch|p2a: Reuniclus|Reuniclus, M|100/100
|turn|48
|
|t:|1613456837
|move|p1a: Heliolisk|Surf|p2a: Reuniclus
|-damage|p2a: Reuniclus|82/100
|move|p2a: Reuniclus|Psychic|p1a: Heliolisk
|-damage|p1a: Heliolisk|0 fnt
|faint|p1a: Heliolisk
|
|win|polar_geass
|raw|LuigiPartyBro's rating: 1319 &rarr; <strong>1303</strong><br />(-16 for losing)
|raw|polar_geass's rating: 1393 &rarr; <strong>1409</strong><br />(+16 for winning)
|c|☆LuigiPartyBro|gg
|l|☆LuigiPartyBro
