|j|☆linlinzhu
|j|☆Noxious Evil
|t:|1625116328
|gametype|singles
|player|p1|linlinzhu|bianca|1338
|player|p2|Noxious Evil|barry|1056
|teamsize|p1|6
|teamsize|p2|6
|gen|8
|tier|[Gen 8] RU
|rated|
|rule|Sleep Clause Mod: Limit one foe put to sleep
|rule|Species Clause: Limit one of each Pokémon
|rule|OHKO Clause: OHKO moves are banned
|rule|Evasion Moves Clause: Evasion moves are banned
|rule|Endless Battle Clause: Forcing endless battles is banned
|rule|HP Percentage Mod: HP is shown in percentages
|rule|Dynamax Clause: You cannot dynamax
|clearpoke
|poke|p1|Pyukumuku, M|
|poke|p1|Audino, F|
|poke|p1|Registeel|
|poke|p1|Shedinja|
|poke|p1|Xatu, F|
|poke|p1|Weezing-Galar, M|
|poke|p2|Reuniclus, F|
|poke|p2|Diancie|
|poke|p2|Glastrier|
|poke|p2|Marowak-Alola, F|
|poke|p2|Vikavolt, M|
|poke|p2|Whimsicott, F|
|teampreview
|c|☆Noxious Evil|gl hf
|
|t:|1625116364
|start
|switch|p1a: Audino|Audino, F|100/100
|switch|p2a: Whimsicott|Whimsicott, F|100/100
|turn|1
|
|t:|1625116393
|move|p1a: Audino|Knock Off|p2a: Whimsicott
|-resisted|p2a: Whimsicott
|-damage|p2a: Whimsicott|94/100
|-enditem|p2a: Whimsicott|Focus Sash|[from] move: Knock Off|[of] p1a: Audino
|move|p2a: Whimsicott|Trick Room|p2a: Whimsicott
|-fieldstart|move: Trick Room|[of] p2a: Whimsicott
|
|upkeep
|turn|2
|
|t:|1625116407
|move|p2a: Whimsicott|Leech Seed|p1a: Audino
|-start|p1a: Audino|move: Leech Seed
|move|p1a: Audino|Knock Off|p2a: Whimsicott
|-resisted|p2a: Whimsicott
|-damage|p2a: Whimsicott|90/100
|
|-damage|p1a: Audino|88/100|[from] Leech Seed|[of] p2a: Whimsicott
|-heal|p2a: Whimsicott|100/100|[silent]
|upkeep
|turn|3
|
|t:|1625116420
|move|p1a: Audino|Knock Off|p2a: Whimsicott
|-resisted|p2a: Whimsicott
|-damage|p2a: Whimsicott|96/100
|move|p2a: Whimsicott|Trick Room|p2a: Whimsicott
|-fieldend|move: Trick Room
|
|-heal|p1a: Audino|94/100|[from] item: Leftovers
|-damage|p1a: Audino|82/100|[from] Leech Seed|[of] p2a: Whimsicott
|-heal|p2a: Whimsicott|100/100|[silent]
|upkeep
|turn|4
|
|t:|1625116434
|switch|p1a: Xatu|Xatu, F|100/100
|move|p2a: Whimsicott|Trick Room|p2a: Whimsicott
|-fieldstart|move: Trick Room|[of] p2a: Whimsicott
|
|upkeep
|turn|5
|
|t:|1625116441
|switch|p2a: Diancie|Diancie|100/100
|move|p1a: Xatu|Toxic|p2a: Diancie
|-status|p2a: Diancie|tox
|
|-damage|p2a: Diancie|95/100 tox|[from] psn
|upkeep
|turn|6
|
|t:|1625116450
|switch|p2a: Marowak|Marowak-Alola, F|100/100
|switch|p1a: Registeel|Registeel|100/100
|
|upkeep
|turn|7
|
|t:|1625116459
|-singleturn|p2a: Marowak|move: Focus Punch
|switch|p1a: Pyukumuku|Pyukumuku, M|100/100
|move|p2a: Marowak|Focus Punch|p1a: Pyukumuku
|-damage|p1a: Pyukumuku|45/100
|
|-heal|p1a: Pyukumuku|51/100|[from] item: Leftovers
|upkeep
|turn|8
|
|t:|1625116470
|switch|p1a: Weezing|Weezing-Galar, M|100/100
|-ability|p1a: Weezing|Neutralizing Gas
|move|p2a: Marowak|Poltergeist|p1a: Weezing
|-activate|p1a: Weezing|move: Poltergeist|Heavy-Duty Boots
|-damage|p1a: Weezing|42/100
|
|-fieldend|move: Trick Room
|upkeep
|turn|9
|
|t:|1625116482
|switch|p2a: Diancie|Diancie|95/100 tox
|move|p1a: Weezing|Rest|p1a: Weezing
|-status|p1a: Weezing|slp|[from] move: Rest
|-heal|p1a: Weezing|100/100 slp|[silent]
|
|-damage|p2a: Diancie|89/100 tox|[from] psn
|upkeep
|turn|10
|
|t:|1625116491
|-end|p1a: Weezing|ability: Neutralizing Gas
|switch|p1a: Xatu|Xatu, F|100/100
|move|p2a: Diancie|Trick Room|p2a: Diancie
|-fieldstart|move: Trick Room|[of] p2a: Diancie
|
|-damage|p2a: Diancie|77/100 tox|[from] psn
|upkeep
|turn|11
|
|t:|1625116499
|switch|p1a: Audino|Audino, F|100/100
|move|p2a: Diancie|Power Gem|p1a: Audino
|-damage|p1a: Audino|76/100
|
|-heal|p1a: Audino|82/100|[from] item: Leftovers
|-damage|p2a: Diancie|59/100 tox|[from] psn
|upkeep
|turn|12
|
|t:|1625116520
|switch|p2a: Reuniclus|Reuniclus, F|100/100
|move|p1a: Audino|Knock Off|p2a: Reuniclus
|-supereffective|p2a: Reuniclus
|-damage|p2a: Reuniclus|73/100
|-enditem|p2a: Reuniclus|Life Orb|[from] move: Knock Off|[of] p1a: Audino
|
|-heal|p1a: Audino|88/100|[from] item: Leftovers
|upkeep
|turn|13
|
|t:|1625116529
|move|p2a: Reuniclus|Psychic|p1a: Audino
|-damage|p1a: Audino|53/100
|move|p1a: Audino|Wish|p1a: Audino
|
|-heal|p1a: Audino|59/100|[from] item: Leftovers
|upkeep
|turn|14
|
|t:|1625116534
|switch|p2a: Diancie|Diancie|59/100 tox
|move|p1a: Audino|Protect||[still]
|-fail|p1a: Audino
|
|-heal|p1a: Audino|100/100|[from] move: Wish|[wisher] Audino
|-damage|p2a: Diancie|53/100 tox|[from] psn
|-fieldend|move: Trick Room
|upkeep
|turn|15
|
|t:|1625116542
|move|p1a: Audino|Wish|p1a: Audino
|move|p2a: Diancie|Trick Room|p2a: Diancie
|-fieldstart|move: Trick Room|[of] p2a: Diancie
|
|-damage|p2a: Diancie|41/100 tox|[from] psn
|upkeep
|turn|16
|
|t:|1625116547
|move|p2a: Diancie|Stealth Rock|p1a: Audino
|-sidestart|p1: linlinzhu|move: Stealth Rock
|move|p1a: Audino|Knock Off|p2a: Diancie
|-resisted|p2a: Diancie
|-damage|p2a: Diancie|36/100 tox
|-enditem|p2a: Diancie|Focus Sash|[from] move: Knock Off|[of] p1a: Audino
|
|-damage|p2a: Diancie|18/100 tox|[from] psn
|upkeep
|turn|17
|
|t:|1625116566
|move|p2a: Diancie|Moonblast|p1a: Audino
|-damage|p1a: Audino|70/100
|-unboost|p1a: Audino|spa|1
|move|p1a: Audino|Wish|p1a: Audino
|
|-heal|p1a: Audino|76/100|[from] item: Leftovers
|-damage|p2a: Diancie|0 fnt|[from] psn
|faint|p2a: Diancie
|upkeep
|j| turtledoggo1
|
|t:|1625116579
|switch|p2a: Marowak|Marowak-Alola, F|100/100
|turn|18
|
|t:|1625116584
|move|p1a: Audino|Protect|p1a: Audino
|-singleturn|p1a: Audino|Protect
|move|p2a: Marowak|Flare Blitz|p1a: Audino
|-activate|p1a: Audino|move: Protect
|
|-heal|p1a: Audino|100/100|[from] move: Wish|[wisher] Audino
|upkeep
|turn|19
|
|t:|1625116591
|switch|p2a: Whimsicott|Whimsicott, F|100/100
|move|p1a: Audino|Knock Off|p2a: Whimsicott
|-resisted|p2a: Whimsicott
|-damage|p2a: Whimsicott|96/100
|
|-fieldend|move: Trick Room
|upkeep
|turn|20
|
|t:|1625116597
|move|p2a: Whimsicott|Leech Seed|p1a: Audino
|-start|p1a: Audino|move: Leech Seed
|move|p1a: Audino|Heal Bell|p1a: Audino
|-activate|p1a: Audino|move: Heal Bell
|-curestatus|p1: Weezing|slp|[msg]
|
|-damage|p1a: Audino|88/100|[from] Leech Seed|[of] p2a: Whimsicott
|-heal|p2a: Whimsicott|100/100|[silent]
|upkeep
|turn|21
|j| Nohtori
|
|t:|1625116605
|switch|p1a: Weezing|Weezing-Galar, M|100/100
|-ability|p1a: Weezing|Neutralizing Gas
|move|p2a: Whimsicott|Trick Room|p2a: Whimsicott
|-fieldstart|move: Trick Room|[of] p2a: Whimsicott
|
|upkeep
|turn|22
|
|t:|1625116626
|-end|p1a: Weezing|ability: Neutralizing Gas
|switch|p1a: Audino|Audino, F|100/100
|-damage|p1a: Audino|88/100|[from] Stealth Rock
|switch|p2a: Reuniclus|Reuniclus, F|100/100
|
|-heal|p1a: Audino|94/100|[from] item: Leftovers
|upkeep
|turn|23
|
|t:|1625116639
|move|p2a: Reuniclus|Shadow Ball|p1a: Audino
|-immune|p1a: Audino
|move|p1a: Audino|Wish|p1a: Audino
|
|-heal|p1a: Audino|99/100|[from] item: Leftovers
|upkeep
|turn|24
|
|t:|1625116672
|move|p2a: Reuniclus|Focus Blast|p1a: Audino
|-supereffective|p1a: Audino
|-damage|p1a: Audino|46/100
|move|p1a: Audino|Knock Off|p2a: Reuniclus
|-supereffective|p2a: Reuniclus
|-damage|p2a: Reuniclus|82/100
|
|-heal|p1a: Audino|96/100|[from] move: Wish|[wisher] Audino
|-heal|p1a: Audino|100/100|[from] item: Leftovers
|upkeep
|turn|25
|
|t:|1625116682
|move|p1a: Audino|Protect|p1a: Audino
|-singleturn|p1a: Audino|Protect
|move|p2a: Reuniclus|Focus Blast|p1a: Audino
|-activate|p1a: Audino|move: Protect
|
|-fieldend|move: Trick Room
|upkeep
|turn|26
|
|t:|1625116689
|switch|p2a: Whimsicott|Whimsicott, F|100/100
|move|p1a: Audino|Wish|p1a: Audino
|
|upkeep
|turn|27
|
|t:|1625116695
|switch|p1a: Registeel|Registeel|100/100
|-damage|p1a: Registeel|94/100|[from] Stealth Rock
|move|p2a: Whimsicott|Leech Seed|p1a: Registeel
|-start|p1a: Registeel|move: Leech Seed
|
|-heal|p1a: Registeel|100/100|[from] move: Wish|[wisher] Audino
|-damage|p1a: Registeel|88/100|[from] Leech Seed|[of] p2a: Whimsicott
|upkeep
|turn|28
|
|t:|1625116704
|switch|p2a: Marowak|Marowak-Alola, F|100/100
|move|p1a: Registeel|Stealth Rock|p2a: Marowak
|-sidestart|p2: Noxious Evil|move: Stealth Rock
|
|-heal|p1a: Registeel|94/100|[from] item: Leftovers
|-damage|p1a: Registeel|82/100|[from] Leech Seed|[of] p2a: Marowak
|upkeep
|turn|29
|
|t:|1625116712
|switch|p1a: Pyukumuku|Pyukumuku, M|51/100
|-damage|p1a: Pyukumuku|38/100|[from] Stealth Rock
|move|p2a: Marowak|Flare Blitz|p1a: Pyukumuku
|-resisted|p1a: Pyukumuku
|-damage|p1a: Pyukumuku|7/100
|
|-heal|p1a: Pyukumuku|13/100|[from] item: Leftovers
|upkeep
|turn|30
|
|t:|1625116721
|move|p2a: Marowak|Flare Blitz|p1a: Pyukumuku
|-resisted|p1a: Pyukumuku
|-damage|p1a: Pyukumuku|0 fnt
|faint|p1a: Pyukumuku
|
|upkeep
|
|t:|1625116732
|switch|p1a: Audino|Audino, F|100/100
|-damage|p1a: Audino|88/100|[from] Stealth Rock
|turn|31
|
|t:|1625116736
|switch|p2a: Whimsicott|Whimsicott, F|100/100
|-damage|p2a: Whimsicott|88/100|[from] Stealth Rock
|move|p1a: Audino|Knock Off|p2a: Whimsicott
|-resisted|p2a: Whimsicott
|-damage|p2a: Whimsicott|84/100
|
|-heal|p1a: Audino|94/100|[from] item: Leftovers
|upkeep
|turn|32
|
|t:|1625116748
|switch|p1a: Xatu|Xatu, F|100/100
|move|p2a: Whimsicott|Defog|p1a: Xatu
|move|p1a: Xatu|Defog|p2a: Whimsicott|[from]ability: Magic Bounce
|-unboost|p2a: Whimsicott|evasion|1
|-sideend|p2: Noxious Evil|Stealth Rock|[from] move: Defog|[of] p1a: Xatu
|-sideend|p1: linlinzhu|Stealth Rock|[from] move: Defog|[of] p1a: Xatu
|
|upkeep
|turn|33
|
|t:|1625116766
|switch|p1a: Audino|Audino, F|100/100
|switch|p2a: Vikavolt|Vikavolt, M|100/100
|
|upkeep
|turn|34
|
|t:|1625116774
|switch|p2a: Whimsicott|Whimsicott, F|84/100
|move|p1a: Audino|Knock Off|p2a: Whimsicott
|-resisted|p2a: Whimsicott
|-damage|p2a: Whimsicott|80/100
|
|upkeep
|turn|35
|
|t:|1625116789
|switch|p1a: Xatu|Xatu, F|100/100
|move|p2a: Whimsicott|Leech Seed|p1a: Xatu
|move|p1a: Xatu|Leech Seed|p2a: Whimsicott|[from]ability: Magic Bounce
|-immune|p2a: Whimsicott
|
|upkeep
|turn|36
|
|t:|1625116797
|switch|p2a: Vikavolt|Vikavolt, M|100/100
|move|p1a: Xatu|Toxic|p2a: Vikavolt|[miss]
|-miss|p1a: Xatu|p2a: Vikavolt
|
|upkeep
|turn|37
|
|t:|1625116803
|switch|p1a: Shedinja|Shedinja|100/100
|move|p2a: Vikavolt|Thunderbolt|p1a: Shedinja
|-immune|p1a: Shedinja|[from] ability: Wonder Guard
|
|upkeep
|turn|38
|
|t:|1625116809
|switch|p2a: Whimsicott|Whimsicott, F|80/100
|move|p1a: Shedinja|Toxic|p2a: Whimsicott
|-status|p2a: Whimsicott|tox
|
|-damage|p2a: Whimsicott|74/100 tox|[from] psn
|upkeep
|turn|39
|
|t:|1625116820
|switch|p2a: Glastrier|Glastrier|100/100
|switch|p1a: Audino|Audino, F|100/100
|
|upkeep
|turn|40
|
|t:|1625116826
|move|p1a: Audino|Knock Off|p2a: Glastrier
|-damage|p2a: Glastrier|91/100
|-enditem|p2a: Glastrier|Choice Band|[from] move: Knock Off|[of] p1a: Audino
|move|p2a: Glastrier|Close Combat|p1a: Audino
|-supereffective|p1a: Audino
|-damage|p1a: Audino|12/100
|-unboost|p2a: Glastrier|def|1
|-unboost|p2a: Glastrier|spd|1
|
|-heal|p1a: Audino|18/100|[from] item: Leftovers
|upkeep
|turn|41
|
|t:|1625116838
|move|p1a: Audino|Protect|p1a: Audino
|-singleturn|p1a: Audino|Protect
|move|p2a: Glastrier|Icicle Crash|p1a: Audino
|-activate|p1a: Audino|move: Protect
|
|-heal|p1a: Audino|24/100|[from] item: Leftovers
|upkeep
|turn|42
|
|t:|1625116845
|switch|p1a: Shedinja|Shedinja|100/100
|move|p2a: Glastrier|Close Combat|p1a: Shedinja
|-immune|p1a: Shedinja|[from] ability: Wonder Guard
|
|upkeep
|turn|43
|
|t:|1625116851
|switch|p2a: Whimsicott|Whimsicott, F|74/100 tox
|move|p1a: Shedinja|Protect||[still]
|-fail|p1a: Shedinja
|
|-damage|p2a: Whimsicott|68/100 tox|[from] psn
|upkeep
|turn|44
|
|t:|1625116858
|switch|p1a: Audino|Audino, F|58/100
|move|p2a: Whimsicott|Leech Seed|p1a: Audino
|-start|p1a: Audino|move: Leech Seed
|
|-heal|p1a: Audino|64/100|[from] item: Leftovers
|-damage|p1a: Audino|51/100|[from] Leech Seed|[of] p2a: Whimsicott
|-heal|p2a: Whimsicott|84/100 tox|[silent]
|-damage|p2a: Whimsicott|71/100 tox|[from] psn
|upkeep
|turn|45
|
|t:|1625116871
|switch|p2a: Glastrier|Glastrier|91/100
|switch|p1a: Xatu|Xatu, F|100/100
|
|upkeep
|turn|46
|
|t:|1625116877
|switch|p1a: Shedinja|Shedinja|100/100
|move|p2a: Glastrier|Icicle Crash|p1a: Shedinja
|-immune|p1a: Shedinja|[from] ability: Wonder Guard
|
|upkeep
|turn|47
|
|t:|1625116888
|switch|p2a: Marowak|Marowak-Alola, F|100/100
|move|p1a: Shedinja|Toxic|p2a: Marowak
|-status|p2a: Marowak|tox
|
|-damage|p2a: Marowak|94/100 tox|[from] psn
|upkeep
|turn|48
|
|t:|1625116896
|switch|p1a: Audino|Audino, F|84/100
|move|p2a: Marowak|Flare Blitz|p1a: Audino
|-damage|p1a: Audino|0 fnt
|faint|p1a: Audino
|
|-damage|p2a: Marowak|82/100 tox|[from] psn
|upkeep
|
|t:|1625116916
|switch|p1a: Registeel|Registeel|82/100
|turn|49
|
|t:|1625116942
|move|p1a: Registeel|Iron Defense|p1a: Registeel
|-boost|p1a: Registeel|def|2
|move|p2a: Marowak|Flare Blitz|p1a: Registeel
|-supereffective|p1a: Registeel
|-damage|p1a: Registeel|24/100
|
|-heal|p1a: Registeel|30/100|[from] item: Leftovers
|-damage|p2a: Marowak|63/100 tox|[from] psn
|upkeep
|turn|50
|
|t:|1625116953
|switch|p2a: Whimsicott|Whimsicott, F|71/100 tox
|move|p1a: Registeel|Stealth Rock|p2a: Whimsicott
|-sidestart|p2: Noxious Evil|move: Stealth Rock
|
|-heal|p1a: Registeel|36/100|[from] item: Leftovers
|-damage|p2a: Whimsicott|65/100 tox|[from] psn
|upkeep
|turn|51
|
|t:|1625116960
|move|p2a: Whimsicott|Defog|p1a: Registeel
|-fail|p1a: Registeel|unboost|[from] ability: Clear Body|[of] p1a: Registeel
|-sideend|p2: Noxious Evil|Stealth Rock|[from] move: Defog|[of] p2a: Whimsicott
|move|p1a: Registeel|Body Press|p2a: Whimsicott
|-resisted|p2a: Whimsicott
|-damage|p2a: Whimsicott|42/100 tox
|
|-heal|p1a: Registeel|42/100|[from] item: Leftovers
|-damage|p2a: Whimsicott|30/100 tox|[from] psn
|upkeep
|turn|52
|
|t:|1625116973
|switch|p2a: Reuniclus|Reuniclus, F|100/100
|move|p1a: Registeel|Body Press|p2a: Reuniclus
|-resisted|p2a: Reuniclus
|-damage|p2a: Reuniclus|74/100
|
|-heal|p1a: Registeel|48/100|[from] item: Leftovers
|upkeep
|turn|53
|
|t:|1625116981
|move|p1a: Registeel|Stealth Rock|p2a: Reuniclus
|-sidestart|p2: Noxious Evil|move: Stealth Rock
|move|p2a: Reuniclus|Focus Blast|p1a: Registeel|[miss]
|-miss|p2a: Reuniclus|p1a: Registeel
|
|-heal|p1a: Registeel|54/100|[from] item: Leftovers
|upkeep
|turn|54
|
|t:|1625117000
|move|p1a: Registeel|Body Press|p2a: Reuniclus
|-resisted|p2a: Reuniclus
|-damage|p2a: Reuniclus|45/100
|move|p2a: Reuniclus|Focus Blast|p1a: Registeel
|-supereffective|p1a: Registeel
|-damage|p1a: Registeel|9/100
|
|-heal|p1a: Registeel|15/100|[from] item: Leftovers
|upkeep
|turn|55
|
|t:|1625117020
|move|p1a: Registeel|Body Press|p2a: Reuniclus
|-resisted|p2a: Reuniclus
|-damage|p2a: Reuniclus|19/100
|move|p2a: Reuniclus|Shadow Ball|p1a: Registeel
|-damage|p1a: Registeel|0 fnt
|faint|p1a: Registeel
|
|upkeep
|
|t:|1625117039
|switch|p1a: Xatu|Xatu, F|100/100
|turn|56
|
|t:|1625117045
|switch|p2a: Whimsicott|Whimsicott, F|30/100 tox
|-damage|p2a: Whimsicott|17/100 tox|[from] Stealth Rock
|move|p1a: Xatu|Night Shade|p2a: Whimsicott
|-damage|p2a: Whimsicott|0 fnt
|faint|p2a: Whimsicott
|
|upkeep
|
|t:|1625117054
|switch|p2a: Vikavolt|Vikavolt, M|100/100
|-damage|p2a: Vikavolt|76/100|[from] Stealth Rock
|turn|57
|
|t:|1625117060
|switch|p1a: Shedinja|Shedinja|100/100
|switch|p2a: Reuniclus|Reuniclus, F|53/100
|-damage|p2a: Reuniclus|40/100|[from] Stealth Rock
|
|upkeep
|turn|58
|
|t:|1625117077
|switch|p1a: Xatu|Xatu, F|100/100
|switch|p2a: Vikavolt|Vikavolt, M|76/100
|-damage|p2a: Vikavolt|51/100|[from] Stealth Rock
|
|upkeep
|turn|59
|
|t:|1625117087
|switch|p1a: Shedinja|Shedinja|100/100
|move|p2a: Vikavolt|Thunderbolt|p1a: Shedinja
|-immune|p1a: Shedinja|[from] ability: Wonder Guard
|
|upkeep
|turn|60
|
|t:|1625117093
|switch|p2a: Glastrier|Glastrier|91/100
|-damage|p2a: Glastrier|67/100|[from] Stealth Rock
|move|p1a: Shedinja|Toxic|p2a: Glastrier
|-status|p2a: Glastrier|tox
|
|-damage|p2a: Glastrier|60/100 tox|[from] psn
|upkeep
|turn|61
|
|t:|1625117116
|switch|p2a: Reuniclus|Reuniclus, F|74/100
|-damage|p2a: Reuniclus|61/100|[from] Stealth Rock
|move|p1a: Shedinja|Toxic|p2a: Reuniclus
|-status|p2a: Reuniclus|tox
|
|-damage|p2a: Reuniclus|55/100 tox|[from] psn
|upkeep
|turn|62
|
|t:|1625117124
|move|p1a: Shedinja|Protect|p1a: Shedinja
|-singleturn|p1a: Shedinja|Protect
|move|p2a: Reuniclus|Shadow Ball|p1a: Shedinja
|-activate|p1a: Shedinja|move: Protect
|
|-damage|p2a: Reuniclus|43/100 tox|[from] psn
|upkeep
|turn|63
|
|t:|1625117133
|switch|p1a: Weezing|Weezing-Galar, M|100/100
|-ability|p1a: Weezing|Neutralizing Gas
|switch|p2a: Glastrier|Glastrier|60/100 tox
|-damage|p2a: Glastrier|35/100 tox|[from] Stealth Rock
|
|-damage|p2a: Glastrier|29/100 tox|[from] psn
|upkeep
|turn|64
|
|t:|1625117142
|-end|p1a: Weezing|ability: Neutralizing Gas
|switch|p1a: Shedinja|Shedinja|100/100
|move|p2a: Glastrier|Icicle Crash|p1a: Shedinja
|-immune|p1a: Shedinja|[from] ability: Wonder Guard
|
|-damage|p2a: Glastrier|17/100 tox|[from] psn
|upkeep
|turn|65
|
|t:|1625117152
|switch|p2a: Reuniclus|Reuniclus, F|43/100 tox
|-damage|p2a: Reuniclus|31/100 tox|[from] Stealth Rock
|move|p1a: Shedinja|Shadow Sneak|p2a: Reuniclus
|-supereffective|p2a: Reuniclus
|-damage|p2a: Reuniclus|0 fnt
|faint|p2a: Reuniclus
|
|upkeep
|c|☆Noxious Evil|ngl dude, this team and battle are hella frustrating
|c|☆Noxious Evil|like you play well and i can see youre skilled
|c|☆Noxious Evil|but fr
|c|☆Noxious Evil|pick a different setup lmaooo
|
|t:|1625117202
|switch|p2a: Marowak|Marowak-Alola, F|63/100 tox
|-damage|p2a: Marowak|39/100 tox|[from] Stealth Rock
|turn|66
|
|t:|1625117207
|switch|p1a: Weezing|Weezing-Galar, M|100/100
|-ability|p1a: Weezing|Neutralizing Gas
|move|p2a: Marowak|Flare Blitz|p1a: Weezing
|-damage|p1a: Weezing|31/100
|-status|p1a: Weezing|brn
|-damage|p2a: Marowak|15/100 tox|[from] Recoil
|
|-damage|p2a: Marowak|9/100 tox|[from] psn
|-damage|p1a: Weezing|25/100 brn|[from] brn
|upkeep
|turn|67
|c|☆Noxious Evil|this boring and just dumb lmao
|
|t:|1625117225
|move|p1a: Weezing|Rest|p1a: Weezing
|-status|p1a: Weezing|slp|[from] move: Rest
|-heal|p1a: Weezing|100/100 slp|[silent]
|move|p2a: Marowak|Flare Blitz|p1a: Weezing
|-damage|p1a: Weezing|40/100 slp
|-damage|p2a: Marowak|0 fnt|[from] Recoil
|faint|p2a: Marowak
|
|upkeep
|
|t:|1625117227
|switch|p2a: Vikavolt|Vikavolt, M|51/100
|-damage|p2a: Vikavolt|26/100|[from] Stealth Rock
|turn|68
|
|t:|1625117238
|cant|p1a: Weezing|slp
|move|p1a: Weezing|Sleep Talk|p1a: Weezing
|move|p1a: Weezing|Strange Steam|p2a: Vikavolt|[from]move: Sleep Talk
|-crit|p2a: Vikavolt
|-damage|p2a: Vikavolt|0 fnt
|faint|p2a: Vikavolt
|
|upkeep
|c|☆Noxious Evil|ggs ig, but like a taxi driver told to work from home
|c|☆Noxious Evil|pick a new hobby
|
|t:|1625117284
|switch|p2a: Glastrier|Glastrier|17/100 tox
|-damage|p2a: Glastrier|0 fnt|[from] Stealth Rock
|faint|p2a: Glastrier
|
|win|linlinzhu
|raw|linlinzhu's rating: 1338 &rarr; <strong>1345</strong><br />(+7 for winning)
|raw|Noxious Evil's rating: 1056 &rarr; <strong>1050</strong><br />(-6 for losing)
|l|☆linlinzhu
|c|☆Noxious Evil|BRUH WHAT
|l| Nohtori
|l| turtledoggo1
