|j|☆epicelite2
|j|☆Panorama Fiesta
|inactive|Battle timer is ON: inactive players will automatically lose when time's up.
|t:|1632279785
|gametype|singles
|player|p1|epicelite2|101|
|player|p2|Panorama Fiesta|drake-gen3|
|teamsize|p1|6
|teamsize|p2|6
|gen|8
|tier|[Gen 8] RU
|rated|Tournament battle
|rule|Sleep Clause Mod: Limit one foe put to sleep
|rule|Species Clause: Limit one of each Pokémon
|rule|OHKO Clause: OHKO moves are banned
|rule|Evasion Moves Clause: Evasion moves are banned
|rule|Endless Battle Clause: Forcing endless battles is banned
|rule|HP Percentage Mod: HP is shown in percentages
|rule|Dynamax Clause: You cannot dynamax
|clearpoke
|poke|p1|Chandelure, M|
|poke|p1|Cobalion|
|poke|p1|Raikou|
|poke|p1|Togekiss, F|
|poke|p1|Seismitoad, M|
|poke|p1|Volcanion|
|poke|p2|Flygon, F|
|poke|p2|Lucario, M|
|poke|p2|Rotom-Mow|
|poke|p2|Volcanion|
|poke|p2|Weezing-Galar, M|
|poke|p2|Registeel|
|teampreview
|j|*Lady Monita
|j| wesh papillon
|j| Lucari-yoyo ツ
|j| DrewCareysFeet
|
|t:|1632279804
|start
|switch|p1a: Chandelure|Chandelure, M|100/100
|switch|p2a: Volcanion|Volcanion|100/100
|turn|1
|
|t:|1632279811
|move|p1a: Chandelure|Shadow Ball|p2a: Volcanion
|-damage|p2a: Volcanion|44/100
|move|p2a: Volcanion|Earth Power|p1a: Chandelure
|-supereffective|p1a: Chandelure
|-damage|p1a: Chandelure|8/100
|
|upkeep
|turn|2
|
|t:|1632279816
|switch|p2a: Registeel|Registeel|100/100
|move|p1a: Chandelure|Shadow Ball|p2a: Registeel
|-damage|p2a: Registeel|78/100
|
|-heal|p2a: Registeel|84/100|[from] item: Leftovers
|upkeep
|turn|3
|j| Fireonmfs
|j| Vegueton2000
|j| MastreredUIShoto
|l| Fireonmfs
|inactive|epicelite2 has 120 seconds left.
|j|+GoldTodd1‽
|
|t:|1632279863
|move|p1a: Chandelure|Shadow Ball|p2a: Registeel
|-damage|p2a: Registeel|61/100
|move|p2a: Registeel|Stealth Rock|p1a: Chandelure
|-sidestart|p1: epicelite2|move: Stealth Rock
|
|-heal|p2a: Registeel|67/100|[from] item: Leftovers
|upkeep
|turn|4
|j| gokupichu
|
|t:|1632279873
|switch|p1a: Seismitoad|Seismitoad, M|100/100
|-damage|p1a: Seismitoad|94/100|[from] Stealth Rock
|move|p2a: Registeel|Toxic|p1a: Seismitoad
|-status|p1a: Seismitoad|tox
|
|-heal|p1a: Seismitoad|100/100 tox|[from] item: Leftovers
|-heal|p2a: Registeel|74/100|[from] item: Leftovers
|-damage|p1a: Seismitoad|94/100 tox|[from] psn
|upkeep
|turn|5
|
|t:|1632279902
|move|p1a: Seismitoad|Stealth Rock|p2a: Registeel
|-sidestart|p2: Panorama Fiesta|move: Stealth Rock
|move|p2a: Registeel|Iron Defense|p2a: Registeel
|-boost|p2a: Registeel|def|2
|
|-heal|p1a: Seismitoad|100/100 tox|[from] item: Leftovers
|-heal|p2a: Registeel|80/100|[from] item: Leftovers
|-damage|p1a: Seismitoad|88/100 tox|[from] psn
|upkeep
|turn|6
|
|t:|1632279912
|move|p1a: Seismitoad|Scald|p2a: Registeel
|-damage|p2a: Registeel|66/100
|-status|p2a: Registeel|brn
|move|p2a: Registeel|Body Press|p1a: Seismitoad
|-damage|p1a: Seismitoad|69/100 tox
|
|-heal|p1a: Seismitoad|75/100 tox|[from] item: Leftovers
|-heal|p2a: Registeel|72/100 brn|[from] item: Leftovers
|-damage|p1a: Seismitoad|57/100 tox|[from] psn
|-damage|p2a: Registeel|66/100 brn|[from] brn
|upkeep
|turn|7
|
|t:|1632279918
|move|p1a: Seismitoad|Earth Power|p2a: Registeel
|-supereffective|p2a: Registeel
|-damage|p2a: Registeel|38/100 brn
|move|p2a: Registeel|Body Press|p1a: Seismitoad
|-damage|p1a: Seismitoad|38/100 tox
|
|-heal|p1a: Seismitoad|44/100 tox|[from] item: Leftovers
|-heal|p2a: Registeel|44/100 brn|[from] item: Leftovers
|-damage|p1a: Seismitoad|20/100 tox|[from] psn
|-damage|p2a: Registeel|38/100 brn|[from] brn
|upkeep
|turn|8
|j| Ion Guard
|j| Elfuseon
|l| MastreredUIShoto
|
|t:|1632279929
|switch|p1a: Chandelure|Chandelure, M|8/100
|-damage|p1a: Chandelure|0 fnt|[from] Stealth Rock
|faint|p1a: Chandelure
|switch|p2a: Rotom|Rotom-Mow|100/100
|-damage|p2a: Rotom|88/100|[from] Stealth Rock
|
|upkeep
|j| Poppydelswift
|
|t:|1632279939
|switch|p1a: Raikou|Raikou|100/100
|-damage|p1a: Raikou|88/100|[from] Stealth Rock
|turn|9
|l| Ion Guard
|
|t:|1632279950
|move|p2a: Rotom|Trick|p1a: Raikou
|-activate|p2a: Rotom|move: Trick|[of] p1a: Raikou
|-item|p1a: Raikou|Choice Scarf|[from] move: Trick
|-item|p2a: Rotom|Leftovers|[from] move: Trick
|move|p1a: Raikou|Substitute|p1a: Raikou
|-start|p1a: Raikou|Substitute
|-damage|p1a: Raikou|63/100
|
|-heal|p2a: Rotom|94/100|[from] item: Leftovers
|upkeep
|turn|10
|j| returnkusa
|j| Shlok
|
|t:|1632279964
|switch|p1a: Seismitoad|Seismitoad, M|20/100 tox
|-damage|p1a: Seismitoad|14/100 tox|[from] Stealth Rock
|move|p2a: Rotom|Nasty Plot|p2a: Rotom
|-boost|p2a: Rotom|spa|2
|
|-heal|p2a: Rotom|100/100|[from] item: Leftovers
|-heal|p1a: Seismitoad|20/100 tox|[from] item: Leftovers
|-damage|p1a: Seismitoad|14/100 tox|[from] psn
|upkeep
|turn|11
|
|t:|1632279968
|move|p2a: Rotom|Leaf Storm|p1a: Seismitoad
|-supereffective|p1a: Seismitoad
|-damage|p1a: Seismitoad|0 fnt
|-unboost|p2a: Rotom|spa|2
|faint|p1a: Seismitoad
|
|upkeep
|inactive|epicelite2 has 120 seconds left.
|
|t:|1632279975
|switch|p1a: Volcanion|Volcanion|100/100
|-damage|p1a: Volcanion|76/100|[from] Stealth Rock
|turn|12
|
|t:|1632279983
|move|p2a: Rotom|Volt Switch|p1a: Volcanion
|-supereffective|p1a: Volcanion
|-damage|p1a: Volcanion|16/100
|
|t:|1632279986
|switch|p2a: Volcanion|Volcanion|44/100|[from]move: Volt Switch
|move|p1a: Volcanion|Flamethrower|p2a: Volcanion
|-resisted|p2a: Volcanion
|-damage|p2a: Volcanion|20/100
|
|upkeep
|turn|13
|j| catguy52
|inactive|epicelite2 has 120 seconds left.
|
|t:|1632280013
|move|p2a: Volcanion|Earth Power|p1a: Volcanion
|-supereffective|p1a: Volcanion
|-damage|p1a: Volcanion|0 fnt
|faint|p1a: Volcanion
|
|upkeep
|j| Kabilapok
|inactive|epicelite2 has 120 seconds left.
|
|t:|1632280021
|switch|p1a: Cobalion|Cobalion|100/100
|-damage|p1a: Cobalion|97/100|[from] Stealth Rock
|turn|14
|j| Barracudacaiman
|
|t:|1632280028
|move|p1a: Cobalion|Close Combat|p2a: Volcanion
|-damage|p2a: Volcanion|0 fnt
|-unboost|p1a: Cobalion|def|1
|-unboost|p1a: Cobalion|spd|1
|faint|p2a: Volcanion
|
|-heal|p1a: Cobalion|100/100|[from] item: Leftovers
|upkeep
|
|t:|1632280037
|switch|p2a: Rotom|Rotom-Mow|100/100
|-damage|p2a: Rotom|88/100|[from] Stealth Rock
|turn|15
|
|t:|1632280043
|move|p1a: Cobalion|Close Combat|p2a: Rotom
|-damage|p2a: Rotom|23/100
|-unboost|p1a: Cobalion|def|1
|-unboost|p1a: Cobalion|spd|1
|move|p2a: Rotom|Volt Switch|p1a: Cobalion
|-damage|p1a: Cobalion|21/100
|
|t:|1632280049
|switch|p2a: Weezing|Weezing-Galar, M|100/100|[from]move: Volt Switch
|-damage|p2a: Weezing|88/100|[from] Stealth Rock
|
|-heal|p1a: Cobalion|27/100|[from] item: Leftovers
|upkeep
|turn|16
|j| Aura12345
|inactive|epicelite2 has 120 seconds left.
|
|t:|1632280087
|move|p1a: Cobalion|Iron Head|p2a: Weezing
|-supereffective|p2a: Weezing
|-damage|p2a: Weezing|44/100
|-damage|p1a: Cobalion|10/100|[from] item: Rocky Helmet|[of] p2a: Weezing
|move|p2a: Weezing|Strange Steam|p1a: Cobalion
|-damage|p1a: Cobalion|0 fnt
|faint|p1a: Cobalion
|
|upkeep
|l| Poppydelswift
|
|t:|1632280091
|switch|p1a: Raikou|Raikou|63/100
|-damage|p1a: Raikou|51/100|[from] Stealth Rock
|turn|17
|
|t:|1632280096
|move|p1a: Raikou|Discharge|p2a: Weezing
|-damage|p2a: Weezing|0 fnt
|faint|p2a: Weezing
|
|upkeep
|
|t:|1632280099
|switch|p2a: Flygon|Flygon, F|100/100
|-damage|p2a: Flygon|95/100|[from] Stealth Rock
|turn|18
|
|t:|1632280102
|switch|p1a: Togekiss|Togekiss, F|100/100
|-damage|p1a: Togekiss|76/100|[from] Stealth Rock
|move|p2a: Flygon|Iron Tail|p1a: Togekiss
|-supereffective|p1a: Togekiss
|-damage|p1a: Togekiss|24/100
|-damage|p2a: Flygon|78/100|[from] item: Rocky Helmet|[of] p1a: Togekiss
|
|upkeep
|turn|19
|
|t:|1632280111
|switch|p2a: Registeel|Registeel|38/100 brn
|-damage|p2a: Registeel|32/100 brn|[from] Stealth Rock
|move|p1a: Togekiss|Dazzling Gleam|p2a: Registeel
|-resisted|p2a: Registeel
|-damage|p2a: Registeel|23/100 brn
|
|-heal|p2a: Registeel|29/100 brn|[from] item: Leftovers
|-damage|p2a: Registeel|23/100 brn|[from] brn
|upkeep
|turn|20
|
|t:|1632280116
|move|p1a: Togekiss|Air Slash|p2a: Registeel
|-resisted|p2a: Registeel
|-damage|p2a: Registeel|15/100 brn
|move|p2a: Registeel|Toxic|p1a: Togekiss
|-status|p1a: Togekiss|tox
|
|-heal|p2a: Registeel|21/100 brn|[from] item: Leftovers
|-damage|p1a: Togekiss|18/100 tox|[from] psn
|-damage|p2a: Registeel|15/100 brn|[from] brn
|upkeep
|turn|21
|
|t:|1632280120
|move|p1a: Togekiss|Wish|p1a: Togekiss
|move|p2a: Registeel|Body Press|p1a: Togekiss
|-resisted|p1a: Togekiss
|-damage|p1a: Togekiss|14/100 tox
|-damage|p2a: Registeel|0 fnt|[from] item: Rocky Helmet|[of] p1a: Togekiss
|faint|p2a: Registeel
|
|-damage|p1a: Togekiss|2/100 tox|[from] psn
|upkeep
|
|t:|1632280126
|switch|p2a: Rotom|Rotom-Mow|23/100
|-damage|p2a: Rotom|11/100|[from] Stealth Rock
|turn|22
|
|t:|1632280132
|move|p1a: Togekiss|Protect|p1a: Togekiss
|-singleturn|p1a: Togekiss|Protect
|move|p2a: Rotom|Volt Switch|p1a: Togekiss
|-activate|p1a: Togekiss|move: Protect
|
|-heal|p1a: Togekiss|52/100 tox|[from] move: Wish|[wisher] Togekiss
|-heal|p2a: Rotom|17/100|[from] item: Leftovers
|-damage|p1a: Togekiss|33/100 tox|[from] psn
|upkeep
|turn|23
|j| KEEPING IT ICY
|l| KEEPING IT ICY
|
|t:|1632280159
|move|p2a: Rotom|Volt Switch|p1a: Togekiss
|-supereffective|p1a: Togekiss
|-damage|p1a: Togekiss|0 fnt
|faint|p1a: Togekiss
|
|t:|1632280165
|switch|p2a: Lucario|Lucario, M|100/100|[from]move: Volt Switch
|-damage|p2a: Lucario|98/100|[from] Stealth Rock
|
|upkeep
|
|t:|1632280167
|switch|p1a: Raikou|Raikou|51/100
|-damage|p1a: Raikou|38/100|[from] Stealth Rock
|turn|24
|
|t:|1632280170
|move|p2a: Lucario|Extreme Speed|p1a: Raikou
|-damage|p1a: Raikou|0 fnt
|faint|p1a: Raikou
|
|win|Panorama Fiesta
|n|☆epicelite2|epicelite2
|n|☆Panorama Fiesta|panoramafiesta
|n|*Lady Monita|ladymonita
|n| wesh papillon|weshpapillon
|n| Lucari-yoyo ツ|lucariyoyo
|n| DrewCareysFeet|drewcareysfeet
|n| Vegueton2000|vegueton2000
|n| GoldTodd1‽|goldtodd1
|n| gokupichu|gokupichu
|n| Elfuseon|elfuseon
|n| returnkusa|returnkusa
|n| Shlok|shlok
|n| catguy52|catguy52
|n| Kabilapok|kabilapok
|n| Barracudacaiman|barracudacaiman
|n| Aura12345|aura12345
