|j|☆Hunter 17 17 17
|j|☆Glidinganteater
|t:|1618073629
|gametype|singles
|player|p1|Hunter 17 17 17|steven|1332
|player|p2|Glidinganteater|palmer|1477
|teamsize|p1|6
|teamsize|p2|6
|gen|8
|tier|[Gen 8] RU
|rated|
|clearpoke
|poke|p1|Necrozma|
|poke|p1|Cobalion|
|poke|p1|Togekiss, F|
|poke|p1|Umbreon, F|
|poke|p1|Durant, F|
|poke|p1|Toxtricity, F|
|poke|p2|Bronzong|
|poke|p2|Incineroar, F|
|poke|p2|Togekiss, F|
|poke|p2|Flygon, M|
|poke|p2|Raikou|
|poke|p2|Heracross, M|
|rule|Sleep Clause Mod: Limit one foe put to sleep
|rule|Species Clause: Limit one of each Pokémon
|rule|OHKO Clause: OHKO moves are banned
|rule|Evasion Moves Clause: Evasion moves are banned
|rule|Endless Battle Clause: Forcing endless battles is banned
|rule|HP Percentage Mod: HP is shown in percentages
|rule|Dynamax Clause: You cannot dynamax
|teampreview
|inactive|Battle timer is ON: inactive players will automatically lose when time's up. (requested by Glidinganteater)
|
|t:|1618073660
|start
|switch|p1a: Umbreon|Umbreon, F|100/100
|switch|p2a: Incineroar|Incineroar, F|100/100
|-ability|p2a: Incineroar|Intimidate|boost
|-unboost|p1a: Umbreon|atk|1
|turn|1
|
|t:|1618073681
|move|p1a: Umbreon|Foul Play|p2a: Incineroar
|-resisted|p2a: Incineroar
|-damage|p2a: Incineroar|84/100
|move|p2a: Incineroar|Knock Off|p1a: Umbreon
|-resisted|p1a: Umbreon
|-damage|p1a: Umbreon|88/100
|-enditem|p1a: Umbreon|Leftovers|[from] move: Knock Off|[of] p2a: Incineroar
|
|upkeep
|turn|2
|
|t:|1618073692
|move|p1a: Umbreon|Foul Play|p2a: Incineroar
|-resisted|p2a: Incineroar
|-damage|p2a: Incineroar|68/100
|move|p2a: Incineroar|Parting Shot|p1a: Umbreon
|-unboost|p1a: Umbreon|atk|1
|-unboost|p1a: Umbreon|spa|1
|
|t:|1618073696
|switch|p2a: Heracross|Heracross, M|100/100|[from]move: Parting Shot
|
|-status|p2a: Heracross|brn|[from] item: Flame Orb
|upkeep
|turn|3
|
|t:|1618073705
|move|p1a: Umbreon|Protect|p1a: Umbreon
|-singleturn|p1a: Umbreon|Protect
|move|p2a: Heracross|Swords Dance|p2a: Heracross
|-boost|p2a: Heracross|atk|2
|
|-damage|p2a: Heracross|95/100 brn|[from] brn
|upkeep
|turn|4
|
|t:|1618073728
|switch|p1a: Togekiss|Togekiss, F|100/100
|move|p2a: Heracross|Facade|p1a: Togekiss
|-damage|p1a: Togekiss|0 fnt
|faint|p1a: Togekiss
|
|-damage|p2a: Heracross|89/100 brn|[from] brn
|upkeep
|
|t:|1618073741
|switch|p1a: Durant|Durant, F|100/100
|turn|5
|
|t:|1618073754
|switch|p2a: Bronzong|Bronzong|100/100
|move|p1a: Durant|Iron Head|p2a: Bronzong
|-resisted|p2a: Bronzong
|-damage|p2a: Bronzong|70/100
|-damage|p1a: Durant|91/100|[from] item: Life Orb
|
|-heal|p2a: Bronzong|76/100|[from] item: Leftovers
|upkeep
|turn|6
|
|t:|1618073765
|switch|p1a: Toxtricity|Toxtricity, F|100/100
|move|p2a: Bronzong|Stealth Rock|p1a: Toxtricity
|-sidestart|p1: Hunter 17 17 17|move: Stealth Rock
|
|-heal|p2a: Bronzong|82/100|[from] item: Leftovers
|upkeep
|turn|7
|
|t:|1618073772
|move|p1a: Toxtricity|Overdrive|p2a: Bronzong
|-damage|p2a: Bronzong|49/100
|move|p2a: Bronzong|Earthquake|p1a: Toxtricity
|-supereffective|p1a: Toxtricity
|-damage|p1a: Toxtricity|0 fnt
|faint|p1a: Toxtricity
|
|-heal|p2a: Bronzong|56/100|[from] item: Leftovers
|upkeep
|
|t:|1618073782
|switch|p1a: Durant|Durant, F|91/100
|-damage|p1a: Durant|78/100|[from] Stealth Rock
|turn|8
|
|t:|1618073787
|switch|p2a: Togekiss|Togekiss, F|100/100
|move|p1a: Durant|First Impression|p2a: Togekiss
|-resisted|p2a: Togekiss
|-damage|p2a: Togekiss|86/100
|-damage|p1a: Durant|69/100|[from] item: Life Orb
|
|upkeep
|turn|9
|
|t:|1618073792
|switch|p2a: Bronzong|Bronzong|56/100
|move|p1a: Durant|Iron Head|p2a: Bronzong
|-resisted|p2a: Bronzong
|-damage|p2a: Bronzong|22/100
|-damage|p1a: Durant|59/100|[from] item: Life Orb
|
|-heal|p2a: Bronzong|28/100|[from] item: Leftovers
|upkeep
|turn|10
|
|t:|1618073799
|move|p1a: Durant|Iron Head|p2a: Bronzong
|-resisted|p2a: Bronzong
|-damage|p2a: Bronzong|0 fnt
|-damage|p1a: Durant|49/100|[from] item: Life Orb
|faint|p2a: Bronzong
|
|upkeep
|
|t:|1618073806
|switch|p2a: Raikou|Raikou|100/100
|turn|11
|
|t:|1618073810
|switch|p1a: Umbreon|Umbreon, F|88/100
|-damage|p1a: Umbreon|76/100|[from] Stealth Rock
|move|p2a: Raikou|Volt Switch|p1a: Umbreon
|-damage|p1a: Umbreon|54/100
|
|t:|1618073815
|switch|p2a: Heracross|Heracross, M|89/100 brn|[from]move: Volt Switch
|
|-damage|p2a: Heracross|83/100 brn|[from] brn
|upkeep
|turn|12
|
|t:|1618073820
|move|p2a: Heracross|Close Combat|p1a: Umbreon
|-supereffective|p1a: Umbreon
|-damage|p1a: Umbreon|0 fnt
|-unboost|p2a: Heracross|def|1
|-unboost|p2a: Heracross|spd|1
|faint|p1a: Umbreon
|
|-damage|p2a: Heracross|77/100 brn|[from] brn
|upkeep
|
|t:|1618073828
|switch|p1a: Durant|Durant, F|49/100
|-damage|p1a: Durant|37/100|[from] Stealth Rock
|turn|13
|
|t:|1618073838
|move|p1a: Durant|Iron Head|p2a: Heracross
|-damage|p2a: Heracross|0 fnt
|-damage|p1a: Durant|27/100|[from] item: Life Orb
|faint|p2a: Heracross
|
|upkeep
|
|t:|1618073841
|switch|p2a: Raikou|Raikou|100/100
|turn|14
|
|t:|1618073845
|switch|p1a: Cobalion|Cobalion|100/100
|-damage|p1a: Cobalion|97/100|[from] Stealth Rock
|move|p2a: Raikou|Volt Switch|p1a: Cobalion
|-damage|p1a: Cobalion|52/100
|
|t:|1618073852
|switch|p2a: Flygon|Flygon, M, shiny|100/100|[from]move: Volt Switch
|
|upkeep
|turn|15
|
|t:|1618073861
|move|p2a: Flygon|Toxic|p1a: Cobalion
|-immune|p1a: Cobalion
|move|p1a: Cobalion|Close Combat|p2a: Flygon
|-damage|p2a: Flygon|39/100
|-unboost|p1a: Cobalion|def|1
|-unboost|p1a: Cobalion|spd|1
|
|upkeep
|turn|16
|
|t:|1618073867
|switch|p2a: Togekiss|Togekiss, F|86/100
|switch|p1a: Necrozma|Necrozma|100/100
|-damage|p1a: Necrozma|88/100|[from] Stealth Rock
|
|upkeep
|turn|17
|
|t:|1618073872
|switch|p1a: Durant|Durant, F|27/100
|-damage|p1a: Durant|15/100|[from] Stealth Rock
|move|p2a: Togekiss|Air Slash|p1a: Durant
|-damage|p1a: Durant|0 fnt
|faint|p1a: Durant
|
|upkeep
|
|t:|1618073874
|switch|p1a: Cobalion|Cobalion|52/100
|-damage|p1a: Cobalion|48/100|[from] Stealth Rock
|turn|18
|
|t:|1618073879
|move|p1a: Cobalion|Iron Head|p2a: Togekiss
|-supereffective|p2a: Togekiss
|-damage|p2a: Togekiss|36/100
|cant|p2a: Togekiss|flinch
|
|upkeep
|turn|19
|
|t:|1618073883
|move|p1a: Cobalion|Iron Head|p2a: Togekiss
|-supereffective|p2a: Togekiss
|-damage|p2a: Togekiss|0 fnt
|faint|p2a: Togekiss
|
|upkeep
|
|t:|1618073887
|switch|p2a: Raikou|Raikou|100/100
|turn|20
|
|t:|1618073901
|switch|p1a: Necrozma|Necrozma|88/100
|-damage|p1a: Necrozma|76/100|[from] Stealth Rock
|move|p2a: Raikou|Aura Sphere|p1a: Necrozma
|-resisted|p1a: Necrozma
|-damage|p1a: Necrozma|64/100
|
|upkeep
|turn|21
|
|t:|1618073910
|move|p2a: Raikou|Volt Switch|p1a: Necrozma
|-damage|p1a: Necrozma|31/100
|
|t:|1618073913
|switch|p2a: Incineroar|Incineroar, F|68/100|[from]move: Volt Switch
|-ability|p2a: Incineroar|Intimidate|boost
|-unboost|p1a: Necrozma|atk|1
|move|p1a: Necrozma|Calm Mind|p1a: Necrozma
|-boost|p1a: Necrozma|spa|1
|-boost|p1a: Necrozma|spd|1
|
|upkeep
|turn|22
|
|t:|1618073917
|move|p1a: Necrozma|Iron Defense|p1a: Necrozma
|-boost|p1a: Necrozma|def|2
|move|p2a: Incineroar|Knock Off|p1a: Necrozma
|-supereffective|p1a: Necrozma
|-damage|p1a: Necrozma|15/100
|-enditem|p1a: Necrozma|Chesto Berry|[from] move: Knock Off|[of] p2a: Incineroar
|
|upkeep
|turn|23
|
|t:|1618073931
|move|p1a: Necrozma|Rest|p1a: Necrozma
|-status|p1a: Necrozma|slp|[from] move: Rest
|-heal|p1a: Necrozma|100/100 slp|[silent]
|move|p2a: Incineroar|Toxic||[still]
|-fail|p2a: Incineroar
|
|upkeep
|turn|24
|
|t:|1618073939
|cant|p1a: Necrozma|slp
|move|p2a: Incineroar|Parting Shot|p1a: Necrozma
|-unboost|p1a: Necrozma|atk|1
|-unboost|p1a: Necrozma|spa|1
|
|t:|1618073942
|switch|p2a: Raikou|Raikou|100/100|[from]move: Parting Shot
|
|upkeep
|turn|25
|
|t:|1618073945
|move|p2a: Raikou|Thunderbolt|p1a: Necrozma
|-crit|p1a: Necrozma
|-damage|p1a: Necrozma|36/100 slp
|cant|p1a: Necrozma|slp
|
|upkeep
|turn|26
|
|t:|1618073949
|move|p2a: Raikou|Thunderbolt|p1a: Necrozma
|-damage|p1a: Necrozma|8/100 slp
|-curestatus|p1a: Necrozma|slp|[msg]
|move|p1a: Necrozma|Rest|p1a: Necrozma
|-status|p1a: Necrozma|slp|[from] move: Rest
|-heal|p1a: Necrozma|100/100 slp|[silent]
|
|upkeep
|turn|27
|
|t:|1618073952
|move|p2a: Raikou|Thunderbolt|p1a: Necrozma
|-damage|p1a: Necrozma|74/100 slp
|cant|p1a: Necrozma|slp
|
|upkeep
|turn|28
|
|t:|1618073955
|move|p2a: Raikou|Thunderbolt|p1a: Necrozma
|-damage|p1a: Necrozma|47/100 slp
|cant|p1a: Necrozma|slp
|
|upkeep
|turn|29
|
|t:|1618073963
|move|p2a: Raikou|Thunderbolt|p1a: Necrozma
|-damage|p1a: Necrozma|20/100 slp
|-curestatus|p1a: Necrozma|slp|[msg]
|move|p1a: Necrozma|Calm Mind|p1a: Necrozma
|-boost|p1a: Necrozma|spa|1
|-boost|p1a: Necrozma|spd|1
|
|upkeep
|turn|30
|
|t:|1618073968
|move|p2a: Raikou|Thunderbolt|p1a: Necrozma
|-damage|p1a: Necrozma|0 fnt
|faint|p1a: Necrozma
|
|upkeep
|
|t:|1618073971
|switch|p1a: Cobalion|Cobalion|48/100
|-damage|p1a: Cobalion|45/100|[from] Stealth Rock
|turn|31
|-message|Hunter 17 17 17 forfeited.
|
|win|Glidinganteater
|l|☆Hunter 17 17 17
|raw|Hunter 17 17 17's rating: 1332 &rarr; <strong>1320</strong><br />(-12 for losing)
|raw|Glidinganteater's rating: 1478 &rarr; <strong>1490</strong><br />(+12 for winning)
