|j|☆Potatochan789
|j|☆guille14
|t:|1659028746
|gametype|singles
|player|p1|Potatochan789|#omplxtempertyrantrums|
|player|p2|guille14|gambler|
|teamsize|p1|6
|teamsize|p2|6
|gen|8
|tier|[Gen 8] RU
|rule|Sleep Clause Mod: Limit one foe put to sleep
|rule|Species Clause: Limit one of each Pokémon
|rule|OHKO Clause: OHKO moves are banned
|rule|Evasion Moves Clause: Evasion moves are banned
|rule|Endless Battle Clause: Forcing endless battles is banned
|rule|HP Percentage Mod: HP is shown in percentages
|rule|Dynamax Clause: You cannot dynamax
|clearpoke
|poke|p1|Heracross, M|
|poke|p1|Starmie|
|poke|p1|Xurkitree|
|poke|p1|Registeel|
|poke|p1|Togekiss, F|
|poke|p1|Mimikyu, F|
|poke|p2|Quagsire, F|
|poke|p2|Umbreon, F|
|poke|p2|Aromatisse, F|
|poke|p2|Celebi|
|poke|p2|Registeel|
|poke|p2|Altaria, M|
|teampreview
|c|☆guille14|hf
|inactive|Battle timer is ON: inactive players will automatically lose when time's up. (requested by guille14)
|
|t:|1659028787
|start
|switch|p1a: Registeel|Registeel|100/100
|switch|p2a: Altaria|Altaria, M|100/100
|turn|1
|
|t:|1659028804
|move|p2a: Altaria|Fire Spin|p1a: Registeel
|-supereffective|p1a: Registeel
|-damage|p1a: Registeel|94/100
|-activate|p1a: Registeel|move: Fire Spin|[of] p2a: Altaria
|move|p1a: Registeel|Toxic|p2a: Altaria
|-status|p2a: Altaria|tox
|
|-heal|p1a: Registeel|100/100|[from] item: Leftovers
|-damage|p2a: Altaria|94/100 tox|[from] psn
|-damage|p1a: Registeel|88/100|[from] move: Fire Spin|[partiallytrapped]
|upkeep
|turn|2
|
|t:|1659028814
|move|p2a: Altaria|Perish Song|p2a: Altaria
|-start|p1a: Registeel|perish3|[silent]
|-start|p2a: Altaria|perish3|[silent]
|-fieldactivate|move: Perish Song
|move|p1a: Registeel|Seismic Toss|p2a: Altaria
|-damage|p2a: Altaria|66/100 tox
|
|-heal|p1a: Registeel|94/100|[from] item: Leftovers
|-damage|p2a: Altaria|54/100 tox|[from] psn
|-damage|p1a: Registeel|82/100|[from] move: Fire Spin|[partiallytrapped]
|-start|p2a: Altaria|perish3
|-start|p1a: Registeel|perish3
|upkeep
|turn|3
|
|t:|1659028824
|move|p2a: Altaria|Roost|p2a: Altaria
|-heal|p2a: Altaria|100/100 tox
|-singleturn|p2a: Altaria|move: Roost
|move|p1a: Registeel|Stealth Rock|p2a: Altaria
|-sidestart|p2: guille14|move: Stealth Rock
|
|-heal|p1a: Registeel|88/100|[from] item: Leftovers
|-damage|p2a: Altaria|82/100 tox|[from] psn
|-damage|p1a: Registeel|75/100|[from] move: Fire Spin|[partiallytrapped]
|-start|p2a: Altaria|perish2
|-start|p1a: Registeel|perish2
|upkeep
|turn|4
|
|t:|1659028827
|move|p2a: Altaria|Defog|p1a: Registeel
|-fail|p1a: Registeel|unboost|[from] ability: Clear Body|[of] p1a: Registeel
|-sideend|p2: guille14|Stealth Rock|[from] move: Defog|[of] p2a: Altaria
|move|p1a: Registeel|Seismic Toss|p2a: Altaria
|-damage|p2a: Altaria|54/100 tox
|
|-heal|p1a: Registeel|82/100|[from] item: Leftovers
|-damage|p2a: Altaria|29/100 tox|[from] psn
|-damage|p1a: Registeel|69/100|[from] move: Fire Spin|[partiallytrapped]
|-start|p2a: Altaria|perish1
|-start|p1a: Registeel|perish1
|upkeep
|turn|5
|
|t:|1659028843
|move|p2a: Altaria|Roost|p2a: Altaria
|-heal|p2a: Altaria|79/100 tox
|-singleturn|p2a: Altaria|move: Roost
|move|p1a: Registeel|Stealth Rock|p2a: Altaria
|-sidestart|p2: guille14|move: Stealth Rock
|
|-heal|p1a: Registeel|75/100|[from] item: Leftovers
|-damage|p2a: Altaria|48/100 tox|[from] psn
|-damage|p1a: Registeel|63/100|[from] move: Fire Spin|[partiallytrapped]
|-start|p2a: Altaria|perish0
|-start|p1a: Registeel|perish0
|upkeep
|faint|p2a: Altaria
|faint|p1a: Registeel
|
|t:|1659028854
|switch|p2a: Aromatisse|Aromatisse, F|100/100
|switch|p1a: Xurkitree|Xurkitree|100/100
|turn|6
|
|t:|1659028869
|move|p1a: Xurkitree|Volt Switch|p2a: Aromatisse
|-damage|p2a: Aromatisse|58/100
|
|t:|1659028873
|switch|p1a: Togekiss|Togekiss, F|100/100|[from]move: Volt Switch
|move|p2a: Aromatisse|Moonblast|p1a: Togekiss
|-damage|p1a: Togekiss|76/100
|
|upkeep
|turn|7
|
|t:|1659028879
|switch|p2a: Umbreon|Umbreon, F|100/100
|move|p1a: Togekiss|Air Slash|p2a: Umbreon
|-damage|p2a: Umbreon|85/100
|
|upkeep
|turn|8
|
|t:|1659028887
|move|p1a: Togekiss|Dazzling Gleam|p2a: Umbreon
|-supereffective|p2a: Umbreon
|-damage|p2a: Umbreon|51/100
|move|p2a: Umbreon|Toxic|p1a: Togekiss
|-status|p1a: Togekiss|tox
|
|-damage|p1a: Togekiss|70/100 tox|[from] psn
|upkeep
|turn|9
|
|t:|1659028892
|move|p1a: Togekiss|Heal Bell|p1a: Togekiss
|-activate|p1a: Togekiss|move: Heal Bell
|-curestatus|p1a: Togekiss|tox|[msg]
|move|p2a: Umbreon|Wish|p2a: Umbreon
|
|upkeep
|turn|10
|
|t:|1659028896
|move|p1a: Togekiss|Air Slash|p2a: Umbreon
|-damage|p2a: Umbreon|36/100
|move|p2a: Umbreon|Toxic|p1a: Togekiss
|-status|p1a: Togekiss|tox
|
|-heal|p2a: Umbreon|86/100|[from] move: Wish|[wisher] Umbreon
|-damage|p1a: Togekiss|64/100 tox|[from] psn
|upkeep
|turn|11
|
|t:|1659028923
|switch|p1a: Starmie|Starmie|100/100
|switch|p2a: Registeel|Registeel|100/100
|-damage|p2a: Registeel|94/100|[from] Stealth Rock
|
|-heal|p2a: Registeel|100/100|[from] item: Leftovers
|upkeep
|turn|12
|
|t:|1659028940
|move|p1a: Starmie|Scald|p2a: Registeel
|-damage|p2a: Registeel|87/100
|move|p2a: Registeel|Stealth Rock|p1a: Starmie
|-sidestart|p1: Potatochan789|move: Stealth Rock
|
|-heal|p2a: Registeel|93/100|[from] item: Leftovers
|upkeep
|turn|13
|
|t:|1659028948
|move|p1a: Starmie|Rapid Spin|p2a: Registeel
|-resisted|p2a: Registeel
|-damage|p2a: Registeel|91/100
|-boost|p1a: Starmie|spe|1
|-sideend|p1: Potatochan789|Stealth Rock|[from] move: Rapid Spin|[of] p1a: Starmie
|move|p2a: Registeel|Seismic Toss|p1a: Starmie
|-damage|p1a: Starmie|70/100
|
|-heal|p1a: Starmie|76/100|[from] item: Leftovers
|-heal|p2a: Registeel|97/100|[from] item: Leftovers
|upkeep
|turn|14
|
|t:|1659028952
|move|p1a: Starmie|Scald|p2a: Registeel
|-damage|p2a: Registeel|83/100
|move|p2a: Registeel|Stealth Rock|p1a: Starmie
|-sidestart|p1: Potatochan789|move: Stealth Rock
|
|-heal|p1a: Starmie|82/100|[from] item: Leftovers
|-heal|p2a: Registeel|89/100|[from] item: Leftovers
|upkeep
|turn|15
|
|t:|1659028960
|move|p1a: Starmie|Rapid Spin|p2a: Registeel
|-resisted|p2a: Registeel
|-damage|p2a: Registeel|86/100
|-boost|p1a: Starmie|spe|1
|-sideend|p1: Potatochan789|Stealth Rock|[from] move: Rapid Spin|[of] p1a: Starmie
|move|p2a: Registeel|Toxic|p1a: Starmie
|-status|p1a: Starmie|tox
|
|-heal|p1a: Starmie|88/100 tox|[from] item: Leftovers
|-heal|p2a: Registeel|93/100|[from] item: Leftovers
|-damage|p1a: Starmie|82/100 tox|[from] psn
|upkeep
|turn|16
|
|t:|1659028965
|move|p1a: Starmie|Scald|p2a: Registeel
|-damage|p2a: Registeel|79/100
|-status|p2a: Registeel|brn
|move|p2a: Registeel|Stealth Rock|p1a: Starmie
|-sidestart|p1: Potatochan789|move: Stealth Rock
|
|-heal|p1a: Starmie|88/100 tox|[from] item: Leftovers
|-heal|p2a: Registeel|85/100 brn|[from] item: Leftovers
|-damage|p1a: Starmie|76/100 tox|[from] psn
|-damage|p2a: Registeel|79/100 brn|[from] brn
|upkeep
|turn|17
|
|t:|1659028971
|move|p2a: Registeel|Seismic Toss|p1a: Starmie
|-damage|p1a: Starmie|45/100 tox
|move|p1a: Starmie|Teleport|p1a: Starmie
|
|t:|1659028995
|-curestatus|p1a: Starmie|tox|[from] ability: Natural Cure
|switch|p1a: Heracross|Heracross, M|100/100|[from]move: Teleport
|-damage|p1a: Heracross|88/100|[from] Stealth Rock
|
|-heal|p2a: Registeel|85/100 brn|[from] item: Leftovers
|-damage|p2a: Registeel|79/100 brn|[from] brn
|upkeep
|turn|18
|inactive|guille14 has 270 seconds left.
|inactive|Potatochan789 has 270 seconds left.
|
|t:|1659029062
|switch|p2a: Aromatisse|Aromatisse, F|58/100
|move|p1a: Heracross|Knock Off|p2a: Aromatisse
|-resisted|p2a: Aromatisse
|-damage|p2a: Aromatisse|47/100
|-enditem|p2a: Aromatisse|Heavy-Duty Boots|[from] move: Knock Off|[of] p1a: Heracross
|
|upkeep
|turn|19
|inactive|Potatochan789 has 240 seconds left.
|
|t:|1659029089
|switch|p1a: Starmie|Starmie|45/100
|-damage|p1a: Starmie|33/100|[from] Stealth Rock
|move|p2a: Aromatisse|Wish|p2a: Aromatisse
|
|-heal|p1a: Starmie|39/100|[from] item: Leftovers
|upkeep
|turn|20
|
|t:|1659029099
|move|p1a: Starmie|Recover|p1a: Starmie
|-heal|p1a: Starmie|89/100
|move|p2a: Aromatisse|Moonblast|p1a: Starmie
|-damage|p1a: Starmie|52/100
|-unboost|p1a: Starmie|spa|1
|
|-heal|p2a: Aromatisse|97/100|[from] move: Wish|[wisher] Aromatisse
|-heal|p1a: Starmie|58/100|[from] item: Leftovers
|upkeep
|turn|21
|
|t:|1659029106
|move|p1a: Starmie|Recover|p1a: Starmie
|-heal|p1a: Starmie|100/100
|move|p2a: Aromatisse|Heal Bell|p2a: Aromatisse
|-activate|p2a: Aromatisse|move: Heal Bell
|-curestatus|p2: Registeel|brn|[msg]
|
|upkeep
|turn|22
|
|t:|1659029123
|switch|p1a: Togekiss|Togekiss, F|64/100 tox
|move|p2a: Aromatisse|Moonblast|p1a: Togekiss
|-damage|p1a: Togekiss|40/100 tox
|-unboost|p1a: Togekiss|spa|1
|
|-damage|p1a: Togekiss|34/100 tox|[from] psn
|upkeep
|turn|23
|inactive|guille14 has 270 seconds left.
|
|t:|1659029147
|move|p1a: Togekiss|Heal Bell|p1a: Togekiss
|-activate|p1a: Togekiss|move: Heal Bell
|-curestatus|p1a: Togekiss|tox|[msg]
|move|p2a: Aromatisse|Moonblast|p1a: Togekiss
|-damage|p1a: Togekiss|11/100
|
|upkeep
|turn|24
|
|t:|1659029152
|switch|p2a: Celebi|Celebi|100/100
|-damage|p2a: Celebi|88/100|[from] Stealth Rock
|move|p1a: Togekiss|Roost|p1a: Togekiss
|-heal|p1a: Togekiss|61/100
|-singleturn|p1a: Togekiss|move: Roost
|
|-heal|p2a: Celebi|94/100|[from] item: Leftovers
|upkeep
|turn|25
|
|t:|1659029168
|move|p2a: Celebi|Nasty Plot|p2a: Celebi
|-boost|p2a: Celebi|spa|2
|move|p1a: Togekiss|Air Slash|p2a: Celebi
|-supereffective|p2a: Celebi
|-damage|p2a: Celebi|55/100
|
|-heal|p2a: Celebi|61/100|[from] item: Leftovers
|upkeep
|turn|26
|
|t:|1659029179
|move|p2a: Celebi|Psychic|p1a: Togekiss
|-damage|p1a: Togekiss|7/100
|move|p1a: Togekiss|Roost|p1a: Togekiss
|-heal|p1a: Togekiss|57/100
|-singleturn|p1a: Togekiss|move: Roost
|
|-heal|p2a: Celebi|67/100|[from] item: Leftovers
|upkeep
|turn|27
|
|t:|1659029188
|switch|p1a: Starmie|Starmie|100/100
|-damage|p1a: Starmie|88/100|[from] Stealth Rock
|move|p2a: Celebi|Psychic|p1a: Starmie
|-resisted|p1a: Starmie
|-damage|p1a: Starmie|44/100
|
|-heal|p1a: Starmie|50/100|[from] item: Leftovers
|-heal|p2a: Celebi|74/100|[from] item: Leftovers
|upkeep
|turn|28
|
|t:|1659029194
|switch|p1a: Heracross|Heracross, M|88/100
|-damage|p1a: Heracross|76/100|[from] Stealth Rock
|move|p2a: Celebi|Giga Drain|p1a: Heracross
|-resisted|p1a: Heracross
|-damage|p1a: Heracross|38/100
|-heal|p2a: Celebi|90/100|[from] drain|[of] p1a: Heracross
|
|-heal|p2a: Celebi|96/100|[from] item: Leftovers
|upkeep
|turn|29
|
|t:|1659029199
|switch|p2a: Aromatisse|Aromatisse, F|97/100
|-damage|p2a: Aromatisse|84/100|[from] Stealth Rock
|move|p1a: Heracross|Megahorn|p2a: Aromatisse
|-resisted|p2a: Aromatisse
|-damage|p2a: Aromatisse|63/100
|
|upkeep
|turn|30
|
|t:|1659029209
|switch|p1a: Xurkitree|Xurkitree|100/100
|move|p2a: Aromatisse|Wish|p2a: Aromatisse
|
|upkeep
|turn|31
|
|t:|1659029220
|move|p1a: Xurkitree|Thunderbolt|p2a: Aromatisse
|-damage|p2a: Aromatisse|10/100
|move|p2a: Aromatisse|Moonblast|p1a: Xurkitree
|-damage|p1a: Xurkitree|54/100
|
|-heal|p2a: Aromatisse|60/100|[from] move: Wish|[wisher] Aromatisse
|upkeep
|turn|32
|
|t:|1659029231
|switch|p2a: Celebi|Celebi|96/100
|-damage|p2a: Celebi|84/100|[from] Stealth Rock
|move|p1a: Xurkitree|Thunderbolt|p2a: Celebi
|-resisted|p2a: Celebi
|-damage|p2a: Celebi|56/100
|
|-heal|p2a: Celebi|62/100|[from] item: Leftovers
|upkeep
|turn|33
|
|t:|1659029246
|switch|p1a: Togekiss|Togekiss, F|57/100
|move|p2a: Celebi|Psychic|p1a: Togekiss
|-damage|p1a: Togekiss|29/100
|
|-heal|p2a: Celebi|68/100|[from] item: Leftovers
|upkeep
|turn|34
|
|t:|1659029258
|move|p2a: Celebi|Psychic|p1a: Togekiss
|-damage|p1a: Togekiss|3/100
|move|p1a: Togekiss|Roost|p1a: Togekiss
|-heal|p1a: Togekiss|53/100
|-singleturn|p1a: Togekiss|move: Roost
|
|-heal|p2a: Celebi|74/100|[from] item: Leftovers
|upkeep
|turn|35
|
|t:|1659029265
|switch|p2a: Registeel|Registeel|79/100
|-damage|p2a: Registeel|72/100|[from] Stealth Rock
|move|p1a: Togekiss|Roost|p1a: Togekiss
|-heal|p1a: Togekiss|100/100
|-singleturn|p1a: Togekiss|move: Roost
|
|-heal|p2a: Registeel|79/100|[from] item: Leftovers
|upkeep
|turn|36
|
|t:|1659029283
|switch|p1a: Starmie|Starmie|50/100
|-damage|p1a: Starmie|38/100|[from] Stealth Rock
|move|p2a: Registeel|Toxic|p1a: Starmie
|-status|p1a: Starmie|tox
|
|-heal|p1a: Starmie|44/100 tox|[from] item: Leftovers
|-heal|p2a: Registeel|85/100|[from] item: Leftovers
|-damage|p1a: Starmie|38/100 tox|[from] psn
|upkeep
|turn|37
|
|t:|1659029287
|move|p1a: Starmie|Recover|p1a: Starmie
|-heal|p1a: Starmie|88/100 tox
|move|p2a: Registeel|Seismic Toss|p1a: Starmie
|-damage|p1a: Starmie|57/100 tox
|
|-heal|p1a: Starmie|63/100 tox|[from] item: Leftovers
|-heal|p2a: Registeel|91/100|[from] item: Leftovers
|-damage|p1a: Starmie|50/100 tox|[from] psn
|upkeep
|turn|38
|
|t:|1659029295
|-curestatus|p1a: Starmie|tox|[from] ability: Natural Cure
|switch|p1a: Mimikyu|Mimikyu, F|100/100
|-damage|p1a: Mimikyu|88/100|[from] Stealth Rock
|move|p2a: Registeel|Seismic Toss|p1a: Mimikyu
|-immune|p1a: Mimikyu
|
|-heal|p2a: Registeel|97/100|[from] item: Leftovers
|upkeep
|turn|39
|
|t:|1659029300
|move|p1a: Mimikyu|Drain Punch|p2a: Registeel
|-supereffective|p2a: Registeel
|-damage|p2a: Registeel|62/100
|-heal|p1a: Mimikyu|100/100|[from] drain|[of] p2a: Registeel
|-damage|p1a: Mimikyu|91/100|[from] item: Life Orb
|move|p2a: Registeel|Toxic|p1a: Mimikyu
|-status|p1a: Mimikyu|tox
|
|-heal|p2a: Registeel|68/100|[from] item: Leftovers
|-damage|p1a: Mimikyu|85/100 tox|[from] psn
|upkeep
|turn|40
|
|t:|1659029306
|switch|p1a: Xurkitree|Xurkitree|54/100
|switch|p2a: Quagsire|Quagsire, F|100/100
|
|upkeep
|turn|41
|
|t:|1659029314
|switch|p2a: Umbreon|Umbreon, F|86/100
|move|p1a: Xurkitree|Volt Switch|p2a: Umbreon
|-damage|p2a: Umbreon|63/100
|
|t:|1659029319
|switch|p1a: Heracross|Heracross, M|38/100|[from]move: Volt Switch
|-damage|p1a: Heracross|26/100|[from] Stealth Rock
|
|upkeep
|turn|42
|
|t:|1659029324
|move|p2a: Umbreon|Protect|p2a: Umbreon
|-singleturn|p2a: Umbreon|Protect
|move|p1a: Heracross|Close Combat|p2a: Umbreon
|-activate|p2a: Umbreon|move: Protect
|
|upkeep
|turn|43
|inactive|guille14 has 270 seconds left.
|inactive|guille14 has 240 seconds left.
|j| Ghost of the Mind
|inactive|guille14 has 210 seconds left.
|
|t:|1659029432
|switch|p2a: Quagsire|Quagsire, F|100/100
|move|p1a: Heracross|Close Combat|p2a: Quagsire
|-damage|p2a: Quagsire|56/100
|-unboost|p1a: Heracross|def|1
|-unboost|p1a: Heracross|spd|1
|
|upkeep
|turn|44
|
|t:|1659029441
|switch|p1a: Xurkitree|Xurkitree|54/100
|move|p2a: Quagsire|Recover|p2a: Quagsire
|-heal|p2a: Quagsire|100/100
|
|upkeep
|turn|45
|inactive|guille14 has 210 seconds left.
|
|t:|1659029451
|switch|p2a: Registeel|Registeel|68/100
|-damage|p2a: Registeel|62/100|[from] Stealth Rock
|move|p1a: Xurkitree|Volt Switch|p2a: Registeel
|-damage|p2a: Registeel|40/100
|inactive|Potatochan789 has 270 seconds left.
|inactive|Potatochan789 has 240 seconds left.
|inactive|Potatochan789 has 210 seconds left.
|
|t:|1659029551
|switch|p1a: Heracross|Heracross, M|26/100|[from]move: Volt Switch
|-damage|p1a: Heracross|13/100|[from] Stealth Rock
|
|-heal|p2a: Registeel|46/100|[from] item: Leftovers
|upkeep
|turn|46
|inactive|Potatochan789 has 210 seconds left.
|inactive|guille14 has 210 seconds left.
|
|t:|1659029564
|switch|p2a: Quagsire|Quagsire, F|100/100
|move|p1a: Heracross|Close Combat|p2a: Quagsire
|-damage|p2a: Quagsire|61/100
|-unboost|p1a: Heracross|def|1
|-unboost|p1a: Heracross|spd|1
|
|upkeep
|turn|47
|inactive|Potatochan789 has 210 seconds left.
|inactive|guille14 has 210 seconds left.
|
|t:|1659029574
|switch|p1a: Xurkitree|Xurkitree|54/100
|move|p2a: Quagsire|Recover|p2a: Quagsire
|-heal|p2a: Quagsire|100/100
|
|upkeep
|turn|48
|inactive|Potatochan789 has 210 seconds left.
|inactive|guille14 has 210 seconds left.
|
|t:|1659029610
|switch|p2a: Celebi|Celebi|74/100
|-damage|p2a: Celebi|62/100|[from] Stealth Rock
|move|p1a: Xurkitree|Thunderbolt|p2a: Celebi
|-resisted|p2a: Celebi
|-damage|p2a: Celebi|32/100
|
|-heal|p2a: Celebi|39/100|[from] item: Leftovers
|upkeep
|turn|49
|inactive|guille14 has 180 seconds left.
|
|t:|1659029626
|switch|p2a: Umbreon|Umbreon, F|63/100
|switch|p1a: Togekiss|Togekiss, F|100/100
|
|upkeep
|turn|50
|
|t:|1659029630
|move|p1a: Togekiss|Air Slash|p2a: Umbreon
|-damage|p2a: Umbreon|48/100
|move|p2a: Umbreon|Wish|p2a: Umbreon
|
|upkeep
|turn|51
|inactive|Potatochan789 has 210 seconds left.
|inactive|guille14 has 180 seconds left.
|
|t:|1659029661
|switch|p1a: Xurkitree|Xurkitree|54/100
|move|p2a: Umbreon|Toxic|p1a: Xurkitree
|-status|p1a: Xurkitree|tox
|
|-heal|p2a: Umbreon|98/100|[from] move: Wish|[wisher] Umbreon
|-damage|p1a: Xurkitree|48/100 tox|[from] psn
|upkeep
|turn|52
|inactive|guille14 has 180 seconds left.
|
|t:|1659029669
|switch|p1a: Togekiss|Togekiss, F|100/100
|move|p2a: Umbreon|Wish|p2a: Umbreon
|
|upkeep
|turn|53
|
|t:|1659029675
|move|p1a: Togekiss|Heal Bell|p1a: Togekiss
|-activate|p1a: Togekiss|move: Heal Bell
|-curestatus|p1: Mimikyu|tox|[msg]
|-curestatus|p1: Xurkitree|tox|[msg]
|move|p2a: Umbreon|Toxic|p1a: Togekiss
|-status|p1a: Togekiss|tox
|
|-heal|p2a: Umbreon|100/100|[from] move: Wish|[wisher] Umbreon
|-damage|p1a: Togekiss|94/100 tox|[from] psn
|upkeep
|turn|54
|inactive|Potatochan789 has 210 seconds left.
|
|t:|1659029689
|switch|p1a: Starmie|Starmie|50/100
|-damage|p1a: Starmie|38/100|[from] Stealth Rock
|move|p2a: Umbreon|Foul Play|p1a: Starmie
|-supereffective|p1a: Starmie
|-damage|p1a: Starmie|0 fnt
|faint|p1a: Starmie
|
|upkeep
|inactive|Potatochan789 has 210 seconds left.
|
|t:|1659029695
|switch|p1a: Mimikyu|Mimikyu, F|85/100
|-damage|p1a: Mimikyu|72/100|[from] Stealth Rock
|turn|55
|
|t:|1659029704
|switch|p2a: Quagsire|Quagsire, F|100/100
|move|p1a: Mimikyu|Play Rough|p2a: Quagsire
|-damage|p2a: Quagsire|67/100
|-damage|p1a: Mimikyu|63/100|[from] item: Life Orb
|
|upkeep
|turn|56
|
|t:|1659029711
|switch|p1a: Xurkitree|Xurkitree|48/100
|move|p2a: Quagsire|Recover|p2a: Quagsire
|-heal|p2a: Quagsire|100/100
|
|upkeep
|turn|57
|inactive|guille14 has 210 seconds left.
|
|t:|1659029731
|switch|p2a: Umbreon|Umbreon, F|100/100
|move|p1a: Xurkitree|Dazzling Gleam|p2a: Umbreon
|-supereffective|p2a: Umbreon
|-damage|p2a: Umbreon|63/100
|
|upkeep
|turn|58
|inactive|Potatochan789 has 210 seconds left.
|
|t:|1659029760
|move|p1a: Xurkitree|Volt Switch|p2a: Umbreon
|-damage|p2a: Umbreon|40/100
|j|+airfare
|
|t:|1659029766
|switch|p1a: Togekiss|Togekiss, F|94/100 tox|[from]move: Volt Switch
|move|p2a: Umbreon|Wish|p2a: Umbreon
|
|-damage|p1a: Togekiss|88/100 tox|[from] psn
|upkeep
|turn|59
|j| LT91BB Monkey King
|
|t:|1659029776
|move|p2a: Umbreon|Protect|p2a: Umbreon
|-singleturn|p2a: Umbreon|Protect
|move|p1a: Togekiss|Heal Bell|p1a: Togekiss
|-activate|p1a: Togekiss|move: Heal Bell
|-curestatus|p1a: Togekiss|tox|[msg]
|
|-heal|p2a: Umbreon|90/100|[from] move: Wish|[wisher] Umbreon
|upkeep
|turn|60
|c|+airfare|What custom is that from
|
|t:|1659029784
|switch|p1a: Mimikyu|Mimikyu, F|63/100
|-damage|p1a: Mimikyu|50/100|[from] Stealth Rock
|move|p2a: Umbreon|Wish|p2a: Umbreon
|
|upkeep
|turn|61
|inactive|guille14 has 240 seconds left.
|
|t:|1659029798
|switch|p1a: Xurkitree|Xurkitree|48/100
|switch|p2a: Registeel|Registeel|46/100
|-damage|p2a: Registeel|40/100|[from] Stealth Rock
|
|-heal|p2a: Registeel|94/100|[from] move: Wish|[wisher] Umbreon
|-heal|p2a: Registeel|99/100|[from] item: Leftovers
|upkeep
|turn|62
|inactive|guille14 has 240 seconds left.
|
|t:|1659029812
|move|p1a: Xurkitree|Volt Switch|p2a: Registeel
|-damage|p2a: Registeel|78/100
|
|t:|1659029816
|switch|p1a: Mimikyu|Mimikyu, F|50/100|[from]move: Volt Switch
|-damage|p1a: Mimikyu|38/100|[from] Stealth Rock
|move|p2a: Registeel|Toxic|p1a: Mimikyu
|-status|p1a: Mimikyu|tox
|
|-heal|p2a: Registeel|84/100|[from] item: Leftovers
|-damage|p1a: Mimikyu|32/100 tox|[from] psn
|upkeep
|turn|63
|
|t:|1659029823
|switch|p1a: Xurkitree|Xurkitree|48/100
|move|p2a: Registeel|Toxic|p1a: Xurkitree
|-status|p1a: Xurkitree|tox
|
|-heal|p2a: Registeel|90/100|[from] item: Leftovers
|-damage|p1a: Xurkitree|42/100 tox|[from] psn
|upkeep
|turn|64
|
|t:|1659029827
|move|p1a: Xurkitree|Volt Switch|p2a: Registeel
|-damage|p2a: Registeel|66/100
|inactive|Potatochan789 has 240 seconds left.
|
|t:|1659029832
|switch|p1a: Mimikyu|Mimikyu, F|32/100 tox|[from]move: Volt Switch
|-damage|p1a: Mimikyu|19/100 tox|[from] Stealth Rock
|move|p2a: Registeel|Seismic Toss|p1a: Mimikyu
|-immune|p1a: Mimikyu
|
|-heal|p2a: Registeel|72/100|[from] item: Leftovers
|-damage|p1a: Mimikyu|13/100 tox|[from] psn
|upkeep
|turn|65
|
|t:|1659029837
|switch|p2a: Quagsire|Quagsire, F|100/100
|move|p1a: Mimikyu|Drain Punch|p2a: Quagsire
|-damage|p2a: Quagsire|83/100
|-heal|p1a: Mimikyu|27/100 tox|[from] drain|[of] p2a: Quagsire
|-damage|p1a: Mimikyu|17/100 tox|[from] item: Life Orb
|
|-damage|p1a: Mimikyu|5/100 tox|[from] psn
|upkeep
|turn|66
|l|+airfare
|
|t:|1659029852
|switch|p1a: Togekiss|Togekiss, F|88/100
|switch|p2a: Registeel|Registeel|72/100
|-damage|p2a: Registeel|66/100|[from] Stealth Rock
|
|-heal|p2a: Registeel|72/100|[from] item: Leftovers
|upkeep
|turn|67
|
|t:|1659029857
|switch|p1a: Mimikyu|Mimikyu, F|5/100 tox
|-damage|p1a: Mimikyu|0 fnt|[from] Stealth Rock
|faint|p1a: Mimikyu
|move|p2a: Registeel|Toxic|p1: Mimikyu|[notarget]
|-fail|p2a: Registeel
|
|-heal|p2a: Registeel|78/100|[from] item: Leftovers
|upkeep
|
|t:|1659029864
|switch|p1a: Heracross|Heracross, M|13/100
|-damage|p1a: Heracross|1/100|[from] Stealth Rock
|turn|68
|inactive|guille14 has 270 seconds left.
|
|t:|1659029913
|switch|p2a: Aromatisse|Aromatisse, F|60/100
|-damage|p2a: Aromatisse|48/100|[from] Stealth Rock
|move|p1a: Heracross|Close Combat|p2a: Aromatisse
|-resisted|p2a: Aromatisse
|-damage|p2a: Aromatisse|24/100
|-unboost|p1a: Heracross|def|1
|-unboost|p1a: Heracross|spd|1
|
|upkeep
|turn|69
|
|t:|1659029919
|move|p1a: Heracross|Close Combat|p2a: Aromatisse
|-resisted|p2a: Aromatisse
|-damage|p2a: Aromatisse|2/100
|-unboost|p1a: Heracross|def|1
|-unboost|p1a: Heracross|spd|1
|move|p2a: Aromatisse|Moonblast|p1a: Heracross
|-supereffective|p1a: Heracross
|-damage|p1a: Heracross|0 fnt
|faint|p1a: Heracross
|
|upkeep
|
|t:|1659029925
|switch|p1a: Xurkitree|Xurkitree|42/100 tox
|turn|70
|
|t:|1659029929
|move|p2a: Aromatisse|Protect|p2a: Aromatisse
|-singleturn|p2a: Aromatisse|Protect
|move|p1a: Xurkitree|Thunderbolt|p2a: Aromatisse
|-activate|p2a: Aromatisse|move: Protect
|
|-damage|p1a: Xurkitree|36/100 tox|[from] psn
|upkeep
|turn|71
|
|t:|1659029935
|move|p1a: Xurkitree|Thunderbolt|p2a: Aromatisse
|-damage|p2a: Aromatisse|0 fnt
|faint|p2a: Aromatisse
|-ability|p1a: Xurkitree|Beast Boost|boost
|-boost|p1a: Xurkitree|spa|1
|
|-damage|p1a: Xurkitree|23/100 tox|[from] psn
|upkeep
|
|t:|1659029943
|switch|p2a: Celebi|Celebi|39/100
|-damage|p2a: Celebi|26/100|[from] Stealth Rock
|turn|72
|
|t:|1659029947
|move|p2a: Celebi|Giga Drain|p1a: Xurkitree
|-damage|p1a: Xurkitree|0 fnt
|-heal|p2a: Celebi|37/100|[from] drain|[of] p1a: Xurkitree
|faint|p1a: Xurkitree
|
|-heal|p2a: Celebi|43/100|[from] item: Leftovers
|upkeep
|
|t:|1659029949
|switch|p1a: Togekiss|Togekiss, F|88/100
|turn|73
|c|☆Potatochan789|gg
|
|t:|1659029955
|move|p2a: Celebi|Psychic|p1a: Togekiss
|-damage|p1a: Togekiss|63/100
|move|p1a: Togekiss|Air Slash|p2a: Celebi
|-supereffective|p2a: Celebi
|-damage|p2a: Celebi|0 fnt
|faint|p2a: Celebi
|
|upkeep
|c|☆guille14|gg
|
|t:|1659029965
|switch|p2a: Registeel|Registeel|78/100
|-damage|p2a: Registeel|72/100|[from] Stealth Rock
|turn|74
|c|☆Potatochan789|is the umbreon inner focus btw
|c|☆guille14|yeah
|c|☆Potatochan789|neat
|
|t:|1659029977
|move|p1a: Togekiss|Air Slash|p2a: Registeel|[miss]
|-miss|p1a: Togekiss|p2a: Registeel
|move|p2a: Registeel|Toxic|p1a: Togekiss
|-status|p1a: Togekiss|tox
|
|-heal|p2a: Registeel|78/100|[from] item: Leftovers
|-damage|p1a: Togekiss|57/100 tox|[from] psn
|upkeep
|turn|75
|
|t:|1659029981
|move|p1a: Togekiss|Air Slash|p2a: Registeel
|-resisted|p2a: Registeel
|-damage|p2a: Registeel|71/100
|move|p2a: Registeel|Toxic|p1a: Togekiss
|-fail|p1a: Togekiss|tox
|
|-heal|p2a: Registeel|77/100|[from] item: Leftovers
|-damage|p1a: Togekiss|45/100 tox|[from] psn
|upkeep
|turn|76
|
|t:|1659029983
|move|p1a: Togekiss|Air Slash|p2a: Registeel
|-resisted|p2a: Registeel
|-damage|p2a: Registeel|70/100
|cant|p2a: Registeel|flinch
|
|-heal|p2a: Registeel|76/100|[from] item: Leftovers
|-damage|p1a: Togekiss|26/100 tox|[from] psn
|upkeep
|turn|77
|
|t:|1659029985
|move|p1a: Togekiss|Air Slash|p2a: Registeel
|-resisted|p2a: Registeel
|-damage|p2a: Registeel|68/100
|cant|p2a: Registeel|flinch
|
|-heal|p2a: Registeel|74/100|[from] item: Leftovers
|-damage|p1a: Togekiss|2/100 tox|[from] psn
|upkeep
|turn|78
|
|t:|1659029988
|move|p1a: Togekiss|Air Slash|p2a: Registeel
|-resisted|p2a: Registeel
|-damage|p2a: Registeel|66/100
|move|p2a: Registeel|Seismic Toss|p1a: Togekiss
|-damage|p1a: Togekiss|0 fnt
|faint|p1a: Togekiss
|
|win|guille14
|l|☆Potatochan789
