|j|☆Above n Beyond
|j|☆Umbra Soul
|t:|1595550465
|player|p1|Above n Beyond|harlequin|1479
|player|p2|Umbra Soul|69|1568
|teamsize|p1|6
|teamsize|p2|6
|gametype|singles
|gen|8
|tier|[Gen 8] RU
|rated|
|clearpoke
|poke|p1|Vaporeon, F|
|poke|p1|Porygon2|
|poke|p1|Rotom-Mow|
|poke|p1|Silvally-*|
|poke|p1|Passimian, M|
|poke|p1|Rhydon, F|
|poke|p2|Hitmonlee, M|
|poke|p2|Kadabra, F|
|poke|p2|Charizard, M|
|poke|p2|Vaporeon, F|
|poke|p2|Vileplume, M|
|poke|p2|Sandslash-Alola, F|
|rule|Sleep Clause Mod: Limit one foe put to sleep
|rule|Species Clause: Limit one of each Pokémon
|rule|OHKO Clause: OHKO moves are banned
|rule|Evasion Moves Clause: Evasion moves are banned
|rule|Endless Battle Clause: Forcing endless battles is banned
|rule|HP Percentage Mod: HP is shown in percentages
|rule|Dynamax Clause: You cannot dynamax
|teampreview
|
|t:|1595550480
|start
|switch|p1a: Rotom|Rotom-Mow|100/100
|switch|p2a: Vileplume|Vileplume, M|100/100
|turn|1
|
|t:|1595550484
|move|p1a: Rotom|Volt Switch|p2a: Vileplume
|-resisted|p2a: Vileplume
|-damage|p2a: Vileplume|83/100
|
|t:|1595550488
|switch|p1a: Porygon2|Porygon2|100/100|[from]move: Volt Switch
|-ability|p1a: Porygon2|Effect Spore|[from] ability: Trace|[of] p2a: Vileplume
|move|p2a: Vileplume|Sludge Bomb|p1a: Porygon2
|-damage|p1a: Porygon2|86/100
|
|-heal|p2a: Vileplume|89/100|[from] item: Black Sludge
|upkeep
|turn|2
|
|t:|1595550496
|switch|p2a: Sandslash|Sandslash-Alola, F|100/100
|move|p1a: Porygon2|Ice Beam|p2a: Sandslash
|-resisted|p2a: Sandslash
|-damage|p2a: Sandslash|93/100
|
|-heal|p2a: Sandslash|99/100|[from] item: Leftovers
|upkeep
|turn|3
|
|t:|1595550510
|switch|p1a: Rhydon|Rhydon, F|100/100
|move|p2a: Sandslash|Spikes|p1a: Rhydon
|-sidestart|p1: Above n Beyond|Spikes
|
|-heal|p2a: Sandslash|100/100|[from] item: Leftovers
|upkeep
|turn|4
|
|t:|1595550521
|move|p2a: Sandslash|Knock Off|p1a: Rhydon
|-damage|p1a: Rhydon|85/100
|-enditem|p1a: Rhydon|Leftovers|[from] move: Knock Off|[of] p2a: Sandslash
|move|p1a: Rhydon|Stealth Rock|p2a: Sandslash
|-sidestart|p2: Umbra Soul|move: Stealth Rock
|
|upkeep
|turn|5
|
|t:|1595550525
|move|p2a: Sandslash|Rapid Spin|p1a: Rhydon
|-resisted|p1a: Rhydon
|-damage|p1a: Rhydon|81/100
|-boost|p2a: Sandslash|spe|1
|-sideend|p2: Umbra Soul|Stealth Rock|[from] move: Rapid Spin|[of] p2a: Sandslash
|move|p1a: Rhydon|Earthquake|p2a: Sandslash
|-supereffective|p2a: Sandslash
|-damage|p2a: Sandslash|26/100
|
|-heal|p2a: Sandslash|32/100|[from] item: Leftovers
|upkeep
|turn|6
|
|t:|1595550532
|move|p2a: Sandslash|Super Fang|p1a: Rhydon
|-damage|p1a: Rhydon|41/100
|move|p1a: Rhydon|Stealth Rock|p2a: Sandslash
|-sidestart|p2: Umbra Soul|move: Stealth Rock
|
|-heal|p2a: Sandslash|38/100|[from] item: Leftovers
|upkeep
|turn|7
|
|t:|1595550535
|move|p2a: Sandslash|Rapid Spin|p1a: Rhydon
|-resisted|p1a: Rhydon
|-damage|p1a: Rhydon|36/100
|-boost|p2a: Sandslash|spe|1
|-sideend|p2: Umbra Soul|Stealth Rock|[from] move: Rapid Spin|[of] p2a: Sandslash
|move|p1a: Rhydon|Earthquake|p2a: Sandslash
|-supereffective|p2a: Sandslash
|-damage|p2a: Sandslash|0 fnt
|faint|p2a: Sandslash
|
|upkeep
|
|t:|1595550537
|switch|p2a: Kadabra|Kadabra, F|100/100
|turn|8
|
|t:|1595550542
|switch|p1a: Porygon2|Porygon2|86/100
|-damage|p1a: Porygon2|74/100|[from] Spikes
|-ability|p1a: Porygon2|Magic Guard|[from] ability: Trace|[of] p2a: Kadabra
|move|p2a: Kadabra|Psychic|p1a: Porygon2
|-crit|p1a: Porygon2
|-damage|p1a: Porygon2|35/100
|
|upkeep
|turn|9
|
|t:|1595550547
|move|p2a: Kadabra|Calm Mind|p2a: Kadabra
|-boost|p2a: Kadabra|spa|1
|-boost|p2a: Kadabra|spd|1
|move|p1a: Porygon2|Recover|p1a: Porygon2
|-heal|p1a: Porygon2|85/100
|
|upkeep
|turn|10
|
|t:|1595550554
|move|p2a: Kadabra|Psychic|p1a: Porygon2
|-damage|p1a: Porygon2|43/100
|-unboost|p1a: Porygon2|spd|1
|move|p1a: Porygon2|Recover|p1a: Porygon2
|-heal|p1a: Porygon2|93/100
|
|upkeep
|turn|11
|
|t:|1595550559
|move|p2a: Kadabra|Psychic|p1a: Porygon2
|-damage|p1a: Porygon2|39/100
|move|p1a: Porygon2|Teleport|p1a: Porygon2
|
|t:|1595550561
|switch|p1a: Passimian|Passimian, M|100/100|[from]move: Teleport
|-damage|p1a: Passimian|88/100|[from] Spikes
|
|upkeep
|turn|12
|
|t:|1595550569
|switch|p2a: Vileplume|Vileplume, M|89/100
|move|p1a: Passimian|Knock Off|p2a: Vileplume
|-crit|p2a: Vileplume
|-damage|p2a: Vileplume|51/100
|-enditem|p2a: Vileplume|Black Sludge|[from] move: Knock Off|[of] p1a: Passimian
|
|upkeep
|turn|13
|
|t:|1595550581
|switch|p1a: Rotom|Rotom-Mow|100/100
|move|p2a: Vileplume|Sludge Bomb|p1a: Rotom
|-supereffective|p1a: Rotom
|-damage|p1a: Rotom|10/100
|
|-heal|p1a: Rotom|16/100|[from] item: Leftovers
|upkeep
|turn|14
|
|t:|1595550591
|move|p1a: Rotom|Volt Switch|p2a: Vileplume
|-resisted|p2a: Vileplume
|-damage|p2a: Vileplume|34/100
|
|t:|1595550597
|switch|p1a: Porygon2|Porygon2|39/100|[from]move: Volt Switch
|-damage|p1a: Porygon2|26/100|[from] Spikes
|-ability|p1a: Porygon2|Effect Spore|[from] ability: Trace|[of] p2a: Vileplume
|move|p2a: Vileplume|Giga Drain|p1a: Porygon2
|-damage|p1a: Porygon2|14/100
|-heal|p2a: Vileplume|41/100|[from] drain|[of] p1a: Porygon2
|
|upkeep
|turn|15
|
|t:|1595550604
|switch|p2a: Hitmonlee|Hitmonlee, M|100/100
|move|p1a: Porygon2|Recover|p1a: Porygon2
|-heal|p1a: Porygon2|64/100
|
|upkeep
|turn|16
|
|t:|1595550630
|switch|p1a: Rotom|Rotom-Mow|16/100
|move|p2a: Hitmonlee|Close Combat|p1a: Rotom
|-damage|p1a: Rotom|0 fnt
|-unboost|p2a: Hitmonlee|def|1
|-unboost|p2a: Hitmonlee|spd|1
|faint|p1a: Rotom
|
|upkeep
|
|t:|1595550641
|switch|p1a: Silvally|Silvally-Ghost|100/100
|-damage|p1a: Silvally|88/100|[from] Spikes
|turn|17
|
|t:|1595550646
|move|p1a: Silvally|Swords Dance|p1a: Silvally
|-boost|p1a: Silvally|atk|2
|move|p2a: Hitmonlee|Knock Off|p1a: Silvally
|-supereffective|p1a: Silvally
|-damage|p1a: Silvally|36/100
|
|upkeep
|turn|18
|
|t:|1595550650
|move|p1a: Silvally|Flame Charge|p2a: Hitmonlee
|-damage|p2a: Hitmonlee|0 fnt
|-boost|p1a: Silvally|spe|1
|faint|p2a: Hitmonlee
|
|upkeep
|
|t:|1595550653
|switch|p2a: Vaporeon|Vaporeon, F|100/100
|turn|19
|
|t:|1595550656
|move|p1a: Silvally|Multi-Attack|p2a: Vaporeon
|-damage|p2a: Vaporeon|1/100
|move|p2a: Vaporeon|Scald|p1a: Silvally
|-damage|p1a: Silvally|5/100
|
|-heal|p2a: Vaporeon|8/100|[from] item: Leftovers
|upkeep
|turn|20
|
|t:|1595550665
|move|p1a: Silvally|Flame Charge|p2a: Vaporeon
|-resisted|p2a: Vaporeon
|-damage|p2a: Vaporeon|0 fnt
|-boost|p1a: Silvally|spe|1
|faint|p2a: Vaporeon
|
|upkeep
|
|t:|1595550667
|switch|p2a: Vileplume|Vileplume, M|41/100
|turn|21
|
|t:|1595550669
|move|p1a: Silvally|Flame Charge|p2a: Vileplume
|-supereffective|p2a: Vileplume
|-damage|p2a: Vileplume|0 fnt
|-boost|p1a: Silvally|spe|1
|faint|p2a: Vileplume
|
|upkeep
|
|t:|1595550672
|switch|p2a: Kadabra|Kadabra, F|100/100
|turn|22
|
|t:|1595550675
|move|p1a: Silvally|Multi-Attack|p2a: Kadabra
|-supereffective|p2a: Kadabra
|-damage|p2a: Kadabra|0 fnt
|faint|p2a: Kadabra
|
|upkeep
|
|t:|1595550677
|switch|p2a: Charizard|Charizard, M|100/100
|turn|23
|
|t:|1595550679
|move|p1a: Silvally|Multi-Attack|p2a: Charizard
|-damage|p2a: Charizard|0 fnt
|faint|p2a: Charizard
|
|win|Above n Beyond
|l|☆Umbra Soul
|l|☆Above n Beyond
|j|☆Above n Beyond
|player|p1|Above n Beyond|harlequin
|raw|Above n Beyond's rating: 1493 &rarr; <strong>1517</strong><br />(+24 for winning)
|raw|Umbra Soul's rating: 1568 &rarr; <strong>1544</strong><br />(-24 for losing)
