|raw|<div class="broadcast-blue"><strong>This battle is required to be public due to a player having a name starting with 'rult70'.</div>
|j|☆RULT70E Elfu
|j|☆rult70m mac3 ✝
|t:|1626889446
|gametype|singles
|player|p1|RULT70E Elfu|cyclist|1400
|player|p2|rult70m mac3 ✝|roxie|1540
|teamsize|p1|6
|teamsize|p2|6
|gen|8
|tier|[Gen 8] RU
|rated|
|rule|Sleep Clause Mod: Limit one foe put to sleep
|rule|Species Clause: Limit one of each Pokémon
|rule|OHKO Clause: OHKO moves are banned
|rule|Evasion Moves Clause: Evasion moves are banned
|rule|Endless Battle Clause: Forcing endless battles is banned
|rule|HP Percentage Mod: HP is shown in percentages
|rule|Dynamax Clause: You cannot dynamax
|clearpoke
|poke|p1|Ribombee, F|
|poke|p1|Mimikyu, M|
|poke|p1|Obstagoon, M|
|poke|p1|Necrozma|
|poke|p1|Reuniclus, M|
|poke|p1|Lucario, M|
|poke|p2|Necrozma|
|poke|p2|Cobalion|
|poke|p2|Diancie|
|poke|p2|Flygon, F|
|poke|p2|Vaporeon, F|
|poke|p2|Durant, F|
|teampreview
|j| RULT70A GK
|j| Expulso
|j|+Feliburn
|
|t:|1626889459
|start
|switch|p1a: Lucario|Lucario, M|100/100
|switch|p2a: Diancie|Diancie|100/100
|turn|1
|j|+Lunala
|
|t:|1626889483
|switch|p2a: Cobalion|Cobalion|100/100
|move|p1a: Lucario|Close Combat|p2a: Cobalion
|-supereffective|p2a: Cobalion
|-enditem|p2a: Cobalion|Chople Berry|[eat]
|-enditem|p2a: Cobalion|Chople Berry|[weaken]
|-damage|p2a: Cobalion|39/100
|-unboost|p1a: Lucario|def|1
|-unboost|p1a: Lucario|spd|1
|-damage|p1a: Lucario|91/100|[from] item: Life Orb
|
|upkeep
|turn|2
|j| zben ☭_☭
|
|t:|1626889497
|switch|p1a: Reuniclus|Reuniclus, M|100/100
|move|p2a: Cobalion|Iron Head|p1a: Reuniclus
|-damage|p1a: Reuniclus|77/100
|
|-heal|p1a: Reuniclus|83/100|[from] item: Leftovers
|upkeep
|turn|3
|j| tlenit
|j| just world fallacy
|
|t:|1626889540
|switch|p2a: Necrozma|Necrozma|100/100
|switch|p1a: Ribombee|Ribombee, F|100/100
|
|upkeep
|turn|4
|j| djjjdjdjdjdjdjdjdj
|
|t:|1626889549
|move|p1a: Ribombee|Stun Spore|p2a: Necrozma
|-status|p2a: Necrozma|par
|move|p2a: Necrozma|Photon Geyser|p1a: Ribombee
|-damage|p1a: Ribombee|20/100
|
|upkeep
|turn|5
|
|t:|1626889555
|move|p1a: Ribombee|Sticky Web|p2a: Necrozma
|-sidestart|p2: rult70m mac3 ✝|move: Sticky Web
|move|p2a: Necrozma|Calm Mind|p2a: Necrozma
|-boost|p2a: Necrozma|spa|1
|-boost|p2a: Necrozma|spd|1
|
|upkeep
|turn|6
|l| RULT70A GK
|
|t:|1626889572
|move|p1a: Ribombee|Moonblast|p2a: Necrozma
|-damage|p2a: Necrozma|77/100 par
|-unboost|p2a: Necrozma|spa|1
|move|p2a: Necrozma|Earth Power|p1a: Ribombee
|-resisted|p1a: Ribombee
|-damage|p1a: Ribombee|0 fnt
|faint|p1a: Ribombee
|
|-heal|p2a: Necrozma|83/100 par|[from] item: Leftovers
|upkeep
|
|t:|1626889592
|switch|p1a: Obstagoon|Obstagoon, M|100/100
|turn|7
|
|t:|1626889601
|switch|p2a: Diancie|Diancie|100/100
|-activate|p2a: Diancie|move: Sticky Web
|-fail|p2a: Diancie|unboost|[from] ability: Clear Body|[of] p2a: Diancie
|move|p1a: Obstagoon|Knock Off|p2a: Diancie
|-resisted|p2a: Diancie
|-damage|p2a: Diancie|85/100
|-enditem|p2a: Diancie|Leftovers|[from] move: Knock Off|[of] p1a: Obstagoon
|
|-status|p1a: Obstagoon|brn|[from] item: Flame Orb
|upkeep
|turn|8
|
|t:|1626889635
|switch|p1a: Reuniclus|Reuniclus, M|83/100
|move|p2a: Diancie|Heal Bell|p2a: Diancie
|-activate|p2a: Diancie|move: Heal Bell
|-curestatus|p2: Necrozma|par|[msg]
|
|-heal|p1a: Reuniclus|89/100|[from] item: Leftovers
|upkeep
|turn|9
|
|t:|1626889648
|move|p2a: Diancie|Body Press|p1a: Reuniclus
|-resisted|p1a: Reuniclus
|-crit|p1a: Reuniclus
|-damage|p1a: Reuniclus|76/100
|move|p1a: Reuniclus|Calm Mind|p1a: Reuniclus
|-boost|p1a: Reuniclus|spa|1
|-boost|p1a: Reuniclus|spd|1
|
|-heal|p1a: Reuniclus|83/100|[from] item: Leftovers
|upkeep
|turn|10
|
|t:|1626889653
|switch|p2a: Flygon|Flygon, F|100/100
|move|p1a: Reuniclus|Calm Mind|p1a: Reuniclus
|-boost|p1a: Reuniclus|spa|1
|-boost|p1a: Reuniclus|spd|1
|
|-heal|p1a: Reuniclus|89/100|[from] item: Leftovers
|upkeep
|turn|11
|
|t:|1626889659
|move|p2a: Flygon|Defog|p1a: Reuniclus
|-unboost|p1a: Reuniclus|evasion|1
|-sideend|p2: rult70m mac3 ✝|Sticky Web|[from] move: Defog|[of] p2a: Flygon
|move|p1a: Reuniclus|Psyshock|p2a: Flygon
|-damage|p2a: Flygon|28/100
|
|-heal|p1a: Reuniclus|95/100|[from] item: Leftovers
|upkeep
|turn|12
|
|t:|1626889666
|move|p2a: Flygon|U-turn|p1a: Reuniclus
|-supereffective|p1a: Reuniclus
|-damage|p1a: Reuniclus|72/100
|
|t:|1626889673
|switch|p2a: Necrozma|Necrozma|83/100|[from]move: U-turn
|move|p1a: Reuniclus|Focus Blast|p2a: Necrozma|[miss]
|-miss|p1a: Reuniclus|p2a: Necrozma
|
|-heal|p2a: Necrozma|89/100|[from] item: Leftovers
|-heal|p1a: Reuniclus|78/100|[from] item: Leftovers
|upkeep
|turn|13
|
|t:|1626889679
|move|p2a: Necrozma|Calm Mind|p2a: Necrozma
|-boost|p2a: Necrozma|spa|1
|-boost|p2a: Necrozma|spd|1
|move|p1a: Reuniclus|Calm Mind|p1a: Reuniclus
|-boost|p1a: Reuniclus|spa|1
|-boost|p1a: Reuniclus|spd|1
|
|-heal|p2a: Necrozma|95/100|[from] item: Leftovers
|-heal|p1a: Reuniclus|84/100|[from] item: Leftovers
|upkeep
|turn|14
|
|t:|1626889685
|move|p2a: Necrozma|Calm Mind|p2a: Necrozma
|-boost|p2a: Necrozma|spa|1
|-boost|p2a: Necrozma|spd|1
|move|p1a: Reuniclus|Calm Mind|p1a: Reuniclus
|-boost|p1a: Reuniclus|spa|1
|-boost|p1a: Reuniclus|spd|1
|
|-heal|p2a: Necrozma|100/100|[from] item: Leftovers
|-heal|p1a: Reuniclus|90/100|[from] item: Leftovers
|upkeep
|turn|15
|
|t:|1626889687
|move|p2a: Necrozma|Calm Mind|p2a: Necrozma
|-boost|p2a: Necrozma|spa|1
|-boost|p2a: Necrozma|spd|1
|move|p1a: Reuniclus|Psyshock|p2a: Necrozma
|-resisted|p2a: Necrozma
|-damage|p2a: Necrozma|70/100
|
|-heal|p2a: Necrozma|76/100|[from] item: Leftovers
|-heal|p1a: Reuniclus|96/100|[from] item: Leftovers
|upkeep
|turn|16
|
|t:|1626889690
|move|p2a: Necrozma|Calm Mind|p2a: Necrozma
|-boost|p2a: Necrozma|spa|1
|-boost|p2a: Necrozma|spd|1
|move|p1a: Reuniclus|Psyshock|p2a: Necrozma
|-resisted|p2a: Necrozma
|-damage|p2a: Necrozma|45/100
|
|-heal|p2a: Necrozma|52/100|[from] item: Leftovers
|-heal|p1a: Reuniclus|100/100|[from] item: Leftovers
|upkeep
|turn|17
|
|t:|1626889694
|move|p2a: Necrozma|Moonlight|p2a: Necrozma
|-heal|p2a: Necrozma|100/100
|move|p1a: Reuniclus|Psyshock|p2a: Necrozma
|-resisted|p2a: Necrozma
|-damage|p2a: Necrozma|69/100
|
|-heal|p2a: Necrozma|75/100|[from] item: Leftovers
|upkeep
|turn|18
|
|t:|1626889702
|move|p2a: Necrozma|Earth Power|p1a: Reuniclus
|-damage|p1a: Reuniclus|79/100
|move|p1a: Reuniclus|Calm Mind|p1a: Reuniclus
|-boost|p1a: Reuniclus|spa|1
|-boost|p1a: Reuniclus|spd|1
|
|-heal|p2a: Necrozma|81/100|[from] item: Leftovers
|-heal|p1a: Reuniclus|85/100|[from] item: Leftovers
|upkeep
|turn|19
|
|t:|1626889705
|move|p2a: Necrozma|Calm Mind|p2a: Necrozma
|-boost|p2a: Necrozma|spa|1
|-boost|p2a: Necrozma|spd|1
|move|p1a: Reuniclus|Psyshock|p2a: Necrozma
|-resisted|p2a: Necrozma
|-damage|p2a: Necrozma|40/100
|
|-heal|p2a: Necrozma|46/100|[from] item: Leftovers
|-heal|p1a: Reuniclus|91/100|[from] item: Leftovers
|upkeep
|turn|20
|
|t:|1626889709
|move|p2a: Necrozma|Moonlight|p2a: Necrozma
|-heal|p2a: Necrozma|96/100
|move|p1a: Reuniclus|Psyshock|p2a: Necrozma
|-resisted|p2a: Necrozma
|-damage|p2a: Necrozma|56/100
|
|-heal|p2a: Necrozma|62/100|[from] item: Leftovers
|-heal|p1a: Reuniclus|97/100|[from] item: Leftovers
|upkeep
|turn|21
|
|t:|1626889714
|move|p2a: Necrozma|Calm Mind|p2a: Necrozma
|-boost|p2a: Necrozma|spa|1
|-boost|p2a: Necrozma|spd|1
|move|p1a: Reuniclus|Calm Mind|p1a: Reuniclus
|-boost|p1a: Reuniclus|spa|1
|-boost|p1a: Reuniclus|spd|1
|
|-heal|p2a: Necrozma|68/100|[from] item: Leftovers
|-heal|p1a: Reuniclus|100/100|[from] item: Leftovers
|upkeep
|turn|22
|
|t:|1626889719
|move|p2a: Necrozma|Earth Power|p1a: Reuniclus
|-damage|p1a: Reuniclus|77/100
|-unboost|p1a: Reuniclus|spd|1
|move|p1a: Reuniclus|Psyshock|p2a: Necrozma
|-resisted|p2a: Necrozma
|-damage|p2a: Necrozma|22/100
|
|-heal|p2a: Necrozma|28/100|[from] item: Leftovers
|-heal|p1a: Reuniclus|83/100|[from] item: Leftovers
|upkeep
|turn|23
|
|t:|1626889724
|move|p2a: Necrozma|Moonlight|p2a: Necrozma
|-heal|p2a: Necrozma|78/100
|move|p1a: Reuniclus|Psyshock|p2a: Necrozma
|-resisted|p2a: Necrozma
|-damage|p2a: Necrozma|36/100
|
|-heal|p2a: Necrozma|42/100|[from] item: Leftovers
|-heal|p1a: Reuniclus|89/100|[from] item: Leftovers
|upkeep
|turn|24
|
|t:|1626889730
|move|p2a: Necrozma|Moonlight|p2a: Necrozma
|-heal|p2a: Necrozma|92/100
|move|p1a: Reuniclus|Psyshock|p2a: Necrozma
|-resisted|p2a: Necrozma
|-damage|p2a: Necrozma|51/100
|
|-heal|p2a: Necrozma|57/100|[from] item: Leftovers
|-heal|p1a: Reuniclus|95/100|[from] item: Leftovers
|upkeep
|turn|25
|
|t:|1626889734
|move|p2a: Necrozma|Earth Power|p1a: Reuniclus
|-damage|p1a: Reuniclus|67/100
|move|p1a: Reuniclus|Focus Blast|p2a: Necrozma
|-resisted|p2a: Necrozma
|-damage|p2a: Necrozma|40/100
|
|-heal|p2a: Necrozma|46/100|[from] item: Leftovers
|-heal|p1a: Reuniclus|73/100|[from] item: Leftovers
|upkeep
|turn|26
|
|t:|1626889741
|move|p2a: Necrozma|Earth Power|p1a: Reuniclus
|-damage|p1a: Reuniclus|45/100
|move|p1a: Reuniclus|Psyshock|p2a: Necrozma
|-resisted|p2a: Necrozma
|-damage|p2a: Necrozma|6/100
|
|-heal|p2a: Necrozma|12/100|[from] item: Leftovers
|-heal|p1a: Reuniclus|51/100|[from] item: Leftovers
|upkeep
|turn|27
|
|t:|1626889747
|switch|p1a: Obstagoon|Obstagoon, M|100/100 brn
|move|p2a: Necrozma|Moonlight|p2a: Necrozma
|-heal|p2a: Necrozma|62/100
|
|-heal|p2a: Necrozma|68/100|[from] item: Leftovers
|-damage|p1a: Obstagoon|94/100 brn|[from] brn
|upkeep
|turn|28
|
|t:|1626889756
|switch|p2a: Cobalion|Cobalion|39/100
|move|p1a: Obstagoon|Facade|p2a: Cobalion
|-resisted|p2a: Cobalion
|-damage|p2a: Cobalion|5/100
|
|-damage|p1a: Obstagoon|88/100 brn|[from] brn
|upkeep
|turn|29
|
|t:|1626889767
|switch|p1a: Reuniclus|Reuniclus, M|51/100
|move|p2a: Cobalion|Iron Head|p1a: Reuniclus
|-damage|p1a: Reuniclus|30/100
|
|-heal|p1a: Reuniclus|36/100|[from] item: Leftovers
|upkeep
|turn|30
|
|t:|1626889774
|switch|p2a: Durant|Durant, F|100/100
|move|p1a: Reuniclus|Recover|p1a: Reuniclus
|-heal|p1a: Reuniclus|86/100
|
|-heal|p1a: Reuniclus|92/100|[from] item: Leftovers
|upkeep
|turn|31
|
|t:|1626889781
|switch|p1a: Lucario|Lucario, M|91/100
|move|p2a: Durant|First Impression|p1a: Lucario
|-resisted|p1a: Lucario
|-damage|p1a: Lucario|58/100
|-damage|p2a: Durant|91/100|[from] item: Life Orb
|
|upkeep
|turn|32
|
|t:|1626889791
|move|p2a: Durant|Stomping Tantrum|p1a: Lucario|[miss]
|-miss|p2a: Durant|p1a: Lucario
|move|p1a: Lucario|Close Combat|p2a: Durant
|-damage|p2a: Durant|10/100
|-unboost|p1a: Lucario|def|1
|-unboost|p1a: Lucario|spd|1
|-damage|p1a: Lucario|48/100|[from] item: Life Orb
|
|upkeep
|turn|33
|
|t:|1626889796
|switch|p2a: Vaporeon|Vaporeon, F|100/100
|move|p1a: Lucario|Extreme Speed|p2a: Vaporeon
|-damage|p2a: Vaporeon|78/100
|-damage|p1a: Lucario|38/100|[from] item: Life Orb
|
|-heal|p2a: Vaporeon|85/100|[from] item: Leftovers
|upkeep
|turn|34
|
|t:|1626889817
|move|p1a: Lucario|Swords Dance|p1a: Lucario
|-boost|p1a: Lucario|atk|2
|move|p2a: Vaporeon|Scald|p1a: Lucario
|-damage|p1a: Lucario|0 fnt
|faint|p1a: Lucario
|
|-heal|p2a: Vaporeon|91/100|[from] item: Leftovers
|upkeep
|
|t:|1626889851
|switch|p1a: Necrozma|Necrozma|100/100
|turn|35
|
|t:|1626889857
|move|p1a: Necrozma|Meteor Beam||[still]
|-prepare|p1a: Necrozma|Meteor Beam
|-boost|p1a: Necrozma|spa|1
|-enditem|p1a: Necrozma|Power Herb
|-anim|p1a: Necrozma|Meteor Beam|p2a: Vaporeon
|-damage|p2a: Vaporeon|38/100
|move|p2a: Vaporeon|Wish|p2a: Vaporeon
|
|-heal|p2a: Vaporeon|44/100|[from] item: Leftovers
|upkeep
|turn|36
|
|t:|1626889866
|move|p2a: Vaporeon|Protect|p2a: Vaporeon
|-singleturn|p2a: Vaporeon|Protect
|move|p1a: Necrozma|Meteor Beam||[still]
|-prepare|p1a: Necrozma|Meteor Beam
|-boost|p1a: Necrozma|spa|1
|
|-heal|p2a: Vaporeon|94/100|[from] move: Wish|[wisher] Vaporeon
|-heal|p2a: Vaporeon|99/100|[from] item: Leftovers
|upkeep
|turn|37
|
|t:|1626889889
|move|p1a: Necrozma|Meteor Beam|p2a: Vaporeon|[from]lockedmove
|-damage|p2a: Vaporeon|32/100
|move|p2a: Vaporeon|Scald|p1a: Necrozma
|-damage|p1a: Necrozma|65/100
|
|-heal|p2a: Vaporeon|38/100|[from] item: Leftovers
|upkeep
|turn|38
|
|t:|1626889909
|move|p1a: Necrozma|Photon Geyser|p2a: Vaporeon
|-damage|p2a: Vaporeon|0 fnt
|faint|p2a: Vaporeon
|
|upkeep
|
|t:|1626889919
|switch|p2a: Flygon|Flygon, F|28/100
|turn|39
|l| djjjdjdjdjdjdjdjdj
|
|t:|1626889926
|move|p2a: Flygon|Earthquake|p1a: Necrozma
|-damage|p1a: Necrozma|32/100
|move|p1a: Necrozma|Photon Geyser|p2a: Flygon
|-damage|p2a: Flygon|0 fnt
|faint|p2a: Flygon
|
|upkeep
|
|t:|1626889932
|switch|p2a: Cobalion|Cobalion|5/100
|turn|40
|j| djjjdjdjdjdjdjdjdj
|
|t:|1626889935
|move|p2a: Cobalion|Iron Head|p1a: Necrozma
|-damage|p1a: Necrozma|0 fnt
|faint|p1a: Necrozma
|
|upkeep
|
|t:|1626889947
|switch|p1a: Reuniclus|Reuniclus, M|92/100
|turn|41
|
|t:|1626889955
|switch|p2a: Necrozma|Necrozma|68/100
|move|p1a: Reuniclus|Calm Mind|p1a: Reuniclus
|-boost|p1a: Reuniclus|spa|1
|-boost|p1a: Reuniclus|spd|1
|
|-heal|p2a: Necrozma|74/100|[from] item: Leftovers
|-heal|p1a: Reuniclus|98/100|[from] item: Leftovers
|upkeep
|turn|42
|
|t:|1626889961
|move|p2a: Necrozma|Calm Mind|p2a: Necrozma
|-boost|p2a: Necrozma|spa|1
|-boost|p2a: Necrozma|spd|1
|move|p1a: Reuniclus|Calm Mind|p1a: Reuniclus
|-boost|p1a: Reuniclus|spa|1
|-boost|p1a: Reuniclus|spd|1
|
|-heal|p2a: Necrozma|80/100|[from] item: Leftovers
|-heal|p1a: Reuniclus|100/100|[from] item: Leftovers
|upkeep
|turn|43
|
|t:|1626889965
|move|p2a: Necrozma|Calm Mind|p2a: Necrozma
|-boost|p2a: Necrozma|spa|1
|-boost|p2a: Necrozma|spd|1
|move|p1a: Reuniclus|Calm Mind|p1a: Reuniclus
|-boost|p1a: Reuniclus|spa|1
|-boost|p1a: Reuniclus|spd|1
|
|-heal|p2a: Necrozma|86/100|[from] item: Leftovers
|upkeep
|turn|44
|
|t:|1626889967
|move|p2a: Necrozma|Calm Mind|p2a: Necrozma
|-boost|p2a: Necrozma|spa|1
|-boost|p2a: Necrozma|spd|1
|move|p1a: Reuniclus|Calm Mind|p1a: Reuniclus
|-boost|p1a: Reuniclus|spa|1
|-boost|p1a: Reuniclus|spd|1
|
|-heal|p2a: Necrozma|92/100|[from] item: Leftovers
|upkeep
|turn|45
|
|t:|1626889969
|move|p2a: Necrozma|Calm Mind|p2a: Necrozma
|-boost|p2a: Necrozma|spa|1
|-boost|p2a: Necrozma|spd|1
|move|p1a: Reuniclus|Calm Mind|p1a: Reuniclus
|-boost|p1a: Reuniclus|spa|1
|-boost|p1a: Reuniclus|spd|1
|
|-heal|p2a: Necrozma|98/100|[from] item: Leftovers
|upkeep
|turn|46
|
|t:|1626889971
|move|p2a: Necrozma|Calm Mind|p2a: Necrozma
|-boost|p2a: Necrozma|spa|1
|-boost|p2a: Necrozma|spd|1
|move|p1a: Reuniclus|Calm Mind|p1a: Reuniclus
|-boost|p1a: Reuniclus|spa|1
|-boost|p1a: Reuniclus|spd|1
|
|-heal|p2a: Necrozma|100/100|[from] item: Leftovers
|upkeep
|turn|47
|
|t:|1626889975
|move|p2a: Necrozma|Earth Power|p1a: Reuniclus
|-damage|p1a: Reuniclus|79/100
|move|p1a: Reuniclus|Psyshock|p2a: Necrozma
|-resisted|p2a: Necrozma
|-damage|p2a: Necrozma|54/100
|
|-heal|p2a: Necrozma|60/100|[from] item: Leftovers
|-heal|p1a: Reuniclus|85/100|[from] item: Leftovers
|upkeep
|turn|48
|
|t:|1626889982
|move|p2a: Necrozma|Earth Power|p1a: Reuniclus
|-damage|p1a: Reuniclus|66/100
|move|p1a: Reuniclus|Psyshock|p2a: Necrozma
|-resisted|p2a: Necrozma
|-damage|p2a: Necrozma|18/100
|
|-heal|p2a: Necrozma|24/100|[from] item: Leftovers
|-heal|p1a: Reuniclus|72/100|[from] item: Leftovers
|upkeep
|turn|49
|
|t:|1626889986
|move|p2a: Necrozma|Moonlight|p2a: Necrozma
|-heal|p2a: Necrozma|74/100
|move|p1a: Reuniclus|Psyshock|p2a: Necrozma
|-resisted|p2a: Necrozma
|-damage|p2a: Necrozma|29/100
|
|-heal|p2a: Necrozma|35/100|[from] item: Leftovers
|-heal|p1a: Reuniclus|78/100|[from] item: Leftovers
|upkeep
|turn|50
|
|t:|1626889991
|move|p2a: Necrozma|Moonlight|p2a: Necrozma
|-heal|p2a: Necrozma|85/100
|move|p1a: Reuniclus|Psyshock|p2a: Necrozma
|-resisted|p2a: Necrozma
|-damage|p2a: Necrozma|39/100
|
|-heal|p2a: Necrozma|45/100|[from] item: Leftovers
|-heal|p1a: Reuniclus|84/100|[from] item: Leftovers
|upkeep
|turn|51
|
|t:|1626890004
|switch|p1a: Obstagoon|Obstagoon, M|88/100 brn
|move|p2a: Necrozma|Moonlight|p2a: Necrozma
|-heal|p2a: Necrozma|95/100
|
|-heal|p2a: Necrozma|100/100|[from] item: Leftovers
|-damage|p1a: Obstagoon|82/100 brn|[from] brn
|upkeep
|turn|52
|
|t:|1626890040
|move|p1a: Obstagoon|Knock Off|p2a: Necrozma
|-supereffective|p2a: Necrozma
|-damage|p2a: Necrozma|39/100
|-enditem|p2a: Necrozma|Leftovers|[from] move: Knock Off|[of] p1a: Obstagoon
|move|p2a: Necrozma|Earth Power|p1a: Obstagoon
|-damage|p1a: Obstagoon|0 fnt
|faint|p1a: Obstagoon
|
|upkeep
|
|t:|1626890043
|switch|p1a: Mimikyu|Mimikyu, M|100/100
|turn|53
|
|t:|1626890048
|move|p1a: Mimikyu|Shadow Claw|p2a: Necrozma
|-supereffective|p2a: Necrozma
|-damage|p2a: Necrozma|7/100
|-damage|p1a: Mimikyu|91/100|[from] item: Life Orb
|move|p2a: Necrozma|Photon Geyser|p1a: Mimikyu
|-damage|p1a: Mimikyu|0 fnt
|faint|p1a: Mimikyu
|
|upkeep
|-message|RULT70E Elfu forfeited.
|
|win|rult70m mac3 ✝
|l|☆RULT70E Elfu
|raw|RULT70E Elfu's rating: 1415 &rarr; <strong>1402</strong><br />(-13 for losing)
|raw|rult70m mac3 ✝'s rating: 1539 &rarr; <strong>1552</strong><br />(+13 for winning)
|l|+Lunala
|l|☆rult70m mac3 ✝
