|j|☆zben
|j|☆whistling
|inactive|Battle timer is ON: inactive players will automatically lose when time's up.
|player|p1|zben|morty-gen2|
|player|p2|whistling|proton|
|teamsize|p1|6
|teamsize|p2|6
|gametype|singles
|gen|8
|tier|[Gen 8] RU
|rated|Tournament battle
|clearpoke
|poke|p1|Ninetales, F|
|poke|p1|Ivysaur, M|
|poke|p1|Gastrodon-East, F|
|poke|p1|Copperajah, M|
|poke|p1|Silvally-*|
|poke|p1|Passimian, M|
|poke|p2|Gallade, M|
|poke|p2|Barraskewda, M|
|poke|p2|Steelix, M|
|poke|p2|Vileplume, F|
|poke|p2|Xatu, M|
|poke|p2|Snorlax, M|
|rule|Sleep Clause Mod: Limit one foe put to sleep
|rule|Species Clause: Limit one of each Pokémon
|rule|OHKO Clause: OHKO moves are banned
|rule|Evasion Moves Clause: Evasion moves are banned
|rule|Endless Battle Clause: Forcing endless battles is banned
|rule|HP Percentage Mod: HP is shown in percentages
|rule|Dynamax Clause: You cannot dynamax
|teampreview
|c|☆whistling|hf
|
|start
|switch|p1a: Ninetales|Ninetales, F|100/100
|switch|p2a: Snorlax|Snorlax, M|100/100
|-weather|SunnyDay|[from] ability: Drought|[of] p1a: Ninetales
|turn|1
|j| venson04
|inactive|whistling has 120 seconds left.
|inactive|zben has 120 seconds left.
|
|switch|p1a: Gastrodon|Gastrodon-East, F|100/100
|move|p2a: Snorlax|Curse|p2a: Snorlax
|-unboost|p2a: Snorlax|spe|1
|-boost|p2a: Snorlax|atk|1
|-boost|p2a: Snorlax|def|1
|
|-weather|SunnyDay|[upkeep]
|upkeep
|turn|2
|inactive|whistling has 90 seconds left.
|inactive|whistling has 60 seconds left.
|inactive|whistling has 30 seconds left.
|
|move|p1a: Gastrodon|Toxic|p2a: Snorlax
|-status|p2a: Snorlax|tox
|move|p2a: Snorlax|Body Slam|p1a: Gastrodon
|-damage|p1a: Gastrodon|68/100
|
|-weather|SunnyDay|[upkeep]
|-heal|p1a: Gastrodon|74/100|[from] item: Leftovers
|-damage|p2a: Snorlax|94/100 tox|[from] psn
|upkeep
|turn|3
|inactive|zben has 120 seconds left.
|
|move|p1a: Gastrodon|Earth Power|p2a: Snorlax
|-damage|p2a: Snorlax|80/100 tox
|move|p2a: Snorlax|Body Slam|p1a: Gastrodon
|-damage|p1a: Gastrodon|38/100
|
|-weather|SunnyDay|[upkeep]
|-heal|p1a: Gastrodon|44/100|[from] item: Leftovers
|-heal|p2a: Snorlax|86/100 tox|[from] item: Leftovers
|-damage|p2a: Snorlax|74/100 tox|[from] psn
|upkeep
|turn|4
|inactive|whistling has 30 seconds left.
|
|switch|p1a: Passimian|Passimian, M|100/100
|move|p2a: Snorlax|Curse|p2a: Snorlax
|-unboost|p2a: Snorlax|spe|1
|-boost|p2a: Snorlax|atk|1
|-boost|p2a: Snorlax|def|1
|
|-weather|SunnyDay|[upkeep]
|-heal|p2a: Snorlax|80/100 tox|[from] item: Leftovers
|-damage|p2a: Snorlax|62/100 tox|[from] psn
|upkeep
|turn|5
|
|switch|p2a: Xatu|Xatu, M|100/100
|move|p1a: Passimian|Close Combat|p2a: Xatu
|-resisted|p2a: Xatu
|-damage|p2a: Xatu|80/100
|-unboost|p1a: Passimian|def|1
|-unboost|p1a: Passimian|spd|1
|-damage|p1a: Passimian|84/100|[from] item: Rocky Helmet|[of] p2a: Xatu
|
|-weather|SunnyDay|[upkeep]
|upkeep
|turn|6
|inactive|whistling has 30 seconds left.
|j| baddy bad vs@!
|inactive|whistling has 20 seconds left.
|inactive|zben has 120 seconds left.
|inactive|whistling has 15 seconds left.
|
|switch|p1a: Copperajah|Copperajah, M|100/100
|move|p2a: Xatu|Heat Wave|p1a: Copperajah
|-supereffective|p1a: Copperajah
|-damage|p1a: Copperajah|31/100
|
|-weather|SunnyDay|[upkeep]
|-heal|p1a: Copperajah|37/100|[from] item: Leftovers
|upkeep
|turn|7
|inactive|whistling has 25 seconds left this turn.
|inactive|whistling has 20 seconds left.
|
|switch|p1a: Gastrodon|Gastrodon-East, F|44/100
|move|p2a: Xatu|Heat Wave|p1a: Gastrodon
|-resisted|p1a: Gastrodon
|-damage|p1a: Gastrodon|30/100
|
|-weather|SunnyDay|[upkeep]
|-heal|p1a: Gastrodon|36/100|[from] item: Leftovers
|upkeep
|turn|8
|inactive|whistling has 30 seconds left this turn.
|
|move|p2a: Xatu|Grass Knot|p1a: Gastrodon
|-supereffective|p1a: Gastrodon
|-damage|p1a: Gastrodon|0 fnt
|faint|p1a: Gastrodon
|
|-weather|none
|upkeep
|
|switch|p1a: Ninetales|Ninetales, F|100/100
|-weather|SunnyDay|[from] ability: Drought|[of] p1a: Ninetales
|turn|9
|
|move|p1a: Ninetales|Nasty Plot|p1a: Ninetales
|-boost|p1a: Ninetales|spa|2
|move|p2a: Xatu|Psychic|p1a: Ninetales
|-damage|p1a: Ninetales|66/100
|
|-weather|SunnyDay|[upkeep]
|upkeep
|turn|10
|
|switch|p2a: Snorlax|Snorlax, M|62/100 tox
|move|p1a: Ninetales|Nasty Plot|p1a: Ninetales
|-boost|p1a: Ninetales|spa|2
|
|-weather|SunnyDay|[upkeep]
|-heal|p2a: Snorlax|68/100 tox|[from] item: Leftovers
|-damage|p2a: Snorlax|62/100 tox|[from] psn
|upkeep
|turn|11
|
|move|p1a: Ninetales|Solar Beam||[still]
|-prepare|p1a: Ninetales|Solar Beam|p2a: Snorlax
|-anim|p1a: Ninetales|Solar Beam|p2a: Snorlax
|-damage|p2a: Snorlax|18/100 tox
|move|p2a: Snorlax|Body Slam|p1a: Ninetales
|-damage|p1a: Ninetales|19/100
|
|-weather|SunnyDay|[upkeep]
|-heal|p2a: Snorlax|24/100 tox|[from] item: Leftovers
|-damage|p2a: Snorlax|12/100 tox|[from] psn
|upkeep
|turn|12
|
|move|p1a: Ninetales|Solar Beam||[still]
|-prepare|p1a: Ninetales|Solar Beam|p2a: Snorlax
|-anim|p1a: Ninetales|Solar Beam|p2a: Snorlax
|-damage|p2a: Snorlax|0 fnt
|faint|p2a: Snorlax
|
|-weather|SunnyDay|[upkeep]
|upkeep
|
|switch|p2a: Barraskewda|Barraskewda, M|100/100
|turn|13
|
|switch|p1a: Copperajah|Copperajah, M|37/100
|move|p2a: Barraskewda|Psychic Fangs|p1a: Copperajah
|-resisted|p1a: Copperajah
|-damage|p1a: Copperajah|13/100
|
|-weather|SunnyDay|[upkeep]
|-heal|p1a: Copperajah|19/100|[from] item: Leftovers
|upkeep
|turn|14
|j| gorex
|
|move|p2a: Barraskewda|Psychic Fangs|p1a: Copperajah
|-resisted|p1a: Copperajah
|-damage|p1a: Copperajah|0 fnt
|faint|p1a: Copperajah
|
|-weather|SunnyDay|[upkeep]
|upkeep
|
|switch|p1a: Ivysaur|Ivysaur, M|100/100
|turn|15
|
|switch|p2a: Xatu|Xatu, M|80/100
|move|p1a: Ivysaur|Giga Drain|p2a: Xatu
|-resisted|p2a: Xatu
|-damage|p2a: Xatu|60/100
|
|-weather|SunnyDay|[upkeep]
|upkeep
|turn|16
|
|move|p1a: Ivysaur|Sludge Bomb|p2a: Xatu
|-damage|p2a: Xatu|11/100
|move|p2a: Xatu|Psychic|p1a: Ivysaur
|-supereffective|p1a: Ivysaur
|-damage|p1a: Ivysaur|43/100
|
|-weather|none
|upkeep
|turn|17
|
|switch|p1a: Ninetales|Ninetales, F|19/100
|-weather|SunnyDay|[from] ability: Drought|[of] p1a: Ninetales
|move|p2a: Xatu|Psychic|p1a: Ninetales
|-damage|p1a: Ninetales|0 fnt
|faint|p1a: Ninetales
|
|-weather|SunnyDay|[upkeep]
|upkeep
|
|switch|p1a: Ivysaur|Ivysaur, M|43/100
|turn|18
|inactive|whistling has 120 seconds left.
|
|move|p1a: Ivysaur|Giga Drain|p2a: Xatu
|-resisted|p2a: Xatu
|-damage|p2a: Xatu|0 fnt
|-heal|p1a: Ivysaur|50/100|[from] drain|[of] p2a: Xatu
|faint|p2a: Xatu
|
|-weather|SunnyDay|[upkeep]
|upkeep
|
|switch|p2a: Gallade|Gallade, M|100/100
|turn|19
|
|switch|p1a: Silvally|Silvally-Fairy|100/100
|move|p2a: Gallade|Zen Headbutt|p1a: Silvally
|-damage|p1a: Silvally|62/100
|
|-weather|SunnyDay|[upkeep]
|upkeep
|turn|20
|j| Catboy500
|
|move|p2a: Gallade|Zen Headbutt|p1a: Silvally
|-damage|p1a: Silvally|23/100
|move|p1a: Silvally|Parting Shot|p2a: Gallade
|-unboost|p2a: Gallade|atk|1
|-unboost|p2a: Gallade|spa|1
|
|switch|p1a: Passimian|Passimian, M|84/100|[from]move: Parting Shot
|
|-weather|SunnyDay|[upkeep]
|upkeep
|turn|21
|
|move|p1a: Passimian|U-turn|p2a: Gallade
|-damage|p2a: Gallade|59/100
|
|switch|p1a: Silvally|Silvally-Fairy|23/100|[from]move: U-turn
|move|p2a: Gallade|Zen Headbutt|p1a: Silvally
|-damage|p1a: Silvally|0 fnt
|faint|p1a: Silvally
|
|-weather|SunnyDay|[upkeep]
|upkeep
|
|switch|p1a: Ivysaur|Ivysaur, M|50/100
|turn|22
|inactive|whistling has 120 seconds left.
|
|move|p1a: Ivysaur|Giga Drain|p2a: Gallade
|-damage|p2a: Gallade|29/100
|-heal|p1a: Ivysaur|66/100|[from] drain|[of] p2a: Gallade
|move|p2a: Gallade|Zen Headbutt|p1a: Ivysaur
|-supereffective|p1a: Ivysaur
|-damage|p1a: Ivysaur|0 fnt
|faint|p1a: Ivysaur
|
|-weather|SunnyDay|[upkeep]
|upkeep
|
|switch|p1a: Passimian|Passimian, M|84/100
|turn|23
|
|move|p1a: Passimian|Close Combat|p2a: Gallade
|-resisted|p2a: Gallade
|-damage|p2a: Gallade|0 fnt
|-unboost|p1a: Passimian|def|1
|-unboost|p1a: Passimian|spd|1
|faint|p2a: Gallade
|
|-weather|SunnyDay|[upkeep]
|upkeep
|
|switch|p2a: Vileplume|Vileplume, F|100/100
|turn|24
|
|move|p1a: Passimian|Close Combat|p2a: Vileplume
|-resisted|p2a: Vileplume
|-damage|p2a: Vileplume|79/100
|-unboost|p1a: Passimian|def|1
|-unboost|p1a: Passimian|spd|1
|move|p2a: Vileplume|Sludge Bomb|p1a: Passimian
|-damage|p1a: Passimian|0 fnt
|faint|p1a: Passimian
|
|win|whistling
