|j|☆bl knights gen 8
|j|☆Enter Pls
|player|p1|bl knights gen 8|acetrainer-gen1rb|1401
|player|p2|Enter Pls|koga|1359
|teamsize|p1|6
|teamsize|p2|6
|gametype|singles
|gen|8
|tier|[Gen 8] RU
|rated|
|clearpoke
|poke|p1|Porygon2|
|poke|p1|Rillaboom, F|
|poke|p1|Ninetales, F|
|poke|p1|Passimian, F|
|poke|p1|Mudsdale, F|
|poke|p1|Silvally-*|
|poke|p2|Drapion, M|
|poke|p2|Vikavolt, F|
|poke|p2|Rillaboom, F|
|poke|p2|Whimsicott, M|
|poke|p2|Vaporeon, F|
|poke|p2|Runerigus, F|
|rule|Sleep Clause Mod: Limit one foe put to sleep
|rule|Species Clause: Limit one of each Pokémon
|rule|OHKO Clause: OHKO moves are banned
|rule|Evasion Moves Clause: Evasion moves are banned
|rule|Endless Battle Clause: Forcing endless battles is banned
|rule|HP Percentage Mod: HP is shown in percentages
|rule|Dynamax Clause: You cannot dynamax
|teampreview
|
|start
|switch|p1a: Porygon2|Porygon2|100/100
|switch|p2a: Vikavolt|Vikavolt, F|100/100
|-ability|p1a: Porygon2|Download|boost
|-boost|p1a: Porygon2|spa|1
|turn|1
|
|move|p2a: Vikavolt|Sticky Web|p1a: Porygon2
|-sidestart|p1: bl knights gen 8|move: Sticky Web
|move|p1a: Porygon2|Tri Attack|p2a: Vikavolt
|-damage|p2a: Vikavolt|0 fnt
|faint|p2a: Vikavolt
|
|upkeep
|
|switch|p2a: Vaporeon|Vaporeon, F|100/100
|turn|2
|
|move|p2a: Vaporeon|Toxic|p1a: Porygon2
|-status|p1a: Porygon2|tox
|move|p1a: Porygon2|Tri Attack|p2a: Vaporeon
|-damage|p2a: Vaporeon|29/100
|
|-heal|p2a: Vaporeon|35/100|[from] item: Leftovers
|-damage|p1a: Porygon2|94/100 tox|[from] psn
|upkeep
|turn|3
|
|switch|p1a: Rillaboom|Rillaboom, F|100/100
|-activate|p1a: Rillaboom|move: Sticky Web
|-unboost|p1a: Rillaboom|spe|1
|-fieldstart|move: Grassy Terrain|[from] ability: Grassy Surge|[of] p1a: Rillaboom
|-enditem|p1a: Rillaboom|Grassy Seed
|-boost|p1a: Rillaboom|def|1|[from] item: Grassy Seed
|move|p2a: Vaporeon|Protect||[still]
|-fail|p2a: Vaporeon
|
|-heal|p2a: Vaporeon|41/100|[from] item: Leftovers
|-heal|p2a: Vaporeon|47/100|[from] Grassy Terrain
|upkeep
|turn|4
|
|move|p1a: Rillaboom|Swords Dance|p1a: Rillaboom
|-boost|p1a: Rillaboom|atk|2
|move|p2a: Vaporeon|Flip Turn|p1a: Rillaboom
|-resisted|p1a: Rillaboom
|-damage|p1a: Rillaboom|96/100
|
|switch|p2a: Whimsicott|Whimsicott, M|100/100|[from]move: Flip Turn
|
|-heal|p1a: Rillaboom|100/100|[from] Grassy Terrain
|upkeep
|turn|5
|
|move|p2a: Whimsicott|Switcheroo|p1a: Rillaboom
|-activate|p2a: Whimsicott|move: Trick|[of] p1a: Rillaboom
|-item|p1a: Rillaboom|Choice Specs|[from] move: Switcheroo
|-enditem|p2a: Whimsicott|Choice Specs|[silent]|[from] move: Switcheroo
|move|p1a: Rillaboom|Acrobatics|p2a: Whimsicott
|-supereffective|p2a: Whimsicott
|-damage|p2a: Whimsicott|0 fnt
|faint|p2a: Whimsicott
|
|upkeep
|
|switch|p2a: Drapion|Drapion, M|100/100
|turn|6
|
|move|p2a: Drapion|Iron Defense|p2a: Drapion
|-boost|p2a: Drapion|def|2
|move|p1a: Rillaboom|Acrobatics|p2a: Drapion
|-damage|p2a: Drapion|84/100
|
|-heal|p2a: Drapion|90/100|[from] Grassy Terrain
|upkeep
|turn|7
|
|switch|p1a: Silvally|Silvally-Fairy|100/100
|-activate|p1a: Silvally|move: Sticky Web
|-unboost|p1a: Silvally|spe|1
|move|p2a: Drapion|Iron Defense|p2a: Drapion
|-boost|p2a: Drapion|def|2
|
|-heal|p2a: Drapion|96/100|[from] Grassy Terrain
|-fieldend|move: Grassy Terrain
|upkeep
|turn|8
|
|move|p2a: Drapion|Acupressure|p2a: Drapion
|-boost|p2a: Drapion|spe|2
|move|p1a: Silvally|Defog|p2a: Drapion
|-unboost|p2a: Drapion|evasion|1
|-sideend|p1: bl knights gen 8|Sticky Web|[from] move: Defog|[of] p1a: Silvally
|
|upkeep
|turn|9
|
|move|p2a: Drapion|Acupressure|p2a: Drapion
|-boost|p2a: Drapion|spa|2
|move|p1a: Silvally|Parting Shot|p2a: Drapion
|-unboost|p2a: Drapion|atk|1
|-unboost|p2a: Drapion|spa|1
|
|switch|p1a: Porygon2|Porygon2|94/100 tox|[from]move: Parting Shot
|-ability|p1a: Porygon2|Download|boost
|-boost|p1a: Porygon2|spa|1
|
|-damage|p1a: Porygon2|88/100 tox|[from] psn
|upkeep
|turn|10
|
|move|p2a: Drapion|Acupressure|p2a: Drapion
|-boost|p2a: Drapion|atk|2
|move|p1a: Porygon2|Tri Attack|p2a: Drapion
|-damage|p2a: Drapion|23/100
|-status|p2a: Drapion|frz
|
|-damage|p1a: Porygon2|76/100 tox|[from] psn
|upkeep
|turn|11
|
|-curestatus|p2a: Drapion|frz|[msg]
|move|p2a: Drapion|Rest|p2a: Drapion
|-status|p2a: Drapion|slp|[from] move: Rest
|-heal|p2a: Drapion|100/100 slp|[silent]
|-enditem|p2a: Drapion|Chesto Berry|[eat]
|-curestatus|p2a: Drapion|slp|[msg]
|move|p1a: Porygon2|Tri Attack|p2a: Drapion
|-damage|p2a: Drapion|30/100
|
|-damage|p1a: Porygon2|57/100 tox|[from] psn
|upkeep
|turn|12
|c|☆bl knights gen 8|lol
|
|move|p2a: Drapion|Acupressure|p2a: Drapion
|-boost|p2a: Drapion|accuracy|2
|move|p1a: Porygon2|Tri Attack|p2a: Drapion
|-damage|p2a: Drapion|0 fnt
|faint|p2a: Drapion
|
|-damage|p1a: Porygon2|33/100 tox|[from] psn
|upkeep
|inactive|Battle timer is ON: inactive players will automatically lose when time's up. (requested by bl knights gen 8)
|c|☆Enter Pls|miss
|c|☆Enter Pls|smh
|
|switch|p2a: Runerigus|Runerigus, F|100/100
|turn|13
|c|☆bl knights gen 8|how do you miss a tri attack?
|c|☆bl knights gen 8|it's 100 accuracy
|c|☆Enter Pls|I had evasion boost
|
|switch|p1a: Rillaboom|Rillaboom, F|100/100
|-fieldstart|move: Grassy Terrain|[from] ability: Grassy Surge|[of] p1a: Rillaboom
|move|p2a: Runerigus|Stealth Rock|p1a: Rillaboom
|-sidestart|p1: bl knights gen 8|move: Stealth Rock
|
|upkeep
|turn|14
|
|move|p1a: Rillaboom|Wood Hammer|p2a: Runerigus
|-supereffective|p2a: Runerigus
|-damage|p2a: Runerigus|0 fnt
|-activate|p2a: Runerigus|ability: Wandering Spirit|Grassy Surge|Wandering Spirit|[of] p1a: Rillaboom
|-damage|p1a: Rillaboom|69/100|[from] Recoil
|faint|p2a: Runerigus
|
|-heal|p1a: Rillaboom|76/100|[from] Grassy Terrain
|upkeep
|
|switch|p2a: Rillaboom|Rillaboom, F|100/100
|turn|15
|c|☆bl knights gen 8|gg
|
|move|p2a: Rillaboom|U-turn|p1a: Rillaboom
|-supereffective|p1a: Rillaboom
|-damage|p1a: Rillaboom|0 fnt
|-activate|p1a: Rillaboom|ability: Wandering Spirit|Grassy Surge|Wandering Spirit|[of] p2a: Rillaboom
|faint|p1a: Rillaboom
|
|switch|p2a: Vaporeon|Vaporeon, F|47/100|[from]move: U-turn
|
|-heal|p2a: Vaporeon|54/100|[from] item: Leftovers
|-heal|p2a: Vaporeon|60/100|[from] Grassy Terrain
|upkeep
|
|switch|p1a: Porygon2|Porygon2|33/100 tox
|-damage|p1a: Porygon2|21/100 tox|[from] Stealth Rock
|-ability|p1a: Porygon2|Download|boost
|-boost|p1a: Porygon2|spa|1
|turn|16
|
|move|p2a: Vaporeon|Protect|p2a: Vaporeon
|-singleturn|p2a: Vaporeon|Protect
|move|p1a: Porygon2|Thunderbolt|p2a: Vaporeon
|-activate|p2a: Vaporeon|move: Protect
|
|-heal|p2a: Vaporeon|66/100|[from] item: Leftovers
|-heal|p2a: Vaporeon|72/100|[from] Grassy Terrain
|-heal|p1a: Porygon2|27/100 tox|[from] Grassy Terrain
|-damage|p1a: Porygon2|21/100 tox|[from] psn
|upkeep
|turn|17
|
|switch|p2a: Rillaboom|Rillaboom, F|100/100
|move|p1a: Porygon2|Thunderbolt|p2a: Rillaboom
|-resisted|p2a: Rillaboom
|-damage|p2a: Rillaboom|59/100
|
|-heal|p2a: Rillaboom|65/100|[from] Grassy Terrain
|-heal|p1a: Porygon2|27/100 tox|[from] Grassy Terrain
|-fieldend|move: Grassy Terrain
|-damage|p1a: Porygon2|14/100 tox|[from] psn
|upkeep
|turn|18
|
|move|p2a: Rillaboom|U-turn|p1a: Porygon2
|-damage|p1a: Porygon2|0 fnt
|faint|p1a: Porygon2
|
|switch|p2a: Vaporeon|Vaporeon, F|72/100|[from]move: U-turn
|
|-heal|p2a: Vaporeon|79/100|[from] item: Leftovers
|upkeep
|
|switch|p1a: Ninetales|Ninetales, F|100/100
|-damage|p1a: Ninetales|76/100|[from] Stealth Rock
|-weather|SunnyDay|[from] ability: Drought|[of] p1a: Ninetales
|turn|19
|
|move|p1a: Ninetales|Nasty Plot|p1a: Ninetales
|-boost|p1a: Ninetales|spa|2
|move|p2a: Vaporeon|Toxic|p1a: Ninetales
|-status|p1a: Ninetales|tox
|
|-weather|SunnyDay|[upkeep]
|-heal|p2a: Vaporeon|85/100|[from] item: Leftovers
|-damage|p1a: Ninetales|70/100 tox|[from] psn
|upkeep
|turn|20
|
|move|p2a: Vaporeon|Protect|p2a: Vaporeon
|-singleturn|p2a: Vaporeon|Protect
|move|p1a: Ninetales|Solar Beam||[still]
|-prepare|p1a: Ninetales|Solar Beam|p2a: Vaporeon
|-anim|p1a: Ninetales|Solar Beam|p2a: Vaporeon
|-activate|p2a: Vaporeon|move: Protect
|
|-weather|SunnyDay|[upkeep]
|-heal|p2a: Vaporeon|91/100|[from] item: Leftovers
|-damage|p1a: Ninetales|58/100 tox|[from] psn
|upkeep
|turn|21
|
|switch|p2a: Rillaboom|Rillaboom, F|65/100
|-fieldstart|move: Grassy Terrain|[from] ability: Grassy Surge|[of] p2a: Rillaboom
|move|p1a: Ninetales|Solar Beam||[still]
|-prepare|p1a: Ninetales|Solar Beam|p2a: Rillaboom
|-anim|p1a: Ninetales|Solar Beam|p2a: Rillaboom
|-resisted|p2a: Rillaboom
|-damage|p2a: Rillaboom|9/100
|
|-weather|SunnyDay|[upkeep]
|-heal|p1a: Ninetales|64/100 tox|[from] Grassy Terrain
|-heal|p2a: Rillaboom|15/100|[from] Grassy Terrain
|-damage|p1a: Ninetales|46/100 tox|[from] psn
|upkeep
|turn|22
|
|switch|p1a: Silvally|Silvally-Fairy|100/100
|-damage|p1a: Silvally|88/100|[from] Stealth Rock
|move|p2a: Rillaboom|Grassy Glide|p1a: Silvally
|-damage|p1a: Silvally|27/100
|
|-weather|SunnyDay|[upkeep]
|-heal|p1a: Silvally|33/100|[from] Grassy Terrain
|-heal|p2a: Rillaboom|21/100|[from] Grassy Terrain
|upkeep
|turn|23
|
|move|p2a: Rillaboom|Grassy Glide|p1a: Silvally
|-damage|p1a: Silvally|0 fnt
|faint|p1a: Silvally
|
|-weather|none
|-heal|p2a: Rillaboom|27/100|[from] Grassy Terrain
|upkeep
|
|switch|p1a: Passimian|Passimian, F|100/100
|-damage|p1a: Passimian|94/100|[from] Stealth Rock
|turn|24
|
|move|p2a: Rillaboom|Grassy Glide|p1a: Passimian
|-damage|p1a: Passimian|22/100
|move|p1a: Passimian|Close Combat|p2a: Rillaboom
|-damage|p2a: Rillaboom|0 fnt
|-unboost|p1a: Passimian|def|1
|-unboost|p1a: Passimian|spd|1
|faint|p2a: Rillaboom
|
|-heal|p1a: Passimian|28/100|[from] Grassy Terrain
|upkeep
|
|switch|p2a: Vaporeon|Vaporeon, F|91/100
|turn|25
|
|move|p2a: Vaporeon|Protect|p2a: Vaporeon
|-singleturn|p2a: Vaporeon|Protect
|move|p1a: Passimian|Close Combat|p2a: Vaporeon
|-activate|p2a: Vaporeon|move: Protect
|
|-heal|p1a: Passimian|35/100|[from] Grassy Terrain
|-heal|p2a: Vaporeon|97/100|[from] item: Leftovers
|-heal|p2a: Vaporeon|100/100|[from] Grassy Terrain
|-fieldend|move: Grassy Terrain
|upkeep
|turn|26
|
|move|p1a: Passimian|Close Combat|p2a: Vaporeon
|-damage|p2a: Vaporeon|58/100
|-unboost|p1a: Passimian|def|1
|-unboost|p1a: Passimian|spd|1
|move|p2a: Vaporeon|Wish|p2a: Vaporeon
|
|-heal|p2a: Vaporeon|64/100|[from] item: Leftovers
|upkeep
|turn|27
|
|move|p1a: Passimian|Close Combat|p2a: Vaporeon
|-damage|p2a: Vaporeon|23/100
|-unboost|p1a: Passimian|def|1
|-unboost|p1a: Passimian|spd|1
|move|p2a: Vaporeon|Flip Turn|p1a: Passimian
|-damage|p1a: Passimian|0 fnt
|faint|p1a: Passimian
|
|-heal|p2a: Vaporeon|73/100|[from] move: Wish|[wisher] Vaporeon
|-heal|p2a: Vaporeon|80/100|[from] item: Leftovers
|upkeep
|
|switch|p1a: Ninetales|Ninetales, F|46/100 tox
|-damage|p1a: Ninetales|21/100 tox|[from] Stealth Rock
|-weather|SunnyDay|[from] ability: Drought|[of] p1a: Ninetales
|turn|28
|
|move|p1a: Ninetales|Solar Beam||[still]
|-prepare|p1a: Ninetales|Solar Beam|p2a: Vaporeon
|-anim|p1a: Ninetales|Solar Beam|p2a: Vaporeon
|-supereffective|p2a: Vaporeon
|-damage|p2a: Vaporeon|31/100
|move|p2a: Vaporeon|Wish|p2a: Vaporeon
|
|-weather|SunnyDay|[upkeep]
|-heal|p2a: Vaporeon|37/100|[from] item: Leftovers
|-damage|p1a: Ninetales|15/100 tox|[from] psn
|upkeep
|turn|29
|
|move|p2a: Vaporeon|Protect|p2a: Vaporeon
|-singleturn|p2a: Vaporeon|Protect
|move|p1a: Ninetales|Nasty Plot|p1a: Ninetales
|-boost|p1a: Ninetales|spa|2
|
|-weather|SunnyDay|[upkeep]
|-heal|p2a: Vaporeon|87/100|[from] move: Wish|[wisher] Vaporeon
|-heal|p2a: Vaporeon|93/100|[from] item: Leftovers
|-damage|p1a: Ninetales|4/100 tox|[from] psn
|upkeep
|turn|30
|
|move|p1a: Ninetales|Solar Beam||[still]
|-prepare|p1a: Ninetales|Solar Beam|p2a: Vaporeon
|-anim|p1a: Ninetales|Solar Beam|p2a: Vaporeon
|-supereffective|p2a: Vaporeon
|-damage|p2a: Vaporeon|6/100
|move|p2a: Vaporeon|Wish|p2a: Vaporeon
|
|-weather|SunnyDay|[upkeep]
|-heal|p2a: Vaporeon|13/100|[from] item: Leftovers
|-damage|p1a: Ninetales|0 fnt|[from] psn
|faint|p1a: Ninetales
|upkeep
|
|switch|p1a: Mudsdale|Mudsdale, F|100/100
|-damage|p1a: Mudsdale|94/100|[from] Stealth Rock
|turn|31
|
|move|p2a: Vaporeon|Protect|p2a: Vaporeon
|-singleturn|p2a: Vaporeon|Protect
|move|p1a: Mudsdale|Earthquake|p2a: Vaporeon
|-activate|p2a: Vaporeon|move: Protect
|
|-weather|SunnyDay|[upkeep]
|-heal|p2a: Vaporeon|63/100|[from] move: Wish|[wisher] Vaporeon
|-heal|p2a: Vaporeon|69/100|[from] item: Leftovers
|-heal|p1a: Mudsdale|100/100|[from] item: Leftovers
|upkeep
|turn|32
|c|☆bl knights gen 8|smh
|
|move|p2a: Vaporeon|Wish|p2a: Vaporeon
|move|p1a: Mudsdale|Earthquake|p2a: Vaporeon
|-damage|p2a: Vaporeon|29/100
|
|-weather|none
|-heal|p2a: Vaporeon|35/100|[from] item: Leftovers
|upkeep
|turn|33
|
|move|p2a: Vaporeon|Protect|p2a: Vaporeon
|-singleturn|p2a: Vaporeon|Protect
|move|p1a: Mudsdale|Earthquake|p2a: Vaporeon
|-activate|p2a: Vaporeon|move: Protect
|
|-heal|p2a: Vaporeon|85/100|[from] move: Wish|[wisher] Vaporeon
|-heal|p2a: Vaporeon|91/100|[from] item: Leftovers
|upkeep
|turn|34
|c|☆Enter Pls|gg
|
|move|p2a: Vaporeon|Wish|p2a: Vaporeon
|move|p1a: Mudsdale|Earthquake|p2a: Vaporeon
|-damage|p2a: Vaporeon|52/100
|
|-heal|p2a: Vaporeon|58/100|[from] item: Leftovers
|upkeep
|turn|35
|
|move|p2a: Vaporeon|Toxic|p1a: Mudsdale
|-status|p1a: Mudsdale|tox
|move|p1a: Mudsdale|Earthquake|p2a: Vaporeon
|-damage|p2a: Vaporeon|16/100
|
|-heal|p2a: Vaporeon|66/100|[from] move: Wish|[wisher] Vaporeon
|-heal|p2a: Vaporeon|72/100|[from] item: Leftovers
|-damage|p1a: Mudsdale|94/100 tox|[from] psn
|upkeep
|turn|36
|
|move|p2a: Vaporeon|Wish|p2a: Vaporeon
|move|p1a: Mudsdale|Earthquake|p2a: Vaporeon
|-damage|p2a: Vaporeon|29/100
|
|-heal|p2a: Vaporeon|35/100|[from] item: Leftovers
|-heal|p1a: Mudsdale|100/100 tox|[from] item: Leftovers
|-damage|p1a: Mudsdale|88/100 tox|[from] psn
|upkeep
|turn|37
|
|move|p2a: Vaporeon|Protect|p2a: Vaporeon
|-singleturn|p2a: Vaporeon|Protect
|move|p1a: Mudsdale|Earthquake|p2a: Vaporeon
|-activate|p2a: Vaporeon|move: Protect
|
|-heal|p2a: Vaporeon|85/100|[from] move: Wish|[wisher] Vaporeon
|-heal|p2a: Vaporeon|91/100|[from] item: Leftovers
|-heal|p1a: Mudsdale|94/100 tox|[from] item: Leftovers
|-damage|p1a: Mudsdale|76/100 tox|[from] psn
|upkeep
|turn|38
|
|move|p2a: Vaporeon|Wish|p2a: Vaporeon
|move|p1a: Mudsdale|Earthquake|p2a: Vaporeon
|-damage|p2a: Vaporeon|50/100
|
|-heal|p2a: Vaporeon|57/100|[from] item: Leftovers
|-heal|p1a: Mudsdale|82/100 tox|[from] item: Leftovers
|-damage|p1a: Mudsdale|57/100 tox|[from] psn
|upkeep
|turn|39
|
|move|p2a: Vaporeon|Protect|p2a: Vaporeon
|-singleturn|p2a: Vaporeon|Protect
|move|p1a: Mudsdale|Earthquake|p2a: Vaporeon
|-activate|p2a: Vaporeon|move: Protect
|
|-heal|p2a: Vaporeon|100/100|[from] move: Wish|[wisher] Vaporeon
|-heal|p1a: Mudsdale|63/100 tox|[from] item: Leftovers
|-damage|p1a: Mudsdale|32/100 tox|[from] psn
|upkeep
|turn|40
|
|move|p2a: Vaporeon|Wish|p2a: Vaporeon
|move|p1a: Mudsdale|Earthquake|p2a: Vaporeon
|-damage|p2a: Vaporeon|63/100
|
|-heal|p2a: Vaporeon|70/100|[from] item: Leftovers
|-heal|p1a: Mudsdale|39/100 tox|[from] item: Leftovers
|-damage|p1a: Mudsdale|1/100 tox|[from] psn
|upkeep
|turn|41
|
|move|p2a: Vaporeon|Protect|p2a: Vaporeon
|-singleturn|p2a: Vaporeon|Protect
|move|p1a: Mudsdale|Earthquake|p2a: Vaporeon
|-activate|p2a: Vaporeon|move: Protect
|
|-heal|p2a: Vaporeon|100/100|[from] move: Wish|[wisher] Vaporeon
|-heal|p1a: Mudsdale|8/100 tox|[from] item: Leftovers
|-damage|p1a: Mudsdale|0 fnt|[from] psn
|faint|p1a: Mudsdale
|
|win|Enter Pls
|upkeep
|l|☆bl knights gen 8
