|j|☆Crow Music
|j|☆Lionel Mesprit
|inactive|Battle timer is ON: inactive players will automatically lose when time's up.
|t:|1610170696
|player|p1|Crow Music|guitarist-gen4|
|player|p2|Lionel Mesprit|striker|
|teamsize|p1|6
|teamsize|p2|6
|gametype|singles
|gen|8
|tier|[Gen 8] RU
|rated|Tournament battle
|clearpoke
|poke|p1|Noivern, F|
|poke|p1|Seismitoad, M|
|poke|p1|Metagross|
|poke|p1|Sylveon, F|
|poke|p1|Toxtricity, F|
|poke|p1|Zarude|
|poke|p2|Whimsicott, F|
|poke|p2|Heracross, M|
|poke|p2|Zygarde-10%|
|poke|p2|Togekiss, F|
|poke|p2|Seismitoad, F|
|poke|p2|Thundurus, M|
|rule|Sleep Clause Mod: Limit one foe put to sleep
|rule|Species Clause: Limit one of each Pokémon
|rule|OHKO Clause: OHKO moves are banned
|rule|Evasion Moves Clause: Evasion moves are banned
|rule|Endless Battle Clause: Forcing endless battles is banned
|rule|HP Percentage Mod: HP is shown in percentages
|rule|Dynamax Clause: You cannot dynamax
|teampreview
|j| E4BrunoMarsTest
|c| E4BrunoMarsTest|goooooo Crow Music!
|c|☆Crow Music|Gl hf
|inactive|Crow Music has 120 seconds left.
|inactive|Lionel Mesprit has 120 seconds left.
|
|t:|1610170749
|start
|switch|p1a: Zarude|Zarude|100/100
|switch|p2a: Whimsicott|Whimsicott, F|100/100
|turn|1
|
|t:|1610170756
|switch|p1a: Toxtricity|Toxtricity, F|100/100
|move|p2a: Whimsicott|Moonblast|p1a: Toxtricity
|-resisted|p1a: Toxtricity
|-damage|p1a: Toxtricity|57/100
|
|upkeep
|turn|2
|inactive|Lionel Mesprit has 120 seconds left.
|c|☆Crow Music|Specs whimsicott?
|j| Sunny Asmi
|inactive|Lionel Mesprit has 90 seconds left.
|
|t:|1610170819
|move|p2a: Whimsicott|Moonblast|p1a: Toxtricity
|-resisted|p1a: Toxtricity
|-damage|p1a: Toxtricity|15/100
|-unboost|p1a: Toxtricity|spa|1
|move|p1a: Toxtricity|Boomburst|p2a: Whimsicott
|-damage|p2a: Whimsicott|0 fnt
|faint|p2a: Whimsicott
|
|upkeep
|inactive|Lionel Mesprit has 90 seconds left.
|c| Sunny Asmi|lol
|
|t:|1610170830
|switch|p2a: Heracross|Heracross, M|100/100
|turn|3
|
|t:|1610170834
|switch|p1a: Noivern|Noivern, F|100/100
|move|p2a: Heracross|Knock Off|p1a: Noivern
|-damage|p1a: Noivern|57/100
|-enditem|p1a: Noivern|Heavy-Duty Boots|[from] move: Knock Off|[of] p2a: Heracross
|
|-status|p2a: Heracross|brn|[from] item: Flame Orb
|upkeep
|turn|4
|inactive|Lionel Mesprit has 90 seconds left.
|
|t:|1610170856
|move|p1a: Noivern|Flamethrower|p2a: Heracross
|-supereffective|p2a: Heracross
|-damage|p2a: Heracross|41/100 brn
|move|p2a: Heracross|Facade|p1a: Noivern
|-damage|p1a: Noivern|0 fnt
|faint|p1a: Noivern
|
|-damage|p2a: Heracross|35/100 brn|[from] brn
|upkeep
|
|t:|1610170865
|switch|p1a: Metagross|Metagross|100/100
|turn|5
|
|t:|1610170872
|switch|p2a: Seismitoad|Seismitoad, F|100/100
|move|p1a: Metagross|Meteor Mash|p2a: Seismitoad
|-resisted|p2a: Seismitoad
|-damage|p2a: Seismitoad|82/100
|-boost|p1a: Metagross|atk|1
|
|-heal|p2a: Seismitoad|88/100|[from] item: Leftovers
|upkeep
|turn|6
|
|t:|1610170880
|switch|p1a: Zarude|Zarude|100/100
|move|p2a: Seismitoad|Stealth Rock|p1a: Zarude
|-sidestart|p1: Crow Music|move: Stealth Rock
|
|-heal|p2a: Seismitoad|94/100|[from] item: Leftovers
|upkeep
|turn|7
|
|t:|1610170885
|switch|p2a: Togekiss|Togekiss, F|100/100
|move|p1a: Zarude|U-turn|p2a: Togekiss
|-resisted|p2a: Togekiss
|-crit|p2a: Togekiss
|-damage|p2a: Togekiss|92/100
|
|t:|1610170889
|switch|p1a: Metagross|Metagross|100/100|[from]move: U-turn
|-damage|p1a: Metagross|95/100|[from] Stealth Rock
|
|upkeep
|turn|8
|
|t:|1610170893
|switch|p2a: Seismitoad|Seismitoad, F|94/100
|move|p1a: Metagross|Earthquake|p2a: Seismitoad
|-damage|p2a: Seismitoad|67/100
|
|-heal|p2a: Seismitoad|73/100|[from] item: Leftovers
|upkeep
|turn|9
|
|t:|1610170900
|switch|p1a: Zarude|Zarude|100/100
|switch|p2a: Thundurus|Thundurus, M|100/100
|
|upkeep
|turn|10
|
|t:|1610170905
|move|p2a: Thundurus|Nasty Plot|p2a: Thundurus
|-boost|p2a: Thundurus|spa|2
|move|p1a: Zarude|Darkest Lariat|p2a: Thundurus
|-damage|p2a: Thundurus|39/100
|
|upkeep
|turn|11
|
|t:|1610170911
|switch|p1a: Toxtricity|Toxtricity, F|15/100
|-damage|p1a: Toxtricity|3/100|[from] Stealth Rock
|move|p2a: Thundurus|Focus Blast|p1a: Toxtricity
|-resisted|p1a: Toxtricity
|-damage|p1a: Toxtricity|0 fnt
|faint|p1a: Toxtricity
|
|upkeep
|
|t:|1610170920
|switch|p1a: Metagross|Metagross|95/100
|-damage|p1a: Metagross|89/100|[from] Stealth Rock
|turn|12
|
|t:|1610170940
|move|p1a: Metagross|Ice Punch|p2a: Thundurus
|-supereffective|p2a: Thundurus
|-damage|p2a: Thundurus|0 fnt
|faint|p2a: Thundurus
|
|upkeep
|inactive|Lionel Mesprit has 120 seconds left.
|
|t:|1610170983
|switch|p2a: Seismitoad|Seismitoad, F|73/100
|turn|13
|
|t:|1610170986
|switch|p1a: Zarude|Zarude|100/100
|switch|p2a: Togekiss|Togekiss, F|92/100
|
|upkeep
|turn|14
|
|t:|1610170992
|move|p1a: Zarude|U-turn|p2a: Togekiss
|-resisted|p2a: Togekiss
|-damage|p2a: Togekiss|86/100
|
|t:|1610170996
|switch|p1a: Sylveon|Sylveon, F|100/100|[from]move: U-turn
|move|p2a: Togekiss|Thunder Wave|p1a: Sylveon|[miss]
|-miss|p2a: Togekiss|p1a: Sylveon
|
|upkeep
|turn|15
|
|t:|1610171001
|switch|p1a: Seismitoad|Seismitoad, M|100/100
|-damage|p1a: Seismitoad|94/100|[from] Stealth Rock
|move|p2a: Togekiss|Thunder Wave|p1a: Seismitoad
|-immune|p1a: Seismitoad
|
|-heal|p1a: Seismitoad|100/100|[from] item: Leftovers
|upkeep
|turn|16
|
|t:|1610171015
|switch|p2a: Seismitoad|Seismitoad, F|73/100
|move|p1a: Seismitoad|Knock Off|p2a: Seismitoad
|-damage|p2a: Seismitoad|53/100
|-enditem|p2a: Seismitoad|Leftovers|[from] move: Knock Off|[of] p1a: Seismitoad
|
|upkeep
|turn|17
|
|t:|1610171022
|move|p1a: Seismitoad|Earthquake|p2a: Seismitoad
|-damage|p2a: Seismitoad|19/100
|move|p2a: Seismitoad|Knock Off|p1a: Seismitoad
|-damage|p1a: Seismitoad|76/100
|-enditem|p1a: Seismitoad|Leftovers|[from] move: Knock Off|[of] p2a: Seismitoad
|
|upkeep
|turn|18
|
|t:|1610171027
|switch|p2a: Togekiss|Togekiss, F|86/100
|move|p1a: Seismitoad|Stealth Rock|p2a: Togekiss
|-sidestart|p2: Lionel Mesprit|move: Stealth Rock
|
|upkeep
|turn|19
|
|t:|1610171032
|move|p1a: Seismitoad|Knock Off|p2a: Togekiss
|-resisted|p2a: Togekiss
|-damage|p2a: Togekiss|73/100
|-enditem|p2a: Togekiss|Heavy-Duty Boots|[from] move: Knock Off|[of] p1a: Seismitoad
|move|p2a: Togekiss|Air Slash|p1a: Seismitoad
|-damage|p1a: Seismitoad|41/100
|
|upkeep
|turn|20
|
|t:|1610171043
|switch|p1a: Metagross|Metagross|89/100
|-damage|p1a: Metagross|83/100|[from] Stealth Rock
|move|p2a: Togekiss|Air Slash|p1a: Metagross
|-resisted|p1a: Metagross
|-damage|p1a: Metagross|64/100
|
|upkeep
|turn|21
|
|t:|1610171050
|move|p1a: Metagross|Meteor Mash|p2a: Togekiss
|-supereffective|p2a: Togekiss
|-damage|p2a: Togekiss|0 fnt
|faint|p2a: Togekiss
|
|upkeep
|
|t:|1610171056
|switch|p2a: Zygarde|Zygarde-10%|100/100
|-damage|p2a: Zygarde|94/100|[from] Stealth Rock
|-ability|p2a: Zygarde|Aura Break
|turn|22
|
|t:|1610171062
|switch|p1a: Seismitoad|Seismitoad, M|41/100
|-damage|p1a: Seismitoad|34/100|[from] Stealth Rock
|move|p2a: Zygarde|Thousand Arrows|p1a: Seismitoad
|-damage|p1a: Seismitoad|0 fnt
|faint|p1a: Seismitoad
|
|upkeep
|
|t:|1610171067
|switch|p1a: Zarude|Zarude|100/100
|turn|23
|
|t:|1610171074
|switch|p2a: Seismitoad|Seismitoad, F|19/100
|-damage|p2a: Seismitoad|13/100|[from] Stealth Rock
|move|p1a: Zarude|Darkest Lariat|p2a: Seismitoad
|-damage|p2a: Seismitoad|0 fnt
|faint|p2a: Seismitoad
|
|upkeep
|
|t:|1610171077
|switch|p2a: Zygarde|Zygarde-10%|94/100
|-damage|p2a: Zygarde|88/100|[from] Stealth Rock
|-ability|p2a: Zygarde|Aura Break
|turn|24
|
|t:|1610171086
|switch|p1a: Metagross|Metagross|64/100
|-damage|p1a: Metagross|58/100|[from] Stealth Rock
|move|p2a: Zygarde|Thousand Arrows|p1a: Metagross
|-supereffective|p1a: Metagross
|-damage|p1a: Metagross|0 fnt
|faint|p1a: Metagross
|
|upkeep
|
|t:|1610171092
|switch|p1a: Sylveon|Sylveon, F|100/100
|turn|25
|
|t:|1610171096
|move|p2a: Zygarde|Thousand Arrows|p1a: Sylveon
|-damage|p1a: Sylveon|53/100
|move|p1a: Sylveon|Moonblast|p2a: Zygarde
|-supereffective|p2a: Zygarde
|-damage|p2a: Zygarde|0 fnt
|faint|p2a: Zygarde
|
|upkeep
|
|t:|1610171100
|switch|p2a: Heracross|Heracross, M|35/100 brn
|-damage|p2a: Heracross|22/100 brn|[from] Stealth Rock
|turn|26
|
|t:|1610171103
|move|p2a: Heracross|Facade|p1a: Sylveon
|-damage|p1a: Sylveon|0 fnt
|faint|p1a: Sylveon
|
|-damage|p2a: Heracross|16/100 brn|[from] brn
|upkeep
|
|t:|1610171106
|switch|p1a: Zarude|Zarude|100/100
|turn|27
|
|t:|1610171110
|move|p1a: Zarude|Darkest Lariat|p2a: Heracross
|-resisted|p2a: Heracross
|-damage|p2a: Heracross|0 fnt
|faint|p2a: Heracross
|
|win|Crow Music
|n|☆Crow Music|crowmusic
|n|☆Lionel Mesprit|lionelmesprit
|n| E4BrunoMarsTest|e4brunomarstest
|n| Sunny Asmi|sunnyasmi
