|html|<div class="broadcast-blue"><strong>[Gen 8] RU is currently suspecting Thundurus! For information on how to participate check out the <a href="https://www.smogon.com/forums/threads/np-ru-stage-5-electric-feel-thundurus-suspect.3676870/">suspect thread</a>.</strong></div>
|j|☆LethalHobo723
|j|☆Namranan
|t:|1612142231
|player|p1|LethalHobo723|102|
|player|p2|Namranan|harlequin|
|teamsize|p1|6
|teamsize|p2|6
|gametype|singles
|gen|8
|tier|[Gen 8] RU
|clearpoke
|poke|p1|Darmanitan, M|
|poke|p1|Seismitoad, F|
|poke|p1|Togekiss, M|
|poke|p1|Heracross, M|
|poke|p1|Xurkitree|
|poke|p1|Zarude|
|poke|p2|Obstagoon, M|
|poke|p2|Stakataka|
|poke|p2|Druddigon, F|
|poke|p2|Togekiss, F|
|poke|p2|Flygon, F|
|poke|p2|Starmie|
|rule|Sleep Clause Mod: Limit one foe put to sleep
|rule|Species Clause: Limit one of each Pokémon
|rule|OHKO Clause: OHKO moves are banned
|rule|Evasion Moves Clause: Evasion moves are banned
|rule|Endless Battle Clause: Forcing endless battles is banned
|rule|HP Percentage Mod: HP is shown in percentages
|rule|Dynamax Clause: You cannot dynamax
|teampreview
|c|☆Namranan|glhf
|c|☆LethalHobo723|u2
|
|t:|1612142242
|start
|switch|p1a: Darmanitan|Darmanitan, M|100/100
|switch|p2a: Druddigon|Druddigon, F|100/100
|turn|1
|
|t:|1612142297
|move|p1a: Darmanitan|U-turn|p2a: Druddigon
|-damage|p2a: Druddigon|83/100
|-damage|p1a: Darmanitan|88/100|[from] ability: Rough Skin|[of] p2a: Druddigon
|-damage|p1a: Darmanitan|72/100|[from] item: Rocky Helmet|[of] p2a: Druddigon
|
|t:|1612142305
|switch|p1a: Togekiss|Togekiss, M|100/100|[from]move: U-turn
|move|p2a: Druddigon|Glare|p1a: Togekiss
|-status|p1a: Togekiss|par
|
|upkeep
|turn|2
|
|t:|1612142308
|move|p2a: Druddigon|Stealth Rock|p1a: Togekiss
|-sidestart|p1: LethalHobo723|move: Stealth Rock
|move|p1a: Togekiss|Thunder Wave|p2a: Druddigon
|-status|p2a: Druddigon|par
|
|upkeep
|turn|3
|
|t:|1612142315
|switch|p2a: Obstagoon|Obstagoon, M|100/100
|move|p1a: Togekiss|Defog|p2a: Obstagoon
|-unboost|p2a: Obstagoon|evasion|1
|-sideend|p1: LethalHobo723|Stealth Rock|[from] move: Defog|[of] p1a: Togekiss
|
|-status|p2a: Obstagoon|brn|[from] item: Flame Orb
|upkeep
|turn|4
|
|t:|1612142336
|move|p2a: Obstagoon|Knock Off|p1a: Togekiss
|-resisted|p1a: Togekiss
|-damage|p1a: Togekiss|80/100 par
|-enditem|p1a: Togekiss|Heavy-Duty Boots|[from] move: Knock Off|[of] p2a: Obstagoon
|move|p1a: Togekiss|Air Slash|p2a: Obstagoon
|-damage|p2a: Obstagoon|60/100 brn
|
|-damage|p2a: Obstagoon|54/100 brn|[from] brn
|upkeep
|turn|5
|
|t:|1612142345
|switch|p2a: Togekiss|Togekiss, F|100/100
|move|p1a: Togekiss|Air Slash|p2a: Togekiss
|-damage|p2a: Togekiss|77/100
|
|upkeep
|turn|6
|
|t:|1612142351
|switch|p1a: Heracross|Heracross, M|100/100
|move|p2a: Togekiss|Toxic|p1a: Heracross
|-status|p1a: Heracross|tox
|
|-damage|p1a: Heracross|95/100 tox|[from] psn
|upkeep
|turn|7
|
|t:|1612142357
|switch|p1a: Xurkitree|Xurkitree|100/100
|switch|p2a: Druddigon|Druddigon, F|83/100 par
|
|upkeep
|turn|8
|
|t:|1612142365
|move|p1a: Xurkitree|Thunderbolt|p2a: Druddigon
|-resisted|p2a: Druddigon
|-damage|p2a: Druddigon|54/100 par
|cant|p2a: Druddigon|par
|
|upkeep
|turn|9
|
|t:|1612142369
|move|p1a: Xurkitree|Thunderbolt|p2a: Druddigon
|-resisted|p2a: Druddigon
|-damage|p2a: Druddigon|21/100 par
|move|p2a: Druddigon|Stealth Rock|p1a: Xurkitree
|-sidestart|p1: LethalHobo723|move: Stealth Rock
|
|upkeep
|turn|10
|
|t:|1612142373
|switch|p2a: Flygon|Flygon, F|100/100
|move|p1a: Xurkitree|Substitute|p1a: Xurkitree
|-start|p1a: Xurkitree|Substitute
|-damage|p1a: Xurkitree|76/100
|
|upkeep
|turn|11
|
|t:|1612142387
|move|p2a: Flygon|Earthquake|p1a: Xurkitree
|-supereffective|p1a: Xurkitree
|-end|p1a: Xurkitree|Substitute
|move|p1a: Xurkitree|Energy Ball|p2a: Flygon
|-damage|p2a: Flygon|43/100
|
|upkeep
|turn|12
|
|t:|1612142393
|switch|p1a: Zarude|Zarude|100/100
|move|p2a: Flygon|Earthquake|p1a: Zarude
|-resisted|p1a: Zarude
|-damage|p1a: Zarude|80/100
|
|upkeep
|turn|13
|
|t:|1612142397
|switch|p2a: Druddigon|Druddigon, F|21/100 par
|move|p1a: Zarude|U-turn|p2a: Druddigon
|-damage|p2a: Druddigon|5/100 par
|-damage|p1a: Zarude|68/100|[from] ability: Rough Skin|[of] p2a: Druddigon
|-damage|p1a: Zarude|51/100|[from] item: Rocky Helmet|[of] p2a: Druddigon
|
|t:|1612142404
|switch|p1a: Xurkitree|Xurkitree|76/100|[from]move: U-turn
|-damage|p1a: Xurkitree|63/100|[from] Stealth Rock
|
|upkeep
|turn|14
|
|t:|1612142413
|switch|p2a: Flygon|Flygon, F|43/100
|move|p1a: Xurkitree|Substitute|p1a: Xurkitree
|-start|p1a: Xurkitree|Substitute
|-damage|p1a: Xurkitree|39/100
|
|upkeep
|turn|15
|
|t:|1612142417
|move|p2a: Flygon|U-turn|p1a: Xurkitree
|-end|p1a: Xurkitree|Substitute
|
|t:|1612142429
|switch|p2a: Druddigon|Druddigon, F|5/100 par|[from]move: U-turn
|move|p1a: Xurkitree|Hypnosis||[still]
|-fail|p1a: Xurkitree
|
|upkeep
|turn|16
|
|t:|1612142434
|move|p1a: Xurkitree|Energy Ball|p2a: Druddigon
|-resisted|p2a: Druddigon
|-damage|p2a: Druddigon|0 fnt
|faint|p2a: Druddigon
|-ability|p1a: Xurkitree|Beast Boost|boost
|-boost|p1a: Xurkitree|spa|1
|
|upkeep
|
|t:|1612142436
|switch|p2a: Flygon|Flygon, F|43/100
|turn|17
|
|t:|1612142439
|switch|p1a: Togekiss|Togekiss, M|80/100 par
|-damage|p1a: Togekiss|55/100 par|[from] Stealth Rock
|move|p2a: Flygon|U-turn|p1a: Togekiss
|-resisted|p1a: Togekiss
|-damage|p1a: Togekiss|51/100 par
|
|t:|1612142449
|switch|p2a: Obstagoon|Obstagoon, M|54/100 brn|[from]move: U-turn
|
|-damage|p2a: Obstagoon|48/100 brn|[from] brn
|upkeep
|turn|18
|
|t:|1612142453
|move|p2a: Obstagoon|Facade|p1a: Togekiss
|-damage|p1a: Togekiss|0 fnt
|faint|p1a: Togekiss
|
|-damage|p2a: Obstagoon|42/100 brn|[from] brn
|upkeep
|
|t:|1612142480
|switch|p1a: Zarude|Zarude|51/100
|turn|19
|
|t:|1612142484
|switch|p2a: Togekiss|Togekiss, F|77/100
|move|p1a: Zarude|U-turn|p2a: Togekiss
|-resisted|p2a: Togekiss
|-damage|p2a: Togekiss|72/100
|
|t:|1612142492
|switch|p1a: Xurkitree|Xurkitree|39/100|[from]move: U-turn
|-damage|p1a: Xurkitree|26/100|[from] Stealth Rock
|
|upkeep
|turn|20
|
|t:|1612142496
|move|p1a: Xurkitree|Substitute|p1a: Xurkitree
|-start|p1a: Xurkitree|Substitute
|-damage|p1a: Xurkitree|1/100
|move|p2a: Togekiss|Flamethrower|p1a: Xurkitree
|-end|p1a: Xurkitree|Substitute
|
|upkeep
|turn|21
|
|t:|1612142505
|switch|p2a: Flygon|Flygon, F|43/100
|move|p1a: Xurkitree|Energy Ball|p2a: Flygon
|-damage|p2a: Flygon|0 fnt
|faint|p2a: Flygon
|-ability|p1a: Xurkitree|Beast Boost|boost
|-boost|p1a: Xurkitree|spa|1
|
|upkeep
|
|t:|1612142510
|switch|p2a: Starmie|Starmie|100/100
|turn|22
|
|t:|1612142515
|switch|p1a: Seismitoad|Seismitoad, F|100/100
|-damage|p1a: Seismitoad|94/100|[from] Stealth Rock
|move|p2a: Starmie|Grass Knot|p1a: Seismitoad
|-supereffective|p1a: Seismitoad
|-damage|p1a: Seismitoad|0 fnt
|-damage|p2a: Starmie|91/100|[from] item: Life Orb
|faint|p1a: Seismitoad
|
|upkeep
|
|t:|1612142525
|switch|p1a: Darmanitan|Darmanitan, M|72/100
|-damage|p1a: Darmanitan|47/100|[from] Stealth Rock
|turn|23
|
|t:|1612142535
|switch|p2a: Togekiss|Togekiss, F|72/100
|move|p1a: Darmanitan|U-turn|p2a: Togekiss
|-resisted|p2a: Togekiss
|-damage|p2a: Togekiss|67/100
|
|t:|1612142540
|switch|p1a: Heracross|Heracross, M|95/100 tox|[from]move: U-turn
|-damage|p1a: Heracross|82/100 tox|[from] Stealth Rock
|
|-damage|p1a: Heracross|76/100 tox|[from] psn
|upkeep
|turn|24
|
|t:|1612142551
|switch|p2a: Stakataka|Stakataka|100/100
|move|p1a: Heracross|Stone Edge|p2a: Stakataka|[miss]
|-miss|p1a: Heracross|p2a: Stakataka
|
|-damage|p1a: Heracross|64/100 tox|[from] psn
|upkeep
|turn|25
|
|t:|1612142557
|switch|p2a: Togekiss|Togekiss, F|67/100
|move|p1a: Heracross|Close Combat|p2a: Togekiss
|-resisted|p2a: Togekiss
|-damage|p2a: Togekiss|48/100
|-unboost|p1a: Heracross|def|1
|-unboost|p1a: Heracross|spd|1
|
|-damage|p1a: Heracross|46/100 tox|[from] psn
|upkeep
|turn|26
|
|t:|1612142586
|move|p1a: Heracross|Stone Edge|p2a: Togekiss
|-supereffective|p2a: Togekiss
|-damage|p2a: Togekiss|0 fnt
|faint|p2a: Togekiss
|
|-damage|p1a: Heracross|22/100 tox|[from] psn
|upkeep
|
|t:|1612142590
|switch|p2a: Obstagoon|Obstagoon, M|42/100 brn
|turn|27
|
|t:|1612142593
|switch|p1a: Xurkitree|Xurkitree|1/100
|-damage|p1a: Xurkitree|0 fnt|[from] Stealth Rock
|faint|p1a: Xurkitree
|move|p2a: Obstagoon|Facade|p1: Xurkitree|[notarget]
|-fail|p2a: Obstagoon
|
|-damage|p2a: Obstagoon|36/100 brn|[from] brn
|upkeep
|
|t:|1612142596
|switch|p1a: Zarude|Zarude|51/100
|turn|28
|
|t:|1612142601
|move|p1a: Zarude|U-turn|p2a: Obstagoon
|-supereffective|p2a: Obstagoon
|-damage|p2a: Obstagoon|0 fnt
|faint|p2a: Obstagoon
|
|t:|1612142622
|switch|p1a: Heracross|Heracross, M|22/100 tox|[from]move: U-turn
|-damage|p1a: Heracross|10/100 tox|[from] Stealth Rock
|
|-damage|p1a: Heracross|4/100 tox|[from] psn
|upkeep
|
|t:|1612142625
|switch|p2a: Starmie|Starmie|91/100
|turn|29
|
|t:|1612142629
|move|p2a: Starmie|Ice Beam|p1a: Heracross
|-damage|p1a: Heracross|0 fnt
|-damage|p2a: Starmie|81/100|[from] item: Life Orb
|faint|p1a: Heracross
|
|upkeep
|
|t:|1612142633
|switch|p1a: Darmanitan|Darmanitan, M|47/100
|-damage|p1a: Darmanitan|22/100|[from] Stealth Rock
|turn|30
|
|t:|1612142658
|move|p1a: Darmanitan|Earthquake|p2a: Starmie
|-damage|p2a: Starmie|23/100
|move|p2a: Starmie|Hydro Pump|p1a: Darmanitan|[miss]
|-miss|p2a: Starmie|p1a: Darmanitan
|
|upkeep
|turn|31
|
|t:|1612142663
|move|p1a: Darmanitan|Earthquake|p2a: Starmie
|-damage|p2a: Starmie|0 fnt
|faint|p2a: Starmie
|
|upkeep
|
|t:|1612142665
|switch|p2a: Stakataka|Stakataka|100/100
|turn|32
|c|☆LethalHobo723|Ok that sucked I am sorry
|
|t:|1612142670
|move|p1a: Darmanitan|Earthquake|p2a: Stakataka
|-supereffective|p2a: Stakataka
|-crit|p2a: Stakataka
|-damage|p2a: Stakataka|0 fnt
|faint|p2a: Stakataka
|
|win|LethalHobo723
|c|☆Namranan|gg
|c|☆LethalHobo723|Gg
