|j|☆spmadao
|j|☆literallyfreemoney
|t:|1623004953
|gametype|singles
|player|p1|spmadao|31|1286
|player|p2|literallyfreemoney|17|1175
|teamsize|p1|6
|teamsize|p2|6
|gen|8
|tier|[Gen 8] RU
|rated|
|rule|Sleep Clause Mod: Limit one foe put to sleep
|rule|Species Clause: Limit one of each Pokémon
|rule|OHKO Clause: OHKO moves are banned
|rule|Evasion Moves Clause: Evasion moves are banned
|rule|Endless Battle Clause: Forcing endless battles is banned
|rule|HP Percentage Mod: HP is shown in percentages
|rule|Dynamax Clause: You cannot dynamax
|clearpoke
|poke|p1|Qwilfish, M|
|poke|p1|Mienshao, M|
|poke|p1|Rotom-Mow|
|poke|p1|Claydol|
|poke|p1|Snorlax, M|
|poke|p1|Arcanine, M|
|poke|p2|Heracross, M|
|poke|p2|Steelix, M|
|poke|p2|Heliolisk, M|
|poke|p2|Crobat, F|
|poke|p2|Milotic, F|
|poke|p2|Gardevoir, M|
|teampreview
|
|t:|1623004970
|start
|switch|p1a: Mienshao|Mienshao, M|100/100
|switch|p2a: Gardevoir|Gardevoir, M|100/100
|-ability|p2a: Gardevoir|Regenerator|[from] ability: Trace|[of] p1a: Mienshao
|turn|1
|
|t:|1623004977
|move|p1a: Mienshao|Fake Out|p2a: Gardevoir
|-damage|p2a: Gardevoir|71/100
|-damage|p1a: Mienshao|91/100|[from] item: Life Orb
|cant|p2a: Gardevoir|flinch
|
|upkeep
|turn|2
|
|t:|1623004983
|switch|p1a: Claydol|Claydol|100/100
|move|p2a: Gardevoir|Moonblast|p1a: Claydol
|-damage|p1a: Claydol|71/100
|-unboost|p1a: Claydol|spa|1
|
|-heal|p1a: Claydol|77/100|[from] item: Leftovers
|upkeep
|turn|3
|
|t:|1623004998
|switch|p2a: Milotic|Milotic, F|100/100
|move|p1a: Claydol|Stealth Rock|p2a: Milotic
|-sidestart|p2: literallyfreemoney|move: Stealth Rock
|
|-heal|p1a: Claydol|83/100|[from] item: Leftovers
|-status|p2a: Milotic|brn|[from] item: Flame Orb
|upkeep
|turn|4
|
|t:|1623005008
|switch|p1a: Qwilfish|Qwilfish, M|100/100
|-ability|p1a: Qwilfish|Intimidate|boost
|-unboost|p2a: Milotic|atk|1
|move|p2a: Milotic|Flip Turn|p1a: Qwilfish
|-resisted|p1a: Qwilfish
|-damage|p1a: Qwilfish|99/100
|
|t:|1623005015
|switch|p2a: Gardevoir|Gardevoir, M|100/100|[from]move: Flip Turn
|-damage|p2a: Gardevoir|88/100|[from] Stealth Rock
|-ability|p2a: Gardevoir|Intimidate|[from] ability: Trace|[of] p1a: Qwilfish
|-ability|p2a: Gardevoir|Intimidate|boost
|-unboost|p1a: Qwilfish|atk|1
|
|-heal|p1a: Qwilfish|100/100|[from] item: Black Sludge
|upkeep
|turn|5
|
|t:|1623005020
|switch|p1a: Snorlax|Snorlax, M|100/100
|move|p2a: Gardevoir|Psyshock|p1a: Snorlax
|-damage|p1a: Snorlax|64/100
|
|upkeep
|turn|6
|
|t:|1623005030
|switch|p2a: Milotic|Milotic, F|100/100 brn
|-damage|p2a: Milotic|88/100 brn|[from] Stealth Rock
|move|p1a: Snorlax|Earthquake|p2a: Milotic
|-damage|p2a: Milotic|71/100 brn
|
|-damage|p2a: Milotic|64/100 brn|[from] brn
|upkeep
|turn|7
|
|t:|1623005035
|switch|p1a: Rotom|Rotom-Mow|100/100
|move|p2a: Milotic|Scald|p1a: Rotom
|-resisted|p1a: Rotom
|-damage|p1a: Rotom|81/100
|
|-damage|p2a: Milotic|58/100 brn|[from] brn
|upkeep
|turn|8
|
|t:|1623005042
|switch|p2a: Steelix|Steelix, M|100/100
|-damage|p2a: Steelix|97/100|[from] Stealth Rock
|move|p1a: Rotom|Trick|p2a: Steelix
|-activate|p1a: Rotom|move: Trick|[of] p2a: Steelix
|-item|p2a: Steelix|Choice Scarf|[from] move: Trick
|-item|p1a: Rotom|Leftovers|[from] move: Trick
|
|-heal|p1a: Rotom|87/100|[from] item: Leftovers
|upkeep
|turn|9
|
|t:|1623005061
|switch|p1a: Claydol|Claydol|83/100
|move|p2a: Steelix|Gyro Ball|p1a: Claydol
|-damage|p1a: Claydol|66/100
|
|-heal|p1a: Claydol|72/100|[from] item: Leftovers
|upkeep
|turn|10
|
|t:|1623005077
|switch|p2a: Brave Bat|Crobat, F|100/100
|move|p1a: Claydol|Psychic|p2a: Brave Bat
|-supereffective|p2a: Brave Bat
|-damage|p2a: Brave Bat|49/100
|
|-heal|p1a: Claydol|78/100|[from] item: Leftovers
|upkeep
|turn|11
|
|t:|1623005086
|move|p2a: Brave Bat|Defog|p1a: Claydol
|-unboost|p1a: Claydol|evasion|1
|-sideend|p2: literallyfreemoney|Stealth Rock|[from] move: Defog|[of] p2a: Brave Bat
|move|p1a: Claydol|Psychic|p2a: Brave Bat
|-supereffective|p2a: Brave Bat
|-damage|p2a: Brave Bat|0 fnt
|faint|p2a: Brave Bat
|
|-heal|p1a: Claydol|84/100|[from] item: Leftovers
|upkeep
|
|t:|1623005092
|switch|p2a: Guts|Heracross, M|100/100
|turn|12
|
|t:|1623005097
|switch|p1a: Qwilfish|Qwilfish, M|100/100
|-ability|p1a: Qwilfish|Intimidate|boost
|-unboost|p2a: Guts|atk|1
|move|p2a: Guts|Facade|p1a: Qwilfish
|-damage|p1a: Qwilfish|86/100
|
|-heal|p1a: Qwilfish|92/100|[from] item: Black Sludge
|-status|p2a: Guts|brn|[from] item: Flame Orb
|upkeep
|turn|13
|
|t:|1623005106
|move|p2a: Guts|Earthquake|p1a: Qwilfish
|-supereffective|p1a: Qwilfish
|-damage|p1a: Qwilfish|40/100
|move|p1a: Qwilfish|Spikes|p2a: Guts
|-sidestart|p2: literallyfreemoney|Spikes
|
|-heal|p1a: Qwilfish|46/100|[from] item: Black Sludge
|-damage|p2a: Guts|95/100 brn|[from] brn
|upkeep
|turn|14
|
|t:|1623005118
|switch|p2a: Gardevoir|Gardevoir, M|88/100
|-damage|p2a: Gardevoir|76/100|[from] Spikes
|-ability|p2a: Gardevoir|Intimidate|[from] ability: Trace|[of] p1a: Qwilfish
|-ability|p2a: Gardevoir|Intimidate|boost
|-unboost|p1a: Qwilfish|atk|1
|move|p1a: Qwilfish|Spikes|p2a: Gardevoir
|-sidestart|p2: literallyfreemoney|Spikes
|
|-heal|p1a: Qwilfish|52/100|[from] item: Black Sludge
|upkeep
|turn|15
|
|t:|1623005127
|switch|p1a: Claydol|Claydol|84/100
|move|p2a: Gardevoir|Trick|p1a: Claydol
|-activate|p2a: Gardevoir|move: Trick|[of] p1a: Claydol
|-item|p1a: Claydol|Choice Scarf|[from] move: Trick
|-item|p2a: Gardevoir|Leftovers|[from] move: Trick
|
|-heal|p2a: Gardevoir|82/100|[from] item: Leftovers
|upkeep
|turn|16
|
|t:|1623005136
|switch|p2a: Steelix|Steelix, M|97/100
|-damage|p2a: Steelix|81/100|[from] Spikes
|move|p1a: Claydol|Stealth Rock|p2a: Steelix
|-sidestart|p2: literallyfreemoney|move: Stealth Rock
|
|upkeep
|turn|17
|-message|literallyfreemoney forfeited.
|
|win|spmadao
|l|☆literallyfreemoney
|raw|spmadao's rating: 1286 &rarr; <strong>1303</strong><br />(+17 for winning)
|raw|literallyfreemoney's rating: 1175 &rarr; <strong>1158</strong><br />(-17 for losing)
