|j|☆ChickenNuggetScoon
|j|☆InTheGames
|t:|1620259191
|gametype|singles
|player|p1|ChickenNuggetScoon|hoopster|1337
|player|p2|InTheGames|102|1326
|teamsize|p1|6
|teamsize|p2|6
|gen|8
|tier|[Gen 8] RU
|rated|
|clearpoke
|poke|p1|Ferroseed, F|
|poke|p1|Mudsdale, M|
|poke|p1|Sableye, M|
|poke|p1|Snorlax, M|
|poke|p1|Suicune|
|poke|p1|Hitmonlee, M|
|poke|p2|Gastrodon, M|
|poke|p2|Obstagoon, F|
|poke|p2|Mienshao, F|
|poke|p2|Klefki, F|
|poke|p2|Noivern, F|
|poke|p2|Necrozma|
|rule|Sleep Clause Mod: Limit one foe put to sleep
|rule|Species Clause: Limit one of each Pokémon
|rule|OHKO Clause: OHKO moves are banned
|rule|Evasion Moves Clause: Evasion moves are banned
|rule|Endless Battle Clause: Forcing endless battles is banned
|rule|HP Percentage Mod: HP is shown in percentages
|rule|Dynamax Clause: You cannot dynamax
|teampreview
|inactive|Battle timer is ON: inactive players will automatically lose when time's up. (requested by InTheGames)
|
|t:|1620259211
|start
|switch|p1a: Sableye|Sableye, M|100/100
|switch|p2a: Klefki|Klefki, F|100/100
|turn|1
|
|t:|1620259213
|move|p2a: Klefki|Spikes|p1a: Sableye
|-sidestart|p1: ChickenNuggetScoon|Spikes
|move|p1a: Sableye|Knock Off|p2a: Klefki
|-resisted|p2a: Klefki
|-damage|p2a: Klefki|84/100
|-enditem|p2a: Klefki|Leftovers|[from] move: Knock Off|[of] p1a: Sableye
|
|upkeep
|turn|2
|
|t:|1620259218
|move|p2a: Klefki|Spikes|p1a: Sableye
|-sidestart|p1: ChickenNuggetScoon|Spikes
|move|p1a: Sableye|Encore|p2a: Klefki
|-start|p2a: Klefki|Encore
|
|upkeep
|turn|3
|
|t:|1620259221
|switch|p1a: Hitmonlee|Hitmonlee, M|100/100
|-damage|p1a: Hitmonlee|84/100|[from] Spikes
|move|p2a: Klefki|Spikes|p1a: Hitmonlee
|-sidestart|p1: ChickenNuggetScoon|Spikes
|
|upkeep
|turn|4
|
|t:|1620259236
|switch|p2a: Gastrodon|Gastrodon, M|100/100
|move|p1a: Hitmonlee|Rapid Spin|p2a: Gastrodon
|-damage|p2a: Gastrodon|87/100
|-boost|p1a: Hitmonlee|spe|1
|-sideend|p1: ChickenNuggetScoon|Spikes|[from] move: Rapid Spin|[of] p1a: Hitmonlee
|
|upkeep
|turn|5
|
|t:|1620259256
|move|p1a: Hitmonlee|High Jump Kick|p2a: Gastrodon
|-damage|p2a: Gastrodon|24/100
|move|p2a: Gastrodon|Earth Power|p1a: Hitmonlee
|-crit|p1a: Hitmonlee
|-damage|p1a: Hitmonlee|29/100
|
|upkeep
|turn|6
|
|t:|1620259272
|move|p1a: Hitmonlee|High Jump Kick|p2a: Gastrodon
|-damage|p2a: Gastrodon|0 fnt
|faint|p2a: Gastrodon
|
|upkeep
|
|t:|1620259274
|switch|p2a: Mienshao|Mienshao, F|100/100
|turn|7
|
|t:|1620259280
|move|p2a: Mienshao|U-turn|p1a: Hitmonlee
|-resisted|p1a: Hitmonlee
|-damage|p1a: Hitmonlee|2/100
|
|t:|1620259284
|switch|p2a: Noivern|Noivern, F|100/100|[from]move: U-turn
|move|p1a: Hitmonlee|High Jump Kick|p2a: Noivern
|-resisted|p2a: Noivern
|-damage|p2a: Noivern|42/100
|
|upkeep
|turn|8
|
|t:|1620259292
|move|p1a: Hitmonlee|High Jump Kick|p2a: Noivern
|-resisted|p2a: Noivern
|-crit|p2a: Noivern
|-damage|p2a: Noivern|0 fnt
|faint|p2a: Noivern
|
|upkeep
|
|t:|1620259294
|switch|p2a: Mienshao|Mienshao, F|100/100
|turn|9
|
|t:|1620259300
|switch|p1a: Mudsdale|Mudsdale, M|100/100
|move|p2a: Mienshao|U-turn|p1a: Mudsdale
|-damage|p1a: Mudsdale|86/100
|-ability|p1a: Mudsdale|Stamina|boost
|-boost|p1a: Mudsdale|def|1
|
|t:|1620259305
|switch|p2a: Necrozma|Necrozma|100/100|[from]move: U-turn
|
|-heal|p1a: Mudsdale|92/100|[from] item: Leftovers
|upkeep
|turn|10
|
|t:|1620259314
|switch|p1a: Snorlax|Snorlax, M|100/100
|move|p2a: Necrozma|Stealth Rock|p1a: Snorlax
|-sidestart|p1: ChickenNuggetScoon|move: Stealth Rock
|
|upkeep
|turn|11
|
|t:|1620259319
|switch|p2a: Mienshao|Mienshao, F|100/100
|move|p1a: Snorlax|Toxic|p2a: Mienshao
|-status|p2a: Mienshao|tox
|
|-damage|p2a: Mienshao|95/100 tox|[from] psn
|upkeep
|turn|12
|
|t:|1620259325
|switch|p1a: Mudsdale|Mudsdale, M|92/100
|-damage|p1a: Mudsdale|86/100|[from] Stealth Rock
|move|p2a: Mienshao|U-turn|p1a: Mudsdale
|-damage|p1a: Mudsdale|72/100
|-ability|p1a: Mudsdale|Stamina|boost
|-boost|p1a: Mudsdale|def|1
|
|t:|1620259331
|switch|p2a: Necrozma|Necrozma|100/100|[from]move: U-turn
|
|-heal|p1a: Mudsdale|78/100|[from] item: Leftovers
|upkeep
|turn|13
|
|t:|1620259335
|switch|p1a: Snorlax|Snorlax, M|100/100
|-damage|p1a: Snorlax|88/100|[from] Stealth Rock
|move|p2a: Necrozma|Meteor Beam||[still]
|-prepare|p2a: Necrozma|Meteor Beam
|-boost|p2a: Necrozma|spa|1
|-enditem|p2a: Necrozma|Power Herb
|-anim|p2a: Necrozma|Meteor Beam|p1a: Snorlax
|-damage|p1a: Snorlax|61/100
|
|-heal|p1a: Snorlax|67/100|[from] item: Leftovers
|upkeep
|turn|14
|
|t:|1620259344
|move|p2a: Necrozma|Photon Geyser|p1a: Snorlax
|-damage|p1a: Snorlax|33/100
|move|p1a: Snorlax|Rest|p1a: Snorlax
|-status|p1a: Snorlax|slp|[from] move: Rest
|-heal|p1a: Snorlax|100/100 slp|[silent]
|
|upkeep
|turn|15
|
|t:|1620259349
|move|p2a: Necrozma|Meteor Beam||[still]
|-prepare|p2a: Necrozma|Meteor Beam
|-boost|p2a: Necrozma|spa|1
|cant|p1a: Snorlax|slp
|move|p1a: Snorlax|Sleep Talk|p1a: Snorlax
|move|p1a: Snorlax|Rest||[from]move: Sleep Talk|[still]
|-fail|p1a: Snorlax
|
|upkeep
|turn|16
|
|t:|1620259356
|move|p2a: Necrozma|Meteor Beam|p1a: Snorlax|[from]lockedmove
|-damage|p1a: Snorlax|62/100 slp
|cant|p1a: Snorlax|slp
|move|p1a: Snorlax|Sleep Talk|p1a: Snorlax
|move|p1a: Snorlax|Toxic|p2a: Necrozma|[from]move: Sleep Talk
|-status|p2a: Necrozma|tox
|
|-heal|p1a: Snorlax|68/100 slp|[from] item: Leftovers
|-damage|p2a: Necrozma|95/100 tox|[from] psn
|upkeep
|turn|17
|
|t:|1620259375
|move|p2a: Necrozma|Photon Geyser|p1a: Snorlax
|-damage|p1a: Snorlax|19/100 slp
|-curestatus|p1a: Snorlax|slp|[msg]
|move|p1a: Snorlax|Body Slam|p2a: Necrozma
|-damage|p2a: Necrozma|65/100 tox
|
|-heal|p1a: Snorlax|25/100|[from] item: Leftovers
|-damage|p2a: Necrozma|53/100 tox|[from] psn
|upkeep
|turn|18
|
|t:|1620259385
|switch|p1a: Sableye|Sableye, M|100/100
|-damage|p1a: Sableye|88/100|[from] Stealth Rock
|move|p2a: Necrozma|Photon Geyser|p1a: Sableye
|-immune|p1a: Sableye
|
|-heal|p1a: Sableye|94/100|[from] item: Leftovers
|-damage|p2a: Necrozma|35/100 tox|[from] psn
|upkeep
|turn|19
|
|t:|1620259388
|move|p1a: Sableye|Encore|p2a: Necrozma
|-start|p2a: Necrozma|Encore
|move|p2a: Necrozma|Photon Geyser|p1a: Sableye
|-immune|p1a: Sableye
|
|-heal|p1a: Sableye|100/100|[from] item: Leftovers
|-damage|p2a: Necrozma|11/100 tox|[from] psn
|upkeep
|turn|20
|
|t:|1620259392
|switch|p2a: Obstagoon|Obstagoon, F|100/100
|move|p1a: Sableye|Knock Off|p2a: Obstagoon
|-resisted|p2a: Obstagoon
|-damage|p2a: Obstagoon|87/100
|-enditem|p2a: Obstagoon|Flame Orb|[from] move: Knock Off|[of] p1a: Sableye
|
|upkeep
|turn|21
|
|t:|1620259398
|switch|p1a: Mudsdale|Mudsdale, M|78/100
|-damage|p1a: Mudsdale|72/100|[from] Stealth Rock
|move|p2a: Obstagoon|Knock Off|p1a: Mudsdale
|-damage|p1a: Mudsdale|48/100
|-ability|p1a: Mudsdale|Stamina|boost
|-boost|p1a: Mudsdale|def|1
|-enditem|p1a: Mudsdale|Leftovers|[from] move: Knock Off|[of] p2a: Obstagoon
|
|upkeep
|turn|22
|
|t:|1620259409
|switch|p2a: Klefki|Klefki, F|84/100
|move|p1a: Mudsdale|Body Press|p2a: Klefki
|-damage|p2a: Klefki|37/100
|
|upkeep
|turn|23
|c|☆ChickenNuggetScoon|https://www.youtube.com/watch?v=9gspElv1yvc
|
|t:|1620259435
|switch|p1a: Sableye|Sableye, M|100/100
|-damage|p1a: Sableye|88/100|[from] Stealth Rock
|move|p2a: Klefki|Spikes|p1a: Sableye
|-sidestart|p1: ChickenNuggetScoon|Spikes
|
|-heal|p1a: Sableye|94/100|[from] item: Leftovers
|upkeep
|turn|24
|
|t:|1620259438
|move|p2a: Klefki|Spikes|p1a: Sableye
|-sidestart|p1: ChickenNuggetScoon|Spikes
|move|p1a: Sableye|Encore|p2a: Klefki
|-start|p2a: Klefki|Encore
|
|-heal|p1a: Sableye|100/100|[from] item: Leftovers
|upkeep
|turn|25
|
|t:|1620259441
|move|p2a: Klefki|Spikes|p1a: Sableye
|-sidestart|p1: ChickenNuggetScoon|Spikes
|move|p1a: Sableye|Knock Off|p2a: Klefki
|-resisted|p2a: Klefki
|-damage|p2a: Klefki|26/100
|
|upkeep
|turn|26
|
|t:|1620259447
|switch|p2a: Obstagoon|Obstagoon, F|87/100
|move|p1a: Sableye|Knock Off|p2a: Obstagoon
|-resisted|p2a: Obstagoon
|-damage|p2a: Obstagoon|77/100
|
|upkeep
|turn|27
|
|t:|1620259462
|switch|p1a: Hitmonlee|Hitmonlee, M|2/100
|-damage|p1a: Hitmonlee|0 fnt|[from] Spikes
|faint|p1a: Hitmonlee
|move|p2a: Obstagoon|Switcheroo|p1: Hitmonlee|[notarget]
|-fail|p2a: Obstagoon
|
|upkeep
|
|t:|1620259471
|switch|p1a: Mudsdale|Mudsdale, M|48/100
|-damage|p1a: Mudsdale|42/100|[from] Stealth Rock
|-damage|p1a: Mudsdale|17/100|[from] Spikes
|turn|28
|
|t:|1620259483
|move|p2a: Obstagoon|Facade|p1a: Mudsdale
|-damage|p1a: Mudsdale|0 fnt
|faint|p1a: Mudsdale
|
|upkeep
|
|t:|1620259499
|switch|p1a: Ferroseed|Ferroseed, F|100/100
|-damage|p1a: Ferroseed|94/100|[from] Stealth Rock
|-damage|p1a: Ferroseed|69/100|[from] Spikes
|turn|29
|j| A fe tdr gjjj
|inactive|InTheGames has 120 seconds left.
|
|t:|1620259541
|move|p2a: Obstagoon|Switcheroo|p1a: Ferroseed
|-activate|p2a: Obstagoon|move: Trick|[of] p1a: Ferroseed
|-enditem|p1a: Ferroseed|Eviolite|[silent]|[from] move: Switcheroo
|-item|p2a: Obstagoon|Eviolite|[from] move: Switcheroo
|move|p1a: Ferroseed|Leech Seed|p2a: Obstagoon
|-start|p2a: Obstagoon|move: Leech Seed
|
|-damage|p2a: Obstagoon|65/100|[from] Leech Seed|[of] p1a: Ferroseed
|-heal|p1a: Ferroseed|83/100|[silent]
|upkeep
|turn|30
|
|t:|1620259553
|switch|p2a: Klefki|Klefki, F|26/100
|move|p1a: Ferroseed|Stealth Rock|p2a: Klefki
|-sidestart|p2: InTheGames|move: Stealth Rock
|
|upkeep
|turn|31
|
|t:|1620259562
|move|p2a: Klefki|Thunder Wave|p1a: Ferroseed
|-status|p1a: Ferroseed|par
|cant|p1a: Ferroseed|par
|
|upkeep
|turn|32
|inactive|InTheGames has 120 seconds left.
|
|t:|1620259581
|switch|p2a: Necrozma|Necrozma|11/100 tox
|-damage|p2a: Necrozma|0 fnt|[from] Stealth Rock
|faint|p2a: Necrozma
|move|p1a: Ferroseed|Spikes|p2: Necrozma
|-sidestart|p2: InTheGames|Spikes
|
|upkeep
|
|t:|1620259601
|switch|p2a: Mienshao|Mienshao, F|100/100 tox
|-damage|p2a: Mienshao|88/100 tox|[from] Spikes
|-damage|p2a: Mienshao|82/100 tox|[from] Stealth Rock
|turn|33
|
|t:|1620259605
|move|p2a: Mienshao|U-turn|p1a: Ferroseed
|-damage|p1a: Ferroseed|61/100 par
|-damage|p2a: Mienshao|70/100 tox|[from] ability: Iron Barbs|[of] p1a: Ferroseed
|
|t:|1620259608
|switch|p2a: Obstagoon|Obstagoon, F|65/100|[from]move: U-turn
|-damage|p2a: Obstagoon|52/100|[from] Stealth Rock
|-damage|p2a: Obstagoon|40/100|[from] Spikes
|move|p1a: Ferroseed|Leech Seed|p2a: Obstagoon|[miss]
|-miss|p1a: Ferroseed|p2a: Obstagoon
|
|upkeep
|turn|34
|
|t:|1620259612
|move|p2a: Obstagoon|Close Combat|p1a: Ferroseed
|-supereffective|p1a: Ferroseed
|-damage|p1a: Ferroseed|6/100 par
|-unboost|p2a: Obstagoon|def|1
|-unboost|p2a: Obstagoon|spd|1
|-damage|p2a: Obstagoon|28/100|[from] ability: Iron Barbs|[of] p1a: Ferroseed
|move|p1a: Ferroseed|Leech Seed|p2a: Obstagoon
|-start|p2a: Obstagoon|move: Leech Seed
|
|-damage|p2a: Obstagoon|16/100|[from] Leech Seed|[of] p1a: Ferroseed
|-heal|p1a: Ferroseed|20/100 par|[silent]
|upkeep
|turn|35
|
|t:|1620259622
|move|p2a: Obstagoon|Switcheroo|p1a: Ferroseed
|-activate|p2a: Obstagoon|move: Trick|[of] p1a: Ferroseed
|-item|p1a: Ferroseed|Eviolite|[from] move: Switcheroo
|-enditem|p2a: Obstagoon|Eviolite|[silent]|[from] move: Switcheroo
|move|p1a: Ferroseed|Spikes|p2a: Obstagoon
|-sidestart|p2: InTheGames|Spikes
|
|-damage|p2a: Obstagoon|4/100|[from] Leech Seed|[of] p1a: Ferroseed
|-heal|p1a: Ferroseed|33/100 par|[silent]
|upkeep
|turn|36
|
|t:|1620259625
|move|p2a: Obstagoon|Close Combat|p1a: Ferroseed
|-supereffective|p1a: Ferroseed
|-damage|p1a: Ferroseed|0 fnt
|-unboost|p2a: Obstagoon|def|1
|-unboost|p2a: Obstagoon|spd|1
|-damage|p2a: Obstagoon|0 fnt|[from] ability: Iron Barbs|[of] p1a: Ferroseed
|faint|p1a: Ferroseed
|faint|p2a: Obstagoon
|
|upkeep
|
|t:|1620259635
|switch|p2a: Mienshao|Mienshao, F|100/100 tox
|switch|p1a: Snorlax|Snorlax, M|25/100
|-damage|p2a: Mienshao|95/100 tox|[from] Stealth Rock
|-damage|p2a: Mienshao|78/100 tox|[from] Spikes
|-damage|p1a: Snorlax|13/100|[from] Stealth Rock
|-damage|p1a: Snorlax|0 fnt|[from] Spikes
|faint|p1a: Snorlax
|l| A fe tdr gjjj
|
|t:|1620259654
|switch|p1a: Suicune|Suicune|100/100
|-damage|p1a: Suicune|88/100|[from] Stealth Rock
|-damage|p1a: Suicune|63/100|[from] Spikes
|-ability|p1a: Suicune|Pressure
|turn|37
|
|t:|1620259660
|move|p2a: Mienshao|Close Combat|p1a: Suicune
|-damage|p1a: Suicune|29/100
|-unboost|p2a: Mienshao|def|1
|-unboost|p2a: Mienshao|spd|1
|move|p1a: Suicune|Rest|p1a: Suicune
|-status|p1a: Suicune|slp|[from] move: Rest
|-heal|p1a: Suicune|100/100 slp|[silent]
|
|-damage|p2a: Mienshao|72/100 tox|[from] psn
|upkeep
|turn|38
|
|t:|1620259664
|switch|p2a: Klefki|Klefki, F|26/100
|-damage|p2a: Klefki|10/100|[from] Spikes
|-damage|p2a: Klefki|4/100|[from] Stealth Rock
|switch|p1a: Sableye|Sableye, M|100/100
|-damage|p1a: Sableye|88/100|[from] Stealth Rock
|-damage|p1a: Sableye|63/100|[from] Spikes
|
|-heal|p1a: Sableye|69/100|[from] item: Leftovers
|upkeep
|turn|39
|
|t:|1620259668
|move|p1a: Sableye|Will-O-Wisp|p2a: Klefki
|-status|p2a: Klefki|brn
|move|p2a: Klefki|Dazzling Gleam|p1a: Sableye
|-supereffective|p1a: Sableye
|-damage|p1a: Sableye|0 fnt
|faint|p1a: Sableye
|
|-damage|p2a: Klefki|0 fnt|[from] brn
|faint|p2a: Klefki
|upkeep
|
|t:|1620259674
|switch|p2a: Mienshao|Mienshao, F|100/100 tox
|switch|p1a: Suicune|Suicune|100/100 slp
|-damage|p2a: Mienshao|84/100 tox|[from] Spikes
|-damage|p2a: Mienshao|78/100 tox|[from] Stealth Rock
|-damage|p1a: Suicune|75/100 slp|[from] Spikes
|-damage|p1a: Suicune|63/100 slp|[from] Stealth Rock
|-ability|p1a: Suicune|Pressure
|turn|40
|
|t:|1620259681
|move|p2a: Mienshao|Close Combat|p1a: Suicune
|-damage|p1a: Suicune|32/100 slp
|-unboost|p2a: Mienshao|def|1
|-unboost|p2a: Mienshao|spd|1
|cant|p1a: Suicune|slp
|move|p1a: Suicune|Sleep Talk|p1a: Suicune
|move|p1a: Suicune|Rest||[from]move: Sleep Talk|[still]
|-fail|p1a: Suicune
|
|-heal|p1a: Suicune|38/100 slp|[from] item: Leftovers
|-damage|p2a: Mienshao|72/100 tox|[from] psn
|upkeep
|turn|41
|
|t:|1620259684
|move|p2a: Mienshao|Close Combat|p1a: Suicune
|-damage|p1a: Suicune|6/100 slp
|-unboost|p2a: Mienshao|def|1
|-unboost|p2a: Mienshao|spd|1
|cant|p1a: Suicune|slp
|move|p1a: Suicune|Sleep Talk|p1a: Suicune
|move|p1a: Suicune|Rest||[from]move: Sleep Talk|[still]
|-fail|p1a: Suicune
|
|-heal|p1a: Suicune|12/100 slp|[from] item: Leftovers
|-damage|p2a: Mienshao|60/100 tox|[from] psn
|upkeep
|turn|42
|c|☆ChickenNuggetScoon|fuck u
|-message|ChickenNuggetScoon forfeited.
|
|win|InTheGames
|raw|ChickenNuggetScoon's rating: 1337 &rarr; <strong>1316</strong><br />(-21 for losing)
|raw|InTheGames's rating: 1326 &rarr; <strong>1347</strong><br />(+21 for winning)
|l|☆ChickenNuggetScoon
