|j|☆RandomDude2105
|j|☆Steven Davis
|t:|1646881204
|gametype|singles
|player|p1|RandomDude2105|266|1126
|player|p2|Steven Davis|steven|1387
|teamsize|p1|6
|teamsize|p2|6
|gen|8
|tier|[Gen 8] RU
|rated|
|rule|Sleep Clause Mod: Limit one foe put to sleep
|rule|Species Clause: Limit one of each Pokémon
|rule|OHKO Clause: OHKO moves are banned
|rule|Evasion Moves Clause: Evasion moves are banned
|rule|Endless Battle Clause: Forcing endless battles is banned
|rule|HP Percentage Mod: HP is shown in percentages
|rule|Dynamax Clause: You cannot dynamax
|clearpoke
|poke|p1|Sigilyph, M|
|poke|p1|Regidrago|
|poke|p1|Klefki, F|
|poke|p1|Xurkitree|
|poke|p1|Obstagoon, M|
|poke|p1|Darmanitan, M|
|poke|p2|Seismitoad, M|
|poke|p2|Raikou|
|poke|p2|Roserade, F|
|poke|p2|Porygon2|
|poke|p2|Heracross, M|
|poke|p2|Gardevoir, F|
|teampreview
|inactive|Battle timer is ON: inactive players will automatically lose when time's up. (requested by RandomDude2105)
|
|t:|1646881240
|start
|switch|p1a: Xurkitree|Xurkitree|100/100
|switch|p2a: Seismitoad|Seismitoad, M, shiny|100/100
|turn|1
|
|t:|1646881248
|switch|p2a: Porygon2|Porygon2|100/100
|move|p1a: Xurkitree|Energy Ball|p2a: Porygon2
|-damage|p2a: Porygon2|74/100
|-unboost|p2a: Porygon2|spd|1
|
|upkeep
|turn|2
|
|t:|1646881270
|move|p1a: Xurkitree|Energy Ball|p2a: Porygon2
|-damage|p2a: Porygon2|35/100
|move|p2a: Porygon2|Teleport|p2a: Porygon2
|
|t:|1646881276
|switch|p2a: Roserade|Roserade, F|100/100|[from]move: Teleport
|
|upkeep
|turn|3
|
|t:|1646881292
|switch|p1a: Sigilyph|Sigilyph, M|100/100
|move|p2a: Roserade|Spikes|p1a: Sigilyph
|-sidestart|p1: RandomDude2105|Spikes
|
|upkeep
|turn|4
|
|t:|1646881308
|switch|p2a: Raikou|Raikou, shiny|100/100
|-ability|p2a: Raikou|Pressure
|move|p1a: Sigilyph|Psychic|p2a: Raikou
|-damage|p2a: Raikou|44/100
|
|upkeep
|turn|5
|
|t:|1646881317
|switch|p1a: Xurkitree|Xurkitree|100/100
|-damage|p1a: Xurkitree|88/100|[from] Spikes
|move|p2a: Raikou|Volt Switch|p1a: Xurkitree
|-resisted|p1a: Xurkitree
|-damage|p1a: Xurkitree|66/100
|
|t:|1646881325
|switch|p2a: Roserade|Roserade, F|100/100|[from]move: Volt Switch
|
|upkeep
|turn|6
|
|t:|1646881334
|move|p2a: Roserade|Spikes|p1a: Xurkitree
|-sidestart|p1: RandomDude2105|Spikes
|move|p1a: Xurkitree|Volt Switch|p2a: Roserade
|-resisted|p2a: Roserade
|-damage|p2a: Roserade|61/100
|
|t:|1646881344
|switch|p1a: Klefki|Klefki, F|100/100|[from]move: Volt Switch
|-damage|p1a: Klefki|84/100|[from] Spikes
|
|-heal|p2a: Roserade|68/100|[from] item: Black Sludge
|upkeep
|turn|7
|
|t:|1646881353
|switch|p2a: Porygon2|Porygon2|35/100
|move|p1a: Klefki|Fairy Lock|p1a: Klefki
|-fieldactivate|move: Fairy Lock
|
|upkeep
|turn|8
|
|t:|1646881358
|move|p1a: Klefki|Defog|p2a: Porygon2
|-unboost|p2a: Porygon2|evasion|1
|-sideend|p1: RandomDude2105|Spikes|[from] move: Defog|[of] p1a: Klefki
|move|p2a: Porygon2|Recover|p2a: Porygon2
|-heal|p2a: Porygon2|85/100
|
|upkeep
|turn|9
|
|t:|1646881368
|switch|p1a: Sigilyph|Sigilyph, M|100/100
|switch|p2a: Roserade|Roserade, F|68/100
|
|-heal|p2a: Roserade|74/100|[from] item: Black Sludge
|upkeep
|turn|10
|
|t:|1646881374
|switch|p2a: Porygon2|Porygon2|85/100
|move|p1a: Sigilyph|Psychic|p2a: Porygon2
|-damage|p2a: Porygon2|61/100
|
|upkeep
|turn|11
|
|t:|1646881377
|move|p1a: Sigilyph|Psychic|p2a: Porygon2
|-damage|p2a: Porygon2|36/100
|move|p2a: Porygon2|Recover|p2a: Porygon2
|-heal|p2a: Porygon2|86/100
|
|upkeep
|turn|12
|
|t:|1646881385
|switch|p1a: Obstagoon|Obstagoon, M|100/100
|move|p2a: Porygon2|Ice Beam|p1a: Obstagoon
|-damage|p1a: Obstagoon|67/100
|
|-status|p1a: Obstagoon|brn|[from] item: Flame Orb
|upkeep
|turn|13
|
|t:|1646881398
|switch|p2a: Seismitoad|Seismitoad, M, shiny|100/100
|move|p1a: Obstagoon|Knock Off|p2a: Seismitoad
|-damage|p2a: Seismitoad|61/100
|-enditem|p2a: Seismitoad|Leftovers|[from] move: Knock Off|[of] p1a: Obstagoon
|
|-damage|p1a: Obstagoon|61/100 brn|[from] brn
|upkeep
|turn|14
|inactive|RandomDude2105 has 120 seconds left.
|
|t:|1646881429
|switch|p1a: Sigilyph|Sigilyph, M|100/100
|move|p2a: Seismitoad|Earth Power|p1a: Sigilyph
|-immune|p1a: Sigilyph
|
|upkeep
|turn|15
|
|t:|1646881434
|switch|p2a: Porygon2|Porygon2|86/100
|move|p1a: Sigilyph|Psychic|p2a: Porygon2
|-damage|p2a: Porygon2|64/100
|
|upkeep
|turn|16
|
|t:|1646881440
|move|p1a: Sigilyph|Psychic|p2a: Porygon2
|-damage|p2a: Porygon2|40/100
|move|p2a: Porygon2|Teleport|p2a: Porygon2
|
|t:|1646881443
|switch|p2a: Raikou|Raikou, shiny|44/100|[from]move: Teleport
|-ability|p2a: Raikou|Pressure
|
|upkeep
|turn|17
|
|t:|1646881453
|move|p2a: Raikou|Volt Switch|p1a: Sigilyph
|-supereffective|p1a: Sigilyph
|-damage|p1a: Sigilyph|6/100
|
|t:|1646881457
|switch|p2a: Gardevoir|Gardevoir, F, shiny|100/100|[from]move: Volt Switch
|-ability|p2a: Gardevoir|Magic Guard|[from] ability: Trace|[of] p1a: Sigilyph
|move|p1a: Sigilyph|Psychic|p2a: Gardevoir
|-resisted|p2a: Gardevoir
|-damage|p2a: Gardevoir|72/100
|
|upkeep
|turn|18
|
|t:|1646881468
|move|p2a: Gardevoir|Moonblast|p1a: Sigilyph
|-damage|p1a: Sigilyph|0 fnt
|faint|p1a: Sigilyph
|
|upkeep
|
|t:|1646881475
|switch|p1a: Darmanitan|Darmanitan, M|100/100
|turn|19
|
|t:|1646881481
|switch|p2a: Seismitoad|Seismitoad, M, shiny|61/100
|move|p1a: Darmanitan|Flare Blitz|p2a: Seismitoad
|-resisted|p2a: Seismitoad
|-damage|p2a: Seismitoad|19/100
|-damage|p1a: Darmanitan|84/100|[from] Recoil
|
|upkeep
|turn|20
|
|t:|1646881488
|move|p1a: Darmanitan|Flare Blitz|p2a: Seismitoad
|-resisted|p2a: Seismitoad
|-damage|p2a: Seismitoad|0 fnt
|faint|p2a: Seismitoad
|-damage|p1a: Darmanitan|77/100|[from] Recoil
|
|upkeep
|
|t:|1646881492
|switch|p2a: Gardevoir|Gardevoir, F, shiny|72/100
|-ability|p2a: Gardevoir|Sheer Force|[from] ability: Trace|[of] p1a: Darmanitan
|turn|21
|
|t:|1646881503
|switch|p1a: Obstagoon|Obstagoon, M|61/100 brn
|move|p2a: Gardevoir|Psychic|p1a: Obstagoon
|-immune|p1a: Obstagoon
|
|-damage|p1a: Obstagoon|55/100 brn|[from] brn
|upkeep
|turn|22
|
|t:|1646881521
|move|p2a: Gardevoir|Psychic|p1a: Obstagoon
|-immune|p1a: Obstagoon
|move|p1a: Obstagoon|Facade|p2a: Gardevoir
|-damage|p2a: Gardevoir|0 fnt
|faint|p2a: Gardevoir
|
|-damage|p1a: Obstagoon|49/100 brn|[from] brn
|upkeep
|
|t:|1646881524
|switch|p2a: Raikou|Raikou, shiny|44/100
|-ability|p2a: Raikou|Pressure
|turn|23
|
|t:|1646881538
|switch|p1a: Xurkitree|Xurkitree|66/100
|move|p2a: Raikou|Thunderbolt|p1a: Xurkitree
|-resisted|p1a: Xurkitree
|-damage|p1a: Xurkitree|37/100
|
|upkeep
|turn|24
|
|t:|1646881549
|switch|p2a: Roserade|Roserade, F|74/100
|move|p1a: Xurkitree|Volt Switch|p2a: Roserade
|-resisted|p2a: Roserade
|-damage|p2a: Roserade|33/100
|
|t:|1646881561
|switch|p1a: Regidrago|Regidrago|100/100|[from]move: Volt Switch
|
|-heal|p2a: Roserade|40/100|[from] item: Black Sludge
|upkeep
|turn|25
|
|t:|1646881576
|move|p1a: Regidrago|Dragon Energy|p2a: Roserade
|-damage|p2a: Roserade|0 fnt
|faint|p2a: Roserade
|
|upkeep
|
|t:|1646881589
|switch|p2a: Porygon2|Porygon2|40/100
|turn|26
|
|t:|1646881595
|move|p1a: Regidrago|Dragon Energy|p2a: Porygon2
|-damage|p2a: Porygon2|0 fnt
|faint|p2a: Porygon2
|
|upkeep
|
|t:|1646881598
|switch|p2a: Heracross|Heracross, M|100/100
|turn|27
|
|t:|1646881602
|move|p1a: Regidrago|Dragon Energy|p2a: Heracross
|-damage|p2a: Heracross|0 fnt
|faint|p2a: Heracross
|
|upkeep
|-message|Steven Davis forfeited.
|
|win|RandomDude2105
|raw|RandomDude2105's rating: 1126 &rarr; <strong>1167</strong><br />(+41 for winning)
|raw|Steven Davis's rating: 1387 &rarr; <strong>1354</strong><br />(-33 for losing)
|l|☆Steven Davis
