|j|☆wavoss
|j|☆Splashinganteater
|t:|1628560441
|gametype|singles
|player|p1|wavoss|102|1281
|player|p2|Splashinganteater|boarder|1295
|teamsize|p1|6
|teamsize|p2|6
|gen|8
|tier|[Gen 8] RU
|rated|
|rule|Sleep Clause Mod: Limit one foe put to sleep
|rule|Species Clause: Limit one of each Pokémon
|rule|OHKO Clause: OHKO moves are banned
|rule|Evasion Moves Clause: Evasion moves are banned
|rule|Endless Battle Clause: Forcing endless battles is banned
|rule|HP Percentage Mod: HP is shown in percentages
|rule|Dynamax Clause: You cannot dynamax
|clearpoke
|poke|p1|Darmanitan, M|
|poke|p1|Togekiss, M|
|poke|p1|Snorlax, M|
|poke|p1|Mimikyu, M|
|poke|p1|Milotic, M|
|poke|p1|Klefki, M|
|poke|p2|Sylveon, F|
|poke|p2|Milotic, F|
|poke|p2|Steelix, M|
|poke|p2|Virizion|
|poke|p2|Incineroar, M|
|poke|p2|Noivern, M|
|teampreview
|
|t:|1628560451
|start
|switch|p1a: Togekiss|Togekiss, M|100/100
|switch|p2a: Milotic|Milotic, F|100/100
|turn|1
|
|t:|1628560459
|move|p1a: Togekiss|Trick|p2a: Milotic
|-activate|p1a: Togekiss|move: Trick|[of] p2a: Milotic
|-item|p2a: Milotic|Choice Scarf|[from] move: Trick
|-item|p1a: Togekiss|Leftovers|[from] move: Trick
|move|p2a: Milotic|Toxic|p1a: Togekiss
|-status|p1a: Togekiss|tox
|
|-damage|p1a: Togekiss|94/100 tox|[from] psn
|upkeep
|turn|2
|
|t:|1628560468
|switch|p2a: Steelix|Steelix, M|100/100
|switch|p1a: Klefki|Klefki, M|100/100
|
|upkeep
|turn|3
|
|t:|1628560478
|move|p1a: Klefki|Spikes|p2a: Steelix
|-sidestart|p2: Splashinganteater|Spikes
|move|p2a: Steelix|Stealth Rock|p1a: Klefki
|-sidestart|p1: wavoss|move: Stealth Rock
|
|upkeep
|turn|4
|
|t:|1628560483
|move|p1a: Klefki|Spikes|p2a: Steelix
|-sidestart|p2: Splashinganteater|Spikes
|move|p2a: Steelix|Heavy Slam|p1a: Klefki
|-damage|p1a: Klefki|72/100
|
|-heal|p1a: Klefki|78/100|[from] item: Leftovers
|upkeep
|turn|5
|
|t:|1628560495
|move|p1a: Klefki|Spikes|p2a: Steelix
|-sidestart|p2: Splashinganteater|Spikes
|move|p2a: Steelix|Earthquake|p1a: Klefki
|-supereffective|p1a: Klefki
|-damage|p1a: Klefki|30/100
|
|-heal|p1a: Klefki|36/100|[from] item: Leftovers
|upkeep
|turn|6
|
|t:|1628560508
|switch|p1a: Milotic|Milotic, M|100/100
|-damage|p1a: Milotic|88/100|[from] Stealth Rock
|move|p2a: Steelix|Toxic|p1a: Milotic
|-status|p1a: Milotic|tox
|
|-heal|p1a: Milotic|94/100 tox|[from] item: Leftovers
|-damage|p1a: Milotic|88/100 tox|[from] psn
|upkeep
|turn|7
|
|t:|1628560520
|switch|p2a: Noivern|Noivern, M|100/100
|move|p1a: Milotic|Scald|p2a: Noivern
|-resisted|p2a: Noivern
|-damage|p2a: Noivern|82/100
|-status|p2a: Noivern|brn
|
|-heal|p1a: Milotic|94/100 tox|[from] item: Leftovers
|-damage|p1a: Milotic|82/100 tox|[from] psn
|-damage|p2a: Noivern|76/100 brn|[from] brn
|upkeep
|turn|8
|
|t:|1628560544
|move|p2a: Noivern|Defog|p1a: Milotic
|-unboost|p1a: Milotic|evasion|1
|-ability|p1a: Milotic|Competitive
|-boost|p1a: Milotic|spa|2
|-sideend|p1: wavoss|Stealth Rock|[from] move: Defog|[of] p2a: Noivern
|-sideend|p2: Splashinganteater|Spikes|[from] move: Defog|[of] p2a: Noivern
|move|p1a: Milotic|Ice Beam|p2a: Noivern
|-supereffective|p2a: Noivern
|-damage|p2a: Noivern|0 fnt
|faint|p2a: Noivern
|
|-heal|p1a: Milotic|88/100 tox|[from] item: Leftovers
|-damage|p1a: Milotic|70/100 tox|[from] psn
|upkeep
|
|t:|1628560555
|switch|p2a: Virizion|Virizion, shiny|100/100
|turn|9
|l|☆wavoss
|player|p1|
|j|☆wavoss
|player|p1|wavoss|102
|
|t:|1628560611
|move|p2a: Virizion|Swords Dance|p2a: Virizion
|-boost|p2a: Virizion|atk|2
|move|p1a: Milotic|Scald|p2a: Virizion
|-resisted|p2a: Virizion
|-damage|p2a: Virizion|78/100
|-status|p2a: Virizion|brn
|
|-heal|p2a: Virizion|84/100 brn|[from] item: Leftovers
|-heal|p1a: Milotic|76/100 tox|[from] item: Leftovers
|-damage|p1a: Milotic|52/100 tox|[from] psn
|-damage|p2a: Virizion|78/100 brn|[from] brn
|upkeep
|turn|10
|inactive|Battle timer is ON: inactive players will automatically lose when time's up. (requested by Splashinganteater)
|
|t:|1628560632
|switch|p1a: Klefki|Klefki, M|36/100
|move|p2a: Virizion|Leaf Blade|p1a: Klefki
|-resisted|p1a: Klefki
|-damage|p1a: Klefki|21/100
|
|-heal|p2a: Virizion|84/100 brn|[from] item: Leftovers
|-heal|p1a: Klefki|27/100|[from] item: Leftovers
|-damage|p2a: Virizion|78/100 brn|[from] brn
|upkeep
|turn|11
|
|t:|1628560641
|move|p2a: Virizion|Close Combat|p1a: Klefki
|-damage|p1a: Klefki|0 fnt
|-unboost|p2a: Virizion|def|1
|-unboost|p2a: Virizion|spd|1
|faint|p1a: Klefki
|
|-heal|p2a: Virizion|84/100 brn|[from] item: Leftovers
|-damage|p2a: Virizion|78/100 brn|[from] brn
|upkeep
|inactive|wavoss has 120 seconds left.
|
|t:|1628560680
|switch|p1a: Mimikyu|Mimikyu, M|100/100
|turn|12
|
|t:|1628560685
|move|p2a: Virizion|Leaf Blade|p1a: Mimikyu
|-activate|p1a: Mimikyu|ability: Disguise
|-damage|p1a: Mimikyu|100/100
|detailschange|p1a: Mimikyu|Mimikyu-Busted, M
|-damage|p1a: Mimikyu|88/100|[from] pokemon: Mimikyu-Busted
|move|p1a: Mimikyu|Swords Dance|p1a: Mimikyu
|-boost|p1a: Mimikyu|atk|2
|
|-heal|p2a: Virizion|84/100 brn|[from] item: Leftovers
|-damage|p2a: Virizion|78/100 brn|[from] brn
|upkeep
|turn|13
|inactive|wavoss has 120 seconds left.
|
|t:|1628560707
|switch|p2a: Steelix|Steelix, M|100/100
|move|p1a: Mimikyu|Shadow Sneak|p2a: Steelix
|-damage|p2a: Steelix|77/100
|-damage|p1a: Mimikyu|78/100|[from] item: Life Orb
|
|-heal|p2a: Steelix|83/100|[from] item: Leftovers
|upkeep
|turn|14
|
|t:|1628560712
|move|p1a: Mimikyu|Drain Punch|p2a: Steelix
|-supereffective|p2a: Steelix
|-damage|p2a: Steelix|32/100
|-heal|p1a: Mimikyu|100/100|[from] drain|[of] p2a: Steelix
|-damage|p1a: Mimikyu|91/100|[from] item: Life Orb
|move|p2a: Steelix|Heavy Slam|p1a: Mimikyu
|-supereffective|p1a: Mimikyu
|-damage|p1a: Mimikyu|0 fnt
|faint|p1a: Mimikyu
|
|-heal|p2a: Steelix|38/100|[from] item: Leftovers
|upkeep
|inactive|wavoss has 120 seconds left.
|inactive|wavoss has 90 seconds left.
|
|t:|1628560752
|switch|p1a: Darmanitan|Darmanitan, M|100/100
|turn|15
|
|t:|1628560774
|switch|p2a: Milotic|Milotic, F|100/100
|move|p1a: Darmanitan|Flare Blitz|p2a: Milotic
|-resisted|p2a: Milotic
|-damage|p2a: Milotic|70/100
|-damage|p1a: Darmanitan|89/100|[from] Recoil
|
|upkeep
|turn|16
|
|t:|1628560782
|switch|p1a: Milotic|Milotic, M|52/100 tox
|move|p2a: Milotic|Flip Turn|p1a: Milotic
|-resisted|p1a: Milotic
|-damage|p1a: Milotic|47/100 tox
|
|t:|1628560788
|switch|p2a: Sylveon|Sylveon, F, shiny|100/100|[from]move: Flip Turn
|
|-heal|p1a: Milotic|53/100 tox|[from] item: Leftovers
|-damage|p1a: Milotic|47/100 tox|[from] psn
|upkeep
|turn|17
|l|☆wavoss
|inactive|wavoss disconnected and has a minute to reconnect!
|player|p1|
|j|☆wavoss
|inactive|wavoss reconnected and has 100 seconds left.
|player|p1|wavoss|102
|
|t:|1628560810
|switch|p1a: Snorlax|Snorlax, M|100/100
|move|p2a: Sylveon|Heal Bell|p2a: Sylveon
|-activate|p2a: Sylveon|move: Heal Bell
|-curestatus|p2: Virizion|brn|[msg]
|
|upkeep
|turn|18
|
|t:|1628560823
|switch|p2a: Virizion|Virizion, shiny|78/100
|move|p1a: Snorlax|Body Slam|p2a: Virizion
|-damage|p2a: Virizion|37/100
|
|-heal|p2a: Virizion|44/100|[from] item: Leftovers
|upkeep
|turn|19
|
|t:|1628560833
|switch|p1a: Milotic|Milotic, M|47/100 tox
|move|p2a: Virizion|Swords Dance|p2a: Virizion
|-boost|p2a: Virizion|atk|2
|
|-heal|p2a: Virizion|50/100|[from] item: Leftovers
|-heal|p1a: Milotic|53/100 tox|[from] item: Leftovers
|-damage|p1a: Milotic|47/100 tox|[from] psn
|upkeep
|turn|20
|
|t:|1628560837
|move|p2a: Virizion|Leaf Blade|p1a: Milotic
|-supereffective|p1a: Milotic
|-damage|p1a: Milotic|0 fnt
|faint|p1a: Milotic
|
|-heal|p2a: Virizion|56/100|[from] item: Leftovers
|upkeep
|inactive|wavoss has 120 seconds left.
|
|t:|1628560847
|switch|p1a: Darmanitan|Darmanitan, M|89/100
|turn|21
|
|t:|1628560866
|switch|p2a: Incineroar|Incineroar, M|100/100
|-ability|p2a: Incineroar|Intimidate|boost
|-unboost|p1a: Darmanitan|atk|1
|move|p1a: Darmanitan|Flare Blitz|p2a: Incineroar
|-resisted|p2a: Incineroar
|-damage|p2a: Incineroar|74/100
|-damage|p1a: Darmanitan|79/100|[from] Recoil
|
|upkeep
|turn|22
|
|t:|1628560876
|move|p1a: Darmanitan|U-turn|p2a: Incineroar
|-damage|p2a: Incineroar|57/100
|
|t:|1628560882
|switch|p1a: Togekiss|Togekiss, M|94/100 tox|[from]move: U-turn
|move|p2a: Incineroar|U-turn|p1a: Togekiss
|-resisted|p1a: Togekiss
|-crit|p1a: Togekiss
|-damage|p1a: Togekiss|86/100 tox
|
|t:|1628560890
|switch|p2a: Steelix|Steelix, M|38/100|[from]move: U-turn
|
|-heal|p1a: Togekiss|92/100 tox|[from] item: Leftovers
|-heal|p2a: Steelix|44/100|[from] item: Leftovers
|-damage|p1a: Togekiss|86/100 tox|[from] psn
|upkeep
|turn|23
|
|t:|1628560896
|switch|p2a: Milotic|Milotic, F|70/100
|move|p1a: Togekiss|Air Slash|p2a: Milotic
|-damage|p2a: Milotic|40/100
|
|-heal|p1a: Togekiss|92/100 tox|[from] item: Leftovers
|-damage|p1a: Togekiss|80/100 tox|[from] psn
|upkeep
|turn|24
|
|t:|1628560905
|move|p2a: Milotic|Flip Turn|p1a: Togekiss
|-damage|p1a: Togekiss|64/100 tox
|
|t:|1628560911
|switch|p2a: Steelix|Steelix, M|44/100|[from]move: Flip Turn
|move|p1a: Togekiss|Air Slash|p2a: Steelix
|-resisted|p2a: Steelix
|-damage|p2a: Steelix|26/100
|
|-heal|p1a: Togekiss|71/100 tox|[from] item: Leftovers
|-heal|p2a: Steelix|32/100|[from] item: Leftovers
|-damage|p1a: Togekiss|52/100 tox|[from] psn
|upkeep
|turn|25
|
|t:|1628560922
|move|p1a: Togekiss|Air Slash|p2a: Steelix
|-resisted|p2a: Steelix
|-damage|p2a: Steelix|15/100
|cant|p2a: Steelix|flinch
|
|-heal|p1a: Togekiss|58/100 tox|[from] item: Leftovers
|-heal|p2a: Steelix|21/100|[from] item: Leftovers
|-damage|p1a: Togekiss|34/100 tox|[from] psn
|upkeep
|turn|26
|
|t:|1628560934
|move|p1a: Togekiss|Air Slash|p2a: Steelix
|-resisted|p2a: Steelix
|-damage|p2a: Steelix|2/100
|move|p2a: Steelix|Heavy Slam|p1a: Togekiss
|-supereffective|p1a: Togekiss
|-damage|p1a: Togekiss|0 fnt
|faint|p1a: Togekiss
|
|-heal|p2a: Steelix|8/100|[from] item: Leftovers
|upkeep
|
|t:|1628560956
|switch|p1a: Darmanitan|Darmanitan, M|79/100
|turn|27
|
|t:|1628560961
|move|p1a: Darmanitan|Earthquake|p2a: Steelix
|-supereffective|p2a: Steelix
|-crit|p2a: Steelix
|-damage|p2a: Steelix|0 fnt
|faint|p2a: Steelix
|
|upkeep
|
|t:|1628560974
|switch|p2a: Incineroar|Incineroar, M|57/100
|-ability|p2a: Incineroar|Intimidate|boost
|-unboost|p1a: Darmanitan|atk|1
|turn|28
|
|t:|1628560981
|move|p1a: Darmanitan|Rock Slide|p2a: Incineroar
|-supereffective|p2a: Incineroar
|-damage|p2a: Incineroar|12/100
|move|p2a: Incineroar|U-turn|p1a: Darmanitan
|-resisted|p1a: Darmanitan
|-damage|p1a: Darmanitan|64/100
|
|t:|1628560991
|switch|p2a: Milotic|Milotic, F|40/100|[from]move: U-turn
|
|upkeep
|turn|29
|
|t:|1628561005
|move|p1a: Darmanitan|U-turn|p2a: Milotic
|-damage|p2a: Milotic|27/100
|
|t:|1628561012
|switch|p1a: Snorlax|Snorlax, M|100/100|[from]move: U-turn
|move|p2a: Milotic|Flip Turn|p1a: Snorlax
|-damage|p1a: Snorlax|88/100
|
|t:|1628561016
|switch|p2a: Virizion|Virizion, shiny|56/100|[from]move: Flip Turn
|
|-heal|p2a: Virizion|62/100|[from] item: Leftovers
|upkeep
|turn|30
|inactive|wavoss has 120 seconds left.
|
|t:|1628561046
|move|p2a: Virizion|Swords Dance|p2a: Virizion
|-boost|p2a: Virizion|atk|2
|move|p1a: Snorlax|Body Slam|p2a: Virizion
|-damage|p2a: Virizion|19/100
|
|-heal|p2a: Virizion|26/100|[from] item: Leftovers
|upkeep
|turn|31
|inactive|wavoss has 120 seconds left.
|c|☆Splashinganteater|gg
|
|t:|1628561065
|move|p2a: Virizion|Close Combat|p1a: Snorlax
|-supereffective|p1a: Snorlax
|-damage|p1a: Snorlax|0 fnt
|-unboost|p2a: Virizion|def|1
|-unboost|p2a: Virizion|spd|1
|faint|p1a: Snorlax
|
|-heal|p2a: Virizion|32/100|[from] item: Leftovers
|upkeep
|
|t:|1628561067
|switch|p1a: Darmanitan|Darmanitan, M|64/100
|turn|32
|
|t:|1628561075
|move|p2a: Virizion|Close Combat|p1a: Darmanitan
|-damage|p1a: Darmanitan|0 fnt
|-unboost|p2a: Virizion|def|1
|-unboost|p2a: Virizion|spd|1
|faint|p1a: Darmanitan
|
|win|Splashinganteater
|l|☆wavoss
|raw|wavoss's rating: 1281 &rarr; <strong>1257</strong><br />(-24 for losing)
|raw|Splashinganteater's rating: 1295 &rarr; <strong>1319</strong><br />(+24 for winning)
||Ladder isn't responding, score probably updated but might not have (Request timeout).
