|j|☆Wikkier
|j|☆Testinganteater
|t:|1624565281
|gametype|singles
|player|p1|Wikkier|dragontamer|1080
|player|p2|Testinganteater|palmer|1309
|teamsize|p1|6
|teamsize|p2|6
|gen|8
|tier|[Gen 8] RU
|rated|
|rule|Sleep Clause Mod: Limit one foe put to sleep
|rule|Species Clause: Limit one of each Pokémon
|rule|OHKO Clause: OHKO moves are banned
|rule|Evasion Moves Clause: Evasion moves are banned
|rule|Endless Battle Clause: Forcing endless battles is banned
|rule|HP Percentage Mod: HP is shown in percentages
|rule|Dynamax Clause: You cannot dynamax
|clearpoke
|poke|p1|Celebi|
|poke|p1|Cloyster, M|
|poke|p1|Crobat, F|
|poke|p1|Darmanitan, F|
|poke|p1|Rhyperior, M|
|poke|p1|Doublade, M|
|poke|p2|Tyrantrum, M|
|poke|p2|Zarude|
|poke|p2|Togekiss, F|
|poke|p2|Milotic, F|
|poke|p2|Steelix, M|
|poke|p2|Toxicroak, M|
|teampreview
|
|t:|1624565292
|start
|switch|p1a: Doublade|Doublade, M|100/100
|switch|p2a: Tyrantrum|Tyrantrum, M|100/100
|turn|1
|inactive|Battle timer is ON: inactive players will automatically lose when time's up. (requested by Testinganteater)
|
|t:|1624565311
|switch|p2a: Milotic|Milotic, F|100/100
|move|p1a: Doublade|Swords Dance|p1a: Doublade
|-boost|p1a: Doublade|atk|2
|
|upkeep
|turn|2
|
|t:|1624565317
|move|p2a: Milotic|Scald|p1a: Doublade
|-damage|p1a: Doublade|69/100
|move|p1a: Doublade|Swords Dance|p1a: Doublade
|-boost|p1a: Doublade|atk|2
|
|upkeep
|turn|3
|
|t:|1624565331
|move|p1a: Doublade|Shadow Sneak|p2a: Milotic
|-damage|p2a: Milotic|54/100
|move|p2a: Milotic|Scald|p1a: Doublade
|-damage|p1a: Doublade|37/100
|
|-heal|p2a: Milotic|60/100|[from] item: Leftovers
|upkeep
|turn|4
|
|t:|1624565337
|move|p2a: Milotic|Recover|p2a: Milotic
|-heal|p2a: Milotic|100/100
|move|p1a: Doublade|Iron Head|p2a: Milotic
|-resisted|p2a: Milotic
|-damage|p2a: Milotic|58/100
|
|-heal|p2a: Milotic|64/100|[from] item: Leftovers
|upkeep
|turn|5
|
|t:|1624565347
|move|p1a: Doublade|Shadow Sneak|p2a: Milotic
|-damage|p2a: Milotic|21/100
|move|p2a: Milotic|Scald|p1a: Doublade
|-damage|p1a: Doublade|3/100
|-status|p1a: Doublade|brn
|
|-heal|p2a: Milotic|27/100|[from] item: Leftovers
|-damage|p1a: Doublade|0 fnt|[from] brn
|faint|p1a: Doublade
|upkeep
|
|t:|1624565352
|switch|p1a: Cloyster|Cloyster, M|100/100
|turn|6
|
|t:|1624565359
|move|p1a: Cloyster|Rock Blast|p2a: Milotic
|-damage|p2a: Milotic|22/100
|-damage|p2a: Milotic|16/100
|-damage|p2a: Milotic|10/100
|-damage|p2a: Milotic|4/100
|-damage|p2a: Milotic|0 fnt
|faint|p2a: Milotic
|-hitcount|p2: Milotic|5
|
|upkeep
|
|t:|1624565371
|switch|p2a: Zarude|Zarude|100/100
|turn|7
|
|t:|1624565377
|move|p2a: Zarude|Power Whip|p1a: Cloyster
|-supereffective|p1a: Cloyster
|-enditem|p1a: Cloyster|Focus Sash
|-damage|p1a: Cloyster|1/100
|move|p1a: Cloyster|Shell Smash|p1a: Cloyster
|-unboost|p1a: Cloyster|def|1
|-unboost|p1a: Cloyster|spd|1
|-boost|p1a: Cloyster|atk|2
|-boost|p1a: Cloyster|spa|2
|-boost|p1a: Cloyster|spe|2
|
|upkeep
|turn|8
|
|t:|1624565406
|switch|p2a: Toxicroak|Toxicroak, M, shiny|100/100
|move|p1a: Cloyster|Icicle Spear|p2a: Toxicroak
|-damage|p2a: Toxicroak|64/100
|-damage|p2a: Toxicroak|25/100
|-damage|p2a: Toxicroak|0 fnt
|faint|p2a: Toxicroak
|-hitcount|p2: Toxicroak|3
|
|upkeep
|
|t:|1624565410
|switch|p2a: Steelix|Steelix, M|100/100
|turn|9
|
|t:|1624565430
|move|p1a: Cloyster|Icicle Spear|p2a: Steelix
|-damage|p2a: Steelix|89/100
|-damage|p2a: Steelix|77/100
|-damage|p2a: Steelix|65/100
|-damage|p2a: Steelix|52/100
|-damage|p2a: Steelix|40/100
|-hitcount|p2a: Steelix|5
|move|p2a: Steelix|Earthquake|p1a: Cloyster
|-damage|p1a: Cloyster|0 fnt
|faint|p1a: Cloyster
|
|-heal|p2a: Steelix|46/100|[from] item: Leftovers
|upkeep
|
|t:|1624565443
|switch|p1a: Rhyperior|Rhyperior, M|100/100
|turn|10
|
|t:|1624565458
|move|p1a: Rhyperior|Earthquake|p2a: Steelix
|-supereffective|p2a: Steelix
|-damage|p2a: Steelix|0 fnt
|faint|p2a: Steelix
|
|upkeep
|
|t:|1624565460
|switch|p2a: Zarude|Zarude|100/100
|turn|11
|
|t:|1624565466
|move|p2a: Zarude|Power Whip|p1a: Rhyperior
|-supereffective|p1a: Rhyperior
|-damage|p1a: Rhyperior|0 fnt
|faint|p1a: Rhyperior
|
|upkeep
|
|t:|1624565472
|switch|p1a: Crobat|Crobat, F|100/100
|turn|12
|inactive|Testinganteater has 120 seconds left.
|
|t:|1624565523
|switch|p2a: Tyrantrum|Tyrantrum, M|100/100
|move|p1a: Crobat|U-turn|p2a: Tyrantrum
|-damage|p2a: Tyrantrum|75/100
|
|t:|1624565530
|switch|p1a: Darmanitan|Darmanitan, F|100/100|[from]move: U-turn
|
|upkeep
|turn|13
|
|t:|1624565552
|move|p2a: Tyrantrum|Head Smash|p1a: Darmanitan
|-supereffective|p1a: Darmanitan
|-damage|p1a: Darmanitan|0 fnt
|faint|p1a: Darmanitan
|
|upkeep
|
|t:|1624565578
|switch|p1a: Celebi|Celebi|100/100
|turn|14
|
|t:|1624565586
|switch|p2a: Togekiss|Togekiss, F|100/100
|move|p1a: Celebi|Earth Power|p2a: Togekiss
|-immune|p2a: Togekiss
|
|upkeep
|turn|15
|
|t:|1624565593
|switch|p1a: Crobat|Crobat, F|100/100
|move|p2a: Togekiss|Air Slash|p1a: Crobat
|-damage|p1a: Crobat|62/100
|
|upkeep
|turn|16
|
|t:|1624565610
|switch|p2a: Tyrantrum|Tyrantrum, M|75/100
|move|p1a: Crobat|Poison Fang|p2a: Tyrantrum
|-resisted|p2a: Tyrantrum
|-damage|p2a: Tyrantrum|61/100
|-status|p2a: Tyrantrum|tox
|
|-damage|p2a: Tyrantrum|55/100 tox|[from] psn
|upkeep
|turn|17
|
|t:|1624565618
|switch|p1a: Celebi|Celebi|100/100
|move|p2a: Tyrantrum|Head Smash|p1a: Celebi
|-damage|p1a: Celebi|29/100
|
|-damage|p2a: Tyrantrum|43/100 tox|[from] psn
|upkeep
|turn|18
|
|t:|1624565626
|move|p2a: Tyrantrum|Head Smash|p1a: Celebi
|-damage|p1a: Celebi|0 fnt
|faint|p1a: Celebi
|
|-damage|p2a: Tyrantrum|24/100 tox|[from] psn
|upkeep
|
|t:|1624565633
|switch|p1a: Crobat|Crobat, F|62/100
|turn|19
|
|t:|1624565640
|move|p2a: Tyrantrum|Head Smash|p1a: Crobat
|-supereffective|p1a: Crobat
|-damage|p1a: Crobat|0 fnt
|faint|p1a: Crobat
|
|win|Testinganteater
|raw|Wikkier's rating: 1080 &rarr; <strong>1071</strong><br />(-9 for losing)
|raw|Testinganteater's rating: 1309 &rarr; <strong>1317</strong><br />(+8 for winning)
|c|☆Testinganteater|Gg
