|j|☆Darkortex
|j|☆Splashinganteater
|t:|1609869905
|player|p1|Darkortex|265|1397
|player|p2|Splashinganteater|palmer|1345
|teamsize|p1|6
|teamsize|p2|6
|gametype|singles
|gen|8
|tier|[Gen 8] RU
|rated|
|clearpoke
|poke|p1|Torkoal, M|
|poke|p1|Shiftry, M|
|poke|p1|Darmanitan, F|
|poke|p1|Charizard, F|
|poke|p1|Xatu, M|
|poke|p1|Porygon2|
|poke|p2|Noivern, M|
|poke|p2|Golurk|
|poke|p2|Raikou|
|poke|p2|Incineroar, M|
|poke|p2|Seismitoad, M|
|poke|p2|Togekiss, F|
|rule|Sleep Clause Mod: Limit one foe put to sleep
|rule|Species Clause: Limit one of each Pokémon
|rule|OHKO Clause: OHKO moves are banned
|rule|Evasion Moves Clause: Evasion moves are banned
|rule|Endless Battle Clause: Forcing endless battles is banned
|rule|HP Percentage Mod: HP is shown in percentages
|rule|Dynamax Clause: You cannot dynamax
|teampreview
|inactive|Battle timer is ON: inactive players will automatically lose when time's up. (requested by Darkortex)
|
|t:|1609869920
|start
|switch|p1a: Torkoal|Torkoal, M|100/100
|switch|p2a: Seismitoad|Seismitoad, M|100/100
|-weather|SunnyDay|[from] ability: Drought|[of] p1a: Torkoal
|turn|1
|
|t:|1609869926
|move|p2a: Seismitoad|Toxic|p1a: Torkoal
|-status|p1a: Torkoal|tox
|move|p1a: Torkoal|Stealth Rock|p2a: Seismitoad
|-sidestart|p2: Splashinganteater|move: Stealth Rock
|
|-weather|SunnyDay|[upkeep]
|-damage|p1a: Torkoal|94/100 tox|[from] psn
|upkeep
|turn|2
|
|t:|1609869930
|switch|p1a: Xatu|Xatu, M|100/100
|move|p2a: Seismitoad|Stealth Rock|p1a: Xatu
|move|p1a: Xatu|Stealth Rock||[from]ability: Magic Bounce|[still]
|-fail|p1a: Xatu
|
|-weather|SunnyDay|[upkeep]
|upkeep
|turn|3
|
|t:|1609869940
|switch|p2a: Raikou|Raikou|100/100
|-damage|p2a: Raikou|88/100|[from] Stealth Rock
|-ability|p2a: Raikou|Pressure
|move|p1a: Xatu|Toxic|p2a: Raikou
|-status|p2a: Raikou|tox
|
|-weather|SunnyDay|[upkeep]
|-heal|p2a: Raikou|94/100 tox|[from] item: Leftovers
|-damage|p2a: Raikou|88/100 tox|[from] psn
|upkeep
|turn|4
|
|t:|1609869948
|switch|p1a: Porygon2|Porygon2|100/100
|-ability|p1a: Porygon2|Pressure|[from] ability: Trace|[of] p2a: Raikou
|-ability|p1a: Porygon2|Pressure
|move|p2a: Raikou|Thunderbolt|p1a: Porygon2
|-damage|p1a: Porygon2|80/100
|
|-weather|SunnyDay|[upkeep]
|-heal|p2a: Raikou|94/100 tox|[from] item: Leftovers
|-damage|p2a: Raikou|82/100 tox|[from] psn
|upkeep
|turn|5
|
|t:|1609869970
|switch|p2a: Golurk|Golurk|100/100
|-damage|p2a: Golurk|94/100|[from] Stealth Rock
|move|p1a: Porygon2|Teleport|p1a: Porygon2
|
|t:|1609869974
|switch|p1a: Shiftry|Shiftry, M|100/100|[from]move: Teleport
|
|-weather|SunnyDay|[upkeep]
|upkeep
|turn|6
|
|t:|1609869978
|switch|p2a: Incineroar|Incineroar, M|100/100
|-ability|p2a: Incineroar|Intimidate|boost
|-unboost|p1a: Shiftry|atk|1
|move|p1a: Shiftry|Knock Off|p2a: Incineroar
|-resisted|p2a: Incineroar
|-damage|p2a: Incineroar|80/100
|-enditem|p2a: Incineroar|Heavy-Duty Boots|[from] move: Knock Off|[of] p1a: Shiftry
|-damage|p1a: Shiftry|91/100|[from] item: Life Orb
|
|-weather|SunnyDay|[upkeep]
|upkeep
|turn|7
|
|t:|1609869993
|switch|p1a: Porygon2|Porygon2|80/100
|-ability|p1a: Porygon2|Intimidate|[from] ability: Trace|[of] p2a: Incineroar
|-ability|p1a: Porygon2|Intimidate|boost
|-unboost|p2a: Incineroar|atk|1
|move|p2a: Incineroar|Parting Shot|p1a: Porygon2
|-unboost|p1a: Porygon2|atk|1
|-unboost|p1a: Porygon2|spa|1
|
|t:|1609869997
|switch|p2a: Golurk|Golurk|94/100|[from]move: Parting Shot
|-damage|p2a: Golurk|88/100|[from] Stealth Rock
|
|-weather|SunnyDay|[upkeep]
|upkeep
|turn|8
|
|t:|1609870008
|move|p2a: Golurk|Close Combat|p1a: Porygon2
|-supereffective|p1a: Porygon2
|-damage|p1a: Porygon2|0 fnt
|-unboost|p2a: Golurk|def|1
|-unboost|p2a: Golurk|spd|1
|faint|p1a: Porygon2
|
|-weather|none
|upkeep
|
|t:|1609870013
|switch|p1a: Shiftry|Shiftry, M|91/100
|turn|9
|
|t:|1609870021
|switch|p2a: Togekiss|Togekiss, F|100/100
|move|p1a: Shiftry|Knock Off|p2a: Togekiss
|-resisted|p2a: Togekiss
|-damage|p2a: Togekiss|79/100
|-enditem|p2a: Togekiss|Heavy-Duty Boots|[from] move: Knock Off|[of] p1a: Shiftry
|-damage|p1a: Shiftry|81/100|[from] item: Life Orb
|
|upkeep
|turn|10
|
|t:|1609870026
|switch|p1a: Torkoal|Torkoal, M|94/100 tox
|-weather|SunnyDay|[from] ability: Drought|[of] p1a: Torkoal
|move|p2a: Togekiss|Defog|p1a: Torkoal
|-unboost|p1a: Torkoal|evasion|1
|-sideend|p2: Splashinganteater|Stealth Rock|[from] move: Defog|[of] p2a: Togekiss
|
|-weather|SunnyDay|[upkeep]
|-damage|p1a: Torkoal|88/100 tox|[from] psn
|upkeep
|turn|11
|
|t:|1609870035
|move|p2a: Togekiss|Air Slash|p1a: Torkoal
|-damage|p1a: Torkoal|46/100 tox
|move|p1a: Torkoal|Stealth Rock|p2a: Togekiss
|-sidestart|p2: Splashinganteater|move: Stealth Rock
|
|-weather|SunnyDay|[upkeep]
|-damage|p1a: Torkoal|34/100 tox|[from] psn
|upkeep
|turn|12
|
|t:|1609870041
|switch|p1a: Charizard|Charizard, F|100/100
|move|p2a: Togekiss|Defog|p1a: Charizard
|-unboost|p1a: Charizard|evasion|1
|-sideend|p2: Splashinganteater|Stealth Rock|[from] move: Defog|[of] p2a: Togekiss
|
|-weather|SunnyDay|[upkeep]
|-damage|p1a: Charizard|88/100|[from] ability: Solar Power|[of] p1a: Charizard
|upkeep
|turn|13
|
|t:|1609870061
|switch|p2a: Incineroar|Incineroar, M|80/100
|-ability|p2a: Incineroar|Intimidate|boost
|-unboost|p1a: Charizard|atk|1
|move|p1a: Charizard|Weather Ball|p2a: Incineroar
|-resisted|p2a: Incineroar
|-damage|p2a: Incineroar|24/100
|
|-weather|SunnyDay|[upkeep]
|-damage|p1a: Charizard|76/100|[from] ability: Solar Power|[of] p1a: Charizard
|upkeep
|turn|14
|
|t:|1609870070
|move|p1a: Charizard|Weather Ball|p2a: Incineroar
|-resisted|p2a: Incineroar
|-damage|p2a: Incineroar|0 fnt
|faint|p2a: Incineroar
|
|-weather|SunnyDay|[upkeep]
|-damage|p1a: Charizard|63/100|[from] ability: Solar Power|[of] p1a: Charizard
|upkeep
|
|t:|1609870074
|switch|p2a: Raikou|Raikou|82/100 tox
|-ability|p2a: Raikou|Pressure
|turn|15
|
|t:|1609870085
|move|p2a: Raikou|Thunderbolt|p1a: Charizard
|-supereffective|p1a: Charizard
|-damage|p1a: Charizard|0 fnt
|faint|p1a: Charizard
|
|-weather|SunnyDay|[upkeep]
|-heal|p2a: Raikou|88/100 tox|[from] item: Leftovers
|-damage|p2a: Raikou|82/100 tox|[from] psn
|upkeep
|
|t:|1609870088
|switch|p1a: Darmanitan|Darmanitan, F|100/100
|turn|16
|
|t:|1609870096
|move|p1a: Darmanitan|Flare Blitz|p2a: Raikou
|-damage|p2a: Raikou|0 fnt
|-damage|p1a: Darmanitan|76/100|[from] Recoil
|faint|p2a: Raikou
|
|-weather|SunnyDay|[upkeep]
|upkeep
|
|t:|1609870100
|switch|p2a: Seismitoad|Seismitoad, M|100/100
|turn|17
|
|t:|1609870107
|switch|p1a: Xatu|Xatu, M|100/100
|move|p2a: Seismitoad|Earthquake|p1a: Xatu
|-immune|p1a: Xatu
|
|-weather|none
|upkeep
|turn|18
|
|t:|1609870112
|switch|p2a: Golurk|Golurk|88/100
|move|p1a: Xatu|Teleport|p1a: Xatu
|
|t:|1609870116
|switch|p1a: Torkoal|Torkoal, M|34/100 tox|[from]move: Teleport
|-weather|SunnyDay|[from] ability: Drought|[of] p1a: Torkoal
|
|-weather|SunnyDay|[upkeep]
|-damage|p1a: Torkoal|28/100 tox|[from] psn
|upkeep
|turn|19
|
|t:|1609870125
|move|p2a: Golurk|Stone Edge|p1a: Torkoal
|-supereffective|p1a: Torkoal
|-damage|p1a: Torkoal|0 fnt
|faint|p1a: Torkoal
|
|-weather|SunnyDay|[upkeep]
|upkeep
|
|t:|1609870127
|switch|p1a: Shiftry|Shiftry, M|81/100
|turn|20
|
|t:|1609870131
|move|p1a: Shiftry|Growth|p1a: Shiftry
|-boost|p1a: Shiftry|atk|2
|-boost|p1a: Shiftry|spa|2
|move|p2a: Golurk|Stone Edge|p1a: Shiftry
|-damage|p1a: Shiftry|0 fnt
|faint|p1a: Shiftry
|
|-weather|SunnyDay|[upkeep]
|upkeep
|
|t:|1609870136
|switch|p1a: Darmanitan|Darmanitan, F|76/100
|turn|21
|
|t:|1609870144
|switch|p2a: Noivern|Noivern, M|100/100
|move|p1a: Darmanitan|Flare Blitz|p2a: Noivern
|-resisted|p2a: Noivern
|-damage|p2a: Noivern|16/100
|-damage|p1a: Darmanitan|51/100|[from] Recoil
|
|-weather|SunnyDay|[upkeep]
|upkeep
|turn|22
|
|t:|1609870149
|move|p1a: Darmanitan|Flare Blitz|p2a: Noivern
|-resisted|p2a: Noivern
|-damage|p2a: Noivern|0 fnt
|-damage|p1a: Darmanitan|47/100|[from] Recoil
|faint|p2a: Noivern
|
|-weather|SunnyDay|[upkeep]
|upkeep
|
|t:|1609870151
|switch|p2a: Seismitoad|Seismitoad, M|100/100
|turn|23
|
|t:|1609870157
|switch|p1a: Xatu|Xatu, M|100/100
|move|p2a: Seismitoad|Scald|p1a: Xatu
|-crit|p1a: Xatu
|-damage|p1a: Xatu|76/100
|-status|p1a: Xatu|brn
|
|-weather|SunnyDay|[upkeep]
|-damage|p1a: Xatu|70/100 brn|[from] brn
|upkeep
|turn|24
|j| barbie rockstar
|
|t:|1609870167
|move|p2a: Seismitoad|Scald|p1a: Xatu
|-damage|p1a: Xatu|55/100 brn
|move|p1a: Xatu|Teleport|p1a: Xatu
|
|t:|1609870170
|switch|p1a: Darmanitan|Darmanitan, F|47/100|[from]move: Teleport
|
|-weather|SunnyDay|[upkeep]
|upkeep
|turn|25
|
|t:|1609870173
|move|p1a: Darmanitan|U-turn|p2a: Seismitoad
|-crit|p2a: Seismitoad
|-damage|p2a: Seismitoad|72/100
|
|t:|1609870175
|switch|p1a: Xatu|Xatu, M|55/100 brn|[from]move: U-turn
|move|p2a: Seismitoad|Scald|p1a: Xatu
|-damage|p1a: Xatu|39/100 brn
|
|-weather|none
|-heal|p2a: Seismitoad|78/100|[from] item: Leftovers
|-damage|p1a: Xatu|33/100 brn|[from] brn
|upkeep
|turn|26
|
|t:|1609870182
|switch|p2a: Golurk|Golurk|88/100
|move|p1a: Xatu|Roost|p1a: Xatu
|-heal|p1a: Xatu|83/100 brn
|-singleturn|p1a: Xatu|move: Roost
|
|-damage|p1a: Xatu|77/100 brn|[from] brn
|upkeep
|turn|27
|
|t:|1609870194
|move|p1a: Xatu|Toxic|p2a: Golurk
|-status|p2a: Golurk|tox
|move|p2a: Golurk|Stone Edge|p1a: Xatu
|-supereffective|p1a: Xatu
|-crit|p1a: Xatu
|-damage|p1a: Xatu|0 fnt
|faint|p1a: Xatu
|
|-damage|p2a: Golurk|82/100 tox|[from] psn
|upkeep
|
|t:|1609870199
|switch|p1a: Darmanitan|Darmanitan, F|47/100
|turn|28
|
|t:|1609870201
|move|p1a: Darmanitan|Flare Blitz|p2a: Golurk
|-damage|p2a: Golurk|0 fnt
|-damage|p1a: Darmanitan|19/100|[from] Recoil
|faint|p2a: Golurk
|
|upkeep
|
|t:|1609870204
|switch|p2a: Seismitoad|Seismitoad, M|78/100
|turn|29
|
|t:|1609870208
|move|p1a: Darmanitan|Flare Blitz|p2a: Seismitoad
|-resisted|p2a: Seismitoad
|-damage|p2a: Seismitoad|50/100
|-damage|p1a: Darmanitan|8/100|[from] Recoil
|move|p2a: Seismitoad|Scald|p1a: Darmanitan
|-supereffective|p1a: Darmanitan
|-damage|p1a: Darmanitan|0 fnt
|faint|p1a: Darmanitan
|
|win|Splashinganteater
|l|☆Darkortex
|c|☆Splashinganteater|Gg
||Ladder (probably) updated, but score could not be retrieved (Request timeout).
|l| barbie rockstar
