|j|☆zeeLitium
|j|☆Ambidexx
|t:|1659309253
|gametype|singles
|player|p1|zeeLitium|lady|1248
|player|p2|Ambidexx|iris|1456
|teamsize|p1|6
|teamsize|p2|6
|gen|8
|tier|[Gen 8] RU
|rated|
|rule|Sleep Clause Mod: Limit one foe put to sleep
|rule|Species Clause: Limit one of each Pokémon
|rule|OHKO Clause: OHKO moves are banned
|rule|Evasion Moves Clause: Evasion moves are banned
|rule|Endless Battle Clause: Forcing endless battles is banned
|rule|HP Percentage Mod: HP is shown in percentages
|rule|Dynamax Clause: You cannot dynamax
|clearpoke
|poke|p1|Sylveon, M|
|poke|p1|Flygon, F|
|poke|p1|Metagross|
|poke|p1|Gastrodon, F|
|poke|p1|Crobat, F|
|poke|p1|Celebi|
|poke|p2|Nidoqueen, F|
|poke|p2|Snorlax, F|
|poke|p2|Golisopod, F|
|poke|p2|Rotom-Mow|
|poke|p2|Milotic, F|
|poke|p2|Chandelure, M|
|teampreview
|c|☆zeeLitium|hf
|c|☆Ambidexx|u 2
|
|t:|1659309302
|start
|switch|p1a: Metagross|Metagross|100/100
|switch|p2a: Rotom|Rotom-Mow|100/100
|turn|1
|
|t:|1659309308
|move|p2a: Rotom|Volt Switch|p1a: Metagross
|-damage|p1a: Metagross|71/100
|
|t:|1659309312
|switch|p2a: Milotic|Milotic, F|100/100|[from]move: Volt Switch
|move|p1a: Metagross|Stealth Rock|p2a: Milotic
|-sidestart|p2: Ambidexx|move: Stealth Rock
|
|-heal|p1a: Metagross|77/100|[from] item: Leftovers
|upkeep
|turn|2
|
|t:|1659309328
|move|p1a: Metagross|Toxic|p2a: Milotic|[miss]
|-miss|p1a: Metagross|p2a: Milotic
|move|p2a: Milotic|Flip Turn|p1a: Metagross
|-damage|p1a: Metagross|65/100
|
|t:|1659309339
|switch|p2a: Golisopod|Golisopod, F|100/100|[from]move: Flip Turn
|
|-heal|p1a: Metagross|71/100|[from] item: Leftovers
|upkeep
|turn|3
|
|t:|1659309355
|switch|p1a: Crobat|Crobat, F, shiny|100/100
|move|p2a: Golisopod|Spikes|p1a: Crobat
|-sidestart|p1: zeeLitium|Spikes
|
|upkeep
|turn|4
|
|t:|1659309367
|switch|p2a: Nidoqueen|Nidoqueen, F|100/100
|-damage|p2a: Nidoqueen|94/100|[from] Stealth Rock
|move|p1a: Crobat|Brave Bird|p2a: Nidoqueen
|-damage|p2a: Nidoqueen|62/100
|-damage|p1a: Crobat|90/100|[from] Recoil
|
|-heal|p2a: Nidoqueen|68/100|[from] item: Black Sludge
|upkeep
|turn|5
|j| CanguruVoador987
|
|t:|1659309389
|move|p1a: Crobat|U-turn|p2a: Nidoqueen
|-resisted|p2a: Nidoqueen
|-damage|p2a: Nidoqueen|61/100
|c| CanguruVoador987|Foto do cartão de crédito quando litium?
|
|t:|1659309398
|switch|p1a: Gastrodon|Gastrodon, F|100/100|[from]move: U-turn
|-damage|p1a: Gastrodon|88/100|[from] Spikes
|move|p2a: Nidoqueen|Ice Beam|p1a: Gastrodon
|-damage|p1a: Gastrodon|63/100
|
|-heal|p2a: Nidoqueen|68/100|[from] item: Black Sludge
|-heal|p1a: Gastrodon|69/100|[from] item: Leftovers
|upkeep
|turn|6
|c|☆zeeLitium|kkk
|
|t:|1659309411
|switch|p2a: Rotom|Rotom-Mow|100/100
|-damage|p2a: Rotom|88/100|[from] Stealth Rock
|move|p1a: Gastrodon|Earth Power|p2a: Rotom
|-immune|p2a: Rotom|[from] ability: Levitate
|
|-heal|p1a: Gastrodon|75/100|[from] item: Leftovers
|upkeep
|turn|7
|
|t:|1659309423
|switch|p1a: Celebi|Celebi, shiny|100/100
|-damage|p1a: Celebi|88/100|[from] Spikes
|move|p2a: Rotom|Trick|p1a: Celebi
|-activate|p2a: Rotom|move: Trick|[of] p1a: Celebi
|-item|p1a: Celebi|Choice Scarf|[from] move: Trick
|-item|p2a: Rotom|Leftovers|[from] move: Trick
|
|-heal|p2a: Rotom|94/100|[from] item: Leftovers
|upkeep
|turn|8
|
|t:|1659309434
|move|p1a: Celebi|Psychic|p2a: Rotom
|-damage|p2a: Rotom|38/100
|move|p2a: Rotom|Volt Switch|p1a: Celebi
|-resisted|p1a: Celebi
|-damage|p1a: Celebi|72/100
|
|t:|1659309447
|switch|p2a: Snorlax|Snorlax, F|100/100|[from]move: Volt Switch
|-damage|p2a: Snorlax|88/100|[from] Stealth Rock
|
|upkeep
|turn|9
|
|t:|1659309460
|switch|p1a: Gastrodon|Gastrodon, F|75/100
|-damage|p1a: Gastrodon|62/100|[from] Spikes
|move|p2a: Snorlax|Darkest Lariat|p1a: Gastrodon
|-damage|p1a: Gastrodon|46/100
|
|-heal|p1a: Gastrodon|52/100|[from] item: Leftovers
|upkeep
|turn|10
|l| CanguruVoador987
|
|t:|1659309472
|move|p1a: Gastrodon|Ice Beam|p2a: Snorlax
|-damage|p2a: Snorlax|78/100
|move|p2a: Snorlax|Curse|p2a: Snorlax
|-unboost|p2a: Snorlax|spe|1
|-boost|p2a: Snorlax|atk|1
|-boost|p2a: Snorlax|def|1
|
|-heal|p1a: Gastrodon|58/100|[from] item: Leftovers
|upkeep
|turn|11
|
|t:|1659309480
|move|p1a: Gastrodon|Clear Smog|p2a: Snorlax
|-damage|p2a: Snorlax|73/100
|-clearboost|p2a: Snorlax
|move|p2a: Snorlax|Curse|p2a: Snorlax
|-unboost|p2a: Snorlax|spe|1
|-boost|p2a: Snorlax|atk|1
|-boost|p2a: Snorlax|def|1
|
|-heal|p1a: Gastrodon|64/100|[from] item: Leftovers
|upkeep
|turn|12
|
|t:|1659309503
|switch|p2a: Golisopod|Golisopod, F|100/100
|move|p1a: Gastrodon|Clear Smog|p2a: Golisopod
|-damage|p2a: Golisopod|90/100
|-clearboost|p2a: Golisopod
|
|-heal|p1a: Gastrodon|70/100|[from] item: Leftovers
|upkeep
|turn|13
|
|t:|1659309522
|move|p2a: Golisopod|Knock Off|p1a: Gastrodon
|-damage|p1a: Gastrodon|45/100
|-activate|p1a: Gastrodon|ability: Sticky Hold
|move|p1a: Gastrodon|Earth Power|p2a: Golisopod
|-resisted|p2a: Golisopod
|-damage|p2a: Golisopod|74/100
|
|-heal|p1a: Gastrodon|51/100|[from] item: Leftovers
|upkeep
|turn|14
|
|t:|1659309532
|move|p2a: Golisopod|Spikes|p1a: Gastrodon
|-sidestart|p1: zeeLitium|Spikes
|move|p1a: Gastrodon|Recover|p1a: Gastrodon
|-heal|p1a: Gastrodon|100/100
|
|upkeep
|turn|15
|
|t:|1659309542
|move|p2a: Golisopod|Spikes|p1a: Gastrodon
|-sidestart|p1: zeeLitium|Spikes
|move|p1a: Gastrodon|Earth Power|p2a: Golisopod
|-resisted|p2a: Golisopod
|-damage|p2a: Golisopod|60/100
|
|upkeep
|turn|16
|
|t:|1659309549
|move|p2a: Golisopod|Knock Off|p1a: Gastrodon
|-damage|p1a: Gastrodon|76/100
|-activate|p1a: Gastrodon|ability: Sticky Hold
|move|p1a: Gastrodon|Earth Power|p2a: Golisopod
|-resisted|p2a: Golisopod
|-damage|p2a: Golisopod|43/100
|-unboost|p2a: Golisopod|spd|1
|-activate|p2a: Golisopod|ability: Emergency Exit
|
|t:|1659309567
|switch|p2a: Rotom|Rotom-Mow|38/100
|-damage|p2a: Rotom|26/100|[from] Stealth Rock
|
|-heal|p2a: Rotom|32/100|[from] item: Leftovers
|-heal|p1a: Gastrodon|82/100|[from] item: Leftovers
|upkeep
|turn|17
|
|t:|1659309581
|switch|p1a: Crobat|Crobat, F, shiny|90/100
|move|p2a: Rotom|Leaf Storm|p1a: Crobat
|-resisted|p1a: Crobat
|-damage|p1a: Crobat|71/100
|-unboost|p2a: Rotom|spa|2
|
|-heal|p2a: Rotom|38/100|[from] item: Leftovers
|upkeep
|turn|18
|
|t:|1659309593
|switch|p2a: Nidoqueen|Nidoqueen, F|68/100
|-damage|p2a: Nidoqueen|61/100|[from] Stealth Rock
|move|p1a: Crobat|Defog|p2a: Nidoqueen
|-unboost|p2a: Nidoqueen|evasion|1
|-sideend|p2: Ambidexx|Stealth Rock|[from] move: Defog|[of] p1a: Crobat
|-sideend|p1: zeeLitium|Spikes|[from] move: Defog|[of] p1a: Crobat
|
|-heal|p2a: Nidoqueen|68/100|[from] item: Black Sludge
|upkeep
|turn|19
|
|t:|1659309603
|switch|p1a: Celebi|Celebi, shiny|72/100
|move|p2a: Nidoqueen|Stealth Rock|p1a: Celebi
|-sidestart|p1: zeeLitium|move: Stealth Rock
|
|-heal|p2a: Nidoqueen|74/100|[from] item: Black Sludge
|upkeep
|turn|20
|
|t:|1659309609
|switch|p2a: Snorlax|Snorlax, F|73/100
|move|p1a: Celebi|Leaf Storm|p2a: Snorlax|[miss]
|-miss|p1a: Celebi|p2a: Snorlax
|
|upkeep
|turn|21
|
|t:|1659309621
|switch|p1a: Gastrodon|Gastrodon, F|82/100
|-damage|p1a: Gastrodon|76/100|[from] Stealth Rock
|switch|p2a: Rotom|Rotom-Mow|38/100
|
|-heal|p2a: Rotom|44/100|[from] item: Leftovers
|-heal|p1a: Gastrodon|82/100|[from] item: Leftovers
|upkeep
|turn|22
|
|t:|1659309633
|move|p2a: Rotom|Leaf Storm|p1a: Gastrodon|[miss]
|-miss|p2a: Rotom|p1a: Gastrodon
|move|p1a: Gastrodon|Ice Beam|p2a: Rotom
|-supereffective|p2a: Rotom
|-damage|p2a: Rotom|0 fnt
|faint|p2a: Rotom
|
|-heal|p1a: Gastrodon|88/100|[from] item: Leftovers
|upkeep
|
|t:|1659309651
|switch|p2a: Chandelure|Chandelure, M|100/100
|turn|23
|
|t:|1659309674
|move|p2a: Chandelure|Shadow Ball|p1a: Gastrodon
|-damage|p1a: Gastrodon|13/100
|-unboost|p1a: Gastrodon|spd|1
|move|p1a: Gastrodon|Earth Power|p2a: Chandelure
|-supereffective|p2a: Chandelure
|-damage|p2a: Chandelure|20/100
|
|-heal|p1a: Gastrodon|19/100|[from] item: Leftovers
|upkeep
|turn|24
|
|t:|1659309690
|switch|p1a: Flygon|Flygon, F, shiny|100/100
|-damage|p1a: Flygon|95/100|[from] Stealth Rock
|move|p2a: Chandelure|Shadow Ball|p1a: Flygon
|-damage|p1a: Flygon|0 fnt
|faint|p1a: Flygon
|
|upkeep
|
|t:|1659309698
|switch|p1a: Celebi|Celebi, shiny|72/100
|-damage|p1a: Celebi|59/100|[from] Stealth Rock
|turn|25
|
|t:|1659309705
|switch|p2a: Snorlax|Snorlax, F|73/100
|move|p1a: Celebi|Psychic|p2a: Snorlax
|-damage|p2a: Snorlax|55/100
|
|upkeep
|turn|26
|
|t:|1659309712
|move|p1a: Celebi|Psychic|p2a: Snorlax
|-crit|p2a: Snorlax
|-damage|p2a: Snorlax|26/100
|-enditem|p2a: Snorlax|Aguav Berry|[eat]
|-heal|p2a: Snorlax|59/100|[from] item: Aguav Berry
|move|p2a: Snorlax|Curse|p2a: Snorlax
|-unboost|p2a: Snorlax|spe|1
|-boost|p2a: Snorlax|atk|1
|-boost|p2a: Snorlax|def|1
|
|upkeep
|turn|27
|
|t:|1659309730
|move|p1a: Celebi|Psychic|p2a: Snorlax
|-damage|p2a: Snorlax|38/100
|move|p2a: Snorlax|Recycle|p2a: Snorlax
|-item|p2a: Snorlax|Aguav Berry|[from] move: Recycle
|-enditem|p2a: Snorlax|Aguav Berry|[eat]
|-heal|p2a: Snorlax|71/100|[from] item: Aguav Berry
|
|upkeep
|turn|28
|
|t:|1659309740
|move|p1a: Celebi|Psychic|p2a: Snorlax
|-damage|p2a: Snorlax|50/100
|move|p2a: Snorlax|Curse|p2a: Snorlax
|-unboost|p2a: Snorlax|spe|1
|-boost|p2a: Snorlax|atk|1
|-boost|p2a: Snorlax|def|1
|
|upkeep
|turn|29
|
|t:|1659309747
|move|p1a: Celebi|Psychic|p2a: Snorlax
|-damage|p2a: Snorlax|32/100
|move|p2a: Snorlax|Recycle|p2a: Snorlax
|-item|p2a: Snorlax|Aguav Berry|[from] move: Recycle
|-enditem|p2a: Snorlax|Aguav Berry|[eat]
|-heal|p2a: Snorlax|65/100|[from] item: Aguav Berry
|
|upkeep
|turn|30
|
|t:|1659309753
|move|p1a: Celebi|Psychic|p2a: Snorlax
|-damage|p2a: Snorlax|47/100
|move|p2a: Snorlax|Recycle|p2a: Snorlax
|-item|p2a: Snorlax|Aguav Berry|[from] move: Recycle
|-enditem|p2a: Snorlax|Aguav Berry|[eat]
|-heal|p2a: Snorlax|80/100|[from] item: Aguav Berry
|
|upkeep
|turn|31
|
|t:|1659309762
|move|p1a: Celebi|Psychic|p2a: Snorlax
|-damage|p2a: Snorlax|61/100
|move|p2a: Snorlax|Darkest Lariat|p1a: Celebi
|-supereffective|p1a: Celebi
|-damage|p1a: Celebi|0 fnt
|faint|p1a: Celebi
|
|upkeep
|
|t:|1659309767
|switch|p1a: Gastrodon|Gastrodon, F|19/100
|-damage|p1a: Gastrodon|13/100|[from] Stealth Rock
|turn|32
|
|t:|1659309771
|move|p1a: Gastrodon|Recover|p1a: Gastrodon
|-heal|p1a: Gastrodon|63/100
|move|p2a: Snorlax|Facade|p1a: Gastrodon
|-damage|p1a: Gastrodon|23/100
|
|-heal|p1a: Gastrodon|29/100|[from] item: Leftovers
|upkeep
|turn|33
|
|t:|1659309779
|move|p1a: Gastrodon|Clear Smog|p2a: Snorlax
|-damage|p2a: Snorlax|56/100
|-clearboost|p2a: Snorlax
|move|p2a: Snorlax|Facade|p1a: Gastrodon
|-damage|p1a: Gastrodon|6/100
|
|-heal|p1a: Gastrodon|12/100|[from] item: Leftovers
|upkeep
|turn|34
|
|t:|1659309795
|switch|p2a: Chandelure|Chandelure, M|20/100
|move|p1a: Gastrodon|Recover|p1a: Gastrodon
|-heal|p1a: Gastrodon|62/100
|
|-heal|p1a: Gastrodon|69/100|[from] item: Leftovers
|upkeep
|turn|35
|
|t:|1659309805
|switch|p1a: Sylveon|Sylveon, M|100/100
|-damage|p1a: Sylveon|88/100|[from] Stealth Rock
|move|p2a: Chandelure|Shadow Ball|p1a: Sylveon
|-damage|p1a: Sylveon|35/100
|
|-heal|p1a: Sylveon|41/100|[from] item: Leftovers
|upkeep
|turn|36
|
|t:|1659309814
|move|p1a: Sylveon|Protect|p1a: Sylveon
|-singleturn|p1a: Sylveon|Protect
|move|p2a: Chandelure|Shadow Ball|p1a: Sylveon
|-activate|p1a: Sylveon|move: Protect
|
|-heal|p1a: Sylveon|47/100|[from] item: Leftovers
|upkeep
|turn|37
|
|t:|1659309821
|move|p1a: Sylveon|Protect|p1a: Sylveon
|-singleturn|p1a: Sylveon|Protect
|move|p2a: Chandelure|Shadow Ball|p1a: Sylveon
|-activate|p1a: Sylveon|move: Protect
|
|-heal|p1a: Sylveon|53/100|[from] item: Leftovers
|upkeep
|turn|38
|
|t:|1659309829
|move|p2a: Chandelure|Shadow Ball|p1a: Sylveon
|-damage|p1a: Sylveon|5/100
|move|p1a: Sylveon|Wish|p1a: Sylveon
|
|-heal|p1a: Sylveon|11/100|[from] item: Leftovers
|upkeep
|turn|39
|
|t:|1659309839
|move|p1a: Sylveon|Protect|p1a: Sylveon
|-singleturn|p1a: Sylveon|Protect
|move|p2a: Chandelure|Shadow Ball|p1a: Sylveon
|-activate|p1a: Sylveon|move: Protect
|
|-heal|p1a: Sylveon|61/100|[from] move: Wish|[wisher] Sylveon
|-heal|p1a: Sylveon|67/100|[from] item: Leftovers
|upkeep
|turn|40
|
|t:|1659309848
|switch|p2a: Nidoqueen|Nidoqueen, F|74/100
|move|p1a: Sylveon|Hyper Voice|p2a: Nidoqueen
|-resisted|p2a: Nidoqueen
|-damage|p2a: Nidoqueen|55/100
|
|-heal|p2a: Nidoqueen|61/100|[from] item: Black Sludge
|-heal|p1a: Sylveon|73/100|[from] item: Leftovers
|upkeep
|turn|41
|
|t:|1659309860
|move|p1a: Sylveon|Protect|p1a: Sylveon
|-singleturn|p1a: Sylveon|Protect
|move|p2a: Nidoqueen|Sludge Wave|p1a: Sylveon
|-activate|p1a: Sylveon|move: Protect
|
|-heal|p2a: Nidoqueen|68/100|[from] item: Black Sludge
|-heal|p1a: Sylveon|79/100|[from] item: Leftovers
|upkeep
|turn|42
|
|t:|1659309868
|switch|p1a: Crobat|Crobat, F, shiny|71/100
|move|p2a: Nidoqueen|Earth Power|p1a: Crobat
|-immune|p1a: Crobat
|
|-heal|p2a: Nidoqueen|74/100|[from] item: Black Sludge
|upkeep
|turn|43
|j| Belindas Dad
|
|t:|1659309875
|move|p1a: Crobat|Defog|p2a: Nidoqueen
|-unboost|p2a: Nidoqueen|evasion|1
|-sideend|p1: zeeLitium|Stealth Rock|[from] move: Defog|[of] p1a: Crobat
|move|p2a: Nidoqueen|Ice Beam|p1a: Crobat
|-supereffective|p1a: Crobat
|-damage|p1a: Crobat|13/100
|
|-heal|p2a: Nidoqueen|80/100|[from] item: Black Sludge
|upkeep
|turn|44
|l| Belindas Dad
|
|t:|1659309885
|move|p1a: Crobat|Roost|p1a: Crobat
|-heal|p1a: Crobat|63/100
|-singleturn|p1a: Crobat|move: Roost
|move|p2a: Nidoqueen|Stealth Rock|p1a: Crobat
|-sidestart|p1: zeeLitium|move: Stealth Rock
|
|-heal|p2a: Nidoqueen|86/100|[from] item: Black Sludge
|upkeep
|turn|45
|
|t:|1659309895
|move|p1a: Crobat|Defog|p2a: Nidoqueen
|-unboost|p2a: Nidoqueen|evasion|1
|-sideend|p1: zeeLitium|Stealth Rock|[from] move: Defog|[of] p1a: Crobat
|move|p2a: Nidoqueen|Ice Beam|p1a: Crobat
|-supereffective|p1a: Crobat
|-damage|p1a: Crobat|6/100
|
|-heal|p2a: Nidoqueen|93/100|[from] item: Black Sludge
|upkeep
|turn|46
|
|t:|1659309905
|move|p1a: Crobat|Roost|p1a: Crobat
|-heal|p1a: Crobat|56/100
|-singleturn|p1a: Crobat|move: Roost
|move|p2a: Nidoqueen|Earth Power|p1a: Crobat
|-supereffective|p1a: Crobat
|-damage|p1a: Crobat|0 fnt
|faint|p1a: Crobat
|
|-heal|p2a: Nidoqueen|99/100|[from] item: Black Sludge
|upkeep
|
|t:|1659309912
|switch|p1a: Metagross|Metagross|71/100
|turn|47
|
|t:|1659309920
|switch|p2a: Milotic|Milotic, F|100/100
|move|p1a: Metagross|Earthquake|p2a: Milotic
|-damage|p2a: Milotic|75/100
|
|-heal|p1a: Metagross|77/100|[from] item: Leftovers
|upkeep
|turn|48
|
|t:|1659309928
|move|p1a: Metagross|Toxic|p2a: Milotic
|-status|p2a: Milotic|tox
|move|p2a: Milotic|Scald|p1a: Metagross
|-damage|p1a: Metagross|52/100
|
|-heal|p1a: Metagross|58/100|[from] item: Leftovers
|-damage|p2a: Milotic|69/100 tox|[from] psn
|upkeep
|turn|49
|
|t:|1659309936
|move|p1a: Metagross|Stealth Rock|p2a: Milotic
|-sidestart|p2: Ambidexx|move: Stealth Rock
|move|p2a: Milotic|Scald|p1a: Metagross
|-damage|p1a: Metagross|30/100
|
|-heal|p1a: Metagross|36/100|[from] item: Leftovers
|-damage|p2a: Milotic|57/100 tox|[from] psn
|upkeep
|turn|50
|
|t:|1659309945
|switch|p1a: Sylveon|Sylveon, M|79/100
|move|p2a: Milotic|Flip Turn|p1a: Sylveon
|-damage|p1a: Sylveon|67/100
|
|t:|1659309951
|switch|p2a: Nidoqueen|Nidoqueen, F|99/100|[from]move: Flip Turn
|-damage|p2a: Nidoqueen|93/100|[from] Stealth Rock
|
|-heal|p2a: Nidoqueen|99/100|[from] item: Black Sludge
|-heal|p1a: Sylveon|73/100|[from] item: Leftovers
|upkeep
|turn|51
|
|t:|1659309962
|move|p1a: Sylveon|Protect|p1a: Sylveon
|-singleturn|p1a: Sylveon|Protect
|move|p2a: Nidoqueen|Stealth Rock|p1a: Sylveon
|-sidestart|p1: zeeLitium|move: Stealth Rock
|
|-heal|p2a: Nidoqueen|100/100|[from] item: Black Sludge
|-heal|p1a: Sylveon|79/100|[from] item: Leftovers
|upkeep
|turn|52
|
|t:|1659309973
|move|p2a: Nidoqueen|Earth Power|p1a: Sylveon
|-damage|p1a: Sylveon|50/100
|move|p1a: Sylveon|Wish|p1a: Sylveon
|
|-heal|p1a: Sylveon|56/100|[from] item: Leftovers
|upkeep
|turn|53
|
|t:|1659309985
|move|p1a: Sylveon|Protect|p1a: Sylveon
|-singleturn|p1a: Sylveon|Protect
|move|p2a: Nidoqueen|Earth Power|p1a: Sylveon
|-activate|p1a: Sylveon|move: Protect
|
|-heal|p1a: Sylveon|100/100|[from] move: Wish|[wisher] Sylveon
|upkeep
|turn|54
|
|t:|1659309993
|move|p2a: Nidoqueen|Earth Power|p1a: Sylveon
|-damage|p1a: Sylveon|73/100
|move|p1a: Sylveon|Hyper Voice|p2a: Nidoqueen
|-resisted|p2a: Nidoqueen
|-damage|p2a: Nidoqueen|79/100
|
|-heal|p2a: Nidoqueen|86/100|[from] item: Black Sludge
|-heal|p1a: Sylveon|79/100|[from] item: Leftovers
|upkeep
|turn|55
|
|t:|1659310002
|move|p2a: Nidoqueen|Sludge Wave|p1a: Sylveon
|-supereffective|p1a: Sylveon
|-damage|p1a: Sylveon|13/100
|move|p1a: Sylveon|Wish|p1a: Sylveon
|
|-heal|p2a: Nidoqueen|92/100|[from] item: Black Sludge
|-heal|p1a: Sylveon|20/100|[from] item: Leftovers
|upkeep
|turn|56
|j| Paroo
|
|t:|1659310014
|move|p1a: Sylveon|Protect|p1a: Sylveon
|-singleturn|p1a: Sylveon|Protect
|move|p2a: Nidoqueen|Earth Power|p1a: Sylveon
|-activate|p1a: Sylveon|move: Protect
|
|-heal|p1a: Sylveon|70/100|[from] move: Wish|[wisher] Sylveon
|-heal|p2a: Nidoqueen|98/100|[from] item: Black Sludge
|-heal|p1a: Sylveon|76/100|[from] item: Leftovers
|upkeep
|turn|57
|
|t:|1659310024
|move|p2a: Nidoqueen|Sludge Wave|p1a: Sylveon
|-supereffective|p1a: Sylveon
|-damage|p1a: Sylveon|18/100
|move|p1a: Sylveon|Wish|p1a: Sylveon
|
|-heal|p2a: Nidoqueen|100/100|[from] item: Black Sludge
|-heal|p1a: Sylveon|24/100|[from] item: Leftovers
|upkeep
|turn|58
|
|t:|1659310031
|move|p1a: Sylveon|Protect|p1a: Sylveon
|-singleturn|p1a: Sylveon|Protect
|move|p2a: Nidoqueen|Earth Power|p1a: Sylveon
|-activate|p1a: Sylveon|move: Protect
|
|-heal|p1a: Sylveon|74/100|[from] move: Wish|[wisher] Sylveon
|-heal|p1a: Sylveon|80/100|[from] item: Leftovers
|upkeep
|turn|59
|
|t:|1659310041
|move|p2a: Nidoqueen|Sludge Wave|p1a: Sylveon
|-supereffective|p1a: Sylveon
|-damage|p1a: Sylveon|23/100
|move|p1a: Sylveon|Wish|p1a: Sylveon
|
|-heal|p1a: Sylveon|29/100|[from] item: Leftovers
|upkeep
|turn|60
|
|t:|1659310049
|move|p1a: Sylveon|Protect|p1a: Sylveon
|-singleturn|p1a: Sylveon|Protect
|move|p2a: Nidoqueen|Earth Power|p1a: Sylveon
|-activate|p1a: Sylveon|move: Protect
|
|-heal|p1a: Sylveon|79/100|[from] move: Wish|[wisher] Sylveon
|-heal|p1a: Sylveon|85/100|[from] item: Leftovers
|upkeep
|turn|61
|
|t:|1659310058
|move|p2a: Nidoqueen|Sludge Wave|p1a: Sylveon
|-supereffective|p1a: Sylveon
|-damage|p1a: Sylveon|18/100
|move|p1a: Sylveon|Wish|p1a: Sylveon
|
|-heal|p1a: Sylveon|24/100|[from] item: Leftovers
|upkeep
|turn|62
|
|t:|1659310067
|move|p1a: Sylveon|Protect|p1a: Sylveon
|-singleturn|p1a: Sylveon|Protect
|move|p2a: Nidoqueen|Ice Beam|p1a: Sylveon
|-activate|p1a: Sylveon|move: Protect
|
|-heal|p1a: Sylveon|74/100|[from] move: Wish|[wisher] Sylveon
|-heal|p1a: Sylveon|80/100|[from] item: Leftovers
|upkeep
|turn|63
|
|t:|1659310080
|move|p2a: Nidoqueen|Sludge Wave|p1a: Sylveon
|-supereffective|p1a: Sylveon
|-damage|p1a: Sylveon|18/100
|move|p1a: Sylveon|Wish|p1a: Sylveon
|
|-heal|p1a: Sylveon|24/100|[from] item: Leftovers
|upkeep
|turn|64
|
|t:|1659310087
|move|p1a: Sylveon|Protect|p1a: Sylveon
|-singleturn|p1a: Sylveon|Protect
|move|p2a: Nidoqueen|Earth Power|p1a: Sylveon
|-activate|p1a: Sylveon|move: Protect
|
|-heal|p1a: Sylveon|74/100|[from] move: Wish|[wisher] Sylveon
|-heal|p1a: Sylveon|80/100|[from] item: Leftovers
|upkeep
|turn|65
|
|t:|1659310097
|move|p2a: Nidoqueen|Sludge Wave|p1a: Sylveon
|-supereffective|p1a: Sylveon
|-damage|p1a: Sylveon|21/100
|move|p1a: Sylveon|Wish|p1a: Sylveon
|
|-heal|p1a: Sylveon|27/100|[from] item: Leftovers
|upkeep
|turn|66
|
|t:|1659310104
|move|p1a: Sylveon|Protect|p1a: Sylveon
|-singleturn|p1a: Sylveon|Protect
|move|p2a: Nidoqueen|Earth Power|p1a: Sylveon
|-activate|p1a: Sylveon|move: Protect
|
|-heal|p1a: Sylveon|77/100|[from] move: Wish|[wisher] Sylveon
|-heal|p1a: Sylveon|83/100|[from] item: Leftovers
|upkeep
|turn|67
|
|t:|1659310112
|move|p2a: Nidoqueen|Sludge Wave|p1a: Sylveon
|-supereffective|p1a: Sylveon
|-damage|p1a: Sylveon|18/100
|move|p1a: Sylveon|Wish|p1a: Sylveon
|
|-heal|p1a: Sylveon|24/100|[from] item: Leftovers
|upkeep
|turn|68
|
|t:|1659310118
|move|p1a: Sylveon|Protect|p1a: Sylveon
|-singleturn|p1a: Sylveon|Protect
|move|p2a: Nidoqueen|Ice Beam|p1a: Sylveon
|-activate|p1a: Sylveon|move: Protect
|
|-heal|p1a: Sylveon|74/100|[from] move: Wish|[wisher] Sylveon
|-heal|p1a: Sylveon|80/100|[from] item: Leftovers
|upkeep
|turn|69
|
|t:|1659310130
|move|p2a: Nidoqueen|Sludge Wave|p1a: Sylveon
|-supereffective|p1a: Sylveon
|-damage|p1a: Sylveon|19/100
|move|p1a: Sylveon|Wish|p1a: Sylveon
|
|-heal|p1a: Sylveon|25/100|[from] item: Leftovers
|upkeep
|turn|70
|
|t:|1659310138
|move|p1a: Sylveon|Protect|p1a: Sylveon
|-singleturn|p1a: Sylveon|Protect
|move|p2a: Nidoqueen|Ice Beam|p1a: Sylveon
|-activate|p1a: Sylveon|move: Protect
|
|-heal|p1a: Sylveon|75/100|[from] move: Wish|[wisher] Sylveon
|-heal|p1a: Sylveon|81/100|[from] item: Leftovers
|upkeep
|turn|71
|
|t:|1659310154
|switch|p1a: Metagross|Metagross|36/100
|-damage|p1a: Metagross|30/100|[from] Stealth Rock
|move|p2a: Nidoqueen|Sludge Wave|p1a: Metagross
|-immune|p1a: Metagross
|
|-heal|p1a: Metagross|36/100|[from] item: Leftovers
|upkeep
|turn|72
|
|t:|1659310169
|switch|p1a: Sylveon|Sylveon, M|81/100
|-damage|p1a: Sylveon|69/100|[from] Stealth Rock
|move|p2a: Nidoqueen|Earth Power|p1a: Sylveon
|-damage|p1a: Sylveon|37/100
|
|-heal|p1a: Sylveon|43/100|[from] item: Leftovers
|upkeep
|turn|73
|
|t:|1659310182
|move|p1a: Sylveon|Protect|p1a: Sylveon
|-singleturn|p1a: Sylveon|Protect
|move|p2a: Nidoqueen|Ice Beam|p1a: Sylveon
|-activate|p1a: Sylveon|move: Protect
|
|-heal|p1a: Sylveon|49/100|[from] item: Leftovers
|upkeep
|turn|74
|
|t:|1659310195
|switch|p1a: Metagross|Metagross|36/100
|-damage|p1a: Metagross|30/100|[from] Stealth Rock
|move|p2a: Nidoqueen|Sludge Wave|p1a: Metagross
|-immune|p1a: Metagross
|
|-heal|p1a: Metagross|36/100|[from] item: Leftovers
|upkeep
|turn|75
|
|t:|1659310203
|move|p1a: Metagross|Earthquake|p2a: Nidoqueen
|-supereffective|p2a: Nidoqueen
|-damage|p2a: Nidoqueen|33/100
|move|p2a: Nidoqueen|Earth Power|p1a: Metagross
|-supereffective|p1a: Metagross
|-damage|p1a: Metagross|0 fnt
|faint|p1a: Metagross
|
|-heal|p2a: Nidoqueen|39/100|[from] item: Black Sludge
|upkeep
|
|t:|1659310211
|switch|p1a: Gastrodon|Gastrodon, F|69/100
|-damage|p1a: Gastrodon|62/100|[from] Stealth Rock
|turn|76
|
|t:|1659310231
|switch|p2a: Chandelure|Chandelure, M|20/100
|-damage|p2a: Chandelure|0 fnt|[from] Stealth Rock
|faint|p2a: Chandelure
|move|p1a: Gastrodon|Earth Power|p2: Chandelure|[notarget]
|-fail|p1a: Gastrodon
|
|-heal|p1a: Gastrodon|69/100|[from] item: Leftovers
|upkeep
|
|t:|1659310238
|switch|p2a: Milotic|Milotic, F|57/100 tox
|-damage|p2a: Milotic|45/100 tox|[from] Stealth Rock
|turn|77
|
|t:|1659310244
|switch|p1a: Sylveon|Sylveon, M|49/100
|-damage|p1a: Sylveon|37/100|[from] Stealth Rock
|move|p2a: Milotic|Recover|p2a: Milotic
|-heal|p2a: Milotic|95/100 tox
|
|-heal|p1a: Sylveon|43/100|[from] item: Leftovers
|-damage|p2a: Milotic|89/100 tox|[from] psn
|upkeep
|turn|78
|
|t:|1659310255
|move|p2a: Milotic|Flip Turn|p1a: Sylveon
|-damage|p1a: Sylveon|32/100
|
|t:|1659310258
|switch|p2a: Nidoqueen|Nidoqueen, F|39/100|[from]move: Flip Turn
|-damage|p2a: Nidoqueen|33/100|[from] Stealth Rock
|move|p1a: Sylveon|Wish|p1a: Sylveon
|
|-heal|p2a: Nidoqueen|39/100|[from] item: Black Sludge
|-heal|p1a: Sylveon|38/100|[from] item: Leftovers
|upkeep
|turn|79
|
|t:|1659310269
|switch|p1a: Gastrodon|Gastrodon, F|69/100
|-damage|p1a: Gastrodon|62/100|[from] Stealth Rock
|move|p2a: Nidoqueen|Earth Power|p1a: Gastrodon
|-crit|p1a: Gastrodon
|-damage|p1a: Gastrodon|5/100
|
|-heal|p1a: Gastrodon|52/100|[from] move: Wish|[wisher] Sylveon
|-heal|p2a: Nidoqueen|45/100|[from] item: Black Sludge
|-heal|p1a: Gastrodon|58/100|[from] item: Leftovers
|upkeep
|turn|80
|
|t:|1659310284
|switch|p2a: Milotic|Milotic, F|89/100 tox
|-damage|p2a: Milotic|76/100 tox|[from] Stealth Rock
|move|p1a: Gastrodon|Recover|p1a: Gastrodon
|-heal|p1a: Gastrodon|100/100
|
|-damage|p2a: Milotic|70/100 tox|[from] psn
|upkeep
|turn|81
|
|t:|1659310292
|switch|p1a: Sylveon|Sylveon, M|38/100
|-damage|p1a: Sylveon|26/100|[from] Stealth Rock
|move|p2a: Milotic|Scald|p1a: Sylveon
|-damage|p1a: Sylveon|8/100
|-status|p1a: Sylveon|brn
|
|-heal|p1a: Sylveon|14/100 brn|[from] item: Leftovers
|-damage|p2a: Milotic|58/100 tox|[from] psn
|-damage|p1a: Sylveon|8/100 brn|[from] brn
|upkeep
|turn|82
|
|t:|1659310304
|move|p2a: Milotic|Scald|p1a: Sylveon
|-damage|p1a: Sylveon|0 fnt
|faint|p1a: Sylveon
|
|-damage|p2a: Milotic|40/100 tox|[from] psn
|upkeep
|
|t:|1659310308
|switch|p1a: Gastrodon|Gastrodon, F|100/100
|-damage|p1a: Gastrodon|94/100|[from] Stealth Rock
|turn|83
|
|t:|1659310332
|switch|p2a: Golisopod|Golisopod, F|43/100
|move|p1a: Gastrodon|Earth Power|p2a: Golisopod
|-resisted|p2a: Golisopod
|-damage|p2a: Golisopod|28/100
|
|-heal|p1a: Gastrodon|100/100|[from] item: Leftovers
|upkeep
|turn|84
|
|t:|1659310347
|move|p2a: Golisopod|First Impression|p1a: Gastrodon
|-damage|p1a: Gastrodon|65/100
|move|p1a: Gastrodon|Earth Power|p2a: Golisopod
|-resisted|p2a: Golisopod
|-damage|p2a: Golisopod|12/100
|
|-heal|p1a: Gastrodon|71/100|[from] item: Leftovers
|upkeep
|turn|85
|
|t:|1659310362
|move|p2a: Golisopod|Close Combat|p1a: Gastrodon
|-damage|p1a: Gastrodon|39/100
|-unboost|p2a: Golisopod|def|1
|-unboost|p2a: Golisopod|spd|1
|move|p1a: Gastrodon|Recover|p1a: Gastrodon
|-heal|p1a: Gastrodon|89/100
|
|-heal|p1a: Gastrodon|95/100|[from] item: Leftovers
|upkeep
|turn|86
|
|t:|1659310377
|move|p2a: Golisopod|Close Combat|p1a: Gastrodon
|-damage|p1a: Gastrodon|62/100
|-unboost|p2a: Golisopod|def|1
|-unboost|p2a: Golisopod|spd|1
|move|p1a: Gastrodon|Earth Power|p2a: Golisopod
|-resisted|p2a: Golisopod
|-damage|p2a: Golisopod|0 fnt
|faint|p2a: Golisopod
|
|-heal|p1a: Gastrodon|69/100|[from] item: Leftovers
|upkeep
|
|t:|1659310387
|switch|p2a: Milotic|Milotic, F|40/100 tox
|-damage|p2a: Milotic|27/100 tox|[from] Stealth Rock
|turn|87
|
|t:|1659310392
|move|p2a: Milotic|Recover|p2a: Milotic
|-heal|p2a: Milotic|77/100 tox
|move|p1a: Gastrodon|Ice Beam|p2a: Milotic
|-resisted|p2a: Milotic
|-damage|p2a: Milotic|71/100 tox
|
|-heal|p1a: Gastrodon|75/100|[from] item: Leftovers
|-damage|p2a: Milotic|65/100 tox|[from] psn
|upkeep
|turn|88
|
|t:|1659310401
|move|p2a: Milotic|Scald|p1a: Gastrodon
|-damage|p1a: Gastrodon|50/100
|-status|p1a: Gastrodon|brn
|move|p1a: Gastrodon|Ice Beam|p2a: Milotic
|-resisted|p2a: Milotic
|-damage|p2a: Milotic|58/100 tox
|
|-heal|p1a: Gastrodon|57/100 brn|[from] item: Leftovers
|-damage|p2a: Milotic|45/100 tox|[from] psn
|-damage|p1a: Gastrodon|50/100 brn|[from] brn
|upkeep
|turn|89
|
|t:|1659310412
|move|p2a: Milotic|Flip Turn|p1a: Gastrodon
|-damage|p1a: Gastrodon|40/100 brn
|
|t:|1659310415
|switch|p2a: Snorlax|Snorlax, F|56/100|[from]move: Flip Turn
|-damage|p2a: Snorlax|43/100|[from] Stealth Rock
|move|p1a: Gastrodon|Ice Beam|p2a: Snorlax
|-damage|p2a: Snorlax|34/100
|
|-heal|p1a: Gastrodon|46/100 brn|[from] item: Leftovers
|-damage|p1a: Gastrodon|40/100 brn|[from] brn
|upkeep
|turn|90
|
|t:|1659310426
|move|p1a: Gastrodon|Earth Power|p2a: Snorlax
|-damage|p2a: Snorlax|19/100
|move|p2a: Snorlax|Recycle|p2a: Snorlax
|-item|p2a: Snorlax|Aguav Berry|[from] move: Recycle
|-enditem|p2a: Snorlax|Aguav Berry|[eat]
|-heal|p2a: Snorlax|52/100|[from] item: Aguav Berry
|
|-heal|p1a: Gastrodon|46/100 brn|[from] item: Leftovers
|-damage|p1a: Gastrodon|40/100 brn|[from] brn
|upkeep
|turn|91
|
|t:|1659310436
|move|p1a: Gastrodon|Recover|p1a: Gastrodon
|-heal|p1a: Gastrodon|90/100 brn
|move|p2a: Snorlax|Recycle|p2a: Snorlax
|-item|p2a: Snorlax|Aguav Berry|[from] move: Recycle
|
|-heal|p1a: Gastrodon|96/100 brn|[from] item: Leftovers
|-damage|p1a: Gastrodon|90/100 brn|[from] brn
|upkeep
|turn|92
|
|t:|1659310444
|move|p1a: Gastrodon|Ice Beam|p2a: Snorlax
|-crit|p2a: Snorlax
|-damage|p2a: Snorlax|38/100
|-status|p2a: Snorlax|frz
|-enditem|p2a: Snorlax|Aguav Berry|[eat]
|-heal|p2a: Snorlax|71/100 frz|[from] item: Aguav Berry
|cant|p2a: Snorlax|frz
|
|-heal|p1a: Gastrodon|96/100 brn|[from] item: Leftovers
|-damage|p1a: Gastrodon|90/100 brn|[from] brn
|upkeep
|turn|93
|
|t:|1659310455
|move|p1a: Gastrodon|Earth Power|p2a: Snorlax
|-damage|p2a: Snorlax|55/100 frz
|cant|p2a: Snorlax|frz
|
|-heal|p1a: Gastrodon|96/100 brn|[from] item: Leftovers
|-damage|p1a: Gastrodon|90/100 brn|[from] brn
|upkeep
|turn|94
|
|t:|1659310463
|move|p1a: Gastrodon|Earth Power|p2a: Snorlax
|-damage|p2a: Snorlax|41/100 frz
|-unboost|p2a: Snorlax|spd|1
|cant|p2a: Snorlax|frz
|
|-heal|p1a: Gastrodon|96/100 brn|[from] item: Leftovers
|-damage|p1a: Gastrodon|90/100 brn|[from] brn
|upkeep
|turn|95
|
|t:|1659310474
|move|p1a: Gastrodon|Earth Power|p2a: Snorlax
|-damage|p2a: Snorlax|19/100 frz
|cant|p2a: Snorlax|frz
|
|-heal|p1a: Gastrodon|96/100 brn|[from] item: Leftovers
|-damage|p1a: Gastrodon|90/100 brn|[from] brn
|upkeep
|turn|96
|
|t:|1659310481
|move|p1a: Gastrodon|Earth Power|p2a: Snorlax
|-damage|p2a: Snorlax|0 fnt
|faint|p2a: Snorlax
|
|-heal|p1a: Gastrodon|96/100 brn|[from] item: Leftovers
|-damage|p1a: Gastrodon|90/100 brn|[from] brn
|upkeep
|
|t:|1659310489
|switch|p2a: Nidoqueen|Nidoqueen, F|45/100
|-damage|p2a: Nidoqueen|39/100|[from] Stealth Rock
|turn|97
|
|t:|1659310496
|move|p2a: Nidoqueen|Earth Power|p1a: Gastrodon
|-damage|p1a: Gastrodon|48/100 brn
|move|p1a: Gastrodon|Earth Power|p2a: Nidoqueen
|-supereffective|p2a: Nidoqueen
|-damage|p2a: Nidoqueen|0 fnt
|faint|p2a: Nidoqueen
|
|-heal|p1a: Gastrodon|54/100 brn|[from] item: Leftovers
|-damage|p1a: Gastrodon|48/100 brn|[from] brn
|upkeep
|c|☆zeeLitium|gg
|
|t:|1659310506
|switch|p2a: Milotic|Milotic, F|45/100 tox
|-damage|p2a: Milotic|33/100 tox|[from] Stealth Rock
|turn|98
|-message|Ambidexx forfeited.
|
|win|zeeLitium
|raw|zeeLitium's rating: 1248 &rarr; <strong>1286</strong><br />(+38 for winning)
|raw|Ambidexx's rating: 1456 &rarr; <strong>1425</strong><br />(-31 for losing)
|l|☆Ambidexx
|c|☆zeeLitium|i'm sorry for the ha
|c|☆zeeLitium|hax
||Ladder isn't responding, score probably updated but might not have (Request timeout).
