|j|☆thievul is good
|j|☆Laorax I am the
|player|p1|thievul is good|lucas|1350
|player|p2|Laorax I am the|alder|1360
|teamsize|p1|6
|teamsize|p2|6
|gametype|singles
|gen|8
|tier|[Gen 8] RU
|rated|
|clearpoke
|poke|p1|Thievul, F|
|poke|p1|Indeedee-F, F|
|poke|p1|Gigalith, M|
|poke|p1|Silvally-*|
|poke|p1|Gurdurr, M|
|poke|p1|Whimsicott, M|
|poke|p2|Sigilyph, M|
|poke|p2|Pangoro, M|
|poke|p2|Runerigus, F|
|poke|p2|Goodra, M|
|poke|p2|Silvally-*|
|poke|p2|Eldegoss, F|
|rule|Sleep Clause Mod: Limit one foe put to sleep
|rule|Species Clause: Limit one of each Pokémon
|rule|OHKO Clause: OHKO moves are banned
|rule|Evasion Moves Clause: Evasion moves are banned
|rule|Endless Battle Clause: Forcing endless battles is banned
|rule|HP Percentage Mod: HP is shown in percentages
|rule|Dynamax Clause: You cannot dynamax
|teampreview
|
|start
|switch|p1a: Whimsicott|Whimsicott, M|100/100
|switch|p2a: Shug Monkey|Silvally-Water|100/100
|turn|1
|
|switch|p2a: Slick|Goodra, M|100/100
|move|p1a: Whimsicott|Moonblast|p2a: Slick
|-supereffective|p2a: Slick
|-damage|p2a: Slick|33/100
|
|upkeep
|turn|2
|
|move|p2a: Slick|Flamethrower|p1a: Whimsicott
|-supereffective|p1a: Whimsicott
|-damage|p1a: Whimsicott|4/100
|move|p1a: Whimsicott|Moonblast|p2a: Slick
|-supereffective|p2a: Slick
|-damage|p2a: Slick|0 fnt
|faint|p2a: Slick
|
|upkeep
|
|switch|p2a: Ailuropoda|Pangoro, M|100/100
|turn|3
|
|switch|p1a: Indeedee|Indeedee-F, F|100/100
|-fieldstart|move: Psychic Terrain|[from] ability: Psychic Surge|[of] p1a: Indeedee
|move|p2a: Ailuropoda|Bullet Punch|p1a: Indeedee
|-activate|p1a: Indeedee|move: Psychic Terrain
|
|upkeep
|turn|4
|
|switch|p2a: Shug Monkey|Silvally-Water|100/100
|move|p1a: Indeedee|Dazzling Gleam|p2a: Shug Monkey
|-damage|p2a: Shug Monkey|87/100
|
|upkeep
|turn|5
|
|switch|p1a: Silvally|Silvally-Ghost|100/100
|move|p2a: Shug Monkey|Thunder Wave|p1a: Silvally
|-status|p1a: Silvally|par
|
|upkeep
|turn|6
|
|move|p2a: Shug Monkey|Parting Shot|p1a: Silvally
|-unboost|p1a: Silvally|atk|1
|-unboost|p1a: Silvally|spa|1
|
|switch|p2a: Ailuropoda|Pangoro, M|100/100|[from]move: Parting Shot
|move|p1a: Silvally|U-turn|p2a: Ailuropoda
|-damage|p2a: Ailuropoda|84/100
|
|switch|p1a: Whimsicott|Whimsicott, M|4/100|[from]move: U-turn
|
|upkeep
|turn|7
|
|switch|p2a: Pufffffffff|Eldegoss, F|100/100
|move|p1a: Whimsicott|Moonblast|p2a: Pufffffffff
|-damage|p2a: Pufffffffff|66/100
|
|-heal|p2a: Pufffffffff|72/100|[from] item: Leftovers
|-fieldend|move: Psychic Terrain
|upkeep
|turn|8
|
|move|p1a: Whimsicott|U-turn|p2a: Pufffffffff
|-supereffective|p2a: Pufffffffff
|-damage|p2a: Pufffffffff|53/100
|
|switch|p1a: Indeedee|Indeedee-F, F|100/100|[from]move: U-turn
|-fieldstart|move: Psychic Terrain|[from] ability: Psychic Surge|[of] p1a: Indeedee
|move|p2a: Pufffffffff|Giga Drain|p1a: Indeedee
|-damage|p1a: Indeedee|73/100
|-heal|p2a: Pufffffffff|65/100|[from] drain|[of] p1a: Indeedee
|
|-heal|p2a: Pufffffffff|71/100|[from] item: Leftovers
|upkeep
|turn|9
|
|switch|p2a: Ailuropoda|Pangoro, M|84/100
|move|p1a: Indeedee|Mystical Fire|p2a: Ailuropoda
|-damage|p2a: Ailuropoda|55/100
|-unboost|p2a: Ailuropoda|spa|1
|
|upkeep
|turn|10
|
|switch|p1a: Gurdurr|Gurdurr, M|100/100
|move|p2a: Ailuropoda|Darkest Lariat|p1a: Gurdurr
|-resisted|p1a: Gurdurr
|-damage|p1a: Gurdurr|80/100
|
|upkeep
|turn|11
|
|switch|p2a: Mega Unown|Sigilyph, M|100/100
|move|p1a: Gurdurr|Stone Edge|p2a: Mega Unown
|-supereffective|p2a: Mega Unown
|-damage|p2a: Mega Unown|21/100
|
|upkeep
|turn|12
|
|switch|p1a: Gigalith|Gigalith, M|100/100
|-weather|Sandstorm|[from] ability: Sand Stream|[of] p1a: Gigalith
|move|p2a: Mega Unown|Psychic|p1a: Gigalith
|-damage|p1a: Gigalith|71/100
|
|-weather|Sandstorm|[upkeep]
|-heal|p1a: Gigalith|77/100|[from] item: Leftovers
|-fieldend|move: Psychic Terrain
|upkeep
|turn|13
|
|switch|p2a: Rhune|Runerigus, F|100/100
|switch|p1a: Thievul|Thievul, F|100/100
|
|-weather|Sandstorm|[upkeep]
|-damage|p1a: Thievul|94/100|[from] Sandstorm
|upkeep
|turn|14
|
|switch|p1a: Silvally|Silvally-Ghost|100/100 par
|move|p2a: Rhune|Stealth Rock|p1a: Silvally
|-sidestart|p1: thievul is good|move: Stealth Rock
|
|-weather|Sandstorm|[upkeep]
|-damage|p1a: Silvally|94/100 par|[from] Sandstorm
|upkeep
|turn|15
|
|switch|p2a: Ailuropoda|Pangoro, M|55/100
|move|p1a: Silvally|Multi-Attack|p2a: Ailuropoda
|-resisted|p2a: Ailuropoda
|-damage|p2a: Ailuropoda|25/100
|
|-weather|Sandstorm|[upkeep]
|-damage|p2a: Ailuropoda|19/100|[from] Sandstorm
|-damage|p1a: Silvally|88/100 par|[from] Sandstorm
|upkeep
|turn|16
|
|switch|p1a: Gurdurr|Gurdurr, M|80/100
|-damage|p1a: Gurdurr|74/100|[from] Stealth Rock
|move|p2a: Ailuropoda|Close Combat|p1a: Gurdurr
|-damage|p1a: Gurdurr|18/100
|-unboost|p2a: Ailuropoda|def|1
|-unboost|p2a: Ailuropoda|spd|1
|
|-weather|none
|upkeep
|turn|17
|
|move|p1a: Gurdurr|Mach Punch|p2a: Ailuropoda
|-supereffective|p2a: Ailuropoda
|-damage|p2a: Ailuropoda|0 fnt
|faint|p2a: Ailuropoda
|
|upkeep
|
|switch|p2a: Mega Unown|Sigilyph, M|21/100
|turn|18
|
|switch|p1a: Gigalith|Gigalith, M|77/100
|-damage|p1a: Gigalith|65/100|[from] Stealth Rock
|-weather|Sandstorm|[from] ability: Sand Stream|[of] p1a: Gigalith
|move|p2a: Mega Unown|Roost|p2a: Mega Unown
|-heal|p2a: Mega Unown|71/100
|-singleturn|p2a: Mega Unown|move: Roost
|
|-weather|Sandstorm|[upkeep]
|-heal|p1a: Gigalith|71/100|[from] item: Leftovers
|upkeep
|turn|19
|
|switch|p2a: Shug Monkey|Silvally-Water|87/100
|move|p1a: Gigalith|Stealth Rock|p2a: Shug Monkey
|-sidestart|p2: Laorax I am the|move: Stealth Rock
|
|-weather|Sandstorm|[upkeep]
|-damage|p2a: Shug Monkey|81/100|[from] Sandstorm
|-heal|p1a: Gigalith|77/100|[from] item: Leftovers
|upkeep
|turn|20
|
|switch|p1a: Whimsicott|Whimsicott, M|4/100
|-damage|p1a: Whimsicott|0 fnt|[from] Stealth Rock
|faint|p1a: Whimsicott
|move|p2a: Shug Monkey|Multi-Attack|p1: Whimsicott|[notarget]
|-fail|p2a: Shug Monkey
|
|-weather|Sandstorm|[upkeep]
|-damage|p2a: Shug Monkey|75/100|[from] Sandstorm
|upkeep
|
|switch|p1a: Silvally|Silvally-Ghost|88/100 par
|-damage|p1a: Silvally|76/100 par|[from] Stealth Rock
|turn|21
|
|move|p2a: Shug Monkey|Parting Shot|p1a: Silvally
|-unboost|p1a: Silvally|atk|1
|-unboost|p1a: Silvally|spa|1
|
|switch|p2a: Rhune|Runerigus, F|100/100|[from]move: Parting Shot
|-damage|p2a: Rhune|94/100|[from] Stealth Rock
|move|p1a: Silvally|Multi-Attack|p2a: Rhune
|-supereffective|p2a: Rhune
|-damage|p2a: Rhune|43/100
|
|-weather|Sandstorm|[upkeep]
|-damage|p1a: Silvally|70/100 par|[from] Sandstorm
|-heal|p2a: Rhune|49/100|[from] item: Leftovers
|upkeep
|turn|22
|
|cant|p1a: Silvally|par
|move|p2a: Rhune|Toxic Spikes|p1a: Silvally
|-sidestart|p1: thievul is good|move: Toxic Spikes
|
|-weather|none
|-heal|p2a: Rhune|56/100|[from] item: Leftovers
|upkeep
|turn|23
|
|move|p1a: Silvally|Multi-Attack|p2a: Rhune
|-supereffective|p2a: Rhune
|-damage|p2a: Rhune|4/100
|move|p2a: Rhune|Shadow Claw|p1a: Silvally
|-supereffective|p1a: Silvally
|-damage|p1a: Silvally|17/100 par
|
|-heal|p2a: Rhune|10/100|[from] item: Leftovers
|upkeep
|turn|24
|
|move|p1a: Silvally|Multi-Attack|p2a: Rhune
|-supereffective|p2a: Rhune
|-damage|p2a: Rhune|0 fnt
|faint|p2a: Rhune
|
|upkeep
|
|switch|p2a: Mega Unown|Sigilyph, M|71/100
|turn|25
|
|move|p2a: Mega Unown|Psychic|p1a: Silvally
|-damage|p1a: Silvally|0 fnt
|faint|p1a: Silvally
|
|upkeep
|
|switch|p1a: Gigalith|Gigalith, M|77/100
|-damage|p1a: Gigalith|65/100|[from] Stealth Rock
|-status|p1a: Gigalith|psn
|-weather|Sandstorm|[from] ability: Sand Stream|[of] p1a: Gigalith
|turn|26
|
|switch|p2a: Pufffffffff|Eldegoss, F|100/100
|-damage|p2a: Pufffffffff|88/100|[from] Stealth Rock
|move|p1a: Gigalith|Rock Blast|p2a: Pufffffffff
|-damage|p2a: Pufffffffff|77/100
|-damage|p2a: Pufffffffff|67/100
|-damage|p2a: Pufffffffff|57/100
|-damage|p2a: Pufffffffff|46/100
|-damage|p2a: Pufffffffff|37/100
|-hitcount|p2a: Pufffffffff|5
|
|-weather|Sandstorm|[upkeep]
|-damage|p2a: Pufffffffff|30/100|[from] Sandstorm
|-heal|p2a: Pufffffffff|37/100|[from] item: Leftovers
|-heal|p1a: Gigalith|71/100 psn|[from] item: Leftovers
|-damage|p1a: Gigalith|59/100 psn|[from] psn
|upkeep
|turn|27
|
|switch|p1a: Gurdurr|Gurdurr, M|18/100
|-status|p1a: Gurdurr|psn
|-damage|p1a: Gurdurr|12/100 psn|[from] Stealth Rock
|move|p2a: Pufffffffff|Giga Drain|p1a: Gurdurr
|-damage|p1a: Gurdurr|0 fnt
|-heal|p2a: Pufffffffff|43/100|[from] drain|[of] p1a: Gurdurr
|faint|p1a: Gurdurr
|
|-weather|Sandstorm|[upkeep]
|-damage|p2a: Pufffffffff|37/100|[from] Sandstorm
|-heal|p2a: Pufffffffff|43/100|[from] item: Leftovers
|upkeep
|
|switch|p1a: Indeedee|Indeedee-F, F|73/100
|-damage|p1a: Indeedee|61/100|[from] Stealth Rock
|-status|p1a: Indeedee|psn
|-fieldstart|move: Psychic Terrain|[from] ability: Psychic Surge|[of] p1a: Indeedee
|turn|28
|
|move|p1a: Indeedee|Psychic|p2a: Pufffffffff
|-crit|p2a: Pufffffffff
|-damage|p2a: Pufffffffff|0 fnt
|faint|p2a: Pufffffffff
|
|-weather|Sandstorm|[upkeep]
|-damage|p1a: Indeedee|55/100 psn|[from] Sandstorm
|-damage|p1a: Indeedee|42/100 psn|[from] psn
|upkeep
|
|switch|p2a: Mega Unown|Sigilyph, M|71/100
|turn|29
|
|move|p1a: Indeedee|Psychic|p2a: Mega Unown
|-resisted|p2a: Mega Unown
|-damage|p2a: Mega Unown|37/100
|move|p2a: Mega Unown|Air Slash|p1a: Indeedee
|-damage|p1a: Indeedee|0 fnt
|faint|p1a: Indeedee
|
|-weather|Sandstorm|[upkeep]
|upkeep
|
|switch|p1a: Thievul|Thievul, F|94/100
|-damage|p1a: Thievul|82/100|[from] Stealth Rock
|-status|p1a: Thievul|psn
|-enditem|p1a: Thievul|Psychic Seed
|-boost|p1a: Thievul|spd|1|[from] item: Psychic Seed
|turn|30
|
|switch|p2a: Shug Monkey|Silvally-Water|75/100
|-damage|p2a: Shug Monkey|62/100|[from] Stealth Rock
|move|p1a: Thievul|Nasty Plot|p1a: Thievul
|-boost|p1a: Thievul|spa|2
|
|-weather|none
|-damage|p1a: Thievul|70/100 psn|[from] psn
|upkeep
|turn|31
|
|move|p1a: Thievul|Dark Pulse|p2a: Shug Monkey
|-crit|p2a: Shug Monkey
|-damage|p2a: Shug Monkey|0 fnt
|faint|p2a: Shug Monkey
|
|-damage|p1a: Thievul|57/100 psn|[from] psn
|upkeep
|-message|Laorax I am the forfeited.
|
|win|thievul is good
|l|☆Laorax I am the
|raw|thievul is good's rating: 1350 &rarr; <strong>1370</strong><br />(+20 for winning)
|raw|Laorax I am the's rating: 1338 &rarr; <strong>1319</strong><br />(-19 for losing)
