|raw|<div class="broadcast-blue"><strong>This battle is required to be public due to a player having a name starting with 'rult70'.</div>
|j|☆rult70nat
|j|☆hjkhj
|t:|1626448052
|gametype|singles
|player|p1|rult70nat|#nat|1647
|player|p2|hjkhj|infielder|1698
|teamsize|p1|6
|teamsize|p2|6
|gen|8
|tier|[Gen 8] RU
|rated|
|rule|Sleep Clause Mod: Limit one foe put to sleep
|rule|Species Clause: Limit one of each Pokémon
|rule|OHKO Clause: OHKO moves are banned
|rule|Evasion Moves Clause: Evasion moves are banned
|rule|Endless Battle Clause: Forcing endless battles is banned
|rule|HP Percentage Mod: HP is shown in percentages
|rule|Dynamax Clause: You cannot dynamax
|clearpoke
|poke|p1|Xurkitree|
|poke|p1|Necrozma|
|poke|p1|Gardevoir, M|
|poke|p1|Togekiss, F|
|poke|p1|Steelix, F|
|poke|p1|Snorlax, F|
|poke|p2|Quagsire, F|
|poke|p2|Registeel|
|poke|p2|Umbreon, F|
|poke|p2|Weezing, F|
|poke|p2|Necrozma|
|poke|p2|Crobat, M|
|teampreview
|inactive|Battle timer is ON: inactive players will automatically lose when time's up. (requested by hjkhj)
|inactive|rult70nat has 120 seconds left.
|
|t:|1626448102
|start
|switch|p1a: Togekiss|Togekiss, F|100/100
|switch|p2a: Registeel|Registeel|100/100
|turn|1
|
|t:|1626448112
|move|p1a: Togekiss|Trick|p2a: Registeel
|-activate|p1a: Togekiss|move: Trick|[of] p2a: Registeel
|-item|p2a: Registeel|Choice Scarf|[from] move: Trick
|-item|p1a: Togekiss|Leftovers|[from] move: Trick
|move|p2a: Registeel|Stealth Rock|p1a: Togekiss
|-sidestart|p1: rult70nat|move: Stealth Rock
|
|upkeep
|turn|2
|
|t:|1626448119
|switch|p2a: Umbreon|Umbreon, F|100/100
|move|p1a: Togekiss|Defog|p2a: Umbreon
|-unboost|p2a: Umbreon|evasion|1
|-sideend|p1: rult70nat|Stealth Rock|[from] move: Defog|[of] p1a: Togekiss
|
|upkeep
|turn|3
|
|t:|1626448128
|switch|p1a: Steelix|Steelix, F|100/100
|switch|p2a: Registeel|Registeel|100/100
|
|upkeep
|turn|4
|
|t:|1626448138
|move|p2a: Registeel|Stealth Rock|p1a: Steelix
|-sidestart|p1: rult70nat|move: Stealth Rock
|move|p1a: Steelix|Stealth Rock|p2a: Registeel
|-sidestart|p2: hjkhj|move: Stealth Rock
|
|upkeep
|turn|5
|
|t:|1626448147
|switch|p2a: Necrozma|Necrozma|100/100
|-damage|p2a: Necrozma|88/100|[from] Stealth Rock
|move|p1a: Steelix|Earthquake|p2a: Necrozma
|-damage|p2a: Necrozma|64/100
|
|-heal|p2a: Necrozma|71/100|[from] item: Leftovers
|upkeep
|turn|6
|
|t:|1626448157
|switch|p1a: Xurkitree|Xurkitree|100/100
|-damage|p1a: Xurkitree|88/100|[from] Stealth Rock
|move|p2a: Necrozma|Knock Off|p1a: Xurkitree
|-damage|p1a: Xurkitree|52/100
|-enditem|p1a: Xurkitree|Choice Scarf|[from] move: Knock Off|[of] p2a: Necrozma
|
|-heal|p2a: Necrozma|77/100|[from] item: Leftovers
|upkeep
|turn|7
|
|t:|1626448162
|move|p1a: Xurkitree|Volt Switch|p2a: Necrozma
|-damage|p2a: Necrozma|41/100
|
|t:|1626448165
|switch|p1a: Snorlax|Snorlax, F|100/100|[from]move: Volt Switch
|-damage|p1a: Snorlax|88/100|[from] Stealth Rock
|move|p2a: Necrozma|Photon Geyser|p1a: Snorlax
|-damage|p1a: Snorlax|70/100
|
|-heal|p2a: Necrozma|47/100|[from] item: Leftovers
|-heal|p1a: Snorlax|77/100|[from] item: Leftovers
|upkeep
|turn|8
|
|t:|1626448170
|move|p2a: Necrozma|Knock Off|p1a: Snorlax
|-damage|p1a: Snorlax|57/100
|-enditem|p1a: Snorlax|Leftovers|[from] move: Knock Off|[of] p2a: Necrozma
|move|p1a: Snorlax|Block|p2a: Necrozma
|-activate|p2a: Necrozma|trapped
|
|-heal|p2a: Necrozma|53/100|[from] item: Leftovers
|upkeep
|turn|9
|inactive|rult70nat has 120 seconds left.
|
|t:|1626448204
|move|p2a: Necrozma|Knock Off|p1a: Snorlax
|-damage|p1a: Snorlax|45/100
|move|p1a: Snorlax|Curse|p1a: Snorlax
|-unboost|p1a: Snorlax|spe|1
|-boost|p1a: Snorlax|atk|1
|-boost|p1a: Snorlax|def|1
|
|-heal|p2a: Necrozma|59/100|[from] item: Leftovers
|upkeep
|turn|10
|
|t:|1626448207
|move|p2a: Necrozma|Swords Dance|p2a: Necrozma
|-boost|p2a: Necrozma|atk|2
|move|p1a: Snorlax|Rest|p1a: Snorlax
|-status|p1a: Snorlax|slp|[from] move: Rest
|-heal|p1a: Snorlax|100/100 slp|[silent]
|
|-heal|p2a: Necrozma|65/100|[from] item: Leftovers
|upkeep
|turn|11
|
|t:|1626448228
|move|p2a: Necrozma|Swords Dance|p2a: Necrozma
|-boost|p2a: Necrozma|atk|2
|cant|p1a: Snorlax|slp
|
|-heal|p2a: Necrozma|71/100|[from] item: Leftovers
|upkeep
|turn|12
|inactive|rult70nat has 120 seconds left.
|
|t:|1626448247
|move|p2a: Necrozma|Photon Geyser|p1a: Snorlax
|-damage|p1a: Snorlax|48/100 slp
|cant|p1a: Snorlax|slp
|
|-heal|p2a: Necrozma|77/100|[from] item: Leftovers
|upkeep
|turn|13
|
|t:|1626448254
|switch|p1a: Steelix|Steelix, F|100/100
|-damage|p1a: Steelix|97/100|[from] Stealth Rock
|move|p2a: Necrozma|Photon Geyser|p1a: Steelix
|-resisted|p1a: Steelix
|-damage|p1a: Steelix|67/100
|
|-heal|p2a: Necrozma|83/100|[from] item: Leftovers
|-heal|p1a: Steelix|73/100|[from] item: Leftovers
|upkeep
|turn|14
|
|t:|1626448258
|move|p2a: Necrozma|Knock Off|p1a: Steelix
|-damage|p1a: Steelix|33/100
|-enditem|p1a: Steelix|Leftovers|[from] move: Knock Off|[of] p2a: Necrozma
|move|p1a: Steelix|Toxic|p2a: Necrozma
|-status|p2a: Necrozma|tox
|
|-heal|p2a: Necrozma|89/100 tox|[from] item: Leftovers
|-damage|p2a: Necrozma|83/100 tox|[from] psn
|upkeep
|turn|15
|
|t:|1626448264
|move|p2a: Necrozma|Photon Geyser|p1a: Steelix
|-resisted|p1a: Steelix
|-damage|p1a: Steelix|5/100
|move|p1a: Steelix|Gyro Ball|p2a: Necrozma
|-damage|p2a: Necrozma|62/100 tox
|
|-heal|p2a: Necrozma|69/100 tox|[from] item: Leftovers
|-damage|p2a: Necrozma|56/100 tox|[from] psn
|upkeep
|turn|16
|
|t:|1626448292
|move|p2a: Necrozma|Rest|p2a: Necrozma
|-status|p2a: Necrozma|slp|[from] move: Rest
|-heal|p2a: Necrozma|100/100 slp|[silent]
|move|p1a: Steelix|Earthquake|p2a: Necrozma
|-damage|p2a: Necrozma|79/100 slp
|
|-heal|p2a: Necrozma|85/100 slp|[from] item: Leftovers
|upkeep
|turn|17
|
|t:|1626448295
|switch|p1a: Gardevoir|Gardevoir, M|100/100
|-damage|p1a: Gardevoir|88/100|[from] Stealth Rock
|-ability|p1a: Gardevoir|Prism Armor|[from] ability: Trace|[of] p2a: Necrozma
|cant|p2a: Necrozma|slp
|
|-heal|p2a: Necrozma|91/100 slp|[from] item: Leftovers
|upkeep
|turn|18
|inactive|rult70nat has 120 seconds left.
|
|t:|1626448321
|switch|p2a: Registeel|Registeel|100/100
|-damage|p2a: Registeel|94/100|[from] Stealth Rock
|move|p1a: Gardevoir|Moonblast|p2a: Registeel
|-resisted|p2a: Registeel
|-damage|p2a: Registeel|77/100
|
|upkeep
|turn|19
|inactive|rult70nat has 120 seconds left.
|
|t:|1626448352
|switch|p1a: Snorlax|Snorlax, F|48/100 slp
|-damage|p1a: Snorlax|36/100 slp|[from] Stealth Rock
|move|p2a: Registeel|Seismic Toss|p1a: Snorlax
|-damage|p1a: Snorlax|14/100 slp
|
|upkeep
|turn|20
|
|t:|1626448363
|switch|p1a: Togekiss|Togekiss, F|100/100
|-damage|p1a: Togekiss|76/100|[from] Stealth Rock
|move|p2a: Registeel|Seismic Toss|p1a: Togekiss
|-damage|p1a: Togekiss|49/100
|
|-heal|p1a: Togekiss|55/100|[from] item: Leftovers
|upkeep
|turn|21
|
|t:|1626448367
|move|p1a: Togekiss|Roost|p1a: Togekiss
|-heal|p1a: Togekiss|100/100
|-singleturn|p1a: Togekiss|move: Roost
|move|p2a: Registeel|Seismic Toss|p1a: Togekiss
|-damage|p1a: Togekiss|74/100
|
|-heal|p1a: Togekiss|80/100|[from] item: Leftovers
|upkeep
|turn|22
|
|t:|1626448375
|switch|p2a: Umbreon|Umbreon, F|100/100
|move|p1a: Togekiss|Air Slash|p2a: Umbreon
|-damage|p2a: Umbreon|81/100
|
|-heal|p1a: Togekiss|86/100|[from] item: Leftovers
|upkeep
|turn|23
|
|t:|1626448384
|move|p1a: Togekiss|Air Slash|p2a: Umbreon
|-damage|p2a: Umbreon|62/100
|move|p2a: Umbreon|Toxic|p1a: Togekiss
|-status|p1a: Togekiss|tox
|
|-heal|p1a: Togekiss|92/100 tox|[from] item: Leftovers
|-damage|p1a: Togekiss|86/100 tox|[from] psn
|upkeep
|turn|24
|
|t:|1626448388
|move|p1a: Togekiss|Air Slash|p2a: Umbreon
|-damage|p2a: Umbreon|42/100
|move|p2a: Umbreon|Moonlight|p2a: Umbreon
|-heal|p2a: Umbreon|92/100
|
|-heal|p1a: Togekiss|92/100 tox|[from] item: Leftovers
|-damage|p1a: Togekiss|80/100 tox|[from] psn
|upkeep
|turn|25
|
|t:|1626448394
|switch|p1a: Gardevoir|Gardevoir, M|88/100
|-damage|p1a: Gardevoir|76/100|[from] Stealth Rock
|-ability|p1a: Gardevoir|Inner Focus|[from] ability: Trace|[of] p2a: Umbreon
|move|p2a: Umbreon|Foul Play|p1a: Gardevoir
|-damage|p1a: Gardevoir|46/100
|
|upkeep
|turn|26
|
|t:|1626448402
|switch|p2a: Registeel|Registeel|77/100
|-damage|p2a: Registeel|71/100|[from] Stealth Rock
|move|p1a: Gardevoir|Moonblast|p2a: Registeel
|-resisted|p2a: Registeel
|-damage|p2a: Registeel|53/100
|
|upkeep
|turn|27
|
|t:|1626448417
|switch|p1a: Steelix|Steelix, F|5/100
|-damage|p1a: Steelix|2/100|[from] Stealth Rock
|move|p2a: Registeel|Seismic Toss|p1a: Steelix
|-damage|p1a: Steelix|0 fnt
|faint|p1a: Steelix
|
|upkeep
|
|t:|1626448440
|switch|p1a: Necrozma|Necrozma|100/100
|-damage|p1a: Necrozma|88/100|[from] Stealth Rock
|turn|28
|
|t:|1626448450
|switch|p2a: Umbreon|Umbreon, F|92/100
|move|p1a: Necrozma|Dragon Dance|p1a: Necrozma
|-boost|p1a: Necrozma|atk|1
|-boost|p1a: Necrozma|spe|1
|
|upkeep
|turn|29
|
|t:|1626448460
|switch|p1a: Togekiss|Togekiss, F|80/100 tox
|-damage|p1a: Togekiss|55/100 tox|[from] Stealth Rock
|move|p2a: Umbreon|Toxic|p1a: Togekiss
|-fail|p1a: Togekiss|tox
|
|-heal|p1a: Togekiss|61/100 tox|[from] item: Leftovers
|-damage|p1a: Togekiss|55/100 tox|[from] psn
|upkeep
|turn|30
|
|t:|1626448472
|move|p1a: Togekiss|Defog|p2a: Umbreon
|-unboost|p2a: Umbreon|evasion|1
|-sideend|p2: hjkhj|Stealth Rock|[from] move: Defog|[of] p1a: Togekiss
|-sideend|p1: rult70nat|Stealth Rock|[from] move: Defog|[of] p1a: Togekiss
|move|p2a: Umbreon|Foul Play|p1a: Togekiss
|-resisted|p1a: Togekiss
|-damage|p1a: Togekiss|48/100 tox
|
|-heal|p1a: Togekiss|54/100 tox|[from] item: Leftovers
|-damage|p1a: Togekiss|42/100 tox|[from] psn
|upkeep
|turn|31
|
|t:|1626448475
|move|p1a: Togekiss|Roost|p1a: Togekiss
|-heal|p1a: Togekiss|92/100 tox
|-singleturn|p1a: Togekiss|move: Roost
|move|p2a: Umbreon|Heal Bell|p2a: Umbreon
|-activate|p2a: Umbreon|move: Heal Bell
|-curestatus|p2: Necrozma|slp|[msg]
|
|-heal|p1a: Togekiss|98/100 tox|[from] item: Leftovers
|-damage|p1a: Togekiss|80/100 tox|[from] psn
|upkeep
|turn|32
|
|t:|1626448480
|switch|p1a: Xurkitree|Xurkitree|52/100
|move|p2a: Umbreon|Foul Play|p1a: Xurkitree
|-damage|p1a: Xurkitree|18/100
|
|upkeep
|turn|33
|
|t:|1626448485
|move|p1a: Xurkitree|Dazzling Gleam|p2a: Umbreon
|-supereffective|p2a: Umbreon
|-damage|p2a: Umbreon|55/100
|move|p2a: Umbreon|Moonlight|p2a: Umbreon
|-heal|p2a: Umbreon|100/100
|
|upkeep
|turn|34
|
|t:|1626448493
|move|p1a: Xurkitree|Volt Switch|p2a: Umbreon
|-crit|p2a: Umbreon
|-damage|p2a: Umbreon|62/100
|
|t:|1626448498
|switch|p1a: Gardevoir|Gardevoir, M|46/100|[from]move: Volt Switch
|-ability|p1a: Gardevoir|Inner Focus|[from] ability: Trace|[of] p2a: Umbreon
|move|p2a: Umbreon|Foul Play|p1a: Gardevoir
|-damage|p1a: Gardevoir|16/100
|
|upkeep
|turn|35
|inactive|rult70nat has 120 seconds left.
|
|t:|1626448541
|switch|p2a: Necrozma|Necrozma|91/100
|move|p1a: Gardevoir|Psychic|p2a: Necrozma
|-resisted|p2a: Necrozma
|-damage|p2a: Necrozma|61/100
|
|-heal|p2a: Necrozma|67/100|[from] item: Leftovers
|upkeep
|turn|36
|
|t:|1626448554
|switch|p1a: Togekiss|Togekiss, F|80/100 tox
|move|p2a: Necrozma|Knock Off|p1a: Togekiss
|-resisted|p1a: Togekiss
|-damage|p1a: Togekiss|69/100 tox
|-enditem|p1a: Togekiss|Leftovers|[from] move: Knock Off|[of] p2a: Necrozma
|
|-heal|p2a: Necrozma|73/100|[from] item: Leftovers
|-damage|p1a: Togekiss|63/100 tox|[from] psn
|upkeep
|turn|37
|
|t:|1626448569
|move|p1a: Togekiss|Trick|p2a: Necrozma
|-activate|p1a: Togekiss|move: Trick|[of] p2a: Necrozma
|-enditem|p2a: Necrozma|Leftovers|[silent]|[from] move: Trick
|-item|p1a: Togekiss|Leftovers|[from] move: Trick
|move|p2a: Necrozma|Photon Geyser|p1a: Togekiss
|-damage|p1a: Togekiss|32/100 tox
|
|-heal|p1a: Togekiss|38/100 tox|[from] item: Leftovers
|-damage|p1a: Togekiss|25/100 tox|[from] psn
|upkeep
|turn|38
|
|t:|1626448575
|switch|p2a: Umbreon|Umbreon, F|62/100
|move|p1a: Togekiss|Air Slash|p2a: Umbreon|[miss]
|-miss|p1a: Togekiss|p2a: Umbreon
|
|-heal|p1a: Togekiss|32/100 tox|[from] item: Leftovers
|-damage|p1a: Togekiss|13/100 tox|[from] psn
|upkeep
|turn|39
|inactive|rult70nat has 120 seconds left.
|
|t:|1626448583
|switch|p1a: Xurkitree|Xurkitree|18/100
|move|p2a: Umbreon|Moonlight|p2a: Umbreon
|-heal|p2a: Umbreon|100/100
|
|upkeep
|turn|40
|
|t:|1626448589
|move|p1a: Xurkitree|Volt Switch|p2a: Umbreon
|-damage|p2a: Umbreon|74/100
|
|t:|1626448591
|switch|p1a: Togekiss|Togekiss, F|13/100 tox|[from]move: Volt Switch
|move|p2a: Umbreon|Foul Play|p1a: Togekiss
|-resisted|p1a: Togekiss
|-damage|p1a: Togekiss|6/100 tox
|
|-heal|p1a: Togekiss|12/100 tox|[from] item: Leftovers
|-damage|p1a: Togekiss|6/100 tox|[from] psn
|upkeep
|turn|41
|
|t:|1626448598
|move|p1a: Togekiss|Roost|p1a: Togekiss
|-heal|p1a: Togekiss|56/100 tox
|-singleturn|p1a: Togekiss|move: Roost
|move|p2a: Umbreon|Foul Play|p1a: Togekiss
|-resisted|p1a: Togekiss
|-damage|p1a: Togekiss|50/100 tox
|
|-heal|p1a: Togekiss|56/100 tox|[from] item: Leftovers
|-damage|p1a: Togekiss|44/100 tox|[from] psn
|upkeep
|turn|42
|
|t:|1626448605
|move|p1a: Togekiss|Roost|p1a: Togekiss
|-heal|p1a: Togekiss|94/100 tox
|-singleturn|p1a: Togekiss|move: Roost
|move|p2a: Umbreon|Foul Play|p1a: Togekiss
|-resisted|p1a: Togekiss
|-damage|p1a: Togekiss|88/100 tox
|
|-heal|p1a: Togekiss|94/100 tox|[from] item: Leftovers
|-damage|p1a: Togekiss|75/100 tox|[from] psn
|upkeep
|turn|43
|
|t:|1626448611
|move|p1a: Togekiss|Air Slash|p2a: Umbreon
|-damage|p2a: Umbreon|54/100
|move|p2a: Umbreon|Foul Play|p1a: Togekiss
|-resisted|p1a: Togekiss
|-damage|p1a: Togekiss|69/100 tox
|
|-heal|p1a: Togekiss|75/100 tox|[from] item: Leftovers
|-damage|p1a: Togekiss|51/100 tox|[from] psn
|upkeep
|turn|44
|
|t:|1626448613
|switch|p1a: Gardevoir|Gardevoir, M|16/100
|-ability|p1a: Gardevoir|Inner Focus|[from] ability: Trace|[of] p2a: Umbreon
|move|p2a: Umbreon|Foul Play|p1a: Gardevoir
|-damage|p1a: Gardevoir|0 fnt
|faint|p1a: Gardevoir
|
|upkeep
|
|t:|1626448619
|switch|p1a: Necrozma|Necrozma|88/100
|turn|45
|
|t:|1626448623
|move|p1a: Necrozma|X-Scissor|p2a: Umbreon
|-supereffective|p2a: Umbreon
|-damage|p2a: Umbreon|17/100
|move|p2a: Umbreon|Toxic|p1a: Necrozma
|-status|p1a: Necrozma|tox
|-enditem|p1a: Necrozma|Lum Berry|[eat]
|-curestatus|p1a: Necrozma|tox|[msg]
|
|upkeep
|turn|46
|inactive|rult70nat has 120 seconds left.
|
|t:|1626448656
|switch|p2a: Registeel|Registeel|53/100
|move|p1a: Necrozma|X-Scissor|p2a: Registeel
|-resisted|p2a: Registeel
|-damage|p2a: Registeel|45/100
|
|upkeep
|turn|47
|inactive|rult70nat has 120 seconds left.
|
|t:|1626448677
|switch|p1a: Snorlax|Snorlax, F|14/100 slp
|move|p2a: Registeel|Seismic Toss|p1a: Snorlax
|-damage|p1a: Snorlax|0 fnt
|faint|p1a: Snorlax
|
|upkeep
|
|t:|1626448680
|switch|p1a: Necrozma|Necrozma|88/100
|turn|48
|
|t:|1626448686
|move|p1a: Necrozma|Dragon Dance|p1a: Necrozma
|-boost|p1a: Necrozma|atk|1
|-boost|p1a: Necrozma|spe|1
|move|p2a: Registeel|Seismic Toss|p1a: Necrozma
|-damage|p1a: Necrozma|58/100
|
|upkeep
|turn|49
|
|t:|1626448702
|move|p1a: Necrozma|Earthquake|p2a: Registeel
|-supereffective|p2a: Registeel
|-damage|p2a: Registeel|0 fnt
|faint|p2a: Registeel
|
|upkeep
|
|t:|1626448715
|switch|p2a: Quagsire|Quagsire, F|100/100
|turn|50
|
|t:|1626448717
|move|p1a: Necrozma|Photon Geyser|p2a: Quagsire
|-damage|p2a: Quagsire|53/100
|move|p2a: Quagsire|Haze|p2a: Quagsire
|-clearallboost
|
|upkeep
|turn|51
|inactive|rult70nat has 120 seconds left.
|
|t:|1626448755
|move|p1a: Necrozma|Photon Geyser|p2a: Quagsire
|-damage|p2a: Quagsire|21/100
|move|p2a: Quagsire|Recover|p2a: Quagsire
|-heal|p2a: Quagsire|71/100
|
|upkeep
|turn|52
|inactive|rult70nat has 120 seconds left.
|
|t:|1626448775
|switch|p1a: Togekiss|Togekiss, F|51/100 tox
|move|p2a: Quagsire|Recover|p2a: Quagsire
|-heal|p2a: Quagsire|100/100
|
|-heal|p1a: Togekiss|57/100 tox|[from] item: Leftovers
|-damage|p1a: Togekiss|51/100 tox|[from] psn
|upkeep
|turn|53
|
|t:|1626448788
|switch|p2a: Crobat|Crobat, M|100/100
|move|p1a: Togekiss|Air Slash|p2a: Crobat
|-damage|p2a: Crobat|73/100
|
|-heal|p1a: Togekiss|57/100 tox|[from] item: Leftovers
|-damage|p1a: Togekiss|44/100 tox|[from] psn
|upkeep
|turn|54
|
|t:|1626448792
|move|p2a: Crobat|Brave Bird|p1a: Togekiss
|-damage|p1a: Togekiss|10/100 tox
|-damage|p2a: Crobat|61/100|[from] Recoil
|move|p1a: Togekiss|Roost|p1a: Togekiss
|-heal|p1a: Togekiss|60/100 tox
|-singleturn|p1a: Togekiss|move: Roost
|
|-heal|p1a: Togekiss|66/100 tox|[from] item: Leftovers
|-damage|p1a: Togekiss|47/100 tox|[from] psn
|upkeep
|turn|55
|
|t:|1626448798
|move|p2a: Crobat|Roost|p2a: Crobat
|-heal|p2a: Crobat|100/100
|-singleturn|p2a: Crobat|move: Roost
|move|p1a: Togekiss|Air Slash|p2a: Crobat
|-damage|p2a: Crobat|68/100
|
|-heal|p1a: Togekiss|54/100 tox|[from] item: Leftovers
|-damage|p1a: Togekiss|29/100 tox|[from] psn
|upkeep
|turn|56
|
|t:|1626448803
|move|p2a: Crobat|Brave Bird|p1a: Togekiss
|-damage|p1a: Togekiss|0 fnt
|faint|p1a: Togekiss
|-damage|p2a: Crobat|59/100|[from] Recoil
|
|upkeep
|
|t:|1626448804
|switch|p1a: Necrozma|Necrozma|58/100
|turn|57
|
|t:|1626448807
|move|p2a: Crobat|U-turn|p1a: Necrozma
|-supereffective|p1a: Necrozma
|-damage|p1a: Necrozma|34/100
|
|t:|1626448810
|switch|p2a: Quagsire|Quagsire, F|100/100|[from]move: U-turn
|move|p1a: Necrozma|Dragon Dance|p1a: Necrozma
|-boost|p1a: Necrozma|atk|1
|-boost|p1a: Necrozma|spe|1
|
|upkeep
|turn|58
|
|t:|1626448814
|move|p1a: Necrozma|Photon Geyser|p2a: Quagsire
|-damage|p2a: Quagsire|52/100
|move|p2a: Quagsire|Haze|p2a: Quagsire
|-clearallboost
|
|upkeep
|turn|59
|
|t:|1626448817
|move|p1a: Necrozma|Photon Geyser|p2a: Quagsire
|-damage|p2a: Quagsire|19/100
|move|p2a: Quagsire|Recover|p2a: Quagsire
|-heal|p2a: Quagsire|69/100
|
|upkeep
|turn|60
|
|t:|1626448826
|move|p1a: Necrozma|Photon Geyser|p2a: Quagsire
|-damage|p2a: Quagsire|35/100
|move|p2a: Quagsire|Recover|p2a: Quagsire
|-heal|p2a: Quagsire|85/100
|
|upkeep
|turn|61
|c|☆rult70nat|you are bad
|-message|rult70nat forfeited.
|
|win|hjkhj
|l|☆rult70nat
|raw|rult70nat's rating: 1647 &rarr; <strong>1630</strong><br />(-17 for losing)
|raw|hjkhj's rating: 1698 &rarr; <strong>1715</strong><br />(+17 for winning)
||Ladder isn't responding, score probably updated but might not have (Request timeout).
|l|☆hjkhj
|j|☆hjkhj
|player|p2|hjkhj|infielder
|inactive|Battle timer is ON: inactive players will automatically lose when time's up. (requested by hjkhj)
|l|☆hjkhj
|player|p2|
|j| Expulso
|l| Expulso
|j| Guldkatt
|l| Guldkatt
|j| toinha ♫♪
