|j|☆Rakshards
|j|☆Lupus27
|t:|1659155424
|gametype|singles
|player|p1|Rakshards|lucas-gen4pt|1239
|player|p2|Lupus27|tuberf|1362
|teamsize|p1|6
|teamsize|p2|6
|gen|8
|tier|[Gen 8] RU
|rated|
|rule|Sleep Clause Mod: Limit one foe put to sleep
|rule|Species Clause: Limit one of each Pokémon
|rule|OHKO Clause: OHKO moves are banned
|rule|Evasion Moves Clause: Evasion moves are banned
|rule|Endless Battle Clause: Forcing endless battles is banned
|rule|HP Percentage Mod: HP is shown in percentages
|rule|Dynamax Clause: You cannot dynamax
|clearpoke
|poke|p1|Aerodactyl, M|
|poke|p1|Celebi|
|poke|p1|Umbreon, M|
|poke|p1|Heracross, M|
|poke|p1|Flygon, M|
|poke|p1|Milotic, F|
|poke|p2|Weezing-Galar, M|
|poke|p2|Thievul, F|
|poke|p2|Seismitoad, M|
|poke|p2|Porygon2|
|poke|p2|Lucario, M|
|poke|p2|Dhelmise|
|teampreview
|
|t:|1659155438
|start
|switch|p1a: Celebi|Celebi|100/100
|switch|p2a: Seismitoad|Seismitoad, M|100/100
|turn|1
|
|t:|1659155444
|switch|p2a: Weezing|Weezing-Galar, M|100/100
|-fieldstart|move: Misty Terrain|[from] ability: Misty Surge|[of] p2a: Weezing
|move|p1a: Celebi|Nasty Plot|p1a: Celebi
|-boost|p1a: Celebi|spa|2
|
|upkeep
|turn|2
|
|t:|1659155456
|switch|p2a: Dhelmise|Dhelmise|100/100
|move|p1a: Celebi|Psychic|p2a: Dhelmise
|-damage|p2a: Dhelmise|0 fnt
|faint|p2a: Dhelmise
|
|upkeep
|
|t:|1659155473
|switch|p2a: Porygon2|Porygon2|100/100
|-ability|p2a: Porygon2|Natural Cure|[from] ability: Trace|[of] p1a: Celebi
|turn|3
|
|t:|1659155477
|move|p1a: Celebi|Aura Sphere|p2a: Porygon2
|-supereffective|p2a: Porygon2
|-damage|p2a: Porygon2|52/100
|move|p2a: Porygon2|Foul Play|p1a: Celebi
|-supereffective|p1a: Celebi
|-damage|p1a: Celebi|65/100
|
|-heal|p1a: Celebi|72/100|[from] item: Leftovers
|upkeep
|turn|4
|
|t:|1659155485
|switch|p2a: Weezing|Weezing-Galar, M|100/100
|move|p1a: Celebi|Giga Drain|p2a: Weezing
|-resisted|p2a: Weezing
|-damage|p2a: Weezing|50/100
|-heal|p1a: Celebi|96/100|[from] drain|[of] p2a: Weezing
|
|-heal|p1a: Celebi|100/100|[from] item: Leftovers
|upkeep
|turn|5
|
|t:|1659155498
|move|p1a: Celebi|Giga Drain|p2a: Weezing
|-resisted|p2a: Weezing
|-damage|p2a: Weezing|4/100
|move|p2a: Weezing|Flamethrower|p1a: Celebi
|-supereffective|p1a: Celebi
|-damage|p1a: Celebi|67/100
|
|-heal|p1a: Celebi|73/100|[from] item: Leftovers
|upkeep
|turn|6
|
|t:|1659155506
|move|p1a: Celebi|Giga Drain|p2a: Weezing
|-resisted|p2a: Weezing
|-damage|p2a: Weezing|0 fnt
|-heal|p1a: Celebi|75/100|[from] drain|[of] p2a: Weezing
|faint|p2a: Weezing
|
|-heal|p1a: Celebi|81/100|[from] item: Leftovers
|upkeep
|
|t:|1659155507
|switch|p2a: Thievul|Thievul, F|100/100
|-enditem|p2a: Thievul|Misty Seed
|-boost|p2a: Thievul|spd|1|[from] item: Misty Seed
|turn|7
|
|t:|1659155512
|switch|p1a: Umbreon|Umbreon, M|100/100
|move|p2a: Thievul|Dark Pulse|p1a: Umbreon
|-resisted|p1a: Umbreon
|-damage|p1a: Umbreon|89/100
|
|-heal|p1a: Umbreon|95/100|[from] item: Leftovers
|upkeep
|turn|8
|
|t:|1659155519
|switch|p2a: Lucario|Lucario, M|100/100
|move|p1a: Umbreon|Wish|p1a: Umbreon
|
|-heal|p1a: Umbreon|100/100|[from] item: Leftovers
|-fieldend|Misty Terrain
|upkeep
|turn|9
|
|t:|1659155524
|switch|p1a: Heracross|Heracross, M|100/100
|move|p2a: Lucario|Swords Dance|p2a: Lucario
|-boost|p2a: Lucario|atk|2
|
|upkeep
|turn|10
|
|t:|1659155529
|move|p1a: Heracross|Close Combat|p2a: Lucario
|-supereffective|p2a: Lucario
|-damage|p2a: Lucario|0 fnt
|-unboost|p1a: Heracross|def|1
|-unboost|p1a: Heracross|spd|1
|faint|p2a: Lucario
|-ability|p1a: Heracross|Moxie|boost
|-boost|p1a: Heracross|atk|1
|
|upkeep
|
|t:|1659155535
|switch|p2a: Seismitoad|Seismitoad, M|100/100
|turn|11
|
|t:|1659155537
|move|p1a: Heracross|Close Combat|p2a: Seismitoad
|-damage|p2a: Seismitoad|30/100
|-unboost|p1a: Heracross|def|1
|-unboost|p1a: Heracross|spd|1
|move|p2a: Seismitoad|Earthquake|p1a: Heracross
|-resisted|p1a: Heracross
|-damage|p1a: Heracross|51/100
|
|-heal|p2a: Seismitoad|36/100|[from] item: Leftovers
|upkeep
|turn|12
|-message|Lupus27 forfeited.
|
|win|Rakshards
|raw|Rakshards's rating: 1239 &rarr; <strong>1272</strong><br />(+33 for winning)
|raw|Lupus27's rating: 1362 &rarr; <strong>1335</strong><br />(-27 for losing)
|l|☆Lupus27
