|j|☆dfdsfasfas
|j|☆r34r34r34r
|t:|1604367180
|player|p1|dfdsfasfas|psychicf-gen4|1455
|player|p2|r34r34r34r|unknown|1278
|teamsize|p1|6
|teamsize|p2|6
|gametype|singles
|gen|8
|tier|[Gen 8] RU
|rated|
|clearpoke
|poke|p1|Steelix, M|
|poke|p1|Crobat, M|
|poke|p1|Slowking, F|
|poke|p1|Thwackey, M|
|poke|p1|Zygarde-10%|
|poke|p1|Tornadus, M|
|poke|p2|Vanilluxe, F|
|poke|p2|Arctozolt|
|poke|p2|Goodra, M|
|poke|p2|Slowking, F|
|poke|p2|Passimian, F|
|poke|p2|Copperajah, F|
|rule|Sleep Clause Mod: Limit one foe put to sleep
|rule|Species Clause: Limit one of each Pokémon
|rule|OHKO Clause: OHKO moves are banned
|rule|Evasion Moves Clause: Evasion moves are banned
|rule|Endless Battle Clause: Forcing endless battles is banned
|rule|HP Percentage Mod: HP is shown in percentages
|rule|Dynamax Clause: You cannot dynamax
|teampreview
|
|t:|1604367189
|start
|switch|p1a: Steelix|Steelix, M|100/100
|switch|p2a: Vanilluxe|Vanilluxe, F|100/100
|-weather|Hail|[from] ability: Snow Warning|[of] p2a: Vanilluxe
|turn|1
|
|t:|1604367194
|move|p2a: Vanilluxe|Aurora Veil|p2a: Vanilluxe
|-sidestart|p2: r34r34r34r|move: Aurora Veil
|move|p1a: Steelix|Body Press|p2a: Vanilluxe
|-supereffective|p2a: Vanilluxe
|-damage|p2a: Vanilluxe|52/100
|
|-weather|Hail|[upkeep]
|-damage|p1a: Steelix|94/100|[from] Hail
|-heal|p1a: Steelix|100/100|[from] item: Leftovers
|upkeep
|turn|2
|
|t:|1604367202
|move|p2a: Vanilluxe|Blizzard|p1a: Steelix
|-damage|p1a: Steelix|54/100
|move|p1a: Steelix|Stealth Rock|p2a: Vanilluxe
|-sidestart|p2: r34r34r34r|move: Stealth Rock
|
|-weather|Hail|[upkeep]
|-damage|p1a: Steelix|48/100|[from] Hail
|-heal|p1a: Steelix|54/100|[from] item: Leftovers
|upkeep
|turn|3
|
|t:|1604367210
|switch|p1a: Slowking|Slowking, F|100/100
|move|p2a: Vanilluxe|Freeze-Dry|p1a: Slowking
|-supereffective|p1a: Slowking
|-damage|p1a: Slowking|53/100
|
|-weather|Hail|[upkeep]
|-damage|p1a: Slowking|47/100|[from] Hail
|upkeep
|turn|4
|
|t:|1604367218
|switch|p1a: Steelix|Steelix, M|54/100
|move|p2a: Vanilluxe|Freeze-Dry|p1a: Steelix
|-damage|p1a: Steelix|25/100
|
|-weather|Hail|[upkeep]
|-damage|p1a: Steelix|19/100|[from] Hail
|-heal|p1a: Steelix|25/100|[from] item: Leftovers
|upkeep
|turn|5
|
|t:|1604367226
|move|p2a: Vanilluxe|Freeze-Dry|p1a: Steelix
|-damage|p1a: Steelix|0 fnt
|faint|p1a: Steelix
|
|-weather|Hail|[upkeep]
|-sideend|p2: r34r34r34r|move: Aurora Veil
|upkeep
|
|t:|1604367229
|switch|p1a: Zygarde|Zygarde-10%|100/100
|-ability|p1a: Zygarde|Aura Break
|turn|6
|
|t:|1604367234
|switch|p2a: Slowking|Slowking, F|100/100
|move|p1a: Zygarde|Thousand Arrows|p2a: Slowking
|-damage|p2a: Slowking|60/100
|
|-weather|Hail|[upkeep]
|-damage|p1a: Zygarde|94/100|[from] Hail
|-damage|p2a: Slowking|54/100|[from] Hail
|upkeep
|turn|7
|
|t:|1604367241
|switch|p1a: Thwackey|Thwackey, M|100/100
|-fieldstart|move: Grassy Terrain|[from] ability: Grassy Surge|[of] p1a: Thwackey
|move|p2a: Slowking|Future Sight|p1a: Thwackey
|-start|p2a: Slowking|move: Future Sight
|
|-weather|Hail|[upkeep]
|-damage|p1a: Thwackey|94/100|[from] Hail
|-damage|p2a: Slowking|48/100|[from] Hail
|-heal|p1a: Thwackey|100/100|[from] Grassy Terrain
|-heal|p2a: Slowking|54/100|[from] Grassy Terrain
|upkeep
|turn|8
|
|t:|1604367251
|switch|p2a: Goodra|Goodra, M|100/100
|-damage|p2a: Goodra|88/100|[from] Stealth Rock
|move|p1a: Thwackey|U-turn|p2a: Goodra
|-damage|p2a: Goodra|46/100
|
|t:|1604367254
|switch|p1a: Crobat|Crobat, M|100/100|[from]move: U-turn
|
|-weather|none
|-heal|p2a: Goodra|53/100|[from] Grassy Terrain
|upkeep
|turn|9
|
|t:|1604367261
|move|p1a: Crobat|U-turn|p2a: Goodra
|-damage|p2a: Goodra|27/100
|
|t:|1604367262
|switch|p1a: Slowking|Slowking, F|80/100|[from]move: U-turn
|move|p2a: Goodra|Thunderbolt|p1a: Slowking
|-supereffective|p1a: Slowking
|-damage|p1a: Slowking|36/100
|
|-end|p1a: Slowking|move: Future Sight
|-resisted|p1a: Slowking
|-damage|p1a: Slowking|19/100
|-heal|p2a: Goodra|33/100|[from] Grassy Terrain
|-heal|p1a: Slowking|25/100|[from] Grassy Terrain
|upkeep
|turn|10
|
|t:|1604367273
|switch|p1a: Tornadus|Tornadus, M|100/100
|move|p2a: Goodra|Thunderbolt|p1a: Tornadus
|-supereffective|p1a: Tornadus
|-damage|p1a: Tornadus|17/100
|
|-heal|p2a: Goodra|39/100|[from] Grassy Terrain
|upkeep
|turn|11
|
|t:|1604367280
|move|p1a: Tornadus|Knock Off|p2a: Goodra
|-damage|p2a: Goodra|5/100
|-enditem|p2a: Goodra|Assault Vest|[from] move: Knock Off|[of] p1a: Tornadus
|move|p2a: Goodra|Thunderbolt|p1a: Tornadus
|-supereffective|p1a: Tornadus
|-damage|p1a: Tornadus|0 fnt
|faint|p1a: Tornadus
|
|-heal|p2a: Goodra|11/100|[from] Grassy Terrain
|-fieldend|move: Grassy Terrain
|upkeep
|
|t:|1604367286
|switch|p1a: Zygarde|Zygarde-10%|94/100
|-ability|p1a: Zygarde|Aura Break
|turn|12
|
|t:|1604367291
|move|p1a: Zygarde|Thousand Arrows|p2a: Goodra
|-damage|p2a: Goodra|0 fnt
|faint|p2a: Goodra
|
|upkeep
|
|t:|1604367296
|switch|p2a: Vanilluxe|Vanilluxe, F|52/100
|-damage|p2a: Vanilluxe|27/100|[from] Stealth Rock
|-weather|Hail|[from] ability: Snow Warning|[of] p2a: Vanilluxe
|turn|13
|
|t:|1604367301
|move|p1a: Zygarde|Thousand Arrows|p2a: Vanilluxe
|-damage|p2a: Vanilluxe|0 fnt
|faint|p2a: Vanilluxe
|
|-weather|Hail|[upkeep]
|-damage|p1a: Zygarde|88/100|[from] Hail
|upkeep
|
|t:|1604367307
|switch|p2a: Arctozolt|Arctozolt|100/100
|-damage|p2a: Arctozolt|76/100|[from] Stealth Rock
|turn|14
|
|t:|1604367312
|switch|p1a: Slowking|Slowking, F|58/100
|move|p2a: Arctozolt|Freeze-Dry|p1a: Slowking
|-supereffective|p1a: Slowking
|-damage|p1a: Slowking|11/100
|-damage|p2a: Arctozolt|66/100|[from] item: Life Orb
|
|-weather|Hail|[upkeep]
|-damage|p1a: Slowking|5/100|[from] Hail
|upkeep
|turn|15
|
|t:|1604367320
|move|p2a: Arctozolt|Freeze-Dry|p1a: Slowking
|-supereffective|p1a: Slowking
|-damage|p1a: Slowking|0 fnt
|-damage|p2a: Arctozolt|56/100|[from] item: Life Orb
|faint|p1a: Slowking
|
|-weather|Hail|[upkeep]
|upkeep
|
|t:|1604367324
|switch|p1a: Thwackey|Thwackey, M|100/100
|-fieldstart|move: Grassy Terrain|[from] ability: Grassy Surge|[of] p1a: Thwackey
|turn|16
|
|t:|1604367329
|switch|p2a: Copperajah|Copperajah, F|100/100
|-damage|p2a: Copperajah|94/100|[from] Stealth Rock
|move|p1a: Thwackey|Grassy Glide|p2a: Copperajah
|-resisted|p2a: Copperajah
|-damage|p2a: Copperajah|60/100
|
|-weather|Hail|[upkeep]
|-damage|p1a: Thwackey|94/100|[from] Hail
|-damage|p2a: Copperajah|54/100|[from] Hail
|-heal|p1a: Thwackey|100/100|[from] Grassy Terrain
|-heal|p2a: Copperajah|60/100|[from] Grassy Terrain
|upkeep
|turn|17
|
|t:|1604367340
|switch|p1a: Crobat|Crobat, M|100/100
|move|p2a: Copperajah|Heat Crash|p1a: Crobat
|-damage|p1a: Crobat|44/100
|
|-weather|Hail|[upkeep]
|-damage|p1a: Crobat|38/100|[from] Hail
|-damage|p2a: Copperajah|54/100|[from] Hail
|-heal|p2a: Copperajah|60/100|[from] Grassy Terrain
|upkeep
|turn|18
|
|t:|1604367351
|move|p1a: Crobat|U-turn|p2a: Copperajah
|-resisted|p2a: Copperajah
|-damage|p2a: Copperajah|50/100
|
|t:|1604367353
|switch|p1a: Zygarde|Zygarde-10%|88/100|[from]move: U-turn
|-ability|p1a: Zygarde|Aura Break
|move|p2a: Copperajah|Heat Crash|p1a: Zygarde
|-resisted|p1a: Zygarde
|-damage|p1a: Zygarde|47/100
|
|-weather|Hail|[upkeep]
|-damage|p1a: Zygarde|41/100|[from] Hail
|-damage|p2a: Copperajah|44/100|[from] Hail
|-heal|p1a: Zygarde|47/100|[from] Grassy Terrain
|-heal|p2a: Copperajah|50/100|[from] Grassy Terrain
|upkeep
|turn|19
|
|t:|1604367364
|switch|p2a: Slowking|Slowking, F|87/100
|move|p1a: Zygarde|Thousand Arrows|p2a: Slowking
|-damage|p2a: Slowking|47/100
|
|-weather|Hail|[upkeep]
|-damage|p1a: Zygarde|41/100|[from] Hail
|-damage|p2a: Slowking|41/100|[from] Hail
|-heal|p1a: Zygarde|47/100|[from] Grassy Terrain
|-heal|p2a: Slowking|47/100|[from] Grassy Terrain
|upkeep
|turn|20
|
|t:|1604367374
|move|p1a: Zygarde|Thousand Arrows|p2a: Slowking
|-damage|p2a: Slowking|3/100
|move|p2a: Slowking|Future Sight|p1a: Zygarde
|-start|p2a: Slowking|move: Future Sight
|
|-weather|none
|-heal|p1a: Zygarde|53/100|[from] Grassy Terrain
|-heal|p2a: Slowking|9/100|[from] Grassy Terrain
|-fieldend|move: Grassy Terrain
|upkeep
|turn|21
|
|t:|1604367381
|move|p1a: Zygarde|Thousand Arrows|p2a: Slowking
|-damage|p2a: Slowking|0 fnt
|faint|p2a: Slowking
|
|upkeep
|
|t:|1604367386
|switch|p2a: Passimian|Passimian, F|100/100
|-damage|p2a: Passimian|94/100|[from] Stealth Rock
|turn|22
|
|t:|1604367391
|move|p2a: Passimian|Close Combat|p1a: Zygarde
|-damage|p1a: Zygarde|0 fnt
|-unboost|p2a: Passimian|def|1
|-unboost|p2a: Passimian|spd|1
|faint|p1a: Zygarde
|
|-hint|Future Sight did not hit because the target is the user.
|upkeep
|
|t:|1604367395
|switch|p1a: Crobat|Crobat, M|38/100
|turn|23
|
|t:|1604367400
|switch|p2a: Copperajah|Copperajah, F|50/100
|-damage|p2a: Copperajah|44/100|[from] Stealth Rock
|move|p1a: Crobat|U-turn|p2a: Copperajah
|-resisted|p2a: Copperajah
|-damage|p2a: Copperajah|32/100
|
|t:|1604367402
|switch|p1a: Thwackey|Thwackey, M|100/100|[from]move: U-turn
|-fieldstart|move: Grassy Terrain|[from] ability: Grassy Surge|[of] p1a: Thwackey
|
|-heal|p2a: Copperajah|39/100|[from] Grassy Terrain
|upkeep
|turn|24
|
|t:|1604367414
|switch|p2a: Arctozolt|Arctozolt|56/100
|-damage|p2a: Arctozolt|31/100|[from] Stealth Rock
|move|p1a: Thwackey|Wood Hammer|p2a: Arctozolt
|-damage|p2a: Arctozolt|0 fnt
|-damage|p1a: Thwackey|89/100|[from] Recoil
|faint|p2a: Arctozolt
|
|-heal|p1a: Thwackey|95/100|[from] Grassy Terrain
|upkeep
|j| Haliandra
|
|t:|1604367423
|switch|p2a: Passimian|Passimian, F|94/100
|-damage|p2a: Passimian|88/100|[from] Stealth Rock
|turn|25
|
|t:|1604367428
|switch|p1a: Crobat|Crobat, M|38/100
|move|p2a: Passimian|U-turn|p1a: Crobat
|-resisted|p1a: Crobat
|-damage|p1a: Crobat|31/100
|
|t:|1604367433
|switch|p2a: Copperajah|Copperajah, F|39/100|[from]move: U-turn
|-damage|p2a: Copperajah|32/100|[from] Stealth Rock
|
|-heal|p2a: Copperajah|39/100|[from] Grassy Terrain
|upkeep
|turn|26
|
|t:|1604367441
|move|p1a: Crobat|Roost|p1a: Crobat
|-heal|p1a: Crobat|81/100
|-singleturn|p1a: Crobat|move: Roost
|move|p2a: Copperajah|Heavy Slam|p1a: Crobat
|-damage|p1a: Crobat|0 fnt
|faint|p1a: Crobat
|
|-heal|p2a: Copperajah|45/100|[from] Grassy Terrain
|upkeep
|
|t:|1604367443
|switch|p1a: Thwackey|Thwackey, M|95/100
|turn|27
|
|t:|1604367452
|move|p1a: Thwackey|Wood Hammer|p2a: Copperajah
|-resisted|p2a: Copperajah
|-damage|p2a: Copperajah|0 fnt
|-damage|p1a: Thwackey|75/100|[from] Recoil
|faint|p2a: Copperajah
|
|-heal|p1a: Thwackey|81/100|[from] Grassy Terrain
|-fieldend|move: Grassy Terrain
|upkeep
|
|t:|1604367459
|switch|p2a: Passimian|Passimian, F|88/100
|-damage|p2a: Passimian|82/100|[from] Stealth Rock
|turn|28
|
|t:|1604367462
|move|p2a: Passimian|U-turn|p1a: Thwackey
|-supereffective|p1a: Thwackey
|-damage|p1a: Thwackey|10/100
|move|p1a: Thwackey|Wood Hammer|p2a: Passimian
|-damage|p2a: Passimian|2/100
|-damage|p1a: Thwackey|0 fnt|[from] Recoil
|faint|p1a: Thwackey
|
|win|r34r34r34r
|c|☆r34r34r34r|gg wp
|l|☆dfdsfasfas
||Ladder (probably) updated, but score could not be retrieved (Request timeout).
