|j|☆Peed Agon
|j|☆eclecticempiricist
|player|p1|Peed Agon|dawn-gen4pt|1244
|player|p2|eclecticempiricist|1|1327
|teamsize|p1|6
|teamsize|p2|6
|gametype|singles
|gen|8
|tier|[Gen 8] RU
|rated|
|clearpoke
|poke|p1|Steelix, F|
|poke|p1|Snorlax, M|
|poke|p1|Mr. Rime, M|
|poke|p1|Goodra, M|
|poke|p1|Aromatisse, F|
|poke|p1|Hitmonlee, M|
|poke|p2|Salazzle, F|
|poke|p2|Swoobat, F|
|poke|p2|Indeedee-F, F|
|poke|p2|Rotom-Fan|
|poke|p2|Thievul, F|
|poke|p2|Gigalith, M|
|rule|Sleep Clause Mod: Limit one foe put to sleep
|rule|Species Clause: Limit one of each Pokémon
|rule|OHKO Clause: OHKO moves are banned
|rule|Evasion Moves Clause: Evasion moves are banned
|rule|Endless Battle Clause: Forcing endless battles is banned
|rule|HP Percentage Mod: HP is shown in percentages
|rule|Dynamax Clause: You cannot dynamax
|teampreview
|
|start
|switch|p1a: Steelix|Steelix, F|100/100
|switch|p2a: Rotom|Rotom-Fan|100/100
|turn|1
|inactive|Battle timer is ON: inactive players will automatically lose when time's up. (requested by eclecticempiricist)
|
|move|p2a: Rotom|Will-O-Wisp|p1a: Steelix
|-status|p1a: Steelix|brn
|move|p1a: Steelix|Stealth Rock|p2a: Rotom
|-sidestart|p2: eclecticempiricist|move: Stealth Rock
|
|-damage|p1a: Steelix|94/100 brn|[from] brn
|upkeep
|turn|2
|
|move|p2a: Rotom|Defog|p1a: Steelix
|-unboost|p1a: Steelix|evasion|1
|-sideend|p2: eclecticempiricist|Stealth Rock|[from] move: Defog|[of] p2a: Rotom
|move|p1a: Steelix|Dragon Tail|p2a: Rotom
|-damage|p2a: Rotom|94/100
|drag|p2a: Gigalith|Gigalith, M|100/100
|-weather|Sandstorm|[from] ability: Sand Stream|[of] p2a: Gigalith
|
|-weather|Sandstorm|[upkeep]
|-heal|p1a: Steelix|100/100 brn|[from] item: Leftovers
|-damage|p1a: Steelix|94/100 brn|[from] brn
|upkeep
|turn|3
|
|move|p2a: Gigalith|Earthquake|p1a: Steelix
|-supereffective|p1a: Steelix
|-damage|p1a: Steelix|67/100 brn
|move|p1a: Steelix|Body Press|p2a: Gigalith
|-supereffective|p2a: Gigalith
|-damage|p2a: Gigalith|70/100
|
|-weather|Sandstorm|[upkeep]
|-heal|p2a: Gigalith|76/100|[from] item: Leftovers
|-heal|p1a: Steelix|73/100 brn|[from] item: Leftovers
|-damage|p1a: Steelix|67/100 brn|[from] brn
|upkeep
|turn|4
|
|move|p2a: Gigalith|Stealth Rock|p1a: Steelix
|-sidestart|p1: Peed Agon|move: Stealth Rock
|move|p1a: Steelix|Stealth Rock|p2a: Gigalith
|-sidestart|p2: eclecticempiricist|move: Stealth Rock
|
|-weather|Sandstorm|[upkeep]
|-heal|p2a: Gigalith|82/100|[from] item: Leftovers
|-heal|p1a: Steelix|73/100 brn|[from] item: Leftovers
|-damage|p1a: Steelix|67/100 brn|[from] brn
|upkeep
|turn|5
|
|move|p2a: Gigalith|Earthquake|p1a: Steelix
|-supereffective|p1a: Steelix
|-damage|p1a: Steelix|37/100 brn
|move|p1a: Steelix|Body Press|p2a: Gigalith
|-supereffective|p2a: Gigalith
|-damage|p2a: Gigalith|50/100
|
|-weather|Sandstorm|[upkeep]
|-heal|p2a: Gigalith|56/100|[from] item: Leftovers
|-heal|p1a: Steelix|43/100 brn|[from] item: Leftovers
|-damage|p1a: Steelix|37/100 brn|[from] brn
|upkeep
|turn|6
|
|move|p2a: Gigalith|Earthquake|p1a: Steelix
|-supereffective|p1a: Steelix
|-damage|p1a: Steelix|10/100 brn
|move|p1a: Steelix|Body Press|p2a: Gigalith
|-supereffective|p2a: Gigalith
|-damage|p2a: Gigalith|24/100
|
|-weather|none
|-heal|p2a: Gigalith|30/100|[from] item: Leftovers
|-heal|p1a: Steelix|16/100 brn|[from] item: Leftovers
|-damage|p1a: Steelix|10/100 brn|[from] brn
|upkeep
|turn|7
|
|move|p2a: Gigalith|Protect|p2a: Gigalith
|-singleturn|p2a: Gigalith|Protect
|move|p1a: Steelix|Dragon Tail|p2a: Gigalith
|-activate|p2a: Gigalith|move: Protect
|
|-heal|p2a: Gigalith|36/100|[from] item: Leftovers
|-heal|p1a: Steelix|16/100 brn|[from] item: Leftovers
|-damage|p1a: Steelix|10/100 brn|[from] brn
|upkeep
|turn|8
|
|switch|p2a: Indeedee|Indeedee-F, F|100/100
|-damage|p2a: Indeedee|88/100|[from] Stealth Rock
|-fieldstart|move: Psychic Terrain|[from] ability: Psychic Surge|[of] p2a: Indeedee
|move|p1a: Steelix|Dragon Tail|p2a: Indeedee
|-damage|p2a: Indeedee|77/100
|drag|p2a: Gigalith|Gigalith, M|36/100
|-damage|p2a: Gigalith|24/100|[from] Stealth Rock
|-weather|Sandstorm|[from] ability: Sand Stream|[of] p2a: Gigalith
|
|-weather|Sandstorm|[upkeep]
|-heal|p2a: Gigalith|30/100|[from] item: Leftovers
|-heal|p1a: Steelix|16/100 brn|[from] item: Leftovers
|-damage|p1a: Steelix|10/100 brn|[from] brn
|upkeep
|turn|9
|
|move|p2a: Gigalith|Protect|p2a: Gigalith
|-singleturn|p2a: Gigalith|Protect
|move|p1a: Steelix|Dragon Tail|p2a: Gigalith
|-activate|p2a: Gigalith|move: Protect
|
|-weather|Sandstorm|[upkeep]
|-heal|p2a: Gigalith|36/100|[from] item: Leftovers
|-heal|p1a: Steelix|16/100 brn|[from] item: Leftovers
|-damage|p1a: Steelix|10/100 brn|[from] brn
|upkeep
|turn|10
|
|switch|p2a: Rotom|Rotom-Fan|94/100
|move|p1a: Steelix|Dragon Tail|p2a: Rotom
|-damage|p2a: Rotom|88/100
|drag|p2a: Indeedee|Indeedee-F, F|77/100
|-damage|p2a: Indeedee|65/100|[from] Stealth Rock
|
|-weather|Sandstorm|[upkeep]
|-damage|p2a: Indeedee|59/100|[from] Sandstorm
|-heal|p1a: Steelix|16/100 brn|[from] item: Leftovers
|-damage|p1a: Steelix|10/100 brn|[from] brn
|upkeep
|turn|11
|
|move|p2a: Indeedee|Mystical Fire|p1a: Steelix
|-supereffective|p1a: Steelix
|-damage|p1a: Steelix|0 fnt
|faint|p1a: Steelix
|
|-weather|Sandstorm|[upkeep]
|-damage|p2a: Indeedee|53/100|[from] Sandstorm
|upkeep
|inactive|Peed Agon has 120 seconds left.
|
|switch|p1a: Der Goomer|Goodra, M|100/100
|-damage|p1a: Der Goomer|88/100|[from] Stealth Rock
|turn|12
|
|switch|p2a: Rotom|Rotom-Fan|88/100
|move|p1a: Der Goomer|Draco Meteor|p2a: Rotom
|-damage|p2a: Rotom|12/100
|-unboost|p1a: Der Goomer|spa|2
|
|-weather|none
|-fieldend|move: Psychic Terrain
|upkeep
|turn|13
|
|move|p2a: Rotom|Pain Split|p1a: Der Goomer
|-sethp|p1a: Der Goomer|49/100|[from] move: Pain Split|[silent]
|-sethp|p2a: Rotom|61/100|[from] move: Pain Split
|move|p1a: Der Goomer|Thunderbolt|p2a: Rotom
|-damage|p2a: Rotom|45/100
|
|upkeep
|turn|14
|
|switch|p1a: Mr. Rime|Mr. Rime, M|100/100
|move|p2a: Rotom|Defog|p1a: Mr. Rime
|-unboost|p1a: Mr. Rime|evasion|1
|-sideend|p1: Peed Agon|Stealth Rock|[from] move: Defog|[of] p2a: Rotom
|-sideend|p2: eclecticempiricist|Stealth Rock|[from] move: Defog|[of] p2a: Rotom
|
|upkeep
|turn|15
|
|move|p2a: Rotom|Volt Switch|p1a: Mr. Rime
|-damage|p1a: Mr. Rime|69/100
|
|switch|p2a: Gigalith|Gigalith, M|36/100|[from]move: Volt Switch
|-weather|Sandstorm|[from] ability: Sand Stream|[of] p2a: Gigalith
|move|p1a: Mr. Rime|Freeze-Dry|p2a: Gigalith
|-damage|p2a: Gigalith|17/100
|
|-weather|Sandstorm|[upkeep]
|-damage|p1a: Mr. Rime|63/100|[from] Sandstorm
|-heal|p2a: Gigalith|23/100|[from] item: Leftovers
|upkeep
|turn|16
|
|switch|p1a: Aromatisse|Aromatisse, F|100/100
|move|p2a: Gigalith|Protect||[still]
|-fail|p2a: Gigalith
|
|-weather|Sandstorm|[upkeep]
|-damage|p1a: Aromatisse|94/100|[from] Sandstorm
|-heal|p2a: Gigalith|29/100|[from] item: Leftovers
|-heal|p1a: Aromatisse|100/100|[from] item: Leftovers
|upkeep
|turn|17
|
|move|p2a: Gigalith|Stealth Rock|p1a: Aromatisse
|-sidestart|p1: Peed Agon|move: Stealth Rock
|move|p1a: Aromatisse|Toxic|p2a: Gigalith|[miss]
|-miss|p1a: Aromatisse|p2a: Gigalith
|
|-weather|Sandstorm|[upkeep]
|-damage|p1a: Aromatisse|94/100|[from] Sandstorm
|-heal|p2a: Gigalith|35/100|[from] item: Leftovers
|-heal|p1a: Aromatisse|100/100|[from] item: Leftovers
|upkeep
|turn|18
|
|switch|p2a: Salazzle|Salazzle, F|100/100
|move|p1a: Aromatisse|Wish|p1a: Aromatisse
|
|-weather|Sandstorm|[upkeep]
|-damage|p2a: Salazzle|94/100|[from] Sandstorm
|-damage|p1a: Aromatisse|94/100|[from] Sandstorm
|-heal|p1a: Aromatisse|100/100|[from] item: Leftovers
|upkeep
|turn|19
|
|switch|p1a: Der Goomer|Goodra, M|49/100
|-damage|p1a: Der Goomer|37/100|[from] Stealth Rock
|move|p2a: Salazzle|Toxic|p1a: Der Goomer
|-status|p1a: Der Goomer|tox
|
|-weather|none
|-heal|p1a: Der Goomer|90/100 tox|[from] move: Wish|[wisher] Aromatisse
|-damage|p1a: Der Goomer|84/100 tox|[from] psn
|upkeep
|turn|20
|
|move|p2a: Salazzle|Protect|p2a: Salazzle
|-singleturn|p2a: Salazzle|Protect
|move|p1a: Der Goomer|Acid Spray|p2a: Salazzle
|-activate|p2a: Salazzle|move: Protect
|
|-damage|p1a: Der Goomer|72/100 tox|[from] psn
|upkeep
|turn|21
|inactive|eclecticempiricist has 120 seconds left.
|inactive|eclecticempiricist has 90 seconds left.
|
|switch|p2a: Gigalith|Gigalith, M|35/100
|-weather|Sandstorm|[from] ability: Sand Stream|[of] p2a: Gigalith
|move|p1a: Der Goomer|Draco Meteor|p2a: Gigalith
|-damage|p2a: Gigalith|0 fnt
|-unboost|p1a: Der Goomer|spa|2
|faint|p2a: Gigalith
|
|-weather|Sandstorm|[upkeep]
|-damage|p1a: Der Goomer|66/100 tox|[from] Sandstorm
|-damage|p1a: Der Goomer|47/100 tox|[from] psn
|upkeep
|
|switch|p2a: Swoobat|Swoobat, F|100/100
|turn|22
|
|move|p2a: Swoobat|Calm Mind|p2a: Swoobat
|-boost|p2a: Swoobat|spa|2
|-boost|p2a: Swoobat|spd|2
|move|p1a: Der Goomer|Thunderbolt|p2a: Swoobat
|-supereffective|p2a: Swoobat
|-damage|p2a: Swoobat|70/100
|
|-weather|Sandstorm|[upkeep]
|-damage|p2a: Swoobat|64/100|[from] Sandstorm
|-damage|p1a: Der Goomer|41/100 tox|[from] Sandstorm
|-damage|p1a: Der Goomer|17/100 tox|[from] psn
|upkeep
|turn|23
|
|move|p2a: Swoobat|Stored Power|p1a: Der Goomer
|-damage|p1a: Der Goomer|0 fnt
|faint|p1a: Der Goomer
|
|-weather|Sandstorm|[upkeep]
|-damage|p2a: Swoobat|58/100|[from] Sandstorm
|upkeep
|
|switch|p1a: Snorlax|Snorlax, M|100/100
|-damage|p1a: Snorlax|88/100|[from] Stealth Rock
|turn|24
|
|move|p2a: Swoobat|Stored Power|p1a: Snorlax
|-damage|p1a: Snorlax|54/100
|move|p1a: Snorlax|Crunch|p2a: Swoobat
|-supereffective|p2a: Swoobat
|-damage|p2a: Swoobat|0 fnt
|faint|p2a: Swoobat
|
|-weather|Sandstorm|[upkeep]
|-damage|p1a: Snorlax|48/100|[from] Sandstorm
|-heal|p1a: Snorlax|54/100|[from] item: Leftovers
|upkeep
|
|switch|p2a: Indeedee|Indeedee-F, F|53/100
|-fieldstart|move: Psychic Terrain|[from] ability: Psychic Surge|[of] p2a: Indeedee
|turn|25
|
|move|p2a: Indeedee|Trick|p1a: Snorlax
|-activate|p2a: Indeedee|move: Trick|[of] p1a: Snorlax
|-item|p1a: Snorlax|Choice Scarf|[from] move: Trick
|-item|p2a: Indeedee|Leftovers|[from] move: Trick
|move|p1a: Snorlax|Crunch|p2a: Indeedee
|-supereffective|p2a: Indeedee
|-damage|p2a: Indeedee|0 fnt
|faint|p2a: Indeedee
|
|-weather|none
|upkeep
|inactive|eclecticempiricist has 120 seconds left.
|
|switch|p2a: Thievul|Thievul, F|100/100
|-enditem|p2a: Thievul|Psychic Seed
|-boost|p2a: Thievul|spd|1|[from] item: Psychic Seed
|turn|26
|
|switch|p1a: Aromatisse|Aromatisse, F|100/100
|-damage|p1a: Aromatisse|88/100|[from] Stealth Rock
|move|p2a: Thievul|Nasty Plot|p2a: Thievul
|-boost|p2a: Thievul|spa|2
|
|-heal|p1a: Aromatisse|94/100|[from] item: Leftovers
|upkeep
|turn|27
|
|move|p2a: Thievul|Psychic|p1a: Aromatisse
|-damage|p1a: Aromatisse|36/100
|move|p1a: Aromatisse|Moonblast|p2a: Thievul
|-supereffective|p2a: Thievul
|-damage|p2a: Thievul|56/100
|
|-heal|p1a: Aromatisse|43/100|[from] item: Leftovers
|upkeep
|turn|28
|
|move|p1a: Aromatisse|Protect|p1a: Aromatisse
|-singleturn|p1a: Aromatisse|Protect
|move|p2a: Thievul|Psychic|p1a: Aromatisse
|-activate|p1a: Aromatisse|move: Protect
|
|-heal|p1a: Aromatisse|49/100|[from] item: Leftovers
|upkeep
|turn|29
|
|switch|p1a: Mr. Rime|Mr. Rime, M|63/100
|move|p2a: Thievul|Psychic|p1a: Mr. Rime
|-resisted|p1a: Mr. Rime
|-damage|p1a: Mr. Rime|23/100
|
|-fieldend|move: Psychic Terrain
|upkeep
|turn|30
|
|move|p2a: Thievul|Psychic|p1a: Mr. Rime
|-resisted|p1a: Mr. Rime
|-damage|p1a: Mr. Rime|0 fnt
|faint|p1a: Mr. Rime
|
|upkeep
|
|switch|p1a: Aromatisse|Aromatisse, F|49/100
|-damage|p1a: Aromatisse|36/100|[from] Stealth Rock
|turn|31
|
|move|p1a: Aromatisse|Protect|p1a: Aromatisse
|-singleturn|p1a: Aromatisse|Protect
|move|p2a: Thievul|Psychic|p1a: Aromatisse
|-activate|p1a: Aromatisse|move: Protect
|
|-heal|p1a: Aromatisse|43/100|[from] item: Leftovers
|upkeep
|turn|32
|
|move|p2a: Thievul|Psychic|p1a: Aromatisse
|-damage|p1a: Aromatisse|0 fnt
|faint|p1a: Aromatisse
|
|upkeep
|
|switch|p1a: Snorlax|Snorlax, M|54/100
|-damage|p1a: Snorlax|41/100|[from] Stealth Rock
|turn|33
|
|move|p2a: Thievul|Dark Pulse|p1a: Snorlax
|-damage|p1a: Snorlax|7/100
|move|p1a: Snorlax|Body Slam|p2a: Thievul
|-damage|p2a: Thievul|2/100
|
|upkeep
|turn|34
|c|☆Peed Agon|gg
|
|move|p2a: Thievul|Dark Pulse|p1a: Snorlax
|-damage|p1a: Snorlax|0 fnt
|faint|p1a: Snorlax
|
|upkeep
|c|☆eclecticempiricist|gg
|-message|Peed Agon forfeited.
|
|win|eclecticempiricist
|l|☆Peed Agon
|raw|Peed Agon's rating: 1244 &rarr; <strong>1225</strong><br />(-19 for losing)
|raw|eclecticempiricist's rating: 1327 &rarr; <strong>1342</strong><br />(+15 for winning)
