|j|☆ILoveVileplume
|j|☆A Very Gay Girl
|inactive|Battle timer is ON: inactive players will automatically lose when time's up.
|t:|1608145162
|player|p1|ILoveVileplume|aromalady|
|player|p2|A Very Gay Girl|acerola|
|teamsize|p1|6
|teamsize|p2|6
|gametype|singles
|gen|8
|tier|[Gen 8] RU
|rated|Tournament battle
|clearpoke
|poke|p1|Zarude|
|poke|p1|Cobalion|
|poke|p1|Milotic, F|
|poke|p1|Zygarde-10%|
|poke|p1|Weezing-Galar, F|
|poke|p1|Sylveon, F|
|poke|p2|Lucario, F|
|poke|p2|Sylveon, F|
|poke|p2|Zygarde-10%|
|poke|p2|Mantine, M|
|poke|p2|Zarude|
|poke|p2|Entei|
|rule|Sleep Clause Mod: Limit one foe put to sleep
|rule|Species Clause: Limit one of each Pokémon
|rule|OHKO Clause: OHKO moves are banned
|rule|Evasion Moves Clause: Evasion moves are banned
|rule|Endless Battle Clause: Forcing endless battles is banned
|rule|HP Percentage Mod: HP is shown in percentages
|rule|Dynamax Clause: You cannot dynamax
|teampreview
|inactive|A Very Gay Girl also wants the timer to be on.
|
|t:|1608145189
|start
|switch|p1a: Milotic|Milotic, F|100/100
|switch|p2a: Glue Eater|Zarude|100/100
|turn|1
|
|t:|1608145197
|switch|p1a: Weezing|Weezing-Galar, F|100/100
|-ability|p1a: Weezing|Neutralizing Gas
|move|p2a: Glue Eater|U-turn|p1a: Weezing
|-resisted|p1a: Weezing
|-damage|p1a: Weezing|97/100
|-damage|p2a: Glue Eater|84/100|[from] item: Rocky Helmet|[of] p1a: Weezing
|
|t:|1608145209
|switch|p2a: Colgate Dog|Zygarde-10%, shiny|100/100|[from]move: U-turn
|
|upkeep
|turn|2
|
|t:|1608145213
|-ability|p2a: Colgate Dog|Aura Break
|switch|p1a: Milotic|Milotic, F|100/100
|move|p2a: Colgate Dog|Thousand Arrows|p1a: Milotic
|-damage|p1a: Milotic|55/100
|
|-heal|p1a: Milotic|61/100|[from] item: Leftovers
|upkeep
|turn|3
|j| galactest bro !
|
|t:|1608145228
|switch|p2a: William|Mantine, M|100/100
|move|p1a: Milotic|Recover|p1a: Milotic
|-heal|p1a: Milotic|100/100
|
|upkeep
|turn|4
|
|t:|1608145235
|switch|p1a: Zarude|Zarude|100/100
|move|p2a: William|Toxic|p1a: Zarude
|-status|p1a: Zarude|tox
|
|-damage|p1a: Zarude|94/100 tox|[from] psn
|upkeep
|turn|5
|
|t:|1608145247
|switch|p2a: Paula|Sylveon, F|100/100
|move|p1a: Zarude|Power Whip|p2a: Paula
|-damage|p2a: Paula|27/100
|
|-heal|p1a: Zarude|100/100 tox|[from] item: Leftovers
|-damage|p1a: Zarude|88/100 tox|[from] psn
|upkeep
|turn|6
|inactive|A Very Gay Girl has 120 seconds left.
|
|t:|1608145290
|switch|p2a: Renee|Lucario, F|100/100
|move|p1a: Zarude|Darkest Lariat|p2a: Renee
|-resisted|p2a: Renee
|-damage|p2a: Renee|68/100
|-ability|p2a: Renee|Justified|boost
|-boost|p2a: Renee|atk|1
|
|-heal|p1a: Zarude|94/100 tox|[from] item: Leftovers
|-damage|p1a: Zarude|76/100 tox|[from] psn
|upkeep
|turn|7
|inactive|A Very Gay Girl has 120 seconds left.
|
|t:|1608145306
|switch|p1a: Weezing|Weezing-Galar, F|97/100
|-ability|p1a: Weezing|Neutralizing Gas
|move|p2a: Renee|Extreme Speed|p1a: Weezing
|-damage|p1a: Weezing|67/100
|-damage|p2a: Renee|52/100|[from] item: Rocky Helmet|[of] p1a: Weezing
|-damage|p2a: Renee|42/100|[from] item: Life Orb
|
|upkeep
|turn|8
|inactive|A Very Gay Girl has 120 seconds left.
|
|t:|1608145315
|switch|p1a: Milotic|Milotic, F|100/100
|move|p2a: Renee|Meteor Mash|p1a: Milotic
|-resisted|p1a: Milotic
|-damage|p1a: Milotic|72/100
|-damage|p2a: Renee|32/100|[from] item: Life Orb
|
|-heal|p1a: Milotic|78/100|[from] item: Leftovers
|upkeep
|turn|9
|
|t:|1608145323
|move|p2a: Renee|Meteor Mash|p1a: Milotic
|-resisted|p1a: Milotic
|-crit|p1a: Milotic
|-damage|p1a: Milotic|36/100
|-damage|p2a: Renee|22/100|[from] item: Life Orb
|move|p1a: Milotic|Recover|p1a: Milotic
|-heal|p1a: Milotic|86/100
|
|-heal|p1a: Milotic|92/100|[from] item: Leftovers
|upkeep
|turn|10
|j| TestSSRU
|
|t:|1608145332
|move|p2a: Renee|Close Combat|p1a: Milotic
|-damage|p1a: Milotic|13/100
|-unboost|p2a: Renee|def|1
|-unboost|p2a: Renee|spd|1
|-damage|p2a: Renee|12/100|[from] item: Life Orb
|move|p1a: Milotic|Scald|p2a: Renee
|-damage|p2a: Renee|0 fnt
|faint|p2a: Renee
|
|-heal|p1a: Milotic|20/100|[from] item: Leftovers
|upkeep
|inactive|A Very Gay Girl has 120 seconds left.
|
|t:|1608145354
|switch|p2a: Frank|Entei|100/100
|turn|11
|inactive|A Very Gay Girl has 120 seconds left.
|
|t:|1608145370
|switch|p1a: Sylveon|Sylveon, F|100/100
|move|p2a: Frank|Sacred Fire|p1a: Sylveon
|-damage|p1a: Sylveon|12/100
|
|upkeep
|turn|12
|
|t:|1608145376
|move|p2a: Frank|Sacred Fire|p1a: Sylveon
|-damage|p1a: Sylveon|0 fnt
|faint|p1a: Sylveon
|
|upkeep
|
|t:|1608145379
|switch|p1a: Zygarde|Zygarde-10%|100/100
|-ability|p1a: Zygarde|Aura Break
|turn|13
|
|t:|1608145397
|switch|p2a: William|Mantine, M|100/100
|move|p1a: Zygarde|Thousand Arrows|p2a: William
|-damage|p2a: William|38/100
|-start|p2a: William|Smack Down
|
|-heal|p2a: William|45/100|[from] item: Leftovers
|upkeep
|turn|14
|
|t:|1608145406
|switch|p2a: Glue Eater|Zarude|84/100
|move|p1a: Zygarde|Thousand Arrows|p2a: Glue Eater
|-resisted|p2a: Glue Eater
|-damage|p2a: Glue Eater|54/100
|
|upkeep
|turn|15
|
|t:|1608145431
|switch|p2a: Colgate Dog|Zygarde-10%, shiny|100/100
|-ability|p2a: Colgate Dog|Aura Break
|switch|p1a: Weezing|Weezing-Galar, F|67/100
|-ability|p1a: Weezing|Neutralizing Gas
|
|upkeep
|turn|16
|
|t:|1608145438
|-ability|p2a: Colgate Dog|Aura Break
|switch|p1a: Zarude|Zarude|76/100 tox
|move|p2a: Colgate Dog|Thousand Arrows|p1a: Zarude
|-resisted|p1a: Zarude
|-damage|p1a: Zarude|48/100 tox
|
|-heal|p1a: Zarude|55/100 tox|[from] item: Leftovers
|-damage|p1a: Zarude|48/100 tox|[from] psn
|upkeep
|turn|17
|inactive|A Very Gay Girl has 120 seconds left.
|
|t:|1608145484
|switch|p2a: William|Mantine, M|45/100
|switch|p1a: Zygarde|Zygarde-10%|100/100
|-ability|p1a: Zygarde|Aura Break
|
|-heal|p2a: William|51/100|[from] item: Leftovers
|upkeep
|turn|18
|
|t:|1608145492
|move|p1a: Zygarde|Thousand Arrows|p2a: William
|-damage|p2a: William|0 fnt
|faint|p2a: William
|
|upkeep
|
|t:|1608145502
|switch|p2a: Glue Eater|Zarude|54/100
|turn|19
|
|t:|1608145507
|switch|p1a: Weezing|Weezing-Galar, F|67/100
|-ability|p1a: Weezing|Neutralizing Gas
|move|p2a: Glue Eater|Power Whip|p1a: Weezing
|-resisted|p1a: Weezing
|-damage|p1a: Weezing|48/100
|-damage|p2a: Glue Eater|38/100|[from] item: Rocky Helmet|[of] p1a: Weezing
|
|upkeep
|turn|20
|
|t:|1608145521
|switch|p2a: Frank|Entei|100/100
|move|p1a: Weezing|Toxic Spikes|p2a: Frank
|-sidestart|p2: A Very Gay Girl|move: Toxic Spikes
|
|upkeep
|turn|21
|
|t:|1608145529
|switch|p1a: Milotic|Milotic, F|20/100
|move|p2a: Frank|Sacred Fire|p1a: Milotic
|-resisted|p1a: Milotic
|-damage|p1a: Milotic|0 fnt
|faint|p1a: Milotic
|
|upkeep
|
|t:|1608145531
|switch|p1a: Zygarde|Zygarde-10%|100/100
|-ability|p1a: Zygarde|Aura Break
|turn|22
|inactive|A Very Gay Girl has 120 seconds left.
|
|t:|1608145545
|switch|p2a: Glue Eater|Zarude|38/100
|-status|p2a: Glue Eater|psn
|move|p1a: Zygarde|Thousand Arrows|p2a: Glue Eater
|-resisted|p2a: Glue Eater
|-damage|p2a: Glue Eater|11/100 psn
|
|-damage|p2a: Glue Eater|0 fnt|[from] psn
|faint|p2a: Glue Eater
|upkeep
|
|t:|1608145554
|switch|p2a: Colgate Dog|Zygarde-10%, shiny|100/100
|-status|p2a: Colgate Dog|psn
|-ability|p2a: Colgate Dog|Aura Break
|turn|23
|inactive|A Very Gay Girl has 120 seconds left.
|
|t:|1608145572
|switch|p1a: Cobalion|Cobalion|100/100
|move|p2a: Colgate Dog|Thousand Arrows|p1a: Cobalion
|-supereffective|p1a: Cobalion
|-damage|p1a: Cobalion|0 fnt
|faint|p1a: Cobalion
|
|-damage|p2a: Colgate Dog|88/100 psn|[from] psn
|upkeep
|l| galactest bro !
|j| KD9-3.7
|inactive|ILoveVileplume has 120 seconds left.
|j| galactest bro !
|l| KD9-3.7
|
|t:|1608145620
|switch|p1a: Zarude|Zarude|48/100 tox
|turn|24
|
|t:|1608145626
|move|p2a: Colgate Dog|Thousand Arrows|p1a: Zarude
|-resisted|p1a: Zarude
|-damage|p1a: Zarude|20/100 tox
|move|p1a: Zarude|Jungle Healing|p1a: Zarude
|-heal|p1a: Zarude|45/100 tox
|-curestatus|p1a: Zarude|tox|[msg]
|
|-heal|p1a: Zarude|51/100|[from] item: Leftovers
|-damage|p2a: Colgate Dog|76/100 psn|[from] psn
|upkeep
|turn|25
|
|t:|1608145641
|switch|p2a: Frank|Entei|100/100
|-status|p2a: Frank|psn
|move|p1a: Zarude|Darkest Lariat|p2a: Frank
|-damage|p2a: Frank|56/100 psn
|
|-heal|p1a: Zarude|57/100|[from] item: Leftovers
|-damage|p2a: Frank|43/100 psn|[from] psn
|upkeep
|turn|26
|
|t:|1608145663
|switch|p1a: Weezing|Weezing-Galar, F|48/100
|-ability|p1a: Weezing|Neutralizing Gas
|move|p2a: Frank|Sacred Fire|p1a: Weezing
|-damage|p1a: Weezing|0 fnt
|faint|p1a: Weezing
|
|-damage|p2a: Frank|31/100 psn|[from] psn
|upkeep
|inactive|ILoveVileplume has 90 seconds left.
|
|t:|1608145676
|switch|p1a: Zarude|Zarude|57/100
|turn|27
|
|t:|1608145678
|move|p1a: Zarude|Darkest Lariat|p2a: Frank
|-damage|p2a: Frank|0 fnt
|faint|p2a: Frank
|
|-heal|p1a: Zarude|63/100|[from] item: Leftovers
|upkeep
|
|t:|1608145684
|switch|p2a: Colgate Dog|Zygarde-10%, shiny|76/100 psn
|-ability|p2a: Colgate Dog|Aura Break
|turn|28
|
|t:|1608145689
|move|p2a: Colgate Dog|Outrage|p1a: Zarude
|-damage|p1a: Zarude|0 fnt
|faint|p1a: Zarude
|
|-damage|p2a: Colgate Dog|63/100 psn|[from] psn
|upkeep
|
|t:|1608145692
|switch|p1a: Zygarde|Zygarde-10%|100/100
|-ability|p1a: Zygarde|Aura Break
|turn|29
|
|t:|1608145698
|move|p1a: Zygarde|Extreme Speed|p2a: Colgate Dog
|-damage|p2a: Colgate Dog|0 fnt
|faint|p2a: Colgate Dog
|
|upkeep
|
|t:|1608145703
|switch|p2a: Paula|Sylveon, F|27/100
|-status|p2a: Paula|psn
|turn|30
|
|t:|1608145707
|move|p1a: Zygarde|Extreme Speed|p2a: Paula
|-damage|p2a: Paula|0 fnt
|faint|p2a: Paula
|
|win|ILoveVileplume
|n|☆ILoveVileplume|ilovevileplume
|n|☆A Very Gay Girl|averygaygirl
|n| TestSSRU|testssru
|n| galactest bro !|galactestbro
|c|☆A Very Gay Girl|gg wp
|l|☆A Very Gay Girl
|c|☆ILoveVileplume|gg
