|html|<div class="broadcast-blue"><strong>[Gen 8] RU is currently suspecting Zygarde-10%! For information on how to participate check out the <a href="https://www.smogon.com/forums/threads/np-ru-stage-6-i-wanna-be-your-dog-zygarde-10-suspect-test.3679181/#post-8768959">suspect thread</a>.</strong></div>
|j|☆TheIndianPokeTube
|j|☆RUZ9 Floor Man
|t:|1614602795
|player|p1|TheIndianPokeTube|2|1401
|player|p2|RUZ9 Floor Man|unknown|1178
|teamsize|p1|6
|teamsize|p2|6
|gametype|singles
|gen|8
|tier|[Gen 8] RU
|rated|
|clearpoke
|poke|p1|Politoed, M|
|poke|p1|Kingdra, M|
|poke|p1|Seismitoad, M|
|poke|p1|Vikavolt, M|
|poke|p1|Togekiss, M|
|poke|p1|Milotic, F|
|poke|p2|Golisopod, F|
|poke|p2|Zarude-Dada|
|poke|p2|Toxtricity, M|
|poke|p2|Zygarde-10%|
|poke|p2|Togekiss, F|
|poke|p2|Darmanitan, M|
|rule|Sleep Clause Mod: Limit one foe put to sleep
|rule|Species Clause: Limit one of each Pokémon
|rule|OHKO Clause: OHKO moves are banned
|rule|Evasion Moves Clause: Evasion moves are banned
|rule|Endless Battle Clause: Forcing endless battles is banned
|rule|HP Percentage Mod: HP is shown in percentages
|rule|Dynamax Clause: You cannot dynamax
|teampreview
|c|☆RUZ9 Floor Man|hf!
|inactive|Battle timer is ON: inactive players will automatically lose when time's up. (requested by TheIndianPokeTube)
|c|☆TheIndianPokeTube|you too!
|
|t:|1614602807
|start
|switch|p1a: Politoed|Politoed, M|100/100
|switch|p2a: Toxtricity|Toxtricity, M|100/100
|-weather|RainDance|[from] ability: Drizzle|[of] p1a: Politoed
|turn|1
|
|t:|1614602815
|move|p1a: Politoed|Protect|p1a: Politoed
|-singleturn|p1a: Politoed|Protect
|move|p2a: Toxtricity|Boomburst|p1a: Politoed
|-activate|p1a: Politoed|move: Protect
|
|-weather|RainDance|[upkeep]
|upkeep
|turn|2
|
|t:|1614602828
|switch|p1a: Togekiss|Togekiss, M|100/100
|move|p2a: Toxtricity|Boomburst|p1a: Togekiss
|-damage|p1a: Togekiss|40/100
|
|-weather|RainDance|[upkeep]
|upkeep
|turn|3
|
|t:|1614602834
|move|p2a: Toxtricity|Boomburst|p1a: Togekiss
|-damage|p1a: Togekiss|0 fnt
|faint|p1a: Togekiss
|
|-weather|RainDance|[upkeep]
|upkeep
|
|t:|1614602843
|switch|p1a: Seismitoad|Seismitoad, M|100/100
|turn|4
|
|t:|1614602846
|switch|p2a: Golisopod|Golisopod, F|100/100
|move|p1a: Seismitoad|Weather Ball|p2a: Golisopod
|-resisted|p2a: Golisopod
|-damage|p2a: Golisopod|57/100
|-damage|p1a: Seismitoad|91/100|[from] item: Life Orb
|
|-weather|RainDance|[upkeep]
|upkeep
|turn|5
|
|t:|1614602854
|move|p2a: Golisopod|First Impression|p1a: Seismitoad
|-damage|p1a: Seismitoad|31/100
|move|p1a: Seismitoad|Weather Ball|p2a: Golisopod
|-resisted|p2a: Golisopod
|-damage|p2a: Golisopod|10/100
|-activate|p2a: Golisopod|ability: Emergency Exit
|-damage|p1a: Seismitoad|21/100|[from] item: Life Orb
|
|t:|1614602865
|switch|p2a: Zarude|Zarude-Dada|100/100
|
|-weather|RainDance|[upkeep]
|upkeep
|turn|6
|
|t:|1614602870
|move|p1a: Seismitoad|Sludge Wave|p2a: Zarude
|-supereffective|p2a: Zarude
|-damage|p2a: Zarude|24/100
|-damage|p1a: Seismitoad|11/100|[from] item: Life Orb
|move|p2a: Zarude|Darkest Lariat|p1a: Seismitoad
|-damage|p1a: Seismitoad|0 fnt
|faint|p1a: Seismitoad
|
|-weather|RainDance|[upkeep]
|upkeep
|
|t:|1614602876
|switch|p1a: Vikavolt|Vikavolt, M|100/100
|turn|7
|
|t:|1614602881
|switch|p2a: Toxtricity|Toxtricity, M|100/100
|move|p1a: Vikavolt|Thunder|p2a: Toxtricity
|-resisted|p2a: Toxtricity
|-damage|p2a: Toxtricity|55/100
|
|-weather|RainDance|[upkeep]
|upkeep
|turn|8
|
|t:|1614602887
|move|p2a: Toxtricity|Boomburst|p1a: Vikavolt
|-damage|p1a: Vikavolt|0 fnt
|faint|p1a: Vikavolt
|
|-weather|none
|upkeep
|
|t:|1614602895
|switch|p1a: Politoed|Politoed, M|100/100
|-weather|RainDance|[from] ability: Drizzle|[of] p1a: Politoed
|turn|9
|
|t:|1614602899
|move|p2a: Toxtricity|Boomburst|p1a: Politoed
|-damage|p1a: Politoed|23/100
|move|p1a: Politoed|Scald|p2a: Toxtricity
|-damage|p2a: Toxtricity|0 fnt
|faint|p2a: Toxtricity
|
|-weather|RainDance|[upkeep]
|upkeep
|
|t:|1614602912
|switch|p2a: Togekiss|Togekiss, F|100/100
|turn|10
|
|t:|1614602915
|move|p2a: Togekiss|Air Slash|p1a: Politoed
|-damage|p1a: Politoed|0 fnt
|faint|p1a: Politoed
|
|-weather|RainDance|[upkeep]
|upkeep
|
|t:|1614602917
|switch|p1a: Kingdra|Kingdra, M|100/100
|turn|11
|
|t:|1614602921
|move|p1a: Kingdra|Hydro Pump|p2a: Togekiss
|-damage|p2a: Togekiss|12/100
|move|p2a: Togekiss|Thunder Wave|p1a: Kingdra
|-status|p1a: Kingdra|par
|
|-weather|RainDance|[upkeep]
|upkeep
|turn|12
|
|t:|1614602928
|cant|p1a: Kingdra|par
|move|p2a: Togekiss|Air Slash|p1a: Kingdra
|-damage|p1a: Kingdra|66/100 par
|
|-weather|RainDance|[upkeep]
|upkeep
|turn|13
|
|t:|1614602942
|cant|p1a: Kingdra|par
|move|p2a: Togekiss|Air Slash|p1a: Kingdra|[miss]
|-miss|p2a: Togekiss|p1a: Kingdra
|
|-weather|RainDance|[upkeep]
|upkeep
|turn|14
|
|t:|1614602948
|move|p1a: Kingdra|Hydro Pump|p2a: Togekiss|[miss]
|-miss|p1a: Kingdra|p2a: Togekiss
|move|p2a: Togekiss|Air Slash|p1a: Kingdra
|-damage|p1a: Kingdra|29/100 par
|
|-weather|RainDance|[upkeep]
|upkeep
|turn|15
|-message|TheIndianPokeTube forfeited.
|
|win|RUZ9 Floor Man
|l|☆TheIndianPokeTube
|raw|TheIndianPokeTube's rating: 1401 &rarr; <strong>1370</strong><br />(-31 for losing)
|raw|RUZ9 Floor Man's rating: 1179 &rarr; <strong>1218</strong><br />(+39 for winning)
