|j|☆whistling
|j|☆Leleforubers 2.0
|player|p1|whistling|proton|1429
|player|p2|Leleforubers 2.0|dawn|1327
|teamsize|p1|6
|teamsize|p2|6
|gametype|singles
|gen|8
|tier|[Gen 8] RU
|rated|
|clearpoke
|poke|p1|Steelix, M|
|poke|p1|Passimian, M|
|poke|p1|Xatu, M|
|poke|p1|Flapple, M|
|poke|p1|Jellicent, M|
|poke|p1|Snorlax, M|
|poke|p2|Barraskewda, F|
|poke|p2|Indeedee, M|
|poke|p2|Passimian, F|
|poke|p2|Goodra, M|
|poke|p2|Vileplume, M|
|poke|p2|Vespiquen, F|
|rule|Sleep Clause Mod: Limit one foe put to sleep
|rule|Species Clause: Limit one of each Pokémon
|rule|OHKO Clause: OHKO moves are banned
|rule|Evasion Moves Clause: Evasion moves are banned
|rule|Endless Battle Clause: Forcing endless battles is banned
|rule|HP Percentage Mod: HP is shown in percentages
|rule|Dynamax Clause: You cannot dynamax
|teampreview
|c|☆Leleforubers 2.0|Glhf
|c|☆whistling|hf
|
|start
|switch|p1a: Steelix|Steelix, M|100/100
|switch|p2a: Passimian|Passimian, F|100/100
|turn|1
|
|move|p2a: Passimian|Close Combat|p1a: Steelix
|-supereffective|p1a: Steelix
|-damage|p1a: Steelix|42/100
|-unboost|p2a: Passimian|def|1
|-unboost|p2a: Passimian|spd|1
|move|p1a: Steelix|Stealth Rock|p2a: Passimian
|-sidestart|p2: Leleforubers 2.0|move: Stealth Rock
|
|-heal|p1a: Steelix|48/100|[from] item: Leftovers
|upkeep
|turn|2
|
|switch|p2a: Vileplume|Vileplume, M|100/100
|-damage|p2a: Vileplume|88/100|[from] Stealth Rock
|switch|p1a: Jellicent|Jellicent, M|100/100
|
|upkeep
|turn|3
|
|move|p1a: Jellicent|Will-O-Wisp|p2a: Vileplume|[miss]
|-miss|p1a: Jellicent|p2a: Vileplume
|move|p2a: Vileplume|Sludge Wave|p1a: Jellicent
|-resisted|p1a: Jellicent
|-damage|p1a: Jellicent|75/100
|-damage|p2a: Vileplume|78/100|[from] item: Life Orb
|
|upkeep
|turn|4
|
|switch|p1a: Xatu|Xatu, M|100/100
|move|p2a: Vileplume|Giga Drain|p1a: Xatu
|-resisted|p1a: Xatu
|-damage|p1a: Xatu|65/100
|-heal|p2a: Vileplume|95/100|[from] drain|[of] p1a: Xatu
|-damage|p2a: Vileplume|85/100|[from] item: Life Orb
|
|upkeep
|turn|5
|
|switch|p2a: Goodra|Goodra, M|100/100
|-damage|p2a: Goodra|88/100|[from] Stealth Rock
|move|p1a: Xatu|Psychic|p2a: Goodra
|-damage|p2a: Goodra|76/100
|
|upkeep
|turn|6
|
|switch|p1a: Snorlax|Snorlax, M|100/100
|move|p2a: Goodra|Draco Meteor|p1a: Snorlax
|-damage|p1a: Snorlax|65/100
|-unboost|p2a: Goodra|spa|2
|
|-heal|p1a: Snorlax|72/100|[from] item: Leftovers
|upkeep
|turn|7
|
|switch|p2a: Vespiquen|Vespiquen, F|100/100
|-ability|p2a: Vespiquen|Pressure
|move|p1a: Snorlax|Body Slam|p2a: Vespiquen
|-damage|p2a: Vespiquen|71/100
|
|-heal|p1a: Snorlax|78/100|[from] item: Leftovers
|upkeep
|turn|8
|
|move|p2a: Vespiquen|Defog|p1a: Snorlax
|-unboost|p1a: Snorlax|evasion|1
|-sideend|p2: Leleforubers 2.0|Stealth Rock|[from] move: Defog|[of] p2a: Vespiquen
|move|p1a: Snorlax|Curse|p1a: Snorlax
|-unboost|p1a: Snorlax|spe|1
|-boost|p1a: Snorlax|atk|1
|-boost|p1a: Snorlax|def|1
|
|-heal|p1a: Snorlax|84/100|[from] item: Leftovers
|upkeep
|turn|9
|
|move|p2a: Vespiquen|Toxic|p1a: Snorlax
|-status|p1a: Snorlax|tox
|move|p1a: Snorlax|Curse|p1a: Snorlax
|-unboost|p1a: Snorlax|spe|1
|-boost|p1a: Snorlax|atk|1
|-boost|p1a: Snorlax|def|1
|
|-heal|p1a: Snorlax|90/100 tox|[from] item: Leftovers
|-damage|p1a: Snorlax|84/100 tox|[from] psn
|upkeep
|turn|10
|
|move|p2a: Vespiquen|Air Slash|p1a: Snorlax
|-damage|p1a: Snorlax|72/100 tox
|move|p1a: Snorlax|Body Slam|p2a: Vespiquen
|-damage|p2a: Vespiquen|13/100
|-status|p2a: Vespiquen|par
|
|-heal|p1a: Snorlax|78/100 tox|[from] item: Leftovers
|-damage|p1a: Snorlax|66/100 tox|[from] psn
|upkeep
|turn|11
|
|cant|p2a: Vespiquen|par
|move|p1a: Snorlax|Rest|p1a: Snorlax
|-status|p1a: Snorlax|slp|[from] move: Rest
|-heal|p1a: Snorlax|100/100 slp|[silent]
|
|upkeep
|turn|12
|inactive|Battle timer is ON: inactive players will automatically lose when time's up. (requested by whistling)
|
|switch|p2a: Barraskewda|Barraskewda, F|100/100
|cant|p1a: Snorlax|slp
|
|upkeep
|turn|13
|
|move|p2a: Barraskewda|Close Combat|p1a: Snorlax
|-supereffective|p1a: Snorlax
|-crit|p1a: Snorlax
|-damage|p1a: Snorlax|0 fnt
|-unboost|p2a: Barraskewda|def|1
|-unboost|p2a: Barraskewda|spd|1
|-damage|p2a: Barraskewda|91/100|[from] item: Life Orb
|faint|p1a: Snorlax
|
|upkeep
|c|☆Leleforubers 2.0|Sorry
|c|☆whistling|all g
|
|switch|p1a: Passimian|Passimian, M|100/100
|turn|14
|
|switch|p2a: Vespiquen|Vespiquen, F|13/100 par
|-ability|p2a: Vespiquen|Pressure
|move|p1a: Passimian|Close Combat|p2a: Vespiquen
|-resisted|p2a: Vespiquen
|-damage|p2a: Vespiquen|0 fnt
|-unboost|p1a: Passimian|def|1
|-unboost|p1a: Passimian|spd|1
|faint|p2a: Vespiquen
|
|upkeep
|
|switch|p2a: Vileplume|Vileplume, M|85/100
|turn|15
|
|switch|p1a: Xatu|Xatu, M|65/100
|move|p2a: Vileplume|Sludge Wave|p1a: Xatu
|-damage|p1a: Xatu|0 fnt
|-damage|p2a: Vileplume|75/100|[from] item: Life Orb
|faint|p1a: Xatu
|
|upkeep
|
|switch|p1a: Flapple|Flapple, M|100/100
|turn|16
|
|move|p1a: Flapple|Outrage|p2a: Vileplume|[miss]
|-miss|p1a: Flapple|p2a: Vileplume
|move|p2a: Vileplume|Strength Sap|p1a: Flapple
|-unboost|p1a: Flapple|atk|1
|-heal|p2a: Vileplume|100/100
|
|upkeep
|turn|17
|c|☆whistling|g
|-message|whistling forfeited.
|
|win|Leleforubers 2.0
|l|☆whistling
||Ladder (probably) updated, but score could not be retrieved (Response not received).
