|j|☆8spider8
|j|☆Galileo Glalie 2
|t:|1595895794
|player|p1|8spider8|cyclistf-gen4|1285
|player|p2|Galileo Glalie 2|elesa|1309
|teamsize|p1|6
|teamsize|p2|6
|gametype|singles
|gen|8
|tier|[Gen 8] RU
|rated|
|clearpoke
|poke|p1|Vileplume, F|
|poke|p1|Silvally-*|
|poke|p1|Duraludon, F|
|poke|p1|Mudsdale, F|
|poke|p1|Passimian, F|
|poke|p1|Vikavolt, M|
|poke|p2|Porygon2|
|poke|p2|Rhydon, M|
|poke|p2|Kingler, M|
|poke|p2|Exeggutor-Alola, M|
|poke|p2|Silvally-*|
|poke|p2|Salazzle, F|
|rule|Sleep Clause Mod: Limit one foe put to sleep
|rule|Species Clause: Limit one of each Pokémon
|rule|OHKO Clause: OHKO moves are banned
|rule|Evasion Moves Clause: Evasion moves are banned
|rule|Endless Battle Clause: Forcing endless battles is banned
|rule|HP Percentage Mod: HP is shown in percentages
|rule|Dynamax Clause: You cannot dynamax
|teampreview
|
|t:|1595895808
|start
|switch|p1a: Vileplume|Vileplume, F|100/100
|switch|p2a: Exeggutor|Exeggutor-Alola, M|100/100
|-item|p1a: Vileplume|Black Sludge|[from] ability: Frisk|[of] p2a: Exeggutor|[identify]
|turn|1
|inactive|Battle timer is ON: inactive players will automatically lose when time's up. (requested by Galileo Glalie 2)
|
|t:|1595895817
|move|p2a: Exeggutor|Flamethrower|p1a: Vileplume
|-supereffective|p1a: Vileplume
|-damage|p1a: Vileplume|0 fnt
|faint|p1a: Vileplume
|
|upkeep
|
|t:|1595895831
|switch|p1a: Duraludon|Duraludon, F|100/100
|turn|2
|
|t:|1595895836
|switch|p2a: Porygon2|Porygon2|100/100
|-ability|p2a: Porygon2|Light Metal|[from] ability: Trace|[of] p1a: Duraludon
|move|p1a: Duraludon|Flash Cannon|p2a: Porygon2
|-crit|p2a: Porygon2
|-damage|p2a: Porygon2|49/100
|
|upkeep
|turn|3
|
|t:|1595895847
|switch|p1a: Silvally|Silvally-Water|100/100
|move|p2a: Porygon2|Recover|p2a: Porygon2
|-heal|p2a: Porygon2|99/100
|
|upkeep
|turn|4
|
|t:|1595895853
|move|p1a: Silvally|Parting Shot|p2a: Porygon2
|-unboost|p2a: Porygon2|atk|1
|-unboost|p2a: Porygon2|spa|1
|
|t:|1595895856
|switch|p1a: Mudsdale|Mudsdale, F|100/100|[from]move: Parting Shot
|move|p2a: Porygon2|Discharge|p1a: Mudsdale
|-immune|p1a: Mudsdale
|
|upkeep
|turn|5
|
|t:|1595895865
|move|p1a: Mudsdale|Stealth Rock|p2a: Porygon2
|-sidestart|p2: Galileo Glalie 2|move: Stealth Rock
|move|p2a: Porygon2|Teleport|p2a: Porygon2
|
|t:|1595895867
|switch|p2a: Exeggutor|Exeggutor-Alola, M|100/100|[from]move: Teleport
|-damage|p2a: Exeggutor|88/100|[from] Stealth Rock
|-item|p1a: Mudsdale|Figy Berry|[from] ability: Frisk|[of] p2a: Exeggutor|[identify]
|
|upkeep
|turn|6
|
|t:|1595895877
|switch|p1a: Duraludon|Duraludon, F|100/100
|move|p2a: Exeggutor|Draco Meteor|p1a: Duraludon
|-damage|p1a: Duraludon|0 fnt
|-unboost|p2a: Exeggutor|spa|2
|faint|p1a: Duraludon
|
|upkeep
|
|t:|1595895882
|switch|p1a: Vikavolt|Vikavolt, M|100/100
|turn|7
|
|t:|1595895888
|switch|p2a: Porygon2|Porygon2|99/100
|-damage|p2a: Porygon2|87/100|[from] Stealth Rock
|-ability|p2a: Porygon2|Levitate|[from] ability: Trace|[of] p1a: Vikavolt
|move|p1a: Vikavolt|Agility|p1a: Vikavolt
|-boost|p1a: Vikavolt|spe|2
|
|upkeep
|turn|8
|
|t:|1595895894
|switch|p1a: Passimian|Passimian, F|100/100
|move|p2a: Porygon2|Ice Beam|p1a: Passimian
|-damage|p1a: Passimian|66/100
|
|upkeep
|turn|9
|
|t:|1595895900
|switch|p2a: Silvally|Silvally-Fairy|100/100
|-damage|p2a: Silvally|88/100|[from] Stealth Rock
|move|p1a: Passimian|Close Combat|p2a: Silvally
|-resisted|p2a: Silvally
|-damage|p2a: Silvally|55/100
|-unboost|p1a: Passimian|def|1
|-unboost|p1a: Passimian|spd|1
|
|upkeep
|turn|10
|
|t:|1595895909
|switch|p1a: Silvally|Silvally-Water|100/100
|move|p2a: Silvally|Defog|p1a: Silvally
|-unboost|p1a: Silvally|evasion|1
|-sideend|p2: Galileo Glalie 2|Stealth Rock|[from] move: Defog|[of] p2a: Silvally
|
|upkeep
|turn|11
|
|t:|1595895918
|switch|p2a: Porygon2|Porygon2|87/100
|move|p1a: Silvally|Surf|p2a: Porygon2
|-damage|p2a: Porygon2|64/100
|
|upkeep
|turn|12
|
|t:|1595895925
|move|p1a: Silvally|Parting Shot|p2a: Porygon2
|-unboost|p2a: Porygon2|atk|1
|-unboost|p2a: Porygon2|spa|1
|
|t:|1595895927
|switch|p1a: Mudsdale|Mudsdale, F|100/100|[from]move: Parting Shot
|-ability|p2a: Porygon2|Stamina|[from] ability: Trace|[of] p1a: Mudsdale
|move|p2a: Porygon2|Teleport|p2a: Porygon2
|
|t:|1595895933
|switch|p2a: Exeggutor|Exeggutor-Alola, M|88/100|[from]move: Teleport
|-item|p1a: Mudsdale|Figy Berry|[from] ability: Frisk|[of] p2a: Exeggutor|[identify]
|
|upkeep
|turn|13
|
|t:|1595895936
|move|p2a: Exeggutor|Draco Meteor|p1a: Mudsdale
|-damage|p1a: Mudsdale|0 fnt
|-unboost|p2a: Exeggutor|spa|2
|faint|p1a: Mudsdale
|
|upkeep
|
|t:|1595895939
|switch|p1a: Vikavolt|Vikavolt, M|100/100
|turn|14
|
|t:|1595895945
|switch|p2a: Porygon2|Porygon2|64/100
|-ability|p2a: Porygon2|Levitate|[from] ability: Trace|[of] p1a: Vikavolt
|move|p1a: Vikavolt|Bug Buzz|p2a: Porygon2
|-damage|p2a: Porygon2|32/100
|-enditem|p1a: Vikavolt|Throat Spray
|-boost|p1a: Vikavolt|spa|1|[from] item: Throat Spray
|
|upkeep
|turn|15
|
|t:|1595895953
|move|p1a: Vikavolt|Agility|p1a: Vikavolt
|-boost|p1a: Vikavolt|spe|2
|move|p2a: Porygon2|Recover|p2a: Porygon2
|-heal|p2a: Porygon2|82/100
|
|upkeep
|turn|16
|
|t:|1595895957
|move|p1a: Vikavolt|Thunderbolt|p2a: Porygon2
|-damage|p2a: Porygon2|37/100
|move|p2a: Porygon2|Recover|p2a: Porygon2
|-heal|p2a: Porygon2|87/100
|
|upkeep
|turn|17
|
|t:|1595895961
|move|p1a: Vikavolt|Bug Buzz|p2a: Porygon2
|-damage|p2a: Porygon2|37/100
|move|p2a: Porygon2|Ice Beam|p1a: Vikavolt
|-damage|p1a: Vikavolt|67/100
|
|upkeep
|turn|18
|
|t:|1595895966
|move|p1a: Vikavolt|Bug Buzz|p2a: Porygon2
|-damage|p2a: Porygon2|0 fnt
|faint|p2a: Porygon2
|
|upkeep
|
|t:|1595895973
|switch|p2a: Rhydon|Rhydon, M|100/100
|turn|19
|
|t:|1595895976
|move|p1a: Vikavolt|Energy Ball|p2a: Rhydon
|-supereffective|p2a: Rhydon
|-damage|p2a: Rhydon|0 fnt
|faint|p2a: Rhydon
|
|upkeep
|c|☆Galileo Glalie 2|thats a sick strat
|c|☆Galileo Glalie 2|gg
|c|☆8spider8|Lol ty
|-message|Galileo Glalie 2 forfeited.
|
|win|8spider8
|c|☆8spider8|Gg
|l|☆Galileo Glalie 2
|c|☆8spider8|Specs eggy?
||Ladder (probably) updated, but score could not be retrieved (Request timeout).
