|j|☆SamTheSwan
|j|☆Tester482
|t:|1619818939
|gametype|singles
|player|p1|SamTheSwan|lucas|1144
|player|p2|Tester482|282|1317
|teamsize|p1|6
|teamsize|p2|6
|gen|8
|tier|[Gen 8] RU
|rated|
|clearpoke
|poke|p1|Mimikyu, F|
|poke|p1|Togekiss, F|
|poke|p1|Zarude-Dada|
|poke|p1|Metagross|
|poke|p1|Lucario, M|
|poke|p1|Xurkitree|
|poke|p2|Drifblim, M|
|poke|p2|Arcanine, M|
|poke|p2|Morpeko, M|
|poke|p2|Noivern, M|
|poke|p2|Barbaracle, M|
|poke|p2|Cobalion|
|rule|Sleep Clause Mod: Limit one foe put to sleep
|rule|Species Clause: Limit one of each Pokémon
|rule|OHKO Clause: OHKO moves are banned
|rule|Evasion Moves Clause: Evasion moves are banned
|rule|Endless Battle Clause: Forcing endless battles is banned
|rule|HP Percentage Mod: HP is shown in percentages
|rule|Dynamax Clause: You cannot dynamax
|teampreview
|inactive|Battle timer is ON: inactive players will automatically lose when time's up. (requested by SamTheSwan)
|
|t:|1619818948
|start
|switch|p1a: Metagross|Metagross|100/100
|switch|p2a: Noivern|Noivern, M|100/100
|turn|1
|
|t:|1619818965
|move|p2a: Noivern|Flamethrower|p1a: Metagross
|-supereffective|p1a: Metagross
|-damage|p1a: Metagross|25/100
|move|p1a: Metagross|Stealth Rock|p2a: Noivern
|-sidestart|p2: Tester482|move: Stealth Rock
|
|-heal|p1a: Metagross|31/100|[from] item: Leftovers
|upkeep
|turn|2
|
|t:|1619818990
|switch|p2a: Cobalion|Cobalion|100/100
|-damage|p2a: Cobalion|97/100|[from] Stealth Rock
|switch|p1a: Togekiss|Togekiss, F|100/100
|
|-heal|p2a: Cobalion|100/100|[from] item: Leftovers
|upkeep
|turn|3
|
|t:|1619819020
|switch|p1a: Zarude|Zarude-Dada|100/100
|move|p2a: Cobalion|Stealth Rock|p1a: Zarude
|-sidestart|p1: SamTheSwan|move: Stealth Rock
|
|upkeep
|turn|4
|
|t:|1619819029
|switch|p2a: Drifblim|Drifblim, M|100/100
|-damage|p2a: Drifblim|75/100|[from] Stealth Rock
|switch|p1a: Togekiss|Togekiss, F|100/100
|
|upkeep
|turn|5
|
|t:|1619819044
|move|p1a: Togekiss|Thunder Wave|p2a: Drifblim
|-status|p2a: Drifblim|par
|move|p2a: Drifblim|Thunder Wave|p1a: Togekiss
|-status|p1a: Togekiss|par
|
|upkeep
|turn|6
|
|t:|1619819052
|move|p1a: Togekiss|Air Slash|p2a: Drifblim
|-damage|p2a: Drifblim|40/100 par
|-enditem|p2a: Drifblim|Sitrus Berry|[eat]
|-heal|p2a: Drifblim|65/100 par|[from] item: Sitrus Berry
|cant|p2a: Drifblim|flinch
|
|upkeep
|turn|7
|
|t:|1619819057
|move|p2a: Drifblim|Hex|p1a: Togekiss
|-damage|p1a: Togekiss|60/100 par
|move|p1a: Togekiss|Air Slash|p2a: Drifblim
|-damage|p2a: Drifblim|33/100 par
|
|upkeep
|turn|8
|
|t:|1619819062
|switch|p1a: Zarude|Zarude-Dada|100/100
|-damage|p1a: Zarude|88/100|[from] Stealth Rock
|move|p2a: Drifblim|Hex|p1a: Zarude
|-resisted|p1a: Zarude
|-damage|p1a: Zarude|76/100
|
|upkeep
|turn|9
|
|t:|1619819065
|move|p1a: Zarude|Darkest Lariat|p2a: Drifblim
|-supereffective|p2a: Drifblim
|-crit|p2a: Drifblim
|-damage|p2a: Drifblim|0 fnt
|-damage|p1a: Zarude|66/100|[from] item: Life Orb
|faint|p2a: Drifblim
|
|upkeep
|
|t:|1619819072
|switch|p2a: Cobalion|Cobalion|100/100
|-damage|p2a: Cobalion|97/100|[from] Stealth Rock
|turn|10
|
|t:|1619819081
|switch|p1a: Mimikyu|Mimikyu, F|100/100
|-damage|p1a: Mimikyu|88/100|[from] Stealth Rock
|move|p2a: Cobalion|Iron Head|p1a: Mimikyu
|-activate|p1a: Mimikyu|ability: Disguise
|-damage|p1a: Mimikyu|88/100
|detailschange|p1a: Mimikyu|Mimikyu-Busted, F
|-damage|p1a: Mimikyu|76/100|[from] pokemon: Mimikyu-Busted
|-enditem|p1a: Mimikyu|Red Card|[of] p2a: Cobalion
|drag|p2a: Arcanine|Arcanine, M|100/100
|-ability|p2a: Arcanine|Intimidate|boost
|-unboost|p1a: Mimikyu|atk|1
|
|upkeep
|turn|11
|
|t:|1619819089
|switch|p1a: Togekiss|Togekiss, F|60/100 par
|move|p2a: Arcanine|Crunch|p1a: Togekiss
|-resisted|p1a: Togekiss
|-damage|p1a: Togekiss|46/100 par
|
|upkeep
|turn|12
|
|t:|1619819093
|move|p2a: Arcanine|Flare Blitz|p1a: Togekiss
|-damage|p1a: Togekiss|0 fnt
|-damage|p2a: Arcanine|86/100|[from] Recoil
|faint|p1a: Togekiss
|
|upkeep
|
|t:|1619819101
|switch|p1a: Mimikyu|Mimikyu-Busted, F|76/100
|-damage|p1a: Mimikyu|63/100|[from] Stealth Rock
|turn|13
|
|t:|1619819116
|switch|p2a: Cobalion|Cobalion|97/100
|-damage|p2a: Cobalion|94/100|[from] Stealth Rock
|move|p1a: Mimikyu|Shadow Claw|p2a: Cobalion
|-damage|p2a: Cobalion|71/100
|
|-heal|p2a: Cobalion|77/100|[from] item: Leftovers
|upkeep
|turn|14
|
|t:|1619819123
|move|p1a: Mimikyu|Shadow Sneak|p2a: Cobalion
|-damage|p2a: Cobalion|63/100
|move|p2a: Cobalion|Iron Head|p1a: Mimikyu
|-supereffective|p1a: Mimikyu
|-damage|p1a: Mimikyu|0 fnt
|faint|p1a: Mimikyu
|
|-heal|p2a: Cobalion|69/100|[from] item: Leftovers
|upkeep
|
|t:|1619819128
|switch|p1a: Lucario|Lucario, M|100/100
|-damage|p1a: Lucario|98/100|[from] Stealth Rock
|turn|15
|
|t:|1619819132
|switch|p2a: Arcanine|Arcanine, M|86/100
|-ability|p2a: Arcanine|Intimidate|boost
|-fail|p1a: Lucario|unboost|Attack|[from] ability: Inner Focus|[of] p1a: Lucario
|move|p1a: Lucario|Vacuum Wave|p2a: Arcanine
|-damage|p2a: Arcanine|61/100
|-damage|p1a: Lucario|88/100|[from] item: Life Orb
|
|upkeep
|turn|16
|
|t:|1619819140
|switch|p1a: Metagross|Metagross|31/100
|-damage|p1a: Metagross|25/100|[from] Stealth Rock
|move|p2a: Arcanine|Close Combat|p1a: Metagross
|-damage|p1a: Metagross|2/100
|-unboost|p2a: Arcanine|def|1
|-unboost|p2a: Arcanine|spd|1
|
|-heal|p1a: Metagross|8/100|[from] item: Leftovers
|upkeep
|turn|17
|
|t:|1619819151
|switch|p2a: Noivern|Noivern, M|100/100
|-damage|p2a: Noivern|76/100|[from] Stealth Rock
|move|p1a: Metagross|Body Press|p2a: Noivern
|-resisted|p2a: Noivern
|-damage|p2a: Noivern|54/100
|
|-heal|p1a: Metagross|14/100|[from] item: Leftovers
|upkeep
|turn|18
|
|t:|1619819158
|move|p1a: Metagross|Bullet Punch|p2a: Noivern
|-damage|p2a: Noivern|30/100
|move|p2a: Noivern|Flamethrower|p1a: Metagross
|-supereffective|p1a: Metagross
|-damage|p1a: Metagross|0 fnt
|faint|p1a: Metagross
|
|upkeep
|
|t:|1619819161
|switch|p1a: Xurkitree|Xurkitree|100/100
|-damage|p1a: Xurkitree|88/100|[from] Stealth Rock
|turn|19
|
|t:|1619819164
|move|p1a: Xurkitree|Thunderbolt|p2a: Noivern
|-damage|p2a: Noivern|0 fnt
|faint|p2a: Noivern
|-ability|p1a: Xurkitree|Beast Boost|boost
|-boost|p1a: Xurkitree|spa|1
|
|upkeep
|
|t:|1619819169
|switch|p2a: Morpeko|Morpeko, M|100/100
|-damage|p2a: Morpeko|88/100|[from] Stealth Rock
|turn|20
|
|t:|1619819190
|move|p1a: Xurkitree|Thunderbolt|p2a: Morpeko
|-resisted|p2a: Morpeko
|-damage|p2a: Morpeko|0 fnt
|faint|p2a: Morpeko
|-ability|p1a: Xurkitree|Beast Boost|boost
|-boost|p1a: Xurkitree|spa|1
|
|upkeep
|
|t:|1619819194
|switch|p2a: Arcanine|Arcanine, M|61/100
|-ability|p2a: Arcanine|Intimidate|boost
|-unboost|p1a: Xurkitree|atk|1
|turn|21
|
|t:|1619819201
|move|p2a: Arcanine|Extreme Speed|p1a: Xurkitree
|-crit|p1a: Xurkitree
|-damage|p1a: Xurkitree|31/100
|move|p1a: Xurkitree|Thunderbolt|p2a: Arcanine
|-damage|p2a: Arcanine|0 fnt
|faint|p2a: Arcanine
|-ability|p1a: Xurkitree|Beast Boost|boost
|-boost|p1a: Xurkitree|spa|1
|
|upkeep
|
|t:|1619819212
|switch|p2a: Cobalion|Cobalion|69/100
|-damage|p2a: Cobalion|66/100|[from] Stealth Rock
|turn|22
|
|t:|1619819216
|move|p1a: Xurkitree|Thunderbolt|p2a: Cobalion
|-damage|p2a: Cobalion|0 fnt
|faint|p2a: Cobalion
|-ability|p1a: Xurkitree|Beast Boost|boost
|-boost|p1a: Xurkitree|spa|1
|
|upkeep
|
|t:|1619819218
|switch|p2a: Barbaracle|Barbaracle, M|100/100
|-damage|p2a: Barbaracle|88/100|[from] Stealth Rock
|turn|23
|
|t:|1619819220
|move|p1a: Xurkitree|Thunderbolt|p2a: Barbaracle
|-supereffective|p2a: Barbaracle
|-damage|p2a: Barbaracle|0 fnt
|faint|p2a: Barbaracle
|
|win|SamTheSwan
|raw|SamTheSwan's rating: 1144 &rarr; <strong>1181</strong><br />(+37 for winning)
|raw|Tester482's rating: 1333 &rarr; <strong>1303</strong><br />(-30 for losing)
|l|☆Tester482
