|raw|<div class="broadcast-blue"><strong>This battle is required to be public due to a player having a name starting with 'rult70'.</div>
|j|☆Rult70B evidith
|j|☆Master Gekkouga
|t:|1626649688
|gametype|singles
|player|p1|Rult70B evidith|lass-gen4dp|1176
|player|p2|Master Gekkouga|palmer|1236
|teamsize|p1|6
|teamsize|p2|6
|gen|8
|tier|[Gen 8] RU
|rated|
|rule|Sleep Clause Mod: Limit one foe put to sleep
|rule|Species Clause: Limit one of each Pokémon
|rule|OHKO Clause: OHKO moves are banned
|rule|Evasion Moves Clause: Evasion moves are banned
|rule|Endless Battle Clause: Forcing endless battles is banned
|rule|HP Percentage Mod: HP is shown in percentages
|rule|Dynamax Clause: You cannot dynamax
|clearpoke
|poke|p1|Regidrago|
|poke|p1|Raikou|
|poke|p1|Stakataka|
|poke|p1|Golurk|
|poke|p1|Golisopod, M|
|poke|p1|Roserade, F|
|poke|p2|Ribombee, M|
|poke|p2|Necrozma|
|poke|p2|Lucario, M|
|poke|p2|Darmanitan, M|
|poke|p2|Raikou|
|poke|p2|Mimikyu, M|
|teampreview
|c|☆Rult70B evidith|lol
|c|☆Rult70B evidith|I don't see a fairy in ten games
|c|☆Rult70B evidith|the moment I load this
|c|☆Master Gekkouga|lol
|c|☆Rult70B evidith|I cursed myself tbh.
|
|t:|1626649722
|start
|switch|p1a: Stakataka|Stakataka|100/100
|switch|p2a: Necrozma|Necrozma|100/100
|turn|1
|
|t:|1626649744
|move|p2a: Necrozma|Heat Wave|p1a: Stakataka|[miss]
|-miss|p2a: Necrozma|p1a: Stakataka
|move|p1a: Stakataka|Stealth Rock|p2a: Necrozma
|-sidestart|p2: Master Gekkouga|move: Stealth Rock
|
|upkeep
|turn|2
|
|t:|1626649748
|move|p2a: Necrozma|Heat Wave|p1a: Stakataka
|-crit|p1a: Stakataka
|-damage|p1a: Stakataka|53/100
|move|p1a: Stakataka|Gyro Ball|p2a: Necrozma
|-damage|p2a: Necrozma|38/100
|
|-heal|p1a: Stakataka|59/100|[from] item: Leftovers
|upkeep
|turn|3
|
|t:|1626649753
|move|p2a: Necrozma|Stealth Rock|p1a: Stakataka
|-sidestart|p1: Rult70B evidith|move: Stealth Rock
|move|p1a: Stakataka|Gyro Ball|p2a: Necrozma
|-damage|p2a: Necrozma|0 fnt
|faint|p2a: Necrozma
|-ability|p1a: Stakataka|Beast Boost|boost
|-boost|p1a: Stakataka|def|1
|
|-heal|p1a: Stakataka|66/100|[from] item: Leftovers
|upkeep
|
|t:|1626649759
|switch|p2a: Lucario|Lucario, M|100/100
|-damage|p2a: Lucario|98/100|[from] Stealth Rock
|turn|4
|
|t:|1626649762
|move|p2a: Lucario|Close Combat|p1a: Stakataka
|-supereffective|p1a: Stakataka
|-damage|p1a: Stakataka|0 fnt
|-unboost|p2a: Lucario|def|1
|-unboost|p2a: Lucario|spd|1
|faint|p1a: Stakataka
|-damage|p2a: Lucario|88/100|[from] item: Life Orb
|
|upkeep
|
|t:|1626649771
|switch|p1a: Raikou|Raikou|100/100
|-ability|p1a: Raikou|Pressure
|turn|5
|
|t:|1626649777
|switch|p2a: Raikou|Raikou|100/100
|-ability|p2a: Raikou|Pressure
|move|p1a: Raikou|Volt Switch|p2a: Raikou
|-resisted|p2a: Raikou
|-damage|p2a: Raikou|82/100
|
|t:|1626649781
|switch|p1a: Golurk|Golurk|100/100|[from]move: Volt Switch
|-damage|p1a: Golurk|95/100|[from] Stealth Rock
|
|upkeep
|turn|6
|j| Chatot VGC
|
|t:|1626649787
|move|p2a: Raikou|Scald|p1a: Golurk
|-supereffective|p1a: Golurk
|-damage|p1a: Golurk|31/100
|move|p1a: Golurk|Poltergeist|p2a: Raikou
|-activate|p2a: Raikou|move: Poltergeist|Heavy-Duty Boots
|-damage|p2a: Raikou|0 fnt
|faint|p2a: Raikou
|
|upkeep
|
|t:|1626649797
|switch|p2a: Mimikyu|Mimikyu, M|100/100
|-damage|p2a: Mimikyu|88/100|[from] Stealth Rock
|turn|7
|
|t:|1626649804
|move|p2a: Mimikyu|Shadow Claw|p1a: Golurk
|-supereffective|p1a: Golurk
|-damage|p1a: Golurk|0 fnt
|faint|p1a: Golurk
|-damage|p2a: Mimikyu|78/100|[from] item: Life Orb
|
|upkeep
|
|t:|1626649813
|switch|p1a: Raikou|Raikou|100/100
|-ability|p1a: Raikou|Pressure
|turn|8
|
|t:|1626649823
|move|p1a: Raikou|Thunderbolt|p2a: Mimikyu
|-activate|p2a: Mimikyu|ability: Disguise
|-damage|p2a: Mimikyu|78/100
|detailschange|p2a: Mimikyu|Mimikyu-Busted, M
|-damage|p2a: Mimikyu|66/100|[from] pokemon: Mimikyu-Busted
|move|p2a: Mimikyu|Shadow Claw|p1a: Raikou
|-damage|p1a: Raikou|52/100
|-damage|p2a: Mimikyu|56/100|[from] item: Life Orb
|
|upkeep
|turn|9
|
|t:|1626649836
|move|p1a: Raikou|Volt Switch|p2a: Mimikyu
|-damage|p2a: Mimikyu|9/100
|
|t:|1626649838
|switch|p1a: Golisopod|Golisopod, M|100/100|[from]move: Volt Switch
|move|p2a: Mimikyu|Shadow Claw|p1a: Golisopod
|-damage|p1a: Golisopod|69/100
|-damage|p2a: Mimikyu|0 fnt|[from] item: Life Orb
|faint|p2a: Mimikyu
|
|upkeep
|
|t:|1626649846
|switch|p2a: Lucario|Lucario, M|88/100
|-damage|p2a: Lucario|85/100|[from] Stealth Rock
|turn|10
|
|t:|1626649854
|move|p2a: Lucario|Extreme Speed|p1a: Golisopod
|-damage|p1a: Golisopod|46/100
|-activate|p1a: Golisopod|ability: Emergency Exit
|-damage|p2a: Lucario|75/100|[from] item: Life Orb
|
|t:|1626649861
|switch|p1a: Raikou|Raikou|52/100
|-ability|p1a: Raikou|Pressure
|
|upkeep
|turn|11
|
|t:|1626649871
|move|p1a: Raikou|Thunderbolt|p2a: Lucario
|-crit|p2a: Lucario
|-damage|p2a: Lucario|0 fnt
|faint|p2a: Lucario
|
|upkeep
|
|t:|1626649874
|switch|p2a: Darmanitan|Darmanitan, M|100/100
|-damage|p2a: Darmanitan|76/100|[from] Stealth Rock
|turn|12
|
|t:|1626649901
|move|p2a: Darmanitan|Earthquake|p1a: Raikou
|-supereffective|p1a: Raikou
|-damage|p1a: Raikou|0 fnt
|faint|p1a: Raikou
|
|upkeep
|
|t:|1626649909
|switch|p1a: Golisopod|Golisopod, M|46/100
|turn|13
|
|t:|1626649912
|move|p2a: Darmanitan|Earthquake|p1a: Golisopod
|-resisted|p1a: Golisopod
|-damage|p1a: Golisopod|33/100
|move|p1a: Golisopod|Liquidation|p2a: Darmanitan
|-supereffective|p2a: Darmanitan
|-damage|p2a: Darmanitan|0 fnt
|faint|p2a: Darmanitan
|
|upkeep
|
|t:|1626649916
|switch|p2a: Ribombee|Ribombee, M|100/100
|-damage|p2a: Ribombee|76/100|[from] Stealth Rock
|turn|14
|
|t:|1626649919
|switch|p1a: Roserade|Roserade, F|100/100
|-damage|p1a: Roserade|88/100|[from] Stealth Rock
|move|p2a: Ribombee|Moonblast|p1a: Roserade
|-resisted|p1a: Roserade
|-damage|p1a: Roserade|62/100
|
|upkeep
|turn|15
|
|t:|1626649926
|move|p1a: Roserade|Sludge Bomb|p2a: Ribombee
|-supereffective|p2a: Ribombee
|-damage|p2a: Ribombee|0 fnt
|faint|p2a: Ribombee
|
|win|Rult70B evidith
|raw|Rult70B evidith's rating: 1194 &rarr; <strong>1222</strong><br />(+28 for winning)
|raw|Master Gekkouga's rating: 1236 &rarr; <strong>1208</strong><br />(-28 for losing)
|l|☆Master Gekkouga
|c|☆Rult70B evidith|gg
