|j|☆Glidinganteater
|j|☆Coco41
|t:|1621873357
|gametype|singles
|player|p1|Glidinganteater|palmer|1439
|player|p2|Coco41|145|1366
|teamsize|p1|6
|teamsize|p2|6
|gen|8
|tier|[Gen 8] RU
|rated|
|rule|Sleep Clause Mod: Limit one foe put to sleep
|rule|Species Clause: Limit one of each Pokémon
|rule|OHKO Clause: OHKO moves are banned
|rule|Evasion Moves Clause: Evasion moves are banned
|rule|Endless Battle Clause: Forcing endless battles is banned
|rule|HP Percentage Mod: HP is shown in percentages
|rule|Dynamax Clause: You cannot dynamax
|clearpoke
|poke|p1|Noivern, M|
|poke|p1|Seismitoad, M|
|poke|p1|Dhelmise|
|poke|p1|Diancie|
|poke|p1|Ditto|
|poke|p1|Raikou|
|poke|p2|Politoed, F|
|poke|p2|Barraskewda, M|
|poke|p2|Seismitoad, F|
|poke|p2|Kingdra, M|
|poke|p2|Crobat, M|
|poke|p2|Zarude|
|teampreview
|
|t:|1621873390
|start
|switch|p1a: Dhelmise|Dhelmise|100/100
|switch|p2a: Politoed|Politoed, F|100/100
|-weather|RainDance|[from] ability: Drizzle|[of] p2a: Politoed
|turn|1
|
|t:|1621873397
|switch|p2a: Crobat|Crobat, M|100/100
|move|p1a: Dhelmise|Poltergeist|p2a: Crobat
|-activate|p2a: Crobat|move: Poltergeist|Heavy-Duty Boots
|-damage|p2a: Crobat|34/100
|
|-weather|RainDance|[upkeep]
|upkeep
|turn|2
|
|t:|1621873409
|move|p2a: Crobat|U-turn|p1a: Dhelmise
|-damage|p1a: Dhelmise|78/100
|
|t:|1621873412
|switch|p2a: Zarude|Zarude|100/100|[from]move: U-turn
|move|p1a: Dhelmise|Poltergeist|p2a: Zarude
|-activate|p2a: Zarude|move: Poltergeist|Choice Band
|-resisted|p2a: Zarude
|-damage|p2a: Zarude|72/100
|
|-weather|RainDance|[upkeep]
|upkeep
|turn|3
|
|t:|1621873421
|switch|p1a: Noivern|Noivern, M|100/100
|move|p2a: Zarude|U-turn|p1a: Noivern
|-resisted|p1a: Noivern
|-damage|p1a: Noivern|80/100
|
|t:|1621873429
|switch|p2a: Kingdra|Kingdra, M|100/100|[from]move: U-turn
|
|-weather|RainDance|[upkeep]
|upkeep
|turn|4
|j| grobertotito
|
|t:|1621873448
|switch|p1a: Diancie|Diancie|100/100
|move|p2a: Kingdra|Draco Meteor|p1a: Diancie
|-immune|p1a: Diancie
|
|-weather|RainDance|[upkeep]
|upkeep
|turn|5
|
|t:|1621873458
|switch|p2a: Seismitoad|Seismitoad, F|100/100
|move|p1a: Diancie|Diamond Storm|p2a: Seismitoad
|-resisted|p2a: Seismitoad
|-damage|p2a: Seismitoad|78/100
|
|-weather|RainDance|[upkeep]
|upkeep
|turn|6
|
|t:|1621873479
|move|p2a: Seismitoad|Knock Off|p1a: Diancie
|-resisted|p1a: Diancie
|-damage|p1a: Diancie|88/100
|-enditem|p1a: Diancie|Leftovers|[from] move: Knock Off|[of] p2a: Seismitoad
|move|p1a: Diancie|Body Press|p2a: Seismitoad
|-damage|p2a: Seismitoad|43/100
|
|-weather|RainDance|[upkeep]
|upkeep
|turn|7
|
|t:|1621873491
|move|p2a: Seismitoad|Liquidation|p1a: Diancie
|-supereffective|p1a: Diancie
|-damage|p1a: Diancie|0 fnt
|faint|p1a: Diancie
|
|-weather|RainDance|[upkeep]
|upkeep
|
|t:|1621873503
|switch|p1a: Ditto|Ditto, shiny|100/100
|-transform|p1a: Ditto|p2a: Seismitoad|[from] ability: Imposter
|turn|8
|
|t:|1621873515
|switch|p2a: Crobat|Crobat, M|34/100
|move|p1a: Ditto|Liquidation|p2a: Crobat
|-damage|p2a: Crobat|0 fnt
|faint|p2a: Crobat
|
|-weather|none
|upkeep
|
|t:|1621873524
|switch|p2a: Zarude|Zarude|72/100
|turn|9
|
|t:|1621873533
|switch|p1a: Noivern|Noivern, M|80/100
|move|p2a: Zarude|U-turn|p1a: Noivern
|-resisted|p1a: Noivern
|-damage|p1a: Noivern|56/100
|
|t:|1621873540
|switch|p2a: Politoed|Politoed, F|100/100|[from]move: U-turn
|-weather|RainDance|[from] ability: Drizzle|[of] p2a: Politoed
|
|-weather|RainDance|[upkeep]
|upkeep
|turn|10
|
|t:|1621873547
|move|p1a: Noivern|Roost|p1a: Noivern
|-heal|p1a: Noivern|100/100
|-singleturn|p1a: Noivern|move: Roost
|move|p2a: Politoed|Scald|p1a: Noivern
|-resisted|p1a: Noivern
|-damage|p1a: Noivern|75/100
|
|-weather|RainDance|[upkeep]
|upkeep
|turn|11
|
|t:|1621873556
|switch|p2a: Kingdra|Kingdra, M|100/100
|move|p1a: Noivern|U-turn|p2a: Kingdra
|-damage|p2a: Kingdra|87/100
|
|t:|1621873560
|switch|p1a: Ditto|Ditto, shiny|100/100|[from]move: U-turn
|-transform|p1a: Ditto|p2a: Kingdra|[from] ability: Imposter
|
|-weather|RainDance|[upkeep]
|upkeep
|turn|12
|
|t:|1621873570
|move|p1a: Ditto|Draco Meteor|p2a: Kingdra
|-supereffective|p2a: Kingdra
|-damage|p2a: Kingdra|0 fnt
|-unboost|p1a: Ditto|spa|2
|faint|p2a: Kingdra
|
|-weather|RainDance|[upkeep]
|upkeep
|
|t:|1621873580
|switch|p2a: Zarude|Zarude|72/100
|turn|13
|
|t:|1621873587
|switch|p1a: Noivern|Noivern, M|75/100
|move|p2a: Zarude|Darkest Lariat|p1a: Noivern
|-damage|p1a: Noivern|0 fnt
|faint|p1a: Noivern
|
|-weather|RainDance|[upkeep]
|upkeep
|
|t:|1621873593
|switch|p1a: Ditto|Ditto, shiny|100/100
|-transform|p1a: Ditto|p2a: Zarude|[from] ability: Imposter
|turn|14
|
|t:|1621873600
|switch|p2a: Politoed|Politoed, F|100/100
|move|p1a: Ditto|U-turn|p2a: Politoed
|-damage|p2a: Politoed|82/100
|
|t:|1621873610
|switch|p1a: Raikou|Raikou|100/100|[from]move: U-turn
|-ability|p1a: Raikou|Pressure
|
|-weather|RainDance|[upkeep]
|upkeep
|turn|15
|
|t:|1621873617
|switch|p2a: Seismitoad|Seismitoad, F|43/100
|move|p1a: Raikou|Toxic|p2a: Seismitoad
|-status|p2a: Seismitoad|tox
|
|-weather|RainDance|[upkeep]
|-damage|p2a: Seismitoad|37/100 tox|[from] psn
|upkeep
|turn|16
|
|t:|1621873630
|switch|p1a: Dhelmise|Dhelmise|78/100
|move|p2a: Seismitoad|Earthquake|p1a: Dhelmise
|-resisted|p1a: Dhelmise
|-damage|p1a: Dhelmise|56/100
|
|-weather|none
|-damage|p2a: Seismitoad|25/100 tox|[from] psn
|upkeep
|turn|17
|
|t:|1621873640
|switch|p2a: Zarude|Zarude|72/100
|move|p1a: Dhelmise|Synthesis|p1a: Dhelmise
|-heal|p1a: Dhelmise|100/100
|
|upkeep
|turn|18
|
|t:|1621873649
|move|p2a: Zarude|Darkest Lariat|p1a: Dhelmise
|-supereffective|p1a: Dhelmise
|-damage|p1a: Dhelmise|0 fnt
|faint|p1a: Dhelmise
|
|upkeep
|
|t:|1621873652
|switch|p1a: Ditto|Ditto, shiny|100/100
|-transform|p1a: Ditto|p2a: Zarude|[from] ability: Imposter
|turn|19
|
|t:|1621873659
|switch|p2a: Politoed|Politoed, F|82/100
|-weather|RainDance|[from] ability: Drizzle|[of] p2a: Politoed
|move|p1a: Ditto|U-turn|p2a: Politoed
|-damage|p2a: Politoed|63/100
|
|t:|1621873670
|switch|p1a: Raikou|Raikou|100/100|[from]move: U-turn
|-ability|p1a: Raikou|Pressure
|
|-weather|RainDance|[upkeep]
|upkeep
|turn|20
|
|t:|1621873682
|switch|p2a: Seismitoad|Seismitoad, F|25/100 tox
|move|p1a: Raikou|Scald|p2a: Seismitoad
|-damage|p2a: Seismitoad|0 fnt
|faint|p2a: Seismitoad
|
|-weather|RainDance|[upkeep]
|upkeep
|
|t:|1621873691
|switch|p2a: Barraskewda|Barraskewda, M|100/100
|turn|21
|
|t:|1621873700
|switch|p1a: Seismitoad|Seismitoad, M|100/100
|move|p2a: Barraskewda|Liquidation|p1a: Seismitoad
|-immune|p1a: Seismitoad|[from] ability: Water Absorb
|
|-weather|RainDance|[upkeep]
|upkeep
|turn|22
|
|t:|1621873717
|switch|p2a: Zarude|Zarude|72/100
|move|p1a: Seismitoad|Knock Off|p2a: Zarude
|-resisted|p2a: Zarude
|-damage|p2a: Zarude|63/100
|-enditem|p2a: Zarude|Choice Band|[from] move: Knock Off|[of] p1a: Seismitoad
|
|-weather|RainDance|[upkeep]
|upkeep
|turn|23
|
|t:|1621873731
|move|p2a: Zarude|U-turn|p1a: Seismitoad
|-damage|p1a: Seismitoad|85/100
|
|t:|1621873735
|switch|p2a: Politoed|Politoed, F|63/100|[from]move: U-turn
|move|p1a: Seismitoad|Earthquake|p2a: Politoed
|-damage|p2a: Politoed|37/100
|
|-weather|RainDance|[upkeep]
|-heal|p1a: Seismitoad|91/100|[from] item: Leftovers
|upkeep
|turn|24
|
|t:|1621873742
|switch|p1a: Raikou|Raikou|100/100
|-ability|p1a: Raikou|Pressure
|move|p2a: Politoed|Toxic|p1a: Raikou
|-status|p1a: Raikou|tox
|
|-weather|RainDance|[upkeep]
|-damage|p1a: Raikou|94/100 tox|[from] psn
|upkeep
|turn|25
|
|t:|1621873753
|move|p1a: Raikou|Volt Switch|p2a: Politoed
|-supereffective|p2a: Politoed
|-damage|p2a: Politoed|0 fnt
|faint|p2a: Politoed
|
|t:|1621873758
|switch|p1a: Seismitoad|Seismitoad, M|91/100|[from]move: Volt Switch
|
|-weather|RainDance|[upkeep]
|-heal|p1a: Seismitoad|97/100|[from] item: Leftovers
|upkeep
|
|t:|1621873765
|switch|p2a: Zarude|Zarude|63/100
|turn|26
|
|t:|1621873769
|move|p2a: Zarude|Power Whip|p1a: Seismitoad
|-supereffective|p1a: Seismitoad
|-damage|p1a: Seismitoad|0 fnt
|faint|p1a: Seismitoad
|
|-weather|none
|upkeep
|
|t:|1621873772
|switch|p1a: Ditto|Ditto, shiny|100/100
|-transform|p1a: Ditto|p2a: Zarude|[from] ability: Imposter
|turn|27
|
|t:|1621873780
|move|p1a: Ditto|Close Combat|p2a: Zarude
|-supereffective|p2a: Zarude
|-damage|p2a: Zarude|0 fnt
|-unboost|p1a: Ditto|def|1
|-unboost|p1a: Ditto|spd|1
|faint|p2a: Zarude
|
|upkeep
|
|t:|1621873787
|switch|p2a: Barraskewda|Barraskewda, M|100/100
|turn|28
|
|t:|1621873794
|move|p1a: Ditto|Close Combat|p2a: Barraskewda
|-damage|p2a: Barraskewda|27/100
|-unboost|p1a: Ditto|def|1
|-unboost|p1a: Ditto|spd|1
|move|p2a: Barraskewda|Close Combat|p1a: Ditto
|-supereffective|p1a: Ditto
|-damage|p1a: Ditto|0 fnt
|-unboost|p2a: Barraskewda|def|1
|-unboost|p2a: Barraskewda|spd|1
|faint|p1a: Ditto
|-damage|p2a: Barraskewda|18/100|[from] item: Life Orb
|
|upkeep
|
|t:|1621873797
|switch|p1a: Raikou|Raikou|94/100 tox
|-ability|p1a: Raikou|Pressure
|turn|29
|
|t:|1621873808
|move|p2a: Barraskewda|Liquidation|p1a: Raikou
|-damage|p1a: Raikou|12/100 tox
|-damage|p2a: Barraskewda|8/100|[from] item: Life Orb
|move|p1a: Raikou|Volt Switch|p2a: Barraskewda
|-supereffective|p2a: Barraskewda
|-damage|p2a: Barraskewda|0 fnt
|faint|p2a: Barraskewda
|
|win|Glidinganteater
|raw|Glidinganteater's rating: 1439 &rarr; <strong>1455</strong><br />(+16 for winning)
|raw|Coco41's rating: 1366 &rarr; <strong>1350</strong><br />(-16 for losing)
|l|☆Coco41
|c|☆Glidinganteater|Gg
|l| grobertotito
