|j|☆literallyfreemoney
|j|☆falcu
|t:|1651684009
|gametype|singles
|player|p1|literallyfreemoney|pokemonbreeder-gen4|1268
|player|p2|falcu|giovanni|1399
|teamsize|p1|6
|teamsize|p2|6
|gen|8
|tier|[Gen 8] RU
|rated|
|rule|Sleep Clause Mod: Limit one foe put to sleep
|rule|Species Clause: Limit one of each Pokémon
|rule|OHKO Clause: OHKO moves are banned
|rule|Evasion Moves Clause: Evasion moves are banned
|rule|Endless Battle Clause: Forcing endless battles is banned
|rule|HP Percentage Mod: HP is shown in percentages
|rule|Dynamax Clause: You cannot dynamax
|clearpoke
|poke|p1|Salazzle, F|
|poke|p1|Rhyperior, M|
|poke|p1|Golisopod, F|
|poke|p1|Flygon, M|
|poke|p1|Heracross, M|
|poke|p1|Zoroark, M|
|poke|p2|Indeedee, M|
|poke|p2|Sceptile, M|
|poke|p2|Espeon, F|
|poke|p2|Starmie|
|poke|p2|Incineroar, M|
|poke|p2|Flygon, F|
|teampreview
|inactive|Battle timer is ON: inactive players will automatically lose when time's up. (requested by falcu)
|
|t:|1651684020
|start
|switch|p1a: Salazzle|Salazzle, F|100/100
|switch|p2a: Incineroar|Incineroar, M|100/100
|-ability|p2a: Incineroar|Intimidate|boost
|-unboost|p1a: Salazzle|atk|1
|turn|1
|
|t:|1651684028
|move|p1a: Salazzle|Toxic|p2a: Incineroar
|-status|p2a: Incineroar|tox
|move|p2a: Incineroar|Knock Off|p1a: Salazzle
|-damage|p1a: Salazzle|34/100
|-enditem|p1a: Salazzle|Life Orb|[from] move: Knock Off|[of] p2a: Incineroar
|
|-damage|p2a: Incineroar|94/100 tox|[from] psn
|upkeep
|turn|2
|
|t:|1651684035
|move|p1a: Salazzle|Sludge Wave|p2a: Incineroar
|-damage|p2a: Incineroar|60/100 tox
|move|p2a: Incineroar|Knock Off|p1a: Salazzle
|-damage|p1a: Salazzle|0 fnt
|faint|p1a: Salazzle
|
|-damage|p2a: Incineroar|48/100 tox|[from] psn
|upkeep
|
|t:|1651684042
|switch|p1a: Heracross|Heracross, M|100/100
|turn|3
|
|t:|1651684048
|switch|p2a: Flygon|Flygon, F|100/100
|move|p1a: Heracross|Close Combat|p2a: Flygon
|-damage|p2a: Flygon|12/100
|-unboost|p1a: Heracross|def|1
|-unboost|p1a: Heracross|spd|1
|
|upkeep
|turn|4
|
|t:|1651684056
|move|p2a: Flygon|Outrage|p1a: Heracross
|-damage|p1a: Heracross|0 fnt
|faint|p1a: Heracross
|
|upkeep
|
|t:|1651684061
|switch|p1a: Rhyperior|Rhyperior, M|100/100
|turn|5
|
|t:|1651684065
|move|p2a: Flygon|Outrage|p1a: Rhyperior|[from]lockedmove
|-damage|p1a: Rhyperior|63/100
|-start|p2a: Flygon|confusion|[fatigue]
|move|p1a: Rhyperior|Stealth Rock|p2a: Flygon
|-sidestart|p2: falcu|move: Stealth Rock
|
|-heal|p1a: Rhyperior|69/100|[from] item: Leftovers
|upkeep
|turn|6
|
|t:|1651684078
|switch|p2a: Incineroar|Incineroar, M|48/100 tox
|-ability|p2a: Incineroar|Intimidate|boost
|-unboost|p1a: Rhyperior|atk|1
|move|p1a: Rhyperior|Body Press|p2a: Incineroar
|-supereffective|p2a: Incineroar
|-damage|p2a: Incineroar|10/100 tox
|
|-heal|p1a: Rhyperior|75/100|[from] item: Leftovers
|-damage|p2a: Incineroar|4/100 tox|[from] psn
|upkeep
|turn|7
|
|t:|1651684086
|switch|p1a: Golisopod|Golisopod, F|100/100
|move|p2a: Incineroar|Knock Off|p1a: Golisopod
|-damage|p1a: Golisopod|71/100
|-enditem|p1a: Golisopod|Heavy-Duty Boots|[from] move: Knock Off|[of] p2a: Incineroar
|
|-damage|p2a: Incineroar|0 fnt|[from] psn
|faint|p2a: Incineroar
|upkeep
|
|t:|1651684106
|switch|p2a: Indeedee|Indeedee, M|100/100
|-damage|p2a: Indeedee|88/100|[from] Stealth Rock
|-fieldstart|move: Psychic Terrain|[from] ability: Psychic Surge|[of] p2a: Indeedee
|turn|8
|
|t:|1651684117
|switch|p1a: Rhyperior|Rhyperior, M|75/100
|move|p2a: Indeedee|Hyper Voice|p1a: Rhyperior
|-resisted|p1a: Rhyperior
|-damage|p1a: Rhyperior|57/100
|
|-heal|p1a: Rhyperior|63/100|[from] item: Leftovers
|upkeep
|turn|9
|
|t:|1651684129
|switch|p1a: Flygon|Flygon, M|100/100
|move|p2a: Indeedee|Energy Ball|p1a: Flygon
|-damage|p1a: Flygon|48/100
|replace|p1a: Zoroark|Zoroark, M
|-end|p1a: Zoroark|Illusion
|
|upkeep
|turn|10
|inactive|falcu has 120 seconds left.
|
|t:|1651684170
|switch|p2a: Flygon|Flygon, F|12/100
|-damage|p2a: Flygon|6/100|[from] Stealth Rock
|move|p1a: Zoroark|Dark Pulse|p2a: Flygon
|-damage|p2a: Flygon|0 fnt
|faint|p2a: Flygon
|
|upkeep
|
|t:|1651684175
|switch|p2a: Sceptile|Sceptile, M|100/100
|-damage|p2a: Sceptile|88/100|[from] Stealth Rock
|-enditem|p2a: Sceptile|Psychic Seed
|-boost|p2a: Sceptile|spd|1|[from] item: Psychic Seed
|turn|11
|
|t:|1651684187
|switch|p1a: Flygon|Flygon, M|100/100
|move|p2a: Sceptile|Leaf Blade|p1a: Flygon
|-damage|p1a: Flygon|45/100
|
|-heal|p1a: Flygon|51/100|[from] item: Leftovers
|upkeep
|turn|12
|
|t:|1651684194
|move|p2a: Sceptile|Leaf Blade|p1a: Flygon
|-crit|p1a: Flygon
|-damage|p1a: Flygon|0 fnt
|faint|p1a: Flygon
|
|upkeep
|-message|literallyfreemoney forfeited.
|
|win|falcu
|raw|literallyfreemoney's rating: 1268 &rarr; <strong>1252</strong><br />(-16 for losing)
|raw|falcu's rating: 1399 &rarr; <strong>1412</strong><br />(+13 for winning)
|l|☆literallyfreemoney
