|j|☆eyes_eyes
|j|☆Tindall64
|t:|1650781961
|gametype|singles
|player|p1|eyes_eyes|winona|1288
|player|p2|Tindall64|101|1000
|teamsize|p1|6
|teamsize|p2|6
|gen|8
|tier|[Gen 8] RU
|rated|
|rule|Sleep Clause Mod: Limit one foe put to sleep
|rule|Species Clause: Limit one of each Pokémon
|rule|OHKO Clause: OHKO moves are banned
|rule|Evasion Moves Clause: Evasion moves are banned
|rule|Endless Battle Clause: Forcing endless battles is banned
|rule|HP Percentage Mod: HP is shown in percentages
|rule|Dynamax Clause: You cannot dynamax
|clearpoke
|poke|p1|Flygon, M|
|poke|p1|Gardevoir, M|
|poke|p1|Metagross|
|poke|p1|Heracross, M|
|poke|p1|Gastrodon, F|
|poke|p1|Xurkitree|
|poke|p2|Zoroark, F|
|poke|p2|Hitmontop, M|
|poke|p2|Raikou|
|poke|p2|Flygon, M|
|poke|p2|Registeel|
|poke|p2|Milotic, F|
|teampreview
|
|t:|1650781978
|start
|switch|p1a: Flygon|Flygon, M|100/100
|switch|p2a: Hitmontop|Hitmontop, M|100/100
|turn|1
|
|t:|1650781991
|switch|p2a: Milotic|Milotic, F|100/100
|move|p1a: Flygon|U-turn|p2a: Milotic
|-damage|p2a: Milotic|87/100
|
|t:|1650782019
|switch|p1a: Xurkitree|Xurkitree|100/100|[from]move: U-turn
|
|-heal|p2a: Milotic|93/100|[from] item: Leftovers
|upkeep
|turn|2
|
|t:|1650782037
|switch|p1a: Gastrodon|Gastrodon, F|100/100
|switch|p2a: Flygon|Flygon, M|100/100
|
|upkeep
|turn|3
|
|t:|1650782043
|move|p2a: Flygon|U-turn|p1a: Gastrodon
|-damage|p1a: Gastrodon|79/100
|-damage|p2a: Flygon|84/100|[from] item: Rocky Helmet|[of] p1a: Gastrodon
|
|t:|1650782052
|switch|p2a: Milotic|Milotic, F|93/100|[from]move: U-turn
|move|p1a: Gastrodon|Toxic|p2a: Milotic
|-status|p2a: Milotic|tox
|
|-heal|p2a: Milotic|99/100 tox|[from] item: Leftovers
|-damage|p2a: Milotic|93/100 tox|[from] psn
|upkeep
|turn|4
|
|t:|1650782063
|switch|p1a: Metagross|Metagross|100/100
|move|p2a: Milotic|Hypnosis|p1a: Metagross
|-status|p1a: Metagross|slp|[from] move: Hypnosis
|
|-heal|p2a: Milotic|99/100 tox|[from] item: Leftovers
|-damage|p2a: Milotic|87/100 tox|[from] psn
|upkeep
|turn|5
|
|t:|1650782071
|switch|p2a: Registeel|Registeel|100/100
|cant|p1a: Metagross|slp
|
|upkeep
|turn|6
|
|t:|1650782075
|-curestatus|p1a: Metagross|slp|[msg]
|move|p1a: Metagross|Stealth Rock|p2a: Registeel
|-sidestart|p2: Tindall64|move: Stealth Rock
|move|p2a: Registeel|Curse|p2a: Registeel
|-unboost|p2a: Registeel|spe|1
|-boost|p2a: Registeel|atk|1
|-boost|p2a: Registeel|def|1
|
|upkeep
|turn|7
|
|t:|1650782082
|switch|p1a: Gardevoir|Gardevoir, M|100/100
|-ability|p1a: Gardevoir|Clear Body|[from] ability: Trace|[of] p2a: Registeel
|move|p2a: Registeel|Curse|p2a: Registeel
|-unboost|p2a: Registeel|spe|1
|-boost|p2a: Registeel|atk|1
|-boost|p2a: Registeel|def|1
|
|upkeep
|turn|8
|
|t:|1650782107
|move|p1a: Gardevoir|Trick|p2a: Registeel
|-activate|p1a: Gardevoir|move: Trick|[of] p2a: Registeel
|-item|p2a: Registeel|Choice Scarf|[from] move: Trick
|-item|p1a: Gardevoir|Leftovers|[from] move: Trick
|move|p2a: Registeel|Curse|p2a: Registeel
|-unboost|p2a: Registeel|spe|1
|-boost|p2a: Registeel|atk|1
|-boost|p2a: Registeel|def|1
|
|upkeep
|turn|9
|
|t:|1650782113
|move|p1a: Gardevoir|Focus Blast|p2a: Registeel
|-supereffective|p2a: Registeel
|-damage|p2a: Registeel|58/100
|move|p2a: Registeel|Curse|p2a: Registeel
|-unboost|p2a: Registeel|spe|1
|-boost|p2a: Registeel|atk|1
|-boost|p2a: Registeel|def|1
|
|upkeep
|turn|10
|
|t:|1650782125
|move|p1a: Gardevoir|Moonblast|p2a: Registeel
|-resisted|p2a: Registeel
|-damage|p2a: Registeel|45/100
|move|p2a: Registeel|Curse|p2a: Registeel
|-unboost|p2a: Registeel|spe|1
|-boost|p2a: Registeel|atk|1
|-boost|p2a: Registeel|def|1
|
|upkeep
|turn|11
|
|t:|1650782132
|move|p1a: Gardevoir|Moonblast|p2a: Registeel
|-resisted|p2a: Registeel
|-damage|p2a: Registeel|32/100
|move|p2a: Registeel|Curse|p2a: Registeel
|-unboost|p2a: Registeel|spe|1
|-boost|p2a: Registeel|atk|1
|-boost|p2a: Registeel|def|1
|
|upkeep
|turn|12
|
|t:|1650782140
|move|p1a: Gardevoir|Moonblast|p2a: Registeel
|-resisted|p2a: Registeel
|-damage|p2a: Registeel|19/100
|move|p2a: Registeel|Curse|p2a: Registeel
|
|upkeep
|turn|13
|
|t:|1650782144
|move|p1a: Gardevoir|Moonblast|p2a: Registeel
|-resisted|p2a: Registeel
|-damage|p2a: Registeel|6/100
|move|p2a: Registeel|Curse|p2a: Registeel
|
|upkeep
|turn|14
|
|t:|1650782155
|switch|p1a: Metagross|Metagross|100/100
|move|p2a: Registeel|Curse|p2a: Registeel
|
|upkeep
|turn|15
|
|t:|1650782160
|move|p1a: Metagross|Earthquake|p2a: Registeel
|-supereffective|p2a: Registeel
|-damage|p2a: Registeel|0 fnt
|faint|p2a: Registeel
|
|upkeep
|
|t:|1650782169
|switch|p2a: Milotic|Milotic, F|87/100 tox
|-damage|p2a: Milotic|74/100 tox|[from] Stealth Rock
|turn|16
|
|t:|1650782194
|switch|p1a: Xurkitree|Xurkitree|100/100
|move|p2a: Milotic|Hypnosis|p1a: Xurkitree
|-status|p1a: Xurkitree|slp|[from] move: Hypnosis
|
|-heal|p2a: Milotic|80/100 tox|[from] item: Leftovers
|-damage|p2a: Milotic|74/100 tox|[from] psn
|upkeep
|turn|17
|
|t:|1650782203
|switch|p2a: Raikou|Raikou|100/100
|-damage|p2a: Raikou|88/100|[from] Stealth Rock
|cant|p1a: Xurkitree|slp
|
|-heal|p2a: Raikou|94/100|[from] item: Leftovers
|upkeep
|turn|18
|
|t:|1650782210
|switch|p1a: Metagross|Metagross|100/100
|move|p2a: Raikou|Substitute|p2a: Raikou
|-start|p2a: Raikou|Substitute
|-damage|p2a: Raikou|69/100
|
|-heal|p2a: Raikou|75/100|[from] item: Leftovers
|upkeep
|turn|19
|
|t:|1650782218
|move|p2a: Raikou|Scald|p1a: Metagross
|-damage|p1a: Metagross|69/100
|move|p1a: Metagross|Earthquake|p2a: Raikou
|-supereffective|p2a: Raikou
|-end|p2a: Raikou|Substitute
|
|-heal|p2a: Raikou|81/100|[from] item: Leftovers
|upkeep
|turn|20
|
|t:|1650782236
|switch|p2a: Flygon|Flygon, M|84/100
|-damage|p2a: Flygon|78/100|[from] Stealth Rock
|switch|p1a: Gastrodon|Gastrodon, F|79/100
|
|upkeep
|turn|21
|
|t:|1650782278
|move|p2a: Flygon|Earthquake|p1a: Gastrodon
|-damage|p1a: Gastrodon|35/100
|move|p1a: Gastrodon|Scald|p2a: Flygon
|-damage|p2a: Flygon|42/100
|
|upkeep
|turn|22
|
|t:|1650782285
|switch|p1a: Flygon|Flygon, M|100/100
|move|p2a: Flygon|Earthquake|p1a: Flygon
|-immune|p1a: Flygon|[from] ability: Levitate
|
|upkeep
|turn|23
|
|t:|1650782290
|switch|p2a: Milotic|Milotic, F|74/100 tox
|-damage|p2a: Milotic|62/100 tox|[from] Stealth Rock
|move|p1a: Flygon|U-turn|p2a: Milotic
|-damage|p2a: Milotic|52/100 tox
|
|t:|1650782315
|switch|p1a: Gastrodon|Gastrodon, F|35/100|[from]move: U-turn
|
|-heal|p2a: Milotic|59/100 tox|[from] item: Leftovers
|-damage|p2a: Milotic|52/100 tox|[from] psn
|upkeep
|turn|24
|
|t:|1650782321
|move|p2a: Milotic|Ice Beam|p1a: Gastrodon
|-damage|p1a: Gastrodon|16/100
|-status|p1a: Gastrodon|frz
|cant|p1a: Gastrodon|frz
|
|-heal|p2a: Milotic|59/100 tox|[from] item: Leftovers
|-damage|p2a: Milotic|46/100 tox|[from] psn
|upkeep
|turn|25
|
|t:|1650782329
|move|p2a: Milotic|Recover|p2a: Milotic
|-heal|p2a: Milotic|96/100 tox
|-curestatus|p1a: Gastrodon|frz|[msg]
|move|p1a: Gastrodon|Recover|p1a: Gastrodon
|-heal|p1a: Gastrodon|66/100
|
|-heal|p2a: Milotic|100/100 tox|[from] item: Leftovers
|-damage|p2a: Milotic|82/100 tox|[from] psn
|upkeep
|turn|26
|
|t:|1650782337
|move|p2a: Milotic|Ice Beam|p1a: Gastrodon
|-damage|p1a: Gastrodon|45/100
|move|p1a: Gastrodon|Recover|p1a: Gastrodon
|-heal|p1a: Gastrodon|95/100
|
|-heal|p2a: Milotic|88/100 tox|[from] item: Leftovers
|-damage|p2a: Milotic|64/100 tox|[from] psn
|upkeep
|turn|27
|
|t:|1650782353
|move|p2a: Milotic|Ice Beam|p1a: Gastrodon
|-damage|p1a: Gastrodon|75/100
|move|p1a: Gastrodon|Recover|p1a: Gastrodon
|-heal|p1a: Gastrodon|100/100
|
|-heal|p2a: Milotic|70/100 tox|[from] item: Leftovers
|-damage|p2a: Milotic|39/100 tox|[from] psn
|upkeep
|turn|28
|
|t:|1650782362
|switch|p2a: Hitmontop|Hitmontop, M|100/100
|-damage|p2a: Hitmontop|88/100|[from] Stealth Rock
|move|p1a: Gastrodon|Recover||[still]
|-fail|p1a: Gastrodon|heal
|
|upkeep
|turn|29
|
|t:|1650782368
|move|p2a: Hitmontop|Grass Knot|p1a: Gastrodon
|-supereffective|p1a: Gastrodon
|-damage|p1a: Gastrodon|0 fnt
|-damage|p2a: Hitmontop|72/100|[from] item: Rocky Helmet|[of] p1a: Gastrodon
|faint|p1a: Gastrodon
|
|upkeep
|
|t:|1650782384
|switch|p1a: Gardevoir|Gardevoir, M|100/100
|turn|30
|
|t:|1650782392
|switch|p2a: Milotic|Milotic, F|39/100 tox
|-ability|p1a: Gardevoir|Marvel Scale|[from] ability: Trace|[of] p2a: Milotic
|-damage|p2a: Milotic|27/100 tox|[from] Stealth Rock
|move|p1a: Gardevoir|Moonblast|p2a: Milotic
|-damage|p2a: Milotic|0 fnt
|faint|p2a: Milotic
|
|upkeep
|
|t:|1650782394
|switch|p2a: Hitmontop|Hitmontop, M|72/100
|-damage|p2a: Hitmontop|60/100|[from] Stealth Rock
|turn|31
|
|t:|1650782448
|move|p2a: Hitmontop|Sludge Bomb|p1a: Gardevoir
|-supereffective|p1a: Gardevoir
|-damage|p1a: Gardevoir|6/100
|move|p1a: Gardevoir|Moonblast|p2a: Hitmontop
|-supereffective|p2a: Hitmontop
|-damage|p2a: Hitmontop|0 fnt
|replace|p2a: Zoroark|Zoroark, F
|-end|p2a: Zoroark|Illusion
|faint|p2a: Zoroark
|
|-heal|p1a: Gardevoir|12/100|[from] item: Leftovers
|upkeep
|
|t:|1650782455
|switch|p2a: Hitmontop|Hitmontop, M|100/100
|-damage|p2a: Hitmontop|95/100|[from] Stealth Rock
|turn|32
|
|t:|1650782467
|move|p2a: Hitmontop|Fake Out|p1a: Gardevoir
|-damage|p1a: Gardevoir|0 fnt
|faint|p1a: Gardevoir
|-damage|p2a: Hitmontop|85/100|[from] item: Life Orb
|
|upkeep
|
|t:|1650782478
|switch|p1a: Flygon|Flygon, M|100/100
|turn|33
|
|t:|1650782481
|move|p1a: Flygon|Toxic|p2a: Hitmontop|[miss]
|-miss|p1a: Flygon|p2a: Hitmontop
|move|p2a: Hitmontop|Triple Axel|p1a: Flygon
|-supereffective|p1a: Flygon
|-damage|p1a: Flygon|38/100
|-supereffective|p1a: Flygon
|-damage|p1a: Flygon|0 fnt
|faint|p1a: Flygon
|-hitcount|p1: Flygon|2
|-damage|p2a: Hitmontop|75/100|[from] item: Life Orb
|
|upkeep
|
|t:|1650782497
|switch|p1a: Xurkitree|Xurkitree|100/100 slp
|turn|34
|
|t:|1650782503
|cant|p1a: Xurkitree|slp
|move|p2a: Hitmontop|Triple Axel|p1a: Xurkitree
|-damage|p1a: Xurkitree|84/100 slp
|-damage|p1a: Xurkitree|51/100 slp
|-hitcount|p1a: Xurkitree|2
|-damage|p2a: Hitmontop|65/100|[from] item: Life Orb
|
|upkeep
|turn|35
|
|t:|1650782511
|switch|p2a: Flygon|Flygon, M|42/100
|-damage|p2a: Flygon|36/100|[from] Stealth Rock
|cant|p1a: Xurkitree|slp
|
|upkeep
|turn|36
|
|t:|1650782518
|move|p2a: Flygon|Earthquake|p1a: Xurkitree
|-supereffective|p1a: Xurkitree
|-damage|p1a: Xurkitree|0 fnt
|faint|p1a: Xurkitree
|
|upkeep
|
|t:|1650782555
|switch|p1a: Metagross|Metagross|69/100
|turn|37
|
|t:|1650782560
|move|p2a: Flygon|Earthquake|p1a: Metagross
|-supereffective|p1a: Metagross
|-enditem|p1a: Metagross|Shuca Berry|[eat]
|-enditem|p1a: Metagross|Shuca Berry|[weaken]
|-damage|p1a: Metagross|17/100
|move|p1a: Metagross|Ice Punch|p2a: Flygon
|-supereffective|p2a: Flygon
|-damage|p2a: Flygon|0 fnt
|faint|p2a: Flygon
|
|upkeep
|
|t:|1650782567
|switch|p2a: Raikou|Raikou|81/100
|-damage|p2a: Raikou|69/100|[from] Stealth Rock
|turn|38
|
|t:|1650782572
|move|p2a: Raikou|Scald|p1a: Metagross
|-damage|p1a: Metagross|0 fnt
|faint|p1a: Metagross
|
|-heal|p2a: Raikou|75/100|[from] item: Leftovers
|upkeep
|
|t:|1650782581
|switch|p1a: Heracross|Heracross, M|100/100
|turn|39
|
|t:|1650782585
|move|p1a: Heracross|Close Combat|p2a: Raikou
|-damage|p2a: Raikou|12/100
|-unboost|p1a: Heracross|def|1
|-unboost|p1a: Heracross|spd|1
|move|p2a: Raikou|Thunderbolt|p1a: Heracross
|-damage|p1a: Heracross|16/100
|
|-heal|p2a: Raikou|18/100|[from] item: Leftovers
|upkeep
|turn|40
|
|t:|1650782594
|move|p1a: Heracross|Close Combat|p2a: Raikou
|-damage|p2a: Raikou|0 fnt
|-unboost|p1a: Heracross|def|1
|-unboost|p1a: Heracross|spd|1
|faint|p2a: Raikou
|-ability|p1a: Heracross|Moxie|boost
|-boost|p1a: Heracross|atk|1
|
|upkeep
|c|☆Tindall64|gg
|c|☆eyes_eyes|gg
|
|t:|1650782601
|switch|p2a: Hitmontop|Hitmontop, M|65/100
|-damage|p2a: Hitmontop|59/100|[from] Stealth Rock
|turn|41
|
|t:|1650782604
|move|p2a: Hitmontop|Fake Out|p1a: Heracross
|-damage|p1a: Heracross|0 fnt
|faint|p1a: Heracross
|-damage|p2a: Hitmontop|49/100|[from] item: Life Orb
|
|win|Tindall64
|raw|eyes_eyes's rating: 1288 &rarr; <strong>1246</strong><br />(-42 for losing)
|raw|Tindall64's rating: 1000 &rarr; <strong>1067</strong><br />(+67 for winning)
