|j|‽moja12
|j|☆Rugoodatthisgame
|player|p1|moja12|n|1252
|player|p2|Rugoodatthisgame|dawn|1132
|teamsize|p1|6
|teamsize|p2|6
|gametype|singles
|gen|8
|tier|[Gen 8] RU
|rated|
|clearpoke
|poke|p1|Tauros, M|
|poke|p1|Rhydon, M|
|poke|p1|Weezing, M|
|poke|p1|Rotom-Mow|
|poke|p1|Ninetales, M|
|poke|p1|Jellicent, M|
|poke|p2|Machamp, M|
|poke|p2|Dhelmise|
|poke|p2|Mudsdale, M|
|poke|p2|Duraludon, F|
|poke|p2|Braviary, M|
|poke|p2|Ditto|
|rule|Sleep Clause Mod: Limit one foe put to sleep
|rule|Species Clause: Limit one of each Pokémon
|rule|OHKO Clause: OHKO moves are banned
|rule|Evasion Moves Clause: Evasion moves are banned
|rule|Endless Battle Clause: Forcing endless battles is banned
|rule|HP Percentage Mod: HP is shown in percentages
|rule|Dynamax Clause: You cannot dynamax
|teampreview
|inactive|Battle timer is ON: inactive players will automatically lose when time's up. (requested by moja12)
|inactive|moja12 has 120 seconds left.
|
|start
|switch|p1a: Rotom|Rotom-Mow|100/100
|switch|p2a: Mudsdale|Mudsdale, M|100/100
|turn|1
|inactive|moja12 has 120 seconds left.
|
|move|p1a: Rotom|Trick|p2a: Mudsdale
|-activate|p1a: Rotom|move: Trick|[of] p2a: Mudsdale
|-item|p2a: Mudsdale|Choice Scarf|[from] move: Trick
|-item|p1a: Rotom|Leftovers|[from] move: Trick
|move|p2a: Mudsdale|Stealth Rock|p1a: Rotom
|-sidestart|p1: moja12|move: Stealth Rock
|
|upkeep
|turn|2
|
|switch|p2a: Machamp|Machamp, M|100/100
|move|p1a: Rotom|Defog|p2a: Machamp
|-unboost|p2a: Machamp|evasion|1
|-sideend|p1: moja12|Stealth Rock|[from] move: Defog|[of] p1a: Rotom
|
|upkeep
|turn|3
|
|move|p1a: Rotom|Volt Switch|p2a: Machamp
|-damage|p2a: Machamp|84/100
|
|switch|p1a: Weezing|Weezing, M|100/100|[from]move: Volt Switch
|move|p2a: Machamp|Close Combat|p1a: Weezing
|-resisted|p1a: Weezing
|-damage|p1a: Weezing|78/100
|-unboost|p2a: Machamp|def|1
|-unboost|p2a: Machamp|spd|1
|
|-heal|p1a: Weezing|84/100|[from] item: Black Sludge
|upkeep
|turn|4
|
|switch|p2a: Mudsdale|Mudsdale, M|100/100
|move|p1a: Weezing|Toxic Spikes|p2a: Mudsdale
|-sidestart|p2: Rugoodatthisgame|move: Toxic Spikes
|
|-heal|p1a: Weezing|90/100|[from] item: Black Sludge
|upkeep
|turn|5
|
|switch|p1a: Rotom|Rotom-Mow|100/100
|move|p2a: Mudsdale|Stealth Rock|p1a: Rotom
|-sidestart|p1: moja12|move: Stealth Rock
|
|upkeep
|turn|6
|
|switch|p2a: Braviary|Braviary, M|100/100
|move|p1a: Rotom|Volt Switch|p2a: Braviary
|-supereffective|p2a: Braviary
|-damage|p2a: Braviary|35/100
|
|switch|p1a: Rhydon|Rhydon, M|100/100|[from]move: Volt Switch
|-damage|p1a: Rhydon|94/100|[from] Stealth Rock
|
|upkeep
|turn|7
|
|switch|p2a: Dhelmise|Dhelmise|100/100
|-status|p2a: Dhelmise|psn
|move|p1a: Rhydon|Stealth Rock|p2a: Dhelmise
|-sidestart|p2: Rugoodatthisgame|move: Stealth Rock
|
|-damage|p2a: Dhelmise|88/100 psn|[from] psn
|upkeep
|turn|8
|
|switch|p1a: Rotom|Rotom-Mow|100/100
|-damage|p1a: Rotom|88/100|[from] Stealth Rock
|move|p2a: Dhelmise|Rapid Spin|p1a: Rotom
|-damage|p1a: Rotom|68/100
|-boost|p2a: Dhelmise|spe|1
|-sideend|p2: Rugoodatthisgame|Toxic Spikes|[from] move: Rapid Spin|[of] p2a: Dhelmise
|-sideend|p2: Rugoodatthisgame|Stealth Rock|[from] move: Rapid Spin|[of] p2a: Dhelmise
|
|-heal|p1a: Rotom|74/100|[from] item: Leftovers
|-damage|p2a: Dhelmise|75/100 psn|[from] psn
|upkeep
|turn|9
|
|move|p1a: Rotom|Defog|p2a: Dhelmise
|-unboost|p2a: Dhelmise|evasion|1
|-sideend|p1: moja12|Stealth Rock|[from] move: Defog|[of] p1a: Rotom
|move|p2a: Dhelmise|Shadow Claw|p1a: Rotom
|-damage|p1a: Rotom|37/100
|
|-heal|p1a: Rotom|44/100|[from] item: Leftovers
|-damage|p2a: Dhelmise|63/100 psn|[from] psn
|upkeep
|turn|10
|
|move|p1a: Rotom|Volt Switch|p2a: Dhelmise
|-resisted|p2a: Dhelmise
|-damage|p2a: Dhelmise|55/100 psn
|
|switch|p1a: Tauros|Tauros, M|100/100|[from]move: Volt Switch
|move|p2a: Dhelmise|Anchor Shot|p1a: Tauros
|-damage|p1a: Tauros|48/100
|-activate|p1a: Tauros|trapped
|
|-damage|p2a: Dhelmise|42/100 psn|[from] psn
|upkeep
|turn|11
|
|switch|p2a: Duraludon|Duraludon, F|100/100
|move|p1a: Tauros|Throat Chop|p2a: Duraludon
|-damage|p2a: Duraludon|65/100
|
|-heal|p2a: Duraludon|71/100|[from] item: Leftovers
|upkeep
|turn|12
|
|switch|p1a: Jellicent|Jellicent, M|100/100
|move|p2a: Duraludon|Draco Meteor|p1a: Jellicent
|-damage|p1a: Jellicent|65/100
|-unboost|p2a: Duraludon|spa|2
|
|-heal|p2a: Duraludon|77/100|[from] item: Leftovers
|upkeep
|turn|13
|inactive|moja12 has 120 seconds left.
|
|switch|p2a: Dhelmise|Dhelmise|42/100 psn
|move|p1a: Jellicent|Toxic||[still]
|-fail|p1a: Jellicent
|
|-damage|p2a: Dhelmise|30/100 psn|[from] psn
|upkeep
|turn|14
|
|move|p1a: Jellicent|Hex|p2a: Dhelmise
|-supereffective|p2a: Dhelmise
|-damage|p2a: Dhelmise|0 fnt
|faint|p2a: Dhelmise
|
|upkeep
|
|switch|p2a: Braviary|Braviary, M|35/100
|turn|15
|
|switch|p1a: Rhydon|Rhydon, M|94/100
|move|p2a: Braviary|Brave Bird|p1a: Rhydon
|-resisted|p1a: Rhydon
|-damage|p1a: Rhydon|79/100
|-damage|p2a: Braviary|30/100|[from] Recoil
|
|upkeep
|turn|16
|
|switch|p2a: Mudsdale|Mudsdale, M|100/100
|move|p1a: Rhydon|Stealth Rock|p2a: Mudsdale
|-sidestart|p2: Rugoodatthisgame|move: Stealth Rock
|
|upkeep
|turn|17
|
|switch|p1a: Rotom|Rotom-Mow|44/100
|move|p2a: Mudsdale|Stealth Rock|p1a: Rotom
|-sidestart|p1: moja12|move: Stealth Rock
|
|-heal|p1a: Rotom|50/100|[from] item: Leftovers
|upkeep
|turn|18
|
|switch|p2a: Braviary|Braviary, M|30/100
|-damage|p2a: Braviary|5/100|[from] Stealth Rock
|move|p1a: Rotom|Leaf Storm|p2a: Braviary
|-resisted|p2a: Braviary
|-damage|p2a: Braviary|0 fnt
|-unboost|p1a: Rotom|spa|2
|faint|p2a: Braviary
|
|-heal|p1a: Rotom|56/100|[from] item: Leftovers
|upkeep
|
|switch|p2a: Machamp|Machamp, M|84/100
|-damage|p2a: Machamp|78/100|[from] Stealth Rock
|turn|19
|
|move|p1a: Rotom|Volt Switch|p2a: Machamp
|-damage|p2a: Machamp|69/100
|
|switch|p1a: Weezing|Weezing, M|90/100|[from]move: Volt Switch
|-damage|p1a: Weezing|77/100|[from] Stealth Rock
|move|p2a: Machamp|Knock Off|p1a: Weezing
|-damage|p1a: Weezing|52/100
|-enditem|p1a: Weezing|Black Sludge|[from] move: Knock Off|[of] p2a: Machamp
|
|upkeep
|turn|20
|
|switch|p2a: Duraludon|Duraludon, F|77/100
|-damage|p2a: Duraludon|71/100|[from] Stealth Rock
|move|p1a: Weezing|Sludge Bomb|p2a: Duraludon
|-immune|p2a: Duraludon
|
|-heal|p2a: Duraludon|77/100|[from] item: Leftovers
|upkeep
|turn|21
|
|switch|p1a: Jellicent|Jellicent, M|65/100
|-damage|p1a: Jellicent|52/100|[from] Stealth Rock
|move|p2a: Duraludon|Draco Meteor|p1a: Jellicent
|-damage|p1a: Jellicent|17/100
|-unboost|p2a: Duraludon|spa|2
|
|-heal|p2a: Duraludon|84/100|[from] item: Leftovers
|upkeep
|turn|22
|
|move|p2a: Duraludon|Thunderbolt|p1a: Jellicent
|-supereffective|p1a: Jellicent
|-damage|p1a: Jellicent|0 fnt
|faint|p1a: Jellicent
|
|-heal|p2a: Duraludon|90/100|[from] item: Leftovers
|upkeep
|
|switch|p1a: Tauros|Tauros, M|48/100
|-damage|p1a: Tauros|36/100|[from] Stealth Rock
|turn|23
|
|move|p1a: Tauros|Close Combat|p2a: Duraludon
|-supereffective|p2a: Duraludon
|-damage|p2a: Duraludon|0 fnt
|-unboost|p1a: Tauros|def|1
|-unboost|p1a: Tauros|spd|1
|faint|p2a: Duraludon
|
|upkeep
|
|switch|p2a: Mudsdale|Mudsdale, M|100/100
|-damage|p2a: Mudsdale|94/100|[from] Stealth Rock
|turn|24
|inactive|moja12 has 120 seconds left.
|
|switch|p1a: Weezing|Weezing, M|52/100
|-damage|p1a: Weezing|40/100|[from] Stealth Rock
|move|p2a: Mudsdale|Heavy Slam|p1a: Weezing
|-damage|p1a: Weezing|13/100
|
|upkeep
|turn|25
|inactive|moja12 has 120 seconds left.
|
|move|p2a: Mudsdale|Heavy Slam|p1a: Weezing
|-damage|p1a: Weezing|0 fnt
|faint|p1a: Weezing
|
|upkeep
|
|switch|p1a: Rotom|Rotom-Mow|56/100
|-damage|p1a: Rotom|44/100|[from] Stealth Rock
|turn|26
|
|switch|p2a: Machamp|Machamp, M|69/100
|-damage|p2a: Machamp|63/100|[from] Stealth Rock
|move|p1a: Rotom|Defog|p2a: Machamp
|-unboost|p2a: Machamp|evasion|1
|-sideend|p2: Rugoodatthisgame|Stealth Rock|[from] move: Defog|[of] p1a: Rotom
|-sideend|p1: moja12|Stealth Rock|[from] move: Defog|[of] p1a: Rotom
|
|-heal|p1a: Rotom|50/100|[from] item: Leftovers
|upkeep
|turn|27
|
|move|p1a: Rotom|Leaf Storm|p2a: Machamp
|-damage|p2a: Machamp|31/100
|-unboost|p1a: Rotom|spa|2
|move|p2a: Machamp|Close Combat|p1a: Rotom
|-damage|p1a: Rotom|0 fnt
|-unboost|p2a: Machamp|def|1
|-unboost|p2a: Machamp|spd|1
|faint|p1a: Rotom
|
|upkeep
|
|switch|p1a: Ninetales|Ninetales, M|100/100
|-weather|SunnyDay|[from] ability: Drought|[of] p1a: Ninetales
|turn|28
|inactive|moja12 has 120 seconds left.
|
|move|p1a: Ninetales|Scorching Sands|p2a: Machamp
|-damage|p2a: Machamp|12/100
|move|p2a: Machamp|Close Combat|p1a: Ninetales
|-damage|p1a: Ninetales|0 fnt
|-unboost|p2a: Machamp|def|1
|-unboost|p2a: Machamp|spd|1
|faint|p1a: Ninetales
|
|-weather|SunnyDay|[upkeep]
|upkeep
|inactive|moja12 has 120 seconds left.
|
|switch|p1a: Tauros|Tauros, M|36/100
|turn|29
|
|switch|p2a: Mudsdale|Mudsdale, M|94/100
|move|p1a: Tauros|Body Slam|p2a: Mudsdale
|-damage|p2a: Mudsdale|37/100
|
|-weather|SunnyDay|[upkeep]
|upkeep
|turn|30
|
|move|p1a: Tauros|Body Slam|p2a: Mudsdale
|-damage|p2a: Mudsdale|0 fnt
|faint|p2a: Mudsdale
|
|-weather|SunnyDay|[upkeep]
|upkeep
|
|switch|p2a: Ditto|Ditto|100/100
|-transform|p2a: Ditto|p1a: Tauros|[from] ability: Imposter
|turn|31
|
|move|p2a: Ditto|Close Combat|p1a: Tauros
|-supereffective|p1a: Tauros
|-damage|p1a: Tauros|0 fnt
|-unboost|p2a: Ditto|def|1
|-unboost|p2a: Ditto|spd|1
|faint|p1a: Tauros
|
|-weather|SunnyDay|[upkeep]
|upkeep
|
|switch|p1a: Rhydon|Rhydon, M|79/100
|turn|32
|
|move|p2a: Ditto|Close Combat|p1a: Rhydon
|-supereffective|p1a: Rhydon
|-damage|p1a: Rhydon|47/100
|-unboost|p2a: Ditto|def|1
|-unboost|p2a: Ditto|spd|1
|move|p1a: Rhydon|Earthquake|p2a: Ditto
|-damage|p2a: Ditto|0 fnt
|faint|p2a: Ditto
|
|-weather|none
|upkeep
|
|switch|p2a: Machamp|Machamp, M|12/100
|turn|33
|
|move|p2a: Machamp|Close Combat|p1a: Rhydon
|-supereffective|p1a: Rhydon
|-damage|p1a: Rhydon|0 fnt
|-unboost|p2a: Machamp|def|1
|-unboost|p2a: Machamp|spd|1
|faint|p1a: Rhydon
|
|win|Rugoodatthisgame
|l|‽moja12
||Ladder (probably) updated, but score could not be retrieved (Request timeout).
