|j|☆EliasOrSo
|j|☆harshad b10
|inactive|Battle timer is ON: inactive players will automatically lose when time's up.
|t:|1653127073
|gametype|singles
|player|p1|EliasOrSo|xerosic|
|player|p2|harshad b10|lusamine-nihilego|
|teamsize|p1|6
|teamsize|p2|6
|gen|8
|tier|[Gen 8] RU
|rated|Tournament battle
|rule|Sleep Clause Mod: Limit one foe put to sleep
|rule|Species Clause: Limit one of each Pokémon
|rule|OHKO Clause: OHKO moves are banned
|rule|Evasion Moves Clause: Evasion moves are banned
|rule|Endless Battle Clause: Forcing endless battles is banned
|rule|HP Percentage Mod: HP is shown in percentages
|rule|Dynamax Clause: You cannot dynamax
|clearpoke
|poke|p1|Celebi|
|poke|p1|Crobat, M|
|poke|p1|Nidoqueen, F|
|poke|p1|Steelix, F|
|poke|p1|Weezing-Galar, M|
|poke|p1|Klefki, F|
|poke|p2|Crobat, F|
|poke|p2|Celebi|
|poke|p2|Weezing-Galar, F|
|poke|p2|Nidoqueen, F|
|poke|p2|Klefki, M|
|poke|p2|Steelix, F|
|teampreview
|j|*Lady Monita ✿
|inactive|EliasOrSo also wants the timer to be on.
|j| Terrific Ninetales
|j| pokeperson69420
|
|t:|1653127080
|start
|switch|p1a: Klefki|Klefki, F|100/100
|switch|p2a: Klefki|Klefki, M|100/100
|turn|1
|
|t:|1653127084
|move|p2a: Klefki|Magic Coat|p2a: Klefki
|-singleturn|p2a: Klefki|move: Magic Coat
|move|p1a: Klefki|Thunder Wave|p2a: Klefki
|move|p2a: Klefki|Thunder Wave|p1a: Klefki|[from]Magic Coat
|-status|p1a: Klefki|par
|
|upkeep
|turn|2
|
|t:|1653127092
|move|p2a: Klefki|Light Screen|p2a: Klefki
|-sidestart|p2: harshad b10|move: Light Screen
|move|p1a: Klefki|Thunder Wave|p2a: Klefki
|-status|p2a: Klefki|par
|
|upkeep
|turn|3
|
|t:|1653127110
|switch|p1a: Steelix|Steelix, F|100/100
|switch|p2a: Steelix|Steelix, F|100/100
|
|upkeep
|turn|4
|
|t:|1653127117
|move|p2a: Steelix|Dragon Dance|p2a: Steelix
|-boost|p2a: Steelix|atk|1
|-boost|p2a: Steelix|spe|1
|move|p1a: Steelix|Dragon Dance|p1a: Steelix
|-boost|p1a: Steelix|atk|1
|-boost|p1a: Steelix|spe|1
|
|upkeep
|turn|5
|
|t:|1653127129
|switch|p2a: Crobat|Crobat, F|100/100
|move|p1a: Steelix|Earthquake|p2a: Crobat
|-immune|p2a: Crobat
|
|upkeep
|turn|6
|
|t:|1653127133
|move|p2a: Crobat|Heat Wave|p1a: Steelix
|-supereffective|p1a: Steelix
|-damage|p1a: Steelix|30/100
|move|p1a: Steelix|Rock Slide|p2a: Crobat
|-supereffective|p2a: Crobat
|-damage|p2a: Crobat|0 fnt
|faint|p2a: Crobat
|
|-heal|p1a: Steelix|37/100|[from] item: Leftovers
|-sideend|p2: harshad b10|move: Light Screen
|upkeep
|
|t:|1653127141
|switch|p2a: Klefki|Klefki, M|100/100 par
|turn|7
|
|t:|1653127144
|cant|p2a: Klefki|par
|move|p1a: Steelix|Earthquake|p2a: Klefki
|-supereffective|p2a: Klefki
|-damage|p2a: Klefki|0 fnt
|faint|p2a: Klefki
|
|-heal|p1a: Steelix|43/100|[from] item: Leftovers
|upkeep
|
|t:|1653127151
|switch|p2a: Celebi|Celebi|100/100
|turn|8
|j| burritosBURRITOS
|
|t:|1653127172
|move|p2a: Celebi|Energy Ball|p1a: Steelix
|-damage|p1a: Steelix|0 fnt
|faint|p1a: Steelix
|
|upkeep
|
|t:|1653127179
|switch|p1a: Celebi|Celebi|100/100
|turn|9
|
|t:|1653127183
|switch|p2a: Weezing|Weezing-Galar, F|100/100
|move|p1a: Celebi|U-turn|p2a: Weezing
|-resisted|p2a: Weezing
|-damage|p2a: Weezing|98/100
|
|t:|1653127193
|switch|p1a: Klefki|Klefki, F|100/100 par|[from]move: U-turn
|
|-heal|p2a: Weezing|100/100|[from] item: Leftovers
|upkeep
|turn|10
|l| pokeperson69420
|
|t:|1653127199
|switch|p2a: Steelix|Steelix, F|100/100
|move|p1a: Klefki|Spikes|p2a: Steelix
|-sidestart|p2: harshad b10|Spikes
|
|upkeep
|turn|11
|
|t:|1653127201
|move|p2a: Steelix|Dragon Dance|p2a: Steelix
|-boost|p2a: Steelix|atk|1
|-boost|p2a: Steelix|spe|1
|move|p1a: Klefki|Foul Play|p2a: Steelix
|-damage|p2a: Steelix|75/100
|
|upkeep
|turn|12
|
|t:|1653127206
|move|p2a: Steelix|Dragon Dance|p2a: Steelix
|-boost|p2a: Steelix|atk|1
|-boost|p2a: Steelix|spe|1
|move|p1a: Klefki|Foul Play|p2a: Steelix
|-damage|p2a: Steelix|41/100
|
|upkeep
|turn|13
|l| burritosBURRITOS
|j| atavaito
|
|t:|1653127216
|move|p2a: Steelix|Earthquake|p1a: Klefki
|-supereffective|p1a: Klefki
|-crit|p1a: Klefki
|-damage|p1a: Klefki|0 fnt
|faint|p1a: Klefki
|
|upkeep
|
|t:|1653127220
|switch|p1a: Celebi|Celebi|100/100
|turn|14
|j| JJ09LIE
|
|t:|1653127231
|switch|p2a: Weezing|Weezing-Galar, F|100/100
|move|p1a: Celebi|Earth Power|p2a: Weezing
|-immune|p2a: Weezing|[from] ability: Levitate
|
|upkeep
|turn|15
|
|t:|1653127239
|switch|p1a: Crobat|Crobat, M|100/100
|move|p2a: Weezing|Toxic|p1a: Crobat
|-immune|p1a: Crobat
|
|upkeep
|turn|16
|
|t:|1653127245
|move|p1a: Crobat|Dual Wingbeat|p2a: Weezing
|-damage|p2a: Weezing|84/100
|-damage|p2a: Weezing|70/100
|-hitcount|p2a: Weezing|2
|move|p2a: Weezing|Defog|p1a: Crobat
|-unboost|p1a: Crobat|evasion|1
|-sideend|p2: harshad b10|Spikes|[from] move: Defog|[of] p2a: Weezing
|
|-heal|p2a: Weezing|76/100|[from] item: Leftovers
|upkeep
|turn|17
|
|t:|1653127251
|move|p1a: Crobat|Dual Wingbeat|p2a: Weezing
|-damage|p2a: Weezing|60/100
|-damage|p2a: Weezing|45/100
|-hitcount|p2a: Weezing|2
|move|p2a: Weezing|Dazzling Gleam|p1a: Crobat
|-resisted|p1a: Crobat
|-damage|p1a: Crobat|84/100
|
|-heal|p2a: Weezing|51/100|[from] item: Leftovers
|upkeep
|turn|18
|
|t:|1653127256
|move|p1a: Crobat|Dual Wingbeat|p2a: Weezing
|-damage|p2a: Weezing|35/100
|-damage|p2a: Weezing|18/100
|-hitcount|p2a: Weezing|2
|move|p2a: Weezing|Dazzling Gleam|p1a: Crobat
|-resisted|p1a: Crobat
|-damage|p1a: Crobat|67/100
|
|-heal|p2a: Weezing|24/100|[from] item: Leftovers
|upkeep
|turn|19
|
|t:|1653127263
|move|p1a: Crobat|Dual Wingbeat|p2a: Weezing
|-damage|p2a: Weezing|6/100
|-damage|p2a: Weezing|0 fnt
|faint|p2a: Weezing
|-hitcount|p2: Weezing|2
|
|upkeep
|
|t:|1653127272
|switch|p2a: Nidoqueen|Nidoqueen, F|100/100
|turn|20
|
|t:|1653127274
|move|p1a: Crobat|Dual Wingbeat|p2a: Nidoqueen
|-damage|p2a: Nidoqueen|71/100
|-damage|p2a: Nidoqueen|39/100
|-hitcount|p2a: Nidoqueen|2
|move|p2a: Nidoqueen|Rock Slide|p1a: Crobat
|-supereffective|p1a: Crobat
|-damage|p1a: Crobat|0 fnt
|faint|p1a: Crobat
|
|upkeep
|
|t:|1653127283
|switch|p1a: Celebi|Celebi|100/100
|turn|21
|c|☆harshad b10|not in a good situation
|
|t:|1653127288
|move|p1a: Celebi|Shadow Ball|p2a: Nidoqueen
|-damage|p2a: Nidoqueen|11/100
|move|p2a: Nidoqueen|Crunch|p1a: Celebi
|-supereffective|p1a: Celebi
|-damage|p1a: Celebi|28/100
|
|upkeep
|turn|22
|
|t:|1653127292
|move|p1a: Celebi|Shadow Ball|p2a: Nidoqueen
|-damage|p2a: Nidoqueen|0 fnt
|faint|p2a: Nidoqueen
|
|upkeep
|
|t:|1653127294
|switch|p2a: Celebi|Celebi|100/100
|turn|23
|
|t:|1653127305
|move|p1a: Celebi|Shadow Ball|p2a: Celebi
|-supereffective|p2a: Celebi
|-damage|p2a: Celebi|58/100
|-unboost|p2a: Celebi|spd|1
|move|p2a: Celebi|Energy Ball|p1a: Celebi
|-resisted|p1a: Celebi
|-damage|p1a: Celebi|0 fnt
|faint|p1a: Celebi
|
|upkeep
|
|t:|1653127314
|switch|p1a: Weezing|Weezing-Galar, M|100/100
|turn|24
|
|t:|1653127319
|move|p2a: Celebi|Energy Ball|p1a: Weezing
|-resisted|p1a: Weezing
|-damage|p1a: Weezing|72/100
|move|p1a: Weezing|Flamethrower|p2a: Celebi
|-supereffective|p2a: Celebi
|-damage|p2a: Celebi|0 fnt
|faint|p2a: Celebi
|
|-heal|p1a: Weezing|78/100|[from] item: Black Sludge
|upkeep
|
|t:|1653127323
|switch|p2a: Steelix|Steelix, F|41/100
|turn|25
|
|t:|1653127330
|move|p2a: Steelix|Dragon Dance|p2a: Steelix
|-boost|p2a: Steelix|atk|1
|-boost|p2a: Steelix|spe|1
|move|p1a: Weezing|Will-O-Wisp|p2a: Steelix
|-status|p2a: Steelix|brn
|
|-heal|p1a: Weezing|84/100|[from] item: Black Sludge
|-damage|p2a: Steelix|35/100 brn|[from] brn
|upkeep
|turn|26
|l| Terrific Ninetales
|
|t:|1653127335
|move|p2a: Steelix|Heavy Slam|p1a: Weezing
|-supereffective|p1a: Weezing
|-damage|p1a: Weezing|13/100
|move|p1a: Weezing|Flamethrower|p2a: Steelix
|-supereffective|p2a: Steelix
|-damage|p2a: Steelix|0 fnt
|faint|p2a: Steelix
|
|win|EliasOrSo
|n|☆EliasOrSo|eliasorso
|n|☆harshad b10|harshadb10
|n|*Lady Monita ✿|ladymonita
|n| atavaito|atavaito
|n| JJ09LIE|jj09lie
