|j|☆Tintincpajouer
|j|☆BandaCalypso
|t:|1624215104
|gametype|singles
|player|p1|Tintincpajouer|1|1269
|player|p2|BandaCalypso|bruno-gen1|1287
|teamsize|p1|6
|teamsize|p2|6
|gen|8
|tier|[Gen 8] RU
|rated|
|rule|Sleep Clause Mod: Limit one foe put to sleep
|rule|Species Clause: Limit one of each Pokémon
|rule|OHKO Clause: OHKO moves are banned
|rule|Evasion Moves Clause: Evasion moves are banned
|rule|Endless Battle Clause: Forcing endless battles is banned
|rule|HP Percentage Mod: HP is shown in percentages
|rule|Dynamax Clause: You cannot dynamax
|clearpoke
|poke|p1|Bewear, M|
|poke|p1|Chandelure, F|
|poke|p1|Cobalion|
|poke|p1|Seismitoad, F|
|poke|p1|Crobat, M|
|poke|p1|Mimikyu, M|
|poke|p2|Salazzle, F|
|poke|p2|Stakataka|
|poke|p2|Togekiss, F|
|poke|p2|Gastrodon-East, F|
|poke|p2|Zarude|
|poke|p2|Mienshao, M|
|teampreview
|inactive|Battle timer is ON: inactive players will automatically lose when time's up. (requested by Tintincpajouer)
|
|t:|1624215126
|start
|switch|p1a: Cobalion|Cobalion|100/100
|switch|p2a: Zarude|Zarude|100/100
|turn|1
|j| yGon
|
|t:|1624215139
|switch|p2a: Gastrodon|Gastrodon-East, F|100/100
|move|p1a: Cobalion|Stealth Rock|p2a: Gastrodon
|-sidestart|p2: BandaCalypso|move: Stealth Rock
|
|upkeep
|turn|2
|c|☆BandaCalypso|pedrinhas nhami nhami
|
|t:|1624215149
|switch|p1a: Seismitoad|Seismitoad, F|100/100
|move|p2a: Gastrodon|Earth Power|p1a: Seismitoad
|-damage|p1a: Seismitoad|65/100
|
|upkeep
|turn|3
|
|t:|1624215156
|switch|p2a: Zarude|Zarude|100/100
|move|p1a: Seismitoad|Toxic|p2a: Zarude|[miss]
|-miss|p1a: Seismitoad|p2a: Zarude
|
|upkeep
|turn|4
|c|☆BandaCalypso|caralho
|c|☆BandaCalypso|isso n tomou mt dano n?
|
|t:|1624215164
|switch|p1a: Cobalion|Cobalion|100/100
|move|p2a: Zarude|U-turn|p1a: Cobalion
|-resisted|p1a: Cobalion
|-damage|p1a: Cobalion|95/100
|
|t:|1624215173
|switch|p2a: Gastrodon|Gastrodon-East, F|100/100|[from]move: U-turn
|-damage|p2a: Gastrodon|94/100|[from] Stealth Rock
|
|-heal|p2a: Gastrodon|100/100|[from] item: Leftovers
|upkeep
|turn|5
|
|t:|1624215181
|switch|p1a: Crobat|Crobat, M|100/100
|move|p2a: Gastrodon|Earth Power|p1a: Crobat
|-immune|p1a: Crobat
|
|upkeep
|turn|6
|
|t:|1624215189
|move|p1a: Crobat|Super Fang|p2a: Gastrodon
|-damage|p2a: Gastrodon|51/100
|move|p2a: Gastrodon|Ice Beam|p1a: Crobat
|-supereffective|p1a: Crobat
|-damage|p1a: Crobat|56/100
|
|-heal|p1a: Crobat|62/100|[from] item: Black Sludge
|-heal|p2a: Gastrodon|57/100|[from] item: Leftovers
|upkeep
|turn|7
|
|t:|1624215199
|move|p1a: Crobat|U-turn|p2a: Gastrodon
|-damage|p2a: Gastrodon|45/100
|
|t:|1624215204
|switch|p1a: Seismitoad|Seismitoad, F|65/100|[from]move: U-turn
|move|p2a: Gastrodon|Recover|p2a: Gastrodon
|-heal|p2a: Gastrodon|96/100
|
|-heal|p2a: Gastrodon|100/100|[from] item: Leftovers
|upkeep
|turn|8
|
|t:|1624215214
|switch|p2a: Zarude|Zarude|100/100
|move|p1a: Seismitoad|Toxic|p2a: Zarude
|-status|p2a: Zarude|tox
|
|-damage|p2a: Zarude|95/100 tox|[from] psn
|upkeep
|turn|9
|
|t:|1624215223
|switch|p1a: Crobat|Crobat, M|62/100
|move|p2a: Zarude|Power Whip|p1a: Crobat
|-resisted|p1a: Crobat
|-damage|p1a: Crobat|46/100
|
|-heal|p1a: Crobat|53/100|[from] item: Black Sludge
|-damage|p2a: Zarude|83/100 tox|[from] psn
|upkeep
|turn|10
|
|t:|1624215234
|switch|p2a: Stakataka|Stakataka|100/100
|-damage|p2a: Stakataka|94/100|[from] Stealth Rock
|move|p1a: Crobat|U-turn|p2a: Stakataka
|-resisted|p2a: Stakataka
|-damage|p2a: Stakataka|91/100
|c|☆BandaCalypso|yGon
|c|☆BandaCalypso|ru é gordo assim?
|
|t:|1624215241
|switch|p1a: Cobalion|Cobalion|95/100|[from]move: U-turn
|
|-heal|p2a: Stakataka|97/100|[from] item: Leftovers
|upkeep
|turn|11
|c| yGon|gordao
|
|t:|1624215249
|switch|p2a: Gastrodon|Gastrodon-East, F|100/100
|-damage|p2a: Gastrodon|94/100|[from] Stealth Rock
|move|p1a: Cobalion|Close Combat|p2a: Gastrodon
|-damage|p2a: Gastrodon|57/100
|-unboost|p1a: Cobalion|def|1
|-unboost|p1a: Cobalion|spd|1
|
|-heal|p2a: Gastrodon|63/100|[from] item: Leftovers
|upkeep
|turn|12
|c|☆BandaCalypso|cruz credo
|c|☆BandaCalypso|tipo
|
|t:|1624215264
|switch|p1a: Seismitoad|Seismitoad, F|65/100
|move|p2a: Gastrodon|Recover|p2a: Gastrodon
|-heal|p2a: Gastrodon|100/100
|
|upkeep
|turn|13
|c|☆BandaCalypso|n tem nada que eu possa fazer nem ele
|c|☆BandaCalypso|é um ngc mt
|c|☆BandaCalypso|wtf
|
|t:|1624215272
|switch|p2a: Zarude|Zarude|83/100 tox
|move|p1a: Seismitoad|Grass Knot|p2a: Zarude
|-resisted|p2a: Zarude
|-damage|p2a: Zarude|66/100 tox
|-damage|p1a: Seismitoad|55/100|[from] item: Life Orb
|
|-damage|p2a: Zarude|60/100 tox|[from] psn
|upkeep
|turn|14
|c|☆BandaCalypso|uh gostei
|
|t:|1624215283
|switch|p1a: Crobat|Crobat, M|53/100
|move|p2a: Zarude|Jungle Healing|p2a: Zarude
|-heal|p2a: Zarude|85/100 tox
|-curestatus|p2a: Zarude|tox|[msg]
|
|-heal|p1a: Crobat|59/100|[from] item: Black Sludge
|upkeep
|turn|15
|
|t:|1624215295
|move|p1a: Crobat|U-turn|p2a: Zarude
|-supereffective|p2a: Zarude
|-damage|p2a: Zarude|33/100
|
|t:|1624215298
|switch|p1a: Cobalion|Cobalion|95/100|[from]move: U-turn
|move|p2a: Zarude|U-turn|p1a: Cobalion
|-resisted|p1a: Cobalion
|-damage|p1a: Cobalion|90/100
|c| yGon|partida de ru é tudo assim kkk ngm se toca durante uns 40 turno
|
|t:|1624215308
|switch|p2a: Salazzle|Salazzle, F|100/100|[from]move: U-turn
|
|upkeep
|turn|16
|c| yGon|kkk
|c|☆BandaCalypso|desculpa irmao mas eu nao sou assim
|c|☆BandaCalypso|que se foda
|c|☆BandaCalypso|vou quebrar essa porra
|
|t:|1624215337
|move|p2a: Salazzle|Toxic|p1a: Cobalion
|-status|p1a: Cobalion|tox
|move|p1a: Cobalion|Volt Switch|p2a: Salazzle
|-damage|p2a: Salazzle|77/100
|c|☆BandaCalypso|anao
|c|☆BandaCalypso|que toxico
|c|☆BandaCalypso|meu deus
|
|t:|1624215345
|switch|p1a: Seismitoad|Seismitoad, F|55/100|[from]move: Volt Switch
|
|upkeep
|turn|17
|
|t:|1624215353
|switch|p2a: Zarude|Zarude|33/100
|move|p1a: Seismitoad|Hydro Pump|p2a: Zarude
|-resisted|p2a: Zarude
|-damage|p2a: Zarude|4/100
|-damage|p1a: Seismitoad|45/100|[from] item: Life Orb
|
|upkeep
|turn|18
|
|t:|1624215365
|move|p2a: Zarude|Jungle Healing|p2a: Zarude
|-heal|p2a: Zarude|30/100
|move|p1a: Seismitoad|Hydro Pump|p2a: Zarude|[miss]
|-miss|p1a: Seismitoad|p2a: Zarude
|
|upkeep
|turn|19
|
|t:|1624215373
|switch|p1a: Crobat|Crobat, M|59/100
|move|p2a: Zarude|Jungle Healing|p2a: Zarude
|-heal|p2a: Zarude|55/100
|
|-heal|p1a: Crobat|65/100|[from] item: Black Sludge
|upkeep
|turn|20
|c| yGon|por isso que nao jogo ru olha isso
|
|t:|1624215384
|switch|p2a: Stakataka|Stakataka|97/100
|-damage|p2a: Stakataka|91/100|[from] Stealth Rock
|move|p1a: Crobat|Super Fang|p2a: Stakataka
|-damage|p2a: Stakataka|46/100
|
|-heal|p1a: Crobat|71/100|[from] item: Black Sludge
|-heal|p2a: Stakataka|52/100|[from] item: Leftovers
|upkeep
|turn|21
|c| yGon|kkkk
|
|t:|1624215396
|move|p1a: Crobat|U-turn|p2a: Stakataka
|-resisted|p2a: Stakataka
|-damage|p2a: Stakataka|48/100
|c|☆BandaCalypso|nem eu
|c|☆BandaCalypso|gora algo anda
|c|☆BandaCalypso|deixou dar pedras
|
|t:|1624215405
|switch|p1a: Cobalion|Cobalion|90/100 tox|[from]move: U-turn
|move|p2a: Stakataka|Stealth Rock|p1a: Cobalion
|-sidestart|p1: Tintincpajouer|move: Stealth Rock
|
|-heal|p2a: Stakataka|54/100|[from] item: Leftovers
|-damage|p1a: Cobalion|84/100 tox|[from] psn
|upkeep
|turn|22
|
|t:|1624215420
|switch|p1a: Chandelure|Chandelure, F|100/100
|-damage|p1a: Chandelure|76/100|[from] Stealth Rock
|switch|p2a: Gastrodon|Gastrodon-East, F|100/100
|-damage|p2a: Gastrodon|94/100|[from] Stealth Rock
|
|-heal|p2a: Gastrodon|100/100|[from] item: Leftovers
|upkeep
|turn|23
|
|t:|1624215431
|switch|p2a: Mienshao|Mienshao, M|100/100
|-damage|p2a: Mienshao|95/100|[from] Stealth Rock
|move|p1a: Chandelure|Energy Ball|p2a: Mienshao
|-damage|p2a: Mienshao|26/100
|
|upkeep
|turn|24
|
|t:|1624215444
|switch|p1a: Cobalion|Cobalion|84/100 tox
|-damage|p1a: Cobalion|81/100 tox|[from] Stealth Rock
|move|p2a: Mienshao|Knock Off|p1a: Cobalion
|-resisted|p1a: Cobalion
|-damage|p1a: Cobalion|66/100 tox
|-ability|p1a: Cobalion|Justified|boost
|-boost|p1a: Cobalion|atk|1
|-enditem|p1a: Cobalion|Shuca Berry|[from] move: Knock Off|[of] p2a: Mienshao
|
|-damage|p1a: Cobalion|60/100 tox|[from] psn
|upkeep
|turn|25
|c|☆BandaCalypso|24 turnos
|c|☆BandaCalypso|e nesse lenga lemga
|c| yGon|kkk
|
|t:|1624215459
|switch|p2a: Salazzle|Salazzle, F|77/100
|move|p1a: Cobalion|Close Combat|p2a: Salazzle
|-resisted|p2a: Salazzle
|-damage|p2a: Salazzle|14/100
|-unboost|p1a: Cobalion|def|1
|-unboost|p1a: Cobalion|spd|1
|
|-damage|p1a: Cobalion|48/100 tox|[from] psn
|upkeep
|turn|26
|c| yGon|que deprimente
|c|☆BandaCalypso|agora sim algo cai
|
|t:|1624215481
|move|p2a: Salazzle|Fire Blast|p1a: Cobalion
|-supereffective|p1a: Cobalion
|-damage|p1a: Cobalion|0 fnt
|faint|p1a: Cobalion
|
|upkeep
|c| yGon|ae
|c|☆BandaCalypso|prontinho
|c|☆BandaCalypso|aeeeeeeeeeee
|
|t:|1624215490
|switch|p1a: Mimikyu|Mimikyu, M|100/100
|-damage|p1a: Mimikyu|88/100|[from] Stealth Rock
|turn|27
|
|t:|1624215497
|switch|p2a: Gastrodon|Gastrodon-East, F|100/100
|-damage|p2a: Gastrodon|94/100|[from] Stealth Rock
|move|p1a: Mimikyu|Shadow Sneak|p2a: Gastrodon
|-damage|p2a: Gastrodon|79/100
|-damage|p1a: Mimikyu|78/100|[from] item: Life Orb
|
|-heal|p2a: Gastrodon|85/100|[from] item: Leftovers
|upkeep
|turn|28
|
|t:|1624215511
|switch|p1a: Seismitoad|Seismitoad, F|45/100
|-damage|p1a: Seismitoad|39/100|[from] Stealth Rock
|move|p2a: Gastrodon|Clear Smog|p1a: Seismitoad
|-resisted|p1a: Seismitoad
|-damage|p1a: Seismitoad|33/100
|-clearboost|p1a: Seismitoad
|
|-heal|p2a: Gastrodon|91/100|[from] item: Leftovers
|upkeep
|turn|29
|
|t:|1624215523
|switch|p2a: Zarude|Zarude|55/100
|move|p1a: Seismitoad|Toxic|p2a: Zarude
|-status|p2a: Zarude|tox
|
|-damage|p2a: Zarude|49/100 tox|[from] psn
|upkeep
|turn|30
|c| yGon|e começou dnv
|c| yGon|xd
|c|☆BandaCalypso|começou nada
|c|☆BandaCalypso|agora sim ele  vai ver
|
|t:|1624215535
|move|p2a: Zarude|Darkest Lariat|p1a: Seismitoad
|-damage|p1a: Seismitoad|0 fnt
|faint|p1a: Seismitoad
|
|-damage|p2a: Zarude|37/100 tox|[from] psn
|upkeep
|c|☆BandaCalypso|30 turnos mds
|inactive|Tintincpajouer has 120 seconds left.
|c| yGon|kkk
|c|☆BandaCalypso|se isso fosse ubers
|c|☆BandaCalypso|no meko da partida tinha accabado
|c| yGon|em ubers nem chega em 20
|c|☆BandaCalypso|RU é mt gordo
|c| yGon|kkk
|c|☆BandaCalypso|pqp
|inactive|Tintincpajouer has 90 seconds left.
|
|t:|1624215582
|switch|p1a: Crobat|Crobat, M|71/100
|-damage|p1a: Crobat|46/100|[from] Stealth Rock
|turn|31
|
|t:|1624215590
|switch|p2a: Stakataka|Stakataka|54/100
|-damage|p2a: Stakataka|48/100|[from] Stealth Rock
|move|p1a: Crobat|U-turn|p2a: Stakataka
|-resisted|p2a: Stakataka
|-damage|p2a: Stakataka|45/100
|inactive|Tintincpajouer has 90 seconds left.
|
|t:|1624215603
|switch|p1a: Chandelure|Chandelure, F|76/100|[from]move: U-turn
|-damage|p1a: Chandelure|51/100|[from] Stealth Rock
|
|-heal|p2a: Stakataka|51/100|[from] item: Leftovers
|upkeep
|turn|32
|c|☆BandaCalypso|tua equipe é boa
|c|☆BandaCalypso|sério
|c|☆BandaCalypso|to curtindo
|inactive|Tintincpajouer has 90 seconds left.
|
|t:|1624215617
|move|p1a: Chandelure|Fire Blast|p2a: Stakataka
|-damage|p2a: Stakataka|0 fnt
|faint|p2a: Stakataka
|
|upkeep
|
|t:|1624215623
|switch|p2a: Gastrodon|Gastrodon-East, F|91/100
|-damage|p2a: Gastrodon|85/100|[from] Stealth Rock
|turn|33
|
|t:|1624215629
|switch|p1a: Crobat|Crobat, M|46/100
|-damage|p1a: Crobat|21/100|[from] Stealth Rock
|move|p2a: Gastrodon|Ice Beam|p1a: Crobat
|-supereffective|p1a: Crobat
|-damage|p1a: Crobat|0 fnt
|faint|p1a: Crobat
|
|-heal|p2a: Gastrodon|91/100|[from] item: Leftovers
|upkeep
|
|t:|1624215641
|switch|p1a: Chandelure|Chandelure, F|51/100
|-damage|p1a: Chandelure|26/100|[from] Stealth Rock
|turn|34
|
|t:|1624215651
|switch|p2a: Salazzle|Salazzle, F|14/100
|move|p1a: Chandelure|Shadow Ball|p2a: Salazzle
|-damage|p2a: Salazzle|0 fnt
|faint|p2a: Salazzle
|
|upkeep
|
|t:|1624215658
|switch|p2a: Mienshao|Mienshao, M|60/100
|-damage|p2a: Mienshao|54/100|[from] Stealth Rock
|turn|35
|
|t:|1624215663
|move|p2a: Mienshao|Knock Off|p1a: Chandelure
|-supereffective|p1a: Chandelure
|-damage|p1a: Chandelure|0 fnt
|-enditem|p1a: Chandelure|Choice Scarf|[from] move: Knock Off|[of] p2a: Mienshao
|faint|p1a: Chandelure
|
|upkeep
|
|t:|1624215669
|switch|p1a: Bewear|Bewear, M|100/100
|-damage|p1a: Bewear|94/100|[from] Stealth Rock
|turn|36
|inactive|Tintincpajouer has 120 seconds left.
|
|t:|1624215684
|move|p2a: Mienshao|Knock Off|p1a: Bewear
|-resisted|p1a: Bewear
|-damage|p1a: Bewear|88/100
|-enditem|p1a: Bewear|Choice Band|[from] move: Knock Off|[of] p2a: Mienshao
|move|p1a: Bewear|Ice Punch|p2a: Mienshao
|-damage|p2a: Mienshao|0 fnt
|faint|p2a: Mienshao
|
|upkeep
|
|t:|1624215692
|switch|p2a: Togekiss|Togekiss, F|100/100
|turn|37
|c|☆BandaCalypso|boa
|c| yGon|por isso que eu faço amiguinhos :D é dahora testar times e partilhar opinioes
|
|t:|1624215696
|move|p2a: Togekiss|Air Slash|p1a: Bewear
|-supereffective|p1a: Bewear
|-damage|p1a: Bewear|6/100
|cant|p1a: Bewear|flinch
|
|upkeep
|turn|38
|c| yGon|:D
|j| Test & Observe
|c|☆BandaCalypso|ygon e seus contatinhos
|
|t:|1624215711
|move|p2a: Togekiss|Flamethrower|p1a: Bewear
|-damage|p1a: Bewear|0 fnt
|faint|p1a: Bewear
|
|upkeep
|inactive|Tintincpajouer has 120 seconds left.
|c|☆Tintincpajouer|This one helps a lot
|
|t:|1624215730
|switch|p1a: Mimikyu|Mimikyu, M|78/100
|-damage|p1a: Mimikyu|66/100|[from] Stealth Rock
|turn|39
|
|t:|1624215739
|move|p1a: Mimikyu|Shadow Claw|p2a: Togekiss
|-damage|p2a: Togekiss|67/100
|-damage|p1a: Mimikyu|56/100|[from] item: Life Orb
|move|p2a: Togekiss|Flamethrower|p1a: Mimikyu
|-activate|p1a: Mimikyu|ability: Disguise
|-damage|p1a: Mimikyu|56/100
|detailschange|p1a: Mimikyu|Mimikyu-Busted, M
|-damage|p1a: Mimikyu|44/100|[from] pokemon: Mimikyu-Busted
|
|upkeep
|turn|40
|c|☆BandaCalypso|O erro dele foi ter deixado eu dar rocks
|c|☆BandaCalypso|mimikyu me winnava tlg
|inactive|Tintincpajouer has 120 seconds left.
|c|☆BandaCalypso|chandelure tmb
|
|t:|1624215759
|move|p1a: Mimikyu|Shadow Claw|p2a: Togekiss
|-damage|p2a: Togekiss|31/100
|-damage|p1a: Mimikyu|34/100|[from] item: Life Orb
|move|p2a: Togekiss|Flamethrower|p1a: Mimikyu
|-damage|p1a: Mimikyu|2/100
|
|upkeep
|turn|41
|c|☆BandaCalypso|ele tinha umaas 3 wincon
|inactive|Tintincpajouer has 120 seconds left.
|c|☆BandaCalypso|n soube usar
|c|☆BandaCalypso|ai que tá
|
|t:|1624215769
|move|p1a: Mimikyu|Shadow Claw|p2a: Togekiss
|-damage|p2a: Togekiss|0 fnt
|faint|p2a: Togekiss
|-damage|p1a: Mimikyu|0 fnt|[from] item: Life Orb
|faint|p1a: Mimikyu
|
|win|BandaCalypso
|raw|Tintincpajouer's rating: 1269 &rarr; <strong>1245</strong><br />(-24 for losing)
|raw|BandaCalypso's rating: 1287 &rarr; <strong>1311</strong><br />(+24 for winning)
|c|☆Tintincpajouer|Gg
|c|☆BandaCalypso|gg
|l| yGon
|l|☆Tintincpajouer
