|j|☆tonenick
|j|☆buttdango
|t:|1621641112
|gametype|singles
|player|p1|tonenick|101|1454
|player|p2|buttdango|iris|1308
|teamsize|p1|6
|teamsize|p2|6
|gen|8
|tier|[Gen 8] RU
|rated|
|rule|Sleep Clause Mod: Limit one foe put to sleep
|rule|Species Clause: Limit one of each Pokémon
|rule|OHKO Clause: OHKO moves are banned
|rule|Evasion Moves Clause: Evasion moves are banned
|rule|Endless Battle Clause: Forcing endless battles is banned
|rule|HP Percentage Mod: HP is shown in percentages
|rule|Dynamax Clause: You cannot dynamax
|clearpoke
|poke|p1|Regidrago|
|poke|p1|Weezing-Galar, F|
|poke|p1|Cobalion|
|poke|p1|Snorlax, M|
|poke|p1|Barraskewda, M|
|poke|p1|Gastrodon, M|
|poke|p2|Zarude|
|poke|p2|Xurkitree|
|poke|p2|Cresselia, F|
|poke|p2|Seismitoad, M|
|poke|p2|Bewear, M|
|poke|p2|Togekiss, F|
|teampreview
|j| It´sOnlyMarv
|
|t:|1621641204
|start
|switch|p1a: Regidrago|Regidrago|100/100
|switch|p2a: Xurkitree|Xurkitree|100/100
|turn|1
|
|t:|1621641250
|switch|p1a: Snorlax|Snorlax, M|100/100
|move|p2a: Xurkitree|Volt Switch|p1a: Snorlax
|-damage|p1a: Snorlax|77/100
|
|t:|1621641274
|switch|p2a: Bewear|Bewear, M|100/100|[from]move: Volt Switch
|
|-heal|p1a: Snorlax|84/100|[from] item: Leftovers
|upkeep
|turn|2
|
|t:|1621641280
|switch|p1a: Weezing|Weezing-Galar, F|100/100
|move|p2a: Bewear|Close Combat|p1a: Weezing
|-resisted|p1a: Weezing
|-damage|p1a: Weezing|91/100
|-unboost|p2a: Bewear|def|1
|-unboost|p2a: Bewear|spd|1
|
|-heal|p1a: Weezing|97/100|[from] item: Black Sludge
|upkeep
|turn|3
|
|t:|1621641329
|switch|p2a: Seismitoad|Seismitoad, M|100/100
|switch|p1a: Cobalion|Cobalion|100/100
|
|upkeep
|turn|4
|
|t:|1621641344
|switch|p1a: Weezing|Weezing-Galar, F|97/100
|move|p2a: Seismitoad|Earthquake|p1a: Weezing
|-immune|p1a: Weezing|[from] ability: Levitate
|
|-heal|p1a: Weezing|100/100|[from] item: Black Sludge
|upkeep
|turn|5
|
|t:|1621641348
|move|p2a: Seismitoad|Knock Off|p1a: Weezing
|-resisted|p1a: Weezing
|-damage|p1a: Weezing|93/100
|-enditem|p1a: Weezing|Black Sludge|[from] move: Knock Off|[of] p2a: Seismitoad
|move|p1a: Weezing|Will-O-Wisp|p2a: Seismitoad|[miss]
|-miss|p1a: Weezing|p2a: Seismitoad
|
|upkeep
|turn|6
|
|t:|1621641353
|move|p2a: Seismitoad|Scald|p1a: Weezing
|-damage|p1a: Weezing|61/100
|move|p1a: Weezing|Will-O-Wisp|p2a: Seismitoad
|-status|p2a: Seismitoad|brn
|
|-damage|p2a: Seismitoad|94/100 brn|[from] brn
|upkeep
|turn|7
|
|t:|1621641363
|move|p2a: Seismitoad|Scald|p1a: Weezing
|-damage|p1a: Weezing|30/100
|move|p1a: Weezing|Pain Split|p2a: Seismitoad
|-sethp|p2a: Seismitoad|59/100 brn|[from] move: Pain Split|[silent]
|-sethp|p1a: Weezing|74/100|[from] move: Pain Split
|
|-heal|p2a: Seismitoad|65/100 brn|[from] item: Leftovers
|-damage|p2a: Seismitoad|59/100 brn|[from] brn
|upkeep
|turn|8
|
|t:|1621641379
|switch|p1a: Gastrodon|Gastrodon, M|100/100
|move|p2a: Seismitoad|Scald|p1a: Gastrodon
|-ability|p1a: Gastrodon|Storm Drain|boost
|-boost|p1a: Gastrodon|spa|1
|
|-heal|p2a: Seismitoad|65/100 brn|[from] item: Leftovers
|-damage|p2a: Seismitoad|59/100 brn|[from] brn
|upkeep
|turn|9
|inactive|Battle timer is ON: inactive players will automatically lose when time's up. (requested by buttdango)
|
|t:|1621641432
|switch|p2a: Zarude|Zarude|100/100
|move|p1a: Gastrodon|Earthquake|p2a: Zarude
|-resisted|p2a: Zarude
|-damage|p2a: Zarude|86/100
|
|upkeep
|turn|10
|
|t:|1621641448
|switch|p1a: Weezing|Weezing-Galar, F|74/100
|move|p2a: Zarude|U-turn|p1a: Weezing
|-resisted|p1a: Weezing
|-damage|p1a: Weezing|70/100
|
|t:|1621641455
|switch|p2a: Xurkitree|Xurkitree|100/100|[from]move: U-turn
|
|upkeep
|turn|11
|
|t:|1621641462
|switch|p1a: Snorlax|Snorlax, M|84/100
|move|p2a: Xurkitree|Thunderbolt|p1a: Snorlax
|-damage|p1a: Snorlax|57/100
|
|-heal|p1a: Snorlax|63/100|[from] item: Leftovers
|upkeep
|turn|12
|
|t:|1621641470
|switch|p2a: Bewear|Bewear, M|100/100
|move|p1a: Snorlax|Body Slam|p2a: Bewear
|-damage|p2a: Bewear|82/100
|
|-heal|p1a: Snorlax|69/100|[from] item: Leftovers
|upkeep
|turn|13
|
|t:|1621641490
|switch|p1a: Gastrodon|Gastrodon, M|100/100
|move|p2a: Bewear|Swords Dance|p2a: Bewear
|-boost|p2a: Bewear|atk|2
|
|upkeep
|turn|14
|
|t:|1621641529
|switch|p1a: Regidrago|Regidrago|100/100
|move|p2a: Bewear|Close Combat|p1a: Regidrago
|-damage|p1a: Regidrago|0 fnt
|-unboost|p2a: Bewear|def|1
|-unboost|p2a: Bewear|spd|1
|faint|p1a: Regidrago
|
|upkeep
|
|t:|1621641538
|switch|p1a: Cobalion|Cobalion|100/100
|turn|15
|
|t:|1621641544
|switch|p2a: Togekiss|Togekiss, F|100/100
|move|p1a: Cobalion|Substitute|p1a: Cobalion
|-start|p1a: Cobalion|Substitute
|-damage|p1a: Cobalion|76/100
|
|-heal|p1a: Cobalion|82/100|[from] item: Leftovers
|upkeep
|turn|16
|
|t:|1621641548
|move|p1a: Cobalion|Swords Dance|p1a: Cobalion
|-boost|p1a: Cobalion|atk|2
|move|p2a: Togekiss|Air Slash|p1a: Cobalion
|-end|p1a: Cobalion|Substitute
|
|-heal|p1a: Cobalion|88/100|[from] item: Leftovers
|upkeep
|turn|17
|
|t:|1621641555
|move|p1a: Cobalion|Substitute|p1a: Cobalion
|-start|p1a: Cobalion|Substitute
|-damage|p1a: Cobalion|63/100
|move|p2a: Togekiss|Air Slash|p1a: Cobalion
|-end|p1a: Cobalion|Substitute
|
|-heal|p1a: Cobalion|70/100|[from] item: Leftovers
|upkeep
|turn|18
|
|t:|1621641559
|move|p1a: Cobalion|Iron Head|p2a: Togekiss
|-supereffective|p2a: Togekiss
|-damage|p2a: Togekiss|15/100
|move|p2a: Togekiss|Air Slash|p1a: Cobalion
|-damage|p1a: Cobalion|27/100
|
|-heal|p1a: Cobalion|33/100|[from] item: Leftovers
|upkeep
|turn|19
|
|t:|1621641565
|move|p1a: Cobalion|Iron Head|p2a: Togekiss
|-supereffective|p2a: Togekiss
|-damage|p2a: Togekiss|0 fnt
|faint|p2a: Togekiss
|
|-heal|p1a: Cobalion|39/100|[from] item: Leftovers
|upkeep
|
|t:|1621641568
|switch|p2a: Xurkitree|Xurkitree|100/100
|turn|20
|
|t:|1621641582
|switch|p1a: Snorlax|Snorlax, M|69/100
|move|p2a: Xurkitree|Thunderbolt|p1a: Snorlax
|-damage|p1a: Snorlax|42/100
|
|-heal|p1a: Snorlax|48/100|[from] item: Leftovers
|upkeep
|turn|21
|
|t:|1621641586
|switch|p2a: Bewear|Bewear, M|82/100
|switch|p1a: Gastrodon|Gastrodon, M|100/100
|
|upkeep
|turn|22
|
|t:|1621641594
|switch|p2a: Zarude|Zarude|86/100
|move|p1a: Gastrodon|Scald|p2a: Zarude
|-resisted|p2a: Zarude
|-damage|p2a: Zarude|75/100
|
|upkeep
|turn|23
|inactive|tonenick has 120 seconds left.
|
|t:|1621641633
|switch|p1a: Weezing|Weezing-Galar, F|70/100
|move|p2a: Zarude|U-turn|p1a: Weezing
|-resisted|p1a: Weezing
|-damage|p1a: Weezing|66/100
|
|t:|1621641647
|switch|p2a: Xurkitree|Xurkitree|100/100|[from]move: U-turn
|
|upkeep
|turn|24
|inactive|tonenick has 120 seconds left.
|
|t:|1621641667
|switch|p1a: Snorlax|Snorlax, M|48/100
|move|p2a: Xurkitree|Energy Ball|p1a: Snorlax
|-damage|p1a: Snorlax|30/100
|
|-heal|p1a: Snorlax|36/100|[from] item: Leftovers
|upkeep
|turn|25
|
|t:|1621641677
|switch|p2a: Bewear|Bewear, M|82/100
|move|p1a: Snorlax|Rest|p1a: Snorlax
|-status|p1a: Snorlax|slp|[from] move: Rest
|-heal|p1a: Snorlax|100/100 slp|[silent]
|
|upkeep
|turn|26
|inactive|tonenick has 120 seconds left.
|
|t:|1621641702
|switch|p1a: Barraskewda|Barraskewda, M|100/100
|move|p2a: Bewear|Swords Dance|p2a: Bewear
|-boost|p2a: Bewear|atk|2
|
|upkeep
|turn|27
|inactive|tonenick has 90 seconds left.
|
|t:|1621641744
|move|p1a: Barraskewda|Flip Turn|p2a: Bewear
|-damage|p2a: Bewear|53/100
|
|t:|1621641746
|switch|p1a: Weezing|Weezing-Galar, F|66/100|[from]move: Flip Turn
|move|p2a: Bewear|Double-Edge|p1a: Weezing
|-damage|p1a: Weezing|0 fnt
|faint|p1a: Weezing
|-damage|p2a: Bewear|34/100|[from] Recoil
|
|upkeep
|
|t:|1621641754
|switch|p1a: Cobalion|Cobalion|39/100
|turn|28
|inactive|tonenick has 90 seconds left.
|
|t:|1621641766
|switch|p2a: Seismitoad|Seismitoad, M|59/100 brn
|move|p1a: Cobalion|Close Combat|p2a: Seismitoad
|-damage|p2a: Seismitoad|6/100 brn
|-unboost|p1a: Cobalion|def|1
|-unboost|p1a: Cobalion|spd|1
|
|-heal|p1a: Cobalion|45/100|[from] item: Leftovers
|-heal|p2a: Seismitoad|12/100 brn|[from] item: Leftovers
|-damage|p2a: Seismitoad|6/100 brn|[from] brn
|upkeep
|turn|29
|inactive|tonenick has 90 seconds left.
|
|t:|1621641778
|move|p1a: Cobalion|Iron Head|p2a: Seismitoad
|-resisted|p2a: Seismitoad
|-damage|p2a: Seismitoad|0 fnt
|faint|p2a: Seismitoad
|
|-heal|p1a: Cobalion|51/100|[from] item: Leftovers
|upkeep
|
|t:|1621641789
|switch|p2a: Xurkitree|Xurkitree|100/100
|turn|30
|inactive|tonenick has 90 seconds left.
|inactive|tonenick has 60 seconds left.
|
|t:|1621641843
|switch|p1a: Snorlax|Snorlax, M|100/100 slp
|move|p2a: Xurkitree|Volt Switch|p1a: Snorlax
|-damage|p1a: Snorlax|78/100 slp
|
|t:|1621641850
|switch|p2a: Bewear|Bewear, M|34/100|[from]move: Volt Switch
|
|-heal|p1a: Snorlax|84/100 slp|[from] item: Leftovers
|upkeep
|turn|31
|
|t:|1621641857
|switch|p1a: Barraskewda|Barraskewda, M|100/100
|move|p2a: Bewear|Close Combat|p1a: Barraskewda
|-damage|p1a: Barraskewda|0 fnt
|-unboost|p2a: Bewear|def|1
|-unboost|p2a: Bewear|spd|1
|faint|p1a: Barraskewda
|
|upkeep
|
|t:|1621641860
|switch|p1a: Cobalion|Cobalion|51/100
|turn|32
|
|t:|1621641872
|switch|p2a: Cresselia|Cresselia, F|100/100
|move|p1a: Cobalion|Substitute|p1a: Cobalion
|-start|p1a: Cobalion|Substitute
|-damage|p1a: Cobalion|27/100
|
|-heal|p1a: Cobalion|33/100|[from] item: Leftovers
|upkeep
|turn|33
|
|t:|1621641876
|move|p1a: Cobalion|Swords Dance|p1a: Cobalion
|-boost|p1a: Cobalion|atk|2
|move|p2a: Cresselia|Moonblast|p1a: Cobalion
|-activate|p1a: Cobalion|move: Substitute|[damage]
|
|-heal|p1a: Cobalion|39/100|[from] item: Leftovers
|upkeep
|turn|34
|
|t:|1621641884
|move|p1a: Cobalion|Swords Dance|p1a: Cobalion
|-boost|p1a: Cobalion|atk|2
|move|p2a: Cresselia|Psyshock|p1a: Cobalion
|-end|p1a: Cobalion|Substitute
|
|-heal|p1a: Cobalion|45/100|[from] item: Leftovers
|upkeep
|turn|35
|inactive|tonenick has 90 seconds left.
|
|t:|1621641893
|move|p1a: Cobalion|Iron Head|p2a: Cresselia
|-damage|p2a: Cresselia|48/100
|cant|p2a: Cresselia|flinch
|
|-heal|p1a: Cobalion|51/100|[from] item: Leftovers
|-heal|p2a: Cresselia|54/100|[from] item: Leftovers
|upkeep
|turn|36
|l| It´sOnlyMarv
|
|t:|1621641898
|move|p1a: Cobalion|Iron Head|p2a: Cresselia
|-damage|p2a: Cresselia|0 fnt
|faint|p2a: Cresselia
|
|-heal|p1a: Cobalion|57/100|[from] item: Leftovers
|upkeep
|
|t:|1621641900
|switch|p2a: Xurkitree|Xurkitree|100/100
|turn|37
|inactive|tonenick has 90 seconds left.
|inactive|tonenick has 60 seconds left.
|
|t:|1621641983
|switch|p1a: Gastrodon|Gastrodon, M|100/100
|move|p2a: Xurkitree|Volt Switch|p1a: Gastrodon
|-immune|p1a: Gastrodon
|
|upkeep
|turn|38
|
|t:|1621641986
|switch|p2a: Zarude|Zarude|75/100
|switch|p1a: Cobalion|Cobalion|57/100
|
|-heal|p1a: Cobalion|64/100|[from] item: Leftovers
|upkeep
|turn|39
|
|t:|1621641996
|move|p1a: Cobalion|Close Combat|p2a: Zarude
|-supereffective|p2a: Zarude
|-damage|p2a: Zarude|0 fnt
|-unboost|p1a: Cobalion|def|1
|-unboost|p1a: Cobalion|spd|1
|faint|p2a: Zarude
|
|-heal|p1a: Cobalion|70/100|[from] item: Leftovers
|upkeep
|
|t:|1621641999
|switch|p2a: Xurkitree|Xurkitree|100/100
|turn|40
|inactive|tonenick has 60 seconds left.
|
|t:|1621642027
|switch|p1a: Snorlax|Snorlax, M|84/100 slp
|move|p2a: Xurkitree|Energy Ball|p1a: Snorlax
|-damage|p1a: Snorlax|66/100 slp
|
|-heal|p1a: Snorlax|72/100 slp|[from] item: Leftovers
|upkeep
|turn|41
|
|t:|1621642033
|switch|p2a: Bewear|Bewear, M|34/100
|switch|p1a: Cobalion|Cobalion|70/100
|
|-heal|p1a: Cobalion|76/100|[from] item: Leftovers
|upkeep
|turn|42
|
|t:|1621642037
|move|p1a: Cobalion|Close Combat|p2a: Bewear
|-supereffective|p2a: Bewear
|-damage|p2a: Bewear|0 fnt
|-unboost|p1a: Cobalion|def|1
|-unboost|p1a: Cobalion|spd|1
|faint|p2a: Bewear
|
|-heal|p1a: Cobalion|82/100|[from] item: Leftovers
|upkeep
|-message|buttdango forfeited.
|
|win|tonenick
|raw|tonenick's rating: 1454 &rarr; <strong>1466</strong><br />(+12 for winning)
|raw|buttdango's rating: 1308 &rarr; <strong>1296</strong><br />(-12 for losing)
|l|☆buttdango
