|raw|<div class="broadcast-blue"><strong>This battle is required to be public due to a player having a name starting with 'rult70'.</div>
|j|☆motistrat
|j|☆rult70m mac3 ✝
|t:|1626887299
|gametype|singles
|player|p1|motistrat|n|1385
|player|p2|rult70m mac3 ✝|roxie|1526
|teamsize|p1|6
|teamsize|p2|6
|gen|8
|tier|[Gen 8] RU
|rated|
|rule|Sleep Clause Mod: Limit one foe put to sleep
|rule|Species Clause: Limit one of each Pokémon
|rule|OHKO Clause: OHKO moves are banned
|rule|Evasion Moves Clause: Evasion moves are banned
|rule|Endless Battle Clause: Forcing endless battles is banned
|rule|HP Percentage Mod: HP is shown in percentages
|rule|Dynamax Clause: You cannot dynamax
|clearpoke
|poke|p1|Politoed, M|
|poke|p1|Barraskewda, F|
|poke|p1|Kingdra, M|
|poke|p1|Tornadus, M|
|poke|p1|Metagross|
|poke|p1|Lycanroc, F|
|poke|p2|Necrozma|
|poke|p2|Cobalion|
|poke|p2|Diancie|
|poke|p2|Flygon, F|
|poke|p2|Vaporeon, F|
|poke|p2|Durant, F|
|teampreview
|j|+Feliburn
|j| Nezloe
|
|t:|1626887328
|start
|switch|p1a: Lycanroc|Lycanroc, F|100/100
|switch|p2a: Diancie|Diancie|100/100
|turn|1
|
|t:|1626887333
|move|p1a: Lycanroc|Taunt|p2a: Diancie
|-start|p2a: Diancie|move: Taunt
|move|p2a: Diancie|Diamond Storm|p1a: Lycanroc
|-damage|p1a: Lycanroc|46/100
|-boost|p2a: Diancie|def|2
|
|upkeep
|turn|2
|
|t:|1626887338
|move|p1a: Lycanroc|Stealth Rock|p2a: Diancie
|-sidestart|p2: rult70m mac3 ✝|move: Stealth Rock
|move|p2a: Diancie|Diamond Storm|p1a: Lycanroc
|-damage|p1a: Lycanroc|0 fnt
|-boost|p2a: Diancie|def|2
|faint|p1a: Lycanroc
|
|upkeep
|
|t:|1626887342
|switch|p1a: Politoed|Politoed, M|100/100
|-weather|RainDance|[from] ability: Drizzle|[of] p1a: Politoed
|turn|3
|
|t:|1626887348
|switch|p2a: Vaporeon|Vaporeon, F|100/100
|-damage|p2a: Vaporeon|88/100|[from] Stealth Rock
|move|p1a: Politoed|Toxic|p2a: Vaporeon
|-status|p2a: Vaporeon|tox
|
|-weather|RainDance|[upkeep]
|-heal|p2a: Vaporeon|94/100 tox|[from] item: Leftovers
|-damage|p2a: Vaporeon|88/100 tox|[from] psn
|upkeep
|turn|4
|j| 4D4OnFloor
|
|t:|1626887366
|switch|p1a: Kingdra|Kingdra, M|100/100
|move|p2a: Vaporeon|Flip Turn|p1a: Kingdra
|-resisted|p1a: Kingdra
|-damage|p1a: Kingdra|95/100
|
|t:|1626887378
|switch|p2a: Durant|Durant, F|100/100|[from]move: Flip Turn
|-damage|p2a: Durant|88/100|[from] Stealth Rock
|
|-weather|RainDance|[upkeep]
|upkeep
|turn|5
|
|t:|1626887388
|move|p2a: Durant|First Impression|p1a: Kingdra
|-crit|p1a: Kingdra
|-damage|p1a: Kingdra|0 fnt
|faint|p1a: Kingdra
|-damage|p2a: Durant|78/100|[from] item: Life Orb
|
|-weather|RainDance|[upkeep]
|upkeep
|
|t:|1626887393
|switch|p1a: Tornadus|Tornadus, M|100/100
|turn|6
|
|t:|1626887401
|switch|p2a: Diancie|Diancie|100/100
|-damage|p2a: Diancie|88/100|[from] Stealth Rock
|move|p1a: Tornadus|Hurricane|p2a: Diancie
|-resisted|p2a: Diancie
|-damage|p2a: Diancie|71/100
|
|-weather|RainDance|[upkeep]
|-heal|p2a: Diancie|77/100|[from] item: Leftovers
|upkeep
|turn|7
|j| rult70e ifo
|
|t:|1626887438
|switch|p1a: Barraskewda|Barraskewda, F|100/100
|move|p2a: Diancie|Heal Bell|p2a: Diancie
|-activate|p2a: Diancie|move: Heal Bell
|-curestatus|p2: Vaporeon|tox|[msg]
|
|-weather|RainDance|[upkeep]
|-heal|p2a: Diancie|83/100|[from] item: Leftovers
|upkeep
|turn|8
|j| zben ☭_☭
|
|t:|1626887454
|switch|p2a: Necrozma|Necrozma|100/100
|-damage|p2a: Necrozma|88/100|[from] Stealth Rock
|move|p1a: Barraskewda|Flip Turn|p2a: Necrozma
|-crit|p2a: Necrozma
|-damage|p2a: Necrozma|18/100
|
|t:|1626887461
|switch|p1a: Metagross|Metagross|100/100|[from]move: Flip Turn
|
|-weather|RainDance|[upkeep]
|-heal|p2a: Necrozma|24/100|[from] item: Leftovers
|upkeep
|turn|9
|
|t:|1626887467
|switch|p2a: Flygon|Flygon, F|100/100
|-damage|p2a: Flygon|94/100|[from] Stealth Rock
|move|p1a: Metagross|Agility|p1a: Metagross
|-boost|p1a: Metagross|spe|2
|
|-weather|RainDance|[upkeep]
|upkeep
|turn|10
|
|t:|1626887482
|move|p1a: Metagross|Meteor Mash|p2a: Flygon
|-damage|p2a: Flygon|30/100
|move|p2a: Flygon|Defog|p1a: Metagross
|-fail|p1a: Metagross|unboost|[from] ability: Clear Body|[of] p1a: Metagross
|-sideend|p2: rult70m mac3 ✝|Stealth Rock|[from] move: Defog|[of] p2a: Flygon
|
|-weather|none
|upkeep
|turn|11
|
|t:|1626887489
|switch|p2a: Vaporeon|Vaporeon, F|88/100
|move|p1a: Metagross|Meteor Mash|p2a: Vaporeon
|-resisted|p2a: Vaporeon
|-crit|p2a: Vaporeon
|-damage|p2a: Vaporeon|59/100
|-boost|p1a: Metagross|atk|1
|
|-heal|p2a: Vaporeon|65/100|[from] item: Leftovers
|upkeep
|turn|12
|
|t:|1626887495
|move|p2a: Vaporeon|Protect|p2a: Vaporeon
|-singleturn|p2a: Vaporeon|Protect
|move|p1a: Metagross|Earthquake|p2a: Vaporeon
|-activate|p2a: Vaporeon|move: Protect
|
|-heal|p2a: Vaporeon|71/100|[from] item: Leftovers
|upkeep
|turn|13
|
|t:|1626887501
|move|p1a: Metagross|Meteor Mash|p2a: Vaporeon
|-resisted|p2a: Vaporeon
|-damage|p2a: Vaporeon|42/100
|move|p2a: Vaporeon|Scald|p1a: Metagross
|-damage|p1a: Metagross|66/100
|-status|p1a: Metagross|brn
|
|-heal|p2a: Vaporeon|49/100|[from] item: Leftovers
|-damage|p1a: Metagross|60/100 brn|[from] brn
|upkeep
|turn|14
|
|t:|1626887511
|switch|p1a: Politoed|Politoed, M|100/100
|-weather|RainDance|[from] ability: Drizzle|[of] p1a: Politoed
|move|p2a: Vaporeon|Wish|p2a: Vaporeon
|
|-weather|RainDance|[upkeep]
|-heal|p2a: Vaporeon|55/100|[from] item: Leftovers
|upkeep
|turn|15
|
|t:|1626887517
|move|p2a: Vaporeon|Protect|p2a: Vaporeon
|-singleturn|p2a: Vaporeon|Protect
|move|p1a: Politoed|Scald|p2a: Vaporeon
|-activate|p2a: Vaporeon|move: Protect
|
|-weather|RainDance|[upkeep]
|-heal|p2a: Vaporeon|100/100|[from] move: Wish|[wisher] Vaporeon
|upkeep
|turn|16
|
|t:|1626887523
|move|p2a: Vaporeon|Wish|p2a: Vaporeon
|move|p1a: Politoed|Toxic|p2a: Vaporeon
|-status|p2a: Vaporeon|tox
|
|-weather|RainDance|[upkeep]
|-damage|p2a: Vaporeon|94/100 tox|[from] psn
|upkeep
|turn|17
|j| kaheti
|
|t:|1626887529
|move|p2a: Vaporeon|Flip Turn|p1a: Politoed
|-resisted|p1a: Politoed
|-damage|p1a: Politoed|93/100
|
|t:|1626887538
|switch|p2a: Cobalion|Cobalion|100/100|[from]move: Flip Turn
|move|p1a: Politoed|Scald|p2a: Cobalion
|-damage|p2a: Cobalion|48/100
|
|-weather|RainDance|[upkeep]
|-heal|p2a: Cobalion|100/100|[from] move: Wish|[wisher] Vaporeon
|upkeep
|turn|18
|
|t:|1626887545
|move|p2a: Cobalion|Iron Head|p1a: Politoed
|-resisted|p1a: Politoed
|-damage|p1a: Politoed|80/100
|move|p1a: Politoed|Scald|p2a: Cobalion
|-damage|p2a: Cobalion|44/100
|
|-weather|RainDance|[upkeep]
|upkeep
|turn|19
|
|t:|1626887553
|switch|p2a: Vaporeon|Vaporeon, F|94/100 tox
|switch|p1a: Tornadus|Tornadus, M|100/100
|
|-weather|RainDance|[upkeep]
|-heal|p2a: Vaporeon|100/100 tox|[from] item: Leftovers
|-damage|p2a: Vaporeon|94/100 tox|[from] psn
|upkeep
|turn|20
|
|t:|1626887564
|switch|p1a: Barraskewda|Barraskewda, F|100/100
|move|p2a: Vaporeon|Scald|p1a: Barraskewda
|-resisted|p1a: Barraskewda
|-damage|p1a: Barraskewda|47/100
|
|-weather|RainDance|[upkeep]
|-heal|p2a: Vaporeon|100/100 tox|[from] item: Leftovers
|-damage|p2a: Vaporeon|88/100 tox|[from] psn
|upkeep
|turn|21
|
|t:|1626887576
|move|p1a: Barraskewda|Close Combat|p2a: Vaporeon
|-damage|p2a: Vaporeon|41/100 tox
|-unboost|p1a: Barraskewda|def|1
|-unboost|p1a: Barraskewda|spd|1
|move|p2a: Vaporeon|Scald|p1a: Barraskewda
|-resisted|p1a: Barraskewda
|-damage|p1a: Barraskewda|0 fnt
|faint|p1a: Barraskewda
|
|-weather|none
|-heal|p2a: Vaporeon|48/100 tox|[from] item: Leftovers
|-damage|p2a: Vaporeon|29/100 tox|[from] psn
|upkeep
|
|t:|1626887580
|switch|p1a: Tornadus|Tornadus, M|100/100
|turn|22
|
|t:|1626887584
|switch|p2a: Diancie|Diancie|83/100
|move|p1a: Tornadus|Rain Dance|p1a: Tornadus
|-weather|RainDance
|
|-weather|RainDance|[upkeep]
|-heal|p2a: Diancie|89/100|[from] item: Leftovers
|upkeep
|turn|23
|
|t:|1626887590
|switch|p1a: Metagross|Metagross|60/100 brn
|move|p2a: Diancie|Diamond Storm|p1a: Metagross
|-resisted|p1a: Metagross
|-crit|p1a: Metagross
|-damage|p1a: Metagross|39/100 brn
|-boost|p2a: Diancie|def|2
|
|-weather|RainDance|[upkeep]
|-heal|p2a: Diancie|95/100|[from] item: Leftovers
|-damage|p1a: Metagross|33/100 brn|[from] brn
|upkeep
|turn|24
|
|t:|1626887603
|move|p1a: Metagross|Meteor Mash|p2a: Diancie
|-supereffective|p2a: Diancie
|-damage|p2a: Diancie|53/100
|move|p2a: Diancie|Heal Bell|p2a: Diancie
|-activate|p2a: Diancie|move: Heal Bell
|-curestatus|p2: Vaporeon|tox|[msg]
|
|-weather|RainDance|[upkeep]
|-heal|p2a: Diancie|59/100|[from] item: Leftovers
|-damage|p1a: Metagross|27/100 brn|[from] brn
|upkeep
|turn|25
|
|t:|1626887611
|switch|p2a: Vaporeon|Vaporeon, F|29/100
|move|p1a: Metagross|Meteor Mash|p2a: Vaporeon
|-resisted|p2a: Vaporeon
|-damage|p2a: Vaporeon|18/100
|
|-weather|RainDance|[upkeep]
|-heal|p2a: Vaporeon|25/100|[from] item: Leftovers
|-damage|p1a: Metagross|21/100 brn|[from] brn
|upkeep
|turn|26
|
|t:|1626887618
|switch|p1a: Tornadus|Tornadus, M|100/100
|move|p2a: Vaporeon|Protect||[still]
|-fail|p2a: Vaporeon
|
|-weather|none
|-heal|p2a: Vaporeon|31/100|[from] item: Leftovers
|upkeep
|turn|27
|
|t:|1626887625
|move|p1a: Tornadus|Hurricane|p2a: Vaporeon
|-damage|p2a: Vaporeon|0 fnt
|faint|p2a: Vaporeon
|
|upkeep
|
|t:|1626887630
|switch|p2a: Diancie|Diancie|59/100
|turn|28
|
|t:|1626887635
|switch|p1a: Politoed|Politoed, M|80/100
|-weather|RainDance|[from] ability: Drizzle|[of] p1a: Politoed
|move|p2a: Diancie|Diamond Storm|p1a: Politoed
|-damage|p1a: Politoed|53/100
|
|-weather|RainDance|[upkeep]
|-heal|p2a: Diancie|65/100|[from] item: Leftovers
|upkeep
|turn|29
|
|t:|1626887666
|switch|p2a: Flygon|Flygon, F|30/100
|move|p1a: Politoed|Scald|p2a: Flygon
|-damage|p2a: Flygon|0 fnt
|faint|p2a: Flygon
|
|-weather|RainDance|[upkeep]
|upkeep
|
|t:|1626887668
|switch|p2a: Cobalion|Cobalion|44/100
|turn|30
|
|t:|1626887677
|move|p1a: Politoed|Protect|p1a: Politoed
|-singleturn|p1a: Politoed|Protect
|move|p2a: Cobalion|Close Combat|p1a: Politoed
|-activate|p1a: Politoed|move: Protect
|
|-weather|RainDance|[upkeep]
|upkeep
|turn|31
|
|t:|1626887686
|switch|p1a: Tornadus|Tornadus, M|100/100
|move|p2a: Cobalion|Close Combat|p1a: Tornadus
|-resisted|p1a: Tornadus
|-damage|p1a: Tornadus|64/100
|-unboost|p2a: Cobalion|def|1
|-unboost|p2a: Cobalion|spd|1
|
|-weather|RainDance|[upkeep]
|upkeep
|turn|32
|
|t:|1626887692
|move|p1a: Tornadus|Hurricane|p2a: Cobalion
|-damage|p2a: Cobalion|0 fnt
|faint|p2a: Cobalion
|
|-weather|RainDance|[upkeep]
|upkeep
|
|t:|1626887695
|switch|p2a: Diancie|Diancie|65/100
|turn|33
|
|t:|1626887699
|switch|p1a: Metagross|Metagross|21/100 brn
|move|p2a: Diancie|Diamond Storm|p1a: Metagross|[miss]
|-miss|p2a: Diancie|p1a: Metagross
|
|-weather|RainDance|[upkeep]
|-heal|p2a: Diancie|71/100|[from] item: Leftovers
|-damage|p1a: Metagross|15/100 brn|[from] brn
|upkeep
|turn|34
|
|t:|1626887712
|switch|p2a: Durant|Durant, F|78/100
|move|p1a: Metagross|Meteor Mash|p2a: Durant
|-resisted|p2a: Durant
|-damage|p2a: Durant|62/100
|
|-weather|RainDance|[upkeep]
|-damage|p1a: Metagross|9/100 brn|[from] brn
|upkeep
|turn|35
|
|t:|1626887727
|move|p2a: Durant|Iron Head|p1a: Metagross
|-resisted|p1a: Metagross
|-damage|p1a: Metagross|0 fnt
|faint|p1a: Metagross
|-damage|p2a: Durant|53/100|[from] item: Life Orb
|
|-weather|none
|upkeep
|
|t:|1626887730
|switch|p1a: Tornadus|Tornadus, M|64/100
|turn|36
|
|t:|1626887735
|switch|p2a: Diancie|Diancie|71/100
|move|p1a: Tornadus|Dark Pulse|p2a: Diancie
|-resisted|p2a: Diancie
|-damage|p2a: Diancie|63/100
|
|-heal|p2a: Diancie|69/100|[from] item: Leftovers
|upkeep
|turn|37
|
|t:|1626887744
|switch|p1a: Politoed|Politoed, M|53/100
|-weather|RainDance|[from] ability: Drizzle|[of] p1a: Politoed
|move|p2a: Diancie|Diamond Storm|p1a: Politoed
|-damage|p1a: Politoed|27/100
|
|-weather|RainDance|[upkeep]
|-heal|p2a: Diancie|75/100|[from] item: Leftovers
|upkeep
|turn|38
|
|t:|1626887750
|switch|p2a: Durant|Durant, F|53/100
|move|p1a: Politoed|Scald|p2a: Durant
|-damage|p2a: Durant|0 fnt
|faint|p2a: Durant
|
|-weather|RainDance|[upkeep]
|upkeep
|
|t:|1626887752
|switch|p2a: Necrozma|Necrozma|24/100
|turn|39
|
|t:|1626887760
|switch|p1a: Tornadus|Tornadus, M|64/100
|move|p2a: Necrozma|Photon Geyser|p1a: Tornadus
|-damage|p1a: Tornadus|4/100
|
|-weather|RainDance|[upkeep]
|-heal|p2a: Necrozma|30/100|[from] item: Leftovers
|upkeep
|turn|40
|
|t:|1626887770
|switch|p1a: Politoed|Politoed, M|27/100
|switch|p2a: Diancie|Diancie|75/100
|
|-weather|RainDance|[upkeep]
|-heal|p2a: Diancie|81/100|[from] item: Leftovers
|upkeep
|turn|41
|
|t:|1626887785
|move|p1a: Politoed|Scald|p2a: Diancie
|-supereffective|p2a: Diancie
|-damage|p2a: Diancie|34/100
|move|p2a: Diancie|Diamond Storm|p1a: Politoed|[miss]
|-miss|p2a: Diancie|p1a: Politoed
|
|-weather|RainDance|[upkeep]
|-heal|p2a: Diancie|39/100|[from] item: Leftovers
|upkeep
|turn|42
|
|t:|1626887791
|move|p1a: Politoed|Scald|p2a: Diancie
|-supereffective|p2a: Diancie
|-damage|p2a: Diancie|0 fnt
|faint|p2a: Diancie
|
|-weather|RainDance|[upkeep]
|upkeep
|
|t:|1626887794
|switch|p2a: Necrozma|Necrozma|30/100
|turn|43
|
|t:|1626887798
|move|p2a: Necrozma|Moonlight|p2a: Necrozma
|-heal|p2a: Necrozma|55/100
|move|p1a: Politoed|Scald|p2a: Necrozma
|-damage|p2a: Necrozma|20/100
|-status|p2a: Necrozma|brn
|
|-weather|RainDance|[upkeep]
|-heal|p2a: Necrozma|26/100 brn|[from] item: Leftovers
|-damage|p2a: Necrozma|20/100 brn|[from] brn
|upkeep
|turn|44
|
|t:|1626887808
|move|p2a: Necrozma|Moonlight|p2a: Necrozma
|-heal|p2a: Necrozma|45/100 brn
|move|p1a: Politoed|Scald|p2a: Necrozma
|-damage|p2a: Necrozma|10/100 brn
|
|-weather|none
|-heal|p2a: Necrozma|16/100 brn|[from] item: Leftovers
|-damage|p2a: Necrozma|10/100 brn|[from] brn
|upkeep
|turn|45
|
|t:|1626887812
|switch|p1a: Tornadus|Tornadus, M|4/100
|move|p2a: Necrozma|Moonlight|p2a: Necrozma
|-heal|p2a: Necrozma|60/100 brn
|
|-heal|p2a: Necrozma|66/100 brn|[from] item: Leftovers
|-damage|p2a: Necrozma|60/100 brn|[from] brn
|upkeep
|turn|46
|
|t:|1626887817
|move|p1a: Tornadus|Dark Pulse|p2a: Necrozma
|-supereffective|p2a: Necrozma
|-damage|p2a: Necrozma|23/100 brn
|move|p2a: Necrozma|Photon Geyser|p1a: Tornadus
|-damage|p1a: Tornadus|0 fnt
|faint|p1a: Tornadus
|
|-heal|p2a: Necrozma|29/100 brn|[from] item: Leftovers
|-damage|p2a: Necrozma|23/100 brn|[from] brn
|upkeep
|
|t:|1626887823
|switch|p1a: Politoed|Politoed, M|27/100
|-weather|RainDance|[from] ability: Drizzle|[of] p1a: Politoed
|turn|47
|
|t:|1626887827
|move|p2a: Necrozma|Photon Geyser|p1a: Politoed
|-damage|p1a: Politoed|0 fnt
|faint|p1a: Politoed
|
|win|rult70m mac3 ✝
|raw|motistrat's rating: 1385 &rarr; <strong>1373</strong><br />(-12 for losing)
|raw|rult70m mac3 ✝'s rating: 1526 &rarr; <strong>1538</strong><br />(+12 for winning)
|c|+Feliburn|how did this happen
|c|+Feliburn|LMFAO
|c|☆rult70m mac3 ✝|gg
|c|☆rult70m mac3 ✝|i played
|c|☆rult70m mac3 ✝|so badly
|c|+Feliburn|lets go mac3
|l|☆motistrat
|l| rult70e ifo
|l|+Feliburn
|l| 4D4OnFloor
|j| djjjdjdjdjdjdjdjdj
||Ladder isn't responding, score probably updated but might not have (Request timeout).
