|raw|<div class="broadcast-blue"><strong>This battle is required to be public due to a player having a name starting with 'rult70'.</div>
|j|☆toxrus1
|j|☆rult70q sensei
|t:|1626361944
|gametype|singles
|player|p1|toxrus1|beauty-gen4dp|1395
|player|p2|rult70q sensei|sabrina-gen2|1344
|teamsize|p1|6
|teamsize|p2|6
|gen|8
|tier|[Gen 8] RU
|rated|
|rule|Sleep Clause Mod: Limit one foe put to sleep
|rule|Species Clause: Limit one of each Pokémon
|rule|OHKO Clause: OHKO moves are banned
|rule|Evasion Moves Clause: Evasion moves are banned
|rule|Endless Battle Clause: Forcing endless battles is banned
|rule|HP Percentage Mod: HP is shown in percentages
|rule|Dynamax Clause: You cannot dynamax
|clearpoke
|poke|p1|Gastrodon, M|
|poke|p1|Ditto|
|poke|p1|Umbreon, M|
|poke|p1|Stakataka|
|poke|p1|Reuniclus, F|
|poke|p1|Togekiss, M|
|poke|p2|Tyrantrum, F|
|poke|p2|Mimikyu, M|
|poke|p2|Seismitoad, M|
|poke|p2|Roserade, M|
|poke|p2|Sigilyph, F|
|poke|p2|Golisopod, M|
|teampreview
|inactive|Battle timer is ON: inactive players will automatically lose when time's up. (requested by toxrus1)
|
|t:|1626361979
|start
|switch|p1a: Togekiss|Togekiss, M|100/100
|switch|p2a: Golisopod|Golisopod, M|100/100
|turn|1
|
|t:|1626361986
|switch|p2a: Tyrantrum|Tyrantrum, F|100/100
|move|p1a: Togekiss|Thunder Wave|p2a: Tyrantrum
|-status|p2a: Tyrantrum|par
|
|upkeep
|turn|2
|
|t:|1626361995
|switch|p1a: Gastrodon|Gastrodon, M|100/100
|cant|p2a: Tyrantrum|par
|
|upkeep
|turn|3
|
|t:|1626362002
|switch|p2a: Roserade|Roserade, M|100/100
|move|p1a: Gastrodon|Earthquake|p2a: Roserade
|-damage|p2a: Roserade|44/100
|
|upkeep
|turn|4
|
|t:|1626362009
|switch|p1a: Reuniclus|Reuniclus, F, shiny|100/100
|move|p2a: Roserade|Synthesis|p2a: Roserade
|-heal|p2a: Roserade|94/100
|
|upkeep
|turn|5
|
|t:|1626362015
|switch|p2a: Golisopod|Golisopod, M|100/100
|move|p1a: Reuniclus|Future Sight|p2a: Golisopod
|-start|p1a: Reuniclus|move: Future Sight
|
|upkeep
|turn|6
|
|t:|1626362023
|switch|p1a: Togekiss|Togekiss, M|100/100
|move|p2a: Golisopod|Spikes|p1a: Togekiss
|-sidestart|p1: toxrus1|Spikes
|
|upkeep
|turn|7
|
|t:|1626362029
|switch|p2a: Sigilyph|Sigilyph, F|100/100
|move|p1a: Togekiss|Defog|p2a: Sigilyph
|-unboost|p2a: Sigilyph|evasion|1
|-sideend|p1: toxrus1|Spikes|[from] move: Defog|[of] p1a: Togekiss
|
|-end|p2a: Sigilyph|move: Future Sight
|-resisted|p2a: Sigilyph
|-damage|p2a: Sigilyph|62/100
|upkeep
|turn|8
|
|t:|1626362038
|move|p2a: Sigilyph|Psychic|p1a: Togekiss
|-damage|p1a: Togekiss|61/100
|move|p1a: Togekiss|Thunder Wave|p2a: Sigilyph
|-status|p2a: Sigilyph|par
|
|upkeep
|turn|9
|
|t:|1626362050
|switch|p2a: Seismitoad|Seismitoad, M|100/100
|move|p1a: Togekiss|Roost|p1a: Togekiss
|-heal|p1a: Togekiss|100/100
|-singleturn|p1a: Togekiss|move: Roost
|
|upkeep
|turn|10
|
|t:|1626362054
|move|p1a: Togekiss|Air Slash|p2a: Seismitoad
|-damage|p2a: Seismitoad|68/100
|move|p2a: Seismitoad|Stealth Rock|p1a: Togekiss
|-sidestart|p1: toxrus1|move: Stealth Rock
|
|-heal|p2a: Seismitoad|74/100|[from] item: Leftovers
|upkeep
|turn|11
|
|t:|1626362059
|move|p1a: Togekiss|Defog|p2a: Seismitoad
|-unboost|p2a: Seismitoad|evasion|1
|-sideend|p1: toxrus1|Stealth Rock|[from] move: Defog|[of] p1a: Togekiss
|move|p2a: Seismitoad|Ice Punch|p1a: Togekiss
|-supereffective|p1a: Togekiss
|-damage|p1a: Togekiss|69/100
|
|-heal|p2a: Seismitoad|80/100|[from] item: Leftovers
|upkeep
|turn|12
|
|t:|1626362069
|move|p2a: Seismitoad|Ice Punch|p1a: Togekiss
|-supereffective|p1a: Togekiss
|-damage|p1a: Togekiss|42/100
|move|p1a: Togekiss|Air Slash|p2a: Seismitoad
|-crit|p2a: Seismitoad
|-damage|p2a: Seismitoad|36/100
|
|-heal|p2a: Seismitoad|42/100|[from] item: Leftovers
|upkeep
|turn|13
|
|t:|1626362076
|move|p1a: Togekiss|Roost|p1a: Togekiss
|-heal|p1a: Togekiss|92/100
|-singleturn|p1a: Togekiss|move: Roost
|move|p2a: Seismitoad|Ice Punch|p1a: Togekiss
|-damage|p1a: Togekiss|77/100
|
|-heal|p2a: Seismitoad|48/100|[from] item: Leftovers
|upkeep
|turn|14
|
|t:|1626362085
|move|p2a: Seismitoad|Ice Punch|p1a: Togekiss
|-supereffective|p1a: Togekiss
|-damage|p1a: Togekiss|48/100
|move|p1a: Togekiss|Air Slash|p2a: Seismitoad
|-damage|p2a: Seismitoad|19/100
|
|-heal|p2a: Seismitoad|25/100|[from] item: Leftovers
|upkeep
|turn|15
|j| rult70nat
|
|t:|1626362098
|switch|p2a: Roserade|Roserade, M|94/100
|move|p1a: Togekiss|Roost|p1a: Togekiss
|-heal|p1a: Togekiss|98/100
|-singleturn|p1a: Togekiss|move: Roost
|
|upkeep
|turn|16
|
|t:|1626362104
|switch|p1a: Reuniclus|Reuniclus, F, shiny|100/100
|move|p2a: Roserade|Stun Spore|p1a: Reuniclus
|-status|p1a: Reuniclus|par
|
|upkeep
|turn|17
|
|t:|1626362110
|switch|p2a: Golisopod|Golisopod, M|100/100
|move|p1a: Reuniclus|Future Sight|p2a: Golisopod
|-start|p1a: Reuniclus|move: Future Sight
|
|upkeep
|turn|18
|
|t:|1626362115
|switch|p1a: Togekiss|Togekiss, M|98/100
|move|p2a: Golisopod|Liquidation|p1a: Togekiss
|-damage|p1a: Togekiss|66/100
|-unboost|p1a: Togekiss|def|1
|
|upkeep
|turn|19
|
|t:|1626362126
|switch|p2a: Seismitoad|Seismitoad, M|25/100
|move|p1a: Togekiss|Air Slash|p2a: Seismitoad
|-damage|p2a: Seismitoad|0 fnt
|faint|p2a: Seismitoad
|
|-hint|Future Sight did not hit because the target is fainted.
|upkeep
|
|t:|1626362147
|switch|p2a: Roserade|Roserade, M|94/100
|turn|20
|
|t:|1626362151
|switch|p2a: Mimikyu|Mimikyu, M|100/100
|switch|p1a: Reuniclus|Reuniclus, F, shiny|100/100 par
|
|upkeep
|turn|21
|
|t:|1626362157
|move|p2a: Mimikyu|Swords Dance|p2a: Mimikyu
|-boost|p2a: Mimikyu|atk|2
|cant|p1a: Reuniclus|par
|
|upkeep
|turn|22
|
|t:|1626362172
|switch|p1a: Stakataka|Stakataka|100/100
|move|p2a: Mimikyu|Shadow Claw|p1a: Stakataka
|-damage|p1a: Stakataka|62/100
|-damage|p2a: Mimikyu|91/100|[from] item: Life Orb
|
|-heal|p1a: Stakataka|68/100|[from] item: Leftovers
|upkeep
|turn|23
|
|t:|1626362179
|move|p2a: Mimikyu|Drain Punch|p1a: Stakataka
|-supereffective|p1a: Stakataka
|-damage|p1a: Stakataka|0 fnt
|-heal|p2a: Mimikyu|100/100|[from] drain|[of] p1a: Stakataka
|faint|p1a: Stakataka
|-damage|p2a: Mimikyu|91/100|[from] item: Life Orb
|
|upkeep
|
|t:|1626362187
|switch|p1a: Gastrodon|Gastrodon, M|100/100
|turn|24
|
|t:|1626362193
|switch|p2a: Roserade|Roserade, M|94/100
|move|p1a: Gastrodon|Scald|p2a: Roserade
|-resisted|p2a: Roserade
|-damage|p2a: Roserade|78/100
|
|upkeep
|turn|25
|
|t:|1626362202
|switch|p2a: Golisopod|Golisopod, M|100/100
|switch|p1a: Reuniclus|Reuniclus, F, shiny|100/100 par
|
|upkeep
|turn|26
|
|t:|1626362208
|switch|p1a: Togekiss|Togekiss, M|66/100
|move|p2a: Golisopod|Liquidation|p1a: Togekiss
|-damage|p1a: Togekiss|34/100
|
|upkeep
|turn|27
|
|t:|1626362217
|move|p1a: Togekiss|Roost|p1a: Togekiss
|-heal|p1a: Togekiss|84/100
|-singleturn|p1a: Togekiss|move: Roost
|move|p2a: Golisopod|Spikes|p1a: Togekiss
|-sidestart|p1: toxrus1|Spikes
|
|upkeep
|turn|28
|
|t:|1626362223
|move|p1a: Togekiss|Defog|p2a: Golisopod
|-unboost|p2a: Golisopod|evasion|1
|-sideend|p1: toxrus1|Spikes|[from] move: Defog|[of] p1a: Togekiss
|move|p2a: Golisopod|Liquidation|p1a: Togekiss
|-damage|p1a: Togekiss|51/100
|
|upkeep
|turn|29
|
|t:|1626362232
|move|p1a: Togekiss|Air Slash|p2a: Golisopod
|-supereffective|p2a: Golisopod
|-damage|p2a: Golisopod|29/100
|-activate|p2a: Golisopod|ability: Emergency Exit
|
|t:|1626362237
|switch|p2a: Roserade|Roserade, M|78/100
|
|upkeep
|turn|30
|
|t:|1626362239
|switch|p2a: Mimikyu|Mimikyu, M|91/100
|switch|p1a: Reuniclus|Reuniclus, F, shiny|100/100 par
|
|upkeep
|turn|31
|
|t:|1626362250
|switch|p1a: Gastrodon|Gastrodon, M|100/100
|move|p2a: Mimikyu|Swords Dance|p2a: Mimikyu
|-boost|p2a: Mimikyu|atk|2
|
|upkeep
|turn|32
|
|t:|1626362256
|move|p2a: Mimikyu|Shadow Sneak|p1a: Gastrodon
|-crit|p1a: Gastrodon
|-damage|p1a: Gastrodon|55/100
|-damage|p2a: Mimikyu|81/100|[from] item: Life Orb
|move|p1a: Gastrodon|Scald|p2a: Mimikyu
|-activate|p2a: Mimikyu|ability: Disguise
|-damage|p2a: Mimikyu|81/100
|detailschange|p2a: Mimikyu|Mimikyu-Busted, M
|-damage|p2a: Mimikyu|68/100|[from] pokemon: Mimikyu-Busted
|
|-heal|p1a: Gastrodon|62/100|[from] item: Leftovers
|upkeep
|turn|33
|c|☆rult70q sensei|oops
|
|t:|1626362268
|move|p2a: Mimikyu|Shadow Claw|p1a: Gastrodon
|-damage|p1a: Gastrodon|6/100
|-damage|p2a: Mimikyu|58/100|[from] item: Life Orb
|move|p1a: Gastrodon|Recover|p1a: Gastrodon
|-heal|p1a: Gastrodon|56/100
|
|-heal|p1a: Gastrodon|62/100|[from] item: Leftovers
|upkeep
|turn|34
|
|t:|1626362278
|move|p2a: Mimikyu|Shadow Claw|p1a: Gastrodon
|-crit|p1a: Gastrodon
|-damage|p1a: Gastrodon|0 fnt
|faint|p1a: Gastrodon
|-damage|p2a: Mimikyu|48/100|[from] item: Life Orb
|
|upkeep
|
|t:|1626362284
|switch|p1a: Ditto|Ditto|100/100
|-transform|p1a: Ditto|p2a: Mimikyu|[from] ability: Imposter
|turn|35
|
|t:|1626362292
|switch|p2a: Sigilyph|Sigilyph, F|62/100 par
|move|p1a: Ditto|Shadow Sneak|p2a: Sigilyph
|-supereffective|p2a: Sigilyph
|-damage|p2a: Sigilyph|0 fnt
|faint|p2a: Sigilyph
|
|upkeep
|
|t:|1626362299
|switch|p2a: Golisopod|Golisopod, M|29/100
|turn|36
|
|t:|1626362306
|move|p1a: Ditto|Shadow Claw|p2a: Golisopod
|-damage|p2a: Golisopod|0 fnt
|faint|p2a: Golisopod
|
|upkeep
|
|t:|1626362319
|switch|p2a: Roserade|Roserade, M|78/100
|turn|37
|c| rult70nat|yes, youre seeing that right
|
|t:|1626362324
|move|p1a: Ditto|Shadow Claw|p2a: Roserade
|-damage|p2a: Roserade|0 fnt
|faint|p2a: Roserade
|
|upkeep
|c| rult70nat|i fought him too
|
|t:|1626362329
|switch|p2a: Mimikyu|Mimikyu-Busted, M|48/100
|turn|38
|
|t:|1626362338
|move|p1a: Ditto|Shadow Sneak|p2a: Mimikyu
|-supereffective|p2a: Mimikyu
|-crit|p2a: Mimikyu
|-damage|p2a: Mimikyu|0 fnt
|faint|p2a: Mimikyu
|
|upkeep
|c|☆rult70q sensei|fun
|-message|rult70q sensei forfeited.
|
|win|toxrus1
|raw|toxrus1's rating: 1395 &rarr; <strong>1412</strong><br />(+17 for winning)
|raw|rult70q sensei's rating: 1344 &rarr; <strong>1327</strong><br />(-17 for losing)
|l| rult70nat
