|j|☆Parnstar
|j|☆ru3s mr solo?
|t:|1601398311
|player|p1|Parnstar|youngcouple-gen4dp|1447
|player|p2|ru3s mr solo?|lucas|1234
|teamsize|p1|6
|teamsize|p2|6
|gametype|singles
|gen|8
|tier|[Gen 8] RU
|rated|
|html|<div class="broadcast-blue"><strong>RU is currently suspecting Sigilyph! For information on how to participate check out the <a href="https://www.smogon.com/forums/threads/3671022/">suspect thread</a>.</strong></div>
|clearpoke
|poke|p1|Braviary, M|
|poke|p1|Decidueye, M|
|poke|p1|Vileplume, F|
|poke|p1|Hitmontop, M|
|poke|p1|Exploud, F|
|poke|p1|Silvally-*|
|poke|p2|Golisopod, F|
|poke|p2|Passimian, F|
|poke|p2|Sigilyph, F|
|poke|p2|Copperajah, M|
|poke|p2|Goodra, M|
|poke|p2|Silvally-*|
|rule|Sleep Clause Mod: Limit one foe put to sleep
|rule|Species Clause: Limit one of each Pokémon
|rule|OHKO Clause: OHKO moves are banned
|rule|Evasion Moves Clause: Evasion moves are banned
|rule|Endless Battle Clause: Forcing endless battles is banned
|rule|HP Percentage Mod: HP is shown in percentages
|rule|Dynamax Clause: You cannot dynamax
|teampreview
|j| SMGs
|
|t:|1601398347
|start
|switch|p1a: USA 🏉 6-10|Braviary, M, shiny|100/100
|switch|p2a: Goodra|Goodra, M|100/100
|turn|1
|c| SMGs|you think eagles win 6 games?
|c| SMGs|bro they just tied the bengals
|c| SMGs|no chance
|c|☆ru3s mr solo?|5
|c| SMGs|LOL
|c|☆ru3s mr solo?|max
|
|t:|1601398371
|move|p2a: Goodra|Thunderbolt|p1a: USA 🏉 6-10
|-supereffective|p1a: USA 🏉 6-10
|-damage|p1a: USA 🏉 6-10|8/100
|move|p1a: USA 🏉 6-10|Brave Bird|p2a: Goodra
|-damage|p2a: Goodra|0 fnt
|-damage|p1a: USA 🏉 6-10|0 fnt|[from] Recoil
|faint|p2a: Goodra
|faint|p1a: USA 🏉 6-10
|
|upkeep
|inactive|Battle timer is ON: inactive players will automatically lose when time's up. (requested by ru3s mr solo?)
|c|☆ru3s mr solo?|wow
|c| SMGs|5 games might win the division tho
|c|☆ru3s mr solo?|na
|c|☆ru3s mr solo?|cowboys will win 7 games
|c|☆ru3s mr solo?|i think
|c| SMGs|bro that division is so bad
|c|☆ru3s mr solo?|its the worst ever
|
|t:|1601398402
|switch|p2a: Sigilyph|Sigilyph, F|100/100
|switch|p1a: Alysa Gapes🕳|Exploud, F, shiny|100/100
|turn|2
|c| SMGs|at least my team has an mvp on it
|
|t:|1601398419
|move|p2a: Sigilyph|Psychic|p1a: Alysa Gapes🕳
|-damage|p1a: Alysa Gapes🕳|46/100
|move|p1a: Alysa Gapes🕳|Boomburst|p2a: Sigilyph
|-damage|p2a: Sigilyph|0 fnt
|faint|p2a: Sigilyph
|
|upkeep
|
|t:|1601398421
|switch|p2a: Copperajah|Copperajah, M|100/100
|turn|3
|j| pif
|
|t:|1601398436
|move|p1a: Alysa Gapes🕳|Boomburst|p2a: Copperajah
|-resisted|p2a: Copperajah
|-damage|p2a: Copperajah|45/100
|move|p2a: Copperajah|Stealth Rock|p1a: Alysa Gapes🕳
|-sidestart|p1: Parnstar|move: Stealth Rock
|
|-heal|p2a: Copperajah|51/100|[from] item: Leftovers
|upkeep
|turn|4
|c| pif|is this solo
|c| pif|or a solo faker
|
|t:|1601398443
|move|p1a: Alysa Gapes🕳|Boomburst|p2a: Copperajah
|-resisted|p2a: Copperajah
|-damage|p2a: Copperajah|0 fnt
|faint|p2a: Copperajah
|
|upkeep
|c| pif|lol
|c| SMGs|its solo
|c| pif|2hko
|c|☆ru3s mr solo?|na its me
|c| pif|a steel type
|
|t:|1601398452
|switch|p2a: Passimian|Passimian, F|100/100
|turn|5
|
|t:|1601398456
|move|p2a: Passimian|Close Combat|p1a: Alysa Gapes🕳
|-supereffective|p1a: Alysa Gapes🕳
|-damage|p1a: Alysa Gapes🕳|0 fnt
|-unboost|p2a: Passimian|def|1
|-unboost|p2a: Passimian|spd|1
|faint|p1a: Alysa Gapes🕳
|
|upkeep
|
|t:|1601398461
|switch|p1a: Teeny bopppers|Vileplume, F, shiny|100/100
|-damage|p1a: Teeny bopppers|88/100|[from] Stealth Rock
|turn|6
|
|t:|1601398473
|switch|p2a: Golisopod|Golisopod, F|100/100
|move|p1a: Teeny bopppers|Strength Sap|p2a: Golisopod
|-unboost|p2a: Golisopod|atk|1
|-heal|p1a: Teeny bopppers|100/100
|
|upkeep
|turn|7
|j| ojr
|
|t:|1601398482
|switch|p2a: Passimian|Passimian, F|100/100
|move|p1a: Teeny bopppers|Sleep Powder|p2a: Passimian
|-status|p2a: Passimian|slp|[from] move: Sleep Powder
|
|upkeep
|turn|8
|c| ojr|pif this is skysolo
|
|t:|1601398501
|switch|p2a: Golisopod|Golisopod, F|100/100
|switch|p1a: Tatsumaki|Hitmontop, M|100/100
|-damage|p1a: Tatsumaki|95/100|[from] Stealth Rock
|
|upkeep
|turn|9
|c| pif|rlly
|c| ojr|in case you didnt know
|c| pif|my snake teammate
|c| pif|god
|
|t:|1601398512
|move|p1a: Tatsumaki|Rapid Spin|p2a: Golisopod
|-damage|p2a: Golisopod|81/100
|-boost|p1a: Tatsumaki|spe|1
|-sideend|p1: Parnstar|Stealth Rock|[from] move: Rapid Spin|[of] p1a: Tatsumaki
|move|p2a: Golisopod|Liquidation|p1a: Tatsumaki
|-damage|p1a: Tatsumaki|40/100
|
|upkeep
|turn|10
|
|t:|1601398521
|move|p1a: Tatsumaki|Triple Axel|p2a: Golisopod
|-resisted|p2a: Golisopod
|-damage|p2a: Golisopod|78/100
|-resisted|p2a: Golisopod
|-damage|p2a: Golisopod|71/100
|-resisted|p2a: Golisopod
|-damage|p2a: Golisopod|59/100
|-hitcount|p2a: Golisopod|3
|move|p2a: Golisopod|Liquidation|p1a: Tatsumaki
|-damage|p1a: Tatsumaki|0 fnt
|faint|p1a: Tatsumaki
|
|upkeep
|
|t:|1601398535
|switch|p1a: Silvally–Grass|Silvally-Steel, shiny|100/100
|turn|11
|
|t:|1601398542
|move|p1a: Silvally–Grass|Swords Dance|p1a: Silvally–Grass
|-boost|p1a: Silvally–Grass|atk|2
|move|p2a: Golisopod|Liquidation|p1a: Silvally–Grass
|-damage|p1a: Silvally–Grass|47/100
|
|upkeep
|turn|12
|
|t:|1601398548
|move|p2a: Golisopod|Aqua Jet|p1a: Silvally–Grass
|-damage|p1a: Silvally–Grass|24/100
|move|p1a: Silvally–Grass|Flame Charge|p2a: Golisopod
|-damage|p2a: Golisopod|33/100
|-boost|p1a: Silvally–Grass|spe|1
|-activate|p2a: Golisopod|ability: Emergency Exit
|
|t:|1601398560
|switch|p2a: Passimian|Passimian, F|100/100 slp
|
|upkeep
|turn|13
|
|t:|1601398568
|move|p1a: Silvally–Grass|Multi-Attack|p2a: Passimian
|-damage|p2a: Passimian|0 fnt
|faint|p2a: Passimian
|
|upkeep
|
|t:|1601398570
|switch|p2a: Golisopod|Golisopod, F|33/100
|turn|14
|c| pif|silvally grass is op
|c| SMGs|true
|c| pif|3 grass types on one team
|c| pif|is insane tho
|inactive|Parnstar has 120 seconds left.
|
|t:|1601398603
|switch|p1a: Teeny bopppers|Vileplume, F, shiny|100/100
|move|p2a: Golisopod|First Impression|p1a: Teeny bopppers
|-damage|p1a: Teeny bopppers|47/100
|
|-heal|p1a: Teeny bopppers|53/100|[from] item: Black Sludge
|upkeep
|turn|15
|
|t:|1601398614
|move|p2a: Golisopod|Leech Life|p1a: Teeny bopppers
|-damage|p1a: Teeny bopppers|6/100
|-heal|p2a: Golisopod|58/100|[from] drain|[of] p1a: Teeny bopppers
|move|p1a: Teeny bopppers|Sleep Powder|p2a: Golisopod
|-status|p2a: Golisopod|slp|[from] move: Sleep Powder
|
|-heal|p1a: Teeny bopppers|12/100|[from] item: Black Sludge
|upkeep
|turn|16
|
|t:|1601398622
|cant|p2a: Golisopod|slp
|move|p1a: Teeny bopppers|Strength Sap|p2a: Golisopod
|-unboost|p2a: Golisopod|atk|1
|-heal|p1a: Teeny bopppers|100/100
|
|upkeep
|turn|17
|
|t:|1601398632
|-curestatus|p2a: Golisopod|slp|[msg]
|move|p2a: Golisopod|Leech Life|p1a: Teeny bopppers
|-damage|p1a: Teeny bopppers|67/100
|-heal|p2a: Golisopod|75/100|[from] drain|[of] p1a: Teeny bopppers
|-status|p2a: Golisopod|slp|[from] ability: Effect Spore|[of] p1a: Teeny bopppers
|move|p1a: Teeny bopppers|Sludge Bomb|p2a: Golisopod
|-damage|p2a: Golisopod|22/100 slp
|-activate|p2a: Golisopod|ability: Emergency Exit
|c| pif|lol
|
|t:|1601398638
|switch|p2a: Silvally|Silvally-Fairy|100/100
|
|-heal|p1a: Teeny bopppers|74/100|[from] item: Black Sludge
|upkeep
|turn|18
|
|t:|1601398647
|move|p2a: Silvally|Swords Dance|p2a: Silvally
|-boost|p2a: Silvally|atk|2
|move|p1a: Teeny bopppers|Sludge Bomb|p2a: Silvally
|-supereffective|p2a: Silvally
|-damage|p2a: Silvally|0 fnt
|faint|p2a: Silvally
|
|-heal|p1a: Teeny bopppers|80/100|[from] item: Black Sludge
|upkeep
|c| pif|wow
|c| SMGs|wtf
|c| pif|vileplume is good
|c| SMGs|im actually confused
|c|☆Parnstar|That wasnt silvally steel
|inactive|ru3s mr solo? has 120 seconds left.
|c|☆ru3s mr solo?|max spa modest
|c|☆ru3s mr solo?|lol
|c|☆ru3s mr solo?|welp
|-message|ru3s mr solo? forfeited.
|
|win|Parnstar
|c|☆Parnstar|Yuuss
|l|☆ru3s mr solo?
|c| SMGs|how did goli not kill it
|c| SMGs|im even more confused
|l| SMGs
|c|☆Parnstar|20 hp ev
|l| pif
||Ladder (probably) updated, but score could not be retrieved (Request timeout).
