|j|☆Makihiro(メ)
|j|☆devil's secretary
|t:|1657762525
|gametype|singles
|player|p1|Makihiro(メ)|ash-kalos|1431
|player|p2|devil's secretary|blue-gen2|1479
|teamsize|p1|6
|teamsize|p2|6
|gen|8
|tier|[Gen 8] RU
|rated|
|rule|Sleep Clause Mod: Limit one foe put to sleep
|rule|Species Clause: Limit one of each Pokémon
|rule|OHKO Clause: OHKO moves are banned
|rule|Evasion Moves Clause: Evasion moves are banned
|rule|Endless Battle Clause: Forcing endless battles is banned
|rule|HP Percentage Mod: HP is shown in percentages
|rule|Dynamax Clause: You cannot dynamax
|clearpoke
|poke|p1|Sandslash-Alola, F|
|poke|p1|Marowak-Alola, M|
|poke|p1|Heracross, M|
|poke|p1|Chandelure, F|
|poke|p1|Galvantula, M|
|poke|p1|Cloyster, M|
|poke|p2|Cloyster, M|
|poke|p2|Registeel|
|poke|p2|Indeedee, M|
|poke|p2|Escavalier, M|
|poke|p2|Hitmonlee, M|
|poke|p2|Kingdra, M|
|teampreview
|inactive|Battle timer is ON: inactive players will automatically lose when time's up. (requested by Makihiro(メ))
|
|t:|1657762537
|start
|switch|p1a: Galvantula|Galvantula, M, shiny|100/100
|switch|p2a: Hitmonlee|Hitmonlee, M|100/100
|turn|1
|
|t:|1657762542
|switch|p1a: Chandelure|Chandelure, F|100/100
|move|p2a: Hitmonlee|Rapid Spin|p1a: Chandelure
|-immune|p1a: Chandelure
|
|upkeep
|turn|2
|
|t:|1657762549
|move|p1a: Chandelure|Overheat|p2a: Hitmonlee
|-damage|p2a: Hitmonlee|34/100
|-unboost|p1a: Chandelure|spa|2
|move|p2a: Hitmonlee|Knock Off|p1a: Chandelure
|-supereffective|p1a: Chandelure
|-damage|p1a: Chandelure|0 fnt
|-enditem|p1a: Chandelure|Choice Scarf|[from] move: Knock Off|[of] p2a: Hitmonlee
|faint|p1a: Chandelure
|
|upkeep
|
|t:|1657762558
|switch|p1a: Heracross|Heracross, M|100/100
|turn|3
|
|t:|1657762566
|switch|p2a: Escavalier|Escavalier, M, shiny|100/100
|move|p1a: Heracross|Close Combat|p2a: Escavalier
|-damage|p2a: Escavalier|47/100
|-unboost|p1a: Heracross|def|1
|-unboost|p1a: Heracross|spd|1
|
|upkeep
|turn|4
|
|t:|1657762572
|switch|p1a: Sandslash|Sandslash-Alola, F, shiny|100/100
|move|p2a: Escavalier|Iron Head|p1a: Sandslash
|-crit|p1a: Sandslash
|-damage|p1a: Sandslash|45/100
|
|upkeep
|turn|5
|
|t:|1657762576
|move|p1a: Sandslash|Stealth Rock|p2a: Escavalier
|-sidestart|p2: devil's secretary|move: Stealth Rock
|move|p2a: Escavalier|Drill Run|p1a: Sandslash
|-supereffective|p1a: Sandslash
|-damage|p1a: Sandslash|0 fnt
|faint|p1a: Sandslash
|
|upkeep
|
|t:|1657762581
|switch|p1a: Galvantula|Galvantula, M, shiny|100/100
|turn|6
|
|t:|1657762593
|move|p1a: Galvantula|Sticky Web|p2a: Escavalier
|-sidestart|p2: devil's secretary|move: Sticky Web
|move|p2a: Escavalier|Knock Off|p1a: Galvantula
|-damage|p1a: Galvantula|33/100
|-enditem|p1a: Galvantula|Focus Sash|[from] move: Knock Off|[of] p2a: Escavalier
|
|upkeep
|turn|7
|
|t:|1657762600
|move|p1a: Galvantula|Thunder Wave|p2a: Escavalier
|-status|p2a: Escavalier|par
|move|p2a: Escavalier|Knock Off|p1a: Galvantula
|-damage|p1a: Galvantula|0 fnt
|faint|p1a: Galvantula
|
|upkeep
|
|t:|1657762602
|switch|p1a: Marowak|Marowak-Alola, M|100/100
|turn|8
|
|t:|1657762605
|move|p1a: Marowak|Flame Charge|p2a: Escavalier
|-supereffective|p2a: Escavalier
|-damage|p2a: Escavalier|0 fnt
|-boost|p1a: Marowak|spe|1
|faint|p2a: Escavalier
|
|upkeep
|
|t:|1657762612
|switch|p2a: Cloyster|Cloyster, M|100/100
|-damage|p2a: Cloyster|76/100|[from] Stealth Rock
|-activate|p2a: Cloyster|move: Sticky Web
|-unboost|p2a: Cloyster|spe|1
|turn|9
|
|t:|1657762616
|move|p1a: Marowak|Flare Blitz|p2a: Cloyster
|-damage|p2a: Cloyster|1/100
|move|p2a: Cloyster|Shell Smash|p2a: Cloyster
|-unboost|p2a: Cloyster|def|1
|-unboost|p2a: Cloyster|spd|1
|-boost|p2a: Cloyster|atk|2
|-boost|p2a: Cloyster|spa|2
|-boost|p2a: Cloyster|spe|2
|
|upkeep
|turn|10
|
|t:|1657762621
|move|p2a: Cloyster|Liquidation|p1a: Marowak
|-supereffective|p1a: Marowak
|-damage|p1a: Marowak|0 fnt
|faint|p1a: Marowak
|
|upkeep
|
|t:|1657762636
|switch|p1a: Cloyster|Cloyster, M|100/100
|turn|11
|
|t:|1657762647
|move|p2a: Cloyster|Rock Blast|p1a: Cloyster
|-supereffective|p1a: Cloyster
|-damage|p1a: Cloyster|78/100
|-supereffective|p1a: Cloyster
|-damage|p1a: Cloyster|55/100
|-supereffective|p1a: Cloyster
|-damage|p1a: Cloyster|30/100
|-supereffective|p1a: Cloyster
|-damage|p1a: Cloyster|4/100
|-supereffective|p1a: Cloyster
|-damage|p1a: Cloyster|0 fnt
|faint|p1a: Cloyster
|-hitcount|p1: Cloyster|5
|
|upkeep
|
|t:|1657762650
|switch|p1a: Heracross|Heracross, M|100/100
|turn|12
|
|t:|1657762667
|move|p1a: Heracross|Earthquake|p2a: Cloyster
|-damage|p2a: Cloyster|0 fnt
|faint|p2a: Cloyster
|-ability|p1a: Heracross|Moxie|boost
|-boost|p1a: Heracross|atk|1
|
|upkeep
|
|t:|1657762688
|switch|p2a: Registeel|Registeel|100/100
|-damage|p2a: Registeel|94/100|[from] Stealth Rock
|-activate|p2a: Registeel|move: Sticky Web
|-fail|p2a: Registeel|unboost|[from] ability: Clear Body|[of] p2a: Registeel
|turn|13
|
|t:|1657762690
|move|p1a: Heracross|Earthquake|p2a: Registeel
|-supereffective|p2a: Registeel
|-crit|p2a: Registeel
|-damage|p2a: Registeel|13/100
|move|p2a: Registeel|Iron Defense|p2a: Registeel
|-boost|p2a: Registeel|def|2
|
|-heal|p2a: Registeel|19/100|[from] item: Leftovers
|upkeep
|turn|14
|
|t:|1657762696
|move|p1a: Heracross|Earthquake|p2a: Registeel
|-supereffective|p2a: Registeel
|-damage|p2a: Registeel|0 fnt
|faint|p2a: Registeel
|-ability|p1a: Heracross|Moxie|boost
|-boost|p1a: Heracross|atk|1
|
|upkeep
|
|t:|1657762699
|switch|p2a: Kingdra|Kingdra, M|100/100
|-damage|p2a: Kingdra|88/100|[from] Stealth Rock
|-activate|p2a: Kingdra|move: Sticky Web
|-unboost|p2a: Kingdra|spe|1
|turn|15
|
|t:|1657762703
|move|p1a: Heracross|Earthquake|p2a: Kingdra
|-damage|p2a: Kingdra|2/100
|move|p2a: Kingdra|Draco Meteor|p1a: Heracross
|-damage|p1a: Heracross|30/100
|-unboost|p2a: Kingdra|spa|2
|
|upkeep
|turn|16
|
|t:|1657762712
|move|p1a: Heracross|Earthquake|p2a: Kingdra
|-damage|p2a: Kingdra|0 fnt
|faint|p2a: Kingdra
|-ability|p1a: Heracross|Moxie|boost
|-boost|p1a: Heracross|atk|1
|
|upkeep
|
|t:|1657762714
|switch|p2a: Hitmonlee|Hitmonlee, M|34/100
|-damage|p2a: Hitmonlee|27/100|[from] Stealth Rock
|-activate|p2a: Hitmonlee|move: Sticky Web
|-unboost|p2a: Hitmonlee|spe|1
|turn|17
|
|t:|1657762716
|move|p1a: Heracross|Earthquake|p2a: Hitmonlee
|-damage|p2a: Hitmonlee|0 fnt
|faint|p2a: Hitmonlee
|-ability|p1a: Heracross|Moxie|boost
|-boost|p1a: Heracross|atk|1
|
|upkeep
|
|t:|1657762720
|switch|p2a: Indeedee|Indeedee, M|100/100
|-damage|p2a: Indeedee|88/100|[from] Stealth Rock
|-activate|p2a: Indeedee|move: Sticky Web
|-unboost|p2a: Indeedee|spe|1
|-fieldstart|move: Psychic Terrain|[from] ability: Psychic Surge|[of] p2a: Indeedee
|turn|18
|
|t:|1657762722
|move|p1a: Heracross|Earthquake|p2a: Indeedee
|-damage|p2a: Indeedee|0 fnt
|faint|p2a: Indeedee
|
|win|Makihiro(メ)
|raw|Makihiro(メ)'s rating: 1431 &rarr; <strong>1454</strong><br />(+23 for winning)
|raw|devil&apos;s secretary's rating: 1479 &rarr; <strong>1456</strong><br />(-23 for losing)
|l|☆devil's secretary
||Ladder isn't responding, score probably updated but might not have (Request timeout).
