|j|☆Erlybird
|j|☆Davicin
|t:|1646830775
|gametype|singles
|player|p1|Erlybird|lucas|1319
|player|p2|Davicin|266|1279
|teamsize|p1|6
|teamsize|p2|6
|gen|8
|tier|[Gen 8] RU
|rated|
|rule|Sleep Clause Mod: Limit one foe put to sleep
|rule|Species Clause: Limit one of each Pokémon
|rule|OHKO Clause: OHKO moves are banned
|rule|Evasion Moves Clause: Evasion moves are banned
|rule|Endless Battle Clause: Forcing endless battles is banned
|rule|HP Percentage Mod: HP is shown in percentages
|rule|Dynamax Clause: You cannot dynamax
|clearpoke
|poke|p1|Quagsire, M|
|poke|p1|Xurkitree|
|poke|p1|Togekiss, M|
|poke|p1|Polteageist|
|poke|p1|Metagross|
|poke|p1|Golisopod, M|
|poke|p2|Cresselia, F|
|poke|p2|Porygon2|
|poke|p2|Marowak-Alola, M|
|poke|p2|Stakataka|
|poke|p2|Arctovish|
|poke|p2|Grimmsnarl, M|
|teampreview
|inactive|Battle timer is ON: inactive players will automatically lose when time's up. (requested by Erlybird)
|
|t:|1646830796
|start
|switch|p1a: Polteageist|Polteageist|100/100
|switch|p2a: Grimmsnarl|Grimmsnarl, M, shiny|100/100
|turn|1
|
|t:|1646830805
|switch|p1a: Togekiss|Togekiss, M|100/100
|move|p2a: Grimmsnarl|Darkest Lariat|p1a: Togekiss
|-resisted|p1a: Togekiss
|-damage|p1a: Togekiss|71/100
|-damage|p2a: Grimmsnarl|91/100|[from] item: Life Orb
|
|upkeep
|turn|2
|
|t:|1646830816
|switch|p2a: Stakataka|Stakataka, shiny|100/100
|move|p1a: Togekiss|Thunder Wave|p2a: Stakataka
|-status|p2a: Stakataka|par
|
|upkeep
|turn|3
|
|t:|1646830827
|move|p1a: Togekiss|Air Slash|p2a: Stakataka
|-resisted|p2a: Stakataka
|-damage|p2a: Stakataka|95/100 par
|cant|p2a: Stakataka|par
|
|-heal|p2a: Stakataka|100/100 par|[from] item: Leftovers
|upkeep
|turn|4
|
|t:|1646830841
|switch|p1a: Quagsire|Quagsire, M|100/100
|move|p2a: Stakataka|Trick Room|p2a: Stakataka
|-fieldstart|move: Trick Room|[of] p2a: Stakataka
|
|upkeep
|turn|5
|
|t:|1646830859
|switch|p2a: Grimmsnarl|Grimmsnarl, M, shiny|91/100
|move|p1a: Quagsire|Toxic|p2a: Grimmsnarl
|-status|p2a: Grimmsnarl|tox
|
|-damage|p2a: Grimmsnarl|85/100 tox|[from] psn
|upkeep
|turn|6
|
|t:|1646830869
|move|p1a: Quagsire|Protect|p1a: Quagsire
|-singleturn|p1a: Quagsire|Protect
|move|p2a: Grimmsnarl|Power Whip|p1a: Quagsire
|-activate|p1a: Quagsire|move: Protect
|
|-damage|p2a: Grimmsnarl|72/100 tox|[from] psn
|upkeep
|turn|7
|
|t:|1646830882
|switch|p1a: Togekiss|Togekiss, M|71/100
|switch|p2a: Arctovish|Arctovish, shiny|100/100
|
|upkeep
|turn|8
|
|t:|1646830909
|switch|p1a: Golisopod|Golisopod, M|100/100
|move|p2a: Arctovish|Fishious Rend|p1a: Golisopod
|-resisted|p1a: Golisopod
|-damage|p1a: Golisopod|57/100
|
|-fieldend|move: Trick Room
|upkeep
|turn|9
|
|t:|1646830921
|move|p2a: Arctovish|Fishious Rend|p1a: Golisopod
|-resisted|p1a: Golisopod
|-damage|p1a: Golisopod|15/100
|-activate|p1a: Golisopod|ability: Emergency Exit
|inactive|Erlybird has 120 seconds left.
|
|t:|1646830936
|switch|p1a: Xurkitree|Xurkitree|100/100
|
|upkeep
|turn|10
|
|t:|1646830942
|switch|p2a: Stakataka|Stakataka, shiny|100/100 par
|move|p1a: Xurkitree|Thunderbolt|p2a: Stakataka
|-damage|p2a: Stakataka|50/100 par
|
|-heal|p2a: Stakataka|56/100 par|[from] item: Leftovers
|upkeep
|turn|11
|
|t:|1646830951
|move|p1a: Xurkitree|Thunderbolt|p2a: Stakataka
|-damage|p2a: Stakataka|3/100 par
|move|p2a: Stakataka|Trick Room|p2a: Stakataka
|-fieldstart|move: Trick Room|[of] p2a: Stakataka
|
|-heal|p2a: Stakataka|9/100 par|[from] item: Leftovers
|upkeep
|turn|12
|
|t:|1646830960
|move|p2a: Stakataka|Stealth Rock|p1a: Xurkitree
|-sidestart|p1: Erlybird|move: Stealth Rock
|move|p1a: Xurkitree|Thunderbolt|p2a: Stakataka
|-damage|p2a: Stakataka|0 fnt
|faint|p2a: Stakataka
|-ability|p1a: Xurkitree|Beast Boost|boost
|-boost|p1a: Xurkitree|spa|1
|
|upkeep
|
|t:|1646830969
|switch|p2a: Marowak|Marowak-Alola, M|100/100
|turn|13
|
|t:|1646830992
|switch|p1a: Metagross|Metagross|100/100
|-damage|p1a: Metagross|94/100|[from] Stealth Rock
|move|p2a: Marowak|Substitute|p2a: Marowak
|-start|p2a: Marowak|Substitute
|-damage|p2a: Marowak|76/100
|
|upkeep
|turn|14
|inactive|Erlybird has 120 seconds left.
|
|t:|1646831013
|move|p2a: Marowak|Flare Blitz|p1a: Metagross
|-supereffective|p1a: Metagross
|-damage|p1a: Metagross|0 fnt
|faint|p1a: Metagross
|
|upkeep
|inactive|Erlybird has 120 seconds left.
|
|t:|1646831020
|switch|p1a: Quagsire|Quagsire, M|100/100
|-damage|p1a: Quagsire|94/100|[from] Stealth Rock
|turn|15
|
|t:|1646831025
|move|p1a: Quagsire|Protect|p1a: Quagsire
|-singleturn|p1a: Quagsire|Protect
|move|p2a: Marowak|Poltergeist|p1a: Quagsire
|-activate|p1a: Quagsire|move: Protect
|
|-heal|p1a: Quagsire|100/100|[from] item: Leftovers
|-fieldend|move: Trick Room
|upkeep
|turn|16
|
|t:|1646831035
|move|p2a: Marowak|Poltergeist|p1a: Quagsire
|-activate|p1a: Quagsire|move: Poltergeist|Leftovers
|-damage|p1a: Quagsire|39/100
|move|p1a: Quagsire|Earthquake|p2a: Marowak
|-supereffective|p2a: Marowak
|-end|p2a: Marowak|Substitute
|
|-heal|p1a: Quagsire|45/100|[from] item: Leftovers
|upkeep
|turn|17
|
|t:|1646831054
|move|p2a: Marowak|Poltergeist|p1a: Quagsire
|-activate|p1a: Quagsire|move: Poltergeist|Leftovers
|-damage|p1a: Quagsire|0 fnt
|faint|p1a: Quagsire
|
|upkeep
|inactive|Erlybird has 120 seconds left.
|
|t:|1646831066
|switch|p1a: Xurkitree|Xurkitree|100/100
|-damage|p1a: Xurkitree|88/100|[from] Stealth Rock
|turn|18
|
|t:|1646831071
|switch|p2a: Porygon2|Porygon2, shiny|100/100
|-ability|p2a: Porygon2|Beast Boost|[from] ability: Trace|[of] p1a: Xurkitree
|move|p1a: Xurkitree|Thunderbolt|p2a: Porygon2
|-damage|p2a: Porygon2|73/100
|
|upkeep
|turn|19
|
|t:|1646831090
|move|p1a: Xurkitree|Thunderbolt|p2a: Porygon2
|-damage|p2a: Porygon2|44/100
|-status|p2a: Porygon2|par
|move|p2a: Porygon2|Trick Room|p2a: Porygon2
|-fieldstart|move: Trick Room|[of] p2a: Porygon2
|
|upkeep
|turn|20
|
|t:|1646831105
|move|p1a: Xurkitree|Thunderbolt|p2a: Porygon2
|-damage|p2a: Porygon2|13/100 par
|cant|p2a: Porygon2|par
|
|upkeep
|turn|21
|
|t:|1646831111
|move|p1a: Xurkitree|Thunderbolt|p2a: Porygon2
|-damage|p2a: Porygon2|0 fnt
|faint|p2a: Porygon2
|-ability|p1a: Xurkitree|Beast Boost|boost
|-boost|p1a: Xurkitree|spa|1
|
|upkeep
|
|t:|1646831119
|switch|p2a: Marowak|Marowak-Alola, M|76/100
|turn|22
|j| PoliPolitoedToed
|
|t:|1646831132
|switch|p1a: Togekiss|Togekiss, M|71/100
|move|p2a: Marowak|Flare Blitz|p1a: Togekiss
|-damage|p1a: Togekiss|0 fnt
|faint|p1a: Togekiss
|
|upkeep
|
|t:|1646831141
|switch|p1a: Golisopod|Golisopod, M|15/100
|turn|23
|
|t:|1646831146
|move|p1a: Golisopod|Aqua Jet|p2a: Marowak
|-supereffective|p2a: Marowak
|-damage|p2a: Marowak|32/100
|move|p2a: Marowak|Substitute|p2a: Marowak
|-start|p2a: Marowak|Substitute
|-damage|p2a: Marowak|8/100
|
|-fieldend|move: Trick Room
|upkeep
|turn|24
|
|t:|1646831154
|move|p1a: Golisopod|Aqua Jet|p2a: Marowak
|-supereffective|p2a: Marowak
|-end|p2a: Marowak|Substitute
|move|p2a: Marowak|Flare Blitz|p1a: Golisopod
|-crit|p1a: Golisopod
|-damage|p1a: Golisopod|0 fnt
|faint|p1a: Golisopod
|
|upkeep
|
|t:|1646831162
|switch|p1a: Xurkitree|Xurkitree|88/100
|-damage|p1a: Xurkitree|76/100|[from] Stealth Rock
|turn|25
|
|t:|1646831168
|switch|p2a: Grimmsnarl|Grimmsnarl, M, shiny|72/100 tox
|move|p1a: Xurkitree|Thunderbolt|p2a: Grimmsnarl
|-damage|p2a: Grimmsnarl|3/100 tox
|
|-damage|p2a: Grimmsnarl|0 fnt|[from] psn
|faint|p2a: Grimmsnarl
|upkeep
|
|t:|1646831178
|switch|p2a: Cresselia|Cresselia, F, shiny|100/100
|turn|26
|
|t:|1646831184
|move|p1a: Xurkitree|Thunderbolt|p2a: Cresselia
|-damage|p2a: Cresselia|64/100
|move|p2a: Cresselia|Trick Room|p2a: Cresselia
|-fieldstart|move: Trick Room|[of] p2a: Cresselia
|
|upkeep
|turn|27
|
|t:|1646831189
|move|p2a: Cresselia|Lunar Dance|p2a: Cresselia
|faint|p2a: Cresselia
|move|p1a: Xurkitree|Thunderbolt|p2: Cresselia|[notarget]
|-fail|p1a: Xurkitree
|
|upkeep
|
|t:|1646831194
|switch|p2a: Marowak|Marowak-Alola, M|8/100
|-heal|p2a: Marowak|100/100|[from] move: Lunar Dance
|turn|28
|
|t:|1646831198
|move|p2a: Marowak|Flare Blitz|p1a: Xurkitree
|-damage|p1a: Xurkitree|0 fnt
|faint|p1a: Xurkitree
|
|upkeep
|
|t:|1646831203
|switch|p1a: Polteageist|Polteageist|100/100
|-damage|p1a: Polteageist|88/100|[from] Stealth Rock
|turn|29
|
|t:|1646831207
|move|p2a: Marowak|Flare Blitz|p1a: Polteageist
|-damage|p1a: Polteageist|0 fnt
|faint|p1a: Polteageist
|
|win|Davicin
|raw|Erlybird's rating: 1319 &rarr; <strong>1297</strong><br />(-22 for losing)
|raw|Davicin's rating: 1279 &rarr; <strong>1307</strong><br />(+28 for winning)
|l|☆Erlybird
