|html|<div class="broadcast-blue"><strong>[Gen 8] RU is currently suspecting Reuniclus! For information on how to participate check out the <a href="https://www.smogon.com/forums/threads/np-ru-stage-10-all-for-you-reuniclus-suspect.3692458/#post-9008540">suspect thread</a>.</strong></div>
|j|☆RURR Druide
|j|☆Schizoption
|t:|1635464835
|gametype|singles
|player|p1|RURR Druide|ruinmaniac|1332
|player|p2|Schizoption|266|1585
|teamsize|p1|6
|teamsize|p2|6
|gen|8
|tier|[Gen 8] RU
|rated|
|rule|Sleep Clause Mod: Limit one foe put to sleep
|rule|Species Clause: Limit one of each Pokémon
|rule|OHKO Clause: OHKO moves are banned
|rule|Evasion Moves Clause: Evasion moves are banned
|rule|Endless Battle Clause: Forcing endless battles is banned
|rule|HP Percentage Mod: HP is shown in percentages
|rule|Dynamax Clause: You cannot dynamax
|clearpoke
|poke|p1|Steelix, F|
|poke|p1|Noivern, M|
|poke|p1|Heracross, M|
|poke|p1|Raikou|
|poke|p1|Reuniclus, M|
|poke|p1|Obstagoon, M|
|poke|p2|Ninjask, F|
|poke|p2|Starmie|
|poke|p2|Guzzlord|
|poke|p2|Steelix, F|
|poke|p2|Togekiss, F|
|poke|p2|Golisopod, M|
|teampreview
|
|t:|1635464875
|start
|switch|p1a: Raikou|Raikou|100/100
|switch|p2a: Ninjask|Ninjask, F|100/100
|-ability|p1a: Raikou|Pressure
|turn|1
|inactive|Battle timer is ON: inactive players will automatically lose when time's up. (requested by RURR Druide)
|
|t:|1635464880
|switch|p1a: Steelix|Steelix, F|100/100
|move|p2a: Ninjask|U-turn|p1a: Steelix
|-resisted|p1a: Steelix
|-damage|p1a: Steelix|92/100
|
|t:|1635464891
|switch|p2a: Golisopod|Golisopod, M|100/100|[from]move: U-turn
|
|-heal|p1a: Steelix|98/100|[from] item: Leftovers
|upkeep
|turn|2
|
|t:|1635464902
|move|p2a: Golisopod|Spikes|p1a: Steelix
|-sidestart|p1: RURR Druide|Spikes
|move|p1a: Steelix|Stealth Rock|p2a: Golisopod
|-sidestart|p2: Schizoption|move: Stealth Rock
|
|-heal|p1a: Steelix|100/100|[from] item: Leftovers
|upkeep
|turn|3
|
|t:|1635464914
|switch|p2a: Guzzlord|Guzzlord|100/100
|-damage|p2a: Guzzlord|88/100|[from] Stealth Rock
|switch|p1a: Noivern|Noivern, M|100/100
|
|-heal|p2a: Guzzlord|94/100|[from] item: Leftovers
|upkeep
|turn|4
|
|t:|1635464944
|move|p1a: Noivern|Draco Meteor|p2a: Guzzlord
|-supereffective|p2a: Guzzlord
|-damage|p2a: Guzzlord|14/100
|-unboost|p1a: Noivern|spa|2
|move|p2a: Guzzlord|Knock Off|p1a: Noivern
|-damage|p1a: Noivern|42/100
|-enditem|p1a: Noivern|Heavy-Duty Boots|[from] move: Knock Off|[of] p2a: Guzzlord
|
|-heal|p2a: Guzzlord|20/100|[from] item: Leftovers
|upkeep
|turn|5
|
|t:|1635464953
|move|p1a: Noivern|Roost|p1a: Noivern
|-heal|p1a: Noivern|92/100
|-singleturn|p1a: Noivern|move: Roost
|move|p2a: Guzzlord|Dragon Tail|p1a: Noivern
|-supereffective|p1a: Noivern
|-damage|p1a: Noivern|10/100
|drag|p1a: Raikou|Raikou|100/100
|-ability|p1a: Raikou|Pressure
|
|-heal|p2a: Guzzlord|26/100|[from] item: Leftovers
|upkeep
|turn|6
|
|t:|1635464966
|move|p1a: Raikou|Volt Switch|p2a: Guzzlord
|-resisted|p2a: Guzzlord
|-damage|p2a: Guzzlord|15/100
|
|t:|1635464974
|switch|p1a: Noivern|Noivern, M|10/100|[from]move: Volt Switch
|move|p2a: Guzzlord|Rest|p2a: Guzzlord
|-status|p2a: Guzzlord|slp|[from] move: Rest
|-heal|p2a: Guzzlord|100/100 slp|[silent]
|
|upkeep
|turn|7
|
|t:|1635464983
|switch|p2a: Steelix|Steelix, F|100/100
|-damage|p2a: Steelix|97/100|[from] Stealth Rock
|move|p1a: Noivern|Roost|p1a: Noivern
|-heal|p1a: Noivern|60/100
|-singleturn|p1a: Noivern|move: Roost
|
|-heal|p2a: Steelix|100/100|[from] item: Leftovers
|upkeep
|turn|8
|
|t:|1635464992
|move|p1a: Noivern|Flamethrower|p2a: Steelix
|-supereffective|p2a: Steelix
|-damage|p2a: Steelix|58/100
|move|p2a: Steelix|Stealth Rock|p1a: Noivern
|-sidestart|p1: RURR Druide|move: Stealth Rock
|
|-heal|p2a: Steelix|64/100|[from] item: Leftovers
|upkeep
|turn|9
|
|t:|1635465001
|switch|p1a: Reuniclus|Reuniclus, M|100/100
|move|p2a: Steelix|Toxic|p1a: Reuniclus
|-status|p1a: Reuniclus|tox
|
|-heal|p2a: Steelix|70/100|[from] item: Leftovers
|upkeep
|turn|10
|
|t:|1635465008
|switch|p2a: Golisopod|Golisopod, M|100/100
|move|p1a: Reuniclus|Focus Blast|p2a: Golisopod
|-resisted|p2a: Golisopod
|-damage|p2a: Golisopod|82/100
|
|upkeep
|turn|11
|
|t:|1635465016
|switch|p1a: Noivern|Noivern, M|60/100
|-damage|p1a: Noivern|36/100|[from] Stealth Rock
|move|p2a: Golisopod|First Impression|p1a: Noivern
|-resisted|p1a: Noivern
|-damage|p1a: Noivern|1/100
|
|upkeep
|turn|12
|
|t:|1635465022
|move|p1a: Noivern|Roost|p1a: Noivern
|-heal|p1a: Noivern|51/100
|-singleturn|p1a: Noivern|move: Roost
|move|p2a: Golisopod|Leech Life|p1a: Noivern
|-damage|p1a: Noivern|0 fnt
|-heal|p2a: Golisopod|100/100|[from] drain|[of] p1a: Noivern
|faint|p1a: Noivern
|
|upkeep
|
|t:|1635465031
|switch|p1a: Raikou|Raikou|100/100
|-ability|p1a: Raikou|Pressure
|turn|13
|
|t:|1635465039
|switch|p2a: Guzzlord|Guzzlord|100/100 slp
|-damage|p2a: Guzzlord|88/100 slp|[from] Stealth Rock
|move|p1a: Raikou|Scald|p2a: Guzzlord
|-resisted|p2a: Guzzlord
|-damage|p2a: Guzzlord|79/100 slp
|
|-heal|p2a: Guzzlord|86/100 slp|[from] item: Leftovers
|upkeep
|turn|14
|
|t:|1635465047
|move|p1a: Raikou|Volt Switch|p2a: Guzzlord
|-resisted|p2a: Guzzlord
|-damage|p2a: Guzzlord|74/100 slp
|
|t:|1635465051
|switch|p1a: Obstagoon|Obstagoon, M|100/100|[from]move: Volt Switch
|-damage|p1a: Obstagoon|88/100|[from] Spikes
|-damage|p1a: Obstagoon|76/100|[from] Stealth Rock
|cant|p2a: Guzzlord|slp
|move|p2a: Guzzlord|Sleep Talk|p2a: Guzzlord
|move|p2a: Guzzlord|Dragon Tail|p1a: Obstagoon|[from]move: Sleep Talk
|-damage|p1a: Obstagoon|47/100
|drag|p1a: Raikou|Raikou|100/100
|-ability|p1a: Raikou|Pressure
|
|-heal|p2a: Guzzlord|80/100 slp|[from] item: Leftovers
|upkeep
|turn|15
|
|t:|1635465063
|move|p1a: Raikou|Volt Switch|p2a: Guzzlord
|-resisted|p2a: Guzzlord
|-damage|p2a: Guzzlord|68/100 slp
|
|t:|1635465066
|switch|p1a: Heracross|Heracross, M|100/100|[from]move: Volt Switch
|-damage|p1a: Heracross|88/100|[from] Spikes
|-damage|p1a: Heracross|76/100|[from] Stealth Rock
|cant|p2a: Guzzlord|slp
|move|p2a: Guzzlord|Sleep Talk|p2a: Guzzlord
|move|p2a: Guzzlord|Dragon Tail|p1a: Heracross|[from]move: Sleep Talk
|-damage|p1a: Heracross|34/100
|drag|p1a: Reuniclus|Reuniclus, M|100/100 tox
|
|-heal|p2a: Guzzlord|75/100 slp|[from] item: Leftovers
|upkeep
|turn|16
|
|t:|1635465079
|switch|p2a: Golisopod|Golisopod, M|100/100
|move|p1a: Reuniclus|Recover||[still]
|-fail|p1a: Reuniclus|heal
|
|upkeep
|turn|17
|
|t:|1635465087
|move|p2a: Golisopod|Liquidation|p1a: Reuniclus
|-damage|p1a: Reuniclus|70/100 tox
|move|p1a: Reuniclus|Recover|p1a: Reuniclus
|-heal|p1a: Reuniclus|100/100 tox
|
|upkeep
|turn|18
|
|t:|1635465094
|move|p2a: Golisopod|Leech Life|p1a: Reuniclus
|-supereffective|p1a: Reuniclus
|-damage|p1a: Reuniclus|35/100 tox
|move|p1a: Reuniclus|Psyshock|p2a: Golisopod
|-damage|p2a: Golisopod|77/100
|
|-heal|p1a: Reuniclus|41/100 tox|[from] item: Leftovers
|upkeep
|turn|19
|
|t:|1635465102
|switch|p1a: Steelix|Steelix, F|100/100
|-damage|p1a: Steelix|88/100|[from] Spikes
|-damage|p1a: Steelix|85/100|[from] Stealth Rock
|move|p2a: Golisopod|Leech Life|p1a: Steelix
|-resisted|p1a: Steelix
|-damage|p1a: Steelix|73/100
|-heal|p2a: Golisopod|83/100|[from] drain|[of] p1a: Steelix
|
|-heal|p1a: Steelix|79/100|[from] item: Leftovers
|upkeep
|turn|20
|
|t:|1635465113
|switch|p2a: Starmie|Starmie|100/100
|move|p1a: Steelix|Roar|p2a: Starmie
|drag|p2a: Guzzlord|Guzzlord|75/100 slp
|-damage|p2a: Guzzlord|62/100 slp|[from] Stealth Rock
|
|-heal|p2a: Guzzlord|68/100 slp|[from] item: Leftovers
|-heal|p1a: Steelix|86/100|[from] item: Leftovers
|upkeep
|turn|21
|
|t:|1635465122
|-curestatus|p2a: Guzzlord|slp|[msg]
|move|p2a: Guzzlord|Knock Off|p1a: Steelix
|-crit|p1a: Steelix
|-damage|p1a: Steelix|51/100
|-enditem|p1a: Steelix|Leftovers|[from] move: Knock Off|[of] p2a: Guzzlord
|move|p1a: Steelix|Roar|p2a: Guzzlord
|drag|p2a: Starmie|Starmie|100/100
|
|upkeep
|turn|22
|
|t:|1635465131
|move|p2a: Starmie|Rapid Spin|p1a: Steelix
|-resisted|p1a: Steelix
|-damage|p1a: Steelix|49/100
|-boost|p2a: Starmie|spe|1
|-sideend|p2: Schizoption|Stealth Rock|[from] move: Rapid Spin|[of] p2a: Starmie
|move|p1a: Steelix|Earthquake|p2a: Starmie
|-damage|p2a: Starmie|63/100
|
|upkeep
|turn|23
|
|t:|1635465137
|move|p2a: Starmie|Scald|p1a: Steelix
|-supereffective|p1a: Steelix
|-damage|p1a: Steelix|0 fnt
|faint|p1a: Steelix
|
|upkeep
|
|t:|1635465143
|switch|p1a: Raikou|Raikou|100/100
|-ability|p1a: Raikou|Pressure
|turn|24
|
|t:|1635465153
|move|p2a: Starmie|Scald|p1a: Raikou
|-damage|p1a: Raikou|72/100
|move|p1a: Raikou|Volt Switch|p2a: Starmie
|-supereffective|p2a: Starmie
|-damage|p2a: Starmie|0 fnt
|faint|p2a: Starmie
|
|t:|1635465165
|switch|p1a: Heracross|Heracross, M|34/100|[from]move: Volt Switch
|-damage|p1a: Heracross|22/100|[from] Stealth Rock
|-damage|p1a: Heracross|9/100|[from] Spikes
|
|upkeep
|
|t:|1635465169
|switch|p2a: Ninjask|Ninjask, F|100/100
|turn|25
|
|t:|1635465173
|move|p2a: Ninjask|Protect|p2a: Ninjask
|-singleturn|p2a: Ninjask|Protect
|move|p1a: Heracross|Stone Edge|p2a: Ninjask
|-activate|p2a: Ninjask|move: Protect
|
|-ability|p2a: Ninjask|Speed Boost|boost
|-boost|p2a: Ninjask|spe|1
|upkeep
|turn|26
|
|t:|1635465180
|move|p2a: Ninjask|Acrobatics|p1a: Heracross
|-supereffective|p1a: Heracross
|-damage|p1a: Heracross|0 fnt
|faint|p1a: Heracross
|
|-ability|p2a: Ninjask|Speed Boost|boost
|-boost|p2a: Ninjask|spe|1
|upkeep
|-message|RURR Druide forfeited.
|
|win|Schizoption
|raw|RURR Druide's rating: 1332 &rarr; <strong>1324</strong><br />(-8 for losing)
|raw|Schizoption's rating: 1585 &rarr; <strong>1593</strong><br />(+8 for winning)
|l|☆RURR Druide
|l|☆Schizoption
|j|☆Schizoption
|player|p2|Schizoption|266
