|raw|<div class="broadcast-blue"><strong>This battle is required to be public due to a player having a name starting with 'rult70'.</div>
|j|☆rult70q sensei
|j|‽toxrus1
|t:|1626570815
|gametype|singles
|player|p1|rult70q sensei|sabrina-gen2|1594
|player|p2|toxrus1|beauty-gen4dp|1391
|teamsize|p1|6
|teamsize|p2|6
|gen|8
|tier|[Gen 8] RU
|rated|
|rule|Sleep Clause Mod: Limit one foe put to sleep
|rule|Species Clause: Limit one of each Pokémon
|rule|OHKO Clause: OHKO moves are banned
|rule|Evasion Moves Clause: Evasion moves are banned
|rule|Endless Battle Clause: Forcing endless battles is banned
|rule|HP Percentage Mod: HP is shown in percentages
|rule|Dynamax Clause: You cannot dynamax
|clearpoke
|poke|p1|Necrozma|
|poke|p1|Cobalion|
|poke|p1|Incineroar, F|
|poke|p1|Vileplume, F|
|poke|p1|Flygon, M|
|poke|p1|Diancie|
|poke|p2|Gastrodon, F|
|poke|p2|Ditto|
|poke|p2|Umbreon, F|
|poke|p2|Stakataka|
|poke|p2|Reuniclus, F|
|poke|p2|Togekiss, M|
|teampreview
|j|+Nat
|inactive|Battle timer is ON: inactive players will automatically lose when time's up. (requested by toxrus1)
|
|t:|1626570877
|start
|switch|p1a: Incineroar|Incineroar, F|100/100
|switch|p2a: Togekiss|Togekiss, M|100/100
|-ability|p1a: Incineroar|Intimidate|boost
|-unboost|p2a: Togekiss|atk|1
|turn|1
|
|t:|1626570899
|switch|p2a: Stakataka|Stakataka|100/100
|switch|p1a: Diancie|Diancie|100/100
|
|upkeep
|turn|2
|
|t:|1626570907
|switch|p1a: Vileplume|Vileplume, F|100/100
|move|p2a: Stakataka|Gyro Ball|p1a: Vileplume
|-damage|p1a: Vileplume|59/100
|
|upkeep
|turn|3
|
|t:|1626570915
|move|p1a: Vileplume|Sleep Powder|p2a: Stakataka
|-status|p2a: Stakataka|slp|[from] move: Sleep Powder
|cant|p2a: Stakataka|slp
|
|upkeep
|turn|4
|
|t:|1626570923
|switch|p2a: Reuniclus|Reuniclus, F, shiny|100/100
|move|p1a: Vileplume|Strength Sap|p2a: Reuniclus
|-unboost|p2a: Reuniclus|atk|1
|-heal|p1a: Vileplume|100/100
|
|upkeep
|turn|5
|
|t:|1626570929
|switch|p1a: Necrozma|Necrozma|100/100
|move|p2a: Reuniclus|Focus Blast|p1a: Necrozma|[miss]
|-miss|p2a: Reuniclus|p1a: Necrozma
|
|upkeep
|turn|6
|
|t:|1626570937
|move|p1a: Necrozma|Dragon Dance|p1a: Necrozma
|-boost|p1a: Necrozma|atk|1
|-boost|p1a: Necrozma|spe|1
|move|p2a: Reuniclus|Future Sight|p1a: Necrozma
|-start|p2a: Reuniclus|move: Future Sight
|
|upkeep
|turn|7
|
|t:|1626570942
|switch|p2a: Togekiss|Togekiss, M|100/100
|move|p1a: Necrozma|Earthquake|p2a: Togekiss
|-immune|p2a: Togekiss
|
|upkeep
|turn|8
|
|t:|1626570954
|move|p1a: Necrozma|Photon Geyser|p2a: Togekiss
|-damage|p2a: Togekiss|54/100
|move|p2a: Togekiss|Thunder Wave|p1a: Necrozma
|-status|p1a: Necrozma|par
|
|-end|p1a: Necrozma|move: Future Sight
|-resisted|p1a: Necrozma
|-damage|p1a: Necrozma|70/100 par
|upkeep
|turn|9
|
|t:|1626570963
|switch|p1a: Diancie|Diancie|100/100
|move|p2a: Togekiss|Roost|p2a: Togekiss
|-heal|p2a: Togekiss|100/100
|-singleturn|p2a: Togekiss|move: Roost
|
|upkeep
|turn|10
|
|t:|1626570967
|switch|p2a: Ditto|Ditto|100/100
|-transform|p2a: Ditto|p1a: Diancie|[from] ability: Imposter
|move|p1a: Diancie|Stealth Rock|p2a: Ditto
|-sidestart|p2: toxrus1|move: Stealth Rock
|
|upkeep
|turn|11
|
|t:|1626570972
|move|p2a: Ditto|Stealth Rock|p1a: Diancie
|-sidestart|p1: rult70q sensei|move: Stealth Rock
|move|p1a: Diancie|Body Press|p2a: Ditto
|-damage|p2a: Ditto|80/100
|
|upkeep
|turn|12
|
|t:|1626570982
|switch|p2a: Gastrodon|Gastrodon, F|100/100
|-damage|p2a: Gastrodon|94/100|[from] Stealth Rock
|move|p1a: Diancie|Heal Bell|p1a: Diancie
|-activate|p1a: Diancie|move: Heal Bell
|-curestatus|p1: Necrozma|par|[msg]
|
|-heal|p2a: Gastrodon|100/100|[from] item: Leftovers
|upkeep
|turn|13
|
|t:|1626570994
|switch|p1a: Vileplume|Vileplume, F|100/100
|switch|p2a: Reuniclus|Reuniclus, F, shiny|100/100
|-damage|p2a: Reuniclus|88/100|[from] Stealth Rock
|
|upkeep
|turn|14
|
|t:|1626571000
|switch|p1a: Incineroar|Incineroar, F|100/100
|-ability|p1a: Incineroar|Intimidate|boost
|-unboost|p2a: Reuniclus|atk|1
|move|p2a: Reuniclus|Knock Off|p1a: Incineroar
|-resisted|p1a: Incineroar
|-damage|p1a: Incineroar|96/100
|-enditem|p1a: Incineroar|Heavy-Duty Boots|[from] move: Knock Off|[of] p2a: Reuniclus
|
|upkeep
|turn|15
|
|t:|1626571010
|switch|p2a: Gastrodon|Gastrodon, F|100/100
|-damage|p2a: Gastrodon|94/100|[from] Stealth Rock
|move|p1a: Incineroar|Knock Off|p2a: Gastrodon
|-damage|p2a: Gastrodon|64/100
|-enditem|p2a: Gastrodon|Leftovers|[from] move: Knock Off|[of] p1a: Incineroar
|
|upkeep
|turn|16
|
|t:|1626571019
|move|p1a: Incineroar|Toxic|p2a: Gastrodon
|-status|p2a: Gastrodon|tox
|move|p2a: Gastrodon|Recover|p2a: Gastrodon
|-heal|p2a: Gastrodon|100/100 tox
|
|-damage|p2a: Gastrodon|94/100 tox|[from] psn
|upkeep
|turn|17
|j| Rult70d ani
|
|t:|1626571026
|move|p1a: Incineroar|U-turn|p2a: Gastrodon
|-damage|p2a: Gastrodon|80/100 tox
|
|t:|1626571034
|switch|p1a: Flygon|Flygon, M|100/100|[from]move: U-turn
|-damage|p1a: Flygon|95/100|[from] Stealth Rock
|move|p2a: Gastrodon|Earthquake|p1a: Flygon
|-immune|p1a: Flygon|[from] ability: Levitate
|
|-damage|p2a: Gastrodon|68/100 tox|[from] psn
|upkeep
|turn|18
|
|t:|1626571042
|switch|p2a: Togekiss|Togekiss, M|100/100
|move|p1a: Flygon|U-turn|p2a: Togekiss
|-resisted|p2a: Togekiss
|-damage|p2a: Togekiss|97/100
|
|t:|1626571046
|switch|p1a: Diancie|Diancie|100/100|[from]move: U-turn
|-damage|p1a: Diancie|88/100|[from] Stealth Rock
|
|-heal|p1a: Diancie|94/100|[from] item: Leftovers
|upkeep
|turn|19
|
|t:|1626571053
|move|p2a: Togekiss|Thunder Wave|p1a: Diancie
|-status|p1a: Diancie|par
|move|p1a: Diancie|Diamond Storm|p2a: Togekiss
|-supereffective|p2a: Togekiss
|-damage|p2a: Togekiss|48/100
|-boost|p1a: Diancie|def|2
|
|-heal|p1a: Diancie|100/100 par|[from] item: Leftovers
|upkeep
|turn|20
|
|t:|1626571069
|move|p2a: Togekiss|Roost|p2a: Togekiss
|-heal|p2a: Togekiss|99/100
|-singleturn|p2a: Togekiss|move: Roost
|cant|p1a: Diancie|par
|
|upkeep
|turn|21
|
|t:|1626571081
|switch|p2a: Umbreon|Umbreon, F|100/100
|-damage|p2a: Umbreon|88/100|[from] Stealth Rock
|cant|p1a: Diancie|par
|
|-heal|p2a: Umbreon|94/100|[from] item: Leftovers
|upkeep
|turn|22
|
|t:|1626571086
|switch|p2a: Reuniclus|Reuniclus, F, shiny|100/100
|-damage|p2a: Reuniclus|88/100|[from] Stealth Rock
|move|p1a: Diancie|Body Press|p2a: Reuniclus
|-resisted|p2a: Reuniclus
|-damage|p2a: Reuniclus|62/100
|
|upkeep
|turn|23
|
|t:|1626571092
|move|p2a: Reuniclus|Future Sight|p1a: Diancie
|-start|p2a: Reuniclus|move: Future Sight
|move|p1a: Diancie|Diamond Storm|p2a: Reuniclus|[miss]
|-miss|p1a: Diancie|p2a: Reuniclus
|
|upkeep
|turn|24
|
|t:|1626571109
|move|p2a: Reuniclus|Knock Off|p1a: Diancie
|-resisted|p1a: Diancie
|-damage|p1a: Diancie|97/100 par
|-enditem|p1a: Diancie|Leftovers|[from] move: Knock Off|[of] p2a: Reuniclus
|move|p1a: Diancie|Diamond Storm|p2a: Reuniclus
|-damage|p2a: Reuniclus|27/100
|-boost|p1a: Diancie|def|2
|
|upkeep
|turn|25
|
|t:|1626571122
|switch|p2a: Gastrodon|Gastrodon, F|68/100 tox
|-damage|p2a: Gastrodon|62/100 tox|[from] Stealth Rock
|move|p1a: Diancie|Body Press|p2a: Gastrodon
|-damage|p2a: Gastrodon|4/100 tox
|
|-end|p1a: Diancie|move: Future Sight
|-damage|p1a: Diancie|60/100 par
|-damage|p2a: Gastrodon|0 fnt|[from] psn
|faint|p2a: Gastrodon
|upkeep
|
|t:|1626571126
|switch|p2a: Ditto|Ditto|80/100
|-damage|p2a: Ditto|68/100|[from] Stealth Rock
|-transform|p2a: Ditto|p1a: Diancie|[from] ability: Imposter
|turn|26
|
|t:|1626571134
|move|p2a: Ditto|Body Press|p1a: Diancie
|-damage|p1a: Diancie|37/100 par
|cant|p1a: Diancie|par
|
|upkeep
|turn|27
|l| Rult70d ani
|
|t:|1626571139
|switch|p1a: Vileplume|Vileplume, F|100/100
|move|p2a: Ditto|Body Press|p1a: Vileplume
|-resisted|p1a: Vileplume
|-damage|p1a: Vileplume|70/100
|
|upkeep
|turn|28
|
|t:|1626571150
|switch|p2a: Reuniclus|Reuniclus, F, shiny|61/100
|-damage|p2a: Reuniclus|48/100|[from] Stealth Rock
|move|p1a: Vileplume|Sludge Bomb|p2a: Reuniclus
|-damage|p2a: Reuniclus|31/100
|
|upkeep
|turn|29
|inactive|toxrus1 has 120 seconds left.
|inactive|toxrus1 has 90 seconds left.
|
|t:|1626571223
|switch|p1a: Incineroar|Incineroar, F|96/100
|-damage|p1a: Incineroar|71/100|[from] Stealth Rock
|-ability|p1a: Incineroar|Intimidate|boost
|-unboost|p2a: Reuniclus|atk|1
|switch|p2a: Umbreon|Umbreon, F|94/100
|-damage|p2a: Umbreon|82/100|[from] Stealth Rock
|
|-heal|p2a: Umbreon|88/100|[from] item: Leftovers
|upkeep
|turn|30
|
|t:|1626571230
|move|p2a: Umbreon|Wish|p2a: Umbreon
|move|p1a: Incineroar|Knock Off|p2a: Umbreon
|-resisted|p2a: Umbreon
|-damage|p2a: Umbreon|74/100
|-enditem|p2a: Umbreon|Leftovers|[from] move: Knock Off|[of] p1a: Incineroar
|
|upkeep
|turn|31
|inactive|toxrus1 has 90 seconds left.
|
|t:|1626571241
|move|p2a: Umbreon|Protect|p2a: Umbreon
|-singleturn|p2a: Umbreon|Protect
|move|p1a: Incineroar|U-turn|p2a: Umbreon
|-activate|p2a: Umbreon|move: Protect
|
|-heal|p2a: Umbreon|100/100|[from] move: Wish|[wisher] Umbreon
|upkeep
|turn|32
|
|t:|1626571246
|move|p2a: Umbreon|Wish|p2a: Umbreon
|move|p1a: Incineroar|U-turn|p2a: Umbreon
|-supereffective|p2a: Umbreon
|-damage|p2a: Umbreon|70/100
|
|t:|1626571250
|switch|p1a: Cobalion|Cobalion|100/100|[from]move: U-turn
|-damage|p1a: Cobalion|97/100|[from] Stealth Rock
|
|upkeep
|turn|33
|
|t:|1626571257
|switch|p2a: Reuniclus|Reuniclus, F, shiny|65/100
|-damage|p2a: Reuniclus|53/100|[from] Stealth Rock
|move|p1a: Cobalion|Swords Dance|p1a: Cobalion
|-boost|p1a: Cobalion|atk|2
|
|-heal|p2a: Reuniclus|99/100|[from] move: Wish|[wisher] Umbreon
|upkeep
|turn|34
|
|t:|1626571265
|switch|p1a: Necrozma|Necrozma|70/100
|move|p2a: Reuniclus|Focus Blast|p1a: Necrozma
|-resisted|p1a: Necrozma
|-damage|p1a: Necrozma|49/100
|
|upkeep
|turn|35
|
|t:|1626571275
|move|p1a: Necrozma|Moonlight|p1a: Necrozma
|-heal|p1a: Necrozma|99/100
|move|p2a: Reuniclus|Knock Off|p1a: Necrozma
|-supereffective|p1a: Necrozma
|-damage|p1a: Necrozma|78/100
|-enditem|p1a: Necrozma|Heavy-Duty Boots|[from] move: Knock Off|[of] p2a: Reuniclus
|
|upkeep
|turn|36
|inactive|toxrus1 has 120 seconds left.
|
|t:|1626571282
|move|p1a: Necrozma|Dragon Dance|p1a: Necrozma
|-boost|p1a: Necrozma|atk|1
|-boost|p1a: Necrozma|spe|1
|move|p2a: Reuniclus|Future Sight|p1a: Necrozma
|-start|p2a: Reuniclus|move: Future Sight
|
|upkeep
|turn|37
|
|t:|1626571294
|switch|p2a: Togekiss|Togekiss, M|99/100
|move|p1a: Necrozma|Photon Geyser|p2a: Togekiss
|-damage|p2a: Togekiss|48/100
|
|upkeep
|turn|38
|
|t:|1626571305
|move|p1a: Necrozma|Photon Geyser|p2a: Togekiss
|-damage|p2a: Togekiss|3/100
|move|p2a: Togekiss|Roost|p2a: Togekiss
|-heal|p2a: Togekiss|54/100
|-singleturn|p2a: Togekiss|move: Roost
|
|-end|p1a: Necrozma|move: Future Sight
|-resisted|p1a: Necrozma
|-damage|p1a: Necrozma|47/100
|upkeep
|turn|39
|
|t:|1626571313
|move|p1a: Necrozma|Moonlight|p1a: Necrozma
|-heal|p1a: Necrozma|97/100
|move|p2a: Togekiss|Roost|p2a: Togekiss
|-heal|p2a: Togekiss|100/100
|-singleturn|p2a: Togekiss|move: Roost
|
|upkeep
|turn|40
|
|t:|1626571320
|switch|p1a: Flygon|Flygon, M|95/100
|-damage|p1a: Flygon|89/100|[from] Stealth Rock
|move|p2a: Togekiss|Thunder Wave|p1a: Flygon
|-immune|p1a: Flygon
|
|upkeep
|turn|41
|
|t:|1626571326
|move|p1a: Flygon|Stone Edge|p2a: Togekiss
|-supereffective|p2a: Togekiss
|-damage|p2a: Togekiss|55/100
|move|p2a: Togekiss|Dazzling Gleam|p1a: Flygon
|-supereffective|p1a: Flygon
|-damage|p1a: Flygon|1/100
|
|upkeep
|turn|42
|
|t:|1626571334
|move|p1a: Flygon|Stone Edge|p2a: Togekiss|[miss]
|-miss|p1a: Flygon|p2a: Togekiss
|move|p2a: Togekiss|Roost|p2a: Togekiss
|-heal|p2a: Togekiss|100/100
|-singleturn|p2a: Togekiss|move: Roost
|
|upkeep
|turn|43
|
|t:|1626571345
|switch|p2a: Stakataka|Stakataka|100/100 slp
|-damage|p2a: Stakataka|94/100 slp|[from] Stealth Rock
|move|p1a: Flygon|Stone Edge|p2a: Stakataka
|-resisted|p2a: Stakataka
|-damage|p2a: Stakataka|86/100 slp
|
|-heal|p2a: Stakataka|93/100 slp|[from] item: Leftovers
|upkeep
|turn|44
|
|t:|1626571354
|switch|p1a: Vileplume|Vileplume, F|70/100
|cant|p2a: Stakataka|slp
|
|-heal|p2a: Stakataka|99/100 slp|[from] item: Leftovers
|upkeep
|turn|45
|
|t:|1626571367
|switch|p2a: Reuniclus|Reuniclus, F, shiny|100/100
|-damage|p2a: Reuniclus|88/100|[from] Stealth Rock
|move|p1a: Vileplume|Sludge Bomb|p2a: Reuniclus
|-damage|p2a: Reuniclus|72/100
|-status|p2a: Reuniclus|psn
|
|-damage|p2a: Reuniclus|60/100 psn|[from] psn
|upkeep
|turn|46
|
|t:|1626571377
|switch|p1a: Necrozma|Necrozma|97/100
|-damage|p1a: Necrozma|84/100|[from] Stealth Rock
|move|p2a: Reuniclus|Future Sight|p1a: Necrozma
|-start|p2a: Reuniclus|move: Future Sight
|
|-damage|p2a: Reuniclus|48/100 psn|[from] psn
|upkeep
|turn|47
|
|t:|1626571401
|switch|p2a: Togekiss|Togekiss, M|100/100
|move|p1a: Necrozma|Dragon Dance|p1a: Necrozma
|-boost|p1a: Necrozma|atk|1
|-boost|p1a: Necrozma|spe|1
|
|upkeep
|turn|48
|
|t:|1626571410
|move|p1a: Necrozma|Photon Geyser|p2a: Togekiss
|-damage|p2a: Togekiss|54/100
|move|p2a: Togekiss|Thunder Wave|p1a: Necrozma
|-status|p1a: Necrozma|par
|
|-end|p1a: Necrozma|move: Future Sight
|-resisted|p1a: Necrozma
|-damage|p1a: Necrozma|55/100 par
|upkeep
|turn|49
|
|t:|1626571428
|move|p2a: Togekiss|Roost|p2a: Togekiss
|-heal|p2a: Togekiss|100/100
|-singleturn|p2a: Togekiss|move: Roost
|move|p1a: Necrozma|Moonlight|p1a: Necrozma
|-heal|p1a: Necrozma|100/100 par
|
|upkeep
|turn|50
|
|t:|1626571434
|move|p2a: Togekiss|Dazzling Gleam|p1a: Necrozma
|-damage|p1a: Necrozma|63/100 par
|move|p1a: Necrozma|Dragon Dance|p1a: Necrozma
|-boost|p1a: Necrozma|atk|1
|-boost|p1a: Necrozma|spe|1
|
|upkeep
|turn|51
|
|t:|1626571439
|switch|p2a: Umbreon|Umbreon, F|70/100
|-damage|p2a: Umbreon|58/100|[from] Stealth Rock
|move|p1a: Necrozma|Photon Geyser|p2a: Umbreon
|-immune|p2a: Umbreon
|
|upkeep
|turn|52
|
|t:|1626571454
|switch|p1a: Cobalion|Cobalion|97/100
|-damage|p1a: Cobalion|94/100|[from] Stealth Rock
|move|p2a: Umbreon|Wish|p2a: Umbreon
|
|upkeep
|turn|53
|
|t:|1626571462
|switch|p2a: Reuniclus|Reuniclus, F, shiny|81/100 psn
|-damage|p2a: Reuniclus|69/100 psn|[from] Stealth Rock
|move|p1a: Cobalion|Swords Dance|p1a: Cobalion
|-boost|p1a: Cobalion|atk|2
|
|-heal|p2a: Reuniclus|100/100 psn|[from] move: Wish|[wisher] Umbreon
|-damage|p2a: Reuniclus|88/100 psn|[from] psn
|upkeep
|turn|54
|
|t:|1626571490
|switch|p1a: Flygon|Flygon, M|1/100
|-damage|p1a: Flygon|0 fnt|[from] Stealth Rock
|faint|p1a: Flygon
|move|p2a: Reuniclus|Focus Blast|p1: Flygon|[notarget]
|-fail|p2a: Reuniclus
|
|-damage|p2a: Reuniclus|76/100 psn|[from] psn
|upkeep
|
|t:|1626571498
|switch|p1a: Incineroar|Incineroar, F|71/100
|-damage|p1a: Incineroar|46/100|[from] Stealth Rock
|-ability|p1a: Incineroar|Intimidate|boost
|-unboost|p2a: Reuniclus|atk|1
|turn|55
|inactive|toxrus1 has 120 seconds left.
|
|t:|1626571535
|switch|p2a: Ditto|Ditto|68/100
|-damage|p2a: Ditto|56/100|[from] Stealth Rock
|-transform|p2a: Ditto|p1a: Incineroar|[from] ability: Imposter
|-ability|p2a: Ditto|Intimidate|boost
|-unboost|p1a: Incineroar|atk|1
|move|p1a: Incineroar|U-turn|p2a: Ditto
|-damage|p2a: Ditto|39/100
|inactive|rult70q sensei has 120 seconds left.
|
|t:|1626571553
|switch|p1a: Cobalion|Cobalion|94/100|[from]move: U-turn
|-damage|p1a: Cobalion|91/100|[from] Stealth Rock
|
|upkeep
|turn|56
|inactive|rult70q sensei has 120 seconds left.
|
|t:|1626571571
|move|p1a: Cobalion|Close Combat|p2a: Ditto
|-supereffective|p2a: Ditto
|-damage|p2a: Ditto|0 fnt
|-unboost|p1a: Cobalion|def|1
|-unboost|p1a: Cobalion|spd|1
|faint|p2a: Ditto
|
|upkeep
|inactive|toxrus1 has 120 seconds left.
|
|t:|1626571588
|switch|p2a: Togekiss|Togekiss, M|100/100
|turn|57
|inactive|toxrus1 has 120 seconds left.
|
|t:|1626571595
|switch|p1a: Vileplume|Vileplume, F|70/100
|move|p2a: Togekiss|Dazzling Gleam|p1a: Vileplume
|-resisted|p1a: Vileplume
|-damage|p1a: Vileplume|53/100
|
|upkeep
|turn|58
|j|+atomicllamas
|
|t:|1626571605
|switch|p2a: Umbreon|Umbreon, F|58/100
|-damage|p2a: Umbreon|45/100|[from] Stealth Rock
|move|p1a: Vileplume|Strength Sap|p2a: Umbreon
|-unboost|p2a: Umbreon|atk|1
|-heal|p1a: Vileplume|88/100
|
|upkeep
|turn|59
|
|t:|1626571611
|switch|p1a: Cobalion|Cobalion|91/100
|-damage|p1a: Cobalion|88/100|[from] Stealth Rock
|move|p2a: Umbreon|Wish|p2a: Umbreon
|
|upkeep
|turn|60
|c|+atomicllamas|nat
|c|+atomicllamas|are you here
|
|t:|1626571618
|switch|p2a: Reuniclus|Reuniclus, F, shiny|100/100 psn
|-damage|p2a: Reuniclus|88/100 psn|[from] Stealth Rock
|move|p1a: Cobalion|Swords Dance|p1a: Cobalion
|-boost|p1a: Cobalion|atk|2
|
|-heal|p2a: Reuniclus|100/100 psn|[from] move: Wish|[wisher] Umbreon
|-damage|p2a: Reuniclus|88/100 psn|[from] psn
|upkeep
|turn|61
|c|+Nat|hi
|c|+atomicllamas|accept my friend request
|c|+atomicllamas|:(
|inactive|toxrus1 has 120 seconds left.
|c|+Nat|i denied it
|c|+atomicllamas|hate you
|l|+atomicllamas
|c|☆rult70q sensei|owned
|inactive|toxrus1 has 90 seconds left.
|
|t:|1626571680
|switch|p1a: Necrozma|Necrozma|63/100 par
|-damage|p1a: Necrozma|51/100 par|[from] Stealth Rock
|move|p2a: Reuniclus|Focus Blast|p1a: Necrozma
|-resisted|p1a: Necrozma
|-damage|p1a: Necrozma|29/100 par
|
|-damage|p2a: Reuniclus|76/100 psn|[from] psn
|upkeep
|turn|62
|j|+atomicllamas
|
|t:|1626571688
|switch|p2a: Umbreon|Umbreon, F|45/100
|-damage|p2a: Umbreon|33/100|[from] Stealth Rock
|move|p1a: Necrozma|Moonlight|p1a: Necrozma
|-heal|p1a: Necrozma|79/100 par
|
|upkeep
|turn|63
|
|t:|1626571693
|switch|p1a: Cobalion|Cobalion|88/100
|-damage|p1a: Cobalion|85/100|[from] Stealth Rock
|move|p2a: Umbreon|Wish|p2a: Umbreon
|
|upkeep
|turn|64
|
|t:|1626571701
|move|p2a: Umbreon|Protect|p2a: Umbreon
|-singleturn|p2a: Umbreon|Protect
|move|p1a: Cobalion|Swords Dance|p1a: Cobalion
|-boost|p1a: Cobalion|atk|2
|
|-heal|p2a: Umbreon|83/100|[from] move: Wish|[wisher] Umbreon
|upkeep
|turn|65
|c|☆rult70q sensei|gg
|-message|toxrus1 forfeited.
|
|win|rult70q sensei
|raw|rult70q sensei's rating: 1594 &rarr; <strong>1603</strong><br />(+9 for winning)
|raw|toxrus1's rating: 1391 &rarr; <strong>1382</strong><br />(-9 for losing)
