|j|☆theawesomepikachu
|j|☆vuuuuuv
|t:|1629674361
|gametype|singles
|player|p1|theawesomepikachu|169|1153
|player|p2|vuuuuuv|preschoolerf|1093
|teamsize|p1|6
|teamsize|p2|6
|gen|8
|tier|[Gen 8] RU
|rated|
|rule|Sleep Clause Mod: Limit one foe put to sleep
|rule|Species Clause: Limit one of each Pokémon
|rule|OHKO Clause: OHKO moves are banned
|rule|Evasion Moves Clause: Evasion moves are banned
|rule|Endless Battle Clause: Forcing endless battles is banned
|rule|HP Percentage Mod: HP is shown in percentages
|rule|Dynamax Clause: You cannot dynamax
|clearpoke
|poke|p1|Regidrago|
|poke|p1|Gastrodon, M|
|poke|p1|Piloswine, F|
|poke|p1|Togekiss, M|
|poke|p1|Cloyster, F|
|poke|p1|Rotom-Mow|
|poke|p2|Weezing-Galar, M|
|poke|p2|Octillery, F|
|poke|p2|Mantine, M|
|poke|p2|Linoone, F|
|poke|p2|Liepard, M|
|poke|p2|Passimian, M|
|teampreview
|
|t:|1629674368
|start
|switch|p1a: Rotom|Rotom-Mow|100/100
|switch|p2a: Weezing|Weezing-Galar, M|100/100
|-fieldstart|move: Misty Terrain|[from] ability: Misty Surge|[of] p2a: Weezing
|turn|1
|
|t:|1629674374
|move|p1a: Rotom|Trick|p2a: Weezing
|-activate|p1a: Rotom|move: Trick|[of] p2a: Weezing
|-item|p2a: Weezing|Choice Scarf|[from] move: Trick
|-item|p1a: Rotom|Choice Band|[from] move: Trick
|move|p2a: Weezing|Play Rough|p1a: Rotom
|-damage|p1a: Rotom|46/100
|
|upkeep
|turn|2
|
|t:|1629674389
|switch|p1a: Piloswine|Piloswine, F|100/100
|move|p2a: Weezing|Play Rough|p1a: Piloswine
|-damage|p1a: Piloswine|82/100
|
|upkeep
|turn|3
|
|t:|1629674394
|switch|p2a: Mantine|Mantine, M|100/100
|move|p1a: Piloswine|Stealth Rock|p2a: Mantine
|-sidestart|p2: vuuuuuv|move: Stealth Rock
|
|upkeep
|turn|4
|
|t:|1629674399
|switch|p1a: Rotom|Rotom-Mow|46/100
|move|p2a: Mantine|Whirlpool|p1a: Rotom
|-resisted|p1a: Rotom
|-damage|p1a: Rotom|40/100
|-activate|p1a: Rotom|move: Whirlpool|[of] p2a: Mantine
|
|-damage|p1a: Rotom|27/100|[from] move: Whirlpool|[partiallytrapped]
|upkeep
|turn|5
|
|t:|1629674407
|move|p1a: Rotom|Volt Switch|p2a: Mantine
|-supereffective|p2a: Mantine
|-damage|p2a: Mantine|33/100
|
|t:|1629674412
|switch|p1a: Gastrodon|Gastrodon, M|100/100|[from]move: Volt Switch
|move|p2a: Mantine|Mirror Coat|p1a: Gastrodon
|-damage|p1a: Gastrodon|0 fnt
|faint|p1a: Gastrodon
|
|-fieldend|Misty Terrain
|upkeep
|
|t:|1629674415
|switch|p1a: Rotom|Rotom-Mow|27/100
|turn|6
|
|t:|1629674420
|move|p1a: Rotom|Volt Switch|p2a: Mantine
|-supereffective|p2a: Mantine
|-damage|p2a: Mantine|0 fnt
|faint|p2a: Mantine
|
|t:|1629674429
|switch|p1a: Togekiss|Togekiss, M|100/100|[from]move: Volt Switch
|
|upkeep
|
|t:|1629674434
|switch|p2a: Weezing|Weezing-Galar, M|100/100
|-damage|p2a: Weezing|88/100|[from] Stealth Rock
|-fieldstart|move: Misty Terrain|[from] ability: Misty Surge|[of] p2a: Weezing
|turn|7
|
|t:|1629674437
|move|p1a: Togekiss|Thunder Wave|p2a: Weezing
|-activate|p2a: Weezing|move: Misty Terrain
|move|p2a: Weezing|Explosion|p1a: Togekiss
|-damage|p1a: Togekiss|24/100
|faint|p2a: Weezing
|
|upkeep
|
|t:|1629674442
|switch|p2a: Liepard|Liepard, M|100/100
|-damage|p2a: Liepard|88/100|[from] Stealth Rock
|-enditem|p2a: Liepard|Misty Seed
|-boost|p2a: Liepard|spd|1|[from] item: Misty Seed
|turn|8
|
|t:|1629674448
|move|p2a: Liepard|Nasty Plot|p2a: Liepard
|-boost|p2a: Liepard|spa|2
|move|p1a: Togekiss|Roost|p1a: Togekiss
|-heal|p1a: Togekiss|74/100
|-singleturn|p1a: Togekiss|move: Roost
|
|upkeep
|turn|9
|
|t:|1629674454
|switch|p1a: Rotom|Rotom-Mow|27/100
|move|p2a: Liepard|Nasty Plot|p2a: Liepard
|-boost|p2a: Liepard|spa|2
|
|upkeep
|turn|10
|
|t:|1629674463
|move|p2a: Liepard|Dark Pulse|p1a: Rotom
|-damage|p1a: Rotom|0 fnt
|faint|p1a: Rotom
|
|upkeep
|
|t:|1629674469
|switch|p1a: Regidrago|Regidrago|100/100
|turn|11
|
|t:|1629674471
|move|p2a: Liepard|Dark Pulse|p1a: Regidrago
|-damage|p1a: Regidrago|0 fnt
|faint|p1a: Regidrago
|
|-fieldend|Misty Terrain
|upkeep
|
|t:|1629674488
|switch|p1a: Cloyster|Cloyster, F|100/100
|turn|12
|
|t:|1629674491
|move|p2a: Liepard|Dark Pulse|p1a: Cloyster
|-enditem|p1a: Cloyster|Focus Sash
|-damage|p1a: Cloyster|1/100
|move|p1a: Cloyster|Shell Smash|p1a: Cloyster
|-unboost|p1a: Cloyster|def|1
|-unboost|p1a: Cloyster|spd|1
|-boost|p1a: Cloyster|atk|2
|-boost|p1a: Cloyster|spa|2
|-boost|p1a: Cloyster|spe|2
|
|upkeep
|turn|13
|
|t:|1629674497
|move|p2a: Liepard|Dark Pulse|p1a: Cloyster
|-damage|p1a: Cloyster|0 fnt
|faint|p1a: Cloyster
|
|upkeep
|-message|theawesomepikachu forfeited.
|
|win|vuuuuuv
|raw|theawesomepikachu's rating: 1153 &rarr; <strong>1124</strong><br />(-29 for losing)
|raw|vuuuuuv's rating: 1093 &rarr; <strong>1124</strong><br />(+31 for winning)
|l|☆theawesomepikachu
|c|☆vuuuuuv|/log vuuuuuv made this room secret.
|c|☆vuuuuuv|/log vuuuuuv made this room public.
