|j|☆canaan3
|j|☆TookMe5Minutes
|player|p1|canaan3|twins-gen4dp|1473
|player|p2|TookMe5Minutes|155|1235
|teamsize|p1|6
|teamsize|p2|6
|gametype|singles
|gen|8
|tier|[Gen 8] RU
|rated|
|clearpoke
|poke|p1|Charizard, M|
|poke|p1|Steelix, M|
|poke|p1|Scrafty, F|
|poke|p1|Whimsicott, F|
|poke|p1|Goodra, M|
|poke|p1|Xatu, M|
|poke|p2|Snorlax, M|
|poke|p2|Xatu, F|
|poke|p2|Salazzle, F|
|poke|p2|Jellicent, M|
|poke|p2|Gigalith, F|
|poke|p2|Whimsicott, M|
|rule|Sleep Clause Mod: Limit one foe put to sleep
|rule|Species Clause: Limit one of each Pokémon
|rule|OHKO Clause: OHKO moves are banned
|rule|Evasion Moves Clause: Evasion moves are banned
|rule|Endless Battle Clause: Forcing endless battles is banned
|rule|HP Percentage Mod: HP is shown in percentages
|rule|Dynamax Clause: You cannot dynamax
|teampreview
|inactive|Battle timer is ON: inactive players will automatically lose when time's up. (requested by TookMe5Minutes)
|
|start
|switch|p1a: Whimsicott|Whimsicott, F|100/100
|switch|p2a: Jellicent|Jellicent, M|100/100
|turn|1
|
|switch|p2a: Xatu|Xatu, F|100/100
|move|p1a: Whimsicott|Switcheroo|p2a: Xatu
|-activate|p1a: Whimsicott|move: Trick|[of] p2a: Xatu
|-item|p2a: Xatu|Choice Specs|[from] move: Switcheroo
|-item|p1a: Whimsicott|Rocky Helmet|[from] move: Switcheroo
|
|upkeep
|turn|2
|
|move|p1a: Whimsicott|U-turn|p2a: Xatu
|-damage|p2a: Xatu|87/100
|
|switch|p1a: Scrafty|Scrafty, F|100/100|[from]move: U-turn
|move|p2a: Xatu|Heat Wave|p1a: Scrafty
|-damage|p1a: Scrafty|80/100
|
|-heal|p1a: Scrafty|86/100|[from] item: Leftovers
|upkeep
|turn|3
|
|switch|p2a: Whimsicott|Whimsicott, M|100/100
|move|p1a: Scrafty|Drain Punch|p2a: Whimsicott
|-resisted|p2a: Whimsicott
|-damage|p2a: Whimsicott|90/100
|-heal|p1a: Scrafty|92/100|[from] drain|[of] p2a: Whimsicott
|
|-heal|p2a: Whimsicott|96/100|[from] item: Leftovers
|-heal|p1a: Scrafty|98/100|[from] item: Leftovers
|upkeep
|turn|4
|
|switch|p1a: Steelix|Steelix, M|100/100
|move|p2a: Whimsicott|Leech Seed|p1a: Steelix
|-start|p1a: Steelix|move: Leech Seed
|
|-heal|p2a: Whimsicott|100/100|[from] item: Leftovers
|-damage|p1a: Steelix|88/100|[from] Leech Seed|[of] p2a: Whimsicott
|upkeep
|turn|5
|
|switch|p1a: Xatu|Xatu, M|100/100
|move|p2a: Whimsicott|Taunt|p1a: Xatu
|move|p1a: Xatu|Taunt|p2a: Whimsicott|[from]Magic Bounce
|-start|p2a: Whimsicott|move: Taunt
|
|upkeep
|turn|6
|
|switch|p2a: Gigalith|Gigalith, F|100/100
|-weather|Sandstorm|[from] ability: Sand Stream|[of] p2a: Gigalith
|move|p1a: Xatu|Wish|p1a: Xatu
|
|-weather|Sandstorm|[upkeep]
|-damage|p1a: Xatu|95/100|[from] Sandstorm
|-heal|p1a: Xatu|100/100|[from] item: Leftovers
|upkeep
|turn|7
|
|switch|p1a: Steelix|Steelix, M|88/100
|move|p2a: Gigalith|Rock Blast|p1a: Steelix
|-resisted|p1a: Steelix
|-damage|p1a: Steelix|87/100
|-resisted|p1a: Steelix
|-damage|p1a: Steelix|86/100
|-hitcount|p1a: Steelix|2
|
|-weather|Sandstorm|[upkeep]
|-heal|p1a: Steelix|100/100|[from] move: Wish|[wisher] Xatu
|upkeep
|turn|8
|
|move|p1a: Steelix|Earthquake|p2a: Gigalith
|-supereffective|p2a: Gigalith
|-damage|p2a: Gigalith|67/100
|move|p2a: Gigalith|Earthquake|p1a: Steelix
|-supereffective|p1a: Steelix
|-damage|p1a: Steelix|74/100
|
|-weather|Sandstorm|[upkeep]
|-heal|p1a: Steelix|80/100|[from] item: Leftovers
|-heal|p2a: Gigalith|73/100|[from] item: Leftovers
|upkeep
|turn|9
|
|move|p1a: Steelix|Earthquake|p2a: Gigalith
|-supereffective|p2a: Gigalith
|-damage|p2a: Gigalith|39/100
|move|p2a: Gigalith|Earthquake|p1a: Steelix
|-supereffective|p1a: Steelix
|-damage|p1a: Steelix|54/100
|
|-weather|Sandstorm|[upkeep]
|-heal|p1a: Steelix|60/100|[from] item: Leftovers
|-heal|p2a: Gigalith|45/100|[from] item: Leftovers
|upkeep
|turn|10
|
|move|p1a: Steelix|Heavy Slam|p2a: Gigalith
|-supereffective|p2a: Gigalith
|-damage|p2a: Gigalith|32/100
|move|p2a: Gigalith|Stealth Rock|p1a: Steelix
|-sidestart|p1: canaan3|move: Stealth Rock
|
|-weather|none
|-heal|p1a: Steelix|67/100|[from] item: Leftovers
|-heal|p2a: Gigalith|38/100|[from] item: Leftovers
|upkeep
|turn|11
|
|switch|p2a: Xatu|Xatu, F|87/100
|move|p1a: Steelix|Stealth Rock|p2a: Xatu
|move|p2a: Xatu|Stealth Rock||[from]Magic Bounce|[still]
|-fail|p2a: Xatu
|
|-heal|p1a: Steelix|73/100|[from] item: Leftovers
|upkeep
|turn|12
|
|switch|p1a: Xatu|Xatu, M|100/100
|-damage|p1a: Xatu|76/100|[from] Stealth Rock
|move|p2a: Xatu|Heat Wave|p1a: Xatu
|-damage|p1a: Xatu|46/100
|
|-heal|p1a: Xatu|52/100|[from] item: Leftovers
|upkeep
|turn|13
|
|move|p2a: Xatu|Heat Wave|p1a: Xatu
|-crit|p1a: Xatu
|-damage|p1a: Xatu|9/100
|move|p1a: Xatu|Wish|p1a: Xatu
|
|-heal|p1a: Xatu|15/100|[from] item: Leftovers
|upkeep
|turn|14
|
|move|p1a: Xatu|Protect|p1a: Xatu
|-singleturn|p1a: Xatu|Protect
|move|p2a: Xatu|Heat Wave|p1a: Xatu
|-activate|p1a: Xatu|move: Protect
|
|-heal|p1a: Xatu|65/100|[from] move: Wish|[wisher] Xatu
|-heal|p1a: Xatu|71/100|[from] item: Leftovers
|upkeep
|turn|15
|
|switch|p2a: Jellicent|Jellicent, M|100/100
|move|p1a: Xatu|Defog|p2a: Jellicent
|-unboost|p2a: Jellicent|evasion|1
|-sideend|p1: canaan3|Stealth Rock|[from] move: Defog|[of] p1a: Xatu
|
|-heal|p1a: Xatu|77/100|[from] item: Leftovers
|upkeep
|turn|16
|
|switch|p1a: Scrafty|Scrafty, F|98/100
|move|p2a: Jellicent|Scald|p1a: Scrafty
|-damage|p1a: Scrafty|81/100
|
|-heal|p1a: Scrafty|87/100|[from] item: Leftovers
|upkeep
|turn|17
|
|move|p2a: Jellicent|Scald|p1a: Scrafty
|-damage|p1a: Scrafty|71/100
|move|p1a: Scrafty|Bulk Up|p1a: Scrafty
|-boost|p1a: Scrafty|atk|1
|-boost|p1a: Scrafty|def|1
|
|-heal|p1a: Scrafty|77/100|[from] item: Leftovers
|upkeep
|turn|18
|
|switch|p2a: Whimsicott|Whimsicott, M|100/100
|move|p1a: Scrafty|Knock Off|p2a: Whimsicott
|-resisted|p2a: Whimsicott
|-damage|p2a: Whimsicott|81/100
|-enditem|p2a: Whimsicott|Leftovers|[from] move: Knock Off|[of] p1a: Scrafty
|
|-heal|p1a: Scrafty|83/100|[from] item: Leftovers
|upkeep
|turn|19
|
|switch|p1a: Xatu|Xatu, M|77/100
|move|p2a: Whimsicott|Moonblast|p1a: Xatu
|-damage|p1a: Xatu|53/100
|
|-heal|p1a: Xatu|59/100|[from] item: Leftovers
|upkeep
|turn|20
|
|switch|p2a: Gigalith|Gigalith, F|38/100
|-weather|Sandstorm|[from] ability: Sand Stream|[of] p2a: Gigalith
|move|p1a: Xatu|Wish|p1a: Xatu
|
|-weather|Sandstorm|[upkeep]
|-damage|p1a: Xatu|53/100|[from] Sandstorm
|-heal|p1a: Xatu|59/100|[from] item: Leftovers
|-heal|p2a: Gigalith|44/100|[from] item: Leftovers
|upkeep
|turn|21
|
|switch|p1a: Steelix|Steelix, M|73/100
|move|p2a: Gigalith|Rock Blast|p1a: Steelix
|-resisted|p1a: Steelix
|-damage|p1a: Steelix|72/100
|-resisted|p1a: Steelix
|-damage|p1a: Steelix|71/100
|-resisted|p1a: Steelix
|-damage|p1a: Steelix|69/100
|-hitcount|p1a: Steelix|3
|
|-weather|Sandstorm|[upkeep]
|-heal|p1a: Steelix|100/100|[from] move: Wish|[wisher] Xatu
|-heal|p2a: Gigalith|50/100|[from] item: Leftovers
|upkeep
|turn|22
|
|switch|p2a: Xatu|Xatu, F|87/100
|move|p1a: Steelix|Earthquake|p2a: Xatu
|-immune|p2a: Xatu
|
|-weather|Sandstorm|[upkeep]
|-damage|p2a: Xatu|81/100|[from] Sandstorm
|upkeep
|turn|23
|
|switch|p1a: Goodra|Goodra, M|100/100
|move|p2a: Xatu|Heat Wave|p1a: Goodra
|-resisted|p1a: Goodra
|-damage|p1a: Goodra|89/100
|
|-weather|Sandstorm|[upkeep]
|-damage|p1a: Goodra|83/100|[from] Sandstorm
|-damage|p2a: Xatu|75/100|[from] Sandstorm
|upkeep
|turn|24
|
|switch|p2a: Snorlax|Snorlax, M|100/100
|move|p1a: Goodra|Draco Meteor|p2a: Snorlax
|-damage|p2a: Snorlax|74/100
|-unboost|p1a: Goodra|spa|2
|
|-weather|none
|-heal|p2a: Snorlax|80/100|[from] item: Leftovers
|upkeep
|turn|25
|
|switch|p1a: Steelix|Steelix, M|100/100
|move|p2a: Snorlax|Curse|p2a: Snorlax
|-unboost|p2a: Snorlax|spe|1
|-boost|p2a: Snorlax|atk|1
|-boost|p2a: Snorlax|def|1
|
|-heal|p2a: Snorlax|86/100|[from] item: Leftovers
|upkeep
|turn|26
|
|move|p2a: Snorlax|Curse|p2a: Snorlax
|-unboost|p2a: Snorlax|spe|1
|-boost|p2a: Snorlax|atk|1
|-boost|p2a: Snorlax|def|1
|move|p1a: Steelix|Roar|p2a: Snorlax
|drag|p2a: Salazzle|Salazzle, F|100/100
|
|upkeep
|turn|27
|
|switch|p1a: Scrafty|Scrafty, F|83/100
|move|p2a: Salazzle|Substitute|p2a: Salazzle
|-start|p2a: Salazzle|Substitute
|-damage|p2a: Salazzle|76/100
|
|-heal|p2a: Salazzle|82/100|[from] item: Black Sludge
|-heal|p1a: Scrafty|89/100|[from] item: Leftovers
|upkeep
|turn|28
|
|move|p2a: Salazzle|Fire Blast|p1a: Scrafty
|-damage|p1a: Scrafty|52/100
|move|p1a: Scrafty|Knock Off|p2a: Salazzle
|-end|p2a: Salazzle|Substitute
|
|-heal|p2a: Salazzle|88/100|[from] item: Black Sludge
|-heal|p1a: Scrafty|58/100|[from] item: Leftovers
|upkeep
|turn|29
|
|move|p2a: Salazzle|Fire Blast|p1a: Scrafty
|-damage|p1a: Scrafty|23/100
|move|p1a: Scrafty|Rest|p1a: Scrafty
|-status|p1a: Scrafty|slp|[from] move: Rest
|-heal|p1a: Scrafty|100/100 slp|[silent]
|
|-heal|p2a: Salazzle|94/100|[from] item: Black Sludge
|upkeep
|turn|30
|
|switch|p2a: Whimsicott|Whimsicott, M|81/100
|cant|p1a: Scrafty|slp
|
|upkeep
|turn|31
|
|switch|p1a: Steelix|Steelix, M|100/100
|move|p2a: Whimsicott|Leech Seed|p1a: Steelix
|-start|p1a: Steelix|move: Leech Seed
|
|-damage|p1a: Steelix|88/100|[from] Leech Seed|[of] p2a: Whimsicott
|-heal|p2a: Whimsicott|95/100|[silent]
|upkeep
|turn|32
|
|switch|p2a: Xatu|Xatu, F|75/100
|switch|p1a: Charizard|Charizard, M|100/100
|
|upkeep
|turn|33
|
|switch|p1a: Whimsicott|Whimsicott, F|100/100
|switch|p2a: Gigalith|Gigalith, F|50/100
|-weather|Sandstorm|[from] ability: Sand Stream|[of] p2a: Gigalith
|
|-weather|Sandstorm|[upkeep]
|-damage|p1a: Whimsicott|94/100|[from] Sandstorm
|-heal|p2a: Gigalith|57/100|[from] item: Leftovers
|upkeep
|turn|34
|
|switch|p2a: Salazzle|Salazzle, F|94/100
|move|p1a: Whimsicott|Energy Ball|p2a: Salazzle
|-resisted|p2a: Salazzle
|-damage|p2a: Salazzle|80/100
|
|-weather|Sandstorm|[upkeep]
|-damage|p2a: Salazzle|74/100|[from] Sandstorm
|-damage|p1a: Whimsicott|88/100|[from] Sandstorm
|-heal|p2a: Salazzle|80/100|[from] item: Black Sludge
|upkeep
|turn|35
|
|move|p1a: Whimsicott|Switcheroo|p2a: Salazzle
|-activate|p1a: Whimsicott|move: Trick|[of] p2a: Salazzle
|-item|p2a: Salazzle|Rocky Helmet|[from] move: Switcheroo
|-item|p1a: Whimsicott|Black Sludge|[from] move: Switcheroo
|move|p2a: Salazzle|Fire Blast|p1a: Whimsicott
|-supereffective|p1a: Whimsicott
|-damage|p1a: Whimsicott|0 fnt
|faint|p1a: Whimsicott
|
|-weather|Sandstorm|[upkeep]
|-damage|p2a: Salazzle|74/100|[from] Sandstorm
|upkeep
|
|switch|p1a: Scrafty|Scrafty, F|100/100 slp
|turn|36
|
|switch|p2a: Whimsicott|Whimsicott, M|95/100
|cant|p1a: Scrafty|slp
|
|-weather|Sandstorm|[upkeep]
|-damage|p2a: Whimsicott|89/100|[from] Sandstorm
|-damage|p1a: Scrafty|95/100 slp|[from] Sandstorm
|-activate|p1a: Scrafty|ability: Shed Skin
|-curestatus|p1a: Scrafty|slp|[msg]
|-heal|p1a: Scrafty|100/100|[from] item: Leftovers
|upkeep
|turn|37
|
|switch|p1a: Steelix|Steelix, M|88/100
|move|p2a: Whimsicott|Moonblast|p1a: Steelix
|-resisted|p1a: Steelix
|-crit|p1a: Steelix
|-damage|p1a: Steelix|61/100
|
|-weather|none
|-heal|p1a: Steelix|67/100|[from] item: Leftovers
|upkeep
|turn|38
|
|switch|p2a: Jellicent|Jellicent, M|100/100
|move|p1a: Steelix|Heavy Slam|p2a: Jellicent
|-resisted|p2a: Jellicent
|-damage|p2a: Jellicent|91/100
|
|-heal|p2a: Jellicent|97/100|[from] item: Leftovers
|-heal|p1a: Steelix|73/100|[from] item: Leftovers
|upkeep
|turn|39
|
|switch|p1a: Scrafty|Scrafty, F|100/100
|move|p2a: Jellicent|Scald|p1a: Scrafty
|-damage|p1a: Scrafty|83/100
|-status|p1a: Scrafty|brn
|
|-heal|p2a: Jellicent|100/100|[from] item: Leftovers
|-activate|p1a: Scrafty|ability: Shed Skin
|-curestatus|p1a: Scrafty|brn|[msg]
|-heal|p1a: Scrafty|89/100|[from] item: Leftovers
|upkeep
|turn|40
|
|switch|p2a: Whimsicott|Whimsicott, M|89/100
|move|p1a: Scrafty|Bulk Up|p1a: Scrafty
|-boost|p1a: Scrafty|atk|1
|-boost|p1a: Scrafty|def|1
|
|-heal|p1a: Scrafty|95/100|[from] item: Leftovers
|upkeep
|turn|41
|
|switch|p1a: Steelix|Steelix, M|73/100
|move|p2a: Whimsicott|Moonblast|p1a: Steelix
|-resisted|p1a: Steelix
|-damage|p1a: Steelix|56/100
|-unboost|p1a: Steelix|spa|1
|
|-heal|p1a: Steelix|62/100|[from] item: Leftovers
|upkeep
|turn|42
|
|switch|p2a: Xatu|Xatu, F|75/100
|move|p1a: Steelix|Heavy Slam|p2a: Xatu
|-damage|p2a: Xatu|26/100
|
|-heal|p1a: Steelix|69/100|[from] item: Leftovers
|upkeep
|turn|43
|
|switch|p1a: Scrafty|Scrafty, F|95/100
|move|p2a: Xatu|Roost|p2a: Xatu
|-heal|p2a: Xatu|76/100
|-singleturn|p2a: Xatu|move: Roost
|
|-heal|p1a: Scrafty|100/100|[from] item: Leftovers
|upkeep
|turn|44
|
|switch|p2a: Whimsicott|Whimsicott, M|89/100
|switch|p1a: Charizard|Charizard, M|100/100
|
|upkeep
|turn|45
|
|switch|p2a: Jellicent|Jellicent, M|100/100
|move|p1a: Charizard|Belly Drum|p1a: Charizard
|-damage|p1a: Charizard|51/100
|-setboost|p1a: Charizard|atk|6|[from] move: Belly Drum
|
|upkeep
|turn|46
|
|move|p1a: Charizard|Thunder Punch|p2a: Jellicent
|-supereffective|p2a: Jellicent
|-damage|p2a: Jellicent|0 fnt
|faint|p2a: Jellicent
|
|upkeep
|
|switch|p2a: Whimsicott|Whimsicott, M|89/100
|turn|47
|
|move|p2a: Whimsicott|Encore|p1a: Charizard
|-start|p1a: Charizard|Encore
|move|p1a: Charizard|Thunder Punch|p2a: Whimsicott
|-resisted|p2a: Whimsicott
|-damage|p2a: Whimsicott|62/100
|-status|p2a: Whimsicott|par
|
|upkeep
|turn|48
|
|switch|p1a: Scrafty|Scrafty, F|100/100
|move|p2a: Whimsicott|Leech Seed|p1a: Scrafty
|-hint|Since gen 7, Dark is immune to Prankster moves.
|-immune|p1a: Scrafty
|
|upkeep
|turn|49
|
|switch|p1a: Xatu|Xatu, M|59/100
|move|p2a: Whimsicott|Moonblast|p1a: Xatu
|-damage|p1a: Xatu|35/100
|
|-heal|p1a: Xatu|41/100|[from] item: Leftovers
|upkeep
|turn|50
|
|switch|p2a: Snorlax|Snorlax, M|86/100
|move|p1a: Xatu|Night Shade|p2a: Snorlax
|-immune|p2a: Snorlax
|
|-heal|p1a: Xatu|47/100|[from] item: Leftovers
|-heal|p2a: Snorlax|92/100|[from] item: Leftovers
|upkeep
|turn|51
|
|switch|p1a: Steelix|Steelix, M|69/100
|move|p2a: Snorlax|Curse|p2a: Snorlax
|-unboost|p2a: Snorlax|spe|1
|-boost|p2a: Snorlax|atk|1
|-boost|p2a: Snorlax|def|1
|
|-heal|p1a: Steelix|75/100|[from] item: Leftovers
|-heal|p2a: Snorlax|98/100|[from] item: Leftovers
|upkeep
|turn|52
|
|move|p1a: Steelix|Stealth Rock|p2a: Snorlax
|-sidestart|p2: TookMe5Minutes|move: Stealth Rock
|move|p2a: Snorlax|Body Press|p1a: Steelix
|-supereffective|p1a: Steelix
|-damage|p1a: Steelix|57/100
|
|-heal|p1a: Steelix|63/100|[from] item: Leftovers
|-heal|p2a: Snorlax|100/100|[from] item: Leftovers
|upkeep
|turn|53
|
|move|p2a: Snorlax|Body Press|p1a: Steelix
|-supereffective|p1a: Steelix
|-damage|p1a: Steelix|47/100
|move|p1a: Steelix|Roar|p2a: Snorlax
|drag|p2a: Salazzle|Salazzle, F|74/100
|-damage|p2a: Salazzle|49/100|[from] Stealth Rock
|
|-heal|p1a: Steelix|53/100|[from] item: Leftovers
|upkeep
|turn|54
|
|switch|p1a: Scrafty|Scrafty, F|100/100
|move|p2a: Salazzle|Toxic|p1a: Scrafty
|-status|p1a: Scrafty|tox
|
|-activate|p1a: Scrafty|ability: Shed Skin
|-curestatus|p1a: Scrafty|tox|[msg]
|upkeep
|turn|55
|-message|TookMe5Minutes forfeited.
|
|win|canaan3
|l|☆TookMe5Minutes
|raw|canaan3's rating: 1473 &rarr; <strong>1481</strong><br />(+8 for winning)
|raw|TookMe5Minutes's rating: 1236 &rarr; <strong>1226</strong><br />(-10 for losing)
