|j|☆troublebubble
|j|☆Day Healer
|t:|1606944616
|player|p1|troublebubble|70|1367
|player|p2|Day Healer|morty|1444
|teamsize|p1|6
|teamsize|p2|6
|gametype|singles
|gen|8
|tier|[Gen 8] RU
|rated|
|clearpoke
|poke|p1|Conkeldurr, M|
|poke|p1|Registeel|
|poke|p1|Slowking, M|
|poke|p1|Crobat, M|
|poke|p1|Suicune|
|poke|p1|Zygarde-10%|
|poke|p2|Runerigus, M|
|poke|p2|Cresselia, F|
|poke|p2|Porygon2|
|poke|p2|Copperajah, M|
|poke|p2|Drampa, F|
|poke|p2|Vikavolt, M|
|rule|Sleep Clause Mod: Limit one foe put to sleep
|rule|Species Clause: Limit one of each Pokémon
|rule|OHKO Clause: OHKO moves are banned
|rule|Evasion Moves Clause: Evasion moves are banned
|rule|Endless Battle Clause: Forcing endless battles is banned
|rule|HP Percentage Mod: HP is shown in percentages
|rule|Dynamax Clause: You cannot dynamax
|teampreview
|j| Whatthefuckisru
|j| Ventamicare
|inactive|Battle timer is ON: inactive players will automatically lose when time's up. (requested by troublebubble)
|
|t:|1606944654
|start
|switch|p1a: Conkeldurr|Conkeldurr, M|100/100
|switch|p2a: Vikavolt|Vikavolt, M|100/100
|turn|1
|
|t:|1606944663
|switch|p1a: Registeel|Registeel|100/100
|switch|p2a: Cresselia|Cresselia, F|100/100
|
|upkeep
|turn|2
|
|t:|1606944669
|switch|p2a: Runerigus|Runerigus, M|100/100
|move|p1a: Registeel|Toxic|p2a: Runerigus
|-status|p2a: Runerigus|tox
|
|-damage|p2a: Runerigus|94/100 tox|[from] psn
|upkeep
|turn|3
|
|t:|1606944673
|move|p1a: Registeel|Stealth Rock|p2a: Runerigus
|-sidestart|p2: Day Healer|move: Stealth Rock
|move|p2a: Runerigus|Stealth Rock|p1a: Registeel
|-sidestart|p1: troublebubble|move: Stealth Rock
|
|-damage|p2a: Runerigus|82/100 tox|[from] psn
|upkeep
|turn|4
|
|t:|1606944677
|move|p1a: Registeel|Heavy Slam|p2a: Runerigus
|-damage|p2a: Runerigus|67/100 tox
|-activate|p2a: Runerigus|ability: Wandering Spirit|Clear Body|Wandering Spirit|[of] p1a: Registeel
|move|p2a: Runerigus|Poltergeist|p1a: Registeel|[miss]
|-miss|p2a: Runerigus|p1a: Registeel
|
|-damage|p2a: Runerigus|48/100 tox|[from] psn
|upkeep
|turn|5
|
|t:|1606944690
|move|p1a: Registeel|Protect|p1a: Registeel
|-singleturn|p1a: Registeel|Protect
|move|p2a: Runerigus|Trick Room|p2a: Runerigus
|-fieldstart|move: Trick Room|[of] p2a: Runerigus
|
|-damage|p2a: Runerigus|23/100 tox|[from] psn
|upkeep
|turn|6
|
|t:|1606944695
|switch|p1a: Crobat|Crobat, M|100/100
|move|p2a: Runerigus|Poltergeist|p1a: Crobat
|-activate|p1a: Crobat|move: Poltergeist|Heavy-Duty Boots
|-damage|p1a: Crobat|55/100
|
|-damage|p2a: Runerigus|0 fnt|[from] psn
|faint|p2a: Runerigus
|upkeep
|
|t:|1606944710
|switch|p2a: Copperajah|Copperajah, M|100/100
|-damage|p2a: Copperajah|94/100|[from] Stealth Rock
|turn|7
|
|t:|1606944722
|switch|p1a: Slowking|Slowking, M|100/100
|move|p2a: Copperajah|Power Whip|p1a: Slowking|[miss]
|-miss|p2a: Copperajah|p1a: Slowking
|
|upkeep
|turn|8
|c|☆Day Healer|sigh
|
|t:|1606944736
|switch|p1a: Registeel|Registeel|100/100
|-damage|p1a: Registeel|94/100|[from] Stealth Rock
|move|p2a: Copperajah|Power Whip|p1a: Registeel
|-resisted|p1a: Registeel
|-damage|p1a: Registeel|76/100
|-damage|p2a: Copperajah|85/100|[from] item: Life Orb
|
|-heal|p1a: Registeel|82/100|[from] item: Leftovers
|upkeep
|turn|9
|l| Whatthefuckisru
|
|t:|1606944748
|move|p1a: Registeel|Protect|p1a: Registeel
|-singleturn|p1a: Registeel|Protect
|move|p2a: Copperajah|Earthquake|p1a: Registeel
|-activate|p1a: Registeel|move: Protect
|
|-heal|p1a: Registeel|88/100|[from] item: Leftovers
|-fieldend|move: Trick Room
|upkeep
|turn|10
|
|t:|1606944763
|switch|p1a: Crobat|Crobat, M|55/100
|move|p2a: Copperajah|Heat Crash|p1a: Crobat
|-damage|p1a: Crobat|0 fnt
|-damage|p2a: Copperajah|75/100|[from] item: Life Orb
|faint|p1a: Crobat
|
|upkeep
|
|t:|1606944765
|switch|p1a: Conkeldurr|Conkeldurr, M|100/100
|-damage|p1a: Conkeldurr|95/100|[from] Stealth Rock
|turn|11
|
|t:|1606944770
|switch|p2a: Cresselia|Cresselia, F|100/100
|-damage|p2a: Cresselia|88/100|[from] Stealth Rock
|move|p1a: Conkeldurr|Drain Punch|p2a: Cresselia
|-resisted|p2a: Cresselia
|-damage|p2a: Cresselia|78/100
|-heal|p1a: Conkeldurr|100/100|[from] drain|[of] p2a: Cresselia
|
|-heal|p2a: Cresselia|84/100|[from] item: Leftovers
|-status|p1a: Conkeldurr|brn|[from] item: Flame Orb
|upkeep
|turn|12
|
|t:|1606944778
|move|p1a: Conkeldurr|Knock Off|p2a: Cresselia
|-supereffective|p2a: Cresselia
|-damage|p2a: Cresselia|31/100
|-enditem|p2a: Cresselia|Leftovers|[from] move: Knock Off|[of] p1a: Conkeldurr
|move|p2a: Cresselia|Moonlight|p2a: Cresselia
|-heal|p2a: Cresselia|81/100
|
|-damage|p1a: Conkeldurr|95/100 brn|[from] brn
|upkeep
|turn|13
|
|t:|1606944783
|move|p1a: Conkeldurr|Facade|p2a: Cresselia
|-damage|p2a: Cresselia|37/100
|move|p2a: Cresselia|Moonlight|p2a: Cresselia
|-heal|p2a: Cresselia|87/100
|
|-damage|p1a: Conkeldurr|89/100 brn|[from] brn
|upkeep
|turn|14
|
|t:|1606944789
|switch|p1a: Registeel|Registeel|88/100
|-damage|p1a: Registeel|82/100|[from] Stealth Rock
|move|p2a: Cresselia|Moonlight|p2a: Cresselia
|-heal|p2a: Cresselia|100/100
|
|-heal|p1a: Registeel|88/100|[from] item: Leftovers
|upkeep
|turn|15
|
|t:|1606944794
|switch|p2a: Copperajah|Copperajah, M|75/100
|-damage|p2a: Copperajah|69/100|[from] Stealth Rock
|switch|p1a: Conkeldurr|Conkeldurr, M|89/100 brn
|-damage|p1a: Conkeldurr|83/100 brn|[from] Stealth Rock
|
|-damage|p1a: Conkeldurr|77/100 brn|[from] brn
|upkeep
|turn|16
|
|t:|1606944798
|switch|p2a: Cresselia|Cresselia, F|100/100
|-damage|p2a: Cresselia|88/100|[from] Stealth Rock
|move|p1a: Conkeldurr|Facade|p2a: Cresselia
|-damage|p2a: Cresselia|43/100
|
|-damage|p1a: Conkeldurr|71/100 brn|[from] brn
|upkeep
|turn|17
|
|t:|1606944805
|move|p1a: Conkeldurr|Facade|p2a: Cresselia
|-damage|p2a: Cresselia|3/100
|move|p2a: Cresselia|Moonlight|p2a: Cresselia
|-heal|p2a: Cresselia|53/100
|
|-damage|p1a: Conkeldurr|65/100 brn|[from] brn
|upkeep
|turn|18
|
|t:|1606944813
|switch|p1a: Registeel|Registeel|88/100
|-damage|p1a: Registeel|82/100|[from] Stealth Rock
|move|p2a: Cresselia|Moonlight|p2a: Cresselia
|-heal|p2a: Cresselia|100/100
|
|-heal|p1a: Registeel|88/100|[from] item: Leftovers
|upkeep
|turn|19
|
|t:|1606944825
|switch|p2a: Copperajah|Copperajah, M|69/100
|-damage|p2a: Copperajah|63/100|[from] Stealth Rock
|move|p1a: Registeel|Toxic|p2a: Copperajah
|-immune|p2a: Copperajah
|
|-heal|p1a: Registeel|94/100|[from] item: Leftovers
|upkeep
|turn|20
|
|t:|1606944840
|move|p1a: Registeel|Protect|p1a: Registeel
|-singleturn|p1a: Registeel|Protect
|move|p2a: Copperajah|Power Whip|p1a: Registeel
|-activate|p1a: Registeel|move: Protect
|
|-heal|p1a: Registeel|100/100|[from] item: Leftovers
|upkeep
|turn|21
|
|t:|1606944845
|switch|p1a: Slowking|Slowking, M|100/100
|move|p2a: Copperajah|Earthquake|p1a: Slowking
|-damage|p1a: Slowking|63/100
|-damage|p2a: Copperajah|53/100|[from] item: Life Orb
|
|upkeep
|turn|22
|
|t:|1606944849
|move|p1a: Slowking|Scald|p2a: Copperajah
|-damage|p2a: Copperajah|23/100
|move|p2a: Copperajah|Power Whip|p1a: Slowking|[miss]
|-miss|p2a: Copperajah|p1a: Slowking
|
|upkeep
|turn|23
|
|t:|1606944857
|switch|p2a: Drampa|Drampa, F|100/100
|-damage|p2a: Drampa|88/100|[from] Stealth Rock
|move|p1a: Slowking|Scald|p2a: Drampa
|-resisted|p2a: Drampa
|-damage|p2a: Drampa|75/100
|
|upkeep
|turn|24
|
|t:|1606944865
|move|p1a: Slowking|Slack Off|p1a: Slowking
|-heal|p1a: Slowking|100/100
|move|p2a: Drampa|Hyper Voice|p1a: Slowking
|-damage|p1a: Slowking|36/100
|
|upkeep
|turn|25
|
|t:|1606944870
|switch|p1a: Registeel|Registeel|100/100
|-damage|p1a: Registeel|94/100|[from] Stealth Rock
|move|p2a: Drampa|Hyper Voice|p1a: Registeel
|-resisted|p1a: Registeel
|-damage|p1a: Registeel|74/100
|
|-heal|p1a: Registeel|80/100|[from] item: Leftovers
|upkeep
|turn|26
|
|t:|1606944883
|switch|p1a: Conkeldurr|Conkeldurr, M|65/100 brn
|-damage|p1a: Conkeldurr|59/100 brn|[from] Stealth Rock
|move|p2a: Drampa|Hyper Voice|p1a: Conkeldurr
|-damage|p1a: Conkeldurr|0 fnt
|faint|p1a: Conkeldurr
|
|upkeep
|
|t:|1606944893
|switch|p1a: Zygarde|Zygarde-10%|100/100
|-damage|p1a: Zygarde|94/100|[from] Stealth Rock
|-ability|p1a: Zygarde|Aura Break
|turn|27
|
|t:|1606944918
|switch|p2a: Copperajah|Copperajah, M|23/100
|-damage|p2a: Copperajah|17/100|[from] Stealth Rock
|move|p1a: Zygarde|Outrage|p2a: Copperajah
|-resisted|p2a: Copperajah
|-damage|p2a: Copperajah|0 fnt
|faint|p2a: Copperajah
|
|upkeep
|
|t:|1606944922
|switch|p2a: Porygon2|Porygon2|100/100
|-damage|p2a: Porygon2|88/100|[from] Stealth Rock
|-ability|p2a: Porygon2|Download|boost
|-boost|p2a: Porygon2|atk|1
|turn|28
|
|t:|1606944924
|move|p1a: Zygarde|Outrage|p2a: Porygon2|[from]lockedmove
|-damage|p2a: Porygon2|45/100
|-start|p1a: Zygarde|confusion|[fatigue]
|move|p2a: Porygon2|Ice Beam|p1a: Zygarde
|-supereffective|p1a: Zygarde
|-damage|p1a: Zygarde|0 fnt
|faint|p1a: Zygarde
|
|upkeep
|
|t:|1606944930
|switch|p1a: Suicune|Suicune|100/100
|-damage|p1a: Suicune|88/100|[from] Stealth Rock
|-ability|p1a: Suicune|Pressure
|turn|29
|
|t:|1606944933
|move|p1a: Suicune|Substitute|p1a: Suicune
|-start|p1a: Suicune|Substitute
|-damage|p1a: Suicune|63/100
|move|p2a: Porygon2|Discharge|p1a: Suicune
|-supereffective|p1a: Suicune
|-end|p1a: Suicune|Substitute
|
|-heal|p1a: Suicune|69/100|[from] item: Leftovers
|upkeep
|turn|30
|
|t:|1606944936
|move|p1a: Suicune|Calm Mind|p1a: Suicune
|-boost|p1a: Suicune|spa|1
|-boost|p1a: Suicune|spd|1
|move|p2a: Porygon2|Discharge|p1a: Suicune
|-supereffective|p1a: Suicune
|-damage|p1a: Suicune|51/100
|-status|p1a: Suicune|par
|
|-heal|p1a: Suicune|58/100 par|[from] item: Leftovers
|upkeep
|turn|31
|
|t:|1606944945
|switch|p2a: Vikavolt|Vikavolt, M|100/100
|-damage|p2a: Vikavolt|75/100|[from] Stealth Rock
|move|p1a: Suicune|Calm Mind|p1a: Suicune
|-boost|p1a: Suicune|spa|1
|-boost|p1a: Suicune|spd|1
|
|-heal|p1a: Suicune|64/100 par|[from] item: Leftovers
|upkeep
|turn|32
|c|☆troublebubble|yea
|c|☆troublebubble|not lucky
|
|t:|1606944954
|move|p1a: Suicune|Protect|p1a: Suicune
|-singleturn|p1a: Suicune|Protect
|move|p2a: Vikavolt|Thunderbolt|p1a: Suicune
|-activate|p1a: Suicune|move: Protect
|
|-heal|p1a: Suicune|70/100 par|[from] item: Leftovers
|upkeep
|turn|33
|c|☆Day Healer|i missed 2 power whips too :x
|
|t:|1606944981
|cant|p1a: Suicune|par
|move|p2a: Vikavolt|Thunderbolt|p1a: Suicune
|-supereffective|p1a: Suicune
|-damage|p1a: Suicune|7/100 par
|
|-heal|p1a: Suicune|13/100 par|[from] item: Leftovers
|upkeep
|turn|34
|-message|troublebubble forfeited.
|
|win|Day Healer
|l|☆troublebubble
||Ladder (probably) updated, but score could not be retrieved (Request timeout).
