|j|☆lighthouses
|j|☆Dollarsalt
|player|p1|lighthouses|tuberf|1569
|player|p2|Dollarsalt|107|1499
|teamsize|p1|6
|teamsize|p2|6
|gametype|singles
|gen|8
|tier|[Gen 8] RU
|rated|
|clearpoke
|poke|p1|Roserade, F|
|poke|p1|Rhydon, F|
|poke|p1|Alcremie, F|
|poke|p1|Rotom-Fan|
|poke|p1|Gurdurr, M|
|poke|p1|Togedemaru, F|
|poke|p2|Vileplume, F|
|poke|p2|Gigalith, F|
|poke|p2|Sableye, F|
|poke|p2|Vaporeon, F|
|poke|p2|Salazzle, F|
|poke|p2|Xatu, M|
|rule|Sleep Clause Mod: Limit one foe put to sleep
|rule|Species Clause: Limit one of each Pokémon
|rule|OHKO Clause: OHKO moves are banned
|rule|Evasion Moves Clause: Evasion moves are banned
|rule|Endless Battle Clause: Forcing endless battles is banned
|rule|HP Percentage Mod: HP is shown in percentages
|rule|Dynamax Clause: You cannot dynamax
|teampreview
|inactive|Battle timer is ON: inactive players will automatically lose when time's up. (requested by lighthouses)
|j| melancholy hills
|c| melancholy hills|nem tinha notado
|c| melancholy hills|que seu ultimo opp era br
|c| melancholy hills|kek
|c|☆lighthouses|auhahua
|c|☆lighthouses|cara
|c|☆lighthouses|eu fico laddeando com a bia
|inactive|lighthouses has 120 seconds left.
|c|☆lighthouses|e a gente encontra VARIOS br
|
|start
|switch|p1a: Rhydon|Rhydon, F|100/100
|switch|p2a: Vileplume|Vileplume, F|100/100
|turn|1
|
|switch|p1a: c:|Togedemaru, F|100/100
|move|p2a: Vileplume|Sleep Powder|p1a: c:
|-status|p1a: c:|slp|[from] move: Sleep Powder
|
|upkeep
|turn|2
|
|switch|p1a: Roserade|Roserade, F|100/100
|move|p2a: Vileplume|Sludge Bomb|p1a: Roserade
|-damage|p1a: Roserade|60/100
|
|-heal|p1a: Roserade|66/100|[from] item: Black Sludge
|upkeep
|turn|3
|
|switch|p2a: Salazzle|Salazzle, F|100/100
|move|p1a: Roserade|Extrasensory|p2a: Salazzle
|-supereffective|p2a: Salazzle
|-damage|p2a: Salazzle|17/100
|
|-heal|p1a: Roserade|73/100|[from] item: Black Sludge
|upkeep
|turn|4
|
|switch|p1a: Rhydon|Rhydon, F|100/100
|move|p2a: Salazzle|Toxic|p1a: Rhydon
|-status|p1a: Rhydon|tox
|
|-damage|p1a: Rhydon|94/100 tox|[from] psn
|upkeep
|turn|5
|
|switch|p2a: Vileplume|Vileplume, F|100/100
|move|p1a: Rhydon|Rock Blast|p2a: Vileplume
|-crit|p2a: Vileplume
|-damage|p2a: Vileplume|82/100
|-damage|p2a: Vileplume|71/100
|-damage|p2a: Vileplume|58/100
|-hitcount|p2a: Vileplume|3
|
|-heal|p2a: Vileplume|65/100|[from] item: Black Sludge
|-damage|p1a: Rhydon|82/100 tox|[from] psn
|upkeep
|turn|6
|c| melancholy hills|bizarro
|
|move|p1a: Rhydon|Stealth Rock|p2a: Vileplume
|-sidestart|p2: Dollarsalt|move: Stealth Rock
|move|p2a: Vileplume|Strength Sap|p1a: Rhydon
|-unboost|p1a: Rhydon|atk|1
|-heal|p2a: Vileplume|100/100
|
|-damage|p1a: Rhydon|63/100 tox|[from] psn
|upkeep
|turn|7
|
|switch|p1a: Roserade|Roserade, F|73/100
|move|p2a: Vileplume|Sludge Bomb|p1a: Roserade
|-damage|p1a: Roserade|31/100
|
|-heal|p1a: Roserade|37/100|[from] item: Black Sludge
|upkeep
|turn|8
|
|move|p1a: Roserade|Extrasensory|p2a: Vileplume
|-supereffective|p2a: Vileplume
|-damage|p2a: Vileplume|45/100
|move|p2a: Vileplume|Sludge Bomb|p1a: Roserade
|-damage|p1a: Roserade|0 fnt
|faint|p1a: Roserade
|
|-heal|p2a: Vileplume|51/100|[from] item: Black Sludge
|upkeep
|c| melancholy hills|a boa parte da comunidade brasileira nem liga tanto pra fórum e tals ne
|
|switch|p1a: Rotom|Rotom-Fan|100/100
|turn|9
|c| melancholy hills|são ladderdudes por ai
|
|switch|p2a: Gigalith|Gigalith, F|100/100
|-damage|p2a: Gigalith|88/100|[from] Stealth Rock
|-weather|Sandstorm|[from] ability: Sand Stream|[of] p2a: Gigalith
|move|p1a: Rotom|Nasty Plot|p1a: Rotom
|-boost|p1a: Rotom|spa|2
|
|-weather|Sandstorm|[upkeep]
|-damage|p1a: Rotom|94/100|[from] Sandstorm
|-heal|p2a: Gigalith|94/100|[from] item: Leftovers
|upkeep
|turn|10
|
|move|p1a: Rotom|Will-O-Wisp|p2a: Gigalith
|-status|p2a: Gigalith|brn
|move|p2a: Gigalith|Stone Edge|p1a: Rotom
|-supereffective|p1a: Rotom
|-damage|p1a: Rotom|33/100
|
|-weather|Sandstorm|[upkeep]
|-damage|p1a: Rotom|27/100|[from] Sandstorm
|-heal|p2a: Gigalith|100/100 brn|[from] item: Leftovers
|-damage|p2a: Gigalith|94/100 brn|[from] brn
|upkeep
|turn|11
|c| melancholy hills|que são melhores que muito tryhard de fórum
|c|☆lighthouses|pior que tem tipo
|c|☆lighthouses|mt publico pra pokemon showdown
|c|☆lighthouses|no brasil
|j| Wevton
|c|☆lighthouses|se extende mt alem da nossa comunidade
|c|☆lighthouses|so tu ver esses youtubers ai da vida
|c| melancholy hills|queria poder abranger esses caras pra comunidade
|
|move|p1a: Rotom|Volt Switch|p2a: Gigalith
|-damage|p2a: Gigalith|60/100 brn
|c| melancholy hills|mas é difícil
|
|switch|p1a: Alcremie|Alcremie, F|100/100|[from]move: Volt Switch
|move|p2a: Gigalith|Stealth Rock|p1a: Alcremie
|-sidestart|p1: lighthouses|move: Stealth Rock
|
|-weather|Sandstorm|[upkeep]
|-damage|p1a: Alcremie|95/100|[from] Sandstorm
|-heal|p1a: Alcremie|100/100|[from] item: Leftovers
|-heal|p2a: Gigalith|66/100 brn|[from] item: Leftovers
|-damage|p2a: Gigalith|60/100 brn|[from] brn
|upkeep
|turn|12
|
|switch|p2a: Vaporeon|Vaporeon, F|100/100
|-damage|p2a: Vaporeon|88/100|[from] Stealth Rock
|move|p1a: Alcremie|Calm Mind|p1a: Alcremie
|-boost|p1a: Alcremie|spa|1
|-boost|p1a: Alcremie|spd|1
|
|-weather|Sandstorm|[upkeep]
|-damage|p1a: Alcremie|95/100|[from] Sandstorm
|-damage|p2a: Vaporeon|82/100|[from] Sandstorm
|-heal|p1a: Alcremie|100/100|[from] item: Leftovers
|-heal|p2a: Vaporeon|88/100|[from] item: Leftovers
|upkeep
|turn|13
|
|move|p1a: Alcremie|Energy Ball|p2a: Vaporeon
|-supereffective|p2a: Vaporeon
|-crit|p2a: Vaporeon
|-damage|p2a: Vaporeon|7/100
|move|p2a: Vaporeon|Haze|p2a: Vaporeon
|-clearallboost
|
|-weather|none
|-heal|p2a: Vaporeon|14/100|[from] item: Leftovers
|upkeep
|turn|14
|l| Wevton
|c| melancholy hills|tive um papo daora com o basa
|c|☆lighthouses|eu ja tentei
|c|☆lighthouses|kkk
|c| melancholy hills|sobre integração de comunidade
|c|☆lighthouses|o sharktuxa me ignorou
|c|☆lighthouses|e olha q ja venci torneio dele
|
|move|p1a: Alcremie|Psychic|p2a: Vaporeon
|-damage|p2a: Vaporeon|0 fnt
|faint|p2a: Vaporeon
|
|upkeep
|j| Longage
|
|switch|p2a: Salazzle|Salazzle, F|17/100
|turn|15
|j| Wevton
|c| melancholy hills|as comunidades brasileiras tendem a se isolar
|c| melancholy hills|muito facil
|
|switch|p1a: Rhydon|Rhydon, F|63/100 tox
|-damage|p1a: Rhydon|57/100 tox|[from] Stealth Rock
|move|p2a: Salazzle|Toxic|p1a: Rhydon
|-fail|p1a: Rhydon|tox
|
|-damage|p1a: Rhydon|51/100 tox|[from] psn
|upkeep
|turn|16
|
|move|p2a: Salazzle|Protect|p2a: Salazzle
|-singleturn|p2a: Salazzle|Protect
|move|p1a: Rhydon|Rock Blast|p2a: Salazzle
|-activate|p2a: Salazzle|move: Protect
|
|-damage|p1a: Rhydon|38/100 tox|[from] psn
|upkeep
|turn|17
|c| melancholy hills|ou pq eles se isolam mesmo pq querem ficar só ali
|
|switch|p2a: Sableye|Sableye, F|100/100
|-damage|p2a: Sableye|88/100|[from] Stealth Rock
|move|p1a: Rhydon|Rock Blast|p2a: Sableye
|-damage|p2a: Sableye|71/100
|-damage|p2a: Sableye|53/100
|-damage|p2a: Sableye|36/100
|-damage|p2a: Sableye|20/100
|-damage|p2a: Sableye|4/100
|-hitcount|p2a: Sableye|5
|
|-heal|p2a: Sableye|10/100|[from] item: Leftovers
|-damage|p1a: Rhydon|20/100 tox|[from] psn
|upkeep
|turn|18
|n| Lord Thorx|longage
|c|☆lighthouses|comunidades br na internet no geral
|c| melancholy hills|ou pq n ouvem coisas boas de outras comunidades
|c|☆lighthouses|sao beeem toxicas
|c|☆lighthouses|entao da p entender
|c| melancholy hills|é
|
|switch|p1a: Alcremie|Alcremie, F|100/100
|-damage|p1a: Alcremie|88/100|[from] Stealth Rock
|move|p2a: Sableye|Knock Off|p1a: Alcremie
|-resisted|p1a: Alcremie
|-damage|p1a: Alcremie|68/100
|-enditem|p1a: Alcremie|Leftovers|[from] move: Knock Off|[of] p2a: Sableye
|
|-heal|p2a: Sableye|17/100|[from] item: Leftovers
|upkeep
|turn|19
|c| melancholy hills|nego do sharktuxa n vai vir pra ca
|
|move|p2a: Sableye|Recover|p2a: Sableye
|-heal|p2a: Sableye|67/100
|move|p1a: Alcremie|Dazzling Gleam|p2a: Sableye
|-supereffective|p2a: Sableye
|-damage|p2a: Sableye|0 fnt
|faint|p2a: Sableye
|
|upkeep
|c| melancholy hills|pra frontier
|
|switch|p2a: Salazzle|Salazzle, F|17/100
|turn|20
|c| melancholy hills|na frança foi mais fácil
|
|switch|p1a: Rhydon|Rhydon, F|20/100 tox
|-damage|p1a: Rhydon|13/100 tox|[from] Stealth Rock
|move|p2a: Salazzle|Toxic|p1a: Rhydon
|-fail|p1a: Rhydon|tox
|
|-damage|p1a: Rhydon|7/100 tox|[from] psn
|upkeep
|turn|21
|
|move|p2a: Salazzle|Protect|p2a: Salazzle
|-singleturn|p2a: Salazzle|Protect
|move|p1a: Rhydon|Rock Blast|p2a: Salazzle
|-activate|p2a: Salazzle|move: Protect
|
|-damage|p1a: Rhydon|0 fnt|[from] psn
|faint|p1a: Rhydon
|upkeep
|c| melancholy hills|pq tem um monte de poketuber que atualmente é envolvido na comunidade
|
|switch|p1a: Gurdurr|Gurdurr, M|100/100
|-damage|p1a: Gurdurr|94/100|[from] Stealth Rock
|turn|22
|
|switch|p2a: Vileplume|Vileplume, F|51/100
|-damage|p2a: Vileplume|38/100|[from] Stealth Rock
|move|p1a: Gurdurr|Stone Edge|p2a: Vileplume
|-damage|p2a: Vileplume|14/100
|
|-heal|p2a: Vileplume|21/100|[from] item: Black Sludge
|upkeep
|turn|23
|
|switch|p1a: Rotom|Rotom-Fan|27/100
|move|p2a: Vileplume|Strength Sap|p1a: Rotom
|-unboost|p1a: Rotom|atk|1
|-heal|p2a: Vileplume|55/100
|
|-heal|p2a: Vileplume|61/100|[from] item: Black Sludge
|upkeep
|turn|24
|
|switch|p2a: Gigalith|Gigalith, F|60/100 brn
|-damage|p2a: Gigalith|47/100 brn|[from] Stealth Rock
|-weather|Sandstorm|[from] ability: Sand Stream|[of] p2a: Gigalith
|move|p1a: Rotom|Air Slash|p2a: Gigalith
|-resisted|p2a: Gigalith
|-damage|p2a: Gigalith|38/100 brn
|
|-weather|Sandstorm|[upkeep]
|-damage|p1a: Rotom|21/100|[from] Sandstorm
|-heal|p2a: Gigalith|44/100 brn|[from] item: Leftovers
|-damage|p2a: Gigalith|38/100 brn|[from] brn
|upkeep
|turn|25
|c| melancholy hills|youtuber famoso com + de 100k que joga em torneios de grande relevância e tals
|
|move|p1a: Rotom|Volt Switch|p2a: Gigalith
|-crit|p2a: Gigalith
|-damage|p2a: Gigalith|11/100 brn
|
|switch|p1a: Gurdurr|Gurdurr, M|94/100|[from]move: Volt Switch
|-damage|p1a: Gurdurr|88/100|[from] Stealth Rock
|move|p2a: Gigalith|Stone Edge|p1a: Gurdurr
|-resisted|p1a: Gurdurr
|-damage|p1a: Gurdurr|80/100
|
|-weather|Sandstorm|[upkeep]
|-damage|p1a: Gurdurr|74/100|[from] Sandstorm
|-heal|p2a: Gigalith|17/100 brn|[from] item: Leftovers
|-damage|p2a: Gigalith|11/100 brn|[from] brn
|upkeep
|turn|26
|
|move|p1a: Gurdurr|Drain Punch|p2a: Gigalith
|-supereffective|p2a: Gigalith
|-damage|p2a: Gigalith|0 fnt
|-heal|p1a: Gurdurr|79/100|[from] drain|[of] p2a: Gigalith
|faint|p2a: Gigalith
|
|-weather|Sandstorm|[upkeep]
|-damage|p1a: Gurdurr|73/100|[from] Sandstorm
|upkeep
|c| melancholy hills|+ de 100k não
|
|switch|p2a: Vileplume|Vileplume, F|61/100
|-damage|p2a: Vileplume|49/100|[from] Stealth Rock
|turn|27
|c| melancholy hills|mas uma quantidade razoável
|
|switch|p1a: Rotom|Rotom-Fan|21/100
|move|p2a: Vileplume|Strength Sap|p1a: Rotom
|-unboost|p1a: Rotom|atk|1
|-heal|p2a: Vileplume|83/100
|
|-weather|Sandstorm|[upkeep]
|-damage|p1a: Rotom|15/100|[from] Sandstorm
|-damage|p2a: Vileplume|76/100|[from] Sandstorm
|-heal|p2a: Vileplume|83/100|[from] item: Black Sludge
|upkeep
|turn|28
|
|switch|p2a: Xatu|Xatu, M|100/100
|-damage|p2a: Xatu|76/100|[from] Stealth Rock
|move|p1a: Rotom|Air Slash|p2a: Xatu
|-damage|p2a: Xatu|32/100
|
|-weather|none
|upkeep
|turn|29
|c|☆lighthouses|nem tem mesmo
|c|☆lighthouses|eu tinha vontade de
|c|☆lighthouses|criar conteudo e tal
|c|☆lighthouses|mas minha casa é mt pequenininha
|c|☆lighthouses|e eu n tenho equipamento
|inactive|lighthouses has 120 seconds left.
|
|switch|p1a: c:|Togedemaru, F|100/100 slp
|-damage|p1a: c:|95/100 slp|[from] Stealth Rock
|move|p2a: Xatu|Roost|p2a: Xatu
|-heal|p2a: Xatu|82/100
|-singleturn|p2a: Xatu|move: Roost
|
|upkeep
|turn|30
|
|switch|p2a: Vileplume|Vileplume, F|83/100
|-damage|p2a: Vileplume|70/100|[from] Stealth Rock
|cant|p1a: c:|slp
|
|-heal|p2a: Vileplume|76/100|[from] item: Black Sludge
|upkeep
|turn|31
|
|cant|p1a: c:|slp
|move|p2a: Vileplume|Sludge Bomb|p1a: c:
|-immune|p1a: c:
|
|-heal|p2a: Vileplume|83/100|[from] item: Black Sludge
|upkeep
|turn|32
|
|cant|p1a: c:|slp
|move|p2a: Vileplume|Strength Sap|p1a: c:
|-unboost|p1a: c:|atk|1
|-heal|p2a: Vileplume|100/100
|
|upkeep
|turn|33
|
|-curestatus|p1a: c:|slp|[msg]
|move|p1a: c:|Nuzzle|p2a: Vileplume
|-resisted|p2a: Vileplume
|-damage|p2a: Vileplume|98/100
|-status|p2a: Vileplume|par
|cant|p2a: Vileplume|par
|
|-heal|p2a: Vileplume|100/100 par|[from] item: Black Sludge
|upkeep
|turn|34
|
|switch|p1a: Gurdurr|Gurdurr, M|73/100
|-damage|p1a: Gurdurr|67/100|[from] Stealth Rock
|move|p2a: Vileplume|Sludge Bomb|p1a: Gurdurr
|-damage|p1a: Gurdurr|32/100
|
|upkeep
|turn|35
|
|move|p1a: Gurdurr|Stone Edge|p2a: Vileplume
|-damage|p2a: Vileplume|75/100 par
|cant|p2a: Vileplume|par
|
|-heal|p2a: Vileplume|81/100 par|[from] item: Black Sludge
|upkeep
|turn|36
|
|move|p1a: Gurdurr|Stone Edge|p2a: Vileplume
|-damage|p2a: Vileplume|55/100 par
|move|p2a: Vileplume|Sludge Bomb|p1a: Gurdurr
|-damage|p1a: Gurdurr|0 fnt
|faint|p1a: Gurdurr
|
|-heal|p2a: Vileplume|62/100 par|[from] item: Black Sludge
|upkeep
|
|switch|p1a: Alcremie|Alcremie, F|68/100
|-damage|p1a: Alcremie|56/100|[from] Stealth Rock
|turn|37
|
|move|p1a: Alcremie|Psychic|p2a: Vileplume
|-supereffective|p2a: Vileplume
|-damage|p2a: Vileplume|0 fnt
|faint|p2a: Vileplume
|
|upkeep
|
|switch|p2a: Xatu|Xatu, M|82/100
|-damage|p2a: Xatu|57/100|[from] Stealth Rock
|turn|38
|
|move|p2a: Xatu|Psychic|p1a: Alcremie
|-damage|p1a: Alcremie|22/100
|move|p1a: Alcremie|Dazzling Gleam|p2a: Xatu
|-damage|p2a: Xatu|1/100
|
|upkeep
|turn|39
|
|move|p2a: Xatu|Psychic|p1a: Alcremie
|-damage|p1a: Alcremie|0 fnt
|faint|p1a: Alcremie
|
|upkeep
|
|switch|p1a: c:|Togedemaru, F|95/100
|-damage|p1a: c:|89/100|[from] Stealth Rock
|turn|40
|
|move|p1a: c:|Zing Zap|p2a: Xatu
|-supereffective|p2a: Xatu
|-damage|p2a: Xatu|0 fnt
|-damage|p1a: c:|72/100|[from] item: Rocky Helmet|[of] p2a: Xatu
|faint|p2a: Xatu
|
|upkeep
|
|switch|p2a: Salazzle|Salazzle, F|17/100
|turn|41
|
|move|p1a: c:|Zing Zap|p2a: Salazzle
|-damage|p2a: Salazzle|0 fnt
|faint|p2a: Salazzle
|
|win|lighthouses
|l|☆lighthouses
|l|☆Dollarsalt
|l| Wevton
|l| melancholy hills
|raw|lighthouses's rating: 1569 &rarr; <strong>1585</strong><br />(+16 for winning)
|raw|Dollarsalt's rating: 1499 &rarr; <strong>1483</strong><br />(-16 for losing)
|l| Lord Thorx
