|j|☆zizalith
|j|☆fall tsubaki
|inactive|Battle timer is ON: inactive players will automatically lose when time's up.
|t:|1629515552
|gametype|singles
|player|p1|zizalith|102|
|player|p2|fall tsubaki|cheren-gen5bw2|
|teamsize|p1|6
|teamsize|p2|6
|gen|8
|tier|[Gen 8] RU
|rated|Tournament battle
|rule|Sleep Clause Mod: Limit one foe put to sleep
|rule|Species Clause: Limit one of each Pokémon
|rule|OHKO Clause: OHKO moves are banned
|rule|Evasion Moves Clause: Evasion moves are banned
|rule|Endless Battle Clause: Forcing endless battles is banned
|rule|HP Percentage Mod: HP is shown in percentages
|rule|Dynamax Clause: You cannot dynamax
|clearpoke
|poke|p1|Regidrago|
|poke|p1|Dragalge, F|
|poke|p1|Vaporeon, M|
|poke|p1|Dhelmise|
|poke|p1|Raikou|
|poke|p1|Bronzong|
|poke|p2|Golurk|
|poke|p2|Porygon2|
|poke|p2|Barraskewda, F|
|poke|p2|Cobalion|
|poke|p2|Roserade, M|
|poke|p2|Noivern, F|
|teampreview
|c|☆fall tsubaki|hf
|c|☆zizalith|hf
|inactive|zizalith has 120 seconds left.
|
|t:|1629515600
|start
|switch|p1a: Vaporeon|Vaporeon, M|100/100
|switch|p2a: Golurk|Golurk|100/100
|turn|1
|
|t:|1629515605
|switch|p2a: Roserade|Roserade, M|100/100
|move|p1a: Vaporeon|Flip Turn|p2a: Roserade
|-resisted|p2a: Roserade
|-damage|p2a: Roserade|89/100
|
|t:|1629515608
|switch|p1a: Dragalge|Dragalge, F|100/100|[from]move: Flip Turn
|
|-heal|p2a: Roserade|95/100|[from] item: Black Sludge
|upkeep
|turn|2
|
|t:|1629515618
|switch|p2a: Porygon2|Porygon2|100/100
|-ability|p2a: Porygon2|Adaptability|[from] ability: Trace|[of] p1a: Dragalge
|move|p1a: Dragalge|Sludge Bomb|p2a: Porygon2
|-damage|p2a: Porygon2|55/100
|
|upkeep
|turn|3
|
|t:|1629515632
|switch|p2a: Cobalion|Cobalion|100/100
|move|p1a: Dragalge|Sludge Bomb|p2a: Cobalion
|-immune|p2a: Cobalion
|
|upkeep
|turn|4
|j|%sensei axew
|
|t:|1629515638
|switch|p1a: Raikou|Raikou|100/100
|-ability|p1a: Raikou|Pressure
|move|p2a: Cobalion|Volt Switch|p1a: Raikou
|-resisted|p1a: Raikou
|-damage|p1a: Raikou|94/100
|
|t:|1629515646
|switch|p2a: Roserade|Roserade, M|95/100|[from]move: Volt Switch
|
|-heal|p2a: Roserade|100/100|[from] item: Black Sludge
|upkeep
|turn|5
|
|t:|1629515656
|move|p1a: Raikou|Volt Switch|p2a: Roserade
|-resisted|p2a: Roserade
|-damage|p2a: Roserade|81/100
|
|t:|1629515670
|switch|p1a: Dragalge|Dragalge, F|100/100|[from]move: Volt Switch
|move|p2a: Roserade|Spikes|p1a: Dragalge
|-sidestart|p1: zizalith|Spikes
|
|-heal|p2a: Roserade|87/100|[from] item: Black Sludge
|upkeep
|turn|6
|j| Tarah204
|
|t:|1629515674
|move|p2a: Roserade|Sleep Powder|p1a: Dragalge
|-status|p1a: Dragalge|slp|[from] move: Sleep Powder
|cant|p1a: Dragalge|slp
|
|-heal|p2a: Roserade|93/100|[from] item: Black Sludge
|upkeep
|turn|7
|
|t:|1629515694
|switch|p2a: Golurk|Golurk|100/100
|cant|p1a: Dragalge|slp
|
|upkeep
|turn|8
|inactive|zizalith has 120 seconds left.
|
|t:|1629515728
|switch|p1a: Dhelmise|Dhelmise|100/100
|-damage|p1a: Dhelmise|88/100|[from] Spikes
|move|p2a: Golurk|Poltergeist|p1a: Dhelmise
|-activate|p1a: Dhelmise|move: Poltergeist|Leftovers
|-supereffective|p1a: Dhelmise
|-damage|p1a: Dhelmise|0 fnt
|faint|p1a: Dhelmise
|
|upkeep
|
|t:|1629515734
|switch|p1a: Vaporeon|Vaporeon, M|100/100
|-damage|p1a: Vaporeon|88/100|[from] Spikes
|turn|9
|inactive|zizalith has 120 seconds left.
|
|t:|1629515745
|switch|p2a: Noivern|Noivern, F|100/100
|move|p1a: Vaporeon|Flip Turn|p2a: Noivern
|-resisted|p2a: Noivern
|-damage|p2a: Noivern|93/100
|
|t:|1629515753
|switch|p1a: Bronzong|Bronzong|100/100|[from]move: Flip Turn
|
|upkeep
|turn|10
|inactive|zizalith has 120 seconds left.
|j|+yourwelcomethank
|
|t:|1629515764
|move|p2a: Noivern|U-turn|p1a: Bronzong
|-damage|p1a: Bronzong|91/100
|
|t:|1629515766
|switch|p2a: Golurk|Golurk|100/100|[from]move: U-turn
|move|p1a: Bronzong|Toxic|p2a: Golurk
|-status|p2a: Golurk|tox
|
|-heal|p1a: Bronzong|97/100|[from] item: Leftovers
|-damage|p2a: Golurk|95/100 tox|[from] psn
|upkeep
|turn|11
|inactive|zizalith has 120 seconds left.
|c|☆zizalith|ywt i have realized golurk might be a problem
|
|t:|1629515801
|move|p2a: Golurk|Poltergeist|p1a: Bronzong
|-activate|p1a: Bronzong|move: Poltergeist|Leftovers
|-supereffective|p1a: Bronzong
|-damage|p1a: Bronzong|0 fnt
|faint|p1a: Bronzong
|
|-damage|p2a: Golurk|83/100 tox|[from] psn
|upkeep
|
|t:|1629515809
|switch|p1a: Vaporeon|Vaporeon, M|88/100
|-damage|p1a: Vaporeon|75/100|[from] Spikes
|turn|12
|c|+yourwelcomethank|might?
|c|+yourwelcomethank|or is
|
|t:|1629515821
|switch|p2a: Noivern|Noivern, F|93/100
|move|p1a: Vaporeon|Scald|p2a: Noivern
|-resisted|p2a: Noivern
|-damage|p2a: Noivern|76/100
|
|-heal|p1a: Vaporeon|82/100|[from] item: Leftovers
|upkeep
|turn|13
|c|☆zizalith|it might be
|c|☆zizalith|i have a gut feeling
|c|+yourwelcomethank|just o u t p l a y it
|inactive|zizalith has 90 seconds left.
|inactive|fall tsubaki has 120 seconds left.
|c|☆fall tsubaki|many team don't win golurk
|
|t:|1629515872
|move|p2a: Noivern|Hurricane|p1a: Vaporeon
|-damage|p1a: Vaporeon|54/100
|move|p1a: Vaporeon|Flip Turn|p2a: Noivern
|-resisted|p2a: Noivern
|-damage|p2a: Noivern|69/100
|
|t:|1629515894
|switch|p1a: Regidrago|Regidrago|100/100|[from]move: Flip Turn
|-damage|p1a: Regidrago|88/100|[from] Spikes
|
|-heal|p1a: Regidrago|94/100|[from] item: Leftovers
|upkeep
|turn|14
|c|☆zizalith|double miss and i win
|c|☆zizalith|this is workable
|
|t:|1629515918
|move|p2a: Noivern|U-turn|p1a: Regidrago
|-damage|p1a: Regidrago|86/100
|
|t:|1629515920
|switch|p2a: Porygon2|Porygon2|55/100|[from]move: U-turn
|-ability|p2a: Porygon2|Dragon's Maw|[from] ability: Trace|[of] p1a: Regidrago
|move|p1a: Regidrago|Dragon Dance|p1a: Regidrago
|-boost|p1a: Regidrago|atk|1
|-boost|p1a: Regidrago|spe|1
|
|-heal|p1a: Regidrago|92/100|[from] item: Leftovers
|upkeep
|turn|15
|
|t:|1629515926
|move|p1a: Regidrago|Substitute|p1a: Regidrago
|-start|p1a: Regidrago|Substitute
|-damage|p1a: Regidrago|67/100
|move|p2a: Porygon2|Ice Beam|p1a: Regidrago
|-supereffective|p1a: Regidrago
|-end|p1a: Regidrago|Substitute
|
|-heal|p1a: Regidrago|73/100|[from] item: Leftovers
|upkeep
|turn|16
|inactive|zizalith has 60 seconds left.
|
|t:|1629515964
|move|p1a: Regidrago|Outrage|p2a: Porygon2
|-damage|p2a: Porygon2|0 fnt
|faint|p2a: Porygon2
|
|-heal|p1a: Regidrago|79/100|[from] item: Leftovers
|upkeep
|
|t:|1629515968
|switch|p2a: Cobalion|Cobalion|100/100
|turn|17
|
|t:|1629515971
|move|p1a: Regidrago|Outrage|p2a: Cobalion|[from]lockedmove
|-resisted|p2a: Cobalion
|-damage|p2a: Cobalion|63/100
|-start|p1a: Regidrago|confusion|[fatigue]
|move|p2a: Cobalion|Close Combat|p1a: Regidrago
|-damage|p1a: Regidrago|50/100
|-unboost|p2a: Cobalion|def|1
|-unboost|p2a: Cobalion|spd|1
|
|-heal|p1a: Regidrago|56/100|[from] item: Leftovers
|-heal|p2a: Cobalion|69/100|[from] item: Leftovers
|upkeep
|turn|18
|c|+yourwelcomethank|yo
|c|+yourwelcomethank|this drago
|c|+yourwelcomethank|is thiccc
|
|t:|1629515983
|-activate|p1a: Regidrago|confusion
|move|p1a: Regidrago|Dragon Dance|p1a: Regidrago
|-boost|p1a: Regidrago|atk|1
|-boost|p1a: Regidrago|spe|1
|move|p2a: Cobalion|Close Combat|p1a: Regidrago
|-damage|p1a: Regidrago|30/100
|-unboost|p2a: Cobalion|def|1
|-unboost|p2a: Cobalion|spd|1
|
|-heal|p1a: Regidrago|36/100|[from] item: Leftovers
|-heal|p2a: Cobalion|75/100|[from] item: Leftovers
|upkeep
|turn|19
|c|☆zizalith|i love him
|c|☆zizalith|now i just gotta
|c|☆zizalith|not hit myself
|j|+Oathkeepre
|inactive|zizalith has 60 seconds left.
|inactive|zizalith has 30 seconds left.
|
|t:|1629516039
|switch|p2a: Noivern|Noivern, F|69/100
|-activate|p1a: Regidrago|confusion
|-damage|p1a: Regidrago|22/100|[from] confusion
|
|-heal|p1a: Regidrago|28/100|[from] item: Leftovers
|upkeep
|turn|20
|inactive|zizalith has 30 seconds left.
|c|+yourwelcomethank|RIP
|c|☆zizalith|u hate to see it
|inactive|zizalith has 20 seconds left.
|c|☆zizalith|coba dropped to +3
|c|☆zizalith|sad!
|c|+yourwelcomethank|just crit the cobalion
|inactive|zizalith has 15 seconds left.
|c|☆zizalith|so true
|
|t:|1629516063
|-activate|p1a: Regidrago|confusion
|move|p1a: Regidrago|Outrage|p2a: Noivern
|-supereffective|p2a: Noivern
|-damage|p2a: Noivern|0 fnt
|faint|p2a: Noivern
|
|-heal|p1a: Regidrago|34/100|[from] item: Leftovers
|upkeep
|inactive|zizalith has 20 seconds left this turn.
|
|t:|1629516066
|switch|p2a: Cobalion|Cobalion|75/100
|turn|21
|inactive|zizalith has 30 seconds left this turn.
|
|t:|1629516073
|-activate|p1a: Regidrago|confusion
|move|p1a: Regidrago|Outrage|p2a: Cobalion|[from]lockedmove
|-resisted|p2a: Cobalion
|-damage|p2a: Cobalion|31/100
|move|p2a: Cobalion|Close Combat|p1a: Regidrago
|-damage|p1a: Regidrago|8/100
|-unboost|p2a: Cobalion|def|1
|-unboost|p2a: Cobalion|spd|1
|
|-heal|p1a: Regidrago|14/100|[from] item: Leftovers
|-heal|p2a: Cobalion|37/100|[from] item: Leftovers
|upkeep
|turn|22
|c|+yourwelcomethank|o wait CC does not kill
|inactive|zizalith has 30 seconds left.
|c|+yourwelcomethank|the thicc drago is doing it
|
|t:|1629516085
|-end|p1a: Regidrago|confusion
|move|p1a: Regidrago|Outrage|p2a: Cobalion|[from]lockedmove
|-resisted|p2a: Cobalion
|-damage|p2a: Cobalion|0 fnt
|faint|p2a: Cobalion
|-start|p1a: Regidrago|confusion|[fatigue]
|
|-heal|p1a: Regidrago|20/100|[from] item: Leftovers
|upkeep
|inactive|zizalith has 30 seconds left this turn.
|
|t:|1629516089
|switch|p2a: Barraskewda|Barraskewda, F|100/100
|turn|23
|inactive|zizalith has 30 seconds left.
|
|t:|1629516107
|move|p2a: Barraskewda|Aqua Jet|p1a: Regidrago
|-resisted|p1a: Regidrago
|-damage|p1a: Regidrago|8/100
|-activate|p1a: Regidrago|confusion
|move|p1a: Regidrago|Thunder Fang|p2a: Barraskewda
|-supereffective|p2a: Barraskewda
|-crit|p2a: Barraskewda
|-damage|p2a: Barraskewda|0 fnt
|faint|p2a: Barraskewda
|
|-heal|p1a: Regidrago|14/100|[from] item: Leftovers
|upkeep
|inactive|zizalith has 30 seconds left this turn.
|c|☆zizalith|yo?
|
|t:|1629516115
|switch|p2a: Roserade|Roserade, M|93/100
|turn|24
|
|t:|1629516119
|-activate|p1a: Regidrago|confusion
|-damage|p1a: Regidrago|0 fnt|[from] confusion
|faint|p1a: Regidrago
|move|p2a: Roserade|Sludge Bomb|p1: Regidrago|[notarget]
|-fail|p2a: Roserade
|
|-heal|p2a: Roserade|99/100|[from] item: Black Sludge
|upkeep
|c|☆zizalith|aw
|
|t:|1629516130
|switch|p1a: Dragalge|Dragalge, F|100/100 slp
|-damage|p1a: Dragalge|88/100 slp|[from] Spikes
|turn|25
|
|t:|1629516135
|switch|p2a: Golurk|Golurk|83/100 tox
|-curestatus|p1a: Dragalge|slp|[msg]
|move|p1a: Dragalge|Draco Meteor|p2a: Golurk
|-damage|p2a: Golurk|0 fnt
|-unboost|p1a: Dragalge|spa|2
|faint|p2a: Golurk
|
|upkeep
|
|t:|1629516140
|switch|p2a: Roserade|Roserade, M|99/100
|turn|26
|
|t:|1629516156
|switch|p1a: Raikou|Raikou|94/100
|-ability|p1a: Raikou|Pressure
|move|p2a: Roserade|Sludge Bomb|p1a: Raikou
|-damage|p1a: Raikou|44/100
|
|-heal|p2a: Roserade|100/100|[from] item: Black Sludge
|upkeep
|turn|27
|
|t:|1629516165
|move|p1a: Raikou|Volt Switch|p2a: Roserade
|-resisted|p2a: Roserade
|-damage|p2a: Roserade|79/100
|
|t:|1629516168
|switch|p1a: Dragalge|Dragalge, F|88/100|[from]move: Volt Switch
|-damage|p1a: Dragalge|76/100|[from] Spikes
|move|p2a: Roserade|Sludge Bomb|p1a: Dragalge
|-resisted|p1a: Dragalge
|-damage|p1a: Dragalge|57/100
|
|-heal|p2a: Roserade|85/100|[from] item: Black Sludge
|upkeep
|turn|28
|inactive|zizalith has 60 seconds left.
|
|t:|1629516173
|switch|p1a: Raikou|Raikou|44/100
|-ability|p1a: Raikou|Pressure
|move|p2a: Roserade|Sleep Powder|p1a: Raikou|[miss]
|-miss|p2a: Roserade|p1a: Raikou
|
|-heal|p2a: Roserade|91/100|[from] item: Black Sludge
|upkeep
|turn|29
|c|☆zizalith|i hate rose
|inactive|zizalith has 60 seconds left.
|c|+yourwelcomethank|o u t p l a y e d
|
|t:|1629516189
|move|p1a: Raikou|Thunderbolt|p2a: Roserade
|-resisted|p2a: Roserade
|-damage|p2a: Roserade|66/100
|move|p2a: Roserade|Sludge Bomb|p1a: Raikou
|-damage|p1a: Raikou|0 fnt
|faint|p1a: Raikou
|
|-heal|p2a: Roserade|72/100|[from] item: Black Sludge
|upkeep
|
|t:|1629516193
|switch|p1a: Dragalge|Dragalge, F|57/100
|-damage|p1a: Dragalge|45/100|[from] Spikes
|turn|30
|
|t:|1629516201
|move|p2a: Roserade|Sleep Powder|p1a: Dragalge
|-status|p1a: Dragalge|slp|[from] move: Sleep Powder
|cant|p1a: Dragalge|slp
|
|-heal|p2a: Roserade|78/100|[from] item: Black Sludge
|upkeep
|turn|31
|
|t:|1629516205
|move|p2a: Roserade|Sludge Bomb|p1a: Dragalge
|-resisted|p1a: Dragalge
|-damage|p1a: Dragalge|24/100 slp
|cant|p1a: Dragalge|slp
|
|-heal|p2a: Roserade|84/100|[from] item: Black Sludge
|upkeep
|turn|32
|
|t:|1629516209
|move|p2a: Roserade|Sludge Bomb|p1a: Dragalge
|-resisted|p1a: Dragalge
|-crit|p1a: Dragalge
|-damage|p1a: Dragalge|0 fnt
|faint|p1a: Dragalge
|
|-heal|p2a: Roserade|91/100|[from] item: Black Sludge
|upkeep
|c|☆zizalith|nooooooooo
|c|☆fall tsubaki|sorry
|c|+yourwelcomethank|noooooooo
|
|t:|1629516219
|switch|p1a: Vaporeon|Vaporeon, M|54/100
|-damage|p1a: Vaporeon|41/100|[from] Spikes
|turn|33
|c|☆zizalith|youre triple missing vs me triple critting scald
|c|☆zizalith|and burning
|
|t:|1629516242
|move|p2a: Roserade|Giga Drain|p1a: Vaporeon
|-supereffective|p1a: Vaporeon
|-damage|p1a: Vaporeon|0 fnt
|-heal|p2a: Roserade|100/100|[from] drain|[of] p1a: Vaporeon
|faint|p1a: Vaporeon
|
|win|fall tsubaki
|n|☆zizalith|zizalith
|n|☆fall tsubaki|falltsubaki
|n|+sensei axew|senseiaxew
|n| Tarah204|tarah204
|n| yourwelcomethank|yourwelcomethank
|n|+Oathkeepre|oathkeepre
|l|+Oathkeepre
|c|☆zizalith|gg.
|l| Tarah204
|l|+sensei axew
