|j|☆wave emoji
|j|☆ChargeBoltBeam
|t:|1607404296
|player|p1|wave emoji|tuber-gen3|1241
|player|p2|ChargeBoltBeam|marlon|1250
|teamsize|p1|6
|teamsize|p2|6
|gametype|singles
|gen|8
|tier|[Gen 8] RU
|rated|
|clearpoke
|poke|p1|Sharpedo, F|
|poke|p1|Weezing-Galar, M|
|poke|p1|Porygon2|
|poke|p1|Chandelure, F|
|poke|p1|Mienshao, M|
|poke|p1|Bronzong|
|poke|p2|Metagross|
|poke|p2|Durant, F|
|poke|p2|Chandelure, F|
|poke|p2|Togekiss, F|
|poke|p2|Raikou|
|poke|p2|Zarude|
|rule|Sleep Clause Mod: Limit one foe put to sleep
|rule|Species Clause: Limit one of each Pokémon
|rule|OHKO Clause: OHKO moves are banned
|rule|Evasion Moves Clause: Evasion moves are banned
|rule|Endless Battle Clause: Forcing endless battles is banned
|rule|HP Percentage Mod: HP is shown in percentages
|rule|Dynamax Clause: You cannot dynamax
|teampreview
|
|t:|1607404308
|start
|switch|p1a: Mienshao|Mienshao, M|100/100
|switch|p2a: Metagross|Metagross|100/100
|turn|1
|
|t:|1607404318
|move|p1a: Mienshao|U-turn|p2a: Metagross
|-damage|p2a: Metagross|79/100
|
|t:|1607404323
|switch|p1a: Chandelure|Chandelure, F|100/100|[from]move: U-turn
|move|p2a: Metagross|Stealth Rock|p1a: Chandelure
|-sidestart|p1: wave emoji|move: Stealth Rock
|
|upkeep
|turn|2
|
|t:|1607404343
|switch|p2a: Togekiss|Togekiss, F|100/100
|move|p1a: Chandelure|Shadow Ball|p2a: Togekiss
|-damage|p2a: Togekiss|52/100
|
|upkeep
|turn|3
|
|t:|1607404351
|move|p1a: Chandelure|Shadow Ball|p2a: Togekiss
|-damage|p2a: Togekiss|0 fnt
|faint|p2a: Togekiss
|
|upkeep
|
|t:|1607404362
|switch|p2a: Zarude|Zarude|100/100
|turn|4
|
|t:|1607404370
|switch|p1a: Weezing|Weezing-Galar, M|100/100
|-damage|p1a: Weezing|88/100|[from] Stealth Rock
|move|p2a: Zarude|Darkest Lariat|p1a: Weezing
|-resisted|p1a: Weezing
|-damage|p1a: Weezing|68/100
|
|-heal|p1a: Weezing|74/100|[from] item: Black Sludge
|upkeep
|turn|5
|
|t:|1607404384
|switch|p2a: Metagross|Metagross|79/100
|move|p1a: Weezing|Will-O-Wisp|p2a: Metagross|[miss]
|-miss|p1a: Weezing|p2a: Metagross
|
|-heal|p1a: Weezing|80/100|[from] item: Black Sludge
|upkeep
|turn|6
|
|t:|1607404395
|switch|p1a: Bronzong|Bronzong|100/100
|-damage|p1a: Bronzong|94/100|[from] Stealth Rock
|move|p2a: Metagross|Meteor Mash|p1a: Bronzong
|-resisted|p1a: Bronzong
|-damage|p1a: Bronzong|69/100
|
|-heal|p1a: Bronzong|76/100|[from] item: Leftovers
|upkeep
|turn|7
|
|t:|1607404422
|switch|p2a: Chandelure|Chandelure, F|100/100
|move|p1a: Bronzong|Stealth Rock|p2a: Chandelure
|-sidestart|p2: ChargeBoltBeam|move: Stealth Rock
|
|-heal|p1a: Bronzong|82/100|[from] item: Leftovers
|upkeep
|turn|8
|
|t:|1607404453
|move|p1a: Bronzong|Protect|p1a: Bronzong
|-singleturn|p1a: Bronzong|Protect
|move|p2a: Chandelure|Fire Blast|p1a: Bronzong
|-activate|p1a: Bronzong|move: Protect
|
|-heal|p1a: Bronzong|88/100|[from] item: Leftovers
|upkeep
|turn|9
|
|t:|1607404464
|switch|p2a: Zarude|Zarude|100/100
|-damage|p2a: Zarude|88/100|[from] Stealth Rock
|switch|p1a: Chandelure|Chandelure, F|100/100
|-damage|p1a: Chandelure|76/100|[from] Stealth Rock
|
|upkeep
|turn|10
|
|t:|1607404473
|switch|p1a: Weezing|Weezing-Galar, M|80/100
|-damage|p1a: Weezing|67/100|[from] Stealth Rock
|move|p2a: Zarude|Darkest Lariat|p1a: Weezing
|-resisted|p1a: Weezing
|-damage|p1a: Weezing|47/100
|
|-heal|p1a: Weezing|53/100|[from] item: Black Sludge
|upkeep
|turn|11
|
|t:|1607404487
|switch|p2a: Metagross|Metagross|79/100
|-damage|p2a: Metagross|73/100|[from] Stealth Rock
|move|p1a: Weezing|Will-O-Wisp|p2a: Metagross
|-status|p2a: Metagross|brn
|
|-heal|p1a: Weezing|59/100|[from] item: Black Sludge
|-damage|p2a: Metagross|66/100 brn|[from] brn
|upkeep
|turn|12
|
|t:|1607404500
|move|p2a: Metagross|Meteor Mash|p1a: Weezing
|-supereffective|p1a: Weezing
|-crit|p1a: Weezing
|-damage|p1a: Weezing|3/100
|move|p1a: Weezing|Defog|p2a: Metagross
|-fail|p2a: Metagross|unboost|[from] ability: Clear Body|[of] p2a: Metagross
|-sideend|p2: ChargeBoltBeam|Stealth Rock|[from] move: Defog|[of] p1a: Weezing
|-sideend|p1: wave emoji|Stealth Rock|[from] move: Defog|[of] p1a: Weezing
|
|-heal|p1a: Weezing|9/100|[from] item: Black Sludge
|-damage|p2a: Metagross|60/100 brn|[from] brn
|upkeep
|turn|13
|
|t:|1607404514
|switch|p1a: Chandelure|Chandelure, F|76/100
|move|p2a: Metagross|Meteor Mash|p1a: Chandelure
|-resisted|p1a: Chandelure
|-damage|p1a: Chandelure|56/100
|
|-damage|p2a: Metagross|54/100 brn|[from] brn
|upkeep
|turn|14
|
|t:|1607404527
|move|p1a: Chandelure|Flamethrower|p2a: Metagross
|-supereffective|p2a: Metagross
|-damage|p2a: Metagross|0 fnt
|faint|p2a: Metagross
|
|upkeep
|
|t:|1607404555
|switch|p2a: Durant|Durant, F|100/100
|turn|15
|
|t:|1607404562
|move|p2a: Durant|Rock Slide|p1a: Chandelure
|-supereffective|p1a: Chandelure
|-damage|p1a: Chandelure|0 fnt
|-damage|p2a: Durant|91/100|[from] item: Life Orb
|faint|p1a: Chandelure
|
|upkeep
|
|t:|1607404592
|switch|p1a: Mienshao|Mienshao, M|100/100
|turn|16
|
|t:|1607404607
|switch|p2a: Chandelure|Chandelure, F|100/100
|move|p1a: Mienshao|U-turn|p2a: Chandelure
|-resisted|p2a: Chandelure
|-damage|p2a: Chandelure|92/100
|
|t:|1607404613
|switch|p1a: Sharpedo|Sharpedo, F|100/100|[from]move: U-turn
|
|upkeep
|turn|17
|
|t:|1607404621
|switch|p2a: Zarude|Zarude|88/100
|move|p1a: Sharpedo|Dark Pulse|p2a: Zarude
|-resisted|p2a: Zarude
|-damage|p2a: Zarude|66/100
|-damage|p1a: Sharpedo|91/100|[from] item: Life Orb
|
|-ability|p1a: Sharpedo|Speed Boost|boost
|-boost|p1a: Sharpedo|spe|1
|upkeep
|turn|18
|
|t:|1607404648
|move|p1a: Sharpedo|Protect|p1a: Sharpedo
|-singleturn|p1a: Sharpedo|Protect
|move|p2a: Zarude|Close Combat|p1a: Sharpedo
|-activate|p1a: Sharpedo|move: Protect
|
|-ability|p1a: Sharpedo|Speed Boost|boost
|-boost|p1a: Sharpedo|spe|1
|upkeep
|turn|19
|
|t:|1607404656
|move|p1a: Sharpedo|Close Combat|p2a: Zarude
|-supereffective|p2a: Zarude
|-crit|p2a: Zarude
|-damage|p2a: Zarude|0 fnt
|-unboost|p1a: Sharpedo|def|1
|-unboost|p1a: Sharpedo|spd|1
|-damage|p1a: Sharpedo|81/100|[from] item: Life Orb
|faint|p2a: Zarude
|
|-ability|p1a: Sharpedo|Speed Boost|boost
|-boost|p1a: Sharpedo|spe|1
|upkeep
|
|t:|1607404679
|switch|p2a: Raikou|Raikou|100/100
|-ability|p2a: Raikou|Pressure
|turn|20
|
|t:|1607404686
|switch|p1a: Weezing|Weezing-Galar, M|9/100
|move|p2a: Raikou|Thunderbolt|p1a: Weezing
|-damage|p1a: Weezing|0 fnt
|faint|p1a: Weezing
|
|upkeep
|
|t:|1607404691
|switch|p1a: Mienshao|Mienshao, M|100/100
|turn|21
|
|t:|1607404712
|move|p1a: Mienshao|Knock Off|p2a: Raikou
|-damage|p2a: Raikou|59/100
|-enditem|p2a: Raikou|Leftovers|[from] move: Knock Off|[of] p1a: Mienshao
|move|p2a: Raikou|Thunderbolt|p1a: Mienshao
|-damage|p1a: Mienshao|25/100
|
|upkeep
|turn|22
|
|t:|1607404720
|move|p1a: Mienshao|Knock Off|p2a: Raikou
|-damage|p2a: Raikou|31/100
|move|p2a: Raikou|Thunderbolt|p1a: Mienshao
|-damage|p1a: Mienshao|0 fnt
|faint|p1a: Mienshao
|
|upkeep
|
|t:|1607404735
|switch|p1a: Sharpedo|Sharpedo, F|81/100
|turn|23
|
|t:|1607404746
|move|p1a: Sharpedo|Protect|p1a: Sharpedo
|-singleturn|p1a: Sharpedo|Protect
|move|p2a: Raikou|Calm Mind|p2a: Raikou
|-boost|p2a: Raikou|spa|1
|-boost|p2a: Raikou|spd|1
|
|-ability|p1a: Sharpedo|Speed Boost|boost
|-boost|p1a: Sharpedo|spe|1
|upkeep
|turn|24
|
|t:|1607404756
|move|p1a: Sharpedo|Close Combat|p2a: Raikou
|-damage|p2a: Raikou|0 fnt
|-unboost|p1a: Sharpedo|def|1
|-unboost|p1a: Sharpedo|spd|1
|-damage|p1a: Sharpedo|71/100|[from] item: Life Orb
|faint|p2a: Raikou
|
|-ability|p1a: Sharpedo|Speed Boost|boost
|-boost|p1a: Sharpedo|spe|1
|upkeep
|
|t:|1607404766
|switch|p2a: Durant|Durant, F|91/100
|turn|25
|
|t:|1607404771
|move|p1a: Sharpedo|Protect|p1a: Sharpedo
|-singleturn|p1a: Sharpedo|Protect
|move|p2a: Durant|Superpower|p1a: Sharpedo
|-activate|p1a: Sharpedo|move: Protect
|
|-ability|p1a: Sharpedo|Speed Boost|boost
|-boost|p1a: Sharpedo|spe|1
|upkeep
|turn|26
|
|t:|1607404784
|move|p1a: Sharpedo|Dark Pulse|p2a: Durant
|-damage|p2a: Durant|0 fnt
|-damage|p1a: Sharpedo|61/100|[from] item: Life Orb
|faint|p2a: Durant
|
|-ability|p1a: Sharpedo|Speed Boost|boost
|-boost|p1a: Sharpedo|spe|1
|upkeep
|c|☆wave emoji|gg
|c|☆ChargeBoltBeam|gg
|
|t:|1607404793
|switch|p2a: Chandelure|Chandelure, F|92/100
|turn|27
|
|t:|1607404798
|move|p1a: Sharpedo|Dark Pulse|p2a: Chandelure
|-supereffective|p2a: Chandelure
|-crit|p2a: Chandelure
|-damage|p2a: Chandelure|0 fnt
|-damage|p1a: Sharpedo|51/100|[from] item: Life Orb
|faint|p2a: Chandelure
|
|win|wave emoji
|raw|wave emoji's rating: 1241 &rarr; <strong>1267</strong><br />(+26 for winning)
|raw|ChargeBoltBeam's rating: 1250 &rarr; <strong>1225</strong><br />(-25 for losing)
