|j|☆appletun is op
|j|☆whistling
|t:|1610571206
|player|p1|appletun is op|unknown|1374
|player|p2|whistling|proton|1548
|teamsize|p1|6
|teamsize|p2|6
|gametype|singles
|gen|8
|tier|[Gen 8] RU
|rated|
|clearpoke
|poke|p1|Golisopod, M|
|poke|p1|Zarude-Dada|
|poke|p1|Toxtricity, M|
|poke|p1|Zygarde-10%|
|poke|p1|Togekiss, F|
|poke|p1|Darmanitan, M|
|poke|p2|Registeel|
|poke|p2|Zygarde-10%|
|poke|p2|Gastrodon-East, M|
|poke|p2|Zarude|
|poke|p2|Weezing-Galar, M|
|poke|p2|Noivern, M|
|rule|Sleep Clause Mod: Limit one foe put to sleep
|rule|Species Clause: Limit one of each Pokémon
|rule|OHKO Clause: OHKO moves are banned
|rule|Evasion Moves Clause: Evasion moves are banned
|rule|Endless Battle Clause: Forcing endless battles is banned
|rule|HP Percentage Mod: HP is shown in percentages
|rule|Dynamax Clause: You cannot dynamax
|teampreview
|inactive|Battle timer is ON: inactive players will automatically lose when time's up. (requested by appletun is op)
|
|t:|1610571218
|start
|switch|p1a: Darmanitan|Darmanitan, M|100/100
|switch|p2a: Registeel|Registeel|100/100
|turn|1
|c|☆appletun is op|hf!
|c|☆whistling|hf
|
|t:|1610571223
|switch|p2a: Noivern|Noivern, M|100/100
|move|p1a: Darmanitan|Flare Blitz|p2a: Noivern
|-resisted|p2a: Noivern
|-damage|p2a: Noivern|43/100
|-damage|p1a: Darmanitan|84/100|[from] Recoil
|
|upkeep
|turn|2
|
|t:|1610571234
|switch|p1a: Zarude|Zarude-Dada|100/100
|switch|p2a: Gastrodon|Gastrodon-East, M|100/100
|
|upkeep
|turn|3
|
|t:|1610571239
|move|p1a: Zarude|U-turn|p2a: Gastrodon
|-damage|p2a: Gastrodon|84/100
|
|t:|1610571243
|switch|p1a: Golisopod|Golisopod, M|100/100|[from]move: U-turn
|move|p2a: Gastrodon|Toxic|p1a: Golisopod
|-status|p1a: Golisopod|tox
|
|-damage|p1a: Golisopod|94/100 tox|[from] psn
|upkeep
|turn|4
|
|t:|1610571250
|switch|p2a: Noivern|Noivern, M|43/100
|move|p1a: Golisopod|Knock Off|p2a: Noivern
|-damage|p2a: Noivern|0 fnt
|-enditem|p2a: Noivern|Heavy-Duty Boots|[from] move: Knock Off|[of] p1a: Golisopod
|faint|p2a: Noivern
|
|-damage|p1a: Golisopod|82/100 tox|[from] psn
|upkeep
|
|t:|1610571258
|switch|p2a: Zarude|Zarude|100/100
|turn|5
|
|t:|1610571264
|move|p2a: Zarude|U-turn|p1a: Golisopod
|-damage|p1a: Golisopod|63/100 tox
|
|t:|1610571266
|switch|p2a: Registeel|Registeel|100/100|[from]move: U-turn
|move|p1a: Golisopod|Spikes|p2a: Registeel
|-sidestart|p2: whistling|Spikes
|
|-damage|p1a: Golisopod|45/100 tox|[from] psn
|upkeep
|-activate|p1a: Golisopod|ability: Emergency Exit
|
|t:|1610571274
|switch|p1a: Darmanitan|Darmanitan, M|84/100
|turn|6
|
|t:|1610571277
|move|p1a: Darmanitan|Flare Blitz|p2a: Registeel
|-supereffective|p2a: Registeel
|-damage|p2a: Registeel|0 fnt
|-damage|p1a: Darmanitan|50/100|[from] Recoil
|faint|p2a: Registeel
|
|upkeep
|
|t:|1610571284
|switch|p2a: Zygarde|Zygarde-10%|100/100
|-damage|p2a: Zygarde|88/100|[from] Spikes
|-ability|p2a: Zygarde|Aura Break
|turn|7
|
|t:|1610571289
|switch|p1a: Golisopod|Golisopod, M|45/100 tox
|move|p2a: Zygarde|Extreme Speed|p1a: Golisopod
|-damage|p1a: Golisopod|20/100 tox
|
|-damage|p1a: Golisopod|13/100 tox|[from] psn
|upkeep
|turn|8
|
|t:|1610571296
|switch|p1a: Togekiss|Togekiss, F|100/100
|move|p2a: Zygarde|Extreme Speed|p1a: Togekiss
|-damage|p1a: Togekiss|72/100
|
|upkeep
|turn|9
|
|t:|1610571302
|switch|p2a: Weezing|Weezing-Galar, M|100/100
|-ability|p2a: Weezing|Neutralizing Gas
|-damage|p2a: Weezing|88/100|[from] Spikes
|move|p1a: Togekiss|Air Slash|p2a: Weezing
|-damage|p2a: Weezing|49/100
|
|upkeep
|turn|10
|
|t:|1610571309
|move|p1a: Togekiss|Air Slash|p2a: Weezing
|-damage|p2a: Weezing|4/100
|move|p2a: Weezing|Defog|p1a: Togekiss
|-unboost|p1a: Togekiss|evasion|1
|-sideend|p2: whistling|Spikes|[from] move: Defog|[of] p2a: Weezing
|
|upkeep
|turn|11
|
|t:|1610571315
|move|p1a: Togekiss|Air Slash|p2a: Weezing
|-damage|p2a: Weezing|0 fnt
|faint|p2a: Weezing
|-end|p2a: Weezing|ability: Neutralizing Gas
|
|upkeep
|
|t:|1610571317
|switch|p2a: Zygarde|Zygarde-10%|88/100
|-ability|p2a: Zygarde|Aura Break
|turn|12
|
|t:|1610571322
|switch|p1a: Golisopod|Golisopod, M|13/100 tox
|move|p2a: Zygarde|Superpower|p1a: Golisopod
|-resisted|p1a: Golisopod
|-crit|p1a: Golisopod
|-damage|p1a: Golisopod|0 fnt
|-unboost|p2a: Zygarde|atk|1
|-unboost|p2a: Zygarde|def|1
|faint|p1a: Golisopod
|
|upkeep
|
|t:|1610571332
|switch|p1a: Zygarde|Zygarde-10%|100/100
|-ability|p1a: Zygarde|Aura Break
|turn|13
|
|t:|1610571336
|switch|p2a: Zarude|Zarude|100/100
|move|p1a: Zygarde|Outrage|p2a: Zarude
|-damage|p2a: Zarude|28/100
|
|upkeep
|turn|14
|
|t:|1610571342
|move|p2a: Zarude|Power Whip|p1a: Zygarde
|-damage|p1a: Zygarde|0 fnt
|faint|p1a: Zygarde
|
|upkeep
|
|t:|1610571347
|switch|p1a: Toxtricity|Toxtricity, M|100/100
|turn|15
|j| Me bad boi
|
|t:|1610571350
|move|p2a: Zarude|Power Whip|p1a: Toxtricity
|-resisted|p1a: Toxtricity
|-damage|p1a: Toxtricity|58/100
|move|p1a: Toxtricity|Boomburst|p2a: Zarude
|-damage|p2a: Zarude|0 fnt
|faint|p2a: Zarude
|
|upkeep
|
|t:|1610571353
|switch|p2a: Zygarde|Zygarde-10%|88/100
|-ability|p2a: Zygarde|Aura Break
|turn|16
|
|t:|1610571363
|move|p2a: Zygarde|Thousand Arrows|p1a: Toxtricity
|-supereffective|p1a: Toxtricity
|-damage|p1a: Toxtricity|0 fnt
|faint|p1a: Toxtricity
|
|upkeep
|
|t:|1610571367
|switch|p1a: Zarude|Zarude-Dada|100/100
|turn|17
|
|t:|1610571370
|switch|p2a: Gastrodon|Gastrodon-East, M|84/100
|move|p1a: Zarude|Power Whip|p2a: Gastrodon
|-supereffective|p2a: Gastrodon
|-damage|p2a: Gastrodon|0 fnt
|faint|p2a: Gastrodon
|
|upkeep
|
|t:|1610571372
|switch|p2a: Zygarde|Zygarde-10%|88/100
|-ability|p2a: Zygarde|Aura Break
|turn|18
|-message|whistling forfeited.
|
|win|appletun is op
|l|☆whistling
