|j|☆07l中国大妈
|j|☆KaiRey
|player|p1|07l中国大妈|pokefanf-gen4|1101
|player|p2|KaiRey|101|1000
|teamsize|p1|6
|teamsize|p2|6
|gametype|singles
|gen|8
|tier|[Gen 8] RU
|rated|
|clearpoke
|poke|p1|Salazzle, F|
|poke|p1|Decidueye, F|
|poke|p1|Aromatisse, M|
|poke|p1|Steelix, F|
|poke|p1|Claydol|
|poke|p1|Jellicent, F|
|poke|p2|Passimian, M|
|poke|p2|Persian-Alola, M|
|poke|p2|Snorlax, M|
|poke|p2|Rotom|
|poke|p2|Cramorant, M|
|poke|p2|Escavalier, F|
|rule|Sleep Clause Mod: Limit one foe put to sleep
|rule|Species Clause: Limit one of each Pokémon
|rule|OHKO Clause: OHKO moves are banned
|rule|Evasion Moves Clause: Evasion moves are banned
|rule|Endless Battle Clause: Forcing endless battles is banned
|rule|HP Percentage Mod: HP is shown in percentages
|rule|Dynamax Clause: You cannot dynamax
|teampreview
|inactive|Battle timer is ON: inactive players will automatically lose when time's up. (requested by KaiRey)
|
|start
|switch|p1a: Steelix|Steelix, F|100/100
|switch|p2a: Rotom|Rotom|100/100
|turn|1
|
|move|p2a: Rotom|Trick|p1a: Steelix
|-activate|p2a: Rotom|move: Trick|[of] p1a: Steelix
|-item|p1a: Steelix|Choice Specs|[from] move: Trick
|-item|p2a: Rotom|Leftovers|[from] move: Trick
|move|p1a: Steelix|Toxic|p2a: Rotom
|-status|p2a: Rotom|tox
|
|-damage|p2a: Rotom|94/100 tox|[from] psn
|upkeep
|turn|2
|
|move|p2a: Rotom|Shadow Ball|p1a: Steelix
|-damage|p1a: Steelix|55/100
|-unboost|p1a: Steelix|spd|1
|move|p1a: Steelix|Toxic|p2a: Rotom
|-fail|p2a: Rotom|tox
|
|-heal|p2a: Rotom|100/100 tox|[from] item: Leftovers
|-damage|p2a: Rotom|88/100 tox|[from] psn
|upkeep
|turn|3
|
|switch|p1a: Aromatisse|Aromatisse, M|100/100
|move|p2a: Rotom|Shadow Ball|p1a: Aromatisse
|-damage|p1a: Aromatisse|68/100
|-unboost|p1a: Aromatisse|spd|1
|
|-heal|p2a: Rotom|94/100 tox|[from] item: Leftovers
|-heal|p1a: Aromatisse|74/100|[from] item: Leftovers
|-damage|p2a: Rotom|76/100 tox|[from] psn
|upkeep
|turn|4
|
|move|p1a: Aromatisse|Protect|p1a: Aromatisse
|-singleturn|p1a: Aromatisse|Protect
|move|p2a: Rotom|Thunderbolt|p1a: Aromatisse
|-activate|p1a: Aromatisse|move: Protect
|
|-heal|p2a: Rotom|82/100 tox|[from] item: Leftovers
|-heal|p1a: Aromatisse|80/100|[from] item: Leftovers
|-damage|p2a: Rotom|57/100 tox|[from] psn
|upkeep
|turn|5
|
|switch|p1a: Steelix|Steelix, F|55/100
|move|p2a: Rotom|Shadow Ball|p1a: Steelix
|-damage|p1a: Steelix|6/100
|
|-heal|p2a: Rotom|63/100 tox|[from] item: Leftovers
|-damage|p2a: Rotom|32/100 tox|[from] psn
|upkeep
|turn|6
|
|move|p2a: Rotom|Shadow Ball|p1a: Steelix
|-damage|p1a: Steelix|0 fnt
|faint|p1a: Steelix
|
|-heal|p2a: Rotom|38/100 tox|[from] item: Leftovers
|-damage|p2a: Rotom|1/100 tox|[from] psn
|upkeep
|
|switch|p1a: Aromatisse|Aromatisse, M|80/100
|turn|7
|
|move|p2a: Rotom|Thunderbolt|p1a: Aromatisse
|-damage|p1a: Aromatisse|45/100
|move|p1a: Aromatisse|Wish|p1a: Aromatisse
|
|-heal|p2a: Rotom|7/100 tox|[from] item: Leftovers
|-heal|p1a: Aromatisse|51/100|[from] item: Leftovers
|-damage|p2a: Rotom|0 fnt|[from] psn
|faint|p2a: Rotom
|upkeep
|
|switch|p2a: Snorlax|Snorlax, M|100/100
|turn|8
|
|switch|p1a: Claydol|Claydol|100/100
|move|p2a: Snorlax|Curse|p2a: Snorlax
|-unboost|p2a: Snorlax|spe|1
|-boost|p2a: Snorlax|atk|1
|-boost|p2a: Snorlax|def|1
|
|upkeep
|turn|9
|
|move|p1a: Claydol|Trick|p2a: Snorlax
|-activate|p1a: Claydol|move: Trick|[of] p2a: Snorlax
|-item|p2a: Snorlax|Choice Scarf|[from] move: Trick
|-item|p1a: Claydol|Leftovers|[from] move: Trick
|move|p2a: Snorlax|Body Slam|p1a: Claydol
|-damage|p1a: Claydol|67/100
|
|-heal|p1a: Claydol|73/100|[from] item: Leftovers
|upkeep
|turn|10
|
|switch|p1a: Aromatisse|Aromatisse, M|51/100
|switch|p2a: Persian|Persian-Alola, M|100/100
|
|-heal|p1a: Aromatisse|58/100|[from] item: Leftovers
|upkeep
|turn|11
|
|move|p1a: Aromatisse|Protect|p1a: Aromatisse
|-singleturn|p1a: Aromatisse|Protect
|move|p2a: Persian|Parting Shot|p1a: Aromatisse
|-activate|p1a: Aromatisse|move: Protect
|
|-heal|p1a: Aromatisse|64/100|[from] item: Leftovers
|upkeep
|turn|12
|
|move|p2a: Persian|Parting Shot|p1a: Aromatisse
|-unboost|p1a: Aromatisse|atk|1
|-unboost|p1a: Aromatisse|spa|1
|
|switch|p2a: Escavalier|Escavalier, F|100/100|[from]move: Parting Shot
|move|p1a: Aromatisse|Wish|p1a: Aromatisse
|
|-heal|p1a: Aromatisse|70/100|[from] item: Leftovers
|upkeep
|turn|13
|
|move|p1a: Aromatisse|Protect|p1a: Aromatisse
|-singleturn|p1a: Aromatisse|Protect
|move|p2a: Escavalier|Knock Off|p1a: Aromatisse
|-activate|p1a: Aromatisse|move: Protect
|
|-heal|p1a: Aromatisse|100/100|[from] move: Wish|[wisher] Aromatisse
|upkeep
|turn|14
|
|move|p2a: Escavalier|Knock Off|p1a: Aromatisse
|-resisted|p1a: Aromatisse
|-damage|p1a: Aromatisse|86/100
|-enditem|p1a: Aromatisse|Leftovers|[from] move: Knock Off|[of] p2a: Escavalier
|move|p1a: Aromatisse|Wish|p1a: Aromatisse
|
|upkeep
|turn|15
|
|move|p2a: Escavalier|Iron Head|p1a: Aromatisse
|-supereffective|p1a: Aromatisse
|-damage|p1a: Aromatisse|10/100
|move|p1a: Aromatisse|Moonblast|p2a: Escavalier
|-resisted|p2a: Escavalier
|-damage|p2a: Escavalier|92/100
|
|-heal|p1a: Aromatisse|60/100|[from] move: Wish|[wisher] Aromatisse
|upkeep
|turn|16
|
|move|p1a: Aromatisse|Protect|p1a: Aromatisse
|-singleturn|p1a: Aromatisse|Protect
|move|p2a: Escavalier|Iron Head|p1a: Aromatisse
|-activate|p1a: Aromatisse|move: Protect
|
|upkeep
|turn|17
|
|switch|p1a: Claydol|Claydol|73/100
|move|p2a: Escavalier|Iron Head|p1a: Claydol
|-damage|p1a: Claydol|39/100
|
|-heal|p1a: Claydol|45/100|[from] item: Leftovers
|upkeep
|turn|18
|
|move|p1a: Claydol|Earth Power|p2a: Escavalier
|-damage|p2a: Escavalier|76/100
|move|p2a: Escavalier|Knock Off|p1a: Claydol
|-supereffective|p1a: Claydol
|-damage|p1a: Claydol|0 fnt
|-enditem|p1a: Claydol|Leftovers|[from] move: Knock Off|[of] p2a: Escavalier
|faint|p1a: Claydol
|
|upkeep
|
|switch|p1a: Salazzle|Salazzle, F|100/100
|turn|19
|
|switch|p2a: Cramorant|Cramorant, M|100/100
|move|p1a: Salazzle|Toxic|p2a: Cramorant
|-status|p2a: Cramorant|tox
|
|-damage|p2a: Cramorant|94/100 tox|[from] psn
|upkeep
|turn|20
|
|move|p1a: Salazzle|Protect|p1a: Salazzle
|-singleturn|p1a: Salazzle|Protect
|move|p2a: Cramorant|Surf|p1a: Salazzle
|-activate|p1a: Salazzle|move: Protect
|
|-damage|p2a: Cramorant|82/100 tox|[from] psn
|upkeep
|turn|21
|
|move|p1a: Salazzle|Substitute|p1a: Salazzle
|-start|p1a: Salazzle|Substitute
|-damage|p1a: Salazzle|76/100
|move|p2a: Cramorant|Hurricane|p1a: Salazzle|[miss]
|-miss|p2a: Cramorant|p1a: Salazzle
|
|-heal|p1a: Salazzle|82/100|[from] item: Black Sludge
|-damage|p2a: Cramorant|64/100 tox|[from] psn
|upkeep
|turn|22
|
|move|p1a: Salazzle|Protect|p1a: Salazzle
|-singleturn|p1a: Salazzle|Protect
|move|p2a: Cramorant|Roost|p2a: Cramorant
|-heal|p2a: Cramorant|100/100 tox
|-singleturn|p2a: Cramorant|move: Roost
|
|-heal|p1a: Salazzle|88/100|[from] item: Black Sludge
|-damage|p2a: Cramorant|76/100 tox|[from] psn
|upkeep
|turn|23
|
|move|p1a: Salazzle|Encore|p2a: Cramorant
|-start|p2a: Cramorant|Encore
|move|p2a: Cramorant|Roost|p2a: Cramorant
|-heal|p2a: Cramorant|100/100 tox
|-singleturn|p2a: Cramorant|move: Roost
|
|-heal|p1a: Salazzle|94/100|[from] item: Black Sludge
|-damage|p2a: Cramorant|70/100 tox|[from] psn
|upkeep
|turn|24
|
|switch|p2a: Snorlax|Snorlax, M|100/100
|move|p1a: Salazzle|Toxic|p2a: Snorlax
|-status|p2a: Snorlax|tox
|
|-heal|p1a: Salazzle|99/100|[from] item: Black Sludge
|-damage|p2a: Snorlax|94/100 tox|[from] psn
|upkeep
|turn|25
|
|move|p1a: Salazzle|Protect|p1a: Salazzle
|-singleturn|p1a: Salazzle|Protect
|move|p2a: Snorlax|Curse|p2a: Snorlax
|-unboost|p2a: Snorlax|spe|1
|-boost|p2a: Snorlax|atk|1
|-boost|p2a: Snorlax|def|1
|
|-heal|p1a: Salazzle|100/100|[from] item: Black Sludge
|-damage|p2a: Snorlax|82/100 tox|[from] psn
|upkeep
|turn|26
|
|switch|p2a: Cramorant|Cramorant, M|70/100 tox
|move|p1a: Salazzle|Encore||[still]
|-fail|p1a: Salazzle
|
|-damage|p2a: Cramorant|64/100 tox|[from] psn
|upkeep
|turn|27
|
|move|p1a: Salazzle|Protect|p1a: Salazzle
|-singleturn|p1a: Salazzle|Protect
|move|p2a: Cramorant|Surf|p1a: Salazzle
|-activate|p1a: Salazzle|move: Protect
|
|-damage|p2a: Cramorant|52/100 tox|[from] psn
|upkeep
|turn|28
|
|move|p1a: Salazzle|Encore|p2a: Cramorant
|-start|p2a: Cramorant|Encore
|move|p2a: Cramorant|Surf|p1a: Salazzle
|-supereffective|p1a: Salazzle
|-end|p1a: Salazzle|Substitute
|-formechange|p2a: Cramorant|Cramorant-Gulping|
|
|-damage|p2a: Cramorant|34/100 tox|[from] psn
|upkeep
|turn|29
|
|move|p1a: Salazzle|Substitute|p1a: Salazzle
|-start|p1a: Salazzle|Substitute
|-damage|p1a: Salazzle|76/100
|move|p2a: Cramorant|Surf|p1a: Salazzle
|-supereffective|p1a: Salazzle
|-end|p1a: Salazzle|Substitute
|
|-heal|p1a: Salazzle|82/100|[from] item: Black Sludge
|-damage|p2a: Cramorant|10/100 tox|[from] psn
|upkeep
|turn|30
|
|move|p1a: Salazzle|Protect|p1a: Salazzle
|-singleturn|p1a: Salazzle|Protect
|move|p2a: Cramorant|Surf|p1a: Salazzle
|-activate|p1a: Salazzle|move: Protect
|
|-heal|p1a: Salazzle|88/100|[from] item: Black Sludge
|-damage|p2a: Cramorant|0 fnt|[from] psn
|faint|p2a: Cramorant
|upkeep
|
|switch|p2a: Passimian|Passimian, M|100/100
|turn|31
|
|switch|p1a: Aromatisse|Aromatisse, M|60/100
|move|p2a: Passimian|Earthquake|p1a: Aromatisse
|-damage|p1a: Aromatisse|35/100
|
|upkeep
|turn|32
|
|switch|p2a: Escavalier|Escavalier, F|76/100
|move|p1a: Aromatisse|Wish|p1a: Aromatisse
|
|upkeep
|turn|33
|
|switch|p1a: Salazzle|Salazzle, F|88/100
|move|p2a: Escavalier|Knock Off|p1a: Salazzle
|-damage|p1a: Salazzle|40/100
|-enditem|p1a: Salazzle|Black Sludge|[from] move: Knock Off|[of] p2a: Escavalier
|
|-heal|p1a: Salazzle|100/100|[from] move: Wish|[wisher] Aromatisse
|upkeep
|turn|34
|
|switch|p2a: Snorlax|Snorlax, M|82/100 tox
|move|p1a: Salazzle|Substitute|p1a: Salazzle
|-start|p1a: Salazzle|Substitute
|-damage|p1a: Salazzle|76/100
|
|-damage|p2a: Snorlax|76/100 tox|[from] psn
|upkeep
|turn|35
|
|switch|p1a: Decidueye|Decidueye, F|100/100
|move|p2a: Snorlax|Rest|p2a: Snorlax
|-status|p2a: Snorlax|slp|[from] move: Rest
|-heal|p2a: Snorlax|100/100 slp|[silent]
|
|upkeep
|turn|36
|
|switch|p2a: Persian|Persian-Alola, M|100/100
|move|p1a: Decidueye|Spirit Shackle|p2a: Persian|[miss]
|-miss|p1a: Decidueye|p2a: Persian
|
|upkeep
|turn|37
|
|move|p2a: Persian|Nasty Plot|p2a: Persian
|-boost|p2a: Persian|spa|2
|move|p1a: Decidueye|Toxic|p2a: Persian|[miss]
|-miss|p1a: Decidueye|p2a: Persian
|
|upkeep
|turn|38
|inactive|07l中国大妈 has 120 seconds left.
|c|☆07l中国大妈|why miss?
|c|☆07l中国大妈|bright power?
|c|☆KaiRey|yeah
|inactive|07l中国大妈 has 90 seconds left.
|c|☆07l中国大妈|too dirty
|-message|07l中国大妈 forfeited.
|
|win|KaiRey
|l|☆07l中国大妈
|raw|07l中国大妈's rating: 1101 &rarr; <strong>1069</strong><br />(-32 for losing)
|raw|KaiRey's rating: 1000 &rarr; <strong>1051</strong><br />(+51 for winning)
