|j|☆haunter7
|j|☆Chippless
|t:|1623578347
|gametype|singles
|player|p1|haunter7|285|1463
|player|p2|Chippless|guzma|1259
|teamsize|p1|6
|teamsize|p2|6
|gen|8
|tier|[Gen 8] RU
|rated|
|rule|Sleep Clause Mod: Limit one foe put to sleep
|rule|Species Clause: Limit one of each Pokémon
|rule|OHKO Clause: OHKO moves are banned
|rule|Evasion Moves Clause: Evasion moves are banned
|rule|Endless Battle Clause: Forcing endless battles is banned
|rule|HP Percentage Mod: HP is shown in percentages
|rule|Dynamax Clause: You cannot dynamax
|clearpoke
|poke|p1|Marowak-Alola, M|
|poke|p1|Metagross|
|poke|p1|Weezing-Galar, F|
|poke|p1|Mienshao, F|
|poke|p1|Togekiss, M|
|poke|p1|Milotic, M|
|poke|p2|Mienshao, M|
|poke|p2|Golisopod, F|
|poke|p2|Crobat, M|
|poke|p2|Raikou|
|poke|p2|Bronzong|
|poke|p2|Necrozma|
|teampreview
|
|t:|1623578367
|start
|switch|p1a: Mienshao|Mienshao, F|100/100
|switch|p2a: Raikou|Raikou|100/100
|turn|1
|
|t:|1623578371
|move|p1a: Mienshao|Fake Out|p2a: Raikou
|-damage|p2a: Raikou|78/100
|-damage|p1a: Mienshao|91/100|[from] item: Life Orb
|move|p2a: Raikou|Scald|p1a: Mienshao
|-damage|p1a: Mienshao|22/100
|
|upkeep
|turn|2
|
|t:|1623578374
|switch|p1a: Marowak|Marowak-Alola, M|100/100
|move|p2a: Raikou|Scald|p1a: Marowak
|-supereffective|p1a: Marowak
|-damage|p1a: Marowak|0 fnt
|faint|p1a: Marowak
|
|upkeep
|
|t:|1623578389
|switch|p1a: Metagross|Metagross|100/100
|turn|3
|
|t:|1623578402
|switch|p2a: Golisopod|Golisopod, F|100/100
|move|p1a: Metagross|Meteor Mash|p2a: Golisopod
|-resisted|p2a: Golisopod
|-damage|p2a: Golisopod|79/100
|
|upkeep
|turn|4
|
|t:|1623578414
|switch|p1a: Weezing|Weezing-Galar, F|100/100
|-ability|p1a: Weezing|Neutralizing Gas
|move|p2a: Golisopod|First Impression|p1a: Weezing
|-resisted|p1a: Weezing
|-damage|p1a: Weezing|93/100
|-damage|p2a: Golisopod|63/100|[from] item: Rocky Helmet|[of] p1a: Weezing
|
|upkeep
|turn|5
|
|t:|1623578419
|move|p1a: Weezing|Toxic Spikes|p2a: Golisopod
|-sidestart|p2: Chippless|move: Toxic Spikes
|move|p2a: Golisopod|Knock Off|p1a: Weezing
|-resisted|p1a: Weezing
|-damage|p1a: Weezing|82/100
|-damage|p2a: Golisopod|46/100|[from] item: Rocky Helmet|[of] p1a: Weezing
|-enditem|p1a: Weezing|Rocky Helmet|[from] move: Knock Off|[of] p2a: Golisopod
|
|upkeep
|turn|6
|
|t:|1623578440
|-end|p1a: Weezing|ability: Neutralizing Gas
|switch|p1a: Metagross|Metagross|100/100
|switch|p2a: Crobat|Crobat, M|100/100
|
|upkeep
|turn|7
|
|t:|1623578446
|move|p2a: Crobat|Defog|p1a: Metagross
|-fail|p1a: Metagross|unboost|[from] ability: Clear Body|[of] p1a: Metagross
|-sideend|p2: Chippless|Toxic Spikes|[from] move: Defog|[of] p2a: Crobat
|move|p1a: Metagross|Meteor Mash|p2a: Crobat
|-damage|p2a: Crobat|44/100
|
|upkeep
|turn|8
|
|t:|1623578450
|move|p2a: Crobat|U-turn|p1a: Metagross
|-damage|p1a: Metagross|89/100
|
|t:|1623578458
|switch|p2a: Bruhzong|Bronzong|100/100|[from]move: U-turn
|move|p1a: Metagross|Earthquake|p2a: Bruhzong
|-immune|p2a: Bruhzong|[from] ability: Levitate
|
|upkeep
|turn|9
|
|t:|1623578465
|switch|p1a: Milotic|Milotic, M|100/100
|move|p2a: Bruhzong|Stealth Rock|p1a: Milotic
|-sidestart|p1: haunter7|move: Stealth Rock
|
|-status|p1a: Milotic|brn|[from] item: Flame Orb
|upkeep
|turn|10
|
|t:|1623578470
|switch|p1a: Weezing|Weezing-Galar, F|82/100
|-ability|p1a: Weezing|Neutralizing Gas
|-damage|p1a: Weezing|70/100|[from] Stealth Rock
|switch|p2a: Raikou|Raikou|78/100
|
|upkeep
|turn|11
|
|t:|1623578472
|move|p2a: Raikou|Volt Switch|p1a: Weezing
|-damage|p1a: Weezing|0 fnt
|faint|p1a: Weezing
|-end|p1a: Weezing|ability: Neutralizing Gas
|-message|haunter7 forfeited.
|
|win|Chippless
|raw|haunter7's rating: 1463 &rarr; <strong>1432</strong><br />(-31 for losing)
|raw|Chippless's rating: 1259 &rarr; <strong>1297</strong><br />(+38 for winning)
|l|☆haunter7
