|j|☆LethalHobo723
|j|☆Dont Tell My Boss
|t:|1603749856
|player|p1|LethalHobo723|266|
|player|p2|Dont Tell My Boss|rocketgrunt|
|teamsize|p1|6
|teamsize|p2|6
|gametype|singles
|gen|8
|tier|[Gen 8] RU
|rated|Tournament battle
|clearpoke
|poke|p1|Gigalith, F|
|poke|p1|Ninetales, M|
|poke|p1|Klefki, F|
|poke|p1|Dhelmise|
|poke|p1|Lycanroc, M|
|poke|p1|Blastoise, M|
|poke|p2|Gigalith, F|
|poke|p2|Lycanroc, F|
|poke|p2|Sandslash, M|
|poke|p2|Klefki, F|
|poke|p2|Toxicroak, F|
|poke|p2|Gourgeist-*, M|
|rule|Sleep Clause Mod: Limit one foe put to sleep
|rule|Species Clause: Limit one of each Pokémon
|rule|OHKO Clause: OHKO moves are banned
|rule|Evasion Moves Clause: Evasion moves are banned
|rule|Endless Battle Clause: Forcing endless battles is banned
|rule|HP Percentage Mod: HP is shown in percentages
|rule|Dynamax Clause: You cannot dynamax
|teampreview
|j|*Lady Monita
|inactive|Battle timer is ON: inactive players will automatically lose when time's up. (requested by LethalHobo723)
|inactive|Dont Tell My Boss also wants the timer to be on.
|j| abidoofthatcares
|inactive|Dont Tell My Boss has 120 seconds left.
|l| abidoofthatcares
|inactive|LethalHobo723 has 120 seconds left.
|j| Breachingtrout
|
|t:|1603749923
|start
|switch|p1a: Dhelmise|Dhelmise|100/100
|switch|p2a: Sandslash|Sandslash, M|100/100
|turn|1
|
|t:|1603749938
|switch|p2a: Klefki|Klefki, F|100/100
|move|p1a: Dhelmise|Power Whip|p2a: Klefki
|-resisted|p2a: Klefki
|-damage|p2a: Klefki|64/100
|
|upkeep
|turn|2
|
|t:|1603749952
|move|p2a: Klefki|Thunder Wave|p1a: Dhelmise
|-status|p1a: Dhelmise|par
|move|p1a: Dhelmise|Poltergeist|p2a: Klefki
|-activate|p2a: Klefki|move: Poltergeist|Heavy-Duty Boots
|-damage|p2a: Klefki|0 fnt
|faint|p2a: Klefki
|
|upkeep
|
|t:|1603749962
|switch|p2a: Gourgeist|Gourgeist-Small, M|100/100
|turn|3
|inactive|Dont Tell My Boss has 120 seconds left.
|
|t:|1603749983
|move|p2a: Gourgeist|Trick|p1a: Dhelmise
|-activate|p2a: Gourgeist|move: Trick|[of] p1a: Dhelmise
|-item|p1a: Dhelmise|Choice Scarf|[from] move: Trick
|-enditem|p2a: Gourgeist|Choice Scarf|[silent]|[from] move: Trick
|move|p1a: Dhelmise|Poltergeist||[still]
|-fail|p1a: Dhelmise
|
|upkeep
|turn|4
|inactive|Dont Tell My Boss has 120 seconds left.
|
|t:|1603749998
|switch|p1a: Klefki|Klefki, F|100/100
|move|p2a: Gourgeist|Poltergeist|p1a: Klefki
|-activate|p1a: Klefki|move: Poltergeist|Leftovers
|-damage|p1a: Klefki|56/100
|
|-heal|p1a: Klefki|62/100|[from] item: Leftovers
|upkeep
|turn|5
|inactive|Dont Tell My Boss has 120 seconds left.
|
|t:|1603750012
|switch|p2a: Sandslash|Sandslash, M|100/100
|move|p1a: Klefki|Thunder Wave|p2a: Sandslash
|-immune|p2a: Sandslash
|
|-heal|p1a: Klefki|68/100|[from] item: Leftovers
|upkeep
|turn|6
|inactive|Dont Tell My Boss has 120 seconds left.
|
|t:|1603750031
|switch|p2a: Toxicroak|Toxicroak, F|100/100
|move|p1a: Klefki|Spikes|p2a: Toxicroak
|-sidestart|p2: Dont Tell My Boss|Spikes
|
|-heal|p1a: Klefki|74/100|[from] item: Leftovers
|upkeep
|turn|7
|inactive|Dont Tell My Boss has 120 seconds left.
|j| urbciuvfbhvueiu
|
|t:|1603750038
|switch|p2a: Sandslash|Sandslash, M|100/100
|switch|p1a: Gigalith|Gigalith, F|100/100
|-weather|Sandstorm|[from] ability: Sand Stream|[of] p1a: Gigalith
|
|-weather|Sandstorm|[upkeep]
|upkeep
|turn|8
|
|t:|1603750047
|move|p2a: Sandslash|Swords Dance|p2a: Sandslash
|-boost|p2a: Sandslash|atk|2
|move|p1a: Gigalith|Toxic|p2a: Sandslash
|-status|p2a: Sandslash|tox
|
|-weather|Sandstorm|[upkeep]
|-damage|p2a: Sandslash|94/100 tox|[from] psn
|upkeep
|turn|9
|
|t:|1603750055
|switch|p1a: Dhelmise|Dhelmise|100/100 par
|move|p2a: Sandslash|Earthquake|p1a: Dhelmise
|-resisted|p1a: Dhelmise
|-damage|p1a: Dhelmise|54/100 par
|
|-weather|Sandstorm|[upkeep]
|-damage|p1a: Dhelmise|48/100 par|[from] Sandstorm
|-damage|p2a: Sandslash|82/100 tox|[from] psn
|upkeep
|turn|10
|
|t:|1603750062
|move|p2a: Sandslash|Leech Life|p1a: Dhelmise
|-damage|p1a: Dhelmise|0 fnt
|-heal|p2a: Sandslash|100/100 tox|[from] drain|[of] p1a: Dhelmise
|faint|p1a: Dhelmise
|
|-weather|Sandstorm|[upkeep]
|-damage|p2a: Sandslash|82/100 tox|[from] psn
|upkeep
|
|t:|1603750073
|switch|p1a: Klefki|Klefki, F|74/100
|turn|11
|
|t:|1603750078
|move|p1a: Klefki|Spikes|p2a: Sandslash
|-sidestart|p2: Dont Tell My Boss|Spikes
|move|p2a: Sandslash|Earthquake|p1a: Klefki
|-supereffective|p1a: Klefki
|-damage|p1a: Klefki|0 fnt
|faint|p1a: Klefki
|
|-weather|Sandstorm|[upkeep]
|-damage|p2a: Sandslash|57/100 tox|[from] psn
|upkeep
|inactive|LethalHobo723 has 120 seconds left.
|inactive|LethalHobo723 has 90 seconds left.
|
|t:|1603750139
|switch|p1a: Lycanroc|Lycanroc, M|100/100
|turn|12
|l| urbciuvfbhvueiu
|
|t:|1603750159
|move|p1a: Lycanroc|Close Combat|p2a: Sandslash
|-damage|p2a: Sandslash|5/100 tox
|-unboost|p1a: Lycanroc|def|1
|-unboost|p1a: Lycanroc|spd|1
|-damage|p1a: Lycanroc|91/100|[from] item: Life Orb
|move|p2a: Sandslash|Earthquake|p1a: Lycanroc
|-supereffective|p1a: Lycanroc
|-damage|p1a: Lycanroc|0 fnt
|faint|p1a: Lycanroc
|
|-weather|Sandstorm|[upkeep]
|-damage|p2a: Sandslash|0 fnt|[from] psn
|faint|p2a: Sandslash
|upkeep
|inactive|Dont Tell My Boss has 120 seconds left.
|
|t:|1603750185
|switch|p1a: Blastoise|Blastoise, M|100/100
|switch|p2a: Lycanroc|Lycanroc, F|100/100
|-damage|p2a: Lycanroc|84/100|[from] Spikes
|turn|13
|inactive|Dont Tell My Boss has 120 seconds left.
|
|t:|1603750196
|move|p2a: Lycanroc|Close Combat|p1a: Blastoise
|-damage|p1a: Blastoise|33/100
|-unboost|p2a: Lycanroc|def|1
|-unboost|p2a: Lycanroc|spd|1
|-damage|p2a: Lycanroc|74/100|[from] item: Life Orb
|move|p1a: Blastoise|Surf|p2a: Lycanroc
|-supereffective|p2a: Lycanroc
|-damage|p2a: Lycanroc|0 fnt
|faint|p2a: Lycanroc
|
|-weather|Sandstorm|[upkeep]
|-damage|p1a: Blastoise|27/100|[from] Sandstorm
|upkeep
|
|t:|1603750215
|switch|p2a: Toxicroak|Toxicroak, F|100/100
|-damage|p2a: Toxicroak|84/100|[from] Spikes
|turn|14
|inactive|Dont Tell My Boss has 90 seconds left.
|l| Breachingtrout
|
|t:|1603750242
|switch|p1a: Gigalith|Gigalith, F|100/100
|move|p2a: Toxicroak|Sludge Bomb|p1a: Gigalith
|-resisted|p1a: Gigalith
|-damage|p1a: Gigalith|88/100
|-damage|p2a: Toxicroak|74/100|[from] item: Life Orb
|
|-weather|none
|upkeep
|turn|15
|inactive|Dont Tell My Boss has 90 seconds left.
|
|t:|1603750273
|switch|p2a: Gourgeist|Gourgeist-Small, M|100/100
|-damage|p2a: Gourgeist|84/100|[from] Spikes
|-item|p1a: Gigalith|Smooth Rock|[from] ability: Frisk|[of] p2a: Gourgeist|[identify]
|move|p1a: Gigalith|Earthquake|p2a: Gourgeist
|-resisted|p2a: Gourgeist
|-damage|p2a: Gourgeist|68/100
|
|upkeep
|turn|16
|
|t:|1603750286
|move|p2a: Gourgeist|Poltergeist|p1a: Gigalith
|-activate|p1a: Gigalith|move: Poltergeist|Smooth Rock
|-damage|p1a: Gigalith|56/100
|move|p1a: Gigalith|Stone Edge|p2a: Gourgeist
|-crit|p2a: Gourgeist
|-damage|p2a: Gourgeist|0 fnt
|faint|p2a: Gourgeist
|
|upkeep
|
|t:|1603750295
|switch|p2a: Toxicroak|Toxicroak, F|74/100
|-damage|p2a: Toxicroak|58/100|[from] Spikes
|turn|17
|
|t:|1603750298
|move|p2a: Toxicroak|Focus Blast|p1a: Gigalith
|-supereffective|p1a: Gigalith
|-damage|p1a: Gigalith|0 fnt
|-damage|p2a: Toxicroak|48/100|[from] item: Life Orb
|faint|p1a: Gigalith
|
|upkeep
|
|t:|1603750306
|switch|p1a: Ninetales|Ninetales, M, shiny|100/100
|turn|18
|inactive|Dont Tell My Boss has 90 seconds left.
|
|t:|1603750321
|switch|p2a: Gigalith|Gigalith, F|100/100
|-damage|p2a: Gigalith|84/100|[from] Spikes
|-weather|Sandstorm|[from] ability: Sand Stream|[of] p2a: Gigalith
|move|p1a: Ninetales|Nasty Plot|p1a: Ninetales
|-boost|p1a: Ninetales|spa|2
|
|-weather|Sandstorm|[upkeep]
|-damage|p1a: Ninetales|95/100|[from] Sandstorm
|upkeep
|turn|19
|
|t:|1603750325
|move|p1a: Ninetales|Energy Ball|p2a: Gigalith
|-supereffective|p2a: Gigalith
|-damage|p2a: Gigalith|36/100
|move|p2a: Gigalith|Earthquake|p1a: Ninetales
|-supereffective|p1a: Ninetales
|-damage|p1a: Ninetales|9/100
|
|-weather|Sandstorm|[upkeep]
|-damage|p1a: Ninetales|3/100|[from] Sandstorm
|upkeep
|turn|20
|
|t:|1603750333
|move|p1a: Ninetales|Energy Ball|p2a: Gigalith
|-supereffective|p2a: Gigalith
|-damage|p2a: Gigalith|0 fnt
|faint|p2a: Gigalith
|
|-weather|Sandstorm|[upkeep]
|-damage|p1a: Ninetales|0 fnt|[from] Sandstorm
|faint|p1a: Ninetales
|upkeep
|
|t:|1603750335
|switch|p1a: Blastoise|Blastoise, M|27/100
|switch|p2a: Toxicroak|Toxicroak, F|48/100
|-damage|p2a: Toxicroak|31/100|[from] Spikes
|turn|21
|
|t:|1603750338
|move|p2a: Toxicroak|Sludge Bomb|p1a: Blastoise
|-damage|p1a: Blastoise|0 fnt
|-damage|p2a: Toxicroak|21/100|[from] item: Life Orb
|faint|p1a: Blastoise
|
|win|Dont Tell My Boss
|l|*Lady Monita
|c|☆LethalHobo723|gg
|c|☆Dont Tell My Boss|gg
|l|☆LethalHobo723
