|j|☆12949usersonline
|j|☆Artemis_V13
|player|p1|12949usersonline|265|1376
|player|p2|Artemis_V13|juan|1408
|teamsize|p1|6
|teamsize|p2|6
|gametype|singles
|gen|8
|tier|[Gen 8] RU
|rated|
|clearpoke
|poke|p1|Indeedee, M|
|poke|p1|Gurdurr, M|
|poke|p1|Silvally-*|
|poke|p1|Vileplume, M|
|poke|p1|Coalossal, F|
|poke|p1|Rotom|
|poke|p2|Appletun, F|
|poke|p2|Jellicent, M|
|poke|p2|Dhelmise|
|poke|p2|Toxicroak, M|
|poke|p2|Stunfisk-Galar, M|
|poke|p2|Slurpuff, F|
|rule|Sleep Clause Mod: Limit one foe put to sleep
|rule|Species Clause: Limit one of each Pokémon
|rule|OHKO Clause: OHKO moves are banned
|rule|Evasion Moves Clause: Evasion moves are banned
|rule|Endless Battle Clause: Forcing endless battles is banned
|rule|HP Percentage Mod: HP is shown in percentages
|rule|Dynamax Clause: You cannot dynamax
|teampreview
|inactive|Battle timer is ON: inactive players will automatically lose when time's up. (requested by Artemis_V13)
|j| consigliere
|inactive|12949usersonline has 120 seconds left.
|
|start
|switch|p1a: Vileplume|Vileplume, M|100/100
|switch|p2a: Stunfisk|Stunfisk-Galar, M|100/100
|turn|1
|
|move|p1a: Vileplume|Giga Drain|p2a: Stunfisk
|-damage|p2a: Stunfisk|83/100
|move|p2a: Stunfisk|Stealth Rock|p1a: Vileplume
|-sidestart|p1: 12949usersonline|move: Stealth Rock
|
|-heal|p2a: Stunfisk|89/100|[from] item: Leftovers
|upkeep
|turn|2
|
|move|p1a: Vileplume|Stun Spore|p2a: Stunfisk|[miss]
|-miss|p1a: Vileplume|p2a: Stunfisk
|move|p2a: Stunfisk|Yawn|p1a: Vileplume
|-start|p1a: Vileplume|move: Yawn|[of] p2a: Stunfisk
|
|-heal|p2a: Stunfisk|96/100|[from] item: Leftovers
|upkeep
|turn|3
|
|switch|p1a: Gurdurr|Gurdurr, M|100/100
|-damage|p1a: Gurdurr|94/100|[from] Stealth Rock
|move|p2a: Stunfisk|Yawn|p1a: Gurdurr
|-start|p1a: Gurdurr|move: Yawn|[of] p2a: Stunfisk
|
|-heal|p2a: Stunfisk|100/100|[from] item: Leftovers
|upkeep
|turn|4
|
|switch|p1a: Vileplume|Vileplume, M|100/100
|-damage|p1a: Vileplume|88/100|[from] Stealth Rock
|move|p2a: Stunfisk|Protect||[still]
|-fail|p2a: Stunfisk
|
|-heal|p1a: Vileplume|94/100|[from] item: Black Sludge
|upkeep
|turn|5
|
|switch|p2a: Dhelmise|Dhelmise|100/100
|move|p1a: Vileplume|Stun Spore|p2a: Dhelmise
|-immune|p2a: Dhelmise
|
|-heal|p1a: Vileplume|100/100|[from] item: Black Sludge
|upkeep
|turn|6
|
|move|p1a: Vileplume|Sludge Bomb|p2a: Dhelmise
|-damage|p2a: Dhelmise|65/100
|-status|p2a: Dhelmise|psn
|move|p2a: Dhelmise|Switcheroo|p1a: Vileplume
|-activate|p2a: Dhelmise|move: Trick|[of] p1a: Vileplume
|-item|p1a: Vileplume|Choice Band|[from] move: Switcheroo
|-item|p2a: Dhelmise|Black Sludge|[from] move: Switcheroo
|
|-damage|p2a: Dhelmise|53/100 psn|[from] item: Black Sludge
|-damage|p2a: Dhelmise|41/100 psn|[from] psn
|upkeep
|turn|7
|
|switch|p2a: Stunfisk|Stunfisk-Galar, M|100/100
|move|p1a: Vileplume|Sludge Bomb|p2a: Stunfisk
|-immune|p2a: Stunfisk
|
|upkeep
|turn|8
|
|switch|p1a: Gurdurr|Gurdurr, M|94/100
|-damage|p1a: Gurdurr|88/100|[from] Stealth Rock
|switch|p2a: Toxicroak|Toxicroak, M|100/100
|
|upkeep
|turn|9
|
|move|p2a: Toxicroak|Swords Dance|p2a: Toxicroak
|-boost|p2a: Toxicroak|atk|2
|move|p1a: Gurdurr|Knock Off|p2a: Toxicroak
|-resisted|p2a: Toxicroak
|-damage|p2a: Toxicroak|77/100
|-enditem|p2a: Toxicroak|Life Orb|[from] move: Knock Off|[of] p1a: Gurdurr
|
|upkeep
|turn|10
|
|switch|p1a: Vileplume|Vileplume, M|100/100
|-damage|p1a: Vileplume|88/100|[from] Stealth Rock
|move|p2a: Toxicroak|Gunk Shot|p1a: Vileplume
|-damage|p1a: Vileplume|5/100
|
|upkeep
|turn|11
|
|move|p2a: Toxicroak|Drain Punch|p1a: Vileplume
|-resisted|p1a: Vileplume
|-damage|p1a: Vileplume|0 fnt
|-heal|p2a: Toxicroak|80/100|[from] drain|[of] p1a: Vileplume
|faint|p1a: Vileplume
|
|upkeep
|
|switch|p1a: Indeedee|Indeedee, M|100/100
|-damage|p1a: Indeedee|88/100|[from] Stealth Rock
|-fieldstart|move: Psychic Terrain|[from] ability: Psychic Surge|[of] p1a: Indeedee
|turn|12
|
|switch|p2a: Stunfisk|Stunfisk-Galar, M|100/100
|-start|p2a: Stunfisk|typechange|Psychic|[from] ability: Mimicry
|move|p1a: Indeedee|Mystical Fire|p2a: Stunfisk
|-damage|p2a: Stunfisk|87/100
|-unboost|p2a: Stunfisk|spa|1
|
|-heal|p2a: Stunfisk|93/100|[from] item: Leftovers
|upkeep
|turn|13
|
|switch|p1a: Coalossal|Coalossal, F|100/100
|move|p2a: Stunfisk|Earthquake|p1a: Coalossal
|-supereffective|p1a: Coalossal
|-damage|p1a: Coalossal|44/100
|
|-heal|p2a: Stunfisk|99/100|[from] item: Leftovers
|upkeep
|turn|14
|
|switch|p1a: Gurdurr|Gurdurr, M|88/100
|-damage|p1a: Gurdurr|82/100|[from] Stealth Rock
|move|p2a: Stunfisk|Earthquake|p1a: Gurdurr
|-damage|p1a: Gurdurr|68/100
|
|-heal|p2a: Stunfisk|100/100|[from] item: Leftovers
|upkeep
|turn|15
|
|switch|p2a: Toxicroak|Toxicroak, M|80/100
|move|p1a: Gurdurr|Knock Off|p2a: Toxicroak
|-resisted|p2a: Toxicroak
|-damage|p2a: Toxicroak|64/100
|
|upkeep
|turn|16
|
|move|p2a: Toxicroak|Swords Dance|p2a: Toxicroak
|-boost|p2a: Toxicroak|atk|2
|move|p1a: Gurdurr|Drain Punch|p2a: Toxicroak
|-resisted|p2a: Toxicroak
|-damage|p2a: Toxicroak|36/100
|-heal|p1a: Gurdurr|80/100|[from] drain|[of] p2a: Toxicroak
|
|-fieldend|move: Psychic Terrain
|upkeep
|turn|17
|
|switch|p1a: Rotom|Rotom|100/100
|-damage|p1a: Rotom|88/100|[from] Stealth Rock
|move|p2a: Toxicroak|Drain Punch|p1a: Rotom
|-immune|p1a: Rotom
|
|upkeep
|turn|18
|
|move|p2a: Toxicroak|Sucker Punch||[still]
|-fail|p2a: Toxicroak
|move|p1a: Rotom|Trick|p2a: Toxicroak
|-activate|p1a: Rotom|move: Trick|[of] p2a: Toxicroak
|-item|p2a: Toxicroak|Choice Scarf|[from] move: Trick
|-enditem|p1a: Rotom|Choice Scarf|[silent]|[from] move: Trick
|
|upkeep
|turn|19
|
|move|p2a: Toxicroak|Gunk Shot|p1a: Rotom
|-resisted|p1a: Rotom
|-damage|p1a: Rotom|0 fnt
|faint|p1a: Rotom
|
|upkeep
|
|switch|p1a: Silvally|Silvally-Steel|100/100
|-damage|p1a: Silvally|94/100|[from] Stealth Rock
|turn|20
|
|switch|p2a: Stunfisk|Stunfisk-Galar, M|100/100
|move|p1a: Silvally|Flamethrower|p2a: Stunfisk
|-supereffective|p2a: Stunfisk
|-damage|p2a: Stunfisk|75/100
|
|-heal|p2a: Stunfisk|82/100|[from] item: Leftovers
|upkeep
|turn|21
|
|move|p1a: Silvally|U-turn|p2a: Stunfisk
|-resisted|p2a: Stunfisk
|-damage|p2a: Stunfisk|73/100
|
|switch|p1a: Gurdurr|Gurdurr, M|80/100|[from]move: U-turn
|-damage|p1a: Gurdurr|74/100|[from] Stealth Rock
|move|p2a: Stunfisk|Earthquake|p1a: Gurdurr
|-damage|p1a: Gurdurr|55/100
|
|-heal|p2a: Stunfisk|79/100|[from] item: Leftovers
|upkeep
|turn|22
|
|switch|p2a: Dhelmise|Dhelmise|41/100 psn
|move|p1a: Gurdurr|Drain Punch|p2a: Dhelmise
|-immune|p2a: Dhelmise
|
|-damage|p2a: Dhelmise|28/100 psn|[from] item: Black Sludge
|-damage|p2a: Dhelmise|16/100 psn|[from] psn
|upkeep
|turn|23
|
|switch|p1a: Coalossal|Coalossal, F|44/100
|move|p2a: Dhelmise|Anchor Shot|p1a: Coalossal
|-damage|p1a: Coalossal|11/100
|-activate|p1a: Coalossal|trapped
|
|-damage|p2a: Dhelmise|4/100 psn|[from] item: Black Sludge
|-damage|p2a: Dhelmise|0 fnt|[from] psn
|faint|p2a: Dhelmise
|upkeep
|
|switch|p2a: Toxicroak|Toxicroak, M|36/100
|turn|24
|
|move|p2a: Toxicroak|Drain Punch|p1a: Coalossal
|-supereffective|p1a: Coalossal
|-damage|p1a: Coalossal|0 fnt
|-heal|p2a: Toxicroak|43/100|[from] drain|[of] p1a: Coalossal
|faint|p1a: Coalossal
|
|upkeep
|
|switch|p1a: Indeedee|Indeedee, M|88/100
|-damage|p1a: Indeedee|76/100|[from] Stealth Rock
|-fieldstart|move: Psychic Terrain|[from] ability: Psychic Surge|[of] p1a: Indeedee
|turn|25
|
|move|p1a: Indeedee|Psychic|p2a: Toxicroak
|-supereffective|p2a: Toxicroak
|-damage|p2a: Toxicroak|0 fnt
|faint|p2a: Toxicroak
|
|upkeep
|
|switch|p2a: Stunfisk|Stunfisk-Galar, M|79/100
|-start|p2a: Stunfisk|typechange|Psychic|[from] ability: Mimicry
|turn|26
|
|move|p1a: Indeedee|Psychic|p2a: Stunfisk
|-resisted|p2a: Stunfisk
|-damage|p2a: Stunfisk|62/100
|move|p2a: Stunfisk|Earthquake|p1a: Indeedee
|-damage|p1a: Indeedee|37/100
|
|-heal|p2a: Stunfisk|68/100|[from] item: Leftovers
|upkeep
|turn|27
|
|move|p1a: Indeedee|Psychic|p2a: Stunfisk
|-resisted|p2a: Stunfisk
|-damage|p2a: Stunfisk|52/100
|move|p2a: Stunfisk|Earthquake|p1a: Indeedee
|-damage|p1a: Indeedee|0 fnt
|faint|p1a: Indeedee
|
|-heal|p2a: Stunfisk|58/100|[from] item: Leftovers
|upkeep
|
|switch|p1a: Silvally|Silvally-Steel|94/100
|-damage|p1a: Silvally|88/100|[from] Stealth Rock
|turn|28
|
|move|p1a: Silvally|Swords Dance|p1a: Silvally
|-boost|p1a: Silvally|atk|2
|move|p2a: Stunfisk|Earthquake|p1a: Silvally
|-supereffective|p1a: Silvally
|-damage|p1a: Silvally|50/100
|
|-heal|p2a: Stunfisk|64/100|[from] item: Leftovers
|upkeep
|turn|29
|
|move|p2a: Stunfisk|Protect|p2a: Stunfisk
|-singleturn|p2a: Stunfisk|Protect
|move|p1a: Silvally|U-turn|p2a: Stunfisk
|-activate|p2a: Stunfisk|move: Protect
|
|-heal|p2a: Stunfisk|70/100|[from] item: Leftovers
|-fieldend|move: Psychic Terrain
|upkeep
|-activate|p2a: Stunfisk|ability: Mimicry
|-end|p2a: Stunfisk|typechange|[silent]
|turn|30
|
|move|p1a: Silvally|U-turn|p2a: Stunfisk
|-resisted|p2a: Stunfisk
|-damage|p2a: Stunfisk|53/100
|
|switch|p1a: Gurdurr|Gurdurr, M|55/100|[from]move: U-turn
|-damage|p1a: Gurdurr|49/100|[from] Stealth Rock
|move|p2a: Stunfisk|Earthquake|p1a: Gurdurr
|-damage|p1a: Gurdurr|30/100
|
|-heal|p2a: Stunfisk|59/100|[from] item: Leftovers
|upkeep
|turn|31
|
|switch|p2a: Jellicent|Jellicent, M|100/100
|move|p1a: Gurdurr|Knock Off|p2a: Jellicent
|-supereffective|p2a: Jellicent
|-damage|p2a: Jellicent|34/100
|-enditem|p2a: Jellicent|Leftovers|[from] move: Knock Off|[of] p1a: Gurdurr
|
|upkeep
|turn|32
|
|move|p2a: Jellicent|Hex|p1a: Gurdurr
|-damage|p1a: Gurdurr|9/100
|move|p1a: Gurdurr|Knock Off|p2a: Jellicent
|-supereffective|p2a: Jellicent
|-damage|p2a: Jellicent|0 fnt
|faint|p2a: Jellicent
|
|upkeep
|
|switch|p2a: Slurpuff|Slurpuff, F|100/100
|turn|33
|
|move|p2a: Slurpuff|Dazzling Gleam|p1a: Gurdurr
|-supereffective|p1a: Gurdurr
|-damage|p1a: Gurdurr|0 fnt
|faint|p1a: Gurdurr
|
|upkeep
|
|switch|p1a: Silvally|Silvally-Steel|50/100
|-damage|p1a: Silvally|44/100|[from] Stealth Rock
|turn|34
|
|move|p1a: Silvally|Swords Dance|p1a: Silvally
|-boost|p1a: Silvally|atk|2
|move|p2a: Slurpuff|Flamethrower|p1a: Silvally
|-supereffective|p1a: Silvally
|-damage|p1a: Silvally|0 fnt
|faint|p1a: Silvally
|
|win|Artemis_V13
|raw|12949usersonline's rating: 1376 &rarr; <strong>1358</strong><br />(-18 for losing)
|raw|Artemis_V13's rating: 1408 &rarr; <strong>1427</strong><br />(+19 for winning)
|l|☆Artemis_V13
