|j|‽Captain Squid 1
|j|☆Splashinganteater
|t:|1625001238
|gametype|singles
|player|p1|Captain Squid 1|biker-gen4|1190
|player|p2|Splashinganteater|palmer|1383
|teamsize|p1|6
|teamsize|p2|6
|gen|8
|tier|[Gen 8] RU
|rated|
|rule|Sleep Clause Mod: Limit one foe put to sleep
|rule|Species Clause: Limit one of each Pokémon
|rule|OHKO Clause: OHKO moves are banned
|rule|Evasion Moves Clause: Evasion moves are banned
|rule|Endless Battle Clause: Forcing endless battles is banned
|rule|HP Percentage Mod: HP is shown in percentages
|rule|Dynamax Clause: You cannot dynamax
|clearpoke
|poke|p1|Heracross, M|
|poke|p1|Raikou|
|poke|p1|Zarude|
|poke|p1|Togekiss, F|
|poke|p1|Steelix, M|
|poke|p1|Volcanion|
|poke|p2|Cresselia, F|
|poke|p2|Diancie|
|poke|p2|Cobalion|
|poke|p2|Gastrodon-East, M|
|poke|p2|Golisopod, M|
|poke|p2|Dhelmise|
|teampreview
|inactive|Battle timer is ON: inactive players will automatically lose when time's up. (requested by Captain Squid 1)
|
|t:|1625001250
|start
|switch|p1a: Zarude|Zarude|100/100
|switch|p2a: Golisopod|Golisopod, M|100/100
|turn|1
|
|t:|1625001256
|switch|p1a: Steelix|Steelix, M|100/100
|move|p2a: Golisopod|Knock Off|p1a: Steelix
|-damage|p1a: Steelix|82/100
|-enditem|p1a: Steelix|Leftovers|[from] move: Knock Off|[of] p2a: Golisopod
|
|upkeep
|turn|2
|
|t:|1625001265
|move|p2a: Golisopod|Liquidation|p1a: Steelix
|-supereffective|p1a: Steelix
|-damage|p1a: Steelix|35/100
|move|p1a: Steelix|Stealth Rock|p2a: Golisopod
|-sidestart|p2: Splashinganteater|move: Stealth Rock
|
|upkeep
|turn|3
|
|t:|1625001272
|move|p2a: Golisopod|Spikes|p1a: Steelix
|-sidestart|p1: Captain Squid 1|Spikes
|move|p1a: Steelix|Toxic|p2a: Golisopod
|-status|p2a: Golisopod|tox
|
|-damage|p2a: Golisopod|95/100 tox|[from] psn
|upkeep
|turn|4
|
|t:|1625001275
|switch|p1a: Volcanion|Volcanion|100/100
|move|p2a: Golisopod|Spikes|p1a: Volcanion
|-sidestart|p1: Captain Squid 1|Spikes
|
|-damage|p2a: Golisopod|83/100 tox|[from] psn
|upkeep
|turn|5
|
|t:|1625001279
|switch|p2a: Gastrodon|Gastrodon-East, M|100/100
|-damage|p2a: Gastrodon|94/100|[from] Stealth Rock
|move|p1a: Volcanion|Substitute|p1a: Volcanion
|-start|p1a: Volcanion|Substitute
|-damage|p1a: Volcanion|76/100
|
|-heal|p2a: Gastrodon|100/100|[from] item: Leftovers
|upkeep
|turn|6
|
|t:|1625001282
|move|p1a: Volcanion|Toxic|p2a: Gastrodon
|-status|p2a: Gastrodon|tox
|move|p2a: Gastrodon|Earth Power|p1a: Volcanion
|-supereffective|p1a: Volcanion
|-end|p1a: Volcanion|Substitute
|
|-damage|p2a: Gastrodon|94/100 tox|[from] psn
|upkeep
|turn|7
|
|t:|1625001288
|move|p1a: Volcanion|Substitute|p1a: Volcanion
|-start|p1a: Volcanion|Substitute
|-damage|p1a: Volcanion|51/100
|move|p2a: Gastrodon|Earth Power|p1a: Volcanion
|-supereffective|p1a: Volcanion
|-crit|p1a: Volcanion
|-end|p1a: Volcanion|Substitute
|
|-heal|p2a: Gastrodon|100/100 tox|[from] item: Leftovers
|-damage|p2a: Gastrodon|88/100 tox|[from] psn
|upkeep
|turn|8
|
|t:|1625001298
|switch|p1a: Steelix|Steelix, M|35/100
|-damage|p1a: Steelix|19/100|[from] Spikes
|move|p2a: Gastrodon|Earth Power|p1a: Steelix
|-supereffective|p1a: Steelix
|-damage|p1a: Steelix|0 fnt
|faint|p1a: Steelix
|
|-heal|p2a: Gastrodon|94/100 tox|[from] item: Leftovers
|-damage|p2a: Gastrodon|76/100 tox|[from] psn
|upkeep
|
|t:|1625001302
|switch|p1a: Zarude|Zarude|100/100
|-damage|p1a: Zarude|84/100|[from] Spikes
|turn|9
|
|t:|1625001309
|switch|p2a: Cobalion|Cobalion|100/100
|-damage|p2a: Cobalion|97/100|[from] Stealth Rock
|move|p1a: Zarude|U-turn|p2a: Cobalion
|-resisted|p2a: Cobalion
|-damage|p2a: Cobalion|92/100
|-damage|p1a: Zarude|67/100|[from] item: Rocky Helmet|[of] p2a: Cobalion
|
|t:|1625001313
|switch|p1a: Heracross|Heracross, M, shiny|100/100|[from]move: U-turn
|-damage|p1a: Heracross|84/100|[from] Spikes
|
|-status|p1a: Heracross|brn|[from] item: Flame Orb
|upkeep
|turn|10
|inactive|Splashinganteater has 120 seconds left.
|
|t:|1625001347
|move|p2a: Cobalion|Volt Switch|p1a: Heracross
|-damage|p1a: Heracross|69/100 brn
|
|t:|1625001349
|switch|p2a: Dhelmise|Dhelmise|100/100|[from]move: Volt Switch
|move|p1a: Heracross|Knock Off|p2a: Dhelmise
|-supereffective|p2a: Dhelmise
|-damage|p2a: Dhelmise|0 fnt
|-enditem|p2a: Dhelmise|Heavy-Duty Boots|[from] move: Knock Off|[of] p1a: Heracross
|faint|p2a: Dhelmise
|
|-damage|p1a: Heracross|63/100 brn|[from] brn
|upkeep
|inactive|Splashinganteater has 120 seconds left.
|
|t:|1625001362
|switch|p2a: Diancie|Diancie|100/100
|-damage|p2a: Diancie|88/100|[from] Stealth Rock
|turn|11
|inactive|Captain Squid 1 has 120 seconds left.
|
|t:|1625001418
|move|p1a: Heracross|Close Combat|p2a: Diancie
|-damage|p2a: Diancie|12/100
|-unboost|p1a: Heracross|def|1
|-unboost|p1a: Heracross|spd|1
|move|p2a: Diancie|Diamond Storm|p1a: Heracross
|-damage|p1a: Heracross|0 fnt
|faint|p1a: Heracross
|
|-heal|p2a: Diancie|18/100|[from] item: Leftovers
|upkeep
|
|t:|1625001428
|switch|p1a: Raikou|Raikou, shiny|100/100
|-ability|p1a: Raikou|Pressure
|turn|12
|
|t:|1625001433
|move|p1a: Raikou|Thunderbolt|p2a: Diancie
|-damage|p2a: Diancie|0 fnt
|faint|p2a: Diancie
|
|upkeep
|
|t:|1625001438
|switch|p2a: Gastrodon|Gastrodon-East, M|76/100 tox
|-damage|p2a: Gastrodon|70/100 tox|[from] Stealth Rock
|turn|13
|inactive|Captain Squid 1 has 120 seconds left.
|
|t:|1625001449
|switch|p1a: Togekiss|Togekiss, F, shiny|100/100
|move|p2a: Gastrodon|Recover|p2a: Gastrodon
|-heal|p2a: Gastrodon|100/100 tox
|
|-damage|p2a: Gastrodon|94/100 tox|[from] psn
|upkeep
|turn|14
|
|t:|1625001461
|switch|p2a: Golisopod|Golisopod, M|83/100 tox
|move|p1a: Togekiss|Air Slash|p2a: Golisopod
|-supereffective|p2a: Golisopod
|-damage|p2a: Golisopod|21/100 tox
|-activate|p2a: Golisopod|ability: Emergency Exit
|
|t:|1625001463
|switch|p2a: Cresselia|Cresselia, F, shiny|100/100
|-damage|p2a: Cresselia|88/100|[from] Stealth Rock
|
|-heal|p2a: Cresselia|94/100|[from] item: Leftovers
|upkeep
|turn|15
|
|t:|1625001472
|switch|p1a: Volcanion|Volcanion|51/100
|move|p2a: Cresselia|Substitute|p2a: Cresselia
|-start|p2a: Cresselia|Substitute
|-damage|p2a: Cresselia|69/100
|
|-heal|p2a: Cresselia|75/100|[from] item: Leftovers
|upkeep
|turn|16
|
|t:|1625001475
|move|p1a: Volcanion|Steam Eruption|p2a: Cresselia
|-end|p2a: Cresselia|Substitute
|move|p2a: Cresselia|Calm Mind|p2a: Cresselia
|-boost|p2a: Cresselia|spa|1
|-boost|p2a: Cresselia|spd|1
|
|-heal|p2a: Cresselia|82/100|[from] item: Leftovers
|upkeep
|turn|17
|
|t:|1625001481
|switch|p2a: Gastrodon|Gastrodon-East, M|94/100 tox
|-damage|p2a: Gastrodon|88/100 tox|[from] Stealth Rock
|move|p1a: Volcanion|Toxic|p2a: Gastrodon
|-fail|p2a: Gastrodon|tox
|
|-heal|p2a: Gastrodon|94/100 tox|[from] item: Leftovers
|-damage|p2a: Gastrodon|88/100 tox|[from] psn
|upkeep
|turn|18
|
|t:|1625001486
|switch|p1a: Togekiss|Togekiss, F, shiny|100/100
|move|p2a: Gastrodon|Earth Power|p1a: Togekiss
|-immune|p1a: Togekiss
|
|-heal|p2a: Gastrodon|94/100 tox|[from] item: Leftovers
|-damage|p2a: Gastrodon|82/100 tox|[from] psn
|upkeep
|turn|19
|
|t:|1625001489
|move|p1a: Togekiss|Air Slash|p2a: Gastrodon
|-damage|p2a: Gastrodon|53/100 tox
|cant|p2a: Gastrodon|flinch
|
|-heal|p2a: Gastrodon|59/100 tox|[from] item: Leftovers
|-damage|p2a: Gastrodon|40/100 tox|[from] psn
|upkeep
|turn|20
|
|t:|1625001494
|switch|p2a: Golisopod|Golisopod, M|21/100 tox
|move|p1a: Togekiss|Air Slash|p2a: Golisopod
|-supereffective|p2a: Golisopod
|-damage|p2a: Golisopod|0 fnt
|faint|p2a: Golisopod
|
|upkeep
|
|t:|1625001498
|switch|p2a: Cobalion|Cobalion|92/100
|-damage|p2a: Cobalion|89/100|[from] Stealth Rock
|turn|21
|
|t:|1625001501
|move|p2a: Cobalion|Iron Head|p1a: Togekiss
|-supereffective|p1a: Togekiss
|-damage|p1a: Togekiss|41/100
|move|p1a: Togekiss|Air Slash|p2a: Cobalion
|-crit|p2a: Cobalion
|-damage|p2a: Cobalion|32/100
|
|upkeep
|turn|22
|
|t:|1625001513
|switch|p1a: Raikou|Raikou, shiny|100/100
|-ability|p1a: Raikou|Pressure
|move|p2a: Cobalion|Iron Head|p1a: Raikou
|-resisted|p1a: Raikou
|-damage|p1a: Raikou|80/100
|
|upkeep
|turn|23
|
|t:|1625001519
|switch|p2a: Gastrodon|Gastrodon-East, M|40/100 tox
|-damage|p2a: Gastrodon|34/100 tox|[from] Stealth Rock
|move|p1a: Raikou|Thunderbolt|p2a: Gastrodon
|-immune|p2a: Gastrodon
|
|-heal|p2a: Gastrodon|40/100 tox|[from] item: Leftovers
|-damage|p2a: Gastrodon|34/100 tox|[from] psn
|upkeep
|turn|24
|
|t:|1625001523
|switch|p1a: Togekiss|Togekiss, F, shiny|41/100
|move|p2a: Gastrodon|Recover|p2a: Gastrodon
|-heal|p2a: Gastrodon|84/100 tox
|
|-heal|p2a: Gastrodon|90/100 tox|[from] item: Leftovers
|-damage|p2a: Gastrodon|78/100 tox|[from] psn
|upkeep
|turn|25
|
|t:|1625001537
|move|p1a: Togekiss|Air Slash|p2a: Gastrodon
|-damage|p2a: Gastrodon|48/100 tox
|cant|p2a: Gastrodon|flinch
|
|-heal|p2a: Gastrodon|54/100 tox|[from] item: Leftovers
|-damage|p2a: Gastrodon|35/100 tox|[from] psn
|upkeep
|turn|26
|
|t:|1625001550
|move|p1a: Togekiss|Air Slash|p2a: Gastrodon
|-damage|p2a: Gastrodon|7/100 tox
|move|p2a: Gastrodon|Earth Power|p1a: Togekiss
|-immune|p1a: Togekiss
|
|-heal|p2a: Gastrodon|13/100 tox|[from] item: Leftovers
|-damage|p2a: Gastrodon|0 fnt|[from] psn
|faint|p2a: Gastrodon
|upkeep
|
|t:|1625001552
|switch|p2a: Cresselia|Cresselia, F, shiny|82/100
|-damage|p2a: Cresselia|69/100|[from] Stealth Rock
|turn|27
|
|t:|1625001567
|switch|p1a: Volcanion|Volcanion|51/100
|switch|p2a: Cobalion|Cobalion|32/100
|-damage|p2a: Cobalion|29/100|[from] Stealth Rock
|
|upkeep
|turn|28
|
|t:|1625001574
|switch|p1a: Togekiss|Togekiss, F, shiny|41/100
|move|p2a: Cobalion|Close Combat|p1a: Togekiss
|-resisted|p1a: Togekiss
|-damage|p1a: Togekiss|29/100
|-unboost|p2a: Cobalion|def|1
|-unboost|p2a: Cobalion|spd|1
|
|upkeep
|turn|29
|
|t:|1625001582
|move|p2a: Cobalion|Iron Head|p1a: Togekiss
|-supereffective|p1a: Togekiss
|-damage|p1a: Togekiss|0 fnt
|faint|p1a: Togekiss
|
|upkeep
|
|t:|1625001585
|switch|p1a: Raikou|Raikou, shiny|80/100
|-ability|p1a: Raikou|Pressure
|turn|30
|
|t:|1625001588
|switch|p2a: Cresselia|Cresselia, F, shiny|69/100
|-damage|p2a: Cresselia|57/100|[from] Stealth Rock
|move|p1a: Raikou|Thunderbolt|p2a: Cresselia
|-damage|p2a: Cresselia|26/100
|-status|p2a: Cresselia|par
|
|-heal|p2a: Cresselia|33/100 par|[from] item: Leftovers
|upkeep
|turn|31
|-message|Splashinganteater forfeited.
|
|win|Captain Squid 1
|raw|Captain Squid 1's rating: 1190 &rarr; <strong>1228</strong><br />(+38 for winning)
|raw|Splashinganteater's rating: 1383 &rarr; <strong>1353</strong><br />(-30 for losing)
|l|☆Splashinganteater
||Ladder isn't responding, score probably updated but might not have (Request timeout).
