|raw|<div class="broadcast-blue"><strong>This battle is required to be public due to a player having a name starting with 'rult70'.</div>
|j|☆Rult70d ani
|j|☆acerolamywaifu
|t:|1626546159
|gametype|singles
|player|p1|Rult70d ani|pokemonrangerf-gen4|1405
|player|p2|acerolamywaifu|40|1295
|teamsize|p1|6
|teamsize|p2|6
|gen|8
|tier|[Gen 8] RU
|rated|
|rule|Sleep Clause Mod: Limit one foe put to sleep
|rule|Species Clause: Limit one of each Pokémon
|rule|OHKO Clause: OHKO moves are banned
|rule|Evasion Moves Clause: Evasion moves are banned
|rule|Endless Battle Clause: Forcing endless battles is banned
|rule|HP Percentage Mod: HP is shown in percentages
|rule|Dynamax Clause: You cannot dynamax
|clearpoke
|poke|p1|Diancie|
|poke|p1|Vileplume, M|
|poke|p1|Durant, M|
|poke|p1|Flygon, F|
|poke|p1|Volcanion|
|poke|p1|Xurkitree|
|poke|p2|Toxtricity, F|
|poke|p2|Obstagoon, M|
|poke|p2|Reuniclus, F|
|poke|p2|Weezing-Galar, M|
|poke|p2|Marowak-Alola, M|
|poke|p2|Heracross, F|
|teampreview
|inactive|Battle timer is ON: inactive players will automatically lose when time's up. (requested by Rult70d ani)
|j| Colombian Friend
|l| Colombian Friend
|inactive|Rult70d ani has 120 seconds left.
|
|t:|1626546200
|start
|switch|p1a: Diancie|Diancie|100/100
|switch|p2a: Toxtricity|Toxtricity, F|100/100
|turn|1
|
|t:|1626546203
|move|p2a: Toxtricity|Volt Switch|p1a: Diancie
|-damage|p1a: Diancie|66/100
|
|t:|1626546214
|switch|p2a: Obstagoon|Obstagoon, M|100/100|[from]move: Volt Switch
|move|p1a: Diancie|Diamond Storm|p2a: Obstagoon
|-damage|p2a: Obstagoon|64/100
|-boost|p1a: Diancie|def|2
|
|-heal|p1a: Diancie|72/100|[from] item: Leftovers
|-status|p2a: Obstagoon|brn|[from] item: Flame Orb
|upkeep
|turn|2
|
|t:|1626546229
|switch|p2a: Weezing|Weezing-Galar, M|100/100
|move|p1a: Diancie|Body Press|p2a: Weezing
|-resisted|p2a: Weezing
|-damage|p2a: Weezing|92/100
|
|-heal|p2a: Weezing|98/100|[from] item: Black Sludge
|-heal|p1a: Diancie|78/100|[from] item: Leftovers
|upkeep
|turn|3
|
|t:|1626546238
|switch|p1a: Volcanion|Volcanion|100/100
|move|p2a: Weezing|Will-O-Wisp|p1a: Volcanion
|-immune|p1a: Volcanion
|
|-heal|p2a: Weezing|100/100|[from] item: Black Sludge
|upkeep
|turn|4
|
|t:|1626546243
|switch|p2a: Reuniclus|Reuniclus, F|100/100
|move|p1a: Volcanion|Steam Eruption|p2a: Reuniclus
|-damage|p2a: Reuniclus|73/100
|
|upkeep
|turn|5
|
|t:|1626546246
|move|p1a: Volcanion|Toxic|p2a: Reuniclus
|-status|p2a: Reuniclus|tox
|move|p2a: Reuniclus|Knock Off|p1a: Volcanion
|-damage|p1a: Volcanion|84/100
|-enditem|p1a: Volcanion|Heavy-Duty Boots|[from] move: Knock Off|[of] p2a: Reuniclus
|
|-damage|p2a: Reuniclus|66/100 tox|[from] psn
|upkeep
|turn|6
|
|t:|1626546255
|move|p1a: Volcanion|Steam Eruption|p2a: Reuniclus
|-damage|p2a: Reuniclus|40/100 tox
|move|p2a: Reuniclus|Future Sight|p1a: Volcanion
|-start|p2a: Reuniclus|move: Future Sight
|
|-damage|p2a: Reuniclus|27/100 tox|[from] psn
|upkeep
|turn|7
|inactive|acerolamywaifu has 120 seconds left.
|
|t:|1626546300
|move|p1a: Volcanion|Steam Eruption|p2a: Reuniclus
|-damage|p2a: Reuniclus|1/100 tox
|move|p2a: Reuniclus|Psyshock|p1a: Volcanion
|-damage|p1a: Volcanion|48/100
|
|-damage|p2a: Reuniclus|0 fnt|[from] psn
|faint|p2a: Reuniclus
|upkeep
|
|t:|1626546322
|switch|p2a: Heracross|Heracross, F|100/100
|turn|8
|
|t:|1626546333
|switch|p1a: Diancie|Diancie|78/100
|move|p2a: Heracross|Close Combat|p1a: Diancie
|-damage|p1a: Diancie|34/100
|-unboost|p2a: Heracross|def|1
|-unboost|p2a: Heracross|spd|1
|
|-end|p1a: Diancie|move: Future Sight
|-damage|p1a: Diancie|0 fnt
|faint|p1a: Diancie
|upkeep
|
|t:|1626546340
|switch|p1a: Vileplume|Vileplume, M|100/100
|turn|9
|
|t:|1626546356
|switch|p2a: Marowak|Marowak-Alola, M|100/100
|switch|p1a: Durant|Durant, M|100/100
|
|upkeep
|turn|10
|
|t:|1626546360
|move|p1a: Durant|Stomping Tantrum|p2a: Marowak
|-supereffective|p2a: Marowak
|-damage|p2a: Marowak|9/100
|-damage|p1a: Durant|91/100|[from] item: Life Orb
|move|p2a: Marowak|Will-O-Wisp|p1a: Durant
|-status|p1a: Durant|brn
|
|-damage|p1a: Durant|85/100 brn|[from] brn
|upkeep
|turn|11
|
|t:|1626546370
|switch|p2a: Heracross|Heracross, F|100/100
|move|p1a: Durant|Iron Head|p2a: Heracross|[miss]
|-miss|p1a: Durant|p2a: Heracross
|
|-damage|p1a: Durant|78/100 brn|[from] brn
|upkeep
|turn|12
|inactive|acerolamywaifu has 120 seconds left.
|
|t:|1626546385
|switch|p1a: Vileplume|Vileplume, M|100/100
|move|p2a: Heracross|Knock Off|p1a: Vileplume
|-damage|p1a: Vileplume|77/100
|-enditem|p1a: Vileplume|Black Sludge|[from] move: Knock Off|[of] p2a: Heracross
|
|upkeep
|turn|13
|
|t:|1626546394
|switch|p2a: Marowak|Marowak-Alola, M|9/100
|switch|p1a: Flygon|Flygon, F|100/100
|
|upkeep
|turn|14
|
|t:|1626546397
|switch|p2a: Weezing|Weezing-Galar, M|100/100
|move|p1a: Flygon|U-turn|p2a: Weezing
|-resisted|p2a: Weezing
|-damage|p2a: Weezing|97/100
|
|t:|1626546399
|switch|p1a: Volcanion|Volcanion|48/100|[from]move: U-turn
|
|-heal|p2a: Weezing|100/100|[from] item: Black Sludge
|upkeep
|turn|15
|
|t:|1626546412
|switch|p2a: Marowak|Marowak-Alola, M|9/100
|move|p1a: Volcanion|Steam Eruption|p2a: Marowak
|-supereffective|p2a: Marowak
|-damage|p2a: Marowak|0 fnt
|faint|p2a: Marowak
|
|upkeep
|
|t:|1626546417
|switch|p2a: Obstagoon|Obstagoon, M|64/100 brn
|turn|16
|
|t:|1626546422
|switch|p1a: Durant|Durant, M|78/100 brn
|move|p2a: Obstagoon|Knock Off|p1a: Durant
|-damage|p1a: Durant|9/100 brn
|-enditem|p1a: Durant|Life Orb|[from] move: Knock Off|[of] p2a: Obstagoon
|
|-damage|p1a: Durant|3/100 brn|[from] brn
|-damage|p2a: Obstagoon|58/100 brn|[from] brn
|upkeep
|turn|17
|
|t:|1626546433
|switch|p2a: Heracross|Heracross, F|100/100
|move|p1a: Durant|Iron Head|p2a: Heracross|[miss]
|-miss|p1a: Durant|p2a: Heracross
|
|-damage|p1a: Durant|0 fnt|[from] brn
|faint|p1a: Durant
|upkeep
|
|t:|1626546438
|switch|p1a: Vileplume|Vileplume, M|77/100
|turn|18
|
|t:|1626546455
|switch|p2a: Toxtricity|Toxtricity, F|100/100
|move|p1a: Vileplume|Strength Sap|p2a: Toxtricity
|-unboost|p2a: Toxtricity|atk|1
|-heal|p1a: Vileplume|100/100
|
|upkeep
|turn|19
|
|t:|1626546466
|switch|p1a: Volcanion|Volcanion|48/100
|move|p2a: Toxtricity|Boomburst|p1a: Volcanion
|-damage|p1a: Volcanion|0 fnt
|faint|p1a: Volcanion
|
|upkeep
|
|t:|1626546468
|switch|p1a: Flygon|Flygon, F|100/100
|turn|20
|
|t:|1626546472
|switch|p2a: Weezing|Weezing-Galar, M|100/100
|move|p1a: Flygon|U-turn|p2a: Weezing
|-resisted|p2a: Weezing
|-damage|p2a: Weezing|97/100
|
|t:|1626546474
|switch|p1a: Xurkitree|Xurkitree|100/100|[from]move: U-turn
|
|-heal|p2a: Weezing|100/100|[from] item: Black Sludge
|upkeep
|turn|21
|
|t:|1626546496
|move|p1a: Xurkitree|Thunderbolt|p2a: Weezing
|-damage|p2a: Weezing|24/100
|move|p2a: Weezing|Will-O-Wisp|p1a: Xurkitree
|-status|p1a: Xurkitree|brn
|
|-heal|p2a: Weezing|30/100|[from] item: Black Sludge
|-damage|p1a: Xurkitree|94/100 brn|[from] brn
|upkeep
|turn|22
|
|t:|1626546517
|switch|p2a: Obstagoon|Obstagoon, M|58/100 brn
|move|p1a: Xurkitree|Volt Switch|p2a: Obstagoon
|-damage|p2a: Obstagoon|1/100 brn
|
|t:|1626546519
|switch|p1a: Flygon|Flygon, F|100/100|[from]move: Volt Switch
|
|-damage|p2a: Obstagoon|0 fnt|[from] brn
|faint|p2a: Obstagoon
|upkeep
|
|t:|1626546523
|switch|p2a: Weezing|Weezing-Galar, M|30/100
|turn|23
|
|t:|1626546532
|move|p1a: Flygon|U-turn|p2a: Weezing
|-resisted|p2a: Weezing
|-damage|p2a: Weezing|27/100
|
|t:|1626546534
|switch|p1a: Xurkitree|Xurkitree|94/100 brn|[from]move: U-turn
|move|p2a: Weezing|Pain Split|p1a: Xurkitree
|-sethp|p1a: Xurkitree|62/100 brn|[from] move: Pain Split|[silent]
|-sethp|p2a: Weezing|57/100|[from] move: Pain Split
|
|-heal|p2a: Weezing|63/100|[from] item: Black Sludge
|-damage|p1a: Xurkitree|56/100 brn|[from] brn
|upkeep
|turn|24
|inactive|Rult70d ani has 120 seconds left.
|
|t:|1626546566
|switch|p2a: Toxtricity|Toxtricity, F|100/100
|move|p1a: Xurkitree|Volt Switch|p2a: Toxtricity
|-resisted|p2a: Toxtricity
|-damage|p2a: Toxtricity|66/100
|
|t:|1626546568
|switch|p1a: Flygon|Flygon, F|100/100|[from]move: Volt Switch
|
|upkeep
|turn|25
|
|t:|1626546579
|switch|p2a: Heracross|Heracross, F|100/100
|move|p1a: Flygon|Earthquake|p2a: Heracross
|-resisted|p2a: Heracross
|-damage|p2a: Heracross|71/100
|
|upkeep
|turn|26
|inactive|Rult70d ani has 120 seconds left.
|
|t:|1626546598
|move|p1a: Flygon|Earthquake|p2a: Heracross
|-resisted|p2a: Heracross
|-damage|p2a: Heracross|38/100
|move|p2a: Heracross|Megahorn|p1a: Flygon
|-damage|p1a: Flygon|13/100
|
|upkeep
|turn|27
|
|t:|1626546604
|switch|p1a: Vileplume|Vileplume, M|100/100
|move|p2a: Heracross|Megahorn|p1a: Vileplume
|-damage|p1a: Vileplume|55/100
|-status|p2a: Heracross|psn|[from] ability: Effect Spore|[of] p1a: Vileplume
|
|-damage|p2a: Heracross|25/100 psn|[from] psn
|upkeep
|turn|28
|
|t:|1626546613
|switch|p2a: Toxtricity|Toxtricity, F|66/100
|move|p1a: Vileplume|Sludge Bomb|p2a: Toxtricity
|-resisted|p2a: Toxtricity
|-damage|p2a: Toxtricity|38/100
|
|upkeep
|turn|29
|
|t:|1626546620
|move|p2a: Toxtricity|Boomburst|p1a: Vileplume
|-damage|p1a: Vileplume|0 fnt
|faint|p1a: Vileplume
|
|upkeep
|inactive|Rult70d ani has 120 seconds left.
|
|t:|1626546650
|switch|p1a: Xurkitree|Xurkitree|56/100 brn
|turn|30
|
|t:|1626546668
|move|p1a: Xurkitree|Thunderbolt|p2a: Toxtricity
|-resisted|p2a: Toxtricity
|-crit|p2a: Toxtricity
|-damage|p2a: Toxtricity|0 fnt
|faint|p2a: Toxtricity
|-ability|p1a: Xurkitree|Beast Boost|boost
|-boost|p1a: Xurkitree|spa|1
|
|-damage|p1a: Xurkitree|49/100 brn|[from] brn
|upkeep
|
|t:|1626546672
|switch|p2a: Heracross|Heracross, F|25/100 psn
|turn|31
|
|t:|1626546678
|move|p2a: Heracross|Close Combat|p1a: Xurkitree
|-damage|p1a: Xurkitree|0 fnt
|-unboost|p2a: Heracross|def|1
|-unboost|p2a: Heracross|spd|1
|faint|p1a: Xurkitree
|-ability|p2a: Heracross|Moxie|boost
|-boost|p2a: Heracross|atk|1
|
|-damage|p2a: Heracross|13/100 psn|[from] psn
|upkeep
|
|t:|1626546681
|switch|p1a: Flygon|Flygon, F|13/100
|turn|32
|
|t:|1626546683
|move|p1a: Flygon|Stone Edge|p2a: Heracross
|-damage|p2a: Heracross|0 fnt
|faint|p2a: Heracross
|
|upkeep
|
|t:|1626546686
|switch|p2a: Weezing|Weezing-Galar, M|63/100
|turn|33
|
|t:|1626546691
|move|p1a: Flygon|Stone Edge|p2a: Weezing|[miss]
|-miss|p1a: Flygon|p2a: Weezing
|move|p2a: Weezing|Strange Steam|p1a: Flygon
|-supereffective|p1a: Flygon
|-damage|p1a: Flygon|0 fnt
|faint|p1a: Flygon
|
|win|acerolamywaifu
|raw|Rult70d ani's rating: 1405 &rarr; <strong>1379</strong><br />(-26 for losing)
|raw|acerolamywaifu's rating: 1296 &rarr; <strong>1329</strong><br />(+33 for winning)
|l|☆Rult70d ani
