|j|☆literallyfreemoney
|j|☆tritonzon
|t:|1628587020
|gametype|singles
|player|p1|literallyfreemoney|17|1192
|player|p2|tritonzon|red|1234
|teamsize|p1|6
|teamsize|p2|6
|gen|8
|tier|[Gen 8] RU
|rated|
|rule|Sleep Clause Mod: Limit one foe put to sleep
|rule|Species Clause: Limit one of each Pokémon
|rule|OHKO Clause: OHKO moves are banned
|rule|Evasion Moves Clause: Evasion moves are banned
|rule|Endless Battle Clause: Forcing endless battles is banned
|rule|HP Percentage Mod: HP is shown in percentages
|rule|Dynamax Clause: You cannot dynamax
|clearpoke
|poke|p1|Weezing-Galar, M|
|poke|p1|Mienshao, F|
|poke|p1|Sigilyph, F|
|poke|p1|Metagross|
|poke|p1|Noivern, M|
|poke|p1|Lurantis, F|
|poke|p2|Klefki, M|
|poke|p2|Necrozma|
|poke|p2|Mimikyu, M|
|poke|p2|Sharpedo, M|
|poke|p2|Toxtricity, M|
|poke|p2|Cloyster, M|
|teampreview
|c|☆literallyfreemoney|gl hf
|c|☆tritonzon|hi
|
|t:|1628587066
|start
|switch|p1a: Lurantis|Lurantis, F|100/100
|switch|p2a: Klefki|Klefki, M, shiny|100/100
|turn|1
|
|t:|1628587072
|move|p2a: Klefki|Spikes|p1a: Lurantis
|-sidestart|p1: literallyfreemoney|Spikes
|move|p1a: Lurantis|Superpower|p2a: Klefki
|-crit|p2a: Klefki
|-damage|p2a: Klefki|65/100
|-boost|p1a: Lurantis|atk|1
|-boost|p1a: Lurantis|def|1
|
|upkeep
|turn|2
|
|t:|1628587077
|move|p2a: Klefki|Thunder Wave|p1a: Lurantis
|-status|p1a: Lurantis|par
|move|p1a: Lurantis|Superpower|p2a: Klefki
|-damage|p2a: Klefki|32/100
|-boost|p1a: Lurantis|atk|1
|-boost|p1a: Lurantis|def|1
|
|upkeep
|turn|3
|
|t:|1628587082
|move|p2a: Klefki|Spikes|p1a: Lurantis
|-sidestart|p1: literallyfreemoney|Spikes
|move|p1a: Lurantis|Superpower|p2a: Klefki
|-damage|p2a: Klefki|0 fnt
|-boost|p1a: Lurantis|atk|1
|-boost|p1a: Lurantis|def|1
|faint|p2a: Klefki
|
|upkeep
|
|t:|1628587102
|switch|p2a: Necrozma|Necrozma, shiny|100/100
|turn|4
|
|t:|1628587117
|move|p2a: Necrozma|Autotomize|p2a: Necrozma
|-boost|p2a: Necrozma|spe|2
|-start|p2a: Necrozma|Autotomize
|move|p1a: Lurantis|Knock Off|p2a: Necrozma
|-supereffective|p2a: Necrozma
|-damage|p2a: Necrozma|25/100
|-enditem|p2a: Necrozma|Weakness Policy
|-boost|p2a: Necrozma|atk|2|[from] item: Weakness Policy
|-boost|p2a: Necrozma|spa|2|[from] item: Weakness Policy
|
|upkeep
|turn|5
|
|t:|1628587126
|move|p2a: Necrozma|Heat Wave|p1a: Lurantis
|-supereffective|p1a: Lurantis
|-damage|p1a: Lurantis|0 fnt
|faint|p1a: Lurantis
|
|upkeep
|
|t:|1628587132
|switch|p1a: Metagross|Metagross|100/100
|-damage|p1a: Metagross|84/100|[from] Spikes
|turn|6
|
|t:|1628587135
|move|p1a: Metagross|Bullet Punch|p2a: Necrozma
|-damage|p2a: Necrozma|1/100
|move|p2a: Necrozma|Heat Wave|p1a: Metagross
|-supereffective|p1a: Metagross
|-damage|p1a: Metagross|0 fnt
|faint|p1a: Metagross
|
|upkeep
|
|t:|1628587140
|switch|p1a: Sigilyph|Sigilyph, F|100/100
|turn|7
|
|t:|1628587146
|move|p2a: Necrozma|Heat Wave|p1a: Sigilyph
|-damage|p1a: Sigilyph|0 fnt
|faint|p1a: Sigilyph
|
|upkeep
|
|t:|1628587152
|switch|p1a: Mienshao|Mienshao, F|100/100
|-damage|p1a: Mienshao|84/100|[from] Spikes
|turn|8
|
|t:|1628587155
|move|p2a: Necrozma|Photon Geyser|p1a: Mienshao
|-supereffective|p1a: Mienshao
|-damage|p1a: Mienshao|0 fnt
|faint|p1a: Mienshao
|
|upkeep
|c|☆literallyfreemoney|gg
|-message|literallyfreemoney forfeited.
|
|win|tritonzon
|raw|literallyfreemoney's rating: 1192 &rarr; <strong>1170</strong><br />(-22 for losing)
|raw|tritonzon's rating: 1234 &rarr; <strong>1256</strong><br />(+22 for winning)
|l|☆literallyfreemoney
|c|☆tritonzon|gg
