|j|☆one step from eden
|j|☆Bloody Leaves
|player|p1|one step from eden|morty-gen2|1408
|player|p2|Bloody Leaves|red|1102
|teamsize|p1|6
|teamsize|p2|6
|gametype|singles
|gen|8
|tier|[Gen 8] RU
|rated|
|clearpoke
|poke|p1|Xatu, F|
|poke|p1|Linoone, M|
|poke|p1|Golurk|
|poke|p1|Whimsicott, M|
|poke|p1|Silvally-*|
|poke|p1|Charizard, M|
|poke|p2|Charizard, M|
|poke|p2|Charmeleon, M|
|poke|p2|Mr. Mime-Galar, M|
|poke|p2|Snorlax, M|
|poke|p2|Runerigus, M|
|poke|p2|Lapras, F|
|rule|Sleep Clause Mod: Limit one foe put to sleep
|rule|Species Clause: Limit one of each Pokémon
|rule|OHKO Clause: OHKO moves are banned
|rule|Evasion Moves Clause: Evasion moves are banned
|rule|Endless Battle Clause: Forcing endless battles is banned
|rule|HP Percentage Mod: HP is shown in percentages
|rule|Dynamax Clause: You cannot dynamax
|teampreview
|inactive|Battle timer is ON: inactive players will automatically lose when time's up. (requested by Bloody Leaves)
|
|start
|switch|p1a: Golurk|Golurk|100/100
|switch|p2a: Charmeleon|Charmeleon, M|100/100
|turn|1
|
|switch|p2a: Charizard|Charizard, M|100/100
|move|p1a: Golurk|Earthquake|p2a: Charizard
|-immune|p2a: Charizard
|
|upkeep
|turn|2
|
|move|p2a: Charizard|Fire Blast|p1a: Golurk
|-damage|p1a: Golurk|29/100
|move|p1a: Golurk|Stone Edge|p2a: Charizard
|-supereffective|p2a: Charizard
|-damage|p2a: Charizard|0 fnt
|faint|p2a: Charizard
|
|upkeep
|
|switch|p2a: Charmeleon|Charmeleon, M|100/100
|turn|3
|
|move|p2a: Charmeleon|Belly Drum|p2a: Charmeleon
|-damage|p2a: Charmeleon|50/100
|-setboost|p2a: Charmeleon|atk|6|[from] move: Belly Drum
|-enditem|p2a: Charmeleon|Sitrus Berry|[eat]
|-heal|p2a: Charmeleon|75/100|[from] item: Sitrus Berry
|move|p1a: Golurk|Stealth Rock|p2a: Charmeleon
|-sidestart|p2: Bloody Leaves|move: Stealth Rock
|
|upkeep
|turn|4
|
|move|p2a: Charmeleon|Flame Charge|p1a: Golurk
|-damage|p1a: Golurk|0 fnt
|-boost|p2a: Charmeleon|spe|1
|faint|p1a: Golurk
|
|upkeep
|
|switch|p1a: Charizard|Charizard, M|100/100
|turn|5
|
|move|p2a: Charmeleon|Acrobatics|p1a: Charizard
|-damage|p1a: Charizard|0 fnt
|faint|p1a: Charizard
|
|upkeep
|
|switch|p1a: Silvally|Silvally-Dark|100/100
|turn|6
|
|move|p2a: Charmeleon|Acrobatics|p1a: Silvally
|-damage|p1a: Silvally|0 fnt
|faint|p1a: Silvally
|
|upkeep
|-message|one step from eden forfeited.
|
|win|Bloody Leaves
|l|☆one step from eden
