|j|☆hjkhj ㋛
|j|☆mushamu
|inactive|Battle timer is ON: inactive players will automatically lose when time's up.
|t:|1663380846
|gametype|singles
|player|p1|hjkhj ㋛|266|
|player|p2|mushamu|erika-masters|
|teamsize|p1|6
|teamsize|p2|6
|gen|8
|tier|[Gen 8] RU
|rated|Tournament battle
|rule|Sleep Clause Mod: Limit one foe put to sleep
|rule|Species Clause: Limit one of each Pokémon
|rule|OHKO Clause: OHKO moves are banned
|rule|Evasion Items Clause: Evasion items are banned
|rule|Evasion Moves Clause: Evasion moves are banned
|rule|Endless Battle Clause: Forcing endless battles is banned
|rule|HP Percentage Mod: HP is shown in percentages
|rule|Dynamax Clause: You cannot dynamax
|clearpoke
|poke|p1|Weezing-Galar, F|
|poke|p1|Crobat, M|
|poke|p1|Steelix, F|
|poke|p1|Milotic, M|
|poke|p1|Audino, M|
|poke|p1|Xatu, M|
|poke|p2|Gardevoir, F|
|poke|p2|Dhelmise|
|poke|p2|Noivern, F|
|poke|p2|Registeel|
|poke|p2|Gastrodon-East, M|
|poke|p2|Heracross, M|
|teampreview
|j|*Lady Monita
|j| BB-8-NU
|inactive|hjkhj ㋛ also wants the timer to be on.
|j| Carloos
|c|☆mushamu|hf
|j| EGAWalreins
|j| thecrownedmoon
|c|☆hjkhj ㋛|u2
|j| RoyalReloaded
|l| RoyalReloaded
|j| BLACK NOlR
|j| AllureAznable
|inactive|hjkhj ㋛ has 120 seconds left.
|
|t:|1663380879
|start
|switch|p1a: Steelix|Steelix, F|100/100
|switch|p2a: Gardevoir|Gardevoir, F|100/100
|-ability|p2a: Gardevoir|Sturdy|[from] ability: Trace|[of] p1a: Steelix
|turn|1
|
|t:|1663380885
|move|p2a: Gardevoir|Trick|p1a: Steelix
|-activate|p2a: Gardevoir|move: Trick|[of] p1a: Steelix
|-item|p1a: Steelix|Choice Scarf|[from] move: Trick
|-item|p2a: Gardevoir|Leftovers|[from] move: Trick
|move|p1a: Steelix|Heavy Slam|p2a: Gardevoir
|-supereffective|p2a: Gardevoir
|-ability|p2a: Gardevoir|Sturdy
|-damage|p2a: Gardevoir|1/100
|
|-heal|p2a: Gardevoir|7/100|[from] item: Leftovers
|upkeep
|turn|2
|j| Taco Darkrai
|j| durarararara
|j| goinforasmoke
|
|t:|1663380913
|switch|p2a: Registeel|Registeel|100/100
|move|p1a: Steelix|Heavy Slam|p2a: Registeel
|-resisted|p2a: Registeel
|-damage|p2a: Registeel|97/100
|
|-heal|p2a: Registeel|100/100|[from] item: Leftovers
|upkeep
|turn|3
|
|t:|1663380917
|switch|p2a: Gardevoir|Gardevoir, F|7/100
|-ability|p2a: Gardevoir|Sturdy|[from] ability: Trace|[of] p1a: Steelix
|move|p1a: Steelix|Heavy Slam|p2a: Gardevoir
|-supereffective|p2a: Gardevoir
|-damage|p2a: Gardevoir|0 fnt
|faint|p2a: Gardevoir
|
|upkeep
|c|☆mushamu|ah
|
|t:|1663380924
|switch|p2a: Registeel|Registeel|100/100
|turn|4
|
|t:|1663380927
|switch|p1a: Xatu|Xatu, M|100/100
|move|p2a: Registeel|Seismic Toss|p1a: Xatu
|-damage|p1a: Xatu|70/100
|-damage|p2a: Registeel|84/100|[from] item: Rocky Helmet|[of] p1a: Xatu
|
|-heal|p2a: Registeel|90/100|[from] item: Leftovers
|upkeep
|turn|5
|
|t:|1663380931
|switch|p2a: Dhelmise|Dhelmise|100/100
|move|p1a: Xatu|Roost|p1a: Xatu
|-heal|p1a: Xatu|100/100
|-singleturn|p1a: Xatu|move: Roost
|
|upkeep
|turn|6
|
|t:|1663380937
|switch|p1a: Steelix|Steelix, F|100/100
|move|p2a: Dhelmise|Poltergeist|p1a: Steelix
|-activate|p1a: Steelix|move: Poltergeist|Choice Scarf
|-damage|p1a: Steelix|67/100
|
|upkeep
|turn|7
|
|t:|1663380944
|switch|p2a: Registeel|Registeel|90/100
|move|p1a: Steelix|Toxic|p2a: Registeel
|-immune|p2a: Registeel
|
|-heal|p2a: Registeel|96/100|[from] item: Leftovers
|upkeep
|turn|8
|
|t:|1663380956
|switch|p1a: Xatu|Xatu, M|100/100
|move|p2a: Registeel|Stealth Rock|p1a: Xatu
|move|p1a: Xatu|Stealth Rock|p2a: Registeel|[from]ability: Magic Bounce
|-sidestart|p2: mushamu|move: Stealth Rock
|
|-heal|p2a: Registeel|100/100|[from] item: Leftovers
|upkeep
|turn|9
|
|t:|1663380959
|switch|p2a: Dhelmise|Dhelmise|100/100
|move|p1a: Xatu|Heat Wave|p2a: Dhelmise
|-supereffective|p2a: Dhelmise
|-damage|p2a: Dhelmise|49/100
|
|upkeep
|turn|10
|
|t:|1663380972
|switch|p2a: Gastrodon|Gastrodon-East, M|100/100
|-damage|p2a: Gastrodon|94/100|[from] Stealth Rock
|move|p1a: Xatu|Heat Wave|p2a: Gastrodon
|-resisted|p2a: Gastrodon
|-damage|p2a: Gastrodon|85/100
|
|upkeep
|turn|11
|
|t:|1663380979
|switch|p1a: Audino|Audino, M|100/100
|move|p2a: Gastrodon|Ice Beam|p1a: Audino
|-damage|p1a: Audino|87/100
|
|upkeep
|turn|12
|
|t:|1663380990
|move|p1a: Audino|Knock Off|p2a: Gastrodon
|-damage|p2a: Gastrodon|73/100
|-damage|p1a: Audino|70/100|[from] item: Rocky Helmet|[of] p2a: Gastrodon
|-activate|p2a: Gastrodon|ability: Sticky Hold
|move|p2a: Gastrodon|Toxic|p1a: Audino
|-status|p1a: Audino|tox
|
|-damage|p1a: Audino|64/100 tox|[from] psn
|upkeep
|turn|13
|l| AllureAznable
|j| Gen8BattleFactory
|
|t:|1663381006
|switch|p2a: Heracross|Heracross, M|100/100
|move|p1a: Audino|Encore||[still]
|-fail|p1a: Audino
|
|-damage|p1a: Audino|52/100 tox|[from] psn
|upkeep
|turn|14
|
|t:|1663381010
|switch|p1a: Weezing|Weezing-Galar, F|100/100
|-ability|p1a: Weezing|Neutralizing Gas
|move|p2a: Heracross|Knock Off|p1a: Weezing
|-resisted|p1a: Weezing
|-damage|p1a: Weezing|90/100
|-damage|p2a: Heracross|84/100|[from] item: Rocky Helmet|[of] p1a: Weezing
|-enditem|p1a: Weezing|Rocky Helmet|[from] move: Knock Off|[of] p2a: Heracross
|
|upkeep
|turn|15
|
|t:|1663381015
|switch|p2a: Gastrodon|Gastrodon-East, M|73/100
|-damage|p2a: Gastrodon|67/100|[from] Stealth Rock
|move|p1a: Weezing|Strange Steam|p2a: Gastrodon
|-damage|p2a: Gastrodon|40/100
|
|upkeep
|turn|16
|
|t:|1663381018
|move|p1a: Weezing|Corrosive Gas|p2a: Gastrodon
|-enditem|p2a: Gastrodon|Rocky Helmet|[from] move: Corrosive Gas|[of] p1a: Weezing
|move|p2a: Gastrodon|Recover|p2a: Gastrodon
|-heal|p2a: Gastrodon|90/100
|
|upkeep
|turn|17
|j| DOOR MONEY
|j| NotAnHacker
|
|t:|1663381025
|-end|p1a: Weezing|ability: Neutralizing Gas
|switch|p1a: Audino|Audino, M|85/100 tox
|move|p2a: Gastrodon|Earth Power|p1a: Audino
|-damage|p1a: Audino|66/100 tox
|
|-damage|p1a: Audino|60/100 tox|[from] psn
|upkeep
|turn|18
|
|t:|1663381028
|move|p1a: Audino|Wish|p1a: Audino
|move|p2a: Gastrodon|Earth Power|p1a: Audino
|-damage|p1a: Audino|42/100 tox
|
|-damage|p1a: Audino|30/100 tox|[from] psn
|upkeep
|turn|19
|j| Keldeo
|
|t:|1663381032
|switch|p1a: Milotic|Milotic, M|100/100
|move|p2a: Gastrodon|Ice Beam|p1a: Milotic
|-resisted|p1a: Milotic
|-damage|p1a: Milotic|93/100
|
|-heal|p1a: Milotic|100/100|[from] move: Wish|[wisher] Audino
|upkeep
|turn|20
|
|t:|1663381035
|switch|p1a: Xatu|Xatu, M|100/100
|switch|p2a: Registeel|Registeel|100/100
|-damage|p2a: Registeel|94/100|[from] Stealth Rock
|
|-heal|p2a: Registeel|100/100|[from] item: Leftovers
|upkeep
|turn|21
|
|t:|1663381043
|switch|p2a: Noivern|Noivern, F|100/100
|move|p1a: Xatu|Calm Mind|p1a: Xatu
|-boost|p1a: Xatu|spa|1
|-boost|p1a: Xatu|spd|1
|
|upkeep
|turn|22
|
|t:|1663381053
|move|p2a: Noivern|Draco Meteor|p1a: Xatu
|-damage|p1a: Xatu|49/100
|-unboost|p2a: Noivern|spa|2
|move|p1a: Xatu|Psychic|p2a: Noivern
|-damage|p2a: Noivern|38/100
|
|upkeep
|turn|23
|
|t:|1663381056
|move|p2a: Noivern|U-turn|p1a: Xatu
|-damage|p1a: Xatu|36/100
|-damage|p2a: Noivern|21/100|[from] item: Rocky Helmet|[of] p1a: Xatu
|
|t:|1663381059
|switch|p2a: Heracross|Heracross, M|84/100|[from]move: U-turn
|move|p1a: Xatu|Roost|p1a: Xatu
|-heal|p1a: Xatu|86/100
|-singleturn|p1a: Xatu|move: Roost
|
|upkeep
|turn|24
|
|t:|1663381071
|move|p1a: Xatu|Psychic|p2a: Heracross
|-supereffective|p2a: Heracross
|-damage|p2a: Heracross|0 fnt
|faint|p2a: Heracross
|
|upkeep
|
|t:|1663381078
|switch|p2a: Noivern|Noivern, F|21/100
|turn|25
|
|t:|1663381080
|move|p2a: Noivern|Draco Meteor|p1a: Xatu
|-damage|p1a: Xatu|39/100
|-unboost|p2a: Noivern|spa|2
|move|p1a: Xatu|Psychic|p2a: Noivern
|-damage|p2a: Noivern|0 fnt
|faint|p2a: Noivern
|
|upkeep
|
|t:|1663381092
|switch|p2a: Gastrodon|Gastrodon-East, M|90/100
|-damage|p2a: Gastrodon|84/100|[from] Stealth Rock
|turn|26
|
|t:|1663381093
|move|p1a: Xatu|Roost|p1a: Xatu
|-heal|p1a: Xatu|89/100
|-singleturn|p1a: Xatu|move: Roost
|move|p2a: Gastrodon|Ice Beam|p1a: Xatu
|-damage|p1a: Xatu|73/100
|
|upkeep
|turn|27
|
|t:|1663381097
|move|p1a: Xatu|Roost|p1a: Xatu
|-heal|p1a: Xatu|100/100
|-singleturn|p1a: Xatu|move: Roost
|move|p2a: Gastrodon|Ice Beam|p1a: Xatu
|-damage|p1a: Xatu|83/100
|
|upkeep
|turn|28
|
|t:|1663381099
|move|p1a: Xatu|Calm Mind|p1a: Xatu
|-boost|p1a: Xatu|spa|1
|-boost|p1a: Xatu|spd|1
|move|p2a: Gastrodon|Ice Beam|p1a: Xatu
|-supereffective|p1a: Xatu
|-damage|p1a: Xatu|56/100
|
|upkeep
|turn|29
|
|t:|1663381101
|move|p1a: Xatu|Psychic|p2a: Gastrodon
|-damage|p2a: Gastrodon|28/100
|move|p2a: Gastrodon|Ice Beam|p1a: Xatu
|-supereffective|p1a: Xatu
|-damage|p1a: Xatu|32/100
|-status|p1a: Xatu|frz
|
|upkeep
|turn|30
|
|t:|1663381106
|cant|p1a: Xatu|frz
|move|p2a: Gastrodon|Ice Beam|p1a: Xatu
|-supereffective|p1a: Xatu
|-damage|p1a: Xatu|6/100 frz
|
|upkeep
|turn|31
|
|t:|1663381116
|-curestatus|p1a: Xatu|frz|[msg]
|move|p1a: Xatu|Psychic|p2a: Gastrodon
|-damage|p2a: Gastrodon|0 fnt
|faint|p2a: Gastrodon
|
|upkeep
|
|t:|1663381119
|switch|p2a: Registeel|Registeel|100/100
|-damage|p2a: Registeel|94/100|[from] Stealth Rock
|turn|32
|
|t:|1663381122
|move|p1a: Xatu|Roost|p1a: Xatu
|-heal|p1a: Xatu|56/100
|-singleturn|p1a: Xatu|move: Roost
|move|p2a: Registeel|Seismic Toss|p1a: Xatu
|-damage|p1a: Xatu|26/100
|-damage|p2a: Registeel|78/100|[from] item: Rocky Helmet|[of] p1a: Xatu
|
|-heal|p2a: Registeel|84/100|[from] item: Leftovers
|upkeep
|turn|33
|
|t:|1663381131
|move|p1a: Xatu|Roost|p1a: Xatu
|-heal|p1a: Xatu|76/100
|-singleturn|p1a: Xatu|move: Roost
|move|p2a: Registeel|Heavy Slam|p1a: Xatu
|-damage|p1a: Xatu|34/100
|-damage|p2a: Registeel|68/100|[from] item: Rocky Helmet|[of] p1a: Xatu
|
|-heal|p2a: Registeel|74/100|[from] item: Leftovers
|upkeep
|turn|34
|c|☆mushamu|gg
|c|☆hjkhj ㋛|gg
|-message|mushamu forfeited.
|
|win|hjkhj ㋛
|n|☆hjkhj ㋛|hjkhj
|n|☆mushamu|mushamu
|n|*Lady Monita|ladymonita
|n| BB-8-NU|bb8nu
|n| Carloos|carloos
|n| EGAWalreins|egawalreins
|n| thecrownedmoon|thecrownedmoon
|n| BLACK NOlR|blacknolr
|n| Taco Darkrai|tacodarkrai
|n| durarararara|durarararara
|n| goinforasmoke|goinforasmoke
|n| Gen8BattleFactory|gen8battlefactory
|n| DOOR MONEY|doormoney
|n| NotAnHacker|notanhacker
|n| Keldeo|keldeo
|l|*Lady Monita
|l| BB-8-NU
