|j|☆Ambidexx
|j|☆CynthiaBlueheart
|t:|1654026550
|gametype|singles
|player|p1|Ambidexx|dahlia|1209
|player|p2|CynthiaBlueheart|clair|1280
|teamsize|p1|6
|teamsize|p2|6
|gen|8
|tier|[Gen 8] RU
|rated|
|rule|Sleep Clause Mod: Limit one foe put to sleep
|rule|Species Clause: Limit one of each Pokémon
|rule|OHKO Clause: OHKO moves are banned
|rule|Evasion Moves Clause: Evasion moves are banned
|rule|Endless Battle Clause: Forcing endless battles is banned
|rule|HP Percentage Mod: HP is shown in percentages
|rule|Dynamax Clause: You cannot dynamax
|clearpoke
|poke|p1|Xurkitree|
|poke|p1|Roserade, F|
|poke|p1|Nidoqueen, F|
|poke|p1|Milotic, M|
|poke|p1|Entei|
|poke|p1|Pangoro, M|
|poke|p2|Entei|
|poke|p2|Gardevoir, F|
|poke|p2|Heracross, M|
|poke|p2|Registeel|
|poke|p2|Weezing-Galar, F|
|poke|p2|Reuniclus, F|
|teampreview
|inactive|Battle timer is ON: inactive players will automatically lose when time's up. (requested by CynthiaBlueheart)
|
|t:|1654026570
|start
|switch|p1a: Xurkitree|Xurkitree|100/100
|switch|p2a: Entei|Entei|100/100
|-ability|p2a: Entei|Pressure
|turn|1
|
|t:|1654026578
|move|p1a: Xurkitree|Volt Switch|p2a: Entei
|-damage|p2a: Entei|51/100
|
|t:|1654026582
|switch|p1a: Milotic|Milotic, M|100/100|[from]move: Volt Switch
|move|p2a: Entei|Stomping Tantrum|p1a: Milotic
|-damage|p1a: Milotic|73/100
|
|-status|p1a: Milotic|brn|[from] item: Flame Orb
|upkeep
|turn|2
|
|t:|1654026590
|switch|p2a: Reuniclus|Reuniclus, F|100/100
|move|p1a: Milotic|Flip Turn|p2a: Reuniclus
|-damage|p2a: Reuniclus|93/100
|
|t:|1654026595
|switch|p1a: Pangoro|Pangoro, M|100/100|[from]move: Flip Turn
|
|upkeep
|turn|3
|
|t:|1654026599
|switch|p2a: Weezing|Weezing-Galar, F|100/100
|move|p1a: Pangoro|Knock Off|p2a: Weezing
|-resisted|p2a: Weezing
|-damage|p2a: Weezing|78/100
|-enditem|p2a: Weezing|Black Sludge|[from] move: Knock Off|[of] p1a: Pangoro
|-damage|p1a: Pangoro|91/100|[from] item: Life Orb
|
|upkeep
|turn|4
|
|t:|1654026612
|move|p2a: Weezing|Will-O-Wisp|p1a: Pangoro
|-status|p1a: Pangoro|brn
|move|p1a: Pangoro|Parting Shot|p2a: Weezing
|-unboost|p2a: Weezing|atk|1
|-unboost|p2a: Weezing|spa|1
|
|t:|1654026622
|switch|p1a: Entei|Entei|100/100|[from]move: Parting Shot
|
|upkeep
|turn|5
|
|t:|1654026627
|move|p1a: Entei|Sacred Fire|p2a: Weezing
|-damage|p2a: Weezing|29/100
|-status|p2a: Weezing|brn
|move|p2a: Weezing|Pain Split|p1a: Entei
|-sethp|p1a: Entei|63/100|[from] move: Pain Split|[silent]
|-sethp|p2a: Weezing|70/100 brn|[from] move: Pain Split
|
|-damage|p2a: Weezing|64/100 brn|[from] brn
|upkeep
|turn|6
|
|t:|1654026636
|switch|p2a: Entei|Entei|51/100
|-ability|p2a: Entei|Pressure
|move|p1a: Entei|Sacred Fire|p2a: Entei
|-resisted|p2a: Entei
|-damage|p2a: Entei|16/100
|
|upkeep
|turn|7
|
|t:|1654026645
|switch|p1a: Milotic|Milotic, M|73/100 brn
|move|p2a: Entei|Extreme Speed|p1a: Milotic
|-damage|p1a: Milotic|52/100 brn
|
|-damage|p1a: Milotic|46/100 brn|[from] brn
|upkeep
|turn|8
|
|t:|1654026652
|switch|p2a: Reuniclus|Reuniclus, F|100/100
|move|p1a: Milotic|Recover|p1a: Milotic
|-heal|p1a: Milotic|96/100 brn
|
|-damage|p1a: Milotic|90/100 brn|[from] brn
|upkeep
|turn|9
|
|t:|1654026658
|switch|p1a: Pangoro|Pangoro, M|91/100 brn
|move|p2a: Reuniclus|Future Sight|p1a: Pangoro
|-start|p2a: Reuniclus|move: Future Sight
|
|-damage|p1a: Pangoro|85/100 brn|[from] brn
|upkeep
|turn|10
|
|t:|1654026666
|switch|p2a: Gardevoir|Gardevoir, F|100/100
|move|p1a: Pangoro|Parting Shot|p2a: Gardevoir
|-unboost|p2a: Gardevoir|atk|1
|-unboost|p2a: Gardevoir|spa|1
|
|t:|1654026674
|switch|p1a: Xurkitree|Xurkitree|100/100|[from]move: Parting Shot
|
|upkeep
|turn|11
|
|t:|1654026678
|move|p1a: Xurkitree|Volt Switch|p2a: Gardevoir
|-damage|p2a: Gardevoir|52/100
|
|t:|1654026681
|switch|p1a: Pangoro|Pangoro, M|85/100 brn|[from]move: Volt Switch
|move|p2a: Gardevoir|Moonblast|p1a: Pangoro
|-supereffective|p1a: Pangoro
|-damage|p1a: Pangoro|0 fnt
|faint|p1a: Pangoro
|
|-hint|Future Sight did not hit because the target is fainted.
|upkeep
|
|t:|1654026690
|switch|p1a: Xurkitree|Xurkitree|100/100
|turn|12
|
|t:|1654026693
|switch|p2a: Reuniclus|Reuniclus, F|100/100
|move|p1a: Xurkitree|Thunderbolt|p2a: Reuniclus
|-damage|p2a: Reuniclus|70/100
|
|upkeep
|turn|13
|
|t:|1654026702
|move|p1a: Xurkitree|Thunderbolt|p2a: Reuniclus
|-damage|p2a: Reuniclus|36/100
|move|p2a: Reuniclus|Future Sight|p1a: Xurkitree
|-start|p2a: Reuniclus|move: Future Sight
|
|upkeep
|turn|14
|
|t:|1654026709
|move|p1a: Xurkitree|Thunderbolt|p2a: Reuniclus
|-damage|p2a: Reuniclus|3/100
|move|p2a: Reuniclus|Psychic|p1a: Xurkitree
|-damage|p1a: Xurkitree|22/100
|
|upkeep
|turn|15
|
|t:|1654026722
|switch|p1a: Milotic|Milotic, M|90/100 brn
|switch|p2a: Entei|Entei|16/100
|-ability|p2a: Entei|Pressure
|
|-end|p1a: Milotic|move: Future Sight
|-damage|p1a: Milotic|42/100 brn
|-damage|p1a: Milotic|36/100 brn|[from] brn
|upkeep
|turn|16
|
|t:|1654026731
|switch|p2a: Reuniclus|Reuniclus, F|36/100
|move|p1a: Milotic|Recover|p1a: Milotic
|-heal|p1a: Milotic|86/100 brn
|
|-damage|p1a: Milotic|80/100 brn|[from] brn
|upkeep
|turn|17
|
|t:|1654026738
|switch|p2a: Registeel|Registeel|100/100
|move|p1a: Milotic|Flip Turn|p2a: Registeel
|-damage|p2a: Registeel|97/100
|
|t:|1654026746
|switch|p1a: Entei|Entei|63/100|[from]move: Flip Turn
|
|-heal|p2a: Registeel|100/100|[from] item: Leftovers
|upkeep
|turn|18
|
|t:|1654026753
|switch|p2a: Entei|Entei|16/100
|-ability|p2a: Entei|Pressure
|move|p1a: Entei|Sacred Fire|p2a: Entei
|-resisted|p2a: Entei
|-damage|p2a: Entei|0 fnt
|faint|p2a: Entei
|
|upkeep
|
|t:|1654026755
|switch|p2a: Heracross|Heracross, M|100/100
|turn|19
|
|t:|1654026769
|move|p2a: Heracross|Close Combat|p1a: Entei
|-crit|p1a: Entei
|-damage|p1a: Entei|0 fnt
|-unboost|p2a: Heracross|def|1
|-unboost|p2a: Heracross|spd|1
|faint|p1a: Entei
|-ability|p2a: Heracross|Moxie|boost
|-boost|p2a: Heracross|atk|1
|
|upkeep
|
|t:|1654026781
|switch|p1a: Nidoqueen|Nidoqueen, F|100/100
|turn|20
|
|t:|1654026785
|switch|p2a: Gardevoir|Gardevoir, F|52/100
|move|p1a: Nidoqueen|Stealth Rock|p2a: Gardevoir
|-sidestart|p2: CynthiaBlueheart|move: Stealth Rock
|
|upkeep
|turn|21
|
|t:|1654026791
|switch|p1a: Milotic|Milotic, M|80/100 brn
|move|p2a: Gardevoir|Psychic|p1a: Milotic
|-damage|p1a: Milotic|32/100 brn
|
|-damage|p1a: Milotic|26/100 brn|[from] brn
|upkeep
|turn|22
|
|t:|1654026798
|switch|p2a: Weezing|Weezing-Galar, F|64/100 brn
|-damage|p2a: Weezing|52/100 brn|[from] Stealth Rock
|move|p1a: Milotic|Flip Turn|p2a: Weezing
|-damage|p2a: Weezing|48/100 brn
|
|t:|1654026805
|switch|p1a: Xurkitree|Xurkitree|22/100|[from]move: Flip Turn
|
|-damage|p2a: Weezing|42/100 brn|[from] brn
|upkeep
|turn|23
|
|t:|1654026810
|move|p1a: Xurkitree|Thunderbolt|p2a: Weezing
|-damage|p2a: Weezing|0 fnt
|faint|p2a: Weezing
|-ability|p1a: Xurkitree|Beast Boost|boost
|-boost|p1a: Xurkitree|spa|1
|
|upkeep
|
|t:|1654026812
|switch|p2a: Heracross|Heracross, M|100/100
|-damage|p2a: Heracross|88/100|[from] Stealth Rock
|turn|24
|
|t:|1654026834
|switch|p1a: Milotic|Milotic, M|26/100 brn
|move|p2a: Heracross|Knock Off|p1a: Milotic
|-damage|p1a: Milotic|8/100 brn
|-enditem|p1a: Milotic|Flame Orb|[from] move: Knock Off|[of] p2a: Heracross
|
|-damage|p1a: Milotic|2/100 brn|[from] brn
|upkeep
|turn|25
|
|t:|1654026845
|switch|p1a: Nidoqueen|Nidoqueen, F|100/100
|move|p2a: Heracross|Knock Off|p1a: Nidoqueen
|-crit|p1a: Nidoqueen
|-damage|p1a: Nidoqueen|48/100
|-enditem|p1a: Nidoqueen|Life Orb|[from] move: Knock Off|[of] p2a: Heracross
|
|upkeep
|turn|26
|
|t:|1654026855
|move|p2a: Heracross|Knock Off|p1a: Nidoqueen
|-damage|p1a: Nidoqueen|23/100
|move|p1a: Nidoqueen|Earth Power|p2a: Heracross
|-resisted|p2a: Heracross
|-damage|p2a: Heracross|62/100
|
|upkeep
|turn|27
|
|t:|1654026869
|move|p2a: Heracross|Knock Off|p1a: Nidoqueen
|-damage|p1a: Nidoqueen|0 fnt
|faint|p1a: Nidoqueen
|-ability|p2a: Heracross|Moxie|boost
|-boost|p2a: Heracross|atk|1
|
|upkeep
|
|t:|1654026876
|switch|p1a: Xurkitree|Xurkitree|22/100
|turn|28
|
|t:|1654026878
|move|p1a: Xurkitree|Thunderbolt|p2a: Heracross
|-damage|p2a: Heracross|0 fnt
|faint|p2a: Heracross
|-ability|p1a: Xurkitree|Beast Boost|boost
|-boost|p1a: Xurkitree|spa|1
|
|upkeep
|
|t:|1654026881
|switch|p2a: Reuniclus|Reuniclus, F|70/100
|-damage|p2a: Reuniclus|57/100|[from] Stealth Rock
|turn|29
|
|t:|1654026886
|move|p1a: Xurkitree|Thunderbolt|p2a: Reuniclus
|-damage|p2a: Reuniclus|12/100
|move|p2a: Reuniclus|Psychic|p1a: Xurkitree
|-damage|p1a: Xurkitree|0 fnt
|faint|p1a: Xurkitree
|
|upkeep
|
|t:|1654026892
|switch|p1a: Roserade|Roserade, F|100/100
|turn|30
|
|t:|1654026895
|switch|p2a: Registeel|Registeel|100/100
|-damage|p2a: Registeel|95/100|[from] Stealth Rock
|move|p1a: Roserade|Sludge Bomb|p2a: Registeel
|-immune|p2a: Registeel
|
|-heal|p2a: Registeel|100/100|[from] item: Leftovers
|upkeep
|turn|31
|
|t:|1654026903
|move|p1a: Roserade|Sleep Powder|p2a: Registeel|[miss]
|-miss|p1a: Roserade|p2a: Registeel
|move|p2a: Registeel|Stealth Rock|p1a: Roserade
|-sidestart|p1: Ambidexx|move: Stealth Rock
|
|upkeep
|turn|32
|-message|Ambidexx forfeited.
|
|win|CynthiaBlueheart
|raw|Ambidexx's rating: 1209 &rarr; <strong>1189</strong><br />(-20 for losing)
|raw|CynthiaBlueheart's rating: 1280 &rarr; <strong>1300</strong><br />(+20 for winning)
|l|☆Ambidexx
