|j|☆maritimer12
|j|☆Testinganteater
|t:|1659836002
|gametype|singles
|player|p1|maritimer12|lady-gen4|1313
|player|p2|Testinganteater|juggler|1361
|teamsize|p1|6
|teamsize|p2|6
|gen|8
|tier|[Gen 8] RU
|rated|
|rule|Sleep Clause Mod: Limit one foe put to sleep
|rule|Species Clause: Limit one of each Pokémon
|rule|OHKO Clause: OHKO moves are banned
|rule|Evasion Items Clause: Evasion items are banned
|rule|Evasion Moves Clause: Evasion moves are banned
|rule|Endless Battle Clause: Forcing endless battles is banned
|rule|HP Percentage Mod: HP is shown in percentages
|rule|Dynamax Clause: You cannot dynamax
|clearpoke
|poke|p1|Lucario, F|
|poke|p1|Crobat, F|
|poke|p1|Bronzong|
|poke|p1|Flygon, M|
|poke|p1|Milotic, M|
|poke|p1|Toxtricity, M|
|poke|p2|Sigilyph, M|
|poke|p2|Milotic, F|
|poke|p2|Dhelmise|
|poke|p2|Registeel|
|poke|p2|Flygon, M|
|poke|p2|Umbreon, M|
|teampreview
|
|t:|1659836017
|start
|switch|p1a: Bronzong|Bronzong|100/100
|switch|p2a: Flygon|Flygon, M, shiny|100/100
|turn|1
|
|t:|1659836027
|move|p2a: Flygon|U-turn|p1a: Bronzong
|-damage|p1a: Bronzong|86/100
|
|t:|1659836030
|switch|p2a: Dhelmise|Dhelmise|100/100|[from]move: U-turn
|move|p1a: Bronzong|Stealth Rock|p2a: Dhelmise
|-sidestart|p2: Testinganteater|move: Stealth Rock
|
|-heal|p1a: Bronzong|93/100|[from] item: Leftovers
|upkeep
|turn|2
|
|t:|1659836045
|switch|p1a: Lucario|Lucario, F|100/100
|move|p2a: Dhelmise|Rapid Spin|p1a: Lucario
|-resisted|p1a: Lucario
|-damage|p1a: Lucario|86/100
|-boost|p2a: Dhelmise|spe|1
|-sideend|p2: Testinganteater|Stealth Rock|[from] move: Rapid Spin|[of] p2a: Dhelmise
|
|upkeep
|turn|3
|
|t:|1659836054
|move|p1a: Lucario|Meteor Mash|p2a: Dhelmise
|-damage|p2a: Dhelmise|47/100
|-damage|p1a: Lucario|76/100|[from] item: Life Orb
|move|p2a: Dhelmise|Poltergeist|p1a: Lucario
|-activate|p1a: Lucario|move: Poltergeist|Life Orb
|-damage|p1a: Lucario|0 fnt
|faint|p1a: Lucario
|
|upkeep
|
|t:|1659836074
|switch|p1a: Crobat|Crobat, F|100/100
|turn|4
|
|t:|1659836082
|switch|p2a: Registeel|Registeel|100/100
|move|p1a: Crobat|Brave Bird|p2a: Registeel
|-resisted|p2a: Registeel
|-damage|p2a: Registeel|88/100
|-damage|p1a: Crobat|96/100|[from] Recoil
|
|-heal|p2a: Registeel|94/100|[from] item: Leftovers
|upkeep
|turn|5
|
|t:|1659836091
|move|p1a: Crobat|U-turn|p2a: Registeel
|-resisted|p2a: Registeel
|-damage|p2a: Registeel|88/100
|
|t:|1659836095
|switch|p1a: Toxtricity|Toxtricity, M|100/100|[from]move: U-turn
|move|p2a: Registeel|Stealth Rock|p1a: Toxtricity
|-sidestart|p1: maritimer12|move: Stealth Rock
|
|-heal|p2a: Registeel|94/100|[from] item: Leftovers
|upkeep
|turn|6
|
|t:|1659836113
|switch|p2a: Flygon|Flygon, M, shiny|100/100
|move|p1a: Toxtricity|Volt Switch|p2a: Flygon
|-immune|p2a: Flygon
|
|upkeep
|turn|7
|
|t:|1659836126
|switch|p1a: Crobat|Crobat, F|96/100
|move|p2a: Flygon|U-turn|p1a: Crobat
|-resisted|p1a: Crobat
|-damage|p1a: Crobat|90/100
|
|t:|1659836145
|switch|p2a: Milotic|Milotic, F|100/100|[from]move: U-turn
|
|upkeep
|turn|8
|
|t:|1659836153
|move|p1a: Crobat|Defog|p2a: Milotic
|-unboost|p2a: Milotic|evasion|1
|-sideend|p1: maritimer12|Stealth Rock|[from] move: Defog|[of] p1a: Crobat
|move|p2a: Milotic|Flip Turn|p1a: Crobat
|-damage|p1a: Crobat|74/100
|
|t:|1659836158
|switch|p2a: Registeel|Registeel|94/100|[from]move: Flip Turn
|
|-heal|p2a: Registeel|100/100|[from] item: Leftovers
|upkeep
|turn|9
|
|t:|1659836165
|move|p1a: Crobat|U-turn|p2a: Registeel
|-resisted|p2a: Registeel
|-damage|p2a: Registeel|95/100
|inactive|Battle timer is ON: inactive players will automatically lose when time's up. (requested by Testinganteater)
|
|t:|1659836179
|switch|p1a: Toxtricity|Toxtricity, M|100/100|[from]move: U-turn
|move|p2a: Registeel|Stealth Rock|p1a: Toxtricity
|-sidestart|p1: maritimer12|move: Stealth Rock
|
|-heal|p2a: Registeel|100/100|[from] item: Leftovers
|upkeep
|turn|10
|
|t:|1659836190
|move|p1a: Toxtricity|Volt Switch|p2a: Registeel
|-damage|p2a: Registeel|72/100
|
|t:|1659836206
|switch|p1a: Milotic|Milotic, M|100/100|[from]move: Volt Switch
|move|p2a: Registeel|Heavy Slam|p1a: Milotic
|-resisted|p1a: Milotic
|-damage|p1a: Milotic|97/100
|
|-heal|p2a: Registeel|79/100|[from] item: Leftovers
|upkeep
|turn|11
|
|t:|1659836214
|switch|p2a: Sigilyph|Sigilyph, M, shiny|100/100
|move|p1a: Milotic|Scald|p2a: Sigilyph
|-damage|p2a: Sigilyph|66/100
|
|-status|p2a: Sigilyph|brn|[from] item: Flame Orb
|upkeep
|turn|12
|
|t:|1659836231
|switch|p1a: Bronzong|Bronzong|93/100
|-damage|p1a: Bronzong|86/100|[from] Stealth Rock
|move|p2a: Sigilyph|Roost|p2a: Sigilyph
|-heal|p2a: Sigilyph|100/100 brn
|-singleturn|p2a: Sigilyph|move: Roost
|
|-heal|p1a: Bronzong|93/100|[from] item: Leftovers
|upkeep
|turn|13
|
|t:|1659836246
|move|p2a: Sigilyph|Psycho Shift|p1a: Bronzong
|-status|p1a: Bronzong|brn
|-curestatus|p2a: Sigilyph|brn|[msg]
|move|p1a: Bronzong|Stealth Rock|p2a: Sigilyph
|-sidestart|p2: Testinganteater|move: Stealth Rock
|
|-heal|p1a: Bronzong|99/100 brn|[from] item: Leftovers
|-damage|p1a: Bronzong|93/100 brn|[from] brn
|-status|p2a: Sigilyph|brn|[from] item: Flame Orb
|upkeep
|turn|14
|
|t:|1659836252
|move|p2a: Sigilyph|Calm Mind|p2a: Sigilyph
|-boost|p2a: Sigilyph|spa|1
|-boost|p2a: Sigilyph|spd|1
|move|p1a: Bronzong|Heavy Slam|p2a: Sigilyph
|-damage|p2a: Sigilyph|80/100 brn
|
|-heal|p1a: Bronzong|99/100 brn|[from] item: Leftovers
|-damage|p1a: Bronzong|93/100 brn|[from] brn
|upkeep
|turn|15
|
|t:|1659836267
|switch|p1a: Flygon|Flygon, M|100/100
|-damage|p1a: Flygon|95/100|[from] Stealth Rock
|move|p2a: Sigilyph|Air Slash|p1a: Flygon
|-damage|p1a: Flygon|38/100
|
|upkeep
|turn|16
|
|t:|1659836277
|switch|p2a: Milotic|Milotic, F|100/100
|-damage|p2a: Milotic|88/100|[from] Stealth Rock
|move|p1a: Flygon|Stone Edge|p2a: Milotic
|-damage|p2a: Milotic|66/100
|
|upkeep
|turn|17
|
|t:|1659836291
|switch|p1a: Bronzong|Bronzong|93/100 brn
|-damage|p1a: Bronzong|86/100 brn|[from] Stealth Rock
|move|p2a: Milotic|Flip Turn|p1a: Bronzong
|-damage|p1a: Bronzong|77/100 brn
|
|t:|1659836299
|switch|p2a: Dhelmise|Dhelmise|47/100|[from]move: Flip Turn
|
|-heal|p1a: Bronzong|84/100 brn|[from] item: Leftovers
|-damage|p1a: Bronzong|77/100 brn|[from] brn
|upkeep
|turn|18
|
|t:|1659836309
|switch|p1a: Toxtricity|Toxtricity, M|100/100
|-damage|p1a: Toxtricity|88/100|[from] Stealth Rock
|move|p2a: Dhelmise|Rapid Spin|p1a: Toxtricity
|-damage|p1a: Toxtricity|59/100
|-boost|p2a: Dhelmise|spe|1
|-sideend|p2: Testinganteater|Stealth Rock|[from] move: Rapid Spin|[of] p2a: Dhelmise
|
|upkeep
|turn|19
|
|t:|1659836321
|switch|p2a: Flygon|Flygon, M, shiny|100/100
|move|p1a: Toxtricity|Snarl|p2a: Flygon
|-damage|p2a: Flygon|54/100
|-unboost|p2a: Flygon|spa|1
|
|upkeep
|turn|20
|
|t:|1659836331
|switch|p1a: Crobat|Crobat, F|74/100
|move|p2a: Flygon|U-turn|p1a: Crobat
|-resisted|p1a: Crobat
|-damage|p1a: Crobat|69/100
|
|t:|1659836339
|switch|p2a: Milotic|Milotic, F|66/100|[from]move: U-turn
|
|upkeep
|turn|21
|
|t:|1659836350
|move|p1a: Crobat|Defog|p2a: Milotic
|-unboost|p2a: Milotic|evasion|1
|-sideend|p1: maritimer12|Stealth Rock|[from] move: Defog|[of] p1a: Crobat
|move|p2a: Milotic|Recover|p2a: Milotic
|-heal|p2a: Milotic|100/100
|
|upkeep
|turn|22
|
|t:|1659836355
|move|p1a: Crobat|Roost|p1a: Crobat
|-heal|p1a: Crobat|100/100
|-singleturn|p1a: Crobat|move: Roost
|move|p2a: Milotic|Flip Turn|p1a: Crobat
|-damage|p1a: Crobat|87/100
|
|t:|1659836357
|switch|p2a: Registeel|Registeel|79/100|[from]move: Flip Turn
|
|-heal|p2a: Registeel|85/100|[from] item: Leftovers
|upkeep
|turn|23
|
|t:|1659836362
|move|p1a: Crobat|U-turn|p2a: Registeel
|-resisted|p2a: Registeel
|-damage|p2a: Registeel|80/100
|
|t:|1659836381
|switch|p1a: Flygon|Flygon, M|38/100|[from]move: U-turn
|move|p2a: Registeel|Toxic|p1a: Flygon
|-status|p1a: Flygon|tox
|
|-heal|p2a: Registeel|86/100|[from] item: Leftovers
|-damage|p1a: Flygon|32/100 tox|[from] psn
|upkeep
|turn|24
|
|t:|1659836388
|switch|p2a: Milotic|Milotic, F|100/100
|move|p1a: Flygon|U-turn|p2a: Milotic
|-damage|p2a: Milotic|85/100
|-damage|p1a: Flygon|16/100 tox|[from] item: Rocky Helmet|[of] p2a: Milotic
|
|t:|1659836399
|switch|p1a: Toxtricity|Toxtricity, M|59/100|[from]move: U-turn
|
|upkeep
|turn|25
|
|t:|1659836408
|switch|p2a: Registeel|Registeel|86/100
|move|p1a: Toxtricity|Boomburst|p2a: Registeel
|-resisted|p2a: Registeel
|-damage|p2a: Registeel|61/100
|
|-heal|p2a: Registeel|67/100|[from] item: Leftovers
|upkeep
|turn|26
|
|t:|1659836420
|switch|p1a: Flygon|Flygon, M|16/100 tox
|move|p2a: Registeel|Stealth Rock|p1a: Flygon
|-sidestart|p1: maritimer12|move: Stealth Rock
|
|-heal|p2a: Registeel|73/100|[from] item: Leftovers
|-damage|p1a: Flygon|10/100 tox|[from] psn
|upkeep
|turn|27
|
|t:|1659836432
|switch|p2a: Milotic|Milotic, F|85/100
|move|p1a: Flygon|Earthquake|p2a: Milotic
|-damage|p2a: Milotic|52/100
|
|-damage|p1a: Flygon|0 fnt|[from] psn
|faint|p1a: Flygon
|upkeep
|
|t:|1659836445
|switch|p1a: Toxtricity|Toxtricity, M|59/100
|-damage|p1a: Toxtricity|47/100|[from] Stealth Rock
|turn|28
|
|t:|1659836454
|switch|p2a: Umbreon|Umbreon, M, shiny|100/100
|move|p1a: Toxtricity|Boomburst|p2a: Umbreon
|-damage|p2a: Umbreon|52/100
|
|-heal|p2a: Umbreon|58/100|[from] item: Leftovers
|upkeep
|turn|29
|
|t:|1659836462
|switch|p2a: Dhelmise|Dhelmise|47/100
|move|p1a: Toxtricity|Boomburst|p2a: Dhelmise
|-immune|p2a: Dhelmise
|
|upkeep
|turn|30
|
|t:|1659836467
|switch|p1a: Crobat|Crobat, F|87/100
|move|p2a: Dhelmise|Poltergeist|p1a: Crobat
|-activate|p1a: Crobat|move: Poltergeist|Heavy-Duty Boots
|-damage|p1a: Crobat|16/100
|
|upkeep
|turn|31
|
|t:|1659836473
|switch|p2a: Milotic|Milotic, F|52/100
|move|p1a: Crobat|Defog|p2a: Milotic
|-unboost|p2a: Milotic|evasion|1
|-sideend|p1: maritimer12|Stealth Rock|[from] move: Defog|[of] p1a: Crobat
|
|upkeep
|turn|32
|
|t:|1659836477
|move|p1a: Crobat|Roost|p1a: Crobat
|-heal|p1a: Crobat|66/100
|-singleturn|p1a: Crobat|move: Roost
|move|p2a: Milotic|Scald|p1a: Crobat
|-damage|p1a: Crobat|34/100
|-status|p1a: Crobat|brn
|
|-damage|p1a: Crobat|28/100 brn|[from] brn
|upkeep
|turn|33
|
|t:|1659836483
|move|p1a: Crobat|Roost|p1a: Crobat
|-heal|p1a: Crobat|78/100 brn
|-singleturn|p1a: Crobat|move: Roost
|move|p2a: Milotic|Flip Turn|p1a: Crobat
|-damage|p1a: Crobat|64/100 brn
|
|t:|1659836486
|switch|p2a: Registeel|Registeel|73/100|[from]move: Flip Turn
|
|-heal|p2a: Registeel|79/100|[from] item: Leftovers
|-damage|p1a: Crobat|58/100 brn|[from] brn
|upkeep
|turn|34
|
|t:|1659836497
|move|p1a: Crobat|U-turn|p2a: Registeel
|-resisted|p2a: Registeel
|-damage|p2a: Registeel|76/100
|
|t:|1659836504
|switch|p1a: Toxtricity|Toxtricity, M|47/100|[from]move: U-turn
|move|p2a: Registeel|Toxic|p1a: Toxtricity
|-immune|p1a: Toxtricity
|
|-heal|p2a: Registeel|82/100|[from] item: Leftovers
|upkeep
|turn|35
|
|t:|1659836516
|move|p1a: Toxtricity|Overdrive|p2a: Registeel
|-damage|p2a: Registeel|44/100
|move|p2a: Registeel|Heavy Slam|p1a: Toxtricity
|-resisted|p1a: Toxtricity
|-damage|p1a: Toxtricity|21/100
|
|-heal|p2a: Registeel|50/100|[from] item: Leftovers
|upkeep
|turn|36
|
|t:|1659836523
|switch|p1a: Milotic|Milotic, M|97/100
|switch|p2a: Flygon|Flygon, M, shiny|54/100
|
|upkeep
|turn|37
|
|t:|1659836529
|move|p2a: Flygon|U-turn|p1a: Milotic
|-damage|p1a: Milotic|81/100
|
|t:|1659836532
|switch|p2a: Sigilyph|Sigilyph, M, shiny|80/100 brn|[from]move: U-turn
|move|p1a: Milotic|Scald|p2a: Sigilyph
|-damage|p2a: Sigilyph|47/100 brn
|
|upkeep
|turn|38
|
|t:|1659836544
|switch|p1a: Crobat|Crobat, F|58/100 brn
|move|p2a: Sigilyph|Roost|p2a: Sigilyph
|-heal|p2a: Sigilyph|97/100 brn
|-singleturn|p2a: Sigilyph|move: Roost
|
|-damage|p1a: Crobat|52/100 brn|[from] brn
|upkeep
|turn|39
|
|t:|1659836548
|move|p1a: Crobat|Brave Bird|p2a: Sigilyph
|-damage|p2a: Sigilyph|73/100 brn
|-damage|p1a: Crobat|44/100 brn|[from] Recoil
|move|p2a: Sigilyph|Calm Mind|p2a: Sigilyph
|-boost|p2a: Sigilyph|spa|1
|-boost|p2a: Sigilyph|spd|1
|
|-damage|p1a: Crobat|38/100 brn|[from] brn
|upkeep
|turn|40
|c|☆maritimer12|gg
|-message|maritimer12 forfeited.
|
|win|Testinganteater
|raw|maritimer12's rating: 1313 &rarr; <strong>1296</strong><br />(-17 for losing)
|raw|Testinganteater's rating: 1361 &rarr; <strong>1378</strong><br />(+17 for winning)
|l|☆maritimer12
