|j|☆JLT3 oSuave
|j|☆don drapion
|player|p1|JLT3 oSuave|ethan-gen2c|1535
|player|p2|don drapion|169|1448
|teamsize|p1|6
|teamsize|p2|6
|gametype|singles
|gen|8
|tier|[Gen 8] RU
|rated|
|clearpoke
|poke|p1|Sableye, F|
|poke|p1|Mantine, F|
|poke|p1|Snorlax, F|
|poke|p1|Steelix, M|
|poke|p1|Salazzle, F|
|poke|p1|Cramorant, F|
|poke|p2|Barraskewda, M|
|poke|p2|Rillaboom, F|
|poke|p2|Rotom|
|poke|p2|Steelix, M|
|poke|p2|Alcremie, F|
|poke|p2|Xatu, M|
|rule|Sleep Clause Mod: Limit one foe put to sleep
|rule|Species Clause: Limit one of each Pokémon
|rule|OHKO Clause: OHKO moves are banned
|rule|Evasion Moves Clause: Evasion moves are banned
|rule|Endless Battle Clause: Forcing endless battles is banned
|rule|HP Percentage Mod: HP is shown in percentages
|rule|Dynamax Clause: You cannot dynamax
|teampreview
|inactive|Battle timer is ON: inactive players will automatically lose when time's up. (requested by JLT3 oSuave)
|
|start
|switch|p1a: Sableye|Sableye, F|100/100
|switch|p2a: Rotom|Rotom|100/100
|turn|1
|
|move|p2a: Rotom|Thunderbolt|p1a: Sableye
|-damage|p1a: Sableye|30/100
|-damage|p2a: Rotom|91/100|[from] item: Life Orb
|move|p1a: Sableye|Knock Off|p2a: Rotom
|-supereffective|p2a: Rotom
|-damage|p2a: Rotom|10/100
|-enditem|p2a: Rotom|Life Orb|[from] move: Knock Off|[of] p1a: Sableye
|
|-heal|p1a: Sableye|36/100|[from] item: Leftovers
|upkeep
|turn|2
|
|move|p1a: Sableye|Recover|p1a: Sableye
|-heal|p1a: Sableye|86/100
|move|p2a: Rotom|Volt Switch|p1a: Sableye
|-crit|p1a: Sableye
|-damage|p1a: Sableye|14/100
|
|switch|p2a: Alcremie|Alcremie, F|100/100|[from]move: Volt Switch
|
|-heal|p1a: Sableye|21/100|[from] item: Leftovers
|upkeep
|turn|3
|
|switch|p1a: Steelix|Steelix, M|100/100
|move|p2a: Alcremie|Mystical Fire|p1a: Steelix
|-supereffective|p1a: Steelix
|-damage|p1a: Steelix|62/100
|-unboost|p1a: Steelix|spa|1
|
|-heal|p1a: Steelix|68/100|[from] item: Leftovers
|upkeep
|turn|4
|
|switch|p2a: Xatu|Xatu, M|100/100
|switch|p1a: Sableye|Sableye, F|21/100
|
|-heal|p1a: Sableye|27/100|[from] item: Leftovers
|upkeep
|turn|5
|
|move|p1a: Sableye|Recover|p1a: Sableye
|-heal|p1a: Sableye|77/100
|move|p2a: Xatu|U-turn|p1a: Sableye
|-damage|p1a: Sableye|65/100
|
|switch|p2a: Alcremie|Alcremie, F|100/100|[from]move: U-turn
|
|-heal|p1a: Sableye|71/100|[from] item: Leftovers
|upkeep
|turn|6
|
|switch|p1a: Salazzle|Salazzle, F|100/100
|move|p2a: Alcremie|Dazzling Gleam|p1a: Salazzle
|-resisted|p1a: Salazzle
|-damage|p1a: Salazzle|86/100
|
|-heal|p1a: Salazzle|93/100|[from] item: Leftovers
|upkeep
|turn|7
|
|switch|p2a: Xatu|Xatu, M|100/100
|move|p1a: Salazzle|Substitute|p1a: Salazzle
|-start|p1a: Salazzle|Substitute
|-damage|p1a: Salazzle|68/100
|
|-heal|p1a: Salazzle|74/100|[from] item: Leftovers
|upkeep
|turn|8
|
|move|p1a: Salazzle|Protect|p1a: Salazzle
|-singleturn|p1a: Salazzle|Protect
|move|p2a: Xatu|Psychic|p1a: Salazzle
|-activate|p1a: Salazzle|move: Protect
|
|-heal|p1a: Salazzle|80/100|[from] item: Leftovers
|upkeep
|turn|9
|
|move|p1a: Salazzle|Flamethrower|p2a: Xatu
|-damage|p2a: Xatu|43/100
|move|p2a: Xatu|Psychic|p1a: Salazzle
|-supereffective|p1a: Salazzle
|-end|p1a: Salazzle|Substitute
|
|-heal|p1a: Salazzle|86/100|[from] item: Leftovers
|upkeep
|turn|10
|
|move|p1a: Salazzle|Substitute|p1a: Salazzle
|-start|p1a: Salazzle|Substitute
|-damage|p1a: Salazzle|61/100
|move|p2a: Xatu|Psychic|p1a: Salazzle
|-supereffective|p1a: Salazzle
|-end|p1a: Salazzle|Substitute
|
|-heal|p1a: Salazzle|67/100|[from] item: Leftovers
|upkeep
|turn|11
|
|switch|p2a: Barraskewda|Barraskewda, M|100/100
|move|p1a: Salazzle|Flamethrower|p2a: Barraskewda
|-resisted|p2a: Barraskewda
|-damage|p2a: Barraskewda|50/100
|
|-heal|p1a: Salazzle|73/100|[from] item: Leftovers
|upkeep
|turn|12
|
|move|p1a: Salazzle|Protect|p1a: Salazzle
|-singleturn|p1a: Salazzle|Protect
|move|p2a: Barraskewda|Crunch|p1a: Salazzle
|-activate|p1a: Salazzle|move: Protect
|
|-heal|p1a: Salazzle|80/100|[from] item: Leftovers
|upkeep
|turn|13
|
|switch|p1a: Cramorant|Cramorant, F, shiny|100/100
|move|p2a: Barraskewda|Crunch|p1a: Cramorant
|-crit|p1a: Cramorant
|-damage|p1a: Cramorant|29/100
|-unboost|p1a: Cramorant|def|1
|
|upkeep
|turn|14
|c|☆JLT3 oSuave|ok bro
|
|move|p2a: Barraskewda|Crunch|p1a: Cramorant
|-damage|p1a: Cramorant|0 fnt
|faint|p1a: Cramorant
|
|upkeep
|
|switch|p1a: Steelix|Steelix, M|68/100
|turn|15
|
|switch|p2a: Steelix|Steelix, M|100/100
|move|p1a: Steelix|Heavy Slam|p2a: Steelix
|-resisted|p2a: Steelix
|-damage|p2a: Steelix|98/100
|
|-heal|p1a: Steelix|74/100|[from] item: Leftovers
|-heal|p2a: Steelix|100/100|[from] item: Leftovers
|upkeep
|turn|16
|
|move|p1a: Steelix|Stealth Rock|p2a: Steelix
|-sidestart|p2: don drapion|move: Stealth Rock
|move|p2a: Steelix|Earthquake|p1a: Steelix
|-supereffective|p1a: Steelix
|-damage|p1a: Steelix|47/100
|
|-heal|p1a: Steelix|53/100|[from] item: Leftovers
|upkeep
|turn|17
|
|switch|p1a: Mantine|Mantine, F, shiny|100/100
|move|p2a: Steelix|Stealth Rock|p1a: Mantine
|-sidestart|p1: JLT3 oSuave|move: Stealth Rock
|
|upkeep
|turn|18
|
|move|p1a: Mantine|Scald|p2a: Steelix
|-supereffective|p2a: Steelix
|-damage|p2a: Steelix|42/100
|-status|p2a: Steelix|brn
|move|p2a: Steelix|Toxic|p1a: Mantine
|-status|p1a: Mantine|tox
|
|-heal|p2a: Steelix|49/100 brn|[from] item: Leftovers
|-damage|p1a: Mantine|94/100 tox|[from] psn
|-damage|p2a: Steelix|42/100 brn|[from] brn
|upkeep
|turn|19
|
|move|p1a: Mantine|Scald|p2a: Steelix
|-supereffective|p2a: Steelix
|-damage|p2a: Steelix|0 fnt
|faint|p2a: Steelix
|
|-damage|p1a: Mantine|82/100 tox|[from] psn
|upkeep
|
|switch|p2a: Rillaboom|Rillaboom, F|100/100
|-damage|p2a: Rillaboom|88/100|[from] Stealth Rock
|turn|20
|
|move|p2a: Rillaboom|Wood Hammer|p1a: Mantine
|-damage|p1a: Mantine|28/100 tox
|-damage|p2a: Rillaboom|69/100|[from] Recoil
|move|p1a: Mantine|Hurricane|p2a: Rillaboom|[miss]
|-miss|p1a: Mantine|p2a: Rillaboom
|
|-damage|p1a: Mantine|10/100 tox|[from] psn
|upkeep
|turn|21
|c|☆JLT3 oSuave|jesus christ
|
|move|p2a: Rillaboom|Wood Hammer|p1a: Mantine
|-damage|p1a: Mantine|0 fnt
|-damage|p2a: Rillaboom|65/100|[from] Recoil
|faint|p1a: Mantine
|
|upkeep
|
|switch|p1a: Sableye|Sableye, F|71/100
|-damage|p1a: Sableye|59/100|[from] Stealth Rock
|turn|22
|
|move|p2a: Rillaboom|U-turn|p1a: Sableye
|-damage|p1a: Sableye|33/100
|
|switch|p2a: Alcremie|Alcremie, F|100/100|[from]move: U-turn
|-damage|p2a: Alcremie|88/100|[from] Stealth Rock
|move|p1a: Sableye|Knock Off|p2a: Alcremie
|-resisted|p2a: Alcremie
|-damage|p2a: Alcremie|76/100
|-enditem|p2a: Alcremie|Leftovers|[from] move: Knock Off|[of] p1a: Sableye
|
|-heal|p1a: Sableye|39/100|[from] item: Leftovers
|upkeep
|turn|23
|
|switch|p1a: Snorlax|Snorlax, F|100/100
|-damage|p1a: Snorlax|88/100|[from] Stealth Rock
|move|p2a: Alcremie|Dazzling Gleam|p1a: Snorlax
|-damage|p1a: Snorlax|71/100
|
|-heal|p1a: Snorlax|77/100|[from] item: Leftovers
|upkeep
|turn|24
|
|switch|p2a: Rotom|Rotom|10/100
|-damage|p2a: Rotom|0 fnt|[from] Stealth Rock
|faint|p2a: Rotom
|move|p1a: Snorlax|Body Slam|p2: Rotom|[notarget]
|-fail|p1a: Snorlax
|
|-heal|p1a: Snorlax|83/100|[from] item: Leftovers
|upkeep
|
|switch|p2a: Rillaboom|Rillaboom, F|65/100
|-damage|p2a: Rillaboom|53/100|[from] Stealth Rock
|turn|25
|
|switch|p1a: Steelix|Steelix, M|53/100
|-damage|p1a: Steelix|50/100|[from] Stealth Rock
|move|p2a: Rillaboom|Earthquake|p1a: Steelix
|-supereffective|p1a: Steelix
|-damage|p1a: Steelix|17/100
|
|-heal|p1a: Steelix|23/100|[from] item: Leftovers
|upkeep
|turn|26
|
|move|p2a: Rillaboom|Earthquake|p1a: Steelix
|-supereffective|p1a: Steelix
|-damage|p1a: Steelix|0 fnt
|faint|p1a: Steelix
|
|upkeep
|
|switch|p1a: Sableye|Sableye, F|39/100
|-damage|p1a: Sableye|27/100|[from] Stealth Rock
|turn|27
|
|move|p1a: Sableye|Recover|p1a: Sableye
|-heal|p1a: Sableye|77/100
|move|p2a: Rillaboom|Wood Hammer|p1a: Sableye
|-damage|p1a: Sableye|17/100
|-damage|p2a: Rillaboom|35/100|[from] Recoil
|
|-heal|p1a: Sableye|24/100|[from] item: Leftovers
|upkeep
|turn|28
|inactive|JLT3 oSuave has 120 seconds left.
|
|move|p1a: Sableye|Recover|p1a: Sableye
|-heal|p1a: Sableye|74/100
|move|p2a: Rillaboom|Wood Hammer|p1a: Sableye
|-damage|p1a: Sableye|12/100
|-damage|p2a: Rillaboom|18/100|[from] Recoil
|
|-heal|p1a: Sableye|19/100|[from] item: Leftovers
|upkeep
|turn|29
|inactive|JLT3 oSuave has 120 seconds left.
|
|move|p1a: Sableye|Recover|p1a: Sableye
|-heal|p1a: Sableye|69/100
|move|p2a: Rillaboom|Earthquake|p1a: Sableye
|-damage|p1a: Sableye|33/100
|
|-heal|p1a: Sableye|40/100|[from] item: Leftovers
|upkeep
|turn|30
|
|move|p1a: Sableye|Will-O-Wisp|p2a: Rillaboom
|-status|p2a: Rillaboom|brn
|move|p2a: Rillaboom|Wood Hammer|p1a: Sableye
|-damage|p1a: Sableye|0 fnt
|-damage|p2a: Rillaboom|6/100 brn|[from] Recoil
|faint|p1a: Sableye
|
|-damage|p2a: Rillaboom|0 fnt|[from] brn
|faint|p2a: Rillaboom
|upkeep
|inactive|JLT3 oSuave has 120 seconds left.
|c|☆JLT3 oSuave|and you get the highest roll
|c|☆JLT3 oSuave|jesus
|
|switch|p2a: Barraskewda|Barraskewda, M|50/100
|switch|p1a: Salazzle|Salazzle, F|80/100
|-damage|p2a: Barraskewda|38/100|[from] Stealth Rock
|-damage|p1a: Salazzle|55/100|[from] Stealth Rock
|turn|31
|
|move|p1a: Salazzle|Protect|p1a: Salazzle
|-singleturn|p1a: Salazzle|Protect
|move|p2a: Barraskewda|Liquidation|p1a: Salazzle
|-activate|p1a: Salazzle|move: Protect
|
|-heal|p1a: Salazzle|61/100|[from] item: Leftovers
|upkeep
|turn|32
|
|move|p2a: Barraskewda|Liquidation|p1a: Salazzle
|-supereffective|p1a: Salazzle
|-damage|p1a: Salazzle|0 fnt
|faint|p1a: Salazzle
|
|upkeep
|
|switch|p1a: Snorlax|Snorlax, F|83/100
|-damage|p1a: Snorlax|71/100|[from] Stealth Rock
|turn|33
|
|move|p2a: Barraskewda|Liquidation|p1a: Snorlax
|-damage|p1a: Snorlax|23/100
|-unboost|p1a: Snorlax|def|1
|move|p1a: Snorlax|Body Slam|p2a: Barraskewda
|-damage|p2a: Barraskewda|0 fnt
|faint|p2a: Barraskewda
|
|-heal|p1a: Snorlax|29/100|[from] item: Leftovers
|upkeep
|
|switch|p2a: Alcremie|Alcremie, F|76/100
|-damage|p2a: Alcremie|64/100|[from] Stealth Rock
|turn|34
|
|move|p2a: Alcremie|Dazzling Gleam|p1a: Snorlax
|-damage|p1a: Snorlax|12/100
|move|p1a: Snorlax|Rest|p1a: Snorlax
|-status|p1a: Snorlax|slp|[from] move: Rest
|-heal|p1a: Snorlax|100/100 slp|[silent]
|
|upkeep
|turn|35
|-message|don drapion forfeited.
|
|win|JLT3 oSuave
|l|☆don drapion
||Ladder (probably) updated, but score could not be retrieved (Response not received).
