|raw|<div class="broadcast-blue"><strong>This battle is required to be public due to a player having a name starting with 'rult50'.</div>
|j|‽toxrus1
|j|☆rult50dcem
|t:|1625832765
|gametype|singles
|player|p1|toxrus1|beauty-gen4dp|1432
|player|p2|rult50dcem|lucas|1562
|teamsize|p1|6
|teamsize|p2|6
|gen|8
|tier|[Gen 8] RU
|rated|
|rule|Sleep Clause Mod: Limit one foe put to sleep
|rule|Species Clause: Limit one of each Pokémon
|rule|OHKO Clause: OHKO moves are banned
|rule|Evasion Moves Clause: Evasion moves are banned
|rule|Endless Battle Clause: Forcing endless battles is banned
|rule|HP Percentage Mod: HP is shown in percentages
|rule|Dynamax Clause: You cannot dynamax
|clearpoke
|poke|p1|Weezing-Galar, F|
|poke|p1|Registeel|
|poke|p1|Gastrodon-East, F|
|poke|p1|Celebi|
|poke|p1|Xurkitree|
|poke|p1|Flygon, M|
|poke|p2|Metagross|
|poke|p2|Diancie|
|poke|p2|Celebi|
|poke|p2|Incineroar, M|
|poke|p2|Flygon, M|
|poke|p2|Mienshao, F|
|teampreview
|inactive|Battle timer is ON: inactive players will automatically lose when time's up. (requested by rult50dcem)
|
|t:|1625832790
|start
|switch|p1a: Flygon|Flygon, M|100/100
|switch|p2a: Mienshao|Mienshao, F|100/100
|turn|1
|
|t:|1625832793
|switch|p1a: Weezing|Weezing-Galar, F|100/100
|-ability|p1a: Weezing|Neutralizing Gas
|move|p2a: Mienshao|U-turn|p1a: Weezing
|-resisted|p1a: Weezing
|-damage|p1a: Weezing|97/100
|-damage|p2a: Mienshao|84/100|[from] item: Rocky Helmet|[of] p1a: Weezing
|
|t:|1625832796
|switch|p2a: Incineroar|Incineroar, M|100/100|[from]move: U-turn
|
|upkeep
|turn|2
|
|t:|1625832808
|move|p1a: Weezing|Toxic Spikes|p2a: Incineroar
|-sidestart|p2: rult50dcem|move: Toxic Spikes
|move|p2a: Incineroar|Knock Off|p1a: Weezing
|-resisted|p1a: Weezing
|-damage|p1a: Weezing|83/100
|-damage|p2a: Incineroar|84/100|[from] item: Rocky Helmet|[of] p1a: Weezing
|-enditem|p1a: Weezing|Rocky Helmet|[from] move: Knock Off|[of] p2a: Incineroar
|
|upkeep
|turn|3
|j| RULT50A Prod
|
|t:|1625832815
|-end|p1a: Weezing|ability: Neutralizing Gas
|-ability|p2a: Incineroar|Intimidate|boost
|-unboost|p1a: Weezing|atk|1
|switch|p1a: Gastrodon|Gastrodon-East, F|100/100
|move|p2a: Incineroar|Overheat|p1a: Gastrodon
|-resisted|p1a: Gastrodon
|-damage|p1a: Gastrodon|83/100
|-unboost|p2a: Incineroar|spa|2
|
|-heal|p1a: Gastrodon|89/100|[from] item: Leftovers
|upkeep
|turn|4
|j|+Lunala
|
|t:|1625832826
|move|p2a: Incineroar|U-turn|p1a: Gastrodon
|-damage|p1a: Gastrodon|75/100
|
|t:|1625832827
|switch|p2a: Celebi|Celebi|100/100|[from]move: U-turn
|move|p1a: Gastrodon|Earthquake|p2a: Celebi
|-resisted|p2a: Celebi
|-damage|p2a: Celebi|87/100
|
|-heal|p1a: Gastrodon|81/100|[from] item: Leftovers
|upkeep
|turn|5
|
|t:|1625832837
|switch|p1a: Registeel|Registeel|100/100
|move|p2a: Celebi|Nasty Plot|p2a: Celebi
|-boost|p2a: Celebi|spa|2
|
|upkeep
|turn|6
|
|t:|1625832839
|move|p2a: Celebi|Earth Power|p1a: Registeel
|-supereffective|p1a: Registeel
|-damage|p1a: Registeel|47/100
|move|p1a: Registeel|Toxic|p2a: Celebi
|-status|p2a: Celebi|tox
|
|-heal|p1a: Registeel|53/100|[from] item: Leftovers
|-damage|p2a: Celebi|81/100 tox|[from] psn
|upkeep
|turn|7
|
|t:|1625832847
|switch|p1a: Celebi|Celebi|100/100
|move|p2a: Celebi|Leaf Storm|p1a: Celebi
|-resisted|p1a: Celebi
|-damage|p1a: Celebi|44/100
|-unboost|p2a: Celebi|spa|2
|
|-damage|p2a: Celebi|69/100 tox|[from] psn
|upkeep
|turn|8
|
|t:|1625832857
|switch|p2a: Incineroar|Incineroar, M|84/100
|-ability|p2a: Incineroar|Intimidate|boost
|-unboost|p1a: Celebi|atk|1
|move|p1a: Celebi|Recover|p1a: Celebi
|-heal|p1a: Celebi|94/100
|
|upkeep
|turn|9
|
|t:|1625832861
|switch|p1a: Gastrodon|Gastrodon-East, F|81/100
|move|p2a: Incineroar|U-turn|p1a: Gastrodon
|-damage|p1a: Gastrodon|66/100
|
|t:|1625832875
|switch|p2a: Celebi|Celebi|69/100|[from]move: U-turn
|
|-heal|p1a: Gastrodon|72/100|[from] item: Leftovers
|upkeep
|turn|10
|
|t:|1625832881
|switch|p1a: Celebi|Celebi|94/100
|move|p2a: Celebi|Recover|p2a: Celebi
|-heal|p2a: Celebi|100/100
|
|upkeep
|turn|11
|
|t:|1625832892
|switch|p1a: Registeel|Registeel|53/100
|switch|p2a: Incineroar|Incineroar, M|84/100
|-ability|p2a: Incineroar|Intimidate|boost
|-fail|p1a: Registeel|unboost|[from] ability: Clear Body|[of] p1a: Registeel
|
|-heal|p1a: Registeel|59/100|[from] item: Leftovers
|upkeep
|turn|12
|
|t:|1625832898
|switch|p2a: Flygon|Flygon, M|100/100
|move|p1a: Registeel|Protect||[still]
|-fail|p1a: Registeel
|
|-heal|p1a: Registeel|65/100|[from] item: Leftovers
|upkeep
|turn|13
|
|t:|1625832905
|switch|p2a: Metagross|Metagross|100/100
|move|p1a: Registeel|Protect||[still]
|-fail|p1a: Registeel
|
|-heal|p1a: Registeel|71/100|[from] item: Leftovers
|upkeep
|turn|14
|
|t:|1625832910
|switch|p1a: Gastrodon|Gastrodon-East, F|72/100
|move|p2a: Metagross|Earthquake|p1a: Gastrodon
|-damage|p1a: Gastrodon|45/100
|
|-heal|p1a: Gastrodon|51/100|[from] item: Leftovers
|upkeep
|turn|15
|
|t:|1625832915
|move|p2a: Metagross|Toxic|p1a: Gastrodon
|-status|p1a: Gastrodon|tox
|move|p1a: Gastrodon|Recover|p1a: Gastrodon
|-heal|p1a: Gastrodon|100/100 tox
|
|-damage|p1a: Gastrodon|94/100 tox|[from] psn
|upkeep
|turn|16
|
|t:|1625832923
|move|p2a: Metagross|Protect|p2a: Metagross
|-singleturn|p2a: Metagross|Protect
|move|p1a: Gastrodon|Scald|p2a: Metagross
|-activate|p2a: Metagross|move: Protect
|
|-heal|p1a: Gastrodon|100/100 tox|[from] item: Leftovers
|-damage|p1a: Gastrodon|88/100 tox|[from] psn
|upkeep
|turn|17
|
|t:|1625832928
|move|p2a: Metagross|Toxic|p1a: Gastrodon
|-fail|p1a: Gastrodon|tox
|move|p1a: Gastrodon|Scald|p2a: Metagross
|-damage|p2a: Metagross|76/100
|
|-heal|p2a: Metagross|82/100|[from] item: Leftovers
|-heal|p1a: Gastrodon|94/100 tox|[from] item: Leftovers
|-damage|p1a: Gastrodon|76/100 tox|[from] psn
|upkeep
|turn|18
|
|t:|1625832934
|switch|p2a: Flygon|Flygon, M|100/100
|switch|p1a: Flygon|Flygon, M|100/100
|
|upkeep
|turn|19
|
|t:|1625832939
|move|p2a: Flygon|Defog|p1a: Flygon
|-unboost|p1a: Flygon|evasion|1
|-sideend|p2: rult50dcem|Toxic Spikes|[from] move: Defog|[of] p2a: Flygon
|move|p1a: Flygon|U-turn|p2a: Flygon
|-damage|p2a: Flygon|81/100
|-damage|p1a: Flygon|84/100|[from] item: Rocky Helmet|[of] p2a: Flygon
|
|t:|1625832950
|switch|p1a: Gastrodon|Gastrodon-East, F|76/100 tox|[from]move: U-turn
|
|-heal|p1a: Gastrodon|82/100 tox|[from] item: Leftovers
|-damage|p1a: Gastrodon|76/100 tox|[from] psn
|upkeep
|turn|20
|
|t:|1625832953
|switch|p2a: Celebi|Celebi|100/100
|move|p1a: Gastrodon|Recover|p1a: Gastrodon
|-heal|p1a: Gastrodon|100/100 tox
|
|-damage|p1a: Gastrodon|88/100 tox|[from] psn
|upkeep
|turn|21
|
|t:|1625832961
|switch|p2a: Mienshao|Mienshao, F|84/100
|switch|p1a: Flygon|Flygon, M|84/100
|
|-heal|p1a: Flygon|90/100|[from] item: Leftovers
|upkeep
|turn|22
|
|t:|1625832965
|switch|p1a: Weezing|Weezing-Galar, F|83/100
|-ability|p1a: Weezing|Neutralizing Gas
|move|p2a: Mienshao|U-turn|p1a: Weezing
|-resisted|p1a: Weezing
|-damage|p1a: Weezing|79/100
|
|t:|1625832968
|switch|p2a: Flygon|Flygon, M|81/100|[from]move: U-turn
|
|upkeep
|turn|23
|
|t:|1625832972
|move|p2a: Flygon|Earthquake|p1a: Weezing
|-supereffective|p1a: Weezing
|-damage|p1a: Weezing|37/100
|move|p1a: Weezing|Toxic Spikes|p2a: Flygon
|-sidestart|p2: rult50dcem|move: Toxic Spikes
|
|upkeep
|turn|24
|
|t:|1625832977
|move|p2a: Flygon|Defog|p1a: Weezing
|-unboost|p1a: Weezing|evasion|1
|-sideend|p2: rult50dcem|Toxic Spikes|[from] move: Defog|[of] p2a: Flygon
|move|p1a: Weezing|Pain Split|p2a: Flygon
|-sethp|p2a: Flygon|57/100|[from] move: Pain Split|[silent]
|-sethp|p1a: Weezing|62/100|[from] move: Pain Split
|
|upkeep
|turn|25
|
|t:|1625832984
|-end|p1a: Weezing|ability: Neutralizing Gas
|switch|p1a: Flygon|Flygon, M|90/100
|move|p2a: Flygon|Earthquake|p1a: Flygon
|-immune|p1a: Flygon|[from] ability: Levitate
|
|-heal|p1a: Flygon|96/100|[from] item: Leftovers
|upkeep
|turn|26
|
|t:|1625832991
|move|p2a: Flygon|Toxic|p1a: Flygon
|-status|p1a: Flygon|tox
|move|p1a: Flygon|U-turn|p2a: Flygon
|-damage|p2a: Flygon|40/100
|-damage|p1a: Flygon|80/100 tox|[from] item: Rocky Helmet|[of] p2a: Flygon
|
|t:|1625833008
|switch|p1a: Celebi|Celebi|94/100|[from]move: U-turn
|
|upkeep
|turn|27
|
|t:|1625833017
|switch|p2a: Incineroar|Incineroar, M|84/100
|-ability|p2a: Incineroar|Intimidate|boost
|-unboost|p1a: Celebi|atk|1
|switch|p1a: Weezing|Weezing-Galar, F|62/100
|-ability|p1a: Weezing|Neutralizing Gas
|
|upkeep
|turn|28
|
|t:|1625833022
|-end|p1a: Weezing|ability: Neutralizing Gas
|-ability|p2a: Incineroar|Intimidate|boost
|-unboost|p1a: Weezing|atk|1
|switch|p1a: Gastrodon|Gastrodon-East, F|88/100 tox
|move|p2a: Incineroar|Overheat|p1a: Gastrodon
|-resisted|p1a: Gastrodon
|-damage|p1a: Gastrodon|71/100 tox
|-unboost|p2a: Incineroar|spa|2
|
|-heal|p1a: Gastrodon|77/100 tox|[from] item: Leftovers
|-damage|p1a: Gastrodon|71/100 tox|[from] psn
|upkeep
|turn|29
|
|t:|1625833026
|move|p2a: Incineroar|U-turn|p1a: Gastrodon
|-damage|p1a: Gastrodon|57/100 tox
|
|t:|1625833029
|switch|p2a: Celebi|Celebi|100/100|[from]move: U-turn
|move|p1a: Gastrodon|Recover|p1a: Gastrodon
|-heal|p1a: Gastrodon|100/100 tox
|
|-damage|p1a: Gastrodon|88/100 tox|[from] psn
|upkeep
|turn|30
|
|t:|1625833034
|switch|p2a: Mienshao|Mienshao, F|84/100
|switch|p1a: Flygon|Flygon, M|80/100 tox
|
|-heal|p1a: Flygon|86/100 tox|[from] item: Leftovers
|-damage|p1a: Flygon|80/100 tox|[from] psn
|upkeep
|turn|31
|
|t:|1625833041
|switch|p1a: Weezing|Weezing-Galar, F|62/100
|-ability|p1a: Weezing|Neutralizing Gas
|move|p2a: Mienshao|U-turn|p1a: Weezing
|-resisted|p1a: Weezing
|-damage|p1a: Weezing|59/100
|
|t:|1625833045
|switch|p2a: Metagross|Metagross|82/100|[from]move: U-turn
|
|-heal|p2a: Metagross|88/100|[from] item: Leftovers
|upkeep
|turn|32
|
|t:|1625833053
|move|p2a: Metagross|Meteor Mash|p1a: Weezing
|-supereffective|p1a: Weezing
|-damage|p1a: Weezing|0 fnt
|-boost|p2a: Metagross|atk|1
|faint|p1a: Weezing
|-end|p1a: Weezing|ability: Neutralizing Gas
|
|-heal|p2a: Metagross|94/100|[from] item: Leftovers
|upkeep
|-message|toxrus1 forfeited.
|
|win|rult50dcem
|raw|toxrus1's rating: 1432 &rarr; <strong>1419</strong><br />(-13 for losing)
|raw|rult50dcem's rating: 1562 &rarr; <strong>1575</strong><br />(+13 for winning)
