|j|☆imsobaked
|j|☆literallyfreemoney
|t:|1653597365
|gametype|singles
|player|p1|imsobaked|hiker-gen4|1394
|player|p2|literallyfreemoney|pokemonbreeder-gen4|1240
|teamsize|p1|6
|teamsize|p2|6
|gen|8
|tier|[Gen 8] RU
|rated|
|rule|Sleep Clause Mod: Limit one foe put to sleep
|rule|Species Clause: Limit one of each Pokémon
|rule|OHKO Clause: OHKO moves are banned
|rule|Evasion Moves Clause: Evasion moves are banned
|rule|Endless Battle Clause: Forcing endless battles is banned
|rule|HP Percentage Mod: HP is shown in percentages
|rule|Dynamax Clause: You cannot dynamax
|clearpoke
|poke|p1|Aurorus, F|
|poke|p1|Sandslash-Alola, F|
|poke|p1|Arctovish|
|poke|p1|Hitmontop, M|
|poke|p1|Abomasnow, F|
|poke|p1|Crobat, F|
|poke|p2|Salazzle, F|
|poke|p2|Steelix, F|
|poke|p2|Golisopod, F|
|poke|p2|Crobat, F|
|poke|p2|Sylveon, M|
|poke|p2|Zoroark, M|
|teampreview
|inactive|Battle timer is ON: inactive players will automatically lose when time's up. (requested by imsobaked)
|
|t:|1653597400
|start
|switch|p1a: Aurorus|Aurorus, F|100/100
|switch|p2a: Steelix|Steelix, F|100/100
|-weather|Hail|[from] ability: Snow Warning|[of] p1a: Aurorus
|turn|1
|
|t:|1653597408
|move|p1a: Aurorus|Earth Power|p2a: Steelix
|-supereffective|p2a: Steelix
|-damage|p2a: Steelix|22/100
|move|p2a: Steelix|Stealth Rock|p1a: Aurorus
|-sidestart|p1: imsobaked|move: Stealth Rock
|
|-weather|Hail|[upkeep]
|-damage|p2a: Steelix|16/100|[from] Hail
|-heal|p2a: Steelix|22/100|[from] item: Leftovers
|upkeep
|turn|2
|
|t:|1653597417
|move|p1a: Aurorus|Blizzard|p2a: Steelix
|-damage|p2a: Steelix|0 fnt
|faint|p2a: Steelix
|
|-weather|Hail|[upkeep]
|upkeep
|
|t:|1653597424
|switch|p2a: *w*G O A L I E*w*|Golisopod, F|100/100
|turn|3
|
|t:|1653597427
|move|p1a: Aurorus|Stealth Rock|p2a: *w*G O A L I E*w*
|-sidestart|p2: literallyfreemoney|move: Stealth Rock
|move|p2a: *w*G O A L I E*w*|Liquidation|p1a: Aurorus
|-supereffective|p1a: Aurorus
|-crit|p1a: Aurorus
|-enditem|p1a: Aurorus|Focus Sash
|-damage|p1a: Aurorus|1/100
|
|-weather|Hail|[upkeep]
|-damage|p2a: *w*G O A L I E*w*|94/100|[from] Hail
|upkeep
|turn|4
|
|t:|1653597436
|switch|p2a: Brave Bat|Crobat, F|100/100
|move|p1a: Aurorus|Encore||[still]
|-fail|p1a: Aurorus
|
|-weather|Hail|[upkeep]
|-damage|p2a: Brave Bat|94/100|[from] Hail
|upkeep
|turn|5
|
|t:|1653597439
|move|p2a: Brave Bat|Brave Bird|p1a: Aurorus
|-resisted|p1a: Aurorus
|-damage|p1a: Aurorus|0 fnt
|faint|p1a: Aurorus
|-damage|p2a: Brave Bat|94/100|[from] Recoil
|
|-weather|none
|upkeep
|
|t:|1653597448
|switch|p1a: Sandslash|Sandslash-Alola, F|100/100
|-damage|p1a: Sandslash|88/100|[from] Stealth Rock
|turn|6
|
|t:|1653597457
|move|p2a: Brave Bat|Taunt|p1a: Sandslash
|-start|p1a: Sandslash|move: Taunt
|move|p1a: Sandslash|Knock Off|p2a: Brave Bat
|-damage|p2a: Brave Bat|65/100
|-enditem|p2a: Brave Bat|Heavy-Duty Boots|[from] move: Knock Off|[of] p1a: Sandslash
|
|upkeep
|turn|7
|
|t:|1653597462
|move|p2a: Brave Bat|Roost|p2a: Brave Bat
|-heal|p2a: Brave Bat|100/100
|-singleturn|p2a: Brave Bat|move: Roost
|move|p1a: Sandslash|Knock Off|p2a: Brave Bat
|-damage|p2a: Brave Bat|80/100
|
|upkeep
|turn|8
|
|t:|1653597467
|move|p2a: Brave Bat|Brave Bird|p1a: Sandslash
|-resisted|p1a: Sandslash
|-damage|p1a: Sandslash|71/100
|-damage|p2a: Brave Bat|76/100|[from] Recoil
|move|p1a: Sandslash|Knock Off|p2a: Brave Bat
|-damage|p2a: Brave Bat|53/100
|
|-end|p1a: Sandslash|move: Taunt
|upkeep
|turn|9
|
|t:|1653597472
|move|p2a: Brave Bat|Taunt|p1a: Sandslash
|-start|p1a: Sandslash|move: Taunt
|move|p1a: Sandslash|Earthquake|p2a: Brave Bat
|-immune|p2a: Brave Bat
|
|upkeep
|turn|10
|
|t:|1653597475
|move|p2a: Brave Bat|Roost|p2a: Brave Bat
|-heal|p2a: Brave Bat|100/100
|-singleturn|p2a: Brave Bat|move: Roost
|move|p1a: Sandslash|Triple Axel|p2a: Brave Bat
|-damage|p2a: Brave Bat|88/100
|-damage|p2a: Brave Bat|66/100
|-hitcount|p2a: Brave Bat|2
|
|upkeep
|turn|11
|
|t:|1653597483
|switch|p2a: *w*G O A L I E*w*|Golisopod, F|94/100
|move|p1a: Sandslash|Knock Off|p2a: *w*G O A L I E*w*
|-damage|p2a: *w*G O A L I E*w*|72/100
|-enditem|p2a: *w*G O A L I E*w*|Heavy-Duty Boots|[from] move: Knock Off|[of] p1a: Sandslash
|
|-end|p1a: Sandslash|move: Taunt
|upkeep
|turn|12
|
|t:|1653597492
|switch|p1a: Crobat|Crobat, F|100/100
|-damage|p1a: Crobat|76/100|[from] Stealth Rock
|move|p2a: *w*G O A L I E*w*|Liquidation|p1a: Crobat
|-damage|p1a: Crobat|29/100
|-damage|p2a: *w*G O A L I E*w*|55/100|[from] item: Rocky Helmet|[of] p1a: Crobat
|
|upkeep
|turn|13
|
|t:|1653597502
|switch|p2a: Sylveon|Sylveon, M|100/100
|-damage|p2a: Sylveon|88/100|[from] Stealth Rock
|move|p1a: Crobat|Roost|p1a: Crobat
|-heal|p1a: Crobat|80/100
|-singleturn|p1a: Crobat|move: Roost
|
|-heal|p2a: Sylveon|94/100|[from] item: Leftovers
|upkeep
|turn|14
|
|t:|1653597507
|move|p1a: Crobat|Toxic|p2a: Sylveon
|-status|p2a: Sylveon|tox
|move|p2a: Sylveon|Wish|p2a: Sylveon
|
|-heal|p2a: Sylveon|99/100 tox|[from] item: Leftovers
|-damage|p2a: Sylveon|94/100 tox|[from] psn
|upkeep
|turn|15
|
|t:|1653597526
|switch|p2a: Jam Jam|Salazzle, F|100/100
|-damage|p2a: Jam Jam|76/100|[from] Stealth Rock
|move|p1a: Crobat|Brave Bird|p2a: Jam Jam
|-damage|p2a: Jam Jam|8/100
|-damage|p1a: Crobat|63/100|[from] Recoil
|
|-heal|p2a: Jam Jam|77/100|[from] move: Wish|[wisher] Sylveon
|upkeep
|turn|16
|
|t:|1653597539
|move|p1a: Crobat|Brave Bird|p2a: Jam Jam
|-damage|p2a: Jam Jam|12/100
|-damage|p1a: Crobat|47/100|[from] Recoil
|move|p2a: Jam Jam|Toxic|p1a: Crobat
|-status|p1a: Crobat|tox
|
|-damage|p1a: Crobat|41/100 tox|[from] psn
|upkeep
|turn|17
|
|t:|1653597547
|move|p1a: Crobat|Roost|p1a: Crobat
|-heal|p1a: Crobat|91/100 tox
|-singleturn|p1a: Crobat|move: Roost
|move|p2a: Jam Jam|Overheat|p1a: Crobat
|-damage|p1a: Crobat|10/100 tox
|-unboost|p2a: Jam Jam|spa|2
|-damage|p2a: Jam Jam|2/100|[from] item: Life Orb
|
|-damage|p1a: Crobat|0 fnt|[from] psn
|faint|p1a: Crobat
|upkeep
|
|t:|1653597556
|switch|p1a: Hitmontop|Hitmontop, M|100/100
|-damage|p1a: Hitmontop|95/100|[from] Stealth Rock
|turn|18
|
|t:|1653597560
|move|p1a: Hitmontop|Mach Punch|p2a: Jam Jam
|-resisted|p2a: Jam Jam
|-damage|p2a: Jam Jam|0 fnt
|faint|p2a: Jam Jam
|
|upkeep
|
|t:|1653597567
|switch|p2a: Brave Bat|Crobat, F|66/100
|-damage|p2a: Brave Bat|41/100|[from] Stealth Rock
|turn|19
|
|t:|1653597573
|switch|p1a: Sandslash|Sandslash-Alola, F|71/100
|-damage|p1a: Sandslash|58/100|[from] Stealth Rock
|move|p2a: Brave Bat|Brave Bird|p1a: Sandslash
|-resisted|p1a: Sandslash
|-damage|p1a: Sandslash|38/100
|-damage|p2a: Brave Bat|36/100|[from] Recoil
|
|upkeep
|turn|20
|
|t:|1653597585
|move|p2a: Brave Bat|Brave Bird|p1a: Sandslash
|-resisted|p1a: Sandslash
|-damage|p1a: Sandslash|20/100
|-damage|p2a: Brave Bat|31/100|[from] Recoil
|move|p1a: Sandslash|Earthquake|p2a: Brave Bat
|-immune|p2a: Brave Bat
|
|upkeep
|turn|21
|
|t:|1653597592
|move|p2a: Brave Bat|Brave Bird|p1a: Sandslash
|-resisted|p1a: Sandslash
|-damage|p1a: Sandslash|2/100
|-damage|p2a: Brave Bat|26/100|[from] Recoil
|move|p1a: Sandslash|Earthquake|p2a: Brave Bat
|-immune|p2a: Brave Bat
|
|upkeep
|turn|22
|
|t:|1653597595
|move|p2a: Brave Bat|Brave Bird|p1a: Sandslash
|-resisted|p1a: Sandslash
|-damage|p1a: Sandslash|0 fnt
|faint|p1a: Sandslash
|-damage|p2a: Brave Bat|26/100|[from] Recoil
|
|upkeep
|
|t:|1653597598
|switch|p1a: Abomasnow|Abomasnow, F|100/100
|-damage|p1a: Abomasnow|76/100|[from] Stealth Rock
|-weather|Hail|[from] ability: Snow Warning|[of] p1a: Abomasnow
|turn|23
|
|t:|1653597610
|switch|p2a: Sylveon|Sylveon, M|94/100 tox
|-damage|p2a: Sylveon|82/100 tox|[from] Stealth Rock
|move|p1a: Abomasnow|Ice Shard|p2a: Sylveon
|-damage|p2a: Sylveon|61/100 tox
|
|-weather|Hail|[upkeep]
|-damage|p2a: Sylveon|55/100 tox|[from] Hail
|-heal|p2a: Sylveon|61/100 tox|[from] item: Leftovers
|-damage|p2a: Sylveon|55/100 tox|[from] psn
|upkeep
|turn|24
|
|t:|1653597620
|move|p1a: Abomasnow|Wood Hammer|p2a: Sylveon
|-damage|p2a: Sylveon|0 fnt
|faint|p2a: Sylveon
|-damage|p1a: Abomasnow|54/100|[from] Recoil
|
|-weather|Hail|[upkeep]
|upkeep
|
|t:|1653597623
|switch|p2a: *w*G O A L I E*w*|Golisopod, F|100/100
|-damage|p2a: *w*G O A L I E*w*|88/100|[from] Stealth Rock
|turn|25
|
|t:|1653597628
|switch|p1a: Hitmontop|Hitmontop, M|95/100
|-damage|p1a: Hitmontop|89/100|[from] Stealth Rock
|move|p2a: *w*G O A L I E*w*|Flamethrower|p1a: Hitmontop
|-damage|p1a: Hitmontop|59/100
|
|-weather|Hail|[upkeep]
|-damage|p2a: *w*G O A L I E*w*|82/100|[from] Hail
|-damage|p1a: Hitmontop|53/100|[from] Hail
|upkeep
|turn|26
|
|t:|1653597647
|switch|p2a: *w*G O A L I E*w*|Golisopod, F|55/100
|-damage|p2a: *w*G O A L I E*w*|30/100|[from] Stealth Rock
|-activate|p2a: *w*G O A L I E*w*|ability: Emergency Exit
|
|t:|1653597651
|switch|p2a: Brave Bat|Crobat, F|26/100
|-damage|p2a: Brave Bat|1/100|[from] Stealth Rock
|move|p1a: Hitmontop|Rapid Spin|p2a: Brave Bat
|-damage|p2a: Brave Bat|0 fnt
|-boost|p1a: Hitmontop|spe|1
|-sideend|p1: imsobaked|Stealth Rock|[from] move: Rapid Spin|[of] p1a: Hitmontop
|faint|p2a: Brave Bat
|
|-weather|Hail|[upkeep]
|-damage|p1a: Hitmontop|47/100|[from] Hail
|upkeep
|
|t:|1653597657
|switch|p2a: *w*G O A L I E*w*|Golisopod, F|30/100
|-damage|p2a: *w*G O A L I E*w*|5/100|[from] Stealth Rock
|turn|27
|
|t:|1653597659
|move|p2a: *w*G O A L I E*w*|First Impression|p1a: Hitmontop
|-resisted|p1a: Hitmontop
|-damage|p1a: Hitmontop|17/100
|move|p1a: Hitmontop|Mach Punch|p2a: *w*G O A L I E*w*
|-resisted|p2a: *w*G O A L I E*w*
|-damage|p2a: *w*G O A L I E*w*|0 fnt
|faint|p2a: *w*G O A L I E*w*
|
|-weather|Hail|[upkeep]
|-damage|p1a: Hitmontop|11/100|[from] Hail
|upkeep
|-message|literallyfreemoney forfeited.
|
|win|imsobaked
|raw|imsobaked's rating: 1394 &rarr; <strong>1406</strong><br />(+12 for winning)
|raw|literallyfreemoney's rating: 1240 &rarr; <strong>1225</strong><br />(-15 for losing)
|l|☆literallyfreemoney
||Ladder isn't responding, score probably updated but might not have (Request timeout).
