|j|☆Galileo Glalie 2
|j|☆JHylard
|player|p1|Galileo Glalie 2|230|1278
|player|p2|JHylard|sailor|1176
|teamsize|p1|6
|teamsize|p2|6
|gametype|singles
|gen|8
|tier|[Gen 8] RU
|rated|
|clearpoke
|poke|p1|Perrserker, F|
|poke|p1|Golurk|
|poke|p1|Ninjask, M|
|poke|p1|Rillaboom, M|
|poke|p1|Basculin, M|
|poke|p1|Pangoro, F|
|poke|p2|Mudsdale, F|
|poke|p2|Goodra, M|
|poke|p2|Butterfree, M|
|poke|p2|Arctovish|
|poke|p2|Dhelmise|
|poke|p2|Abomasnow, M|
|rule|Sleep Clause Mod: Limit one foe put to sleep
|rule|Species Clause: Limit one of each Pokémon
|rule|OHKO Clause: OHKO moves are banned
|rule|Evasion Moves Clause: Evasion moves are banned
|rule|Endless Battle Clause: Forcing endless battles is banned
|rule|HP Percentage Mod: HP is shown in percentages
|rule|Dynamax Clause: You cannot dynamax
|teampreview
|c|☆JHylard|glhf
|
|start
|switch|p1a: Rillaboom|Rillaboom, M|100/100
|switch|p2a: Abomasnow|Abomasnow, M|100/100
|-weather|Hail|[from] ability: Snow Warning|[of] p2a: Abomasnow
|turn|1
|inactive|Battle timer is ON: inactive players will automatically lose when time's up. (requested by Galileo Glalie 2)
|c|☆Galileo Glalie 2|thx u2
|
|move|p1a: Rillaboom|Drain Punch|p2a: Abomasnow
|-supereffective|p2a: Abomasnow
|-damage|p2a: Abomasnow|20/100
|move|p2a: Abomasnow|Aurora Veil|p2a: Abomasnow
|-sidestart|p2: JHylard|move: Aurora Veil
|
|-weather|Hail|[upkeep]
|-damage|p1a: Rillaboom|94/100|[from] Hail
|upkeep
|turn|2
|
|switch|p1a: Golurk|Golurk|100/100
|switch|p2a: Dhelmise|Dhelmise|100/100
|
|-weather|Hail|[upkeep]
|-damage|p1a: Golurk|94/100|[from] Hail
|-damage|p2a: Dhelmise|94/100|[from] Hail
|upkeep
|turn|3
|
|move|p1a: Golurk|Stealth Rock|p2a: Dhelmise
|-sidestart|p2: JHylard|move: Stealth Rock
|move|p2a: Dhelmise|Power Whip|p1a: Golurk
|-supereffective|p1a: Golurk
|-damage|p1a: Golurk|0 fnt
|faint|p1a: Golurk
|
|-weather|Hail|[upkeep]
|-damage|p2a: Dhelmise|88/100|[from] Hail
|upkeep
|
|switch|p1a: Pangoro|Pangoro, F|100/100
|turn|4
|
|move|p1a: Pangoro|Throat Chop|p2a: Dhelmise
|-supereffective|p2a: Dhelmise
|-damage|p2a: Dhelmise|17/100
|-start|p2a: Dhelmise|Throat Chop|[silent]
|move|p2a: Dhelmise|Rapid Spin|p1a: Pangoro
|-damage|p1a: Pangoro|75/100
|-sideend|p2: JHylard|Stealth Rock|[from] move: Rapid Spin|[of] p2a: Dhelmise
|-boost|p2a: Dhelmise|spe|1
|
|-weather|Hail|[upkeep]
|-damage|p1a: Pangoro|69/100|[from] Hail
|-damage|p2a: Dhelmise|11/100|[from] Hail
|upkeep
|turn|5
|
|switch|p2a: Mudsdale|Mudsdale, F|100/100
|move|p1a: Pangoro|Throat Chop|p2a: Mudsdale
|-damage|p2a: Mudsdale|72/100
|-ability|p2a: Mudsdale|Stamina|boost
|-boost|p2a: Mudsdale|def|1
|-start|p2a: Mudsdale|Throat Chop|[silent]
|
|-weather|none
|-heal|p2a: Mudsdale|78/100|[from] item: Leftovers
|upkeep
|turn|6
|c|☆Galileo Glalie 2|my choice band team cant beat this lol
|
|switch|p1a: Basculin|Basculin, M|100/100
|move|p2a: Mudsdale|Body Press|p1a: Basculin
|-damage|p1a: Basculin|52/100
|
|-heal|p2a: Mudsdale|84/100|[from] item: Leftovers
|-end|p2a: Mudsdale|Throat Chop|[silent]
|upkeep
|turn|7
|c|☆JHylard|e-e
|
|switch|p1a: Ninjask|Ninjask, M|100/100
|move|p2a: Mudsdale|Earthquake|p1a: Ninjask
|-immune|p1a: Ninjask
|
|-heal|p2a: Mudsdale|91/100|[from] item: Leftovers
|upkeep
|turn|8
|c|☆Galileo Glalie 2|i got counter teamed
|
|switch|p1a: Basculin|Basculin, M|52/100
|move|p2a: Mudsdale|Heavy Slam|p1a: Basculin
|-resisted|p1a: Basculin
|-damage|p1a: Basculin|14/100
|
|-heal|p2a: Mudsdale|97/100|[from] item: Leftovers
|-sideend|p2: JHylard|move: Aurora Veil
|upkeep
|turn|9
|
|move|p1a: Basculin|Waterfall|p2a: Mudsdale
|-supereffective|p2a: Mudsdale
|-damage|p2a: Mudsdale|18/100
|-ability|p2a: Mudsdale|Stamina|boost
|-boost|p2a: Mudsdale|def|1
|move|p2a: Mudsdale|Stealth Rock|p1a: Basculin
|-sidestart|p1: Galileo Glalie 2|move: Stealth Rock
|
|-heal|p2a: Mudsdale|24/100|[from] item: Leftovers
|upkeep
|turn|10
|
|move|p1a: Basculin|Waterfall|p2a: Mudsdale
|-supereffective|p2a: Mudsdale
|-damage|p2a: Mudsdale|0 fnt
|faint|p2a: Mudsdale
|
|upkeep
|
|switch|p2a: Abomasnow|Abomasnow, M|20/100
|-weather|Hail|[from] ability: Snow Warning|[of] p2a: Abomasnow
|turn|11
|
|switch|p2a: Dhelmise|Dhelmise|11/100
|move|p1a: Basculin|Waterfall|p2a: Dhelmise
|-resisted|p2a: Dhelmise
|-damage|p2a: Dhelmise|0 fnt
|faint|p2a: Dhelmise
|
|-weather|Hail|[upkeep]
|-damage|p1a: Basculin|8/100|[from] Hail
|upkeep
|
|switch|p2a: Arctovish|Arctovish|100/100
|turn|12
|
|move|p1a: Basculin|Waterfall|p2a: Arctovish
|-immune|p2a: Arctovish|[from] ability: Water Absorb
|move|p2a: Arctovish|Fishious Rend|p1a: Basculin
|-resisted|p1a: Basculin
|-damage|p1a: Basculin|0 fnt
|faint|p1a: Basculin
|
|-weather|Hail|[upkeep]
|upkeep
|
|switch|p1a: Perrserker|Perrserker, F|100/100
|-damage|p1a: Perrserker|94/100|[from] Stealth Rock
|turn|13
|c|☆JHylard|my arctovish with wrong set
|c|☆JHylard|...
|
|move|p2a: Arctovish|Fishious Rend|p1a: Perrserker
|-damage|p1a: Perrserker|0 fnt
|faint|p1a: Perrserker
|
|-weather|Hail|[upkeep]
|upkeep
|
|switch|p1a: Rillaboom|Rillaboom, M|94/100
|-damage|p1a: Rillaboom|82/100|[from] Stealth Rock
|turn|14
|
|switch|p2a: Goodra|Goodra, M|100/100
|move|p1a: Rillaboom|Wood Hammer|p2a: Goodra
|-ability|p2a: Goodra|Sap Sipper|boost
|-boost|p2a: Goodra|atk|1
|
|-weather|Hail|[upkeep]
|-damage|p1a: Rillaboom|76/100|[from] Hail
|-damage|p2a: Goodra|94/100|[from] Hail
|upkeep
|turn|15
|
|switch|p1a: Ninjask|Ninjask, M|100/100
|-damage|p1a: Ninjask|51/100|[from] Stealth Rock
|move|p2a: Goodra|Sludge Wave|p1a: Ninjask
|-damage|p1a: Ninjask|0 fnt
|faint|p1a: Ninjask
|
|-weather|none
|upkeep
|
|switch|p1a: Pangoro|Pangoro, F|69/100
|-damage|p1a: Pangoro|63/100|[from] Stealth Rock
|turn|16
|
|move|p1a: Pangoro|Throat Chop|p2a: Goodra
|-damage|p2a: Goodra|10/100
|-start|p2a: Goodra|Throat Chop|[silent]
|move|p2a: Goodra|Draco Meteor|p1a: Pangoro
|-damage|p1a: Pangoro|0 fnt
|-unboost|p2a: Goodra|spa|2
|faint|p1a: Pangoro
|
|upkeep
|
|switch|p1a: Rillaboom|Rillaboom, M|76/100
|-damage|p1a: Rillaboom|64/100|[from] Stealth Rock
|turn|17
|
|move|p1a: Rillaboom|Drain Punch|p2a: Goodra
|-damage|p2a: Goodra|0 fnt
|-heal|p1a: Rillaboom|69/100|[from] drain|[of] p2a: Goodra
|faint|p2a: Goodra
|
|upkeep
|
|switch|p2a: Abomasnow|Abomasnow, M|20/100
|-weather|Hail|[from] ability: Snow Warning|[of] p2a: Abomasnow
|turn|18
|
|move|p1a: Rillaboom|Drain Punch|p2a: Abomasnow
|-supereffective|p2a: Abomasnow
|-damage|p2a: Abomasnow|0 fnt
|-heal|p1a: Rillaboom|80/100|[from] drain|[of] p2a: Abomasnow
|faint|p2a: Abomasnow
|
|-weather|Hail|[upkeep]
|-damage|p1a: Rillaboom|74/100|[from] Hail
|upkeep
|
|switch|p2a: Butterfree|Butterfree, M|100/100
|turn|19
|
|move|p1a: Rillaboom|Drain Punch|p2a: Butterfree
|-resisted|p2a: Butterfree
|-damage|p2a: Butterfree|80/100
|-heal|p1a: Rillaboom|82/100|[from] drain|[of] p2a: Butterfree
|move|p2a: Butterfree|Hurricane|p1a: Rillaboom|[miss]
|-miss|p2a: Butterfree|p1a: Rillaboom
|
|-weather|Hail|[upkeep]
|-damage|p1a: Rillaboom|76/100|[from] Hail
|-damage|p2a: Butterfree|74/100|[from] Hail
|upkeep
|turn|20
|
|move|p1a: Rillaboom|Drain Punch|p2a: Butterfree
|-resisted|p2a: Butterfree
|-damage|p2a: Butterfree|52/100
|-heal|p1a: Rillaboom|84/100|[from] drain|[of] p2a: Butterfree
|move|p2a: Butterfree|Hurricane|p1a: Rillaboom
|-supereffective|p1a: Rillaboom
|-crit|p1a: Rillaboom
|-damage|p1a: Rillaboom|0 fnt
|faint|p1a: Rillaboom
|
|win|JHylard
|c|☆JHylard|gg
|c|☆Galileo Glalie 2|gg
|l|☆Galileo Glalie 2
