|j|☆KOD2099
|j|☆kerorek
|t:|1663340944
|gametype|singles
|player|p1|KOD2099|pokemonrangerf|1340
|player|p2|kerorek|lass-gen4dp|1518
|teamsize|p1|6
|teamsize|p2|6
|gen|8
|tier|[Gen 8] RU
|rated|
|rule|Sleep Clause Mod: Limit one foe put to sleep
|rule|Species Clause: Limit one of each Pokémon
|rule|OHKO Clause: OHKO moves are banned
|rule|Evasion Items Clause: Evasion items are banned
|rule|Evasion Moves Clause: Evasion moves are banned
|rule|Endless Battle Clause: Forcing endless battles is banned
|rule|HP Percentage Mod: HP is shown in percentages
|rule|Dynamax Clause: You cannot dynamax
|clearpoke
|poke|p1|Heracross, F|
|poke|p1|Registeel|
|poke|p1|Milotic, M|
|poke|p1|Reuniclus, F|
|poke|p1|Togekiss, F|
|poke|p1|Xurkitree|
|poke|p2|Zoroark, M|
|poke|p2|Mantine, F|
|poke|p2|Vanilluxe, F|
|poke|p2|Archeops, M|
|poke|p2|Comfey, F|
|poke|p2|Togedemaru, M|
|teampreview
|inactive|Battle timer is ON: inactive players will automatically lose when time's up. (requested by KOD2099)
|
|t:|1663340960
|start
|switch|p1a: Milotic|Milotic, M|100/100
|switch|p2a: Archeops|Archeops, M|100/100
|turn|1
|
|t:|1663340967
|move|p2a: Archeops|U-turn|p1a: Milotic
|-damage|p1a: Milotic|79/100
|
|t:|1663340976
|switch|p2a: Vanilluxe|Vanilluxe, F|100/100|[from]move: U-turn
|-weather|Hail|[from] ability: Snow Warning|[of] p2a: Vanilluxe
|move|p1a: Milotic|Scald|p2a: Vanilluxe
|-damage|p2a: Vanilluxe|62/100
|
|-weather|Hail|[upkeep]
|-damage|p1a: Milotic|73/100|[from] Hail
|-heal|p1a: Milotic|79/100|[from] item: Leftovers
|upkeep
|turn|2
|
|t:|1663340990
|switch|p2a: Archeops|Archeops, M|100/100
|switch|p1a: Registeel|Registeel|100/100
|
|-weather|Hail|[upkeep]
|-damage|p2a: Archeops|94/100|[from] Hail
|-damage|p1a: Registeel|94/100|[from] Hail
|-heal|p1a: Registeel|100/100|[from] item: Leftovers
|upkeep
|turn|3
|
|t:|1663340998
|move|p2a: Archeops|Low Kick|p1a: Registeel
|-supereffective|p1a: Registeel
|-damage|p1a: Registeel|31/100
|move|p1a: Registeel|Heavy Slam|p2a: Archeops
|-damage|p2a: Archeops|64/100
|replace|p2a: Zoroark|Zoroark, M, shiny
|-end|p2a: Zoroark|Illusion
|
|-weather|Hail|[upkeep]
|-damage|p2a: Zoroark|58/100|[from] Hail
|-damage|p1a: Registeel|25/100|[from] Hail
|-heal|p1a: Registeel|31/100|[from] item: Leftovers
|upkeep
|turn|4
|
|t:|1663341007
|switch|p2a: Vanilluxe|Vanilluxe, F|62/100
|switch|p1a: Milotic|Milotic, M|79/100
|
|-weather|Hail|[upkeep]
|-damage|p1a: Milotic|73/100|[from] Hail
|-heal|p1a: Milotic|79/100|[from] item: Leftovers
|upkeep
|turn|5
|
|t:|1663341013
|switch|p1a: Reuniclus|Reuniclus, F|100/100
|move|p2a: Vanilluxe|Blizzard|p1a: Reuniclus
|-damage|p1a: Reuniclus|63/100
|
|-weather|none
|upkeep
|turn|6
|
|t:|1663341028
|switch|p2a: Mantine|Mantine, F|100/100
|move|p1a: Reuniclus|Focus Blast|p2a: Mantine|[miss]
|-miss|p1a: Reuniclus|p2a: Mantine
|
|upkeep
|turn|7
|
|t:|1663341042
|move|p2a: Mantine|Scald|p1a: Reuniclus
|-damage|p1a: Reuniclus|52/100
|move|p1a: Reuniclus|Future Sight|p2a: Mantine
|-start|p1a: Reuniclus|move: Future Sight
|
|upkeep
|turn|8
|
|t:|1663341047
|switch|p1a: Milotic|Milotic, M|79/100
|move|p2a: Mantine|Toxic|p1a: Milotic
|-status|p1a: Milotic|tox
|
|-heal|p1a: Milotic|85/100 tox|[from] item: Leftovers
|-damage|p1a: Milotic|79/100 tox|[from] psn
|upkeep
|turn|9
|
|t:|1663341050
|switch|p2a: Togedemaru|Togedemaru, M|100/100
|move|p1a: Milotic|Toxic|p2a: Togedemaru
|-immune|p2a: Togedemaru
|
|-end|p2a: Togedemaru|move: Future Sight
|-resisted|p2a: Togedemaru
|-damage|p2a: Togedemaru|75/100
|-heal|p2a: Togedemaru|81/100|[from] item: Leftovers
|-heal|p1a: Milotic|85/100 tox|[from] item: Leftovers
|-damage|p1a: Milotic|73/100 tox|[from] psn
|upkeep
|turn|10
|
|t:|1663341057
|move|p2a: Togedemaru|Wish|p2a: Togedemaru
|move|p1a: Milotic|Flip Turn|p2a: Togedemaru
|-damage|p2a: Togedemaru|61/100
|
|t:|1663341060
|switch|p1a: Heracross|Heracross, F|100/100|[from]move: Flip Turn
|
|-heal|p2a: Togedemaru|67/100|[from] item: Leftovers
|-status|p1a: Heracross|brn|[from] item: Flame Orb
|upkeep
|turn|11
|
|t:|1663341067
|switch|p2a: Comfey|Comfey, F|100/100
|move|p1a: Heracross|Close Combat|p2a: Comfey
|-resisted|p2a: Comfey
|-damage|p2a: Comfey|64/100
|-unboost|p1a: Heracross|def|1
|-unboost|p1a: Heracross|spd|1
|-damage|p1a: Heracross|84/100 brn|[from] item: Rocky Helmet|[of] p2a: Comfey
|
|-heal|p2a: Comfey|100/100|[from] move: Wish|[wisher] Togedemaru
|-damage|p1a: Heracross|78/100 brn|[from] brn
|upkeep
|turn|12
|
|t:|1663341073
|switch|p1a: Registeel|Registeel|31/100
|move|p2a: Comfey|U-turn|p1a: Registeel
|-resisted|p1a: Registeel
|-damage|p1a: Registeel|28/100
|
|t:|1663341087
|switch|p2a: Archeops|Archeops, M|58/100|[from]move: U-turn
|
|-heal|p1a: Registeel|34/100|[from] item: Leftovers
|upkeep
|turn|13
|
|t:|1663341090
|switch|p1a: Togekiss|Togekiss, F|100/100
|move|p2a: Archeops|Knock Off|p1a: Togekiss
|-resisted|p1a: Togekiss
|-damage|p1a: Togekiss|67/100
|-enditem|p1a: Togekiss|Heavy-Duty Boots|[from] move: Knock Off|[of] p2a: Archeops
|
|upkeep
|turn|14
|
|t:|1663341098
|switch|p2a: Togedemaru|Togedemaru, M|67/100
|move|p1a: Togekiss|Air Slash|p2a: Togedemaru
|-resisted|p2a: Togedemaru
|-damage|p2a: Togedemaru|60/100
|
|-heal|p2a: Togedemaru|66/100|[from] item: Leftovers
|upkeep
|turn|15
|
|t:|1663341102
|switch|p1a: Reuniclus|Reuniclus, F|85/100
|move|p2a: Togedemaru|Wish|p2a: Togedemaru
|
|-heal|p2a: Togedemaru|72/100|[from] item: Leftovers
|upkeep
|turn|16
|
|t:|1663341111
|move|p2a: Togedemaru|U-turn|p1a: Reuniclus
|-supereffective|p1a: Reuniclus
|-damage|p1a: Reuniclus|54/100
|
|t:|1663341117
|switch|p2a: Mantine|Mantine, F|100/100|[from]move: U-turn
|move|p1a: Reuniclus|Focus Blast|p2a: Mantine
|-resisted|p2a: Mantine
|-damage|p2a: Mantine|87/100
|
|-heal|p2a: Mantine|100/100|[from] move: Wish|[wisher] Togedemaru
|upkeep
|turn|17
|
|t:|1663341122
|move|p2a: Mantine|Toxic|p1a: Reuniclus
|-status|p1a: Reuniclus|tox
|move|p1a: Reuniclus|Future Sight|p2a: Mantine
|-start|p1a: Reuniclus|move: Future Sight
|
|-damage|p1a: Reuniclus|48/100 tox|[from] psn
|upkeep
|turn|18
|
|t:|1663341128
|switch|p2a: Togedemaru|Togedemaru, M|72/100
|switch|p1a: Xurkitree|Xurkitree|100/100
|
|-heal|p2a: Togedemaru|78/100|[from] item: Leftovers
|upkeep
|turn|19
|
|t:|1663341132
|switch|p1a: Milotic|Milotic, M|73/100 tox
|move|p2a: Togedemaru|Wish|p2a: Togedemaru
|
|-end|p2a: Togedemaru|move: Future Sight
|-resisted|p2a: Togedemaru
|-damage|p2a: Togedemaru|53/100
|-heal|p2a: Togedemaru|59/100|[from] item: Leftovers
|-heal|p1a: Milotic|79/100 tox|[from] item: Leftovers
|-damage|p1a: Milotic|73/100 tox|[from] psn
|upkeep
|turn|20
|
|t:|1663341138
|move|p2a: Togedemaru|U-turn|p1a: Milotic
|-damage|p1a: Milotic|64/100 tox
|
|t:|1663341142
|switch|p2a: Vanilluxe|Vanilluxe, F|62/100|[from]move: U-turn
|-weather|Hail|[from] ability: Snow Warning|[of] p2a: Vanilluxe
|move|p1a: Milotic|Flip Turn|p2a: Vanilluxe
|-damage|p2a: Vanilluxe|46/100
|
|t:|1663341147
|switch|p1a: Registeel|Registeel|34/100|[from]move: Flip Turn
|
|-weather|Hail|[upkeep]
|-damage|p1a: Registeel|28/100|[from] Hail
|-heal|p2a: Vanilluxe|100/100|[from] move: Wish|[wisher] Togedemaru
|-heal|p1a: Registeel|34/100|[from] item: Leftovers
|upkeep
|turn|21
|
|t:|1663341151
|move|p2a: Vanilluxe|Blizzard|p1a: Registeel
|-resisted|p1a: Registeel
|-damage|p1a: Registeel|16/100
|move|p1a: Registeel|Stealth Rock|p2a: Vanilluxe
|-sidestart|p2: kerorek|move: Stealth Rock
|
|-weather|Hail|[upkeep]
|-damage|p1a: Registeel|10/100|[from] Hail
|-heal|p1a: Registeel|16/100|[from] item: Leftovers
|upkeep
|turn|22
|
|t:|1663341161
|move|p2a: Vanilluxe|Blizzard|p1a: Registeel
|-resisted|p1a: Registeel
|-damage|p1a: Registeel|0 fnt
|faint|p1a: Registeel
|
|-weather|Hail|[upkeep]
|upkeep
|
|t:|1663341162
|switch|p1a: Heracross|Heracross, F|78/100 brn
|turn|23
|
|t:|1663341168
|switch|p2a: Comfey|Comfey, F|100/100
|-damage|p2a: Comfey|88/100|[from] Stealth Rock
|move|p1a: Heracross|Facade|p2a: Comfey
|-damage|p2a: Comfey|31/100
|-damage|p1a: Heracross|61/100 brn|[from] item: Rocky Helmet|[of] p2a: Comfey
|
|-weather|Hail|[upkeep]
|-damage|p1a: Heracross|55/100 brn|[from] Hail
|-damage|p2a: Comfey|25/100|[from] Hail
|-damage|p1a: Heracross|49/100 brn|[from] brn
|upkeep
|turn|24
|
|t:|1663341173
|switch|p1a: Xurkitree|Xurkitree|100/100
|move|p2a: Comfey|U-turn|p1a: Xurkitree
|-damage|p1a: Xurkitree|88/100
|
|t:|1663341177
|switch|p2a: Togedemaru|Togedemaru, M|59/100|[from]move: U-turn
|-damage|p2a: Togedemaru|53/100|[from] Stealth Rock
|
|-weather|none
|-heal|p2a: Togedemaru|59/100|[from] item: Leftovers
|upkeep
|turn|25
|
|t:|1663341181
|switch|p1a: Reuniclus|Reuniclus, F|81/100 tox
|move|p2a: Togedemaru|Wish|p2a: Togedemaru
|
|-heal|p2a: Togedemaru|65/100|[from] item: Leftovers
|-damage|p1a: Reuniclus|75/100 tox|[from] psn
|upkeep
|turn|26
|
|t:|1663341192
|move|p2a: Togedemaru|Spiky Shield|p2a: Togedemaru
|-singleturn|p2a: Togedemaru|move: Protect
|move|p1a: Reuniclus|Focus Blast|p2a: Togedemaru
|-activate|p2a: Togedemaru|move: Protect
|
|-heal|p2a: Togedemaru|100/100|[from] move: Wish|[wisher] Togedemaru
|-damage|p1a: Reuniclus|63/100 tox|[from] psn
|upkeep
|turn|27
|
|t:|1663341196
|move|p2a: Togedemaru|U-turn|p1a: Reuniclus
|-supereffective|p1a: Reuniclus
|-damage|p1a: Reuniclus|27/100 tox
|
|t:|1663341198
|switch|p2a: Mantine|Mantine, F|100/100|[from]move: U-turn
|move|p1a: Reuniclus|Future Sight|p2a: Mantine
|-start|p1a: Reuniclus|move: Future Sight
|
|-damage|p1a: Reuniclus|9/100 tox|[from] psn
|upkeep
|turn|28
|
|t:|1663341204
|switch|p1a: Milotic|Milotic, M|64/100 tox
|move|p2a: Mantine|Defog|p1a: Milotic
|-unboost|p1a: Milotic|evasion|1
|-sideend|p2: kerorek|Stealth Rock|[from] move: Defog|[of] p2a: Mantine
|
|-heal|p1a: Milotic|70/100 tox|[from] item: Leftovers
|-damage|p1a: Milotic|64/100 tox|[from] psn
|upkeep
|turn|29
|
|t:|1663341211
|switch|p2a: Togedemaru|Togedemaru, M|100/100
|move|p1a: Milotic|Flip Turn|p2a: Togedemaru
|-damage|p2a: Togedemaru|82/100
|
|t:|1663341213
|switch|p1a: Heracross|Heracross, F|49/100 brn|[from]move: Flip Turn
|
|-end|p2a: Togedemaru|move: Future Sight
|-resisted|p2a: Togedemaru
|-damage|p2a: Togedemaru|56/100
|-heal|p2a: Togedemaru|62/100|[from] item: Leftovers
|-damage|p1a: Heracross|43/100 brn|[from] brn
|upkeep
|turn|30
|
|t:|1663341219
|move|p2a: Togedemaru|Spiky Shield|p2a: Togedemaru
|-singleturn|p2a: Togedemaru|move: Protect
|move|p1a: Heracross|Close Combat|p2a: Togedemaru
|-activate|p2a: Togedemaru|move: Protect
|-damage|p1a: Heracross|31/100 brn|[from] Spiky Shield|[of] p2a: Togedemaru
|
|-heal|p2a: Togedemaru|68/100|[from] item: Leftovers
|-damage|p1a: Heracross|25/100 brn|[from] brn
|upkeep
|turn|31
|
|t:|1663341224
|switch|p2a: Mantine|Mantine, F|100/100
|move|p1a: Heracross|Close Combat|p2a: Mantine
|-resisted|p2a: Mantine
|-damage|p2a: Mantine|64/100
|-unboost|p1a: Heracross|def|1
|-unboost|p1a: Heracross|spd|1
|
|-damage|p1a: Heracross|19/100 brn|[from] brn
|upkeep
|turn|32
|-message|KOD2099 forfeited.
|
|win|kerorek
|raw|KOD2099's rating: 1340 &rarr; <strong>1329</strong><br />(-11 for losing)
|raw|kerorek's rating: 1518 &rarr; <strong>1529</strong><br />(+11 for winning)
|l|☆KOD2099
||Ladder isn't responding, score probably updated but might not have (Request timeout).
