|j|☆i need l2p
|j|☆Tenshinhan
|t:|1646602166
|gametype|singles
|player|p1|i need l2p|aromalady|
|player|p2|Tenshinhan|169|
|teamsize|p1|6
|teamsize|p2|6
|gen|8
|tier|[Gen 8] RU
|rule|Sleep Clause Mod: Limit one foe put to sleep
|rule|Species Clause: Limit one of each Pokémon
|rule|OHKO Clause: OHKO moves are banned
|rule|Evasion Moves Clause: Evasion moves are banned
|rule|Endless Battle Clause: Forcing endless battles is banned
|rule|HP Percentage Mod: HP is shown in percentages
|rule|Dynamax Clause: You cannot dynamax
|clearpoke
|poke|p1|Aerodactyl, F|
|poke|p1|Silvally-*|
|poke|p1|Sharpedo, M|
|poke|p1|Mimikyu, F|
|poke|p1|Flygon, M|
|poke|p1|Cobalion|
|poke|p2|Porygon2|
|poke|p2|Heracross, M|
|poke|p2|Weezing-Galar, M|
|poke|p2|Vaporeon, F|
|poke|p2|Rotom-Mow|
|poke|p2|Nidoqueen, F|
|teampreview
|c|☆i need l2p|suerte
|j| Quarante8
|j| Oipon
|j| Skyrio
|j| SEASON MAD OVER
|c|☆Tenshinhan|Igual puto
|j| clean cuts
|j| Monitor of Sinnoh
|j| pais
|j| reymaki
|l| clean cuts
|
|t:|1646602245
|start
|switch|p1a: Aerodactyl|Aerodactyl, F|100/100
|switch|p2a: Rotom|Rotom-Mow|100/100
|-ability|p1a: Aerodactyl|Pressure
|turn|1
|inactive|Battle timer is ON: inactive players will automatically lose when time's up. (requested by Tenshinhan)
|j| clean cuts
|
|t:|1646602255
|move|p1a: Aerodactyl|Stealth Rock|p2a: Rotom
|-sidestart|p2: Tenshinhan|move: Stealth Rock
|move|p2a: Rotom|Volt Switch|p1a: Aerodactyl
|-supereffective|p1a: Aerodactyl
|-damage|p1a: Aerodactyl|6/100
|j| Nael222
|l| clean cuts
|
|t:|1646602271
|switch|p2a: Vaporeon|Vaporeon, F|100/100|[from]move: Volt Switch
|-damage|p2a: Vaporeon|88/100|[from] Stealth Rock
|
|-heal|p2a: Vaporeon|94/100|[from] item: Leftovers
|upkeep
|turn|2
|inactive|i need l2p has 270 seconds left.
|j| K3NIX0190
|j| clean cuts
|c| Nael222|you need l2p please
|c| Nael222|or season over
|l| K3NIX0190
|inactive|i need l2p has 240 seconds left.
|inactive|i need l2p has 210 seconds left.
|
|t:|1646602380
|move|p1a: Aerodactyl|Earthquake|p2a: Vaporeon
|-damage|p2a: Vaporeon|71/100
|move|p2a: Vaporeon|Scald|p1a: Aerodactyl
|-supereffective|p1a: Aerodactyl
|-damage|p1a: Aerodactyl|0 fnt
|faint|p1a: Aerodactyl
|
|-heal|p2a: Vaporeon|77/100|[from] item: Leftovers
|upkeep
|
|t:|1646602385
|switch|p1a: Silvally|Silvally-Ghost|100/100
|turn|3
|
|t:|1646602396
|switch|p2a: Porygon2|Porygon2|100/100
|-damage|p2a: Porygon2|88/100|[from] Stealth Rock
|move|p1a: Silvally|Swords Dance|p1a: Silvally
|-boost|p1a: Silvally|atk|2
|
|upkeep
|turn|4
|inactive|i need l2p has 210 seconds left.
|inactive|i need l2p has 180 seconds left.
|j| Oh Knicks
|
|t:|1646602445
|move|p1a: Silvally|Swords Dance|p1a: Silvally
|-boost|p1a: Silvally|atk|2
|move|p2a: Porygon2|Toxic|p1a: Silvally|[miss]
|-miss|p2a: Porygon2|p1a: Silvally
|
|upkeep
|turn|5
|inactive|i need l2p has 180 seconds left.
|l|ohknicks
|j| Uxilon
|j| K3NIX0190
|inactive|i need l2p has 150 seconds left.
|c| K3NIX0190|Culaso
|
|t:|1646602490
|move|p1a: Silvally|Flame Charge|p2a: Porygon2
|-damage|p2a: Porygon2|62/100
|-boost|p1a: Silvally|spe|1
|move|p2a: Porygon2|Toxic|p1a: Silvally|[miss]
|-miss|p2a: Porygon2|p1a: Silvally
|
|upkeep
|turn|6
|inactive|i need l2p has 150 seconds left.
|c|☆Tenshinhan|XDDDD
|c| K3NIX0190|How does he do it??
|c| SEASON MAD OVER|bruh it dont matter
|c| SEASON MAD OVER|go ahead miss 4 more
|c| pais|imagine not matter
|c| pais|in 2k22
|c| SEASON MAD OVER|we still not killing this
|inactive|i need l2p has 120 seconds left.
|c| Nael222|season saved ??????
|c| pais|bl*c is named culazo
|c| pais|for a reason
|c| K3NIX0190|Reveal a decent move moment
|c| pais|imagine revealing
|c| clean cuts|season saved
|c| pais|a decent move
|c| pais|in 2k22
|inactive|i need l2p has 90 seconds left.
|l| K3NIX0190
|
|t:|1646602579
|move|p1a: Silvally|Flame Charge|p2a: Porygon2
|-damage|p2a: Porygon2|36/100
|-boost|p1a: Silvally|spe|1
|move|p2a: Porygon2|Recover|p2a: Porygon2
|-heal|p2a: Porygon2|86/100
|
|upkeep
|turn|7
|c| SEASON MAD OVER|perdemos
|
|t:|1646602592
|move|p1a: Silvally|Swords Dance|p1a: Silvally
|-boost|p1a: Silvally|atk|2
|move|p2a: Porygon2|Ice Beam|p1a: Silvally
|-damage|p1a: Silvally|78/100
|
|upkeep
|turn|8
|
|t:|1646602598
|move|p1a: Silvally|Facade|p2a: Porygon2
|-damage|p2a: Porygon2|32/100
|move|p2a: Porygon2|Toxic|p1a: Silvally
|-status|p1a: Silvally|tox
|
|-damage|p1a: Silvally|72/100 tox|[from] psn
|upkeep
|turn|9
|c| pais|culazo?
|l| clean cuts
|
|t:|1646602618
|move|p1a: Silvally|Facade|p2a: Porygon2
|-damage|p2a: Porygon2|0 fnt
|faint|p2a: Porygon2
|
|-damage|p1a: Silvally|60/100 tox|[from] psn
|upkeep
|
|t:|1646602622
|switch|p2a: Vaporeon|Vaporeon, F|77/100
|-damage|p2a: Vaporeon|65/100|[from] Stealth Rock
|turn|10
|j| thepatatedouce
|
|t:|1646602625
|move|p2a: Vaporeon|Protect|p2a: Vaporeon
|-singleturn|p2a: Vaporeon|Protect
|move|p1a: Silvally|Multi-Attack|p2a: Vaporeon
|-activate|p2a: Vaporeon|move: Protect
|
|-heal|p2a: Vaporeon|71/100|[from] item: Leftovers
|-damage|p1a: Silvally|42/100 tox|[from] psn
|upkeep
|turn|11
|c| SEASON MAD OVER|pais bench me
|c| pais|cwl
|c| SEASON MAD OVER|i just wondered if facade works with freeze
|j| K3NIX0190
|c| pais|LMAO
|c| Nael222|lol
|
|t:|1646602647
|switch|p2a: Heracross|Heracross, M|100/100
|-damage|p2a: Heracross|88/100|[from] Stealth Rock
|move|p1a: Silvally|Multi-Attack|p2a: Heracross
|-damage|p2a: Heracross|0 fnt
|faint|p2a: Heracross
|
|-damage|p1a: Silvally|18/100 tox|[from] psn
|upkeep
|
|t:|1646602649
|switch|p2a: Vaporeon|Vaporeon, F|71/100
|-damage|p2a: Vaporeon|58/100|[from] Stealth Rock
|turn|12
|inactive|i need l2p has 120 seconds left.
|j| marcop9923
|inactive|i need l2p has 90 seconds left.
|l| marcop9923
|j| marcop9923
|l| K3NIX0190
|inactive|i need l2p has 60 seconds left.
|j| clean cuts
|
|t:|1646602733
|switch|p1a: Cobalion|Cobalion|100/100
|move|p2a: Vaporeon|Protect||[still]
|-fail|p2a: Vaporeon
|
|-heal|p2a: Vaporeon|65/100|[from] item: Leftovers
|upkeep
|turn|13
|
|t:|1646602738
|move|p1a: Cobalion|Swords Dance|p1a: Cobalion
|-boost|p1a: Cobalion|atk|2
|move|p2a: Vaporeon|Scald|p1a: Cobalion
|-damage|p1a: Cobalion|59/100
|
|-heal|p2a: Vaporeon|71/100|[from] item: Leftovers
|upkeep
|turn|14
|
|t:|1646602746
|move|p2a: Vaporeon|Protect|p2a: Vaporeon
|-singleturn|p2a: Vaporeon|Protect
|move|p1a: Cobalion|Close Combat|p2a: Vaporeon
|-activate|p2a: Vaporeon|move: Protect
|
|-heal|p2a: Vaporeon|77/100|[from] item: Leftovers
|upkeep
|turn|15
|
|t:|1646602750
|move|p1a: Cobalion|Close Combat|p2a: Vaporeon
|-damage|p2a: Vaporeon|3/100
|-unboost|p1a: Cobalion|def|1
|-unboost|p1a: Cobalion|spd|1
|move|p2a: Vaporeon|Scald|p1a: Cobalion
|-damage|p1a: Cobalion|0 fnt
|faint|p1a: Cobalion
|
|-heal|p2a: Vaporeon|9/100|[from] item: Leftovers
|upkeep
|j| K3NIX0190
|inactive|i need l2p has 60 seconds left.
|
|t:|1646602788
|switch|p1a: Mimikyu|Mimikyu, F|100/100
|turn|16
|j| La Pimentinha
|
|t:|1646602798
|switch|p2a: Weezing|Weezing-Galar, M|100/100
|-ability|p2a: Weezing|Neutralizing Gas
|-damage|p2a: Weezing|88/100|[from] Stealth Rock
|move|p1a: Mimikyu|Shadow Claw|p2a: Weezing
|-damage|p2a: Weezing|66/100
|-damage|p1a: Mimikyu|84/100|[from] item: Rocky Helmet|[of] p2a: Weezing
|-damage|p1a: Mimikyu|74/100|[from] item: Life Orb
|
|upkeep
|turn|17
|inactive|i need l2p has 60 seconds left.
|
|t:|1646602806
|switch|p1a: Silvally|Silvally-Ghost|18/100 tox
|move|p2a: Weezing|Defog|p1a: Silvally
|-unboost|p1a: Silvally|evasion|1
|-sideend|p2: Tenshinhan|Stealth Rock|[from] move: Defog|[of] p2a: Weezing
|
|-damage|p1a: Silvally|12/100 tox|[from] psn
|upkeep
|turn|18
|j| jeu qui pue
|inactive|i need l2p has 60 seconds left.
|
|t:|1646602833
|-end|p2a: Weezing|ability: Neutralizing Gas
|switch|p2a: Nidoqueen|Nidoqueen, F|100/100
|move|p1a: Silvally|Facade|p2a: Nidoqueen
|-damage|p2a: Nidoqueen|50/100
|
|-damage|p1a: Silvally|0 fnt|[from] psn
|faint|p1a: Silvally
|upkeep
|l| K3NIX0190
|inactive|i need l2p has 30 seconds left.
|
|t:|1646602859
|switch|p1a: Sharpedo|Sharpedo, M|100/100
|turn|19
|
|t:|1646602880
|switch|p2a: Vaporeon|Vaporeon, F|9/100
|move|p1a: Sharpedo|Ice Beam|p2a: Vaporeon
|-resisted|p2a: Vaporeon
|-crit|p2a: Vaporeon
|-damage|p2a: Vaporeon|0 fnt
|faint|p2a: Vaporeon
|-damage|p1a: Sharpedo|91/100|[from] item: Life Orb
|
|-ability|p1a: Sharpedo|Speed Boost|boost
|-boost|p1a: Sharpedo|spe|1
|upkeep
|
|t:|1646602883
|switch|p2a: Weezing|Weezing-Galar, M|66/100
|-ability|p2a: Weezing|Neutralizing Gas
|turn|20
|l| marcop9923
|
|t:|1646602902
|move|p1a: Sharpedo|Hydro Pump|p2a: Weezing
|-damage|p2a: Weezing|0 fnt
|faint|p2a: Weezing
|-end|p2a: Weezing|ability: Neutralizing Gas
|-damage|p1a: Sharpedo|81/100|[from] item: Life Orb
|
|-ability|p1a: Sharpedo|Speed Boost|boost
|-boost|p1a: Sharpedo|spe|1
|upkeep
|
|t:|1646602907
|switch|p2a: Rotom|Rotom-Mow|100/100
|turn|21
|
|t:|1646602914
|move|p1a: Sharpedo|Ice Beam|p2a: Rotom
|-supereffective|p2a: Rotom
|-damage|p2a: Rotom|9/100
|-damage|p1a: Sharpedo|71/100|[from] item: Life Orb
|move|p2a: Rotom|Volt Switch|p1a: Sharpedo
|-supereffective|p1a: Sharpedo
|-damage|p1a: Sharpedo|0 fnt
|faint|p1a: Sharpedo
|
|t:|1646602916
|switch|p2a: Nidoqueen|Nidoqueen, F|50/100|[from]move: Volt Switch
|
|upkeep
|j| K3NIX0190
|
|t:|1646602945
|switch|p1a: Flygon|Flygon, M|100/100
|turn|22
|c| K3NIX0190|Humano?
|c| Nael222|season saved ???
|inactive|i need l2p has 30 seconds left.
|
|t:|1646602965
|move|p1a: Flygon|Earthquake|p2a: Nidoqueen
|-supereffective|p2a: Nidoqueen
|-damage|p2a: Nidoqueen|0 fnt
|faint|p2a: Nidoqueen
|
|upkeep
|c| pais|CULAZO?
|
|t:|1646602969
|switch|p2a: Rotom|Rotom-Mow|9/100
|turn|23
|
|t:|1646602973
|move|p1a: Flygon|Dragon Claw|p2a: Rotom
|-damage|p2a: Rotom|0 fnt
|faint|p2a: Rotom
|
|win|i need l2p
|c| Nael222|Season fucking saved ?
|l| clean cuts
|c|☆i need l2p|gg sry por la luck
|c| pais|CULAZOOOOOOOOOOOO
|c| pais|FPERWHGPOEWG
|c| Nael222|LETS GO
|c| pais|EG
|c| pais|EH
|c| pais|WERH
|c| pais|WH
|c| pais|WH
|c| pais|ERGOWQEHQEPWRG
|c| pais|CULAZOOOO
|l|☆Tenshinhan
|c| pais|<3
|l| SEASON MAD OVER
