|j|☆Yahoo12
|j|☆milktank2105
|t:|1642012877
|gametype|singles
|player|p1|Yahoo12|benga|1356
|player|p2|milktank2105|1|1282
|teamsize|p1|6
|teamsize|p2|6
|gen|8
|tier|[Gen 8] RU
|rated|
|rule|Sleep Clause Mod: Limit one foe put to sleep
|rule|Species Clause: Limit one of each Pokémon
|rule|OHKO Clause: OHKO moves are banned
|rule|Evasion Moves Clause: Evasion moves are banned
|rule|Endless Battle Clause: Forcing endless battles is banned
|rule|HP Percentage Mod: HP is shown in percentages
|rule|Dynamax Clause: You cannot dynamax
|clearpoke
|poke|p1|Toxtricity, F|
|poke|p1|Golisopod, M|
|poke|p1|Reuniclus, F|
|poke|p1|Cobalion|
|poke|p1|Darmanitan, F|
|poke|p1|Noivern, M|
|poke|p2|Obstagoon, M|
|poke|p2|Vikavolt, M|
|poke|p2|Mimikyu, M|
|poke|p2|Claydol|
|poke|p2|Raikou|
|poke|p2|Incineroar, M|
|teampreview
|inactive|Battle timer is ON: inactive players will automatically lose when time's up. (requested by milktank2105)
|
|t:|1642012893
|start
|switch|p1a: Golisopod|Golisopod, M|100/100
|switch|p2a: Obstagoon|Obstagoon, M|100/100
|turn|1
|
|t:|1642012908
|switch|p2a: Vikavolt|Vikavolt, M|100/100
|switch|p1a: Cobalion|Cobalion|100/100
|
|upkeep
|turn|2
|
|t:|1642012929
|move|p1a: Cobalion|Volt Switch|p2a: Vikavolt
|-resisted|p2a: Vikavolt
|-damage|p2a: Vikavolt|93/100
|inactive|Yahoo12 has 120 seconds left.
|
|t:|1642012946
|switch|p1a: Noivern|Noivern, M|100/100|[from]move: Volt Switch
|move|p2a: Vikavolt|Thunderbolt|p1a: Noivern
|-damage|p1a: Noivern|39/100
|
|upkeep
|turn|3
|inactive|Yahoo12 has 120 seconds left.
|inactive|Yahoo12 has 90 seconds left.
|
|t:|1642012990
|switch|p1a: Toxtricity|Toxtricity, F|100/100
|switch|p2a: Claydol|Claydol|100/100
|
|upkeep
|turn|4
|inactive|Yahoo12 has 90 seconds left.
|
|t:|1642013007
|switch|p1a: Golisopod|Golisopod, M|100/100
|move|p2a: Claydol|Earth Power|p1a: Golisopod
|-resisted|p1a: Golisopod
|-damage|p1a: Golisopod|89/100
|
|upkeep
|turn|5
|inactive|milktank2105 has 120 seconds left.
|
|t:|1642013040
|switch|p2a: Vikavolt|Vikavolt, M|93/100
|move|p1a: Golisopod|Knock Off|p2a: Vikavolt
|-damage|p2a: Vikavolt|69/100
|-enditem|p2a: Vikavolt|Heavy-Duty Boots|[from] move: Knock Off|[of] p1a: Golisopod
|
|upkeep
|turn|6
|inactive|Yahoo12 has 60 seconds left.
|
|t:|1642013071
|switch|p1a: Toxtricity|Toxtricity, F|100/100
|move|p2a: Vikavolt|Sticky Web|p1a: Toxtricity
|-sidestart|p1: Yahoo12|move: Sticky Web
|
|upkeep
|turn|7
|inactive|Yahoo12 has 60 seconds left.
|
|t:|1642013087
|switch|p2a: Claydol|Claydol|100/100
|move|p1a: Toxtricity|Boomburst|p2a: Claydol
|-damage|p2a: Claydol|42/100
|
|-heal|p2a: Claydol|48/100|[from] item: Leftovers
|upkeep
|turn|8
|inactive|Yahoo12 has 60 seconds left.
|
|t:|1642013110
|switch|p1a: Cobalion|Cobalion|100/100
|-activate|p1a: Cobalion|move: Sticky Web
|-unboost|p1a: Cobalion|spe|1
|switch|p2a: Mimikyu|Mimikyu, M|100/100
|
|upkeep
|turn|9
|
|t:|1642013121
|switch|p2a: Vikavolt|Vikavolt, M|69/100
|move|p1a: Cobalion|Iron Head|p2a: Vikavolt
|-resisted|p2a: Vikavolt
|-damage|p2a: Vikavolt|57/100
|
|upkeep
|turn|10
|
|t:|1642013128
|move|p1a: Cobalion|Volt Switch|p2a: Vikavolt
|-resisted|p2a: Vikavolt
|-damage|p2a: Vikavolt|48/100
|
|t:|1642013133
|switch|p1a: Toxtricity|Toxtricity, F|100/100|[from]move: Volt Switch
|-activate|p1a: Toxtricity|move: Sticky Web
|-unboost|p1a: Toxtricity|spe|1
|move|p2a: Vikavolt|Thunderbolt|p1a: Toxtricity
|-resisted|p1a: Toxtricity
|-damage|p1a: Toxtricity|65/100
|
|upkeep
|turn|11
|inactive|Yahoo12 has 60 seconds left.
|
|t:|1642013154
|switch|p2a: Claydol|Claydol|48/100
|move|p1a: Toxtricity|Volt Switch|p2a: Claydol
|-immune|p2a: Claydol
|
|-heal|p2a: Claydol|55/100|[from] item: Leftovers
|upkeep
|turn|12
|
|t:|1642013164
|switch|p1a: Noivern|Noivern, M|39/100
|move|p2a: Claydol|Stealth Rock|p1a: Noivern
|-sidestart|p1: Yahoo12|move: Stealth Rock
|
|-heal|p2a: Claydol|61/100|[from] item: Leftovers
|upkeep
|turn|13
|inactive|Yahoo12 has 60 seconds left.
|
|t:|1642013173
|switch|p2a: Obstagoon|Obstagoon, M|100/100
|move|p1a: Noivern|Roost|p1a: Noivern
|-heal|p1a: Noivern|90/100
|-singleturn|p1a: Noivern|move: Roost
|
|upkeep
|turn|14
|inactive|Yahoo12 has 60 seconds left.
|inactive|Yahoo12 has 30 seconds left.
|
|t:|1642013217
|switch|p1a: Cobalion|Cobalion|100/100
|-activate|p1a: Cobalion|move: Sticky Web
|-unboost|p1a: Cobalion|spe|1
|-damage|p1a: Cobalion|97/100|[from] Stealth Rock
|move|p2a: Obstagoon|Knock Off|p1a: Cobalion
|-resisted|p1a: Cobalion
|-damage|p1a: Cobalion|80/100
|-ability|p1a: Cobalion|Justified|boost
|-boost|p1a: Cobalion|atk|1
|-enditem|p1a: Cobalion|Shuca Berry|[from] move: Knock Off|[of] p2a: Obstagoon
|
|upkeep
|turn|15
|inactive|Yahoo12 has 30 seconds left.
|inactive|Yahoo12 has 20 seconds left.
|
|t:|1642013238
|switch|p2a: Incineroar|Incineroar, M|100/100
|-ability|p2a: Incineroar|Intimidate|boost
|-unboost|p1a: Cobalion|atk|1
|move|p1a: Cobalion|Close Combat|p2a: Incineroar
|-supereffective|p2a: Incineroar
|-damage|p2a: Incineroar|12/100
|-unboost|p1a: Cobalion|def|1
|-unboost|p1a: Cobalion|spd|1
|
|upkeep
|turn|16
|inactive|Yahoo12 has 30 seconds left this turn.
|inactive|Yahoo12 has 20 seconds left.
|
|t:|1642013249
|move|p1a: Cobalion|Close Combat|p2a: Incineroar
|-supereffective|p2a: Incineroar
|-damage|p2a: Incineroar|0 fnt
|-unboost|p1a: Cobalion|def|1
|-unboost|p1a: Cobalion|spd|1
|faint|p2a: Incineroar
|
|upkeep
|inactive|Yahoo12 has 25 seconds left this turn.
|
|t:|1642013255
|switch|p2a: Raikou|Raikou|100/100
|-ability|p2a: Raikou|Pressure
|turn|17
|inactive|Yahoo12 has 30 seconds left.
|
|t:|1642013265
|switch|p1a: Reuniclus|Reuniclus, F|100/100
|-damage|p1a: Reuniclus|88/100|[from] Stealth Rock
|-activate|p1a: Reuniclus|move: Sticky Web
|-unboost|p1a: Reuniclus|spe|1
|move|p2a: Raikou|Volt Switch|p1a: Reuniclus
|-damage|p1a: Reuniclus|63/100
|
|t:|1642013284
|switch|p2a: Obstagoon|Obstagoon, M|100/100|[from]move: Volt Switch
|
|upkeep
|turn|18
|inactive|Yahoo12 has 30 seconds left.
|
|t:|1642013302
|move|p2a: Obstagoon|Parting Shot|p1a: Reuniclus
|-unboost|p1a: Reuniclus|atk|1
|-unboost|p1a: Reuniclus|spa|1
|
|t:|1642013306
|switch|p2a: Raikou|Raikou|100/100|[from]move: Parting Shot
|-ability|p2a: Raikou|Pressure
|move|p1a: Reuniclus|Focus Blast|p2a: Raikou|[miss]
|-miss|p1a: Reuniclus|p2a: Raikou
|
|upkeep
|turn|19
|
|t:|1642013325
|switch|p1a: Toxtricity|Toxtricity, F|65/100
|-damage|p1a: Toxtricity|52/100|[from] Stealth Rock
|-activate|p1a: Toxtricity|move: Sticky Web
|-unboost|p1a: Toxtricity|spe|1
|move|p2a: Raikou|Thunderbolt|p1a: Toxtricity
|-resisted|p1a: Toxtricity
|-damage|p1a: Toxtricity|2/100
|
|upkeep
|turn|20
|
|t:|1642013334
|move|p2a: Raikou|Thunderbolt|p1a: Toxtricity
|-resisted|p1a: Toxtricity
|-damage|p1a: Toxtricity|0 fnt
|faint|p1a: Toxtricity
|
|upkeep
|inactive|Yahoo12 has 30 seconds left.
|inactive|Yahoo12 has 20 seconds left.
|
|t:|1642013362
|switch|p1a: Reuniclus|Reuniclus, F|96/100
|-damage|p1a: Reuniclus|84/100|[from] Stealth Rock
|-activate|p1a: Reuniclus|move: Sticky Web
|-unboost|p1a: Reuniclus|spe|1
|turn|21
|inactive|Yahoo12 has 30 seconds left this turn.
|
|t:|1642013386
|move|p2a: Raikou|Thunderbolt|p1a: Reuniclus
|-damage|p1a: Reuniclus|52/100
|move|p1a: Reuniclus|Focus Blast|p2a: Raikou
|-damage|p2a: Raikou|62/100
|
|upkeep
|turn|22
|inactive|Yahoo12 has 30 seconds left.
|
|t:|1642013396
|move|p2a: Raikou|Thunderbolt|p1a: Reuniclus
|-damage|p1a: Reuniclus|23/100
|move|p1a: Reuniclus|Future Sight|p2a: Raikou
|-start|p1a: Reuniclus|move: Future Sight
|
|upkeep
|turn|23
|inactive|Yahoo12 has 30 seconds left.
|
|t:|1642013409
|switch|p1a: Noivern|Noivern, M|90/100
|move|p2a: Raikou|Thunderbolt|p1a: Noivern
|-damage|p1a: Noivern|4/100
|
|upkeep
|turn|24
|inactive|Yahoo12 has 30 seconds left.
|
|t:|1642013415
|switch|p2a: Obstagoon|Obstagoon, M|100/100
|move|p1a: Noivern|Defog|p2a: Obstagoon
|-unboost|p2a: Obstagoon|evasion|1
|-ability|p2a: Obstagoon|Defiant
|-boost|p2a: Obstagoon|atk|2
|-sideend|p1: Yahoo12|Stealth Rock|[from] move: Defog|[of] p1a: Noivern
|-sideend|p1: Yahoo12|Sticky Web|[from] move: Defog|[of] p1a: Noivern
|
|-end|p2a: Obstagoon|move: Future Sight
|-immune|p2a: Obstagoon
|upkeep
|turn|25
|inactive|Yahoo12 has 30 seconds left.
|inactive|milktank2105 has 120 seconds left.
|
|t:|1642013450
|move|p2a: Obstagoon|Close Combat|p1a: Noivern
|-resisted|p1a: Noivern
|-damage|p1a: Noivern|0 fnt
|-unboost|p2a: Obstagoon|def|1
|-unboost|p2a: Obstagoon|spd|1
|faint|p1a: Noivern
|
|upkeep
|inactive|Yahoo12 has 30 seconds left this turn.
|
|t:|1642013457
|switch|p1a: Cobalion|Cobalion|80/100
|turn|26
|inactive|Yahoo12 has 30 seconds left.
|
|t:|1642013471
|move|p2a: Obstagoon|Close Combat|p1a: Cobalion
|-supereffective|p1a: Cobalion
|-damage|p1a: Cobalion|0 fnt
|-unboost|p2a: Obstagoon|def|1
|-unboost|p2a: Obstagoon|spd|1
|faint|p1a: Cobalion
|
|upkeep
|inactive|Yahoo12 has 30 seconds left this turn.
|
|t:|1642013478
|switch|p1a: Golisopod|Golisopod, M|89/100
|turn|27
|
|t:|1642013484
|switch|p2a: Vikavolt|Vikavolt, M|48/100
|move|p1a: Golisopod|First Impression|p2a: Vikavolt
|-damage|p2a: Vikavolt|9/100
|
|upkeep
|turn|28
|
|t:|1642013497
|move|p1a: Golisopod|Knock Off|p2a: Vikavolt
|-damage|p2a: Vikavolt|0 fnt
|faint|p2a: Vikavolt
|
|upkeep
|
|t:|1642013501
|switch|p2a: Raikou|Raikou|62/100
|-ability|p2a: Raikou|Pressure
|turn|29
|
|t:|1642013506
|switch|p1a: Reuniclus|Reuniclus, F|57/100
|move|p2a: Raikou|Volt Switch|p1a: Reuniclus
|-damage|p1a: Reuniclus|31/100
|
|t:|1642013512
|switch|p2a: Obstagoon|Obstagoon, M|100/100|[from]move: Volt Switch
|
|upkeep
|turn|30
|
|t:|1642013517
|move|p2a: Obstagoon|Knock Off|p1a: Reuniclus
|-supereffective|p1a: Reuniclus
|-damage|p1a: Reuniclus|0 fnt
|-enditem|p1a: Reuniclus|Assault Vest|[from] move: Knock Off|[of] p2a: Obstagoon
|faint|p1a: Reuniclus
|
|upkeep
|
|t:|1642013523
|switch|p1a: Golisopod|Golisopod, M|89/100
|turn|31
|
|t:|1642013529
|switch|p2a: Claydol|Claydol|61/100
|move|p1a: Golisopod|First Impression|p2a: Claydol
|-supereffective|p2a: Claydol
|-damage|p2a: Claydol|0 fnt
|faint|p2a: Claydol
|
|upkeep
|
|t:|1642013532
|switch|p2a: Raikou|Raikou|62/100
|-ability|p2a: Raikou|Pressure
|turn|32
|
|t:|1642013539
|move|p2a: Raikou|Volt Switch|p1a: Golisopod
|-supereffective|p1a: Golisopod
|-damage|p1a: Golisopod|0 fnt
|faint|p1a: Golisopod
|
|t:|1642013543
|switch|p2a: Obstagoon|Obstagoon, M|100/100|[from]move: Volt Switch
|
|upkeep
|
|t:|1642013546
|switch|p1a: Darmanitan|Darmanitan, F|100/100
|turn|33
|
|t:|1642013550
|move|p2a: Obstagoon|Knock Off|p1a: Darmanitan
|-damage|p1a: Darmanitan|36/100
|-enditem|p1a: Darmanitan|Heavy-Duty Boots|[from] move: Knock Off|[of] p2a: Obstagoon
|move|p1a: Darmanitan|Flare Blitz|p2a: Obstagoon
|-damage|p2a: Obstagoon|9/100
|-damage|p1a: Darmanitan|8/100|[from] Recoil
|
|upkeep
|turn|34
|
|t:|1642013557
|move|p2a: Obstagoon|Knock Off|p1a: Darmanitan
|-damage|p1a: Darmanitan|0 fnt
|faint|p1a: Darmanitan
|
|win|milktank2105
|raw|Yahoo12's rating: 1356 &rarr; <strong>1332</strong><br />(-24 for losing)
|raw|milktank2105's rating: 1282 &rarr; <strong>1312</strong><br />(+30 for winning)
|l|☆milktank2105
