|j|☆literallyfreemoney
|j|☆left arm suffering
|t:|1627161734
|gametype|singles
|player|p1|literallyfreemoney|17|1425
|player|p2|left arm suffering|170|1433
|teamsize|p1|6
|teamsize|p2|6
|gen|8
|tier|[Gen 8] RU
|rated|
|rule|Sleep Clause Mod: Limit one foe put to sleep
|rule|Species Clause: Limit one of each Pokémon
|rule|OHKO Clause: OHKO moves are banned
|rule|Evasion Moves Clause: Evasion moves are banned
|rule|Endless Battle Clause: Forcing endless battles is banned
|rule|HP Percentage Mod: HP is shown in percentages
|rule|Dynamax Clause: You cannot dynamax
|clearpoke
|poke|p1|Lucario, F|
|poke|p1|Aerodactyl, F|
|poke|p1|Golisopod, F|
|poke|p1|Vaporeon, M|
|poke|p1|Chandelure, M|
|poke|p1|Goodra, M|
|poke|p2|Crobat, F|
|poke|p2|Seismitoad, F|
|poke|p2|Cobalion|
|poke|p2|Obstagoon, F|
|poke|p2|Sylveon, M|
|poke|p2|Porygon2|
|teampreview
|
|t:|1627161759
|start
|switch|p1a: *w*G O A L I E*w*|Golisopod, F|100/100
|switch|p2a: Cobalion|Cobalion|100/100
|turn|1
|
|t:|1627161780
|move|p2a: Cobalion|Stealth Rock|p1a: *w*G O A L I E*w*
|-sidestart|p1: literallyfreemoney|move: Stealth Rock
|move|p1a: *w*G O A L I E*w*|Spikes|p2a: Cobalion
|-sidestart|p2: left arm suffering|Spikes
|
|upkeep
|turn|2
|
|t:|1627161784
|move|p2a: Cobalion|Volt Switch|p1a: *w*G O A L I E*w*
|-supereffective|p1a: *w*G O A L I E*w*
|-damage|p1a: *w*G O A L I E*w*|70/100
|
|t:|1627161787
|switch|p2a: Crobat|Crobat, F|100/100|[from]move: Volt Switch
|move|p1a: *w*G O A L I E*w*|Liquidation|p2a: Crobat
|-damage|p2a: Crobat|55/100
|
|upkeep
|turn|3
|
|t:|1627161801
|switch|p1a: Vaporeon|Vaporeon, M|100/100
|-damage|p1a: Vaporeon|88/100|[from] Stealth Rock
|move|p2a: Crobat|Brave Bird|p1a: Vaporeon
|-damage|p1a: Vaporeon|61/100
|-damage|p2a: Crobat|44/100|[from] Recoil
|
|-heal|p1a: Vaporeon|67/100|[from] item: Leftovers
|upkeep
|turn|4
|
|t:|1627161810
|move|p2a: Crobat|Roost|p2a: Crobat
|-heal|p2a: Crobat|94/100
|-singleturn|p2a: Crobat|move: Roost
|move|p1a: Vaporeon|Wish|p1a: Vaporeon
|
|-heal|p1a: Vaporeon|73/100|[from] item: Leftovers
|upkeep
|turn|5
|
|t:|1627161825
|switch|p1a: Puhteradactyl|Aerodactyl, F|100/100
|-ability|p1a: Puhteradactyl|Unnerve
|-damage|p1a: Puhteradactyl|76/100|[from] Stealth Rock
|move|p2a: Crobat|U-turn|p1a: Puhteradactyl
|-resisted|p1a: Puhteradactyl
|-damage|p1a: Puhteradactyl|65/100
|
|t:|1627161835
|switch|p2a: Cobalion|Cobalion|100/100|[from]move: U-turn
|-damage|p2a: Cobalion|88/100|[from] Spikes
|
|-heal|p1a: Puhteradactyl|100/100|[from] move: Wish|[wisher] Vaporeon
|upkeep
|turn|6
|
|t:|1627161841
|move|p1a: Puhteradactyl|Earthquake|p2a: Cobalion
|-supereffective|p2a: Cobalion
|-damage|p2a: Cobalion|44/100
|move|p2a: Cobalion|Iron Head|p1a: Puhteradactyl
|-supereffective|p1a: Puhteradactyl
|-damage|p1a: Puhteradactyl|19/100
|
|upkeep
|turn|7
|
|t:|1627161850
|move|p1a: Puhteradactyl|Stealth Rock|p2a: Cobalion
|-sidestart|p2: left arm suffering|move: Stealth Rock
|move|p2a: Cobalion|Volt Switch|p1a: Puhteradactyl
|-supereffective|p1a: Puhteradactyl
|-damage|p1a: Puhteradactyl|0 fnt
|faint|p1a: Puhteradactyl
|
|t:|1627161861
|switch|p2a: Crobat|Crobat, F|94/100|[from]move: Volt Switch
|
|upkeep
|
|t:|1627161869
|switch|p1a: Lucy|Lucario, F|100/100
|-damage|p1a: Lucy|98/100|[from] Stealth Rock
|turn|8
|
|t:|1627161874
|move|p2a: Crobat|Defog|p1a: Lucy
|-unboost|p1a: Lucy|evasion|1
|-sideend|p1: literallyfreemoney|Stealth Rock|[from] move: Defog|[of] p2a: Crobat
|-sideend|p2: left arm suffering|Spikes|[from] move: Defog|[of] p2a: Crobat
|-sideend|p2: left arm suffering|Stealth Rock|[from] move: Defog|[of] p2a: Crobat
|move|p1a: Lucy|Meteor Mash|p2a: Crobat
|-damage|p2a: Crobat|37/100
|-boost|p1a: Lucy|atk|1
|-damage|p1a: Lucy|88/100|[from] item: Life Orb
|
|upkeep
|turn|9
|
|t:|1627161883
|switch|p2a: Cobalion|Cobalion|44/100
|move|p1a: Lucy|Close Combat|p2a: Cobalion
|-supereffective|p2a: Cobalion
|-damage|p2a: Cobalion|0 fnt
|-unboost|p1a: Lucy|def|1
|-unboost|p1a: Lucy|spd|1
|-damage|p1a: Lucy|71/100|[from] item: Rocky Helmet|[of] p2a: Cobalion
|faint|p2a: Cobalion
|-damage|p1a: Lucy|61/100|[from] item: Life Orb
|
|upkeep
|
|t:|1627161904
|switch|p2a: Crobat|Crobat, F|37/100
|turn|10
|
|t:|1627161906
|move|p1a: Lucy|Extreme Speed|p2a: Crobat
|-damage|p2a: Crobat|0 fnt
|faint|p2a: Crobat
|-damage|p1a: Lucy|51/100|[from] item: Life Orb
|
|upkeep
|
|t:|1627161912
|switch|p2a: Seismitoad|Seismitoad, F|100/100
|turn|11
|
|t:|1627161922
|switch|p1a: *w*G O A L I E*w*|Golisopod, F|70/100
|move|p2a: Seismitoad|Earthquake|p1a: *w*G O A L I E*w*
|-resisted|p1a: *w*G O A L I E*w*
|-damage|p1a: *w*G O A L I E*w*|54/100
|
|upkeep
|turn|12
|
|t:|1627161935
|move|p2a: Seismitoad|Protect|p2a: Seismitoad
|-singleturn|p2a: Seismitoad|Protect
|move|p1a: *w*G O A L I E*w*|First Impression|p2a: Seismitoad
|-activate|p2a: Seismitoad|move: Protect
|
|upkeep
|turn|13
|
|t:|1627161942
|move|p2a: Seismitoad|Earthquake|p1a: *w*G O A L I E*w*
|-resisted|p1a: *w*G O A L I E*w*
|-damage|p1a: *w*G O A L I E*w*|39/100
|-activate|p1a: *w*G O A L I E*w*|ability: Emergency Exit
|
|t:|1627161946
|switch|p1a: Vaporeon|Vaporeon, M|73/100
|
|-heal|p1a: Vaporeon|79/100|[from] item: Leftovers
|upkeep
|turn|14
|
|t:|1627161951
|move|p2a: Seismitoad|Toxic|p1a: Vaporeon
|-status|p1a: Vaporeon|tox
|move|p1a: Vaporeon|Wish|p1a: Vaporeon
|
|-heal|p1a: Vaporeon|86/100 tox|[from] item: Leftovers
|-damage|p1a: Vaporeon|79/100 tox|[from] psn
|upkeep
|turn|15
|
|t:|1627161958
|switch|p1a: *w*G O A L I E*w*|Golisopod, F|39/100
|move|p2a: Seismitoad|Earthquake|p1a: *w*G O A L I E*w*
|-resisted|p1a: *w*G O A L I E*w*
|-damage|p1a: *w*G O A L I E*w*|23/100
|
|-heal|p1a: *w*G O A L I E*w*|99/100|[from] move: Wish|[wisher] Vaporeon
|upkeep
|turn|16
|
|t:|1627161981
|move|p2a: Seismitoad|Toxic|p1a: *w*G O A L I E*w*
|-status|p1a: *w*G O A L I E*w*|tox
|move|p1a: *w*G O A L I E*w*|Spikes|p2a: Seismitoad
|-sidestart|p2: left arm suffering|Spikes
|
|-damage|p1a: *w*G O A L I E*w*|93/100 tox|[from] psn
|upkeep
|turn|17
|
|t:|1627161997
|switch|p2a: Obstagoon|Obstagoon, F|100/100
|-damage|p2a: Obstagoon|88/100|[from] Spikes
|move|p1a: *w*G O A L I E*w*|Knock Off|p2a: Obstagoon
|-resisted|p2a: Obstagoon
|-damage|p2a: Obstagoon|70/100
|-enditem|p2a: Obstagoon|Flame Orb|[from] move: Knock Off|[of] p1a: *w*G O A L I E*w*
|
|-damage|p1a: *w*G O A L I E*w*|80/100 tox|[from] psn
|upkeep
|turn|18
|
|t:|1627162019
|switch|p1a: Vaporeon|Vaporeon, M|79/100 tox
|move|p2a: Obstagoon|Knock Off|p1a: Vaporeon
|-damage|p1a: Vaporeon|52/100 tox
|-enditem|p1a: Vaporeon|Leftovers|[from] move: Knock Off|[of] p2a: Obstagoon
|
|-damage|p1a: Vaporeon|46/100 tox|[from] psn
|upkeep
|turn|19
|
|t:|1627162034
|move|p2a: Obstagoon|Bulk Up|p2a: Obstagoon
|-boost|p2a: Obstagoon|atk|1
|-boost|p2a: Obstagoon|def|1
|move|p1a: Vaporeon|Wish|p1a: Vaporeon
|
|-damage|p1a: Vaporeon|33/100 tox|[from] psn
|upkeep
|turn|20
|
|t:|1627162043
|move|p2a: Obstagoon|Close Combat|p1a: Vaporeon
|-damage|p1a: Vaporeon|0 fnt
|-unboost|p2a: Obstagoon|def|1
|-unboost|p2a: Obstagoon|spd|1
|faint|p1a: Vaporeon
|
|upkeep
|
|t:|1627162046
|switch|p1a: Chandelure|Chandelure, M|100/100
|turn|21
|
|t:|1627162053
|switch|p2a: Porygon2|Porygon2|100/100
|-damage|p2a: Porygon2|88/100|[from] Spikes
|-ability|p2a: Porygon2|Infiltrator|[from] ability: Trace|[of] p1a: Chandelure
|move|p1a: Chandelure|Overheat|p2a: Porygon2
|-damage|p2a: Porygon2|46/100
|-unboost|p1a: Chandelure|spa|2
|
|upkeep
|turn|22
|
|t:|1627162066
|switch|p1a: Goodra|Goodra, M|100/100
|move|p2a: Porygon2|Recover|p2a: Porygon2
|-heal|p2a: Porygon2|96/100
|
|upkeep
|turn|23
|
|t:|1627162081
|switch|p2a: Sylveon|Sylveon, M|100/100
|-damage|p2a: Sylveon|88/100|[from] Spikes
|move|p1a: Goodra|Ice Beam|p2a: Sylveon
|-damage|p2a: Sylveon|69/100
|
|-heal|p2a: Sylveon|75/100|[from] item: Leftovers
|upkeep
|turn|24
|
|t:|1627162098
|move|p1a: Goodra|Ice Beam|p2a: Sylveon
|-damage|p2a: Sylveon|54/100
|move|p2a: Sylveon|Hyper Voice|p1a: Goodra
|-supereffective|p1a: Goodra
|-damage|p1a: Goodra|61/100
|
|-heal|p2a: Sylveon|61/100|[from] item: Leftovers
|upkeep
|turn|25
|
|t:|1627162105
|switch|p1a: Lucy|Lucario, F|51/100
|move|p2a: Sylveon|Wish|p2a: Sylveon
|
|-heal|p2a: Sylveon|67/100|[from] item: Leftovers
|upkeep
|turn|26
|
|t:|1627162122
|switch|p2a: Seismitoad|Seismitoad, F|100/100
|-damage|p2a: Seismitoad|88/100|[from] Spikes
|move|p1a: Lucy|Swords Dance|p1a: Lucy
|-boost|p1a: Lucy|atk|2
|
|-heal|p2a: Seismitoad|100/100|[from] move: Wish|[wisher] Sylveon
|upkeep
|turn|27
|
|t:|1627162131
|move|p1a: Lucy|Close Combat|p2a: Seismitoad
|-damage|p2a: Seismitoad|0 fnt
|-unboost|p1a: Lucy|def|1
|-unboost|p1a: Lucy|spd|1
|faint|p2a: Seismitoad
|-damage|p1a: Lucy|41/100|[from] item: Life Orb
|
|upkeep
|
|t:|1627162144
|switch|p2a: Obstagoon|Obstagoon, F|70/100
|-damage|p2a: Obstagoon|58/100|[from] Spikes
|turn|28
|
|t:|1627162147
|move|p1a: Lucy|Extreme Speed|p2a: Obstagoon
|-damage|p2a: Obstagoon|0 fnt
|faint|p2a: Obstagoon
|-damage|p1a: Lucy|31/100|[from] item: Life Orb
|
|upkeep
|
|t:|1627162158
|switch|p2a: Sylveon|Sylveon, M|67/100
|-damage|p2a: Sylveon|54/100|[from] Spikes
|turn|29
|
|t:|1627162161
|move|p1a: Lucy|Meteor Mash|p2a: Sylveon
|-supereffective|p2a: Sylveon
|-damage|p2a: Sylveon|0 fnt
|-boost|p1a: Lucy|atk|1
|faint|p2a: Sylveon
|-damage|p1a: Lucy|21/100|[from] item: Life Orb
|
|upkeep
|
|t:|1627162167
|switch|p2a: Porygon2|Porygon2|96/100
|-damage|p2a: Porygon2|84/100|[from] Spikes
|-ability|p2a: Porygon2|Justified|[from] ability: Trace|[of] p1a: Lucy
|turn|30
|
|t:|1627162173
|move|p1a: Lucy|Close Combat|p2a: Porygon2
|-supereffective|p2a: Porygon2
|-damage|p2a: Porygon2|0 fnt
|-unboost|p1a: Lucy|def|1
|-unboost|p1a: Lucy|spd|1
|faint|p2a: Porygon2
|-damage|p1a: Lucy|12/100|[from] item: Life Orb
|
|win|literallyfreemoney
|raw|literallyfreemoney's rating: 1425 &rarr; <strong>1445</strong><br />(+20 for winning)
|raw|left arm suffering's rating: 1433 &rarr; <strong>1413</strong><br />(-20 for losing)
|l|☆left arm suffering
