|raw|<div class="broadcast-blue"><strong>This battle is required to be public due to a player having a name starting with 'rult50'.</div>
|j|☆linlinzhu
|j|☆RULT50A Prod
|t:|1625745928
|gametype|singles
|player|p1|linlinzhu|bianca|1402
|player|p2|RULT50A Prod|dawn|1514
|teamsize|p1|6
|teamsize|p2|6
|gen|8
|tier|[Gen 8] RU
|rated|
|rule|Sleep Clause Mod: Limit one foe put to sleep
|rule|Species Clause: Limit one of each Pokémon
|rule|OHKO Clause: OHKO moves are banned
|rule|Evasion Moves Clause: Evasion moves are banned
|rule|Endless Battle Clause: Forcing endless battles is banned
|rule|HP Percentage Mod: HP is shown in percentages
|rule|Dynamax Clause: You cannot dynamax
|clearpoke
|poke|p1|Seismitoad, M|
|poke|p1|Politoed, F|
|poke|p1|Tornadus, M|
|poke|p1|Toxicroak, M|
|poke|p1|Kingdra, F|
|poke|p1|Metagross|
|poke|p2|Klefki, M|
|poke|p2|Xurkitree|
|poke|p2|Dhelmise|
|poke|p2|Flygon, M|
|poke|p2|Snorlax, M|
|poke|p2|Toxicroak, M|
|teampreview
|
|t:|1625745962
|start
|switch|p1a: Tornadus|Tornadus, M|100/100
|switch|p2a: Nassimiaule|Klefki, M|100/100
|turn|1
|
|t:|1625745969
|switch|p1a: Seismitoad|Seismitoad, M|100/100
|move|p2a: Nassimiaule|Thunder Wave|p1a: Seismitoad
|-immune|p1a: Seismitoad
|
|upkeep
|turn|2
|
|t:|1625745977
|move|p2a: Nassimiaule|Switcheroo|p1a: Seismitoad
|-activate|p2a: Nassimiaule|move: Trick|[of] p1a: Seismitoad
|-item|p1a: Seismitoad|Ring Target|[from] move: Switcheroo
|-item|p2a: Nassimiaule|Leftovers|[from] move: Switcheroo
|move|p1a: Seismitoad|Ice Punch|p2a: Nassimiaule
|-resisted|p2a: Nassimiaule
|-damage|p2a: Nassimiaule|91/100
|
|-heal|p2a: Nassimiaule|97/100|[from] item: Leftovers
|upkeep
|turn|3
|
|t:|1625745988
|switch|p2a: McSimp|Dhelmise|100/100
|move|p1a: Seismitoad|Earthquake|p2a: McSimp
|-resisted|p2a: McSimp
|-damage|p2a: McSimp|78/100
|
|upkeep
|turn|4
|
|t:|1625745998
|switch|p1a: Tornadus|Tornadus, M|100/100
|move|p2a: McSimp|Poltergeist|p1a: Tornadus
|-activate|p1a: Tornadus|move: Poltergeist|Heavy-Duty Boots
|-damage|p1a: Tornadus|1/100
|
|upkeep
|turn|5
|
|t:|1625746006
|switch|p2a: JEREMY|Snorlax, M|100/100
|move|p1a: Tornadus|Knock Off|p2a: JEREMY
|-damage|p2a: JEREMY|80/100
|-enditem|p2a: JEREMY|Leftovers|[from] move: Knock Off|[of] p1a: Tornadus
|
|upkeep
|turn|6
|
|t:|1625746012
|move|p1a: Tornadus|U-turn|p2a: JEREMY
|-damage|p2a: JEREMY|66/100
|
|t:|1625746016
|switch|p1a: Metagross|Metagross|100/100|[from]move: U-turn
|move|p2a: JEREMY|Body Slam|p1a: Metagross
|-resisted|p1a: Metagross
|-damage|p1a: Metagross|87/100
|
|upkeep
|turn|7
|
|t:|1625746026
|switch|p2a: Os complet|Flygon, M|100/100
|move|p1a: Metagross|Meteor Mash|p2a: Os complet
|-crit|p2a: Os complet
|-damage|p2a: Os complet|33/100
|-damage|p1a: Metagross|71/100|[from] item: Rocky Helmet|[of] p2a: Os complet
|
|upkeep
|turn|8
|
|t:|1625746033
|move|p2a: Os complet|Roost|p2a: Os complet
|-heal|p2a: Os complet|83/100
|-singleturn|p2a: Os complet|move: Roost
|move|p1a: Metagross|Meteor Mash|p2a: Os complet
|-damage|p2a: Os complet|39/100
|-damage|p1a: Metagross|54/100|[from] item: Rocky Helmet|[of] p2a: Os complet
|
|upkeep
|turn|9
|j| Rult50m ind
|
|t:|1625746043
|move|p2a: Os complet|Roost|p2a: Os complet
|-heal|p2a: Os complet|89/100
|-singleturn|p2a: Os complet|move: Roost
|move|p1a: Metagross|Meteor Mash|p2a: Os complet
|-damage|p2a: Os complet|42/100
|-damage|p1a: Metagross|38/100|[from] item: Rocky Helmet|[of] p2a: Os complet
|
|upkeep
|turn|10
|
|t:|1625746050
|move|p2a: Os complet|Roost|p2a: Os complet
|-heal|p2a: Os complet|92/100
|-singleturn|p2a: Os complet|move: Roost
|move|p1a: Metagross|Meteor Mash|p2a: Os complet
|-damage|p2a: Os complet|49/100
|-damage|p1a: Metagross|21/100|[from] item: Rocky Helmet|[of] p2a: Os complet
|
|upkeep
|turn|11
|l| Rult50m ind
|-enditem|p1a: Metagross|Custap Berry|[eat]
|-activate|p1a: Metagross|item: Custap Berry|[consumed]
|
|t:|1625746057
|move|p1a: Metagross|Meteor Mash|p2a: Os complet
|-damage|p2a: Os complet|4/100
|-damage|p1a: Metagross|4/100|[from] item: Rocky Helmet|[of] p2a: Os complet
|move|p2a: Os complet|Roost|p2a: Os complet
|-heal|p2a: Os complet|54/100
|-singleturn|p2a: Os complet|move: Roost
|
|upkeep
|turn|12
|
|t:|1625746066
|move|p2a: Os complet|Roost|p2a: Os complet
|-heal|p2a: Os complet|100/100
|-singleturn|p2a: Os complet|move: Roost
|move|p1a: Metagross|Stealth Rock|p2a: Os complet
|-sidestart|p2: RULT50A Prod|move: Stealth Rock
|
|upkeep
|turn|13
|
|t:|1625746072
|switch|p1a: Politoed|Politoed, F|100/100
|-weather|RainDance|[from] ability: Drizzle|[of] p1a: Politoed
|move|p2a: Os complet|Earthquake|p1a: Politoed
|-damage|p1a: Politoed|75/100
|
|-weather|RainDance|[upkeep]
|upkeep
|turn|14
|
|t:|1625746080
|move|p2a: Os complet|U-turn|p1a: Politoed
|-damage|p1a: Politoed|63/100
|
|t:|1625746083
|switch|p2a: Queen|Toxicroak, M|100/100|[from]move: U-turn
|-damage|p2a: Queen|94/100|[from] Stealth Rock
|move|p1a: Politoed|Scald|p2a: Queen
|-heal|p2a: Queen|100/100|[from] ability: Dry Skin|[of] p1a: Politoed
|
|-weather|RainDance|[upkeep]
|upkeep
|turn|15
|
|t:|1625746092
|switch|p1a: Toxicroak|Toxicroak, M|100/100
|move|p2a: Queen|Gunk Shot|p1a: Toxicroak
|-resisted|p1a: Toxicroak
|-damage|p1a: Toxicroak|44/100
|-damage|p2a: Queen|91/100|[from] item: Life Orb
|
|-weather|RainDance|[upkeep]
|-heal|p2a: Queen|100/100|[from] ability: Dry Skin
|-heal|p1a: Toxicroak|57/100|[from] ability: Dry Skin
|upkeep
|turn|16
|
|t:|1625746103
|switch|p1a: Metagross|Metagross|4/100
|move|p2a: Queen|Gunk Shot|p1a: Metagross
|-immune|p1a: Metagross
|
|-weather|RainDance|[upkeep]
|upkeep
|turn|17
|
|t:|1625746110
|move|p2a: Queen|Low Kick|p1a: Metagross
|-damage|p1a: Metagross|0 fnt
|faint|p1a: Metagross
|-damage|p2a: Queen|91/100|[from] item: Life Orb
|
|-weather|RainDance|[upkeep]
|-heal|p2a: Queen|100/100|[from] ability: Dry Skin
|upkeep
|
|t:|1625746118
|switch|p1a: Seismitoad|Seismitoad, M|100/100
|turn|18
|
|t:|1625746152
|switch|p2a: JEREMY|Snorlax, M|66/100
|-damage|p2a: JEREMY|54/100|[from] Stealth Rock
|move|p1a: Seismitoad|Earthquake|p2a: JEREMY
|-damage|p2a: JEREMY|20/100
|
|-weather|RainDance|[upkeep]
|upkeep
|turn|19
|
|t:|1625746163
|move|p1a: Seismitoad|Liquidation|p2a: JEREMY
|-damage|p2a: JEREMY|0 fnt
|faint|p2a: JEREMY
|
|-weather|RainDance|[upkeep]
|upkeep
|
|t:|1625746175
|switch|p2a: McSimp|Dhelmise|78/100
|-damage|p2a: McSimp|66/100|[from] Stealth Rock
|turn|20
|
|t:|1625746181
|switch|p1a: Toxicroak|Toxicroak, M|57/100
|move|p2a: McSimp|Rapid Spin|p1a: Toxicroak
|-damage|p1a: Toxicroak|25/100
|-boost|p2a: McSimp|spe|1
|-sideend|p2: RULT50A Prod|Stealth Rock|[from] move: Rapid Spin|[of] p2a: McSimp
|
|-weather|none
|upkeep
|turn|21
|
|t:|1625746194
|switch|p2a: Os complet|Flygon, M|100/100
|move|p1a: Toxicroak|Gunk Shot|p2a: Os complet
|-resisted|p2a: Os complet
|-damage|p2a: Os complet|72/100
|-damage|p1a: Toxicroak|15/100|[from] item: Life Orb
|
|upkeep
|turn|22
|
|t:|1625746203
|switch|p1a: Politoed|Politoed, F|63/100
|-weather|RainDance|[from] ability: Drizzle|[of] p1a: Politoed
|move|p2a: Os complet|U-turn|p1a: Politoed
|-damage|p1a: Politoed|51/100
|
|t:|1625746206
|switch|p2a: Tafée|Xurkitree|100/100|[from]move: U-turn
|
|-weather|RainDance|[upkeep]
|upkeep
|turn|23
|
|t:|1625746215
|switch|p1a: Toxicroak|Toxicroak, M|15/100
|move|p2a: Tafée|Volt Switch|p1a: Toxicroak
|-damage|p1a: Toxicroak|0 fnt
|faint|p1a: Toxicroak
|-ability|p2a: Tafée|Beast Boost|boost
|-boost|p2a: Tafée|spa|1
|
|t:|1625746229
|switch|p2a: McSimp|Dhelmise|66/100|[from]move: Volt Switch
|
|-weather|RainDance|[upkeep]
|upkeep
|
|t:|1625746233
|switch|p1a: Kingdra|Kingdra, F|100/100
|turn|24
|
|t:|1625746240
|switch|p2a: Nassimiaule|Klefki, M|97/100
|move|p1a: Kingdra|Flip Turn|p2a: Nassimiaule
|-damage|p2a: Nassimiaule|73/100
|
|t:|1625746245
|switch|p1a: Seismitoad|Seismitoad, M|100/100|[from]move: Flip Turn
|
|-weather|RainDance|[upkeep]
|-heal|p2a: Nassimiaule|79/100|[from] item: Leftovers
|upkeep
|turn|25
|
|t:|1625746252
|switch|p2a: Os complet|Flygon, M|72/100
|move|p1a: Seismitoad|Earthquake|p2a: Os complet
|-immune|p2a: Os complet|[from] ability: Levitate
|
|-weather|RainDance|[upkeep]
|upkeep
|turn|26
|
|t:|1625746260
|switch|p2a: Nassimiaule|Klefki, M|79/100
|move|p1a: Seismitoad|Liquidation|p2a: Nassimiaule
|-damage|p2a: Nassimiaule|33/100
|-unboost|p2a: Nassimiaule|def|1
|
|-weather|RainDance|[upkeep]
|-heal|p2a: Nassimiaule|39/100|[from] item: Leftovers
|upkeep
|turn|27
|
|t:|1625746268
|switch|p2a: Os complet|Flygon, M|72/100
|move|p1a: Seismitoad|Earthquake|p2a: Os complet
|-immune|p2a: Os complet|[from] ability: Levitate
|
|-weather|RainDance|[upkeep]
|upkeep
|turn|28
|
|t:|1625746274
|move|p1a: Seismitoad|Ice Punch|p2a: Os complet
|-supereffective|p2a: Os complet
|-damage|p2a: Os complet|1/100
|-damage|p1a: Seismitoad|84/100|[from] item: Rocky Helmet|[of] p2a: Os complet
|move|p2a: Os complet|Toxic|p1a: Seismitoad
|-status|p1a: Seismitoad|tox
|
|-weather|RainDance|[upkeep]
|-damage|p1a: Seismitoad|78/100 tox|[from] psn
|upkeep
|turn|29
|
|t:|1625746284
|move|p1a: Seismitoad|Ice Punch|p2a: Os complet
|-supereffective|p2a: Os complet
|-damage|p2a: Os complet|0 fnt
|-damage|p1a: Seismitoad|61/100 tox|[from] item: Rocky Helmet|[of] p2a: Os complet
|faint|p2a: Os complet
|
|-weather|none
|-damage|p1a: Seismitoad|50/100 tox|[from] psn
|upkeep
|
|t:|1625746287
|switch|p2a: Tafée|Xurkitree|100/100
|turn|30
|
|t:|1625746296
|switch|p1a: Politoed|Politoed, F|51/100
|-weather|RainDance|[from] ability: Drizzle|[of] p1a: Politoed
|move|p2a: Tafée|Volt Switch|p1a: Politoed
|-supereffective|p1a: Politoed
|-damage|p1a: Politoed|0 fnt
|faint|p1a: Politoed
|-ability|p2a: Tafée|Beast Boost|boost
|-boost|p2a: Tafée|spa|1
|
|t:|1625746306
|switch|p2a: McSimp|Dhelmise|66/100|[from]move: Volt Switch
|
|-weather|RainDance|[upkeep]
|upkeep
|
|t:|1625746310
|switch|p1a: Tornadus|Tornadus, M|1/100
|turn|31
|
|t:|1625746314
|switch|p2a: Nassimiaule|Klefki, M|39/100
|move|p1a: Tornadus|Hurricane|p2a: Nassimiaule
|-resisted|p2a: Nassimiaule
|-damage|p2a: Nassimiaule|8/100
|
|-weather|RainDance|[upkeep]
|-heal|p2a: Nassimiaule|14/100|[from] item: Leftovers
|upkeep
|turn|32
|
|t:|1625746325
|move|p2a: Nassimiaule|Spikes|p1a: Tornadus
|-sidestart|p1: linlinzhu|Spikes
|move|p1a: Tornadus|Hurricane|p2a: Nassimiaule
|-resisted|p2a: Nassimiaule
|-damage|p2a: Nassimiaule|0 fnt
|faint|p2a: Nassimiaule
|
|-weather|RainDance|[upkeep]
|upkeep
|
|t:|1625746329
|switch|p2a: Tafée|Xurkitree|100/100
|turn|33
|
|t:|1625746339
|move|p1a: Tornadus|Defog|p2a: Tafée
|-unboost|p2a: Tafée|evasion|1
|-sideend|p1: linlinzhu|Spikes|[from] move: Defog|[of] p1a: Tornadus
|move|p2a: Tafée|Volt Switch|p1a: Tornadus
|-supereffective|p1a: Tornadus
|-damage|p1a: Tornadus|0 fnt
|faint|p1a: Tornadus
|-ability|p2a: Tafée|Beast Boost|boost
|-boost|p2a: Tafée|spa|1
|
|t:|1625746347
|switch|p2a: McSimp|Dhelmise|66/100|[from]move: Volt Switch
|
|-weather|RainDance|[upkeep]
|upkeep
|
|t:|1625746354
|switch|p1a: Kingdra|Kingdra, F|100/100
|turn|34
|
|t:|1625746358
|move|p1a: Kingdra|Hurricane|p2a: McSimp
|-supereffective|p2a: McSimp
|-damage|p2a: McSimp|0 fnt
|faint|p2a: McSimp
|
|-weather|RainDance|[upkeep]
|upkeep
|
|t:|1625746361
|switch|p2a: Tafée|Xurkitree|100/100
|turn|35
|
|t:|1625746366
|move|p1a: Kingdra|Surf|p2a: Tafée
|-damage|p2a: Tafée|0 fnt
|faint|p2a: Tafée
|
|-weather|RainDance|[upkeep]
|upkeep
|
|t:|1625746370
|switch|p2a: Queen|Toxicroak, M|100/100
|turn|36
|
|t:|1625746372
|move|p1a: Kingdra|Hurricane|p2a: Queen
|-supereffective|p2a: Queen
|-damage|p2a: Queen|0 fnt
|faint|p2a: Queen
|
|win|linlinzhu
|raw|linlinzhu's rating: 1402 &rarr; <strong>1428</strong><br />(+26 for winning)
|raw|RULT50A Prod's rating: 1514 &rarr; <strong>1488</strong><br />(-26 for losing)
|l|☆RULT50A Prod
