|j|☆4G3NC Fuck
|j|☆TookMe5Minutes
|player|p1|4G3NC Fuck|burglar-gen1rb|1024
|player|p2|TookMe5Minutes|155|1156
|teamsize|p1|6
|teamsize|p2|6
|gametype|singles
|gen|8
|tier|[Gen 8] RU
|rated|
|clearpoke
|poke|p1|Rotom-Mow|
|poke|p1|Hitmonlee, M|
|poke|p1|Steelix, F|
|poke|p1|Aromatisse, M|
|poke|p1|Charizard, F|
|poke|p1|Haunter, M|
|poke|p2|Rillaboom, M|
|poke|p2|Indeedee, M|
|poke|p2|Morpeko, F|
|poke|p2|Mudsdale, M|
|poke|p2|Turtonator, F|
|poke|p2|Scrafty, M|
|rule|Sleep Clause Mod: Limit one foe put to sleep
|rule|Species Clause: Limit one of each Pokémon
|rule|OHKO Clause: OHKO moves are banned
|rule|Evasion Moves Clause: Evasion moves are banned
|rule|Endless Battle Clause: Forcing endless battles is banned
|rule|HP Percentage Mod: HP is shown in percentages
|rule|Dynamax Clause: You cannot dynamax
|teampreview
|
|start
|switch|p1a: Rotom|Rotom-Mow|100/100
|switch|p2a: Rillaboom|Rillaboom, M|100/100
|turn|1
|
|move|p1a: Rotom|Volt Switch|p2a: Rillaboom
|-resisted|p2a: Rillaboom
|-damage|p2a: Rillaboom|79/100
|
|switch|p1a: Steelix|Steelix, F|100/100|[from]move: Volt Switch
|move|p2a: Rillaboom|Knock Off|p1a: Steelix
|-damage|p1a: Steelix|83/100
|-enditem|p1a: Steelix|Leftovers|[from] move: Knock Off|[of] p2a: Rillaboom
|
|upkeep
|turn|2
|
|switch|p2a: Mudsdale|Mudsdale, M|100/100
|move|p1a: Steelix|Stealth Rock|p2a: Mudsdale
|-sidestart|p2: TookMe5Minutes|move: Stealth Rock
|
|upkeep
|turn|3
|
|switch|p1a: Rotom|Rotom-Mow|100/100
|move|p2a: Mudsdale|Stealth Rock|p1a: Rotom
|-sidestart|p1: 4G3NC Fuck|move: Stealth Rock
|
|upkeep
|turn|4
|
|move|p1a: Rotom|Leaf Storm|p2a: Mudsdale
|-supereffective|p2a: Mudsdale
|-damage|p2a: Mudsdale|0 fnt
|-unboost|p1a: Rotom|spa|2
|faint|p2a: Mudsdale
|
|upkeep
|
|switch|p2a: Turtonator|Turtonator, F|100/100
|-damage|p2a: Turtonator|76/100|[from] Stealth Rock
|turn|5
|
|switch|p1a: Steelix|Steelix, F|83/100
|-damage|p1a: Steelix|80/100|[from] Stealth Rock
|move|p2a: Turtonator|Shell Smash|p2a: Turtonator
|-unboost|p2a: Turtonator|def|1
|-unboost|p2a: Turtonator|spd|1
|-boost|p2a: Turtonator|atk|2
|-boost|p2a: Turtonator|spa|2
|-boost|p2a: Turtonator|spe|2
|-enditem|p2a: Turtonator|White Herb
|-clearnegativeboost|p2a: Turtonator|[silent]
|
|upkeep
|turn|6
|
|move|p2a: Turtonator|Fire Blast|p1a: Steelix|[miss]
|-miss|p2a: Turtonator|p1a: Steelix
|move|p1a: Steelix|Earthquake|p2a: Turtonator
|-supereffective|p2a: Turtonator
|-damage|p2a: Turtonator|20/100
|
|upkeep
|turn|7
|c|☆TookMe5Minutes|i love rng
|
|move|p2a: Turtonator|Fire Blast|p1a: Steelix
|-supereffective|p1a: Steelix
|-damage|p1a: Steelix|0 fnt
|faint|p1a: Steelix
|
|upkeep
|c|☆4G3NC Fuck|sorry
|
|switch|p1a: Rotom|Rotom-Mow|100/100
|-damage|p1a: Rotom|88/100|[from] Stealth Rock
|turn|8
|c|☆TookMe5Minutes|cuz now im in range
|
|move|p1a: Rotom|Volt Switch|p2a: Turtonator
|-resisted|p2a: Turtonator
|-damage|p2a: Turtonator|0 fnt
|faint|p2a: Turtonator
|c|☆TookMe5Minutes|fucking dumb
|
|switch|p1a: Hitmonlee|Hitmonlee, M|100/100|[from]move: Volt Switch
|-damage|p1a: Hitmonlee|94/100|[from] Stealth Rock
|
|upkeep
|
|switch|p2a: Morpeko|Morpeko, F|100/100
|turn|9
|
|move|p1a: Hitmonlee|Endure|p1a: Hitmonlee
|-singleturn|p1a: Hitmonlee|move: Endure
|move|p2a: Morpeko|Aura Wheel|p1a: Hitmonlee
|-activate|p1a: Hitmonlee|move: Endure
|-damage|p1a: Hitmonlee|1/100
|-boost|p2a: Morpeko|spe|1
|-enditem|p1a: Hitmonlee|Liechi Berry|[eat]
|-boost|p1a: Hitmonlee|atk|1|[from] item: Liechi Berry
|
|-formechange|p2a: Morpeko|Morpeko-Hangry||[from] ability: Hunger Switch
|upkeep
|turn|10
|
|move|p1a: Hitmonlee|Close Combat|p2a: Morpeko
|-supereffective|p2a: Morpeko
|-damage|p2a: Morpeko|0 fnt
|-unboost|p1a: Hitmonlee|def|1
|-unboost|p1a: Hitmonlee|spd|1
|faint|p2a: Morpeko
|
|upkeep
|c|☆TookMe5Minutes|really dumb
|c|☆TookMe5Minutes|no gg
|-message|TookMe5Minutes forfeited.
|
|win|4G3NC Fuck
|l|☆TookMe5Minutes
|raw|4G3NC Fuck's rating: 1024 &rarr; <strong>1074</strong><br />(+50 for winning)
|raw|TookMe5Minutes's rating: 1156 &rarr; <strong>1122</strong><br />(-34 for losing)
