|j|☆CopperXED
|j|☆Delphox News
|player|p1|CopperXED|roark|1360
|player|p2|Delphox News|lucy-gen3|1352
|teamsize|p1|6
|teamsize|p2|6
|gametype|singles
|gen|8
|tier|[Gen 8] RU
|rated|
|clearpoke
|poke|p1|Rotom|
|poke|p1|Escavalier, F|
|poke|p1|Coalossal, F|
|poke|p1|Passimian, F|
|poke|p1|Frosmoth, M|
|poke|p1|Barraskewda, M|
|poke|p2|Musharna, F|
|poke|p2|Garbodor, M|
|poke|p2|Perrserker, M|
|poke|p2|Rhydon, F|
|poke|p2|Silvally-*|
|poke|p2|Rotom|
|rule|Sleep Clause Mod: Limit one foe put to sleep
|rule|Species Clause: Limit one of each Pokémon
|rule|OHKO Clause: OHKO moves are banned
|rule|Evasion Moves Clause: Evasion moves are banned
|rule|Endless Battle Clause: Forcing endless battles is banned
|rule|HP Percentage Mod: HP is shown in percentages
|rule|Dynamax Clause: You cannot dynamax
|teampreview
|
|start
|switch|p1a: Barraskewda|Barraskewda, M|100/100
|switch|p2a: Musharna|Musharna, F|100/100
|turn|1
|
|move|p1a: Barraskewda|Crunch|p2a: Musharna
|-supereffective|p2a: Musharna
|-damage|p2a: Musharna|48/100
|-damage|p1a: Barraskewda|91/100|[from] item: Life Orb
|move|p2a: Musharna|Trick|p1a: Barraskewda
|-activate|p2a: Musharna|move: Trick|[of] p1a: Barraskewda
|-item|p1a: Barraskewda|Sticky Barb|[from] move: Trick
|-item|p2a: Musharna|Life Orb|[from] move: Trick
|
|-damage|p1a: Barraskewda|78/100|[from] item: Sticky Barb
|upkeep
|turn|2
|
|move|p1a: Barraskewda|Liquidation|p2a: Musharna
|-damage|p2a: Musharna|14/100
|move|p2a: Musharna|Moonlight|p2a: Musharna
|-heal|p2a: Musharna|64/100
|
|-damage|p1a: Barraskewda|66/100|[from] item: Sticky Barb
|upkeep
|turn|3
|
|switch|p1a: Frosmoth|Frosmoth, M|100/100
|move|p2a: Musharna|Moonlight|p2a: Musharna
|-heal|p2a: Musharna|100/100
|
|upkeep
|turn|4
|
|switch|p1a: Passimian|Passimian, F|100/100
|switch|p2a: Perrserker|Perrserker, M|100/100
|
|upkeep
|turn|5
|
|switch|p2a: Garbodor|Garbodor, M|100/100
|move|p1a: Passimian|U-turn|p2a: Garbodor
|-resisted|p2a: Garbodor
|-damage|p2a: Garbodor|88/100
|-damage|p1a: Passimian|84/100|[from] item: Rocky Helmet|[of] p2a: Garbodor
|
|switch|p1a: Coalossal|Coalossal, F|100/100|[from]move: U-turn
|-item|p1a: Coalossal|Air Balloon
|
|upkeep
|turn|6
|
|move|p2a: Garbodor|Toxic|p1a: Coalossal
|-status|p1a: Coalossal|tox
|move|p1a: Coalossal|Stealth Rock|p2a: Garbodor
|-sidestart|p2: Delphox News|move: Stealth Rock
|
|-damage|p1a: Coalossal|94/100 tox|[from] psn
|upkeep
|turn|7
|
|move|p2a: Garbodor|Spikes|p1a: Coalossal
|-sidestart|p1: CopperXED|Spikes
|move|p1a: Coalossal|Rapid Spin|p2a: Garbodor
|-damage|p2a: Garbodor|81/100
|-boost|p1a: Coalossal|spe|1
|-damage|p1a: Coalossal|78/100 tox|[from] item: Rocky Helmet|[of] p2a: Garbodor
|-sideend|p1: CopperXED|Spikes|[from] move: Rapid Spin|[of] p1a: Coalossal
|
|-damage|p1a: Coalossal|66/100 tox|[from] psn
|upkeep
|turn|8
|
|move|p2a: Garbodor|Spikes|p1a: Coalossal
|-sidestart|p1: CopperXED|Spikes
|move|p1a: Coalossal|Rapid Spin|p2a: Garbodor
|-damage|p2a: Garbodor|74/100
|-boost|p1a: Coalossal|spe|1
|-damage|p1a: Coalossal|49/100 tox|[from] item: Rocky Helmet|[of] p2a: Garbodor
|-sideend|p1: CopperXED|Spikes|[from] move: Rapid Spin|[of] p1a: Coalossal
|
|-damage|p1a: Coalossal|31/100 tox|[from] psn
|upkeep
|turn|9
|
|move|p2a: Garbodor|Spikes|p1a: Coalossal
|-sidestart|p1: CopperXED|Spikes
|move|p1a: Coalossal|Rapid Spin|p2a: Garbodor
|-damage|p2a: Garbodor|67/100
|-boost|p1a: Coalossal|spe|1
|-damage|p1a: Coalossal|14/100 tox|[from] item: Rocky Helmet|[of] p2a: Garbodor
|-sideend|p1: CopperXED|Spikes|[from] move: Rapid Spin|[of] p1a: Coalossal
|
|-damage|p1a: Coalossal|0 fnt|[from] psn
|faint|p1a: Coalossal
|upkeep
|
|switch|p1a: Passimian|Passimian, F|84/100
|turn|10
|
|move|p1a: Passimian|Earthquake|p2a: Garbodor
|-supereffective|p2a: Garbodor
|-damage|p2a: Garbodor|7/100
|move|p2a: Garbodor|Spikes|p1a: Passimian
|-sidestart|p1: CopperXED|Spikes
|
|upkeep
|turn|11
|
|switch|p2a: Rotom|Rotom|100/100
|-damage|p2a: Rotom|88/100|[from] Stealth Rock
|move|p1a: Passimian|Earthquake|p2a: Rotom
|-immune|p2a: Rotom|[from] ability: Levitate
|
|upkeep
|turn|12
|
|switch|p1a: Escavalier|Escavalier, F|100/100
|-damage|p1a: Escavalier|88/100|[from] Spikes
|move|p2a: Rotom|Volt Switch|p1a: Escavalier
|-damage|p1a: Escavalier|61/100
|
|switch|p2a: Perrserker|Perrserker, M|100/100|[from]move: Volt Switch
|-damage|p2a: Perrserker|94/100|[from] Stealth Rock
|
|-heal|p1a: Escavalier|67/100|[from] item: Leftovers
|upkeep
|turn|13
|
|move|p2a: Perrserker|Close Combat|p1a: Escavalier
|-damage|p1a: Escavalier|0 fnt
|-unboost|p2a: Perrserker|def|1
|-unboost|p2a: Perrserker|spd|1
|faint|p1a: Escavalier
|
|upkeep
|
|switch|p1a: Rotom|Rotom|100/100
|turn|14
|
|switch|p2a: Garbodor|Garbodor, M|7/100
|-damage|p2a: Garbodor|0 fnt|[from] Stealth Rock
|faint|p2a: Garbodor
|move|p1a: Rotom|Will-O-Wisp|p2: Garbodor|[notarget]
|-fail|p1a: Rotom
|
|upkeep
|
|switch|p2a: Rotom|Rotom|88/100
|-damage|p2a: Rotom|76/100|[from] Stealth Rock
|turn|15
|
|move|p2a: Rotom|Shadow Ball|p1a: Rotom
|-supereffective|p1a: Rotom
|-damage|p1a: Rotom|0 fnt
|faint|p1a: Rotom
|
|upkeep
|
|switch|p1a: Frosmoth|Frosmoth, M|100/100
|turn|16
|
|switch|p2a: Perrserker|Perrserker, M|94/100
|-damage|p2a: Perrserker|88/100|[from] Stealth Rock
|move|p1a: Frosmoth|Quiver Dance|p1a: Frosmoth
|-boost|p1a: Frosmoth|spa|1
|-boost|p1a: Frosmoth|spd|1
|-boost|p1a: Frosmoth|spe|1
|
|upkeep
|turn|17
|
|move|p1a: Frosmoth|Ice Beam|p2a: Perrserker
|-resisted|p2a: Perrserker
|-damage|p2a: Perrserker|28/100
|move|p2a: Perrserker|Iron Head|p1a: Frosmoth
|-supereffective|p1a: Frosmoth
|-damage|p1a: Frosmoth|0 fnt
|faint|p1a: Frosmoth
|
|upkeep
|-message|CopperXED forfeited.
|
|win|Delphox News
|l|☆CopperXED
|raw|CopperXED's rating: 1333 &rarr; <strong>1314</strong><br />(-19 for losing)
|raw|Delphox News's rating: 1352 &rarr; <strong>1371</strong><br />(+19 for winning)
