|j|☆SS007
|j|☆BadLuck Albatross
|t:|1647484579
|gametype|singles
|player|p1|SS007|proton|1413
|player|p2|BadLuck Albatross|bugcatcher-gen4dp|1391
|teamsize|p1|6
|teamsize|p2|6
|gen|8
|tier|[Gen 8] RU
|rated|
|rule|Sleep Clause Mod: Limit one foe put to sleep
|rule|Species Clause: Limit one of each Pokémon
|rule|OHKO Clause: OHKO moves are banned
|rule|Evasion Moves Clause: Evasion moves are banned
|rule|Endless Battle Clause: Forcing endless battles is banned
|rule|HP Percentage Mod: HP is shown in percentages
|rule|Dynamax Clause: You cannot dynamax
|clearpoke
|poke|p1|Noivern, F|
|poke|p1|Mudsdale, F|
|poke|p1|Milotic, F|
|poke|p1|Mimikyu, M|
|poke|p1|Darmanitan, M|
|poke|p1|Rotom-Mow|
|poke|p2|Aurorus, F|
|poke|p2|Sandslash-Alola, F|
|poke|p2|Arctovish|
|poke|p2|Flygon, F|
|poke|p2|Doublade, F|
|poke|p2|Abomasnow, M|
|teampreview
|
|t:|1647484611
|start
|switch|p1a: Darmanitan|Darmanitan, M|100/100
|switch|p2a: Aurorus|Aurorus, F|100/100
|-weather|Hail|[from] ability: Snow Warning|[of] p2a: Aurorus
|turn|1
|inactive|Battle timer is ON: inactive players will automatically lose when time's up. (requested by SS007)
|
|t:|1647484618
|move|p1a: Darmanitan|U-turn|p2a: Aurorus
|-damage|p2a: Aurorus|70/100
|
|t:|1647484620
|switch|p1a: Milotic|Milotic, F, shiny|100/100|[from]move: U-turn
|move|p2a: Aurorus|Stealth Rock|p1a: Milotic
|-sidestart|p1: SS007|move: Stealth Rock
|
|-weather|Hail|[upkeep]
|-damage|p1a: Milotic|94/100|[from] Hail
|-status|p1a: Milotic|brn|[from] item: Flame Orb
|upkeep
|turn|2
|
|t:|1647484624
|move|p2a: Aurorus|Earth Power|p1a: Milotic
|-damage|p1a: Milotic|78/100 brn
|move|p1a: Milotic|Scald|p2a: Aurorus
|-supereffective|p2a: Aurorus
|-damage|p2a: Aurorus|17/100
|
|-weather|Hail|[upkeep]
|-damage|p1a: Milotic|71/100 brn|[from] Hail
|-damage|p1a: Milotic|65/100 brn|[from] brn
|upkeep
|turn|3
|
|t:|1647484630
|move|p2a: Aurorus|Encore|p1a: Milotic
|-start|p1a: Milotic|Encore
|move|p1a: Milotic|Scald|p2a: Aurorus
|-supereffective|p2a: Aurorus
|-damage|p2a: Aurorus|0 fnt
|faint|p2a: Aurorus
|
|-weather|Hail|[upkeep]
|-damage|p1a: Milotic|59/100 brn|[from] Hail
|-damage|p1a: Milotic|53/100 brn|[from] brn
|upkeep
|
|t:|1647484639
|switch|p2a: Abomasnow|Abomasnow, M|100/100
|turn|4
|inactive|SS007 has 120 seconds left.
|
|t:|1647484687
|switch|p1a: Rotom|Rotom-Mow|100/100
|-damage|p1a: Rotom|88/100|[from] Stealth Rock
|move|p2a: Abomasnow|Wood Hammer|p1a: Rotom
|-resisted|p1a: Rotom
|-damage|p1a: Rotom|53/100
|-damage|p2a: Abomasnow|91/100|[from] Recoil
|
|-weather|Hail|[upkeep]
|-damage|p1a: Rotom|46/100|[from] Hail
|-heal|p1a: Rotom|53/100|[from] item: Leftovers
|upkeep
|turn|5
|
|t:|1647484693
|move|p2a: Abomasnow|Ice Shard|p1a: Rotom
|-supereffective|p1a: Rotom
|-damage|p1a: Rotom|11/100
|move|p1a: Rotom|Defog|p2a: Abomasnow
|-unboost|p2a: Abomasnow|evasion|1
|-sideend|p1: SS007|Stealth Rock|[from] move: Defog|[of] p1a: Rotom
|
|-weather|none
|-heal|p1a: Rotom|17/100|[from] item: Leftovers
|upkeep
|turn|6
|
|t:|1647484699
|move|p2a: Abomasnow|Ice Shard|p1a: Rotom
|-supereffective|p1a: Rotom
|-damage|p1a: Rotom|0 fnt
|faint|p1a: Rotom
|
|upkeep
|
|t:|1647484703
|switch|p1a: Darmanitan|Darmanitan, M|100/100
|turn|7
|
|t:|1647484706
|switch|p2a: Flygon|Flygon, F|100/100
|move|p1a: Darmanitan|Flare Blitz|p2a: Flygon
|-resisted|p2a: Flygon
|-damage|p2a: Flygon|49/100
|-damage|p1a: Darmanitan|84/100|[from] item: Rocky Helmet|[of] p2a: Flygon
|-damage|p1a: Darmanitan|67/100|[from] Recoil
|
|upkeep
|turn|8
|
|t:|1647484711
|move|p1a: Darmanitan|Flare Blitz|p2a: Flygon
|-resisted|p2a: Flygon
|-damage|p2a: Flygon|0 fnt
|-damage|p1a: Darmanitan|51/100|[from] item: Rocky Helmet|[of] p2a: Flygon
|faint|p2a: Flygon
|-damage|p1a: Darmanitan|35/100|[from] Recoil
|
|upkeep
|inactive|BadLuck Albatross has 120 seconds left.
|
|t:|1647484759
|switch|p2a: Doublade|Doublade, F|100/100
|turn|9
|
|t:|1647484767
|switch|p1a: Noivern|Noivern, F|100/100
|move|p2a: Doublade|Shadow Sneak|p1a: Noivern
|-damage|p1a: Noivern|74/100
|
|upkeep
|turn|10
|inactive|BadLuck Albatross has 120 seconds left.
|
|t:|1647484777
|move|p1a: Noivern|Flamethrower|p2a: Doublade
|-supereffective|p2a: Doublade
|-damage|p2a: Doublade|5/100
|-status|p2a: Doublade|brn
|move|p2a: Doublade|Shadow Claw|p1a: Noivern
|-damage|p1a: Noivern|50/100
|
|-damage|p2a: Doublade|0 fnt|[from] brn
|faint|p2a: Doublade
|upkeep
|
|t:|1647484781
|switch|p2a: Abomasnow|Abomasnow, M|91/100
|-weather|Hail|[from] ability: Snow Warning|[of] p2a: Abomasnow
|turn|11
|
|t:|1647484798
|switch|p1a: Milotic|Milotic, F, shiny|53/100 brn
|move|p2a: Abomasnow|Ice Shard|p1a: Milotic
|-resisted|p1a: Milotic
|-damage|p1a: Milotic|47/100 brn
|
|-weather|Hail|[upkeep]
|-damage|p1a: Milotic|41/100 brn|[from] Hail
|-damage|p1a: Milotic|35/100 brn|[from] brn
|upkeep
|turn|12
|
|t:|1647484801
|move|p2a: Abomasnow|Wood Hammer|p1a: Milotic
|-supereffective|p1a: Milotic
|-damage|p1a: Milotic|0 fnt
|faint|p1a: Milotic
|-damage|p2a: Abomasnow|77/100|[from] Recoil
|
|-weather|Hail|[upkeep]
|upkeep
|
|t:|1647484807
|switch|p1a: Darmanitan|Darmanitan, M|35/100
|turn|13
|inactive|BadLuck Albatross has 120 seconds left.
|
|t:|1647484839
|move|p2a: Abomasnow|Ice Shard|p1a: Darmanitan
|-resisted|p1a: Darmanitan
|-damage|p1a: Darmanitan|20/100
|move|p1a: Darmanitan|Rock Slide|p2a: Abomasnow
|-supereffective|p2a: Abomasnow
|-damage|p2a: Abomasnow|0 fnt
|faint|p2a: Abomasnow
|
|-weather|Hail|[upkeep]
|-damage|p1a: Darmanitan|14/100|[from] Hail
|upkeep
|
|t:|1647484841
|switch|p2a: Arctovish|Arctovish|100/100
|turn|14
|
|t:|1647484856
|switch|p1a: Mudsdale|Mudsdale, F|100/100
|move|p2a: Arctovish|Fishious Rend|p1a: Mudsdale
|-supereffective|p1a: Mudsdale
|-damage|p1a: Mudsdale|0 fnt
|faint|p1a: Mudsdale
|
|-weather|Hail|[upkeep]
|upkeep
|
|t:|1647484864
|switch|p1a: Noivern|Noivern, F|50/100
|turn|15
|
|t:|1647484869
|move|p2a: Arctovish|Fishious Rend|p1a: Noivern
|-resisted|p1a: Noivern
|-damage|p1a: Noivern|0 fnt
|faint|p1a: Noivern
|
|-weather|Hail|[upkeep]
|upkeep
|
|t:|1647484883
|switch|p1a: Mimikyu|Mimikyu, M, shiny|100/100
|turn|16
|
|t:|1647484886
|move|p2a: Arctovish|Fishious Rend|p1a: Mimikyu
|-activate|p1a: Mimikyu|ability: Disguise
|-damage|p1a: Mimikyu|100/100
|detailschange|p1a: Mimikyu|Mimikyu-Busted, M, shiny
|-damage|p1a: Mimikyu|88/100|[from] pokemon: Mimikyu-Busted
|move|p1a: Mimikyu|Play Rough|p2a: Arctovish
|-damage|p2a: Arctovish|48/100
|-damage|p1a: Mimikyu|78/100|[from] item: Life Orb
|
|-weather|Hail|[upkeep]
|-damage|p1a: Mimikyu|72/100|[from] Hail
|upkeep
|turn|17
|
|t:|1647484889
|move|p1a: Mimikyu|Shadow Sneak|p2a: Arctovish
|-damage|p2a: Arctovish|27/100
|-damage|p1a: Mimikyu|62/100|[from] item: Life Orb
|move|p2a: Arctovish|Fishious Rend|p1a: Mimikyu
|-damage|p1a: Mimikyu|0 fnt
|faint|p1a: Mimikyu
|
|-weather|Hail|[upkeep]
|upkeep
|
|t:|1647484892
|switch|p1a: Darmanitan|Darmanitan, M|14/100
|turn|18
|
|t:|1647484905
|move|p1a: Darmanitan|Flare Blitz|p2a: Arctovish
|-damage|p2a: Arctovish|0 fnt
|faint|p2a: Arctovish
|-damage|p1a: Darmanitan|6/100|[from] Recoil
|
|-weather|none
|upkeep
|
|t:|1647484907
|switch|p2a: Sandslash|Sandslash-Alola, F|100/100
|turn|19
|
|t:|1647484913
|move|p1a: Darmanitan|Flare Blitz|p2a: Sandslash
|-supereffective|p2a: Sandslash
|-damage|p2a: Sandslash|0 fnt
|faint|p2a: Sandslash
|-damage|p1a: Darmanitan|0 fnt|[from] Recoil
|faint|p1a: Darmanitan
|
|win|SS007
|raw|SS007's rating: 1413 &rarr; <strong>1432</strong><br />(+19 for winning)
|raw|BadLuck Albatross's rating: 1391 &rarr; <strong>1372</strong><br />(-19 for losing)
|c|☆SS007|gg
|l|☆BadLuck Albatross
||Ladder isn't responding, score probably updated but might not have (Request timeout).
