|raw|<div class="broadcast-blue"><strong>This battle is required to be public due to a player having a name starting with 'rult70'.</div>
|j|‽DeniVSL
|j|☆rult70stl
|t:|1626863604
|gametype|singles
|player|p1|DeniVSL|preschooler|1398
|player|p2|rult70stl|266|1564
|teamsize|p1|6
|teamsize|p2|6
|gen|8
|tier|[Gen 8] RU
|rated|
|rule|Sleep Clause Mod: Limit one foe put to sleep
|rule|Species Clause: Limit one of each Pokémon
|rule|OHKO Clause: OHKO moves are banned
|rule|Evasion Moves Clause: Evasion moves are banned
|rule|Endless Battle Clause: Forcing endless battles is banned
|rule|HP Percentage Mod: HP is shown in percentages
|rule|Dynamax Clause: You cannot dynamax
|clearpoke
|poke|p1|Cloyster, M|
|poke|p1|Noivern, M|
|poke|p1|Seismitoad, F|
|poke|p1|Togekiss, M|
|poke|p1|Volcanion|
|poke|p1|Jolteon, F|
|poke|p2|Quagsire, M|
|poke|p2|Steelix, F|
|poke|p2|Crobat, F|
|poke|p2|Reuniclus, M|
|poke|p2|Umbreon, M|
|poke|p2|Dragalge, F|
|teampreview
|inactive|Battle timer is ON: inactive players will automatically lose when time's up. (requested by DeniVSL)
|
|t:|1626863619
|start
|switch|p1a: Togekiss|Togekiss, M|100/100
|switch|p2a: Dragalge|Dragalge, F|100/100
|turn|1
|
|t:|1626863629
|move|p1a: Togekiss|Air Slash|p2a: Dragalge
|-damage|p2a: Dragalge|62/100
|cant|p2a: Dragalge|flinch
|
|upkeep
|turn|2
|
|t:|1626863635
|switch|p2a: Steelix|Steelix, F|100/100
|move|p1a: Togekiss|Air Slash|p2a: Steelix
|-resisted|p2a: Steelix
|-damage|p2a: Steelix|85/100
|
|-heal|p2a: Steelix|91/100|[from] item: Leftovers
|upkeep
|turn|3
|
|t:|1626863644
|switch|p1a: Seismitoad|Seismitoad, F|100/100
|move|p2a: Steelix|Stealth Rock|p1a: Seismitoad
|-sidestart|p1: DeniVSL|move: Stealth Rock
|
|-heal|p2a: Steelix|97/100|[from] item: Leftovers
|upkeep
|turn|4
|j| Rult70d ani
|
|t:|1626863652
|switch|p2a: Reuniclus|Reuniclus, M|100/100
|move|p1a: Seismitoad|Stealth Rock|p2a: Reuniclus
|-sidestart|p2: rult70stl|move: Stealth Rock
|
|upkeep
|turn|5
|
|t:|1626863658
|switch|p1a: Togekiss|Togekiss, M|100/100
|-damage|p1a: Togekiss|76/100|[from] Stealth Rock
|move|p2a: Reuniclus|Trick|p1a: Togekiss
|-activate|p2a: Reuniclus|move: Trick|[of] p1a: Togekiss
|-enditem|p1a: Togekiss|Choice Scarf|[silent]|[from] move: Trick
|-item|p2a: Reuniclus|Choice Scarf|[from] move: Trick
|
|upkeep
|turn|6
|
|t:|1626863674
|move|p1a: Togekiss|Air Slash|p2a: Reuniclus
|-damage|p2a: Reuniclus|69/100
|move|p2a: Reuniclus|Trick|p1a: Togekiss
|-activate|p2a: Reuniclus|move: Trick|[of] p1a: Togekiss
|-item|p1a: Togekiss|Choice Scarf|[from] move: Trick
|-enditem|p2a: Reuniclus|Choice Scarf|[silent]|[from] move: Trick
|
|upkeep
|turn|7
|
|t:|1626863681
|switch|p2a: Steelix|Steelix, F|97/100
|-damage|p2a: Steelix|94/100|[from] Stealth Rock
|move|p1a: Togekiss|Air Slash|p2a: Steelix
|-resisted|p2a: Steelix
|-damage|p2a: Steelix|77/100
|
|-heal|p2a: Steelix|84/100|[from] item: Leftovers
|upkeep
|turn|8
|
|t:|1626863695
|move|p1a: Togekiss|Air Slash|p2a: Steelix
|-resisted|p2a: Steelix
|-damage|p2a: Steelix|66/100
|cant|p2a: Steelix|flinch
|
|-heal|p2a: Steelix|72/100|[from] item: Leftovers
|upkeep
|turn|9
|
|t:|1626863703
|move|p1a: Togekiss|Air Slash|p2a: Steelix
|-resisted|p2a: Steelix
|-damage|p2a: Steelix|56/100
|cant|p2a: Steelix|flinch
|
|-heal|p2a: Steelix|63/100|[from] item: Leftovers
|upkeep
|turn|10
|
|t:|1626863712
|switch|p1a: Volcanion|Volcanion|100/100
|-damage|p1a: Volcanion|76/100|[from] Stealth Rock
|move|p2a: Steelix|Heavy Slam|p1a: Volcanion
|-resisted|p1a: Volcanion
|-damage|p1a: Volcanion|72/100
|
|-heal|p2a: Steelix|69/100|[from] item: Leftovers
|upkeep
|turn|11
|
|t:|1626863722
|switch|p2a: Umbreon|Umbreon, M|100/100
|-damage|p2a: Umbreon|88/100|[from] Stealth Rock
|move|p1a: Volcanion|Steam Eruption|p2a: Umbreon
|-damage|p2a: Umbreon|44/100
|
|-heal|p2a: Umbreon|50/100|[from] item: Leftovers
|upkeep
|turn|12
|
|t:|1626863732
|move|p1a: Volcanion|Steam Eruption|p2a: Umbreon
|-damage|p2a: Umbreon|5/100
|move|p2a: Umbreon|Wish|p2a: Umbreon
|
|-heal|p2a: Umbreon|11/100|[from] item: Leftovers
|upkeep
|turn|13
|
|t:|1626863754
|move|p2a: Umbreon|Protect|p2a: Umbreon
|-singleturn|p2a: Umbreon|Protect
|move|p1a: Volcanion|Steam Eruption|p2a: Umbreon
|-activate|p2a: Umbreon|move: Protect
|
|-heal|p2a: Umbreon|61/100|[from] move: Wish|[wisher] Umbreon
|-heal|p2a: Umbreon|67/100|[from] item: Leftovers
|upkeep
|turn|14
|
|t:|1626863765
|move|p1a: Volcanion|Steam Eruption|p2a: Umbreon
|-damage|p2a: Umbreon|23/100
|move|p2a: Umbreon|Wish|p2a: Umbreon
|
|-heal|p2a: Umbreon|29/100|[from] item: Leftovers
|upkeep
|turn|15
|
|t:|1626863786
|switch|p1a: Seismitoad|Seismitoad, F|100/100
|-damage|p1a: Seismitoad|94/100|[from] Stealth Rock
|move|p2a: Umbreon|Protect||[still]
|-fail|p2a: Umbreon
|
|-heal|p2a: Umbreon|79/100|[from] move: Wish|[wisher] Umbreon
|-heal|p2a: Umbreon|85/100|[from] item: Leftovers
|-heal|p1a: Seismitoad|100/100|[from] item: Leftovers
|upkeep
|turn|16
|
|t:|1626863798
|move|p2a: Umbreon|Protect|p2a: Umbreon
|-singleturn|p2a: Umbreon|Protect
|move|p1a: Seismitoad|Toxic|p2a: Umbreon
|-activate|p2a: Umbreon|move: Protect
|
|-heal|p2a: Umbreon|91/100|[from] item: Leftovers
|upkeep
|turn|17
|
|t:|1626863816
|switch|p2a: Reuniclus|Reuniclus, M|100/100
|-damage|p2a: Reuniclus|88/100|[from] Stealth Rock
|move|p1a: Seismitoad|Earthquake|p2a: Reuniclus
|-damage|p2a: Reuniclus|65/100
|
|upkeep
|turn|18
|
|t:|1626863824
|switch|p1a: Togekiss|Togekiss, M|76/100
|-damage|p1a: Togekiss|51/100|[from] Stealth Rock
|move|p2a: Reuniclus|Psychic|p1a: Togekiss
|-damage|p1a: Togekiss|14/100
|
|upkeep
|turn|19
|l| Rult70d ani
|
|t:|1626863838
|switch|p2a: Umbreon|Umbreon, M|91/100
|-damage|p2a: Umbreon|79/100|[from] Stealth Rock
|move|p1a: Togekiss|Roost|p1a: Togekiss
|-heal|p1a: Togekiss|64/100
|-singleturn|p1a: Togekiss|move: Roost
|
|-heal|p2a: Umbreon|85/100|[from] item: Leftovers
|upkeep
|turn|20
|
|t:|1626863849
|move|p1a: Togekiss|Roost|p1a: Togekiss
|-heal|p1a: Togekiss|100/100
|-singleturn|p1a: Togekiss|move: Roost
|move|p2a: Umbreon|Wish|p2a: Umbreon
|
|-heal|p2a: Umbreon|91/100|[from] item: Leftovers
|upkeep
|turn|21
|
|t:|1626863858
|switch|p1a: Volcanion|Volcanion|72/100
|-damage|p1a: Volcanion|47/100|[from] Stealth Rock
|switch|p2a: Dragalge|Dragalge, F|62/100
|-damage|p2a: Dragalge|50/100|[from] Stealth Rock
|
|-heal|p2a: Dragalge|100/100|[from] move: Wish|[wisher] Umbreon
|upkeep
|turn|22
|
|t:|1626863870
|move|p1a: Volcanion|Earth Power|p2a: Dragalge
|-supereffective|p2a: Dragalge
|-damage|p2a: Dragalge|2/100
|move|p2a: Dragalge|Toxic Spikes|p1a: Volcanion
|-sidestart|p1: DeniVSL|move: Toxic Spikes
|
|upkeep
|turn|23
|
|t:|1626863876
|switch|p1a: Noivern|Noivern, M|100/100
|-item|p2a: Dragalge|Choice Specs|[from] ability: Frisk|[of] p1a: Noivern|[identify]
|switch|p2a: Crobat|Crobat, F|100/100
|
|upkeep
|turn|24
|
|t:|1626863884
|move|p1a: Noivern|Defog|p2a: Crobat
|-unboost|p2a: Crobat|evasion|1
|-sideend|p2: rult70stl|Stealth Rock|[from] move: Defog|[of] p1a: Noivern
|-sideend|p1: DeniVSL|Toxic Spikes|[from] move: Defog|[of] p1a: Noivern
|-sideend|p1: DeniVSL|Stealth Rock|[from] move: Defog|[of] p1a: Noivern
|move|p2a: Crobat|Brave Bird|p1a: Noivern
|-damage|p1a: Noivern|57/100
|-damage|p2a: Crobat|88/100|[from] Recoil
|
|upkeep
|turn|25
|
|t:|1626863907
|move|p1a: Noivern|Roost|p1a: Noivern
|-heal|p1a: Noivern|100/100
|-singleturn|p1a: Noivern|move: Roost
|move|p2a: Crobat|Brave Bird|p1a: Noivern
|-damage|p1a: Noivern|53/100
|-damage|p2a: Crobat|75/100|[from] Recoil
|
|upkeep
|turn|26
|
|t:|1626863916
|move|p1a: Noivern|Roost|p1a: Noivern
|-heal|p1a: Noivern|100/100
|-singleturn|p1a: Noivern|move: Roost
|move|p2a: Crobat|U-turn|p1a: Noivern
|-damage|p1a: Noivern|83/100
|
|t:|1626863931
|switch|p2a: Steelix|Steelix, F|69/100|[from]move: U-turn
|
|-heal|p2a: Steelix|75/100|[from] item: Leftovers
|upkeep
|turn|27
|
|t:|1626863938
|move|p1a: Noivern|Flamethrower|p2a: Steelix
|-supereffective|p2a: Steelix
|-damage|p2a: Steelix|31/100
|move|p2a: Steelix|Stealth Rock|p1a: Noivern
|-sidestart|p1: DeniVSL|move: Stealth Rock
|
|-heal|p2a: Steelix|37/100|[from] item: Leftovers
|upkeep
|turn|28
|
|t:|1626863961
|switch|p2a: Umbreon|Umbreon, M|91/100
|move|p1a: Noivern|Defog|p2a: Umbreon
|-unboost|p2a: Umbreon|evasion|1
|-sideend|p1: DeniVSL|Stealth Rock|[from] move: Defog|[of] p1a: Noivern
|
|-heal|p2a: Umbreon|97/100|[from] item: Leftovers
|upkeep
|turn|29
|
|t:|1626863975
|switch|p1a: Seismitoad|Seismitoad, F|100/100
|move|p2a: Umbreon|Wish|p2a: Umbreon
|
|-heal|p2a: Umbreon|100/100|[from] item: Leftovers
|upkeep
|turn|30
|
|t:|1626863983
|switch|p2a: Crobat|Crobat, F|75/100
|move|p1a: Seismitoad|Scald|p2a: Crobat
|-damage|p2a: Crobat|50/100
|
|-heal|p2a: Crobat|100/100|[from] move: Wish|[wisher] Umbreon
|upkeep
|turn|31
|
|t:|1626863994
|move|p2a: Crobat|Brave Bird|p1a: Seismitoad
|-damage|p1a: Seismitoad|78/100
|-damage|p2a: Crobat|92/100|[from] Recoil
|move|p1a: Seismitoad|Stealth Rock|p2a: Crobat
|-sidestart|p2: rult70stl|move: Stealth Rock
|
|-heal|p1a: Seismitoad|84/100|[from] item: Leftovers
|upkeep
|turn|32
|
|t:|1626864003
|move|p2a: Crobat|U-turn|p1a: Seismitoad
|-damage|p1a: Seismitoad|74/100
|
|t:|1626864007
|switch|p2a: Reuniclus|Reuniclus, M|98/100|[from]move: U-turn
|-damage|p2a: Reuniclus|86/100|[from] Stealth Rock
|move|p1a: Seismitoad|Scald|p2a: Reuniclus
|-damage|p2a: Reuniclus|62/100
|-status|p2a: Reuniclus|brn
|
|-heal|p1a: Seismitoad|80/100|[from] item: Leftovers
|-damage|p2a: Reuniclus|56/100 brn|[from] brn
|upkeep
|turn|33
|
|t:|1626864026
|switch|p1a: Togekiss|Togekiss, M|100/100
|move|p2a: Reuniclus|Recover|p2a: Reuniclus
|-heal|p2a: Reuniclus|100/100 brn
|
|-damage|p2a: Reuniclus|94/100 brn|[from] brn
|upkeep
|turn|34
|
|t:|1626864044
|move|p1a: Togekiss|Air Slash|p2a: Reuniclus
|-damage|p2a: Reuniclus|60/100 brn
|cant|p2a: Reuniclus|flinch
|
|-damage|p2a: Reuniclus|54/100 brn|[from] brn
|upkeep
|turn|35
|
|t:|1626864058
|switch|p1a: Seismitoad|Seismitoad, F|80/100
|switch|p2a: Umbreon|Umbreon, M|100/100
|-damage|p2a: Umbreon|88/100|[from] Stealth Rock
|
|-heal|p2a: Umbreon|94/100|[from] item: Leftovers
|-heal|p1a: Seismitoad|86/100|[from] item: Leftovers
|upkeep
|turn|36
|
|t:|1626864079
|move|p2a: Umbreon|Foul Play|p1a: Seismitoad
|-damage|p1a: Seismitoad|62/100
|move|p1a: Seismitoad|Toxic|p2a: Umbreon
|-status|p2a: Umbreon|tox
|
|-heal|p2a: Umbreon|99/100 tox|[from] item: Leftovers
|-heal|p1a: Seismitoad|68/100|[from] item: Leftovers
|-damage|p2a: Umbreon|94/100 tox|[from] psn
|upkeep
|turn|37
|
|t:|1626864090
|move|p2a: Umbreon|Heal Bell|p2a: Umbreon
|-activate|p2a: Umbreon|move: Heal Bell
|-curestatus|p2a: Umbreon|tox|[msg]
|-curestatus|p2: Reuniclus|brn|[msg]
|move|p1a: Seismitoad|Scald|p2a: Umbreon
|-damage|p2a: Umbreon|82/100
|
|-heal|p2a: Umbreon|88/100|[from] item: Leftovers
|-heal|p1a: Seismitoad|74/100|[from] item: Leftovers
|upkeep
|turn|38
|inactive|rult70stl has 120 seconds left.
|
|t:|1626864131
|move|p2a: Umbreon|Foul Play|p1a: Seismitoad
|-damage|p1a: Seismitoad|53/100
|move|p1a: Seismitoad|Toxic|p2a: Umbreon
|-status|p2a: Umbreon|tox
|
|-heal|p2a: Umbreon|94/100 tox|[from] item: Leftovers
|-heal|p1a: Seismitoad|59/100|[from] item: Leftovers
|-damage|p2a: Umbreon|88/100 tox|[from] psn
|upkeep
|turn|39
|
|t:|1626864144
|move|p2a: Umbreon|Heal Bell|p2a: Umbreon
|-activate|p2a: Umbreon|move: Heal Bell
|-curestatus|p2a: Umbreon|tox|[msg]
|move|p1a: Seismitoad|Earthquake|p2a: Umbreon
|-damage|p2a: Umbreon|62/100
|
|-heal|p2a: Umbreon|68/100|[from] item: Leftovers
|-heal|p1a: Seismitoad|65/100|[from] item: Leftovers
|upkeep
|turn|40
|inactive|rult70stl has 120 seconds left.
|
|t:|1626864155
|move|p2a: Umbreon|Wish|p2a: Umbreon
|move|p1a: Seismitoad|Toxic|p2a: Umbreon
|-status|p2a: Umbreon|tox
|
|-heal|p2a: Umbreon|74/100 tox|[from] item: Leftovers
|-heal|p1a: Seismitoad|71/100|[from] item: Leftovers
|-damage|p2a: Umbreon|68/100 tox|[from] psn
|upkeep
|turn|41
|
|t:|1626864177
|move|p2a: Umbreon|Heal Bell|p2a: Umbreon
|-activate|p2a: Umbreon|move: Heal Bell
|-curestatus|p2a: Umbreon|tox|[msg]
|move|p1a: Seismitoad|Toxic|p2a: Umbreon
|-status|p2a: Umbreon|tox
|
|-heal|p2a: Umbreon|100/100 tox|[from] move: Wish|[wisher] Umbreon
|-heal|p1a: Seismitoad|77/100|[from] item: Leftovers
|-damage|p2a: Umbreon|94/100 tox|[from] psn
|upkeep
|turn|42
|
|t:|1626864190
|move|p2a: Umbreon|Heal Bell|p2a: Umbreon
|-activate|p2a: Umbreon|move: Heal Bell
|-curestatus|p2a: Umbreon|tox|[msg]
|move|p1a: Seismitoad|Earthquake|p2a: Umbreon
|-crit|p2a: Umbreon
|-damage|p2a: Umbreon|57/100
|
|-heal|p2a: Umbreon|63/100|[from] item: Leftovers
|-heal|p1a: Seismitoad|84/100|[from] item: Leftovers
|upkeep
|turn|43
|
|t:|1626864201
|move|p2a: Umbreon|Protect|p2a: Umbreon
|-singleturn|p2a: Umbreon|Protect
|move|p1a: Seismitoad|Toxic|p2a: Umbreon
|-activate|p2a: Umbreon|move: Protect
|
|-heal|p2a: Umbreon|69/100|[from] item: Leftovers
|-heal|p1a: Seismitoad|90/100|[from] item: Leftovers
|upkeep
|turn|44
|
|t:|1626864210
|move|p2a: Umbreon|Wish|p2a: Umbreon
|move|p1a: Seismitoad|Toxic|p2a: Umbreon
|-status|p2a: Umbreon|tox
|
|-heal|p2a: Umbreon|75/100 tox|[from] item: Leftovers
|-heal|p1a: Seismitoad|96/100|[from] item: Leftovers
|-damage|p2a: Umbreon|69/100 tox|[from] psn
|upkeep
|turn|45
|
|t:|1626864219
|move|p2a: Umbreon|Heal Bell|p2a: Umbreon
|-activate|p2a: Umbreon|move: Heal Bell
|-curestatus|p2a: Umbreon|tox|[msg]
|move|p1a: Seismitoad|Earthquake|p2a: Umbreon
|-crit|p2a: Umbreon
|-damage|p2a: Umbreon|27/100
|
|-heal|p2a: Umbreon|77/100|[from] move: Wish|[wisher] Umbreon
|-heal|p2a: Umbreon|83/100|[from] item: Leftovers
|-heal|p1a: Seismitoad|100/100|[from] item: Leftovers
|upkeep
|turn|46
|
|t:|1626864232
|move|p2a: Umbreon|Protect|p2a: Umbreon
|-singleturn|p2a: Umbreon|Protect
|move|p1a: Seismitoad|Toxic|p2a: Umbreon
|-activate|p2a: Umbreon|move: Protect
|
|-heal|p2a: Umbreon|90/100|[from] item: Leftovers
|upkeep
|turn|47
|
|t:|1626864240
|switch|p2a: Crobat|Crobat, F|92/100
|move|p1a: Seismitoad|Toxic|p2a: Crobat
|-immune|p2a: Crobat
|
|upkeep
|turn|48
|
|t:|1626864248
|move|p2a: Crobat|U-turn|p1a: Seismitoad
|-damage|p1a: Seismitoad|91/100
|
|t:|1626864251
|switch|p2a: Quagsire|Quagsire, M|100/100|[from]move: U-turn
|move|p1a: Seismitoad|Scald|p2a: Quagsire
|-damage|p2a: Quagsire|68/100
|
|-heal|p1a: Seismitoad|97/100|[from] item: Leftovers
|upkeep
|turn|49
|
|t:|1626864262
|move|p1a: Seismitoad|Toxic|p2a: Quagsire|[miss]
|-miss|p1a: Seismitoad|p2a: Quagsire
|move|p2a: Quagsire|Toxic|p1a: Seismitoad
|-status|p1a: Seismitoad|tox
|
|-heal|p1a: Seismitoad|100/100 tox|[from] item: Leftovers
|-damage|p1a: Seismitoad|94/100 tox|[from] psn
|upkeep
|turn|50
|
|t:|1626864273
|move|p1a: Seismitoad|Toxic|p2a: Quagsire
|-status|p2a: Quagsire|tox
|move|p2a: Quagsire|Recover|p2a: Quagsire
|-heal|p2a: Quagsire|100/100 tox
|
|-heal|p1a: Seismitoad|100/100 tox|[from] item: Leftovers
|-damage|p1a: Seismitoad|88/100 tox|[from] psn
|-damage|p2a: Quagsire|94/100 tox|[from] psn
|upkeep
|turn|51
|
|t:|1626864283
|switch|p1a: Volcanion|Volcanion|47/100
|switch|p2a: Reuniclus|Reuniclus, M|87/100
|-damage|p2a: Reuniclus|75/100|[from] Stealth Rock
|
|upkeep
|turn|52
|
|t:|1626864291
|move|p1a: Volcanion|Steam Eruption|p2a: Reuniclus
|-damage|p2a: Reuniclus|0 fnt
|faint|p2a: Reuniclus
|
|upkeep
|
|t:|1626864295
|switch|p2a: Umbreon|Umbreon, M|90/100
|-damage|p2a: Umbreon|77/100|[from] Stealth Rock
|turn|53
|
|t:|1626864305
|move|p1a: Volcanion|Steam Eruption|p2a: Umbreon
|-damage|p2a: Umbreon|31/100
|-status|p2a: Umbreon|brn
|move|p2a: Umbreon|Wish|p2a: Umbreon
|
|-heal|p2a: Umbreon|37/100 brn|[from] item: Leftovers
|-damage|p2a: Umbreon|31/100 brn|[from] brn
|upkeep
|turn|54
|
|t:|1626864332
|switch|p1a: Cloyster|Cloyster, M|100/100
|move|p2a: Umbreon|Protect||[still]
|-fail|p2a: Umbreon
|
|-heal|p2a: Umbreon|80/100 brn|[from] move: Wish|[wisher] Umbreon
|-heal|p2a: Umbreon|87/100 brn|[from] item: Leftovers
|-damage|p2a: Umbreon|80/100 brn|[from] brn
|upkeep
|turn|55
|
|t:|1626864342
|move|p1a: Cloyster|Shell Smash|p1a: Cloyster
|-unboost|p1a: Cloyster|def|1
|-unboost|p1a: Cloyster|spd|1
|-boost|p1a: Cloyster|atk|2
|-boost|p1a: Cloyster|spa|2
|-boost|p1a: Cloyster|spe|2
|move|p2a: Umbreon|Heal Bell|p2a: Umbreon
|-activate|p2a: Umbreon|move: Heal Bell
|-curestatus|p2a: Umbreon|brn|[msg]
|-curestatus|p2: Quagsire|tox|[msg]
|
|-heal|p2a: Umbreon|87/100|[from] item: Leftovers
|upkeep
|turn|56
|
|t:|1626864356
|move|p2a: Umbreon|Protect|p2a: Umbreon
|-singleturn|p2a: Umbreon|Protect
|move|p1a: Cloyster|Icicle Spear|p2a: Umbreon
|-activate|p2a: Umbreon|move: Protect
|
|-heal|p2a: Umbreon|93/100|[from] item: Leftovers
|upkeep
|turn|57
|inactive|DeniVSL has 120 seconds left.
|
|t:|1626864377
|switch|p2a: Quagsire|Quagsire, M|94/100
|move|p1a: Cloyster|Icicle Spear|p2a: Quagsire
|-damage|p2a: Quagsire|87/100
|-damage|p2a: Quagsire|79/100
|-damage|p2a: Quagsire|72/100
|-damage|p2a: Quagsire|64/100
|-damage|p2a: Quagsire|56/100
|-hitcount|p2a: Quagsire|5
|
|upkeep
|turn|58
|inactive|DeniVSL has 120 seconds left.
|
|t:|1626864390
|switch|p1a: Volcanion|Volcanion|47/100
|move|p2a: Quagsire|Recover|p2a: Quagsire
|-heal|p2a: Quagsire|100/100
|
|upkeep
|turn|59
|
|t:|1626864399
|switch|p2a: Dragalge|Dragalge, F|2/100
|-damage|p2a: Dragalge|0 fnt|[from] Stealth Rock
|faint|p2a: Dragalge
|move|p1a: Volcanion|Steam Eruption|p2: Dragalge|[notarget]
|-fail|p1a: Volcanion
|
|upkeep
|
|t:|1626864403
|switch|p2a: Umbreon|Umbreon, M|93/100
|-damage|p2a: Umbreon|80/100|[from] Stealth Rock
|turn|60
|inactive|DeniVSL has 120 seconds left.
|
|t:|1626864427
|switch|p1a: Noivern|Noivern, M|83/100
|-item|p2a: Umbreon|Leftovers|[from] ability: Frisk|[of] p1a: Noivern|[identify]
|move|p2a: Umbreon|Wish|p2a: Umbreon
|
|-heal|p2a: Umbreon|86/100|[from] item: Leftovers
|upkeep
|turn|61
|
|t:|1626864435
|move|p1a: Noivern|Flamethrower|p2a: Umbreon
|-damage|p2a: Umbreon|74/100
|move|p2a: Umbreon|Foul Play|p1a: Noivern
|-damage|p1a: Noivern|59/100
|
|-heal|p2a: Umbreon|100/100|[from] move: Wish|[wisher] Umbreon
|upkeep
|turn|62
|
|t:|1626864445
|move|p1a: Noivern|Flamethrower|p2a: Umbreon
|-damage|p2a: Umbreon|86/100
|-status|p2a: Umbreon|brn
|move|p2a: Umbreon|Foul Play|p1a: Noivern
|-damage|p1a: Noivern|47/100
|
|-heal|p2a: Umbreon|92/100 brn|[from] item: Leftovers
|-damage|p2a: Umbreon|86/100 brn|[from] brn
|upkeep
|turn|63
|
|t:|1626864456
|move|p1a: Noivern|Roost|p1a: Noivern
|-heal|p1a: Noivern|97/100
|-singleturn|p1a: Noivern|move: Roost
|move|p2a: Umbreon|Heal Bell|p2a: Umbreon
|-activate|p2a: Umbreon|move: Heal Bell
|-curestatus|p2a: Umbreon|brn|[msg]
|
|-heal|p2a: Umbreon|92/100|[from] item: Leftovers
|upkeep
|turn|64
|
|t:|1626864467
|move|p1a: Noivern|Flamethrower|p2a: Umbreon
|-damage|p2a: Umbreon|78/100
|move|p2a: Umbreon|Foul Play|p1a: Noivern
|-damage|p1a: Noivern|73/100
|
|-heal|p2a: Umbreon|84/100|[from] item: Leftovers
|upkeep
|turn|65
|
|t:|1626864476
|move|p1a: Noivern|Flamethrower|p2a: Umbreon
|-damage|p2a: Umbreon|71/100
|move|p2a: Umbreon|Foul Play|p1a: Noivern
|-damage|p1a: Noivern|47/100
|
|-heal|p2a: Umbreon|78/100|[from] item: Leftovers
|upkeep
|turn|66
|
|t:|1626864494
|move|p1a: Noivern|Roost|p1a: Noivern
|-heal|p1a: Noivern|98/100
|-singleturn|p1a: Noivern|move: Roost
|move|p2a: Umbreon|Foul Play|p1a: Noivern
|-damage|p1a: Noivern|73/100
|
|-heal|p2a: Umbreon|84/100|[from] item: Leftovers
|upkeep
|turn|67
|
|t:|1626864504
|move|p1a: Noivern|Flamethrower|p2a: Umbreon
|-damage|p2a: Umbreon|71/100
|move|p2a: Umbreon|Foul Play|p1a: Noivern
|-damage|p1a: Noivern|49/100
|
|-heal|p2a: Umbreon|77/100|[from] item: Leftovers
|upkeep
|turn|68
|
|t:|1626864529
|move|p1a: Noivern|Flamethrower|p2a: Umbreon
|-damage|p2a: Umbreon|64/100
|-status|p2a: Umbreon|brn
|move|p2a: Umbreon|Foul Play|p1a: Noivern
|-damage|p1a: Noivern|37/100
|
|-heal|p2a: Umbreon|70/100 brn|[from] item: Leftovers
|-damage|p2a: Umbreon|64/100 brn|[from] brn
|upkeep
|turn|69
|
|t:|1626864540
|move|p1a: Noivern|Roost|p1a: Noivern
|-heal|p1a: Noivern|87/100
|-singleturn|p1a: Noivern|move: Roost
|move|p2a: Umbreon|Heal Bell|p2a: Umbreon
|-activate|p2a: Umbreon|move: Heal Bell
|-curestatus|p2a: Umbreon|brn|[msg]
|
|-heal|p2a: Umbreon|70/100|[from] item: Leftovers
|upkeep
|turn|70
|
|t:|1626864551
|switch|p1a: Seismitoad|Seismitoad, F|88/100 tox
|move|p2a: Umbreon|Wish|p2a: Umbreon
|
|-heal|p2a: Umbreon|76/100|[from] item: Leftovers
|-heal|p1a: Seismitoad|94/100 tox|[from] item: Leftovers
|-damage|p1a: Seismitoad|88/100 tox|[from] psn
|upkeep
|turn|71
|
|t:|1626864566
|move|p2a: Umbreon|Protect|p2a: Umbreon
|-singleturn|p2a: Umbreon|Protect
|move|p1a: Seismitoad|Scald|p2a: Umbreon
|-activate|p2a: Umbreon|move: Protect
|
|-heal|p2a: Umbreon|100/100|[from] move: Wish|[wisher] Umbreon
|-heal|p1a: Seismitoad|94/100 tox|[from] item: Leftovers
|-damage|p1a: Seismitoad|82/100 tox|[from] psn
|upkeep
|turn|72
|
|t:|1626864578
|switch|p2a: Crobat|Crobat, F|92/100
|move|p1a: Seismitoad|Toxic|p2a: Crobat
|-immune|p2a: Crobat
|
|-heal|p1a: Seismitoad|88/100 tox|[from] item: Leftovers
|-damage|p1a: Seismitoad|70/100 tox|[from] psn
|upkeep
|turn|73
|inactive|rult70stl has 120 seconds left.
|
|t:|1626864615
|switch|p1a: Jolteon|Jolteon, F|100/100
|move|p2a: Crobat|Defog|p1a: Jolteon
|-unboost|p1a: Jolteon|evasion|1
|-sideend|p2: rult70stl|Stealth Rock|[from] move: Defog|[of] p2a: Crobat
|
|upkeep
|turn|74
|
|t:|1626864624
|switch|p2a: Umbreon|Umbreon, M|100/100
|move|p1a: Jolteon|Shadow Ball|p2a: Umbreon
|-resisted|p2a: Umbreon
|-damage|p2a: Umbreon|93/100
|
|-heal|p2a: Umbreon|99/100|[from] item: Leftovers
|upkeep
|turn|75
|inactive|rult70stl has 120 seconds left.
|
|t:|1626864645
|switch|p1a: Seismitoad|Seismitoad, F|70/100 tox
|move|p2a: Umbreon|Foul Play|p1a: Seismitoad
|-damage|p1a: Seismitoad|48/100 tox
|
|-heal|p2a: Umbreon|100/100|[from] item: Leftovers
|-heal|p1a: Seismitoad|54/100 tox|[from] item: Leftovers
|-damage|p1a: Seismitoad|48/100 tox|[from] psn
|upkeep
|turn|76
|inactive|rult70stl has 120 seconds left.
|j| pult61a spades
|
|t:|1626864656
|switch|p2a: Crobat|Crobat, F|92/100
|move|p1a: Seismitoad|Toxic|p2a: Crobat
|-immune|p2a: Crobat
|
|-heal|p1a: Seismitoad|54/100 tox|[from] item: Leftovers
|-damage|p1a: Seismitoad|42/100 tox|[from] psn
|upkeep
|turn|77
|
|t:|1626864672
|switch|p1a: Jolteon|Jolteon, F|100/100
|move|p2a: Crobat|Brave Bird|p1a: Jolteon
|-resisted|p1a: Jolteon
|-damage|p1a: Jolteon|68/100
|-damage|p2a: Crobat|84/100|[from] Recoil
|
|upkeep
|turn|78
|
|t:|1626864682
|switch|p2a: Umbreon|Umbreon, M|100/100
|move|p1a: Jolteon|Volt Switch|p2a: Umbreon
|-damage|p2a: Umbreon|81/100
|
|t:|1626864692
|switch|p1a: Togekiss|Togekiss, M|100/100|[from]move: Volt Switch
|
|-heal|p2a: Umbreon|87/100|[from] item: Leftovers
|upkeep
|turn|79
|
|t:|1626864712
|move|p1a: Togekiss|Trick|p2a: Umbreon
|-activate|p1a: Togekiss|move: Trick|[of] p2a: Umbreon
|-item|p2a: Umbreon|Choice Scarf|[from] move: Trick
|-item|p1a: Togekiss|Leftovers|[from] move: Trick
|move|p2a: Umbreon|Wish|p2a: Umbreon
|
|upkeep
|turn|80
|
|t:|1626864719
|switch|p1a: Seismitoad|Seismitoad, F|42/100 tox
|switch|p2a: Steelix|Steelix, F|37/100
|
|-heal|p2a: Steelix|93/100|[from] move: Wish|[wisher] Umbreon
|-heal|p1a: Seismitoad|48/100 tox|[from] item: Leftovers
|-heal|p2a: Steelix|99/100|[from] item: Leftovers
|-damage|p1a: Seismitoad|42/100 tox|[from] psn
|upkeep
|turn|81
|
|t:|1626864745
|move|p1a: Seismitoad|Scald|p2a: Steelix
|-supereffective|p2a: Steelix
|-damage|p2a: Steelix|52/100
|move|p2a: Steelix|Stealth Rock|p1a: Seismitoad
|-sidestart|p1: DeniVSL|move: Stealth Rock
|
|-heal|p1a: Seismitoad|48/100 tox|[from] item: Leftovers
|-heal|p2a: Steelix|59/100|[from] item: Leftovers
|-damage|p1a: Seismitoad|36/100 tox|[from] psn
|upkeep
|turn|82
|
|t:|1626864760
|switch|p1a: Noivern|Noivern, M|87/100
|-item|p2a: Steelix|Leftovers|[from] ability: Frisk|[of] p1a: Noivern|[identify]
|switch|p2a: Crobat|Crobat, F|84/100
|
|upkeep
|turn|83
|inactive|rult70stl has 120 seconds left.
|
|t:|1626864787
|move|p1a: Noivern|Defog|p2a: Crobat
|-unboost|p2a: Crobat|evasion|1
|-sideend|p1: DeniVSL|Stealth Rock|[from] move: Defog|[of] p1a: Noivern
|move|p2a: Crobat|U-turn|p1a: Noivern
|-resisted|p1a: Noivern
|-damage|p1a: Noivern|78/100
|
|t:|1626864791
|switch|p2a: Steelix|Steelix, F|59/100|[from]move: U-turn
|
|-heal|p2a: Steelix|65/100|[from] item: Leftovers
|upkeep
|turn|84
|
|t:|1626864799
|move|p1a: Noivern|Flamethrower|p2a: Steelix
|-supereffective|p2a: Steelix
|-damage|p2a: Steelix|18/100
|move|p2a: Steelix|Toxic|p1a: Noivern
|-status|p1a: Noivern|tox
|
|-heal|p2a: Steelix|25/100|[from] item: Leftovers
|-damage|p1a: Noivern|72/100 tox|[from] psn
|upkeep
|turn|85
|
|t:|1626864814
|switch|p2a: Umbreon|Umbreon, M|87/100
|move|p1a: Noivern|Flamethrower|p2a: Umbreon
|-damage|p2a: Umbreon|75/100
|
|-damage|p1a: Noivern|60/100 tox|[from] psn
|upkeep
|turn|86
|
|t:|1626864827
|switch|p1a: Seismitoad|Seismitoad, F|36/100 tox
|move|p2a: Umbreon|Wish|p2a: Umbreon
|
|-heal|p1a: Seismitoad|42/100 tox|[from] item: Leftovers
|-damage|p1a: Seismitoad|36/100 tox|[from] psn
|upkeep
|turn|87
|inactive|rult70stl has 120 seconds left.
|
|t:|1626864872
|switch|p2a: Crobat|Crobat, F|84/100
|move|p1a: Seismitoad|Stealth Rock|p2a: Crobat
|-sidestart|p2: rult70stl|move: Stealth Rock
|
|-heal|p2a: Crobat|100/100|[from] move: Wish|[wisher] Umbreon
|-heal|p1a: Seismitoad|42/100 tox|[from] item: Leftovers
|-damage|p1a: Seismitoad|30/100 tox|[from] psn
|upkeep
|turn|88
|
|t:|1626864886
|switch|p1a: Jolteon|Jolteon, F|68/100
|move|p2a: Crobat|Defog|p1a: Jolteon
|-unboost|p1a: Jolteon|evasion|1
|-sideend|p2: rult70stl|Stealth Rock|[from] move: Defog|[of] p2a: Crobat
|
|upkeep
|turn|89
|inactive|rult70stl has 120 seconds left.
|inactive|rult70stl has 90 seconds left.
|
|t:|1626864937
|switch|p2a: Quagsire|Quagsire, M|100/100
|move|p1a: Jolteon|Shadow Ball|p2a: Quagsire
|-damage|p2a: Quagsire|69/100
|
|upkeep
|turn|90
|inactive|rult70stl has 90 seconds left.
|inactive|DeniVSL has 120 seconds left.
|
|t:|1626864972
|switch|p1a: Seismitoad|Seismitoad, F|30/100 tox
|move|p2a: Quagsire|Recover|p2a: Quagsire
|-heal|p2a: Quagsire|100/100
|
|-heal|p1a: Seismitoad|36/100 tox|[from] item: Leftovers
|-damage|p1a: Seismitoad|30/100 tox|[from] psn
|upkeep
|turn|91
|
|t:|1626864982
|switch|p2a: Crobat|Crobat, F|100/100
|move|p1a: Seismitoad|Scald|p2a: Crobat
|-damage|p2a: Crobat|72/100
|
|-heal|p1a: Seismitoad|36/100 tox|[from] item: Leftovers
|-damage|p1a: Seismitoad|24/100 tox|[from] psn
|upkeep
|turn|92
|
|t:|1626865012
|switch|p1a: Jolteon|Jolteon, F|68/100
|move|p2a: Crobat|Brave Bird|p1a: Jolteon
|-resisted|p1a: Jolteon
|-damage|p1a: Jolteon|37/100
|-damage|p2a: Crobat|64/100|[from] Recoil
|
|upkeep
|turn|93
|inactive|DeniVSL has 120 seconds left.
|
|t:|1626865026
|switch|p1a: Togekiss|Togekiss, M|100/100
|switch|p2a: Quagsire|Quagsire, M|100/100
|
|upkeep
|turn|94
|inactive|DeniVSL has 120 seconds left.
|inactive|rult70stl has 60 seconds left.
|
|t:|1626865050
|switch|p2a: Umbreon|Umbreon, M|75/100
|move|p1a: Togekiss|Air Slash|p2a: Umbreon
|-damage|p2a: Umbreon|57/100
|
|upkeep
|turn|95
|
|t:|1626865059
|switch|p1a: Seismitoad|Seismitoad, F|24/100 tox
|move|p2a: Umbreon|Wish|p2a: Umbreon
|
|-heal|p1a: Seismitoad|30/100 tox|[from] item: Leftovers
|-damage|p1a: Seismitoad|24/100 tox|[from] psn
|upkeep
|turn|96
|inactive|rult70stl has 30 seconds left.
|inactive|rult70stl has 20 seconds left.
|inactive|rult70stl has 15 seconds left.
|inactive|rult70stl has 10 seconds left.
|
|t:|1626865111
|switch|p2a: Crobat|Crobat, F|64/100
|switch|p1a: Togekiss|Togekiss, M|100/100
|
|-heal|p2a: Crobat|100/100|[from] move: Wish|[wisher] Umbreon
|upkeep
|turn|97
|inactive|rult70stl has 15 seconds left this turn.
|inactive|rult70stl has 10 seconds left.
|inactive|DeniVSL has 90 seconds left.
|
|t:|1626865129
|move|p2a: Crobat|U-turn|p1a: Togekiss
|-resisted|p1a: Togekiss
|-damage|p1a: Togekiss|97/100
|inactive|rult70stl has 15 seconds left this turn.
|inactive|rult70stl has 10 seconds left.
|
|t:|1626865136
|switch|p2a: Steelix|Steelix, F|25/100|[from]move: U-turn
|move|p1a: Togekiss|Dazzling Gleam|p2a: Steelix
|-resisted|p2a: Steelix
|-damage|p2a: Steelix|8/100
|
|-heal|p1a: Togekiss|100/100|[from] item: Leftovers
|-heal|p2a: Steelix|14/100|[from] item: Leftovers
|upkeep
|turn|98
|inactive|rult70stl has 15 seconds left this turn.
|inactive|DeniVSL has 90 seconds left.
|
|t:|1626865148
|switch|p2a: Crobat|Crobat, F|100/100
|move|p1a: Togekiss|Dazzling Gleam|p2a: Crobat
|-resisted|p2a: Crobat
|-damage|p2a: Crobat|80/100
|
|upkeep
|turn|99
|inactive|rult70stl has 20 seconds left this turn.
|inactive|DeniVSL has 90 seconds left.
|inactive|rult70stl has 15 seconds left.
|
|t:|1626865169
|switch|p1a: Cloyster|Cloyster, M|100/100
|move|p2a: Crobat|Brave Bird|p1a: Cloyster
|-damage|p1a: Cloyster|70/100
|-damage|p2a: Crobat|73/100|[from] Recoil
|
|upkeep
|turn|100
|inactive|rult70stl has 20 seconds left this turn.
|
|t:|1626865178
|move|p2a: Crobat|U-turn|p1a: Cloyster
|-damage|p1a: Cloyster|58/100
|inactive|rult70stl has 25 seconds left this turn.
|inactive|rult70stl has 20 seconds left.
|
|t:|1626865186
|switch|p2a: Quagsire|Quagsire, M|100/100|[from]move: U-turn
|move|p1a: Cloyster|Icicle Spear|p2a: Quagsire
|-damage|p2a: Quagsire|92/100
|-damage|p2a: Quagsire|84/100
|-damage|p2a: Quagsire|78/100
|-damage|p2a: Quagsire|69/100
|-damage|p2a: Quagsire|62/100
|-hitcount|p2a: Quagsire|5
|
|upkeep
|turn|101
|inactive|rult70stl has 25 seconds left this turn.
|inactive|DeniVSL has 60 seconds left.
|
|t:|1626865219
|switch|p1a: Volcanion|Volcanion|47/100
|move|p2a: Quagsire|Recover|p2a: Quagsire
|-heal|p2a: Quagsire|100/100
|
|upkeep
|turn|102
|inactive|rult70stl has 30 seconds left this turn.
|inactive|rult70stl has 20 seconds left.
|inactive|rult70stl has 15 seconds left.
|
|t:|1626865236
|move|p1a: Volcanion|Steam Eruption|p2a: Quagsire
|-damage|p2a: Quagsire|0 fnt
|faint|p2a: Quagsire
|
|upkeep
|inactive|rult70stl has 20 seconds left this turn.
|-message|rult70stl forfeited.
|
|win|DeniVSL
|inactive|rult70stl has 25 seconds left this turn.
|raw|DeniVSL's rating: 1398 &rarr; <strong>1425</strong><br />(+27 for winning)
|raw|rult70stl's rating: 1529 &rarr; <strong>1502</strong><br />(-27 for losing)
|l|☆rult70stl
