|j|☆Arkhaniste
|j|☆liarfairy
|t:|1667765041
|gametype|singles
|player|p1|Arkhaniste|leon-masters|
|player|p2|liarfairy|iris-gen5bw2|
|teamsize|p1|6
|teamsize|p2|6
|gen|8
|tier|[Gen 8] RU
|rule|Sleep Clause Mod: Limit one foe put to sleep
|rule|Species Clause: Limit one of each Pokémon
|rule|OHKO Clause: OHKO moves are banned
|rule|Evasion Items Clause: Evasion items are banned
|rule|Evasion Moves Clause: Evasion moves are banned
|rule|Endless Battle Clause: Forcing endless battles is banned
|rule|HP Percentage Mod: HP is shown in percentages
|rule|Dynamax Clause: You cannot dynamax
|clearpoke
|poke|p1|Snorlax, F|
|poke|p1|Mimikyu, M|
|poke|p1|Nidoqueen, F|
|poke|p1|Klefki, F|
|poke|p1|Noivern, M|
|poke|p1|Golisopod, F|
|poke|p2|Vileplume, F|
|poke|p2|Seismitoad, F|
|poke|p2|Heracross, F|
|poke|p2|Starmie|
|poke|p2|Noivern, M|
|poke|p2|Metagross|
|teampreview
|c|☆Arkhaniste|glhf
|c|☆liarfairy|glhf
|c|☆Arkhaniste|let u link
|c|☆liarfairy|its fine, i already did
|c|☆liarfairy|thnx
|j| mgtcp10
|c|☆liarfairy|evrything ready?
|c|☆Arkhaniste|yep
|inactive|Battle timer is ON: inactive players will automatically lose when time's up. (requested by liarfairy)
|j| lighthouses
|
|t:|1667765095
|start
|switch|p1a: Golisopod|Golisopod, F|100/100
|switch|p2a: little sip|Starmie|100/100
|turn|1
|inactive|liarfairy has 270 seconds left.
|
|t:|1667765128
|switch|p2a: i ain't trippin|Vileplume, F|100/100
|move|p1a: Golisopod|Knock Off|p2a: i ain't trippin
|-damage|p2a: i ain't trippin|71/100
|-status|p1a: Golisopod|par|[from] ability: Effect Spore|[of] p2a: i ain't trippin
|-enditem|p2a: i ain't trippin|Black Sludge|[from] move: Knock Off|[of] p1a: Golisopod
|
|upkeep
|turn|2
|
|t:|1667765137
|switch|p2a: cropped out|Seismitoad, F|100/100
|switch|p1a: Nidoqueen|Nidoqueen, F|100/100
|
|upkeep
|turn|3
|j| Bhalal
|inactive|liarfairy has 270 seconds left.
|
|t:|1667765158
|switch|p1a: Noivern|Noivern, M|100/100
|move|p2a: cropped out|Stealth Rock|p1a: Noivern
|-sidestart|p1: Arkhaniste|move: Stealth Rock
|
|upkeep
|turn|4
|inactive|liarfairy has 270 seconds left.
|
|t:|1667765163
|move|p1a: Noivern|Switcheroo|p2a: cropped out
|-activate|p1a: Noivern|move: Trick|[of] p2a: cropped out
|-item|p2a: cropped out|Choice Scarf|[from] move: Switcheroo
|-item|p1a: Noivern|Leftovers|[from] move: Switcheroo
|move|p2a: cropped out|Ice Punch|p1a: Noivern
|-supereffective|p1a: Noivern
|-crit|p1a: Noivern
|-damage|p1a: Noivern|0 fnt
|faint|p1a: Noivern
|
|upkeep
|
|t:|1667765173
|switch|p1a: Klefki|Klefki, F|100/100
|-damage|p1a: Klefki|95/100|[from] Stealth Rock
|turn|5
|
|t:|1667765181
|switch|p2a: little sip|Starmie|100/100
|move|p1a: Klefki|Spikes|p2a: little sip
|-sidestart|p2: liarfairy|Spikes
|
|-heal|p1a: Klefki|100/100|[from] item: Leftovers
|upkeep
|turn|6
|
|t:|1667765184
|move|p1a: Klefki|Thunder Wave|p2a: little sip
|-status|p2a: little sip|par
|move|p2a: little sip|Scald|p1a: Klefki
|-damage|p1a: Klefki|77/100
|
|-heal|p1a: Klefki|83/100|[from] item: Leftovers
|upkeep
|turn|7
|
|t:|1667765190
|move|p1a: Klefki|Spikes|p2a: little sip
|-sidestart|p2: liarfairy|Spikes
|move|p2a: little sip|Teleport|p2a: little sip
|
|t:|1667765194
|-curestatus|p2a: little sip|par|[from] ability: Natural Cure
|switch|p2a: i ain't trippin|Vileplume, F|71/100|[from]move: Teleport
|-damage|p2a: i ain't trippin|54/100|[from] Spikes
|
|-heal|p1a: Klefki|89/100|[from] item: Leftovers
|upkeep
|turn|8
|
|t:|1667765204
|move|p1a: Klefki|Thunder Wave|p2a: i ain't trippin
|-status|p2a: i ain't trippin|par
|move|p2a: i ain't trippin|Strength Sap|p1a: Klefki
|-unboost|p1a: Klefki|atk|1
|-heal|p2a: i ain't trippin|97/100 par
|
|-heal|p1a: Klefki|95/100|[from] item: Leftovers
|upkeep
|turn|9
|
|t:|1667765211
|move|p1a: Klefki|Spikes|p2a: i ain't trippin
|-sidestart|p2: liarfairy|Spikes
|cant|p2a: i ain't trippin|par
|
|-heal|p1a: Klefki|100/100|[from] item: Leftovers
|upkeep
|turn|10
|
|t:|1667765217
|switch|p1a: Nidoqueen|Nidoqueen, F|100/100
|-damage|p1a: Nidoqueen|94/100|[from] Stealth Rock
|cant|p2a: i ain't trippin|par
|
|upkeep
|turn|11
|
|t:|1667765223
|switch|p2a: little sip|Starmie|100/100
|-damage|p2a: little sip|76/100|[from] Spikes
|move|p1a: Nidoqueen|Sludge Wave|p2a: little sip
|-damage|p2a: little sip|1/100
|
|-heal|p2a: little sip|7/100|[from] item: Leftovers
|upkeep
|turn|12
|j| Joya
|
|t:|1667765236
|move|p2a: little sip|Recover|p2a: little sip
|-heal|p2a: little sip|57/100
|move|p1a: Nidoqueen|Sludge Wave|p2a: little sip
|-damage|p2a: little sip|0 fnt
|faint|p2a: little sip
|
|upkeep
|
|t:|1667765253
|switch|p2a: cropped out|Seismitoad, F|100/100
|-damage|p2a: cropped out|76/100|[from] Spikes
|turn|13
|
|t:|1667765256
|switch|p1a: Golisopod|Golisopod, F|100/100 par
|move|p2a: cropped out|Earthquake|p1a: Golisopod
|-resisted|p1a: Golisopod
|-damage|p1a: Golisopod|88/100 par
|
|upkeep
|turn|14
|
|t:|1667765264
|switch|p2a: i won't fall|Noivern, M|100/100
|move|p1a: Golisopod|Leech Life|p2a: i won't fall
|-resisted|p2a: i won't fall
|-damage|p2a: i won't fall|72/100
|-heal|p1a: Golisopod|100/100 par|[from] drain|[of] p2a: i won't fall
|
|upkeep
|turn|15
|
|t:|1667765271
|switch|p1a: Klefki|Klefki, F|100/100
|-damage|p1a: Klefki|95/100|[from] Stealth Rock
|move|p2a: i won't fall|Flamethrower|p1a: Klefki
|-supereffective|p1a: Klefki
|-damage|p1a: Klefki|51/100
|
|-heal|p1a: Klefki|57/100|[from] item: Leftovers
|upkeep
|turn|16
|
|t:|1667765277
|switch|p2a: i ain't trippin|Vileplume, F|97/100 par
|-damage|p2a: i ain't trippin|72/100 par|[from] Spikes
|move|p1a: Klefki|Toxic||[still]
|-fail|p1a: Klefki
|
|-heal|p1a: Klefki|63/100|[from] item: Leftovers
|upkeep
|turn|17
|
|t:|1667765283
|move|p1a: Klefki|Dazzling Gleam|p2a: i ain't trippin
|-resisted|p2a: i ain't trippin
|-damage|p2a: i ain't trippin|60/100 par
|move|p2a: i ain't trippin|Growth|p2a: i ain't trippin
|-boost|p2a: i ain't trippin|atk|1
|-boost|p2a: i ain't trippin|spa|1
|
|-heal|p1a: Klefki|69/100|[from] item: Leftovers
|upkeep
|turn|18
|
|t:|1667765288
|switch|p1a: Nidoqueen|Nidoqueen, F|94/100
|-damage|p1a: Nidoqueen|88/100|[from] Stealth Rock
|move|p2a: i ain't trippin|Giga Drain|p1a: Nidoqueen
|-damage|p1a: Nidoqueen|33/100
|-heal|p2a: i ain't trippin|85/100 par|[from] drain|[of] p1a: Nidoqueen
|
|upkeep
|turn|19
|
|t:|1667765307
|move|p1a: Nidoqueen|Ice Beam|p2a: i ain't trippin
|-supereffective|p2a: i ain't trippin
|-damage|p2a: i ain't trippin|5/100 par
|move|p2a: i ain't trippin|Giga Drain|p1a: Nidoqueen
|-damage|p1a: Nidoqueen|0 fnt
|-heal|p2a: i ain't trippin|20/100 par|[from] drain|[of] p1a: Nidoqueen
|faint|p1a: Nidoqueen
|
|upkeep
|j|+Natan
|
|t:|1667765323
|switch|p1a: Mimikyu|Mimikyu, M|100/100
|-damage|p1a: Mimikyu|88/100|[from] Stealth Rock
|turn|20
|
|t:|1667765328
|move|p1a: Mimikyu|Shadow Claw|p2a: i ain't trippin
|-crit|p2a: i ain't trippin
|-damage|p2a: i ain't trippin|0 fnt
|-status|p1a: Mimikyu|slp|[from] ability: Effect Spore|[of] p2a: i ain't trippin
|faint|p2a: i ain't trippin
|-damage|p1a: Mimikyu|78/100 slp|[from] item: Life Orb
|
|upkeep
|c|☆Arkhaniste|...
|
|t:|1667765345
|switch|p2a: feel right|Heracross, F|100/100
|-damage|p2a: feel right|76/100|[from] Spikes
|turn|21
|
|t:|1667765349
|cant|p1a: Mimikyu|slp
|move|p2a: feel right|Knock Off|p1a: Mimikyu
|-activate|p1a: Mimikyu|ability: Disguise
|-damage|p1a: Mimikyu|78/100 slp
|-enditem|p1a: Mimikyu|Life Orb|[from] move: Knock Off|[of] p2a: feel right
|detailschange|p1a: Mimikyu|Mimikyu-Busted, M
|-damage|p1a: Mimikyu|66/100 slp|[from] pokemon: Mimikyu-Busted
|
|-status|p2a: feel right|brn|[from] item: Flame Orb
|upkeep
|turn|22
|inactive|liarfairy has 270 seconds left.
|
|t:|1667765381
|cant|p1a: Mimikyu|slp
|move|p2a: feel right|Knock Off|p1a: Mimikyu
|-damage|p1a: Mimikyu|7/100 slp
|
|-damage|p2a: feel right|70/100 brn|[from] brn
|upkeep
|turn|23
|inactive|liarfairy has 270 seconds left.
|
|t:|1667765416
|switch|p2a: cropped out|Seismitoad, F|76/100
|-damage|p2a: cropped out|51/100|[from] Spikes
|cant|p1a: Mimikyu|slp
|
|upkeep
|turn|24
|
|t:|1667765422
|move|p2a: cropped out|Earthquake|p1a: Mimikyu
|-damage|p1a: Mimikyu|0 fnt
|faint|p1a: Mimikyu
|
|upkeep
|
|t:|1667765435
|switch|p1a: Snorlax|Snorlax, F|100/100
|-damage|p1a: Snorlax|88/100|[from] Stealth Rock
|turn|25
|inactive|liarfairy has 270 seconds left.
|
|t:|1667765440
|switch|p2a: till i get it|Metagross|100/100
|-damage|p2a: till i get it|76/100|[from] Spikes
|move|p1a: Snorlax|Curse|p1a: Snorlax
|-unboost|p1a: Snorlax|spe|1
|-boost|p1a: Snorlax|atk|1
|-boost|p1a: Snorlax|def|1
|
|-heal|p1a: Snorlax|94/100|[from] item: Leftovers
|upkeep
|turn|26
|
|t:|1667765444
|move|p2a: till i get it|Trick|p1a: Snorlax
|-activate|p2a: till i get it|move: Trick|[of] p1a: Snorlax
|-item|p1a: Snorlax|Choice Scarf|[from] move: Trick
|-item|p2a: till i get it|Leftovers|[from] move: Trick
|move|p1a: Snorlax|Curse|p1a: Snorlax
|-unboost|p1a: Snorlax|spe|1
|-boost|p1a: Snorlax|atk|1
|-boost|p1a: Snorlax|def|1
|
|-heal|p2a: till i get it|82/100|[from] item: Leftovers
|upkeep
|turn|27
|
|t:|1667765452
|switch|p1a: Klefki|Klefki, F|69/100
|-damage|p1a: Klefki|63/100|[from] Stealth Rock
|move|p2a: till i get it|Meteor Mash|p1a: Klefki
|-damage|p1a: Klefki|6/100
|
|-heal|p2a: till i get it|88/100|[from] item: Leftovers
|-heal|p1a: Klefki|12/100|[from] item: Leftovers
|upkeep
|turn|28
|
|t:|1667765456
|switch|p2a: cropped out|Seismitoad, F|51/100
|-damage|p2a: cropped out|26/100|[from] Spikes
|move|p1a: Klefki|Thunder Wave|p2a: cropped out
|-immune|p2a: cropped out
|
|-heal|p1a: Klefki|17/100|[from] item: Leftovers
|upkeep
|turn|29
|
|t:|1667765463
|move|p1a: Klefki|Toxic|p2a: cropped out
|-status|p2a: cropped out|tox
|move|p2a: cropped out|Earthquake|p1a: Klefki
|-supereffective|p1a: Klefki
|-damage|p1a: Klefki|0 fnt
|faint|p1a: Klefki
|
|-damage|p2a: cropped out|20/100 tox|[from] psn
|upkeep
|l|+Natan
|
|t:|1667765469
|switch|p1a: Golisopod|Golisopod, F|100/100 par
|turn|30
|j| TDNT
|
|t:|1667765478
|move|p1a: Golisopod|First Impression|p2a: cropped out
|-damage|p2a: cropped out|0 fnt
|faint|p2a: cropped out
|
|upkeep
|
|t:|1667765490
|switch|p2a: i won't fall|Noivern, M|72/100
|turn|31
|
|t:|1667765495
|switch|p1a: Snorlax|Snorlax, F|94/100
|-damage|p1a: Snorlax|82/100|[from] Stealth Rock
|move|p2a: i won't fall|Flamethrower|p1a: Snorlax
|-damage|p1a: Snorlax|75/100
|
|upkeep
|turn|32
|inactive|liarfairy has 270 seconds left.
|inactive|liarfairy has 240 seconds left.
|
|t:|1667765561
|move|p2a: i won't fall|Flamethrower|p1a: Snorlax
|-damage|p1a: Snorlax|69/100
|move|p1a: Snorlax|Body Slam|p2a: i won't fall
|-crit|p2a: i won't fall
|-damage|p2a: i won't fall|5/100
|
|upkeep
|turn|33
|inactive|liarfairy has 240 seconds left.
|
|t:|1667765569
|move|p2a: i won't fall|U-turn|p1a: Snorlax
|-damage|p1a: Snorlax|60/100
|inactive|liarfairy has 240 seconds left.
|
|t:|1667765574
|switch|p2a: till i get it|Metagross|88/100|[from]move: U-turn
|-damage|p2a: till i get it|63/100|[from] Spikes
|move|p1a: Snorlax|Body Slam|p2a: till i get it
|-resisted|p2a: till i get it
|-damage|p2a: till i get it|48/100
|-status|p2a: till i get it|par
|
|-heal|p2a: till i get it|54/100 par|[from] item: Leftovers
|upkeep
|turn|34
|
|t:|1667765579
|switch|p1a: Golisopod|Golisopod, F|100/100 par
|cant|p2a: till i get it|par
|
|-heal|p2a: till i get it|60/100 par|[from] item: Leftovers
|upkeep
|turn|35
|
|t:|1667765588
|move|p2a: till i get it|Meteor Mash|p1a: Golisopod
|-resisted|p1a: Golisopod
|-damage|p1a: Golisopod|83/100 par
|cant|p1a: Golisopod|par
|
|-heal|p2a: till i get it|66/100 par|[from] item: Leftovers
|upkeep
|turn|36
|
|t:|1667765610
|move|p2a: till i get it|Meteor Mash|p1a: Golisopod|[miss]
|-miss|p2a: till i get it|p1a: Golisopod
|cant|p1a: Golisopod|par
|
|-heal|p2a: till i get it|72/100 par|[from] item: Leftovers
|upkeep
|turn|37
|
|t:|1667765615
|cant|p2a: till i get it|par
|cant|p1a: Golisopod|par
|
|-heal|p2a: till i get it|78/100 par|[from] item: Leftovers
|upkeep
|turn|38
|c|☆Arkhaniste|ye right
|
|t:|1667765622
|move|p2a: till i get it|Meteor Mash|p1a: Golisopod
|-resisted|p1a: Golisopod
|-damage|p1a: Golisopod|65/100 par
|-boost|p2a: till i get it|atk|1
|move|p1a: Golisopod|Knock Off|p2a: till i get it
|-supereffective|p2a: till i get it
|-damage|p2a: till i get it|8/100 par
|-enditem|p2a: till i get it|Leftovers|[from] move: Knock Off|[of] p1a: Golisopod
|
|upkeep
|turn|39
|inactive|liarfairy has 270 seconds left.
|
|t:|1667765629
|cant|p1a: Golisopod|par
|cant|p2a: till i get it|par
|
|upkeep
|turn|40
|
|t:|1667765634
|move|p1a: Golisopod|Aqua Jet|p2a: till i get it
|-damage|p2a: till i get it|0 fnt
|faint|p2a: till i get it
|
|upkeep
|
|t:|1667765637
|switch|p2a: feel right|Heracross, F|70/100 brn
|-damage|p2a: feel right|45/100 brn|[from] Spikes
|turn|41
|
|t:|1667765643
|switch|p1a: Snorlax|Snorlax, F|60/100
|-damage|p1a: Snorlax|47/100|[from] Stealth Rock
|move|p2a: feel right|Facade|p1a: Snorlax
|-damage|p1a: Snorlax|0 fnt
|faint|p1a: Snorlax
|
|-damage|p2a: feel right|39/100 brn|[from] brn
|upkeep
|
|t:|1667765649
|switch|p1a: Golisopod|Golisopod, F|65/100 par
|turn|42
|
|t:|1667765672
|move|p1a: Golisopod|First Impression|p2a: feel right
|-resisted|p2a: feel right
|-damage|p2a: feel right|3/100 brn
|move|p2a: feel right|Megahorn|p1a: Golisopod
|-damage|p1a: Golisopod|0 fnt
|faint|p1a: Golisopod
|
|win|liarfairy
|l|☆Arkhaniste
