|j|☆Tintincpajouer
|j|☆Yahoo12
|t:|1642863018
|gametype|singles
|player|p1|Tintincpajouer|265|1462
|player|p2|Yahoo12|benga|1360
|teamsize|p1|6
|teamsize|p2|6
|gen|8
|tier|[Gen 8] RU
|rated|
|rule|Sleep Clause Mod: Limit one foe put to sleep
|rule|Species Clause: Limit one of each Pokémon
|rule|OHKO Clause: OHKO moves are banned
|rule|Evasion Moves Clause: Evasion moves are banned
|rule|Endless Battle Clause: Forcing endless battles is banned
|rule|HP Percentage Mod: HP is shown in percentages
|rule|Dynamax Clause: You cannot dynamax
|clearpoke
|poke|p1|Porygon-Z|
|poke|p1|Cobalion|
|poke|p1|Shuckle, M|
|poke|p1|Xurkitree|
|poke|p1|Mimikyu, F|
|poke|p1|Crobat, M|
|poke|p2|Xurkitree|
|poke|p2|Golisopod, M|
|poke|p2|Reuniclus, F|
|poke|p2|Cobalion|
|poke|p2|Darmanitan, M|
|poke|p2|Flygon, M|
|teampreview
|
|t:|1642863049
|start
|switch|p1a: Shuckle|Shuckle, M|100/100
|switch|p2a: Golisopod|Golisopod, M|100/100
|turn|1
|inactive|Battle timer is ON: inactive players will automatically lose when time's up. (requested by Yahoo12)
|
|t:|1642863063
|move|p2a: Golisopod|First Impression|p1a: Shuckle
|-damage|p1a: Shuckle|75/100
|-enditem|p1a: Shuckle|Red Card|[of] p2a: Golisopod
|drag|p2a: Cobalion|Cobalion|100/100
|move|p1a: Shuckle|Sticky Web|p2a: Cobalion
|-sidestart|p2: Yahoo12|move: Sticky Web
|
|upkeep
|turn|2
|
|t:|1642863077
|switch|p1a: Crobat|Crobat, M|100/100
|move|p2a: Cobalion|Iron Head|p1a: Crobat
|-damage|p1a: Crobat|61/100
|
|upkeep
|turn|3
|inactive|Yahoo12 has 120 seconds left.
|
|t:|1642863110
|switch|p1a: Shuckle|Shuckle, M|75/100
|switch|p2a: Xurkitree|Xurkitree|100/100
|
|upkeep
|turn|4
|
|t:|1642863118
|move|p2a: Xurkitree|Volt Switch|p1a: Shuckle
|-damage|p1a: Shuckle|44/100
|
|t:|1642863126
|switch|p2a: Golisopod|Golisopod, M|100/100|[from]move: Volt Switch
|move|p1a: Shuckle|Stealth Rock|p2a: Golisopod
|-sidestart|p2: Yahoo12|move: Stealth Rock
|
|upkeep
|turn|5
|
|t:|1642863133
|move|p2a: Golisopod|Liquidation|p1a: Shuckle
|-supereffective|p1a: Shuckle
|-damage|p1a: Shuckle|0 fnt
|faint|p1a: Shuckle
|
|upkeep
|
|t:|1642863141
|switch|p1a: Porygon-Z|Porygon-Z|100/100
|turn|6
|inactive|Yahoo12 has 120 seconds left.
|inactive|Yahoo12 has 90 seconds left.
|
|t:|1642863202
|move|p1a: Porygon-Z|Tri Attack|p2a: Golisopod
|-damage|p2a: Golisopod|0 fnt
|faint|p2a: Golisopod
|
|upkeep
|
|t:|1642863209
|switch|p2a: Cobalion|Cobalion|100/100
|-damage|p2a: Cobalion|97/100|[from] Stealth Rock
|-activate|p2a: Cobalion|move: Sticky Web
|-unboost|p2a: Cobalion|spe|1
|turn|7
|inactive|Yahoo12 has 90 seconds left.
|
|t:|1642863223
|switch|p1a: Crobat|Crobat, M|61/100
|move|p2a: Cobalion|Volt Switch|p1a: Crobat
|-supereffective|p1a: Crobat
|-damage|p1a: Crobat|23/100
|
|t:|1642863231
|switch|p2a: Flygon|Flygon, M|100/100|[from]move: Volt Switch
|-damage|p2a: Flygon|94/100|[from] Stealth Rock
|
|-heal|p2a: Flygon|100/100|[from] item: Leftovers
|upkeep
|turn|8
|inactive|Yahoo12 has 90 seconds left.
|
|t:|1642863241
|move|p1a: Crobat|Nasty Plot|p1a: Crobat
|-boost|p1a: Crobat|spa|2
|move|p2a: Flygon|Defog|p1a: Crobat
|-unboost|p1a: Crobat|evasion|1
|-sideend|p2: Yahoo12|Stealth Rock|[from] move: Defog|[of] p2a: Flygon
|-sideend|p2: Yahoo12|Sticky Web|[from] move: Defog|[of] p2a: Flygon
|
|upkeep
|turn|9
|inactive|Yahoo12 has 90 seconds left.
|
|t:|1642863260
|switch|p2a: Reuniclus|Reuniclus, F|100/100
|move|p1a: Crobat|Air Slash|p2a: Reuniclus
|-damage|p2a: Reuniclus|78/100
|
|upkeep
|turn|10
|inactive|Yahoo12 has 90 seconds left.
|
|t:|1642863269
|move|p1a: Crobat|Sludge Bomb|p2a: Reuniclus
|-damage|p2a: Reuniclus|48/100
|move|p2a: Reuniclus|Psyshock|p1a: Crobat
|-supereffective|p1a: Crobat
|-damage|p1a: Crobat|0 fnt
|faint|p1a: Crobat
|
|upkeep
|
|t:|1642863294
|switch|p1a: Mimikyu|Mimikyu, F|100/100
|turn|11
|
|t:|1642863305
|move|p1a: Mimikyu|Swords Dance|p1a: Mimikyu
|-boost|p1a: Mimikyu|atk|2
|move|p2a: Reuniclus|Shadow Ball|p1a: Mimikyu
|-activate|p1a: Mimikyu|ability: Disguise
|-damage|p1a: Mimikyu|100/100
|detailschange|p1a: Mimikyu|Mimikyu-Busted, F
|-damage|p1a: Mimikyu|88/100|[from] pokemon: Mimikyu-Busted
|
|upkeep
|turn|12
|inactive|Yahoo12 has 90 seconds left.
|
|t:|1642863345
|move|p1a: Mimikyu|Shadow Claw|p2a: Reuniclus
|-supereffective|p2a: Reuniclus
|-damage|p2a: Reuniclus|0 fnt
|faint|p2a: Reuniclus
|-damage|p1a: Mimikyu|78/100|[from] item: Life Orb
|
|upkeep
|
|t:|1642863351
|switch|p2a: Cobalion|Cobalion|97/100
|turn|13
|
|t:|1642863357
|move|p1a: Mimikyu|Shadow Sneak|p2a: Cobalion
|-damage|p2a: Cobalion|61/100
|-damage|p1a: Mimikyu|68/100|[from] item: Life Orb
|move|p2a: Cobalion|Iron Head|p1a: Mimikyu
|-supereffective|p1a: Mimikyu
|-damage|p1a: Mimikyu|0 fnt
|faint|p1a: Mimikyu
|
|upkeep
|
|t:|1642863368
|switch|p1a: Xurkitree|Xurkitree|100/100
|turn|14
|inactive|Yahoo12 has 90 seconds left.
|
|t:|1642863390
|switch|p2a: Xurkitree|Xurkitree|100/100
|move|p1a: Xurkitree|Dazzling Gleam|p2a: Xurkitree
|-damage|p2a: Xurkitree|48/100
|
|upkeep
|turn|15
|
|t:|1642863398
|move|p1a: Xurkitree|Dazzling Gleam|p2a: Xurkitree
|-damage|p2a: Xurkitree|0 fnt
|faint|p2a: Xurkitree
|-ability|p1a: Xurkitree|Beast Boost|boost
|-boost|p1a: Xurkitree|spa|1
|
|upkeep
|
|t:|1642863403
|switch|p2a: Flygon|Flygon, M|100/100
|turn|16
|
|t:|1642863420
|move|p1a: Xurkitree|Dazzling Gleam|p2a: Flygon
|-supereffective|p2a: Flygon
|-damage|p2a: Flygon|0 fnt
|faint|p2a: Flygon
|-ability|p1a: Xurkitree|Beast Boost|boost
|-boost|p1a: Xurkitree|spa|1
|
|upkeep
|
|t:|1642863425
|switch|p2a: Darmanitan|Darmanitan, M|100/100
|turn|17
|inactive|Tintincpajouer has 120 seconds left.
|
|t:|1642863474
|move|p2a: Darmanitan|Flare Blitz|p1a: Xurkitree
|-damage|p1a: Xurkitree|0 fnt
|faint|p1a: Xurkitree
|-damage|p2a: Darmanitan|71/100|[from] Recoil
|
|upkeep
|
|t:|1642863487
|switch|p1a: Porygon-Z|Porygon-Z|100/100
|turn|18
|
|t:|1642863494
|move|p2a: Darmanitan|Flare Blitz|p1a: Porygon-Z
|-damage|p1a: Porygon-Z|0 fnt
|faint|p1a: Porygon-Z
|-damage|p2a: Darmanitan|42/100|[from] Recoil
|
|upkeep
|
|t:|1642863500
|switch|p1a: Cobalion|Cobalion|100/100
|turn|19
|c|☆Yahoo12|gg
|
|t:|1642863513
|move|p2a: Darmanitan|Flare Blitz|p1a: Cobalion
|-supereffective|p1a: Cobalion
|-damage|p1a: Cobalion|0 fnt
|faint|p1a: Cobalion
|-damage|p2a: Darmanitan|12/100|[from] Recoil
|
|win|Yahoo12
|raw|Tintincpajouer's rating: 1462 &rarr; <strong>1436</strong><br />(-26 for losing)
|raw|Yahoo12's rating: 1360 &rarr; <strong>1386</strong><br />(+26 for winning)
