|j|☆cielau origine ♫
|j|☆PepeDuce
|t:|1647097970
|gametype|singles
|player|p1|cielau origine ♫|nate|
|player|p2|PepeDuce|archie-gen6|
|teamsize|p1|6
|teamsize|p2|6
|gen|8
|tier|[Gen 8] RU
|rule|Sleep Clause Mod: Limit one foe put to sleep
|rule|Species Clause: Limit one of each Pokémon
|rule|OHKO Clause: OHKO moves are banned
|rule|Evasion Moves Clause: Evasion moves are banned
|rule|Endless Battle Clause: Forcing endless battles is banned
|rule|HP Percentage Mod: HP is shown in percentages
|rule|Dynamax Clause: You cannot dynamax
|clearpoke
|poke|p1|Flygon, F|
|poke|p1|Registeel|
|poke|p1|Passimian, F|
|poke|p1|Vaporeon, M|
|poke|p1|Sneasel, M|
|poke|p1|Togekiss, M|
|poke|p2|Porygon-Z|
|poke|p2|Cobalion|
|poke|p2|Noivern, F|
|poke|p2|Steelix, F|
|poke|p2|Raikou|
|poke|p2|Golisopod, M|
|teampreview
|c|☆PepeDuce|hf
|c|☆cielau origine ♫|hf
|c|☆PepeDuce|/log PepeDuce made this room public.
|
|t:|1647098026
|start
|switch|p1a: Passimian|Passimian, F|100/100
|switch|p2a: Golisopod|Golisopod, M|100/100
|turn|1
|
|t:|1647098033
|move|p1a: Passimian|U-turn|p2a: Golisopod
|-damage|p2a: Golisopod|83/100
|
|t:|1647098037
|switch|p1a: Togekiss|Togekiss, M|100/100|[from]move: U-turn
|move|p2a: Golisopod|Spikes|p1a: Togekiss
|-sidestart|p1: cielau origine ♫|Spikes
|
|upkeep
|turn|2
|
|t:|1647098044
|switch|p1a: Flygon|Flygon, F|100/100
|switch|p2a: Noivern|Noivern, F|100/100
|
|upkeep
|turn|3
|
|t:|1647098055
|switch|p2a: Steelix|Steelix, F|100/100
|switch|p1a: Togekiss|Togekiss, M|100/100
|
|upkeep
|turn|4
|j| devinp0
|
|t:|1647098063
|move|p1a: Togekiss|Flamethrower|p2a: Steelix
|-supereffective|p2a: Steelix
|-damage|p2a: Steelix|55/100
|move|p2a: Steelix|Heavy Slam|p1a: Togekiss
|-supereffective|p1a: Togekiss
|-damage|p1a: Togekiss|30/100
|
|-heal|p2a: Steelix|62/100|[from] item: Leftovers
|upkeep
|turn|5
|
|t:|1647098077
|switch|p1a: Vaporeon|Vaporeon, M|100/100
|-damage|p1a: Vaporeon|88/100|[from] Spikes
|switch|p2a: Noivern|Noivern, F|100/100
|
|-heal|p1a: Vaporeon|94/100|[from] item: Leftovers
|upkeep
|turn|6
|
|t:|1647098084
|move|p2a: Noivern|Toxic|p1a: Vaporeon
|-status|p1a: Vaporeon|tox
|move|p1a: Vaporeon|Wish|p1a: Vaporeon
|
|-heal|p1a: Vaporeon|100/100 tox|[from] item: Leftovers
|-damage|p1a: Vaporeon|94/100 tox|[from] psn
|upkeep
|turn|7
|j| Micciu20250
|
|t:|1647098091
|switch|p1a: Togekiss|Togekiss, M|30/100
|move|p2a: Noivern|Hurricane|p1a: Togekiss
|-damage|p1a: Togekiss|0 fnt
|faint|p1a: Togekiss
|
|upkeep
|
|t:|1647098099
|switch|p1a: Registeel|Registeel|100/100
|-damage|p1a: Registeel|88/100|[from] Spikes
|turn|8
|j| Sirwings
|
|t:|1647098114
|switch|p2a: Golisopod|Golisopod, M|83/100
|move|p1a: Registeel|Stealth Rock|p2a: Golisopod
|-sidestart|p2: PepeDuce|move: Stealth Rock
|
|-heal|p1a: Registeel|94/100|[from] item: Leftovers
|upkeep
|turn|9
|j| UU11A KING
|
|t:|1647098123
|switch|p1a: Flygon|Flygon, F|100/100
|move|p2a: Golisopod|Liquidation|p1a: Flygon
|-damage|p1a: Flygon|63/100
|
|upkeep
|turn|10
|
|t:|1647098129
|move|p1a: Flygon|Roost|p1a: Flygon
|-heal|p1a: Flygon|100/100
|-singleturn|p1a: Flygon|move: Roost
|move|p2a: Golisopod|Leech Life|p1a: Flygon
|-damage|p1a: Flygon|63/100
|-heal|p2a: Golisopod|100/100|[from] drain|[of] p1a: Flygon
|
|upkeep
|turn|11
|
|t:|1647098141
|move|p1a: Flygon|U-turn|p2a: Golisopod
|-crit|p2a: Golisopod
|-damage|p2a: Golisopod|82/100
|
|t:|1647098147
|switch|p1a: Vaporeon|Vaporeon, M|94/100 tox|[from]move: U-turn
|-damage|p1a: Vaporeon|82/100 tox|[from] Spikes
|move|p2a: Golisopod|Spikes|p1a: Vaporeon
|-sidestart|p1: cielau origine ♫|Spikes
|
|-heal|p1a: Vaporeon|88/100 tox|[from] item: Leftovers
|-damage|p1a: Vaporeon|82/100 tox|[from] psn
|upkeep
|turn|12
|j| P.Otaku ☯
|
|t:|1647098154
|move|p1a: Vaporeon|Wish|p1a: Vaporeon
|move|p2a: Golisopod|Leech Life|p1a: Vaporeon
|-damage|p1a: Vaporeon|49/100 tox
|-heal|p2a: Golisopod|100/100|[from] drain|[of] p1a: Vaporeon
|
|-heal|p1a: Vaporeon|56/100 tox|[from] item: Leftovers
|-damage|p1a: Vaporeon|43/100 tox|[from] psn
|upkeep
|turn|13
|j| OmBrArch
|
|t:|1647098170
|switch|p2a: Noivern|Noivern, F|100/100
|move|p1a: Vaporeon|Heal Bell|p1a: Vaporeon
|-activate|p1a: Vaporeon|move: Heal Bell
|-curestatus|p1a: Vaporeon|tox|[msg]
|
|-heal|p1a: Vaporeon|93/100|[from] move: Wish|[wisher] Vaporeon
|-heal|p1a: Vaporeon|99/100|[from] item: Leftovers
|upkeep
|turn|14
|
|t:|1647098180
|move|p2a: Noivern|Flamethrower|p1a: Vaporeon
|-resisted|p1a: Vaporeon
|-damage|p1a: Vaporeon|91/100
|move|p1a: Vaporeon|Scald|p2a: Noivern
|-resisted|p2a: Noivern
|-damage|p2a: Noivern|81/100
|
|-heal|p1a: Vaporeon|97/100|[from] item: Leftovers
|upkeep
|turn|15
|j| UU11A Zozox
|
|t:|1647098191
|move|p2a: Noivern|Toxic|p1a: Vaporeon
|-status|p1a: Vaporeon|tox
|move|p1a: Vaporeon|Scald|p2a: Noivern
|-resisted|p2a: Noivern
|-damage|p2a: Noivern|61/100
|
|-heal|p1a: Vaporeon|100/100 tox|[from] item: Leftovers
|-damage|p1a: Vaporeon|94/100 tox|[from] psn
|upkeep
|turn|16
|
|t:|1647098206
|move|p2a: Noivern|Roost|p2a: Noivern
|-heal|p2a: Noivern|100/100
|-singleturn|p2a: Noivern|move: Roost
|move|p1a: Vaporeon|Heal Bell|p1a: Vaporeon
|-activate|p1a: Vaporeon|move: Heal Bell
|-curestatus|p1a: Vaporeon|tox|[msg]
|
|-heal|p1a: Vaporeon|100/100|[from] item: Leftovers
|upkeep
|turn|17
|
|t:|1647098210
|switch|p1a: Registeel|Registeel|94/100
|-damage|p1a: Registeel|78/100|[from] Spikes
|move|p2a: Noivern|Flamethrower|p1a: Registeel
|-supereffective|p1a: Registeel
|-damage|p1a: Registeel|53/100
|
|-heal|p1a: Registeel|59/100|[from] item: Leftovers
|upkeep
|turn|18
|j| The Delta Maybca☆〜
|l| The Delta Maybca☆〜
|
|t:|1647098226
|switch|p2a: Golisopod|Golisopod, M|100/100
|move|p1a: Registeel|Seismic Toss|p2a: Golisopod
|-damage|p2a: Golisopod|72/100
|
|-heal|p1a: Registeel|65/100|[from] item: Leftovers
|upkeep
|turn|19
|
|t:|1647098234
|move|p2a: Golisopod|First Impression|p1a: Registeel
|-resisted|p1a: Registeel
|-damage|p1a: Registeel|48/100
|move|p1a: Registeel|Seismic Toss|p2a: Golisopod
|-damage|p2a: Golisopod|44/100
|-activate|p2a: Golisopod|ability: Emergency Exit
|
|t:|1647098251
|switch|p2a: Steelix|Steelix, F|62/100
|-damage|p2a: Steelix|58/100|[from] Stealth Rock
|
|-heal|p1a: Registeel|54/100|[from] item: Leftovers
|-heal|p2a: Steelix|65/100|[from] item: Leftovers
|upkeep
|turn|20
|
|t:|1647098268
|switch|p1a: Vaporeon|Vaporeon, M|100/100
|-damage|p1a: Vaporeon|84/100|[from] Spikes
|move|p2a: Steelix|Earthquake|p1a: Vaporeon
|-damage|p1a: Vaporeon|63/100
|
|-heal|p1a: Vaporeon|69/100|[from] item: Leftovers
|-heal|p2a: Steelix|71/100|[from] item: Leftovers
|upkeep
|turn|21
|
|t:|1647098277
|switch|p2a: Porygon-Z|Porygon-Z|100/100
|-damage|p2a: Porygon-Z|88/100|[from] Stealth Rock
|move|p1a: Vaporeon|Scald|p2a: Porygon-Z
|-damage|p2a: Porygon-Z|47/100
|
|-heal|p1a: Vaporeon|75/100|[from] item: Leftovers
|upkeep
|turn|22
|
|t:|1647098284
|move|p1a: Vaporeon|Protect|p1a: Vaporeon
|-singleturn|p1a: Vaporeon|Protect
|move|p2a: Porygon-Z|Tri Attack|p1a: Vaporeon
|-activate|p1a: Vaporeon|move: Protect
|
|-heal|p1a: Vaporeon|81/100|[from] item: Leftovers
|upkeep
|turn|23
|
|t:|1647098292
|switch|p1a: Registeel|Registeel|54/100
|-damage|p1a: Registeel|38/100|[from] Spikes
|move|p2a: Porygon-Z|Tri Attack|p1a: Registeel
|-resisted|p1a: Registeel
|-damage|p1a: Registeel|15/100
|
|-heal|p1a: Registeel|21/100|[from] item: Leftovers
|upkeep
|turn|24
|
|t:|1647098307
|move|p2a: Porygon-Z|Tri Attack|p1a: Registeel
|-resisted|p1a: Registeel
|-damage|p1a: Registeel|0 fnt
|faint|p1a: Registeel
|
|upkeep
|
|t:|1647098311
|switch|p1a: Passimian|Passimian, F|100/100
|-damage|p1a: Passimian|84/100|[from] Spikes
|turn|25
|
|t:|1647098326
|move|p1a: Passimian|Close Combat|p2a: Porygon-Z
|-supereffective|p2a: Porygon-Z
|-damage|p2a: Porygon-Z|0 fnt
|-unboost|p1a: Passimian|def|1
|-unboost|p1a: Passimian|spd|1
|faint|p2a: Porygon-Z
|
|upkeep
|
|t:|1647098361
|switch|p2a: Golisopod|Golisopod, M|44/100
|turn|26
|
|t:|1647098369
|switch|p1a: Vaporeon|Vaporeon, M|81/100
|-damage|p1a: Vaporeon|65/100|[from] Spikes
|move|p2a: Golisopod|First Impression|p1a: Vaporeon
|-damage|p1a: Vaporeon|29/100
|
|-heal|p1a: Vaporeon|35/100|[from] item: Leftovers
|upkeep
|turn|27
|
|t:|1647098378
|move|p1a: Vaporeon|Wish|p1a: Vaporeon
|move|p2a: Golisopod|Spikes|p1a: Vaporeon
|-sidestart|p1: cielau origine ♫|Spikes
|
|-heal|p1a: Vaporeon|41/100|[from] item: Leftovers
|upkeep
|turn|28
|
|t:|1647098387
|switch|p1a: Flygon|Flygon, F|63/100
|switch|p2a: Noivern|Noivern, F|100/100
|
|-heal|p1a: Flygon|100/100|[from] move: Wish|[wisher] Vaporeon
|upkeep
|turn|29
|
|t:|1647098394
|move|p2a: Noivern|Toxic|p1a: Flygon
|-status|p1a: Flygon|tox
|move|p1a: Flygon|Defog|p2a: Noivern
|-unboost|p2a: Noivern|evasion|1
|-sideend|p2: PepeDuce|Stealth Rock|[from] move: Defog|[of] p1a: Flygon
|-sideend|p1: cielau origine ♫|Spikes|[from] move: Defog|[of] p1a: Flygon
|
|-damage|p1a: Flygon|94/100 tox|[from] psn
|upkeep
|turn|30
|
|t:|1647098398
|move|p2a: Noivern|Hurricane|p1a: Flygon
|-damage|p1a: Flygon|43/100 tox
|move|p1a: Flygon|U-turn|p2a: Noivern
|-resisted|p2a: Noivern
|-crit|p2a: Noivern
|-damage|p2a: Noivern|87/100
|
|t:|1647098402
|switch|p1a: Vaporeon|Vaporeon, M|41/100|[from]move: U-turn
|
|-heal|p1a: Vaporeon|48/100|[from] item: Leftovers
|upkeep
|turn|31
|
|t:|1647098414
|move|p2a: Noivern|Hurricane|p1a: Vaporeon
|-damage|p1a: Vaporeon|17/100
|move|p1a: Vaporeon|Wish|p1a: Vaporeon
|
|-heal|p1a: Vaporeon|23/100|[from] item: Leftovers
|upkeep
|turn|32
|
|t:|1647098420
|switch|p2a: Raikou|Raikou|100/100
|-ability|p2a: Raikou|Pressure
|move|p1a: Vaporeon|Protect||[still]
|-fail|p1a: Vaporeon
|
|-heal|p1a: Vaporeon|73/100|[from] move: Wish|[wisher] Vaporeon
|-heal|p1a: Vaporeon|79/100|[from] item: Leftovers
|upkeep
|turn|33
|
|t:|1647098426
|switch|p1a: Flygon|Flygon, F|43/100 tox
|move|p2a: Raikou|Thunderbolt|p1a: Flygon
|-immune|p1a: Flygon
|
|-damage|p1a: Flygon|37/100 tox|[from] psn
|upkeep
|turn|34
|
|t:|1647098433
|switch|p2a: Golisopod|Golisopod, M|44/100
|move|p1a: Flygon|U-turn|p2a: Golisopod
|-damage|p2a: Golisopod|32/100
|
|t:|1647098437
|switch|p1a: Passimian|Passimian, F|84/100|[from]move: U-turn
|
|upkeep
|turn|35
|
|t:|1647098458
|switch|p2a: Steelix|Steelix, F|71/100
|move|p1a: Passimian|U-turn|p2a: Steelix
|-resisted|p2a: Steelix
|-damage|p2a: Steelix|64/100
|
|t:|1647098465
|switch|p1a: Vaporeon|Vaporeon, M|79/100|[from]move: U-turn
|
|-heal|p1a: Vaporeon|85/100|[from] item: Leftovers
|-heal|p2a: Steelix|71/100|[from] item: Leftovers
|upkeep
|turn|36
|
|t:|1647098469
|switch|p2a: Noivern|Noivern, F|87/100
|move|p1a: Vaporeon|Scald|p2a: Noivern
|-resisted|p2a: Noivern
|-damage|p2a: Noivern|66/100
|
|-heal|p1a: Vaporeon|92/100|[from] item: Leftovers
|upkeep
|turn|37
|l| UU11A Zozox
|
|t:|1647098478
|move|p2a: Noivern|Roost|p2a: Noivern
|-heal|p2a: Noivern|100/100
|-singleturn|p2a: Noivern|move: Roost
|move|p1a: Vaporeon|Scald|p2a: Noivern
|-resisted|p2a: Noivern
|-damage|p2a: Noivern|80/100
|
|-heal|p1a: Vaporeon|98/100|[from] item: Leftovers
|upkeep
|turn|38
|
|t:|1647098492
|switch|p1a: Sneasel|Sneasel, M|100/100
|move|p2a: Noivern|Toxic|p1a: Sneasel|[miss]
|-miss|p2a: Noivern|p1a: Sneasel
|
|upkeep
|turn|39
|
|t:|1647098504
|switch|p2a: Steelix|Steelix, F|71/100
|move|p1a: Sneasel|Low Kick|p2a: Steelix
|-supereffective|p2a: Steelix
|-damage|p2a: Steelix|15/100
|
|-heal|p2a: Steelix|21/100|[from] item: Leftovers
|upkeep
|turn|40
|
|t:|1647098513
|switch|p2a: Noivern|Noivern, F|80/100
|move|p1a: Sneasel|Low Kick|p2a: Noivern
|-resisted|p2a: Noivern
|-damage|p2a: Noivern|61/100
|
|upkeep
|turn|41
|
|t:|1647098519
|switch|p2a: Raikou|Raikou|100/100
|-ability|p2a: Raikou|Pressure
|switch|p1a: Vaporeon|Vaporeon, M|98/100
|
|-heal|p1a: Vaporeon|100/100|[from] item: Leftovers
|upkeep
|turn|42
|
|t:|1647098530
|move|p1a: Vaporeon|Protect|p1a: Vaporeon
|-singleturn|p1a: Vaporeon|Protect
|move|p2a: Raikou|Thunderbolt|p1a: Vaporeon
|-activate|p1a: Vaporeon|move: Protect
|
|upkeep
|turn|43
|
|t:|1647098536
|switch|p1a: Flygon|Flygon, F|37/100 tox
|move|p2a: Raikou|Thunderbolt|p1a: Flygon
|-immune|p1a: Flygon
|
|-damage|p1a: Flygon|31/100 tox|[from] psn
|upkeep
|turn|44
|
|t:|1647098541
|move|p2a: Raikou|Shadow Ball|p1a: Flygon
|-damage|p1a: Flygon|5/100 tox
|move|p1a: Flygon|Roost|p1a: Flygon
|-heal|p1a: Flygon|55/100 tox
|-singleturn|p1a: Flygon|move: Roost
|
|-damage|p1a: Flygon|43/100 tox|[from] psn
|upkeep
|turn|45
|
|t:|1647098550
|switch|p2a: Noivern|Noivern, F|61/100
|move|p1a: Flygon|U-turn|p2a: Noivern
|-resisted|p2a: Noivern
|-damage|p2a: Noivern|52/100
|
|t:|1647098559
|switch|p1a: Sneasel|Sneasel, M|100/100|[from]move: U-turn
|
|upkeep
|turn|46
|
|t:|1647098570
|switch|p2a: Steelix|Steelix, F|21/100
|move|p1a: Sneasel|Knock Off|p2a: Steelix
|-damage|p2a: Steelix|0 fnt
|-enditem|p2a: Steelix|Leftovers|[from] move: Knock Off|[of] p1a: Sneasel
|faint|p2a: Steelix
|
|upkeep
|
|t:|1647098579
|switch|p2a: Golisopod|Golisopod, M|32/100
|turn|47
|
|t:|1647098587
|switch|p1a: Passimian|Passimian, F|84/100
|move|p2a: Golisopod|Spikes|p1a: Passimian
|-sidestart|p1: cielau origine ♫|Spikes
|
|upkeep
|turn|48
|
|t:|1647098604
|move|p1a: Passimian|Rock Slide|p2a: Golisopod
|-supereffective|p2a: Golisopod
|-damage|p2a: Golisopod|0 fnt
|faint|p2a: Golisopod
|
|upkeep
|
|t:|1647098613
|switch|p2a: Raikou|Raikou|100/100
|-ability|p2a: Raikou|Pressure
|turn|49
|
|t:|1647098640
|switch|p1a: Flygon|Flygon, F|43/100 tox
|move|p2a: Raikou|Extrasensory|p1a: Flygon
|-damage|p1a: Flygon|15/100 tox
|
|-damage|p1a: Flygon|9/100 tox|[from] psn
|upkeep
|turn|50
|
|t:|1647098644
|move|p2a: Raikou|Shadow Ball|p1a: Flygon
|-damage|p1a: Flygon|0 fnt
|faint|p1a: Flygon
|
|upkeep
|
|t:|1647098657
|switch|p1a: Sneasel|Sneasel, M|100/100
|-damage|p1a: Sneasel|88/100|[from] Spikes
|turn|51
|
|t:|1647098667
|move|p2a: Raikou|Thunderbolt|p1a: Sneasel
|-damage|p1a: Sneasel|10/100
|move|p1a: Sneasel|Triple Axel|p2a: Raikou
|-damage|p2a: Raikou|84/100
|-damage|p2a: Raikou|52/100
|-damage|p2a: Raikou|0 fnt
|faint|p2a: Raikou
|-hitcount|p2: Raikou|3
|
|upkeep
|
|t:|1647098676
|switch|p2a: Cobalion|Cobalion|100/100
|-item|p2a: Cobalion|Air Balloon
|turn|52
|
|t:|1647098683
|move|p1a: Sneasel|Triple Axel|p2a: Cobalion
|-resisted|p2a: Cobalion
|-damage|p2a: Cobalion|95/100
|-enditem|p2a: Cobalion|Air Balloon
|-hitcount|p2a: Cobalion|1
|move|p2a: Cobalion|Rock Polish|p2a: Cobalion
|-boost|p2a: Cobalion|spe|2
|
|upkeep
|turn|53
|j| Wedjene
|
|t:|1647098691
|move|p2a: Cobalion|Swords Dance|p2a: Cobalion
|-boost|p2a: Cobalion|atk|2
|move|p1a: Sneasel|Triple Axel|p2a: Cobalion
|-resisted|p2a: Cobalion
|-damage|p2a: Cobalion|89/100
|-resisted|p2a: Cobalion
|-damage|p2a: Cobalion|79/100
|-hitcount|p2a: Cobalion|2
|
|upkeep
|turn|54
|j| Elyoss
|
|t:|1647098704
|move|p2a: Cobalion|Swords Dance|p2a: Cobalion
|-boost|p2a: Cobalion|atk|2
|move|p1a: Sneasel|Triple Axel|p2a: Cobalion
|-resisted|p2a: Cobalion
|-damage|p2a: Cobalion|74/100
|-resisted|p2a: Cobalion
|-crit|p2a: Cobalion
|-damage|p2a: Cobalion|56/100
|-resisted|p2a: Cobalion
|-damage|p2a: Cobalion|40/100
|-hitcount|p2a: Cobalion|3
|
|upkeep
|turn|55
|j| Daruma
|
|t:|1647098714
|move|p2a: Cobalion|Iron Head|p1a: Sneasel
|-supereffective|p1a: Sneasel
|-damage|p1a: Sneasel|0 fnt
|faint|p1a: Sneasel
|
|upkeep
|
|t:|1647098716
|switch|p1a: Vaporeon|Vaporeon, M|100/100
|-damage|p1a: Vaporeon|88/100|[from] Spikes
|turn|56
|
|t:|1647098719
|move|p1a: Vaporeon|Protect|p1a: Vaporeon
|-singleturn|p1a: Vaporeon|Protect
|move|p2a: Cobalion|Close Combat|p1a: Vaporeon
|-activate|p1a: Vaporeon|move: Protect
|
|-heal|p1a: Vaporeon|94/100|[from] item: Leftovers
|upkeep
|turn|57
|
|t:|1647098722
|move|p2a: Cobalion|Close Combat|p1a: Vaporeon
|-damage|p1a: Vaporeon|0 fnt
|-unboost|p2a: Cobalion|def|1
|-unboost|p2a: Cobalion|spd|1
|faint|p1a: Vaporeon
|
|upkeep
|c|☆cielau origine ♫|gg
|l| Daruma
|c|☆PepeDuce|gg
|-message|cielau origine ♫ forfeited.
|
|win|PepeDuce
|j| Insector84
|l|☆PepeDuce
|l| Micciu20250
|l| Elyoss
|l| Insector84
|l| Sirwings
|l| Wedjene
|l| P.Otaku ☯
|l| OmBrArch
|j| Insector84
|l| Insector84
|j| Insector84
|l| Insector84
|l| devinp0
|j| UU11A Zozox
|l| UU11A Zozox
|l|☆cielau origine ♫
|j|☆cielau origine ♫
|player|p1|cielau origine ♫|nate
