|raw|<div class="broadcast-blue"><strong>This battle is required to be public due to a player having a name starting with 'rult50'.</div>
|j|☆rult50 mac3 ✝
|j|☆Lyliath♥
|t:|1625936333
|gametype|singles
|player|p1|rult50 mac3 ✝|roxie|1482
|player|p2|Lyliath♥|erika|1572
|teamsize|p1|6
|teamsize|p2|6
|gen|8
|tier|[Gen 8] RU
|rated|
|rule|Sleep Clause Mod: Limit one foe put to sleep
|rule|Species Clause: Limit one of each Pokémon
|rule|OHKO Clause: OHKO moves are banned
|rule|Evasion Moves Clause: Evasion moves are banned
|rule|Endless Battle Clause: Forcing endless battles is banned
|rule|HP Percentage Mod: HP is shown in percentages
|rule|Dynamax Clause: You cannot dynamax
|clearpoke
|poke|p1|Reuniclus, M|
|poke|p1|Metagross|
|poke|p1|Gastrodon, M|
|poke|p1|Tyrantrum, M|
|poke|p1|Roserade, F|
|poke|p1|Togekiss, M|
|poke|p2|Ninetales-Alola, M|
|poke|p2|Xatu, F|
|poke|p2|Milotic, F|
|poke|p2|Vileplume, M|
|poke|p2|Flygon, F|
|poke|p2|Registeel|
|teampreview
|
|t:|1625936351
|start
|switch|p1a: Togekiss|Togekiss, M|100/100
|switch|p2a: Flygon|Flygon, F|100/100
|turn|1
|c|☆rult50 mac3 ✝|hf
|c|☆Lyliath♥|hf
|
|t:|1625936358
|move|p2a: Flygon|U-turn|p1a: Togekiss
|-resisted|p1a: Togekiss
|-damage|p1a: Togekiss|96/100
|
|t:|1625936363
|switch|p2a: Ninetales|Ninetales-Alola, M|100/100|[from]move: U-turn
|-weather|Hail|[from] ability: Snow Warning|[of] p2a: Ninetales
|move|p1a: Togekiss|Flamethrower|p2a: Ninetales
|-supereffective|p2a: Ninetales
|-damage|p2a: Ninetales|38/100
|
|-weather|Hail|[upkeep]
|-damage|p1a: Togekiss|90/100|[from] Hail
|upkeep
|turn|2
|
|t:|1625936375
|switch|p1a: Metagross|Metagross|100/100
|move|p2a: Ninetales|Blizzard|p1a: Metagross
|-resisted|p1a: Metagross
|-damage|p1a: Metagross|62/100
|
|-weather|Hail|[upkeep]
|-damage|p1a: Metagross|56/100|[from] Hail
|upkeep
|turn|3
|
|t:|1625936384
|switch|p2a: Xatu|Xatu, F|100/100
|move|p1a: Metagross|Zen Headbutt|p2a: Xatu
|-resisted|p2a: Xatu
|-damage|p2a: Xatu|53/100
|-damage|p1a: Metagross|39/100|[from] item: Rocky Helmet|[of] p2a: Xatu
|
|-weather|Hail|[upkeep]
|-damage|p2a: Xatu|47/100|[from] Hail
|-damage|p1a: Metagross|33/100|[from] Hail
|upkeep
|turn|4
|
|t:|1625936390
|switch|p1a: Tyrantrum|Tyrantrum, M|100/100
|move|p2a: Xatu|Roost|p2a: Xatu
|-heal|p2a: Xatu|97/100
|-singleturn|p2a: Xatu|move: Roost
|
|-weather|Hail|[upkeep]
|-damage|p1a: Tyrantrum|94/100|[from] Hail
|-damage|p2a: Xatu|91/100|[from] Hail
|upkeep
|turn|5
|
|t:|1625936403
|switch|p2a: Vileplume|Vileplume, M|100/100
|move|p1a: Tyrantrum|Stealth Rock|p2a: Vileplume
|-sidestart|p2: Lyliath♥|move: Stealth Rock
|
|-weather|none
|upkeep
|turn|6
|
|t:|1625936409
|switch|p1a: Roserade|Roserade, F|100/100
|move|p2a: Vileplume|Corrosive Gas|p1a: Roserade
|-enditem|p1a: Roserade|Heavy-Duty Boots|[from] move: Corrosive Gas|[of] p2a: Vileplume
|
|upkeep
|turn|7
|
|t:|1625936422
|switch|p1a: Reuniclus|Reuniclus, M|100/100
|switch|p2a: Flygon|Flygon, F|100/100
|-damage|p2a: Flygon|95/100|[from] Stealth Rock
|
|upkeep
|turn|8
|
|t:|1625936428
|move|p2a: Flygon|Defog|p1a: Reuniclus
|-unboost|p1a: Reuniclus|evasion|1
|-sideend|p2: Lyliath♥|Stealth Rock|[from] move: Defog|[of] p2a: Flygon
|move|p1a: Reuniclus|Calm Mind|p1a: Reuniclus
|-boost|p1a: Reuniclus|spa|1
|-boost|p1a: Reuniclus|spd|1
|
|upkeep
|turn|9
|j| Prodigezz
|
|t:|1625936439
|switch|p2a: Milotic|Milotic, F|100/100
|move|p1a: Reuniclus|Psyshock|p2a: Milotic
|-crit|p2a: Milotic
|-damage|p2a: Milotic|43/100
|
|-heal|p2a: Milotic|49/100|[from] item: Leftovers
|upkeep
|turn|10
|
|t:|1625936444
|move|p2a: Milotic|Recover|p2a: Milotic
|-heal|p2a: Milotic|99/100
|move|p1a: Reuniclus|Calm Mind|p1a: Reuniclus
|-boost|p1a: Reuniclus|spa|1
|-boost|p1a: Reuniclus|spd|1
|
|-heal|p2a: Milotic|100/100|[from] item: Leftovers
|upkeep
|turn|11
|
|t:|1625936447
|move|p2a: Milotic|Haze|p2a: Milotic
|-clearallboost
|move|p1a: Reuniclus|Psyshock|p2a: Milotic
|-damage|p2a: Milotic|76/100
|
|-heal|p2a: Milotic|82/100|[from] item: Leftovers
|upkeep
|turn|12
|
|t:|1625936457
|switch|p2a: Registeel|Registeel|100/100
|switch|p1a: Roserade|Roserade, F|100/100
|
|upkeep
|turn|13
|
|t:|1625936465
|switch|p2a: Xatu|Xatu, F|91/100
|move|p1a: Roserade|Spikes|p2a: Xatu
|move|p2a: Xatu|Spikes|p1a: Roserade|[from]ability: Magic Bounce
|-sidestart|p1: rult50 mac3 ✝|Spikes
|
|upkeep
|turn|14
|
|t:|1625936471
|move|p2a: Xatu|Psyshock|p1a: Roserade
|-supereffective|p1a: Roserade
|-damage|p1a: Roserade|0 fnt
|faint|p1a: Roserade
|
|upkeep
|
|t:|1625936479
|switch|p1a: Togekiss|Togekiss, M|90/100
|turn|15
|
|t:|1625936484
|move|p2a: Xatu|Calm Mind|p2a: Xatu
|-boost|p2a: Xatu|spa|1
|-boost|p2a: Xatu|spd|1
|move|p1a: Togekiss|Flamethrower|p2a: Xatu
|-damage|p2a: Xatu|70/100
|
|upkeep
|turn|16
|
|t:|1625936489
|move|p2a: Xatu|Psyshock|p1a: Togekiss
|-damage|p1a: Togekiss|53/100
|move|p1a: Togekiss|Nasty Plot|p1a: Togekiss
|-boost|p1a: Togekiss|spa|2
|
|upkeep
|turn|17
|
|t:|1625936494
|move|p2a: Xatu|Calm Mind|p2a: Xatu
|-boost|p2a: Xatu|spa|1
|-boost|p2a: Xatu|spd|1
|move|p1a: Togekiss|Flamethrower|p2a: Xatu
|-damage|p2a: Xatu|37/100
|-status|p2a: Xatu|brn
|
|-damage|p2a: Xatu|31/100 brn|[from] brn
|upkeep
|turn|18
|
|t:|1625936500
|move|p2a: Xatu|Roost|p2a: Xatu
|-heal|p2a: Xatu|82/100 brn
|-singleturn|p2a: Xatu|move: Roost
|move|p1a: Togekiss|Air Slash|p2a: Xatu
|-damage|p2a: Xatu|43/100 brn
|
|-damage|p2a: Xatu|37/100 brn|[from] brn
|upkeep
|turn|19
|
|t:|1625936505
|move|p2a: Xatu|Roost|p2a: Xatu
|-heal|p2a: Xatu|88/100 brn
|-singleturn|p2a: Xatu|move: Roost
|move|p1a: Togekiss|Nasty Plot|p1a: Togekiss
|-boost|p1a: Togekiss|spa|2
|
|-damage|p2a: Xatu|82/100 brn|[from] brn
|upkeep
|turn|20
|
|t:|1625936510
|move|p2a: Xatu|Psyshock|p1a: Togekiss
|-damage|p1a: Togekiss|2/100
|move|p1a: Togekiss|Air Slash|p2a: Xatu
|-damage|p2a: Xatu|16/100 brn
|
|-damage|p2a: Xatu|10/100 brn|[from] brn
|upkeep
|turn|21
|
|t:|1625936516
|switch|p1a: Metagross|Metagross|33/100
|-damage|p1a: Metagross|21/100|[from] Spikes
|move|p2a: Xatu|Heat Wave|p1a: Metagross
|-supereffective|p1a: Metagross
|-damage|p1a: Metagross|0 fnt
|faint|p1a: Metagross
|
|-damage|p2a: Xatu|4/100 brn|[from] brn
|upkeep
|
|t:|1625936518
|switch|p1a: Tyrantrum|Tyrantrum, M|94/100
|-damage|p1a: Tyrantrum|82/100|[from] Spikes
|turn|22
|
|t:|1625936524
|switch|p1a: Togekiss|Togekiss, M|2/100
|switch|p2a: Vileplume|Vileplume, M|100/100
|
|upkeep
|turn|23
|
|t:|1625936530
|move|p1a: Togekiss|Air Slash|p2a: Vileplume
|-supereffective|p2a: Vileplume
|-damage|p2a: Vileplume|41/100
|cant|p2a: Vileplume|flinch
|
|upkeep
|turn|24
|
|t:|1625936541
|move|p1a: Togekiss|Air Slash|p2a: Vileplume
|-supereffective|p2a: Vileplume
|-damage|p2a: Vileplume|0 fnt
|faint|p2a: Vileplume
|
|upkeep
|
|t:|1625936543
|switch|p2a: Ninetales|Ninetales-Alola, M|38/100
|-weather|Hail|[from] ability: Snow Warning|[of] p2a: Ninetales
|turn|25
|
|t:|1625936552
|switch|p1a: Reuniclus|Reuniclus, M|100/100
|move|p2a: Ninetales|Freeze-Dry|p1a: Reuniclus
|-damage|p1a: Reuniclus|61/100
|
|-weather|Hail|[upkeep]
|-heal|p1a: Reuniclus|67/100|[from] item: Leftovers
|upkeep
|turn|26
|
|t:|1625936562
|switch|p2a: Registeel|Registeel|100/100
|move|p1a: Reuniclus|Recover|p1a: Reuniclus
|-heal|p1a: Reuniclus|100/100
|
|-weather|Hail|[upkeep]
|-damage|p2a: Registeel|94/100|[from] Hail
|-heal|p2a: Registeel|100/100|[from] item: Leftovers
|upkeep
|turn|27
|
|t:|1625936568
|move|p2a: Registeel|Stealth Rock|p1a: Reuniclus
|-sidestart|p1: rult50 mac3 ✝|move: Stealth Rock
|move|p1a: Reuniclus|Calm Mind|p1a: Reuniclus
|-boost|p1a: Reuniclus|spa|1
|-boost|p1a: Reuniclus|spd|1
|
|-weather|Hail|[upkeep]
|-damage|p2a: Registeel|94/100|[from] Hail
|-heal|p2a: Registeel|100/100|[from] item: Leftovers
|upkeep
|turn|28
|
|t:|1625936592
|switch|p2a: Milotic|Milotic, F|82/100
|move|p1a: Reuniclus|Calm Mind|p1a: Reuniclus
|-boost|p1a: Reuniclus|spa|1
|-boost|p1a: Reuniclus|spd|1
|
|-weather|Hail|[upkeep]
|-damage|p2a: Milotic|76/100|[from] Hail
|-heal|p2a: Milotic|82/100|[from] item: Leftovers
|upkeep
|turn|29
|j| RULT50H Gt0
|
|t:|1625936602
|move|p2a: Milotic|Haze|p2a: Milotic
|-clearallboost
|move|p1a: Reuniclus|Psyshock|p2a: Milotic
|-crit|p2a: Milotic
|-damage|p2a: Milotic|47/100
|
|-weather|none
|-heal|p2a: Milotic|53/100|[from] item: Leftovers
|upkeep
|turn|30
|
|t:|1625936618
|move|p2a: Milotic|Recover|p2a: Milotic
|-heal|p2a: Milotic|100/100
|move|p1a: Reuniclus|Calm Mind|p1a: Reuniclus
|-boost|p1a: Reuniclus|spa|1
|-boost|p1a: Reuniclus|spd|1
|
|upkeep
|turn|31
|l| RULT50H Gt0
|
|t:|1625936628
|move|p2a: Milotic|Haze|p2a: Milotic
|-clearallboost
|move|p1a: Reuniclus|Psyshock|p2a: Milotic
|-damage|p2a: Milotic|76/100
|
|-heal|p2a: Milotic|82/100|[from] item: Leftovers
|upkeep
|turn|32
|
|t:|1625936633
|move|p2a: Milotic|Scald|p1a: Reuniclus
|-damage|p1a: Reuniclus|74/100
|move|p1a: Reuniclus|Calm Mind|p1a: Reuniclus
|-boost|p1a: Reuniclus|spa|1
|-boost|p1a: Reuniclus|spd|1
|
|-heal|p2a: Milotic|88/100|[from] item: Leftovers
|-heal|p1a: Reuniclus|80/100|[from] item: Leftovers
|upkeep
|turn|33
|
|t:|1625936638
|move|p2a: Milotic|Haze|p2a: Milotic
|-clearallboost
|move|p1a: Reuniclus|Focus Blast|p2a: Milotic|[miss]
|-miss|p1a: Reuniclus|p2a: Milotic
|
|-heal|p2a: Milotic|94/100|[from] item: Leftovers
|-heal|p1a: Reuniclus|87/100|[from] item: Leftovers
|upkeep
|turn|34
|
|t:|1625936641
|move|p2a: Milotic|Scald|p1a: Reuniclus
|-crit|p1a: Reuniclus
|-damage|p1a: Reuniclus|51/100
|move|p1a: Reuniclus|Calm Mind|p1a: Reuniclus
|-boost|p1a: Reuniclus|spa|1
|-boost|p1a: Reuniclus|spd|1
|
|-heal|p2a: Milotic|100/100|[from] item: Leftovers
|-heal|p1a: Reuniclus|57/100|[from] item: Leftovers
|upkeep
|turn|35
|
|t:|1625936645
|move|p2a: Milotic|Haze|p2a: Milotic
|-clearallboost
|move|p1a: Reuniclus|Recover|p1a: Reuniclus
|-heal|p1a: Reuniclus|100/100
|
|upkeep
|turn|36
|
|t:|1625936650
|switch|p1a: Gastrodon|Gastrodon, M|100/100
|move|p2a: Milotic|Scald|p1a: Gastrodon
|-ability|p1a: Gastrodon|Storm Drain|boost
|-boost|p1a: Gastrodon|spa|1
|
|upkeep
|turn|37
|
|t:|1625936660
|switch|p2a: Xatu|Xatu, F|4/100 brn
|move|p1a: Gastrodon|Ice Beam|p2a: Xatu
|-supereffective|p2a: Xatu
|-damage|p2a: Xatu|0 fnt
|faint|p2a: Xatu
|
|upkeep
|
|t:|1625936664
|switch|p2a: Ninetales|Ninetales-Alola, M|38/100
|-weather|Hail|[from] ability: Snow Warning|[of] p2a: Ninetales
|turn|38
|
|t:|1625936675
|switch|p1a: Reuniclus|Reuniclus, M|100/100
|move|p2a: Ninetales|Blizzard|p1a: Reuniclus
|-damage|p1a: Reuniclus|39/100
|
|-weather|Hail|[upkeep]
|-heal|p1a: Reuniclus|45/100|[from] item: Leftovers
|upkeep
|turn|39
|
|t:|1625936680
|switch|p1a: Gastrodon|Gastrodon, M|100/100
|move|p2a: Ninetales|Blizzard|p1a: Gastrodon
|-damage|p1a: Gastrodon|45/100
|
|-weather|Hail|[upkeep]
|-damage|p1a: Gastrodon|39/100|[from] Hail
|upkeep
|turn|40
|
|t:|1625936690
|switch|p1a: Reuniclus|Reuniclus, M|45/100
|move|p2a: Ninetales|Blizzard|p1a: Reuniclus
|-crit|p1a: Reuniclus
|-damage|p1a: Reuniclus|0 fnt
|faint|p1a: Reuniclus
|
|-weather|Hail|[upkeep]
|upkeep
|
|t:|1625936693
|switch|p1a: Tyrantrum|Tyrantrum, M|82/100
|-damage|p1a: Tyrantrum|69/100|[from] Stealth Rock
|-damage|p1a: Tyrantrum|57/100|[from] Spikes
|turn|41
|
|t:|1625936706
|switch|p2a: Milotic|Milotic, F|100/100
|move|p1a: Tyrantrum|Stealth Rock|p2a: Milotic
|-sidestart|p2: Lyliath♥|move: Stealth Rock
|
|-weather|Hail|[upkeep]
|-damage|p1a: Tyrantrum|51/100|[from] Hail
|-damage|p2a: Milotic|94/100|[from] Hail
|-heal|p2a: Milotic|100/100|[from] item: Leftovers
|upkeep
|turn|42
|
|t:|1625936713
|switch|p1a: Gastrodon|Gastrodon, M|39/100
|switch|p2a: Registeel|Registeel|100/100
|-damage|p2a: Registeel|94/100|[from] Stealth Rock
|
|-weather|none
|-heal|p2a: Registeel|100/100|[from] item: Leftovers
|upkeep
|turn|43
|
|t:|1625936719
|move|p2a: Registeel|Toxic|p1a: Gastrodon
|-status|p1a: Gastrodon|tox
|move|p1a: Gastrodon|Recover|p1a: Gastrodon
|-heal|p1a: Gastrodon|89/100 tox
|
|-damage|p1a: Gastrodon|82/100 tox|[from] psn
|upkeep
|turn|44
|
|t:|1625936726
|move|p2a: Registeel|Earthquake|p1a: Gastrodon
|-damage|p1a: Gastrodon|68/100 tox
|move|p1a: Gastrodon|Earth Power|p2a: Registeel
|-supereffective|p2a: Registeel
|-damage|p2a: Registeel|72/100
|
|-heal|p2a: Registeel|78/100|[from] item: Leftovers
|-damage|p1a: Gastrodon|56/100 tox|[from] psn
|upkeep
|turn|45
|
|t:|1625936730
|move|p2a: Registeel|Heavy Slam|p1a: Gastrodon
|-resisted|p1a: Gastrodon
|-damage|p1a: Gastrodon|43/100 tox
|move|p1a: Gastrodon|Earth Power|p2a: Registeel
|-supereffective|p2a: Registeel
|-damage|p2a: Registeel|48/100
|
|-heal|p2a: Registeel|54/100|[from] item: Leftovers
|-damage|p1a: Gastrodon|25/100 tox|[from] psn
|upkeep
|turn|46
|
|t:|1625936738
|switch|p1a: Tyrantrum|Tyrantrum, M|51/100
|-damage|p1a: Tyrantrum|38/100|[from] Spikes
|-damage|p1a: Tyrantrum|26/100|[from] Stealth Rock
|move|p2a: Registeel|Heavy Slam|p1a: Tyrantrum
|-supereffective|p1a: Tyrantrum
|-damage|p1a: Tyrantrum|5/100
|
|-heal|p2a: Registeel|60/100|[from] item: Leftovers
|upkeep
|turn|47
|
|t:|1625936745
|switch|p2a: Milotic|Milotic, F|100/100
|-damage|p2a: Milotic|88/100|[from] Stealth Rock
|move|p1a: Tyrantrum|Close Combat|p2a: Milotic
|-crit|p2a: Milotic
|-damage|p2a: Milotic|46/100
|-unboost|p1a: Tyrantrum|def|1
|-unboost|p1a: Tyrantrum|spd|1
|
|-heal|p2a: Milotic|52/100|[from] item: Leftovers
|upkeep
|turn|48
|
|t:|1625936751
|switch|p1a: Gastrodon|Gastrodon, M|25/100 tox
|move|p2a: Milotic|Scald|p1a: Gastrodon
|-ability|p1a: Gastrodon|Storm Drain|boost
|-boost|p1a: Gastrodon|spa|1
|
|-heal|p2a: Milotic|58/100|[from] item: Leftovers
|-damage|p1a: Gastrodon|19/100 tox|[from] psn
|upkeep
|turn|49
|
|t:|1625936756
|move|p2a: Milotic|Recover|p2a: Milotic
|-heal|p2a: Milotic|100/100
|move|p1a: Gastrodon|Recover|p1a: Gastrodon
|-heal|p1a: Gastrodon|69/100 tox
|
|-damage|p1a: Gastrodon|57/100 tox|[from] psn
|upkeep
|turn|50
|
|t:|1625936765
|move|p2a: Milotic|Scald|p1a: Gastrodon
|-ability|p1a: Gastrodon|Storm Drain|boost
|-boost|p1a: Gastrodon|spa|1
|move|p1a: Gastrodon|Earth Power|p2a: Milotic
|-damage|p2a: Milotic|58/100
|
|-heal|p2a: Milotic|64/100|[from] item: Leftovers
|-damage|p1a: Gastrodon|39/100 tox|[from] psn
|upkeep
|turn|51
|
|t:|1625936770
|switch|p1a: Togekiss|Togekiss, M|2/100
|move|p2a: Milotic|Recover|p2a: Milotic
|-heal|p2a: Milotic|100/100
|
|upkeep
|turn|52
|
|t:|1625936773
|move|p1a: Togekiss|Roost|p1a: Togekiss
|-heal|p1a: Togekiss|52/100
|-singleturn|p1a: Togekiss|move: Roost
|move|p2a: Milotic|Flip Turn|p1a: Togekiss
|-damage|p1a: Togekiss|39/100
|
|t:|1625936776
|switch|p2a: Ninetales|Ninetales-Alola, M|38/100|[from]move: Flip Turn
|-damage|p2a: Ninetales|14/100|[from] Stealth Rock
|-weather|Hail|[from] ability: Snow Warning|[of] p2a: Ninetales
|
|-weather|Hail|[upkeep]
|-damage|p1a: Togekiss|33/100|[from] Hail
|upkeep
|turn|53
|
|t:|1625936785
|move|p2a: Ninetales|Blizzard|p1a: Togekiss
|-supereffective|p1a: Togekiss
|-damage|p1a: Togekiss|0 fnt
|faint|p1a: Togekiss
|
|-weather|Hail|[upkeep]
|upkeep
|c|☆rult50 mac3 ✝|gg
|
|t:|1625936790
|switch|p1a: Tyrantrum|Tyrantrum, M|5/100
|-damage|p1a: Tyrantrum|0 fnt|[from] Stealth Rock
|faint|p1a: Tyrantrum
|c|☆Lyliath♥|gg
|
|t:|1625936793
|switch|p1a: Gastrodon|Gastrodon, M|39/100 tox
|turn|54
|-message|rult50 mac3 ✝ forfeited.
|
|win|Lyliath♥
|l|☆rult50 mac3 ✝
|raw|rult50 mac3 ✝'s rating: 1497 &rarr; <strong>1481</strong><br />(-16 for losing)
|raw|Lyliath♥'s rating: 1572 &rarr; <strong>1588</strong><br />(+16 for winning)
|l| Prodigezz
||Ladder isn't responding, score probably updated but might not have (Request timeout).
