|j|☆LifeTheGod
|j|☆Glidinganteater
|t:|1622931424
|gametype|singles
|player|p1|LifeTheGod|n|1289
|player|p2|Glidinganteater|palmer|1454
|teamsize|p1|6
|teamsize|p2|6
|gen|8
|tier|[Gen 8] RU
|rated|
|rule|Sleep Clause Mod: Limit one foe put to sleep
|rule|Species Clause: Limit one of each Pokémon
|rule|OHKO Clause: OHKO moves are banned
|rule|Evasion Moves Clause: Evasion moves are banned
|rule|Endless Battle Clause: Forcing endless battles is banned
|rule|HP Percentage Mod: HP is shown in percentages
|rule|Dynamax Clause: You cannot dynamax
|clearpoke
|poke|p1|Zarude|
|poke|p1|Milotic, F|
|poke|p1|Togekiss, F|
|poke|p1|Rhyperior, M|
|poke|p1|Gardevoir, F|
|poke|p1|Raikou|
|poke|p2|Cresselia, F|
|poke|p2|Diancie|
|poke|p2|Cobalion|
|poke|p2|Gastrodon, M|
|poke|p2|Golisopod, M|
|poke|p2|Dhelmise|
|teampreview
|
|t:|1622931431
|start
|switch|p1a: Rhyperior|Rhyperior, M|100/100
|switch|p2a: Golisopod|Golisopod, M|100/100
|turn|1
|
|t:|1622931443
|move|p2a: Golisopod|Knock Off|p1a: Rhyperior
|-damage|p1a: Rhyperior|80/100
|-enditem|p1a: Rhyperior|Leftovers|[from] move: Knock Off|[of] p2a: Golisopod
|move|p1a: Rhyperior|Stone Edge|p2a: Golisopod
|-supereffective|p2a: Golisopod
|-damage|p2a: Golisopod|17/100
|-activate|p2a: Golisopod|ability: Emergency Exit
|
|t:|1622931461
|switch|p2a: Dhelmise|Dhelmise|100/100
|
|upkeep
|turn|2
|l|☆LifeTheGod
|player|p1|
|inactive|Battle timer is ON: inactive players will automatically lose when time's up. (requested by Glidinganteater)
|inactive|LifeTheGod has 30 seconds to reconnect!
|inactive|LifeTheGod has 20 seconds to reconnect!
|inactive|LifeTheGod has 15 seconds to reconnect!
|inactive|LifeTheGod has 10 seconds to reconnect!
|inactive|LifeTheGod has 5 seconds to reconnect!
|j|☆LifeTheGod
|inactive|LifeTheGod reconnected and has 95 seconds left.
|player|p1|LifeTheGod|n
|
|t:|1622931551
|switch|p1a: Zarude|Zarude|100/100
|move|p2a: Dhelmise|Poltergeist|p1a: Zarude
|-activate|p1a: Zarude|move: Poltergeist|Heavy-Duty Boots
|-resisted|p1a: Zarude
|-damage|p1a: Zarude|69/100
|
|upkeep
|turn|3
|
|t:|1622931559
|switch|p2a: Cobalion|Cobalion|100/100
|move|p1a: Zarude|Darkest Lariat|p2a: Cobalion
|-resisted|p2a: Cobalion
|-damage|p2a: Cobalion|82/100
|-damage|p1a: Zarude|53/100|[from] item: Rocky Helmet|[of] p2a: Cobalion
|-ability|p2a: Cobalion|Justified|boost
|-boost|p2a: Cobalion|atk|1
|
|upkeep
|turn|4
|
|t:|1622931570
|switch|p1a: Gardevoir|Gardevoir, F|100/100
|-ability|p1a: Gardevoir|Justified|[from] ability: Trace|[of] p2a: Cobalion
|move|p2a: Cobalion|Iron Head|p1a: Gardevoir
|-supereffective|p1a: Gardevoir
|-damage|p1a: Gardevoir|0 fnt
|faint|p1a: Gardevoir
|
|upkeep
|
|t:|1622931590
|switch|p1a: Raikou|Raikou|100/100
|-ability|p1a: Raikou|Pressure
|turn|5
|
|t:|1622931595
|switch|p2a: Gastrodon|Gastrodon, M|100/100
|move|p1a: Raikou|Aura Sphere|p2a: Gastrodon
|-damage|p2a: Gastrodon|77/100
|
|-heal|p2a: Gastrodon|84/100|[from] item: Leftovers
|upkeep
|turn|6
|
|t:|1622931605
|switch|p1a: Zarude|Zarude|53/100
|move|p2a: Gastrodon|Ice Beam|p1a: Zarude
|-supereffective|p1a: Zarude
|-damage|p1a: Zarude|16/100
|
|-heal|p2a: Gastrodon|90/100|[from] item: Leftovers
|upkeep
|turn|7
|
|t:|1622931614
|switch|p2a: Cobalion|Cobalion|82/100
|move|p1a: Zarude|U-turn|p2a: Cobalion
|-resisted|p2a: Cobalion
|-damage|p2a: Cobalion|77/100
|-damage|p1a: Zarude|0 fnt|[from] item: Rocky Helmet|[of] p2a: Cobalion
|faint|p1a: Zarude
|
|upkeep
|
|t:|1622931626
|switch|p1a: Milotic|Milotic, F|100/100
|turn|8
|
|t:|1622931641
|move|p2a: Cobalion|Volt Switch|p1a: Milotic
|-supereffective|p1a: Milotic
|-damage|p1a: Milotic|81/100
|
|t:|1622931646
|switch|p2a: Dhelmise|Dhelmise|100/100|[from]move: Volt Switch
|move|p1a: Milotic|Scald|p2a: Dhelmise
|-resisted|p2a: Dhelmise
|-damage|p2a: Dhelmise|78/100
|
|upkeep
|turn|9
|
|t:|1622931655
|switch|p1a: Togekiss|Togekiss, F|100/100
|move|p2a: Dhelmise|Poltergeist|p1a: Togekiss
|-activate|p1a: Togekiss|move: Poltergeist|Heavy-Duty Boots
|-damage|p1a: Togekiss|59/100
|
|upkeep
|turn|10
|
|t:|1622931668
|switch|p2a: Diancie|Diancie|100/100
|move|p1a: Togekiss|Roost|p1a: Togekiss
|-heal|p1a: Togekiss|100/100
|-singleturn|p1a: Togekiss|move: Roost
|
|upkeep
|turn|11
|
|t:|1622931675
|move|p1a: Togekiss|Thunder Wave|p2a: Diancie
|-status|p2a: Diancie|par
|cant|p2a: Diancie|par
|
|upkeep
|turn|12
|
|t:|1622931696
|switch|p1a: Milotic|Milotic, F|81/100
|cant|p2a: Diancie|par
|
|upkeep
|turn|13
|l|☆LifeTheGod
|inactive|LifeTheGod disconnected and has a minute to reconnect!
|player|p1|
|j|☆LifeTheGod
|inactive|LifeTheGod reconnected and has 125 seconds left.
|player|p1|LifeTheGod|n
|
|t:|1622931725
|move|p1a: Milotic|Scald|p2a: Diancie
|-supereffective|p2a: Diancie
|-damage|p2a: Diancie|50/100 par
|cant|p2a: Diancie|par
|
|-heal|p2a: Diancie|56/100 par|[from] item: Leftovers
|upkeep
|turn|14
|
|t:|1622931735
|switch|p2a: Dhelmise|Dhelmise|78/100
|move|p1a: Milotic|Scald|p2a: Dhelmise
|-resisted|p2a: Dhelmise
|-damage|p2a: Dhelmise|57/100
|-status|p2a: Dhelmise|brn
|
|-damage|p2a: Dhelmise|51/100 brn|[from] brn
|upkeep
|turn|15
|
|t:|1622931744
|move|p1a: Milotic|Ice Beam|p2a: Dhelmise
|-supereffective|p2a: Dhelmise
|-crit|p2a: Dhelmise
|-damage|p2a: Dhelmise|0 fnt
|faint|p2a: Dhelmise
|
|upkeep
|inactive|Glidinganteater has 120 seconds left.
|
|t:|1622931771
|switch|p2a: Gastrodon|Gastrodon, M|90/100
|turn|16
|
|t:|1622931774
|move|p1a: Milotic|Ice Beam|p2a: Gastrodon
|-damage|p2a: Gastrodon|62/100
|move|p2a: Gastrodon|Toxic|p1a: Milotic
|-status|p1a: Milotic|tox
|
|-heal|p2a: Gastrodon|68/100|[from] item: Leftovers
|-damage|p1a: Milotic|75/100 tox|[from] psn
|upkeep
|turn|17
|inactive|Glidinganteater has 120 seconds left.
|
|t:|1622931802
|move|p1a: Milotic|Rest|p1a: Milotic
|-status|p1a: Milotic|slp|[from] move: Rest
|-heal|p1a: Milotic|100/100 slp|[silent]
|move|p2a: Gastrodon|Recover|p2a: Gastrodon
|-heal|p2a: Gastrodon|100/100
|
|upkeep
|turn|18
|
|t:|1622931809
|switch|p2a: Diancie|Diancie|56/100 par
|cant|p1a: Milotic|slp
|move|p1a: Milotic|Sleep Talk|p1a: Milotic
|move|p1a: Milotic|Rest||[from]move: Sleep Talk|[still]
|-fail|p1a: Milotic
|
|-heal|p2a: Diancie|62/100 par|[from] item: Leftovers
|upkeep
|turn|19
|
|t:|1622931816
|cant|p1a: Milotic|slp
|move|p1a: Milotic|Sleep Talk|p1a: Milotic
|move|p1a: Milotic|Ice Beam|p2a: Diancie|[from]move: Sleep Talk
|-damage|p2a: Diancie|44/100 par
|cant|p2a: Diancie|par
|
|-heal|p2a: Diancie|50/100 par|[from] item: Leftovers
|upkeep
|turn|20
|
|t:|1622931832
|-curestatus|p1a: Milotic|slp|[msg]
|move|p1a: Milotic|Scald|p2a: Diancie
|-supereffective|p2a: Diancie
|-damage|p2a: Diancie|5/100 par
|move|p2a: Diancie|Heal Bell|p2a: Diancie
|-activate|p2a: Diancie|move: Heal Bell
|-curestatus|p2a: Diancie|par|[msg]
|
|-heal|p2a: Diancie|11/100|[from] item: Leftovers
|upkeep
|turn|21
|inactive|Glidinganteater has 120 seconds left.
|
|t:|1622931860
|switch|p2a: Gastrodon|Gastrodon, M|100/100
|move|p1a: Milotic|Scald|p2a: Gastrodon
|-ability|p2a: Gastrodon|Storm Drain|boost
|-boost|p2a: Gastrodon|spa|1
|
|upkeep
|turn|22
|
|t:|1622931866
|move|p1a: Milotic|Ice Beam|p2a: Gastrodon
|-damage|p2a: Gastrodon|73/100
|-status|p2a: Gastrodon|frz
|cant|p2a: Gastrodon|frz
|
|-heal|p2a: Gastrodon|79/100 frz|[from] item: Leftovers
|upkeep
|turn|23
|c|☆Glidinganteater|Omg
|c|☆LifeTheGod|haha
|inactive|Glidinganteater has 120 seconds left.
|
|t:|1622931898
|move|p1a: Milotic|Ice Beam|p2a: Gastrodon
|-damage|p2a: Gastrodon|51/100 frz
|cant|p2a: Gastrodon|frz
|
|-heal|p2a: Gastrodon|57/100 frz|[from] item: Leftovers
|upkeep
|turn|24
|
|t:|1622931919
|switch|p1a: Togekiss|Togekiss, F|100/100
|cant|p2a: Gastrodon|frz
|
|-heal|p2a: Gastrodon|63/100 frz|[from] item: Leftovers
|upkeep
|turn|25
|
|t:|1622931936
|switch|p2a: Diancie|Diancie|11/100
|move|p1a: Togekiss|Air Slash|p2a: Diancie
|-resisted|p2a: Diancie
|-damage|p2a: Diancie|2/100
|
|-heal|p2a: Diancie|8/100|[from] item: Leftovers
|upkeep
|turn|26
|
|t:|1622931946
|move|p1a: Togekiss|Air Slash|p2a: Diancie
|-resisted|p2a: Diancie
|-damage|p2a: Diancie|0 fnt
|faint|p2a: Diancie
|
|upkeep
|
|t:|1622931952
|switch|p2a: Cresselia|Cresselia, F, shiny|100/100
|turn|27
|
|t:|1622931956
|move|p2a: Cresselia|Substitute|p2a: Cresselia
|-start|p2a: Cresselia|Substitute
|-damage|p2a: Cresselia|75/100
|move|p1a: Togekiss|Thunder Wave||[still]
|-fail|p1a: Togekiss
|
|-heal|p2a: Cresselia|82/100|[from] item: Leftovers
|upkeep
|turn|28
|
|t:|1622931965
|switch|p1a: Raikou|Raikou|100/100
|-ability|p1a: Raikou|Pressure
|move|p2a: Cresselia|Calm Mind|p2a: Cresselia
|-boost|p2a: Cresselia|spa|1
|-boost|p2a: Cresselia|spd|1
|
|-heal|p2a: Cresselia|88/100|[from] item: Leftovers
|upkeep
|turn|29
|
|t:|1622931974
|move|p1a: Raikou|Thunderbolt|p2a: Cresselia
|-activate|p2a: Cresselia|move: Substitute|[damage]
|move|p2a: Cresselia|Calm Mind|p2a: Cresselia
|-boost|p2a: Cresselia|spa|1
|-boost|p2a: Cresselia|spd|1
|
|-heal|p2a: Cresselia|94/100|[from] item: Leftovers
|upkeep
|turn|30
|inactive|Glidinganteater has 120 seconds left.
|
|t:|1622931991
|move|p1a: Raikou|Thunderbolt|p2a: Cresselia
|-end|p2a: Cresselia|Substitute
|move|p2a: Cresselia|Calm Mind|p2a: Cresselia
|-boost|p2a: Cresselia|spa|1
|-boost|p2a: Cresselia|spd|1
|
|-heal|p2a: Cresselia|99/100|[from] item: Leftovers
|upkeep
|turn|31
|
|t:|1622932002
|move|p1a: Raikou|Scald|p2a: Cresselia
|-damage|p2a: Cresselia|93/100
|move|p2a: Cresselia|Substitute|p2a: Cresselia
|-start|p2a: Cresselia|Substitute
|-damage|p2a: Cresselia|68/100
|
|-heal|p2a: Cresselia|74/100|[from] item: Leftovers
|upkeep
|turn|32
|
|t:|1622932016
|switch|p1a: Milotic|Milotic, F|100/100
|move|p2a: Cresselia|Calm Mind|p2a: Cresselia
|-boost|p2a: Cresselia|spa|1
|-boost|p2a: Cresselia|spd|1
|
|-heal|p2a: Cresselia|80/100|[from] item: Leftovers
|upkeep
|turn|33
|
|t:|1622932028
|move|p2a: Cresselia|Calm Mind|p2a: Cresselia
|-boost|p2a: Cresselia|spa|1
|-boost|p2a: Cresselia|spd|1
|move|p1a: Milotic|Scald|p2a: Cresselia
|-activate|p2a: Cresselia|move: Substitute|[damage]
|
|-heal|p2a: Cresselia|86/100|[from] item: Leftovers
|upkeep
|turn|34
|
|t:|1622932037
|move|p2a: Cresselia|Calm Mind|p2a: Cresselia
|-boost|p2a: Cresselia|spa|1
|-boost|p2a: Cresselia|spd|1
|move|p1a: Milotic|Scald|p2a: Cresselia
|-activate|p2a: Cresselia|move: Substitute|[damage]
|
|-heal|p2a: Cresselia|93/100|[from] item: Leftovers
|upkeep
|turn|35
|
|t:|1622932045
|move|p2a: Cresselia|Stored Power|p1a: Milotic
|-damage|p1a: Milotic|0 fnt
|faint|p1a: Milotic
|
|-heal|p2a: Cresselia|99/100|[from] item: Leftovers
|upkeep
|c|☆Glidinganteater|Gg
|
|t:|1622932060
|switch|p1a: Raikou|Raikou|100/100
|-ability|p1a: Raikou|Pressure
|turn|36
|
|t:|1622932064
|move|p1a: Raikou|Thunderbolt|p2a: Cresselia
|-activate|p2a: Cresselia|move: Substitute|[damage]
|move|p2a: Cresselia|Stored Power|p1a: Raikou
|-damage|p1a: Raikou|0 fnt
|faint|p1a: Raikou
|
|-heal|p2a: Cresselia|100/100|[from] item: Leftovers
|upkeep
|
|t:|1622932072
|switch|p1a: Togekiss|Togekiss, F|100/100
|turn|37
|
|t:|1622932076
|move|p2a: Cresselia|Stored Power|p1a: Togekiss
|-damage|p1a: Togekiss|0 fnt
|faint|p1a: Togekiss
|
|upkeep
|
|t:|1622932081
|switch|p1a: Rhyperior|Rhyperior, M|80/100
|turn|38
|
|t:|1622932084
|move|p2a: Cresselia|Stored Power|p1a: Rhyperior
|-crit|p1a: Rhyperior
|-damage|p1a: Rhyperior|0 fnt
|faint|p1a: Rhyperior
|
|win|Glidinganteater
|raw|LifeTheGod's rating: 1289 &rarr; <strong>1275</strong><br />(-14 for losing)
|raw|Glidinganteater's rating: 1454 &rarr; <strong>1465</strong><br />(+11 for winning)
|c|☆LifeTheGod|noooo
|l|☆LifeTheGod
|c|☆Glidinganteater|Lol
