|j|☆yOuRwElCoMeThAnk
|j|☆its oyster time
|inactive|Battle timer is ON: inactive players will automatically lose when time's up.
|t:|1658157207
|gametype|singles
|player|p1|yOuRwElCoMeThAnk|hiker-gen4|
|player|p2|its oyster time|volkner|
|teamsize|p1|6
|teamsize|p2|6
|gen|8
|tier|[Gen 8] RU
|rated|Tournament battle
|rule|Sleep Clause Mod: Limit one foe put to sleep
|rule|Species Clause: Limit one of each Pokémon
|rule|OHKO Clause: OHKO moves are banned
|rule|Evasion Moves Clause: Evasion moves are banned
|rule|Endless Battle Clause: Forcing endless battles is banned
|rule|HP Percentage Mod: HP is shown in percentages
|rule|Dynamax Clause: You cannot dynamax
|clearpoke
|poke|p1|Entei|
|poke|p1|Tsareena, F|
|poke|p1|Heracross, M|
|poke|p1|Steelix, M|
|poke|p1|Gardevoir, M|
|poke|p1|Sharpedo, F|
|poke|p2|Abomasnow, F|
|poke|p2|Aurorus, M|
|poke|p2|Sharpedo, F|
|poke|p2|Gardevoir, M|
|poke|p2|Arctovish|
|poke|p2|Flygon, F|
|teampreview
|inactive|its oyster time also wants the timer to be on.
|j|@lord death man
|inactive|its oyster time has 120 seconds left.
|
|t:|1658157246
|start
|switch|p1a: Tsareena|Tsareena, F|100/100
|switch|p2a: Arctovish|Arctovish|100/100
|turn|1
|
|t:|1658157265
|switch|p2a: Abomasnow|Abomasnow, F|100/100
|-weather|Hail|[from] ability: Snow Warning|[of] p2a: Abomasnow
|move|p1a: Tsareena|Knock Off|p2a: Abomasnow
|-damage|p2a: Abomasnow|58/100
|-enditem|p2a: Abomasnow|Heavy-Duty Boots|[from] move: Knock Off|[of] p1a: Tsareena
|
|-weather|Hail|[upkeep]
|-damage|p1a: Tsareena|95/100|[from] Hail
|upkeep
|turn|2
|
|t:|1658157282
|switch|p1a: Entei|Entei|100/100
|-ability|p1a: Entei|Pressure
|move|p2a: Abomasnow|Swords Dance|p2a: Abomasnow
|-boost|p2a: Abomasnow|atk|2
|
|-weather|Hail|[upkeep]
|-damage|p1a: Entei|94/100|[from] Hail
|-heal|p1a: Entei|100/100|[from] item: Leftovers
|upkeep
|turn|3
|
|t:|1658157291
|switch|p2a: Aurorus|Aurorus, M|100/100
|move|p1a: Entei|Lava Plume|p2a: Aurorus
|-damage|p2a: Aurorus|75/100
|
|-weather|Hail|[upkeep]
|-damage|p1a: Entei|94/100|[from] Hail
|-heal|p1a: Entei|100/100|[from] item: Leftovers
|upkeep
|turn|4
|
|t:|1658157306
|move|p1a: Entei|Calm Mind|p1a: Entei
|-boost|p1a: Entei|spa|1
|-boost|p1a: Entei|spd|1
|move|p2a: Aurorus|Stealth Rock|p1a: Entei
|-sidestart|p1: yOuRwElCoMeThAnk|move: Stealth Rock
|
|-weather|Hail|[upkeep]
|-damage|p1a: Entei|94/100|[from] Hail
|-heal|p1a: Entei|100/100|[from] item: Leftovers
|upkeep
|turn|5
|
|t:|1658157311
|move|p1a: Entei|Lava Plume|p2a: Aurorus
|-damage|p2a: Aurorus|37/100
|-status|p2a: Aurorus|brn
|move|p2a: Aurorus|Encore|p1a: Entei
|-start|p1a: Entei|Encore
|
|-weather|none
|-damage|p2a: Aurorus|30/100 brn|[from] brn
|upkeep
|turn|6
|
|t:|1658157329
|switch|p2a: Flygon|Flygon, F|100/100
|move|p1a: Entei|Lava Plume|p2a: Flygon
|-resisted|p2a: Flygon
|-damage|p2a: Flygon|71/100
|
|upkeep
|turn|7
|
|t:|1658157338
|switch|p1a: Heracross|Heracross, M|100/100
|move|p2a: Flygon|Dragon Dance|p2a: Flygon
|-boost|p2a: Flygon|atk|1
|-boost|p2a: Flygon|spe|1
|
|upkeep
|turn|8
|
|t:|1658157345
|move|p2a: Flygon|Stone Edge|p1a: Heracross|[miss]
|-miss|p2a: Flygon|p1a: Heracross
|move|p1a: Heracross|Close Combat|p2a: Flygon
|-damage|p2a: Flygon|0 fnt
|-unboost|p1a: Heracross|def|1
|-unboost|p1a: Heracross|spd|1
|faint|p2a: Flygon
|
|upkeep
|
|t:|1658157349
|switch|p2a: Gardevoir|Gardevoir, M|100/100
|-ability|p2a: Gardevoir|Guts|[from] ability: Trace|[of] p1a: Heracross
|turn|9
|
|t:|1658157355
|switch|p1a: Steelix|Steelix, M|100/100
|-damage|p1a: Steelix|97/100|[from] Stealth Rock
|move|p2a: Gardevoir|Moonblast|p1a: Steelix
|-resisted|p1a: Steelix
|-damage|p1a: Steelix|75/100
|-unboost|p1a: Steelix|spa|1
|
|-heal|p1a: Steelix|82/100|[from] item: Leftovers
|upkeep
|turn|10
|
|t:|1658157363
|switch|p2a: Arctovish|Arctovish|100/100
|move|p1a: Steelix|Stealth Rock|p2a: Arctovish
|-sidestart|p2: its oyster time|move: Stealth Rock
|
|-heal|p1a: Steelix|88/100|[from] item: Leftovers
|upkeep
|turn|11
|
|t:|1658157379
|switch|p1a: Tsareena|Tsareena, F|95/100
|-damage|p1a: Tsareena|82/100|[from] Stealth Rock
|move|p2a: Arctovish|Fishious Rend|p1a: Tsareena
|-resisted|p1a: Tsareena
|-damage|p1a: Tsareena|24/100
|-damage|p2a: Arctovish|91/100|[from] item: Life Orb
|
|upkeep
|turn|12
|
|t:|1658157390
|switch|p2a: Abomasnow|Abomasnow, F|58/100
|-damage|p2a: Abomasnow|33/100|[from] Stealth Rock
|-weather|Hail|[from] ability: Snow Warning|[of] p2a: Abomasnow
|move|p1a: Tsareena|Rapid Spin|p2a: Abomasnow
|-damage|p2a: Abomasnow|12/100
|-boost|p1a: Tsareena|spe|1
|-sideend|p1: yOuRwElCoMeThAnk|Stealth Rock|[from] move: Rapid Spin|[of] p1a: Tsareena
|
|-weather|Hail|[upkeep]
|-damage|p1a: Tsareena|18/100|[from] Hail
|upkeep
|turn|13
|
|t:|1658157400
|move|p1a: Tsareena|Rapid Spin|p2a: Abomasnow
|-damage|p2a: Abomasnow|0 fnt
|-boost|p1a: Tsareena|spe|1
|faint|p2a: Abomasnow
|
|-weather|Hail|[upkeep]
|-damage|p1a: Tsareena|12/100|[from] Hail
|upkeep
|
|t:|1658157406
|switch|p2a: Gardevoir|Gardevoir, M|100/100
|-damage|p2a: Gardevoir|88/100|[from] Stealth Rock
|-ability|p2a: Gardevoir|Queenly Majesty|[from] ability: Trace|[of] p1a: Tsareena
|turn|14
|
|t:|1658157410
|move|p1a: Tsareena|Power Whip|p2a: Gardevoir
|-damage|p2a: Gardevoir|0 fnt
|faint|p2a: Gardevoir
|
|-weather|Hail|[upkeep]
|-damage|p1a: Tsareena|6/100|[from] Hail
|upkeep
|
|t:|1658157414
|switch|p2a: Sharpedo|Sharpedo, F|100/100
|-damage|p2a: Sharpedo|88/100|[from] Stealth Rock
|turn|15
|
|t:|1658157423
|move|p2a: Sharpedo|Protect|p2a: Sharpedo
|-singleturn|p2a: Sharpedo|Protect
|move|p1a: Tsareena|Rapid Spin|p2a: Sharpedo
|-activate|p2a: Sharpedo|move: Protect
|
|-weather|Hail|[upkeep]
|-damage|p1a: Tsareena|0 fnt|[from] Hail
|-damage|p2a: Sharpedo|82/100|[from] Hail
|faint|p1a: Tsareena
|-ability|p2a: Sharpedo|Speed Boost|boost
|-boost|p2a: Sharpedo|spe|1
|upkeep
|
|t:|1658157430
|switch|p1a: Heracross|Heracross, M|100/100
|turn|16
|
|t:|1658157439
|move|p2a: Sharpedo|Hydro Pump|p1a: Heracross
|-damage|p1a: Heracross|18/100
|-damage|p2a: Sharpedo|72/100|[from] item: Life Orb
|move|p1a: Heracross|Close Combat|p2a: Sharpedo
|-supereffective|p2a: Sharpedo
|-damage|p2a: Sharpedo|0 fnt
|-unboost|p1a: Heracross|def|1
|-unboost|p1a: Heracross|spd|1
|faint|p2a: Sharpedo
|
|-weather|none
|upkeep
|
|t:|1658157443
|switch|p2a: Aurorus|Aurorus, M|30/100 brn
|-damage|p2a: Aurorus|6/100 brn|[from] Stealth Rock
|-weather|Hail|[from] ability: Snow Warning|[of] p2a: Aurorus
|turn|17
|
|t:|1658157448
|move|p1a: Heracross|Close Combat|p2a: Aurorus
|-supereffective|p2a: Aurorus
|-damage|p2a: Aurorus|0 fnt
|-unboost|p1a: Heracross|def|1
|-unboost|p1a: Heracross|spd|1
|faint|p2a: Aurorus
|
|-weather|Hail|[upkeep]
|-damage|p1a: Heracross|12/100|[from] Hail
|upkeep
|
|t:|1658157450
|switch|p2a: Arctovish|Arctovish|91/100
|-damage|p2a: Arctovish|66/100|[from] Stealth Rock
|turn|18
|
|t:|1658157454
|move|p2a: Arctovish|Fishious Rend|p1a: Heracross
|-damage|p1a: Heracross|0 fnt
|faint|p1a: Heracross
|-damage|p2a: Arctovish|56/100|[from] item: Life Orb
|
|-weather|Hail|[upkeep]
|upkeep
|
|t:|1658157464
|switch|p1a: Steelix|Steelix, M|88/100
|turn|19
|
|t:|1658157466
|move|p2a: Arctovish|Fishious Rend|p1a: Steelix
|-supereffective|p1a: Steelix
|-damage|p1a: Steelix|0 fnt
|faint|p1a: Steelix
|-damage|p2a: Arctovish|46/100|[from] item: Life Orb
|
|-weather|Hail|[upkeep]
|upkeep
|
|t:|1658157469
|switch|p1a: Gardevoir|Gardevoir, M, shiny|100/100
|-ability|p1a: Gardevoir|Slush Rush|[from] ability: Trace|[of] p2a: Arctovish
|turn|20
|c|☆its oyster time|gg
|
|t:|1658157473
|move|p1a: Gardevoir|Moonblast|p2a: Arctovish
|-damage|p2a: Arctovish|0 fnt
|faint|p2a: Arctovish
|
|win|yOuRwElCoMeThAnk
|n|☆yOuRwElCoMeThAnk|yourwelcomethank
|n|☆its oyster time|itsoystertime
|n|+lord death man|lorddeathman
