|j|☆Enter Pls
|j|☆Bbcdp
|player|p1|Enter Pls|koga|1500
|player|p2|Bbcdp|156|1193
|teamsize|p1|6
|teamsize|p2|6
|gametype|singles
|gen|8
|tier|[Gen 8] RU
|rated|
|clearpoke
|poke|p1|Drapion, M|
|poke|p1|Vikavolt, M|
|poke|p1|Rillaboom, M|
|poke|p1|Whimsicott, F|
|poke|p1|Vaporeon, F|
|poke|p1|Runerigus, F|
|poke|p2|Rillaboom, F|
|poke|p2|Vaporeon, M|
|poke|p2|Charizard, M|
|poke|p2|Steelix, F|
|poke|p2|Raichu-Alola, F|
|poke|p2|Toxicroak, M|
|rule|Sleep Clause Mod: Limit one foe put to sleep
|rule|Species Clause: Limit one of each Pokémon
|rule|OHKO Clause: OHKO moves are banned
|rule|Evasion Moves Clause: Evasion moves are banned
|rule|Endless Battle Clause: Forcing endless battles is banned
|rule|HP Percentage Mod: HP is shown in percentages
|rule|Dynamax Clause: You cannot dynamax
|teampreview
|inactive|Battle timer is ON: inactive players will automatically lose when time's up. (requested by Enter Pls)
|
|start
|switch|p1a: Vikavolt|Vikavolt, M|100/100
|switch|p2a: Steelix|Steelix, F|100/100
|turn|1
|j| nM_SAVAGE
|inactive|Bbcdp has 120 seconds left.
|
|move|p1a: Vikavolt|Sticky Web|p2a: Steelix
|-sidestart|p2: Bbcdp|move: Sticky Web
|move|p2a: Steelix|Head Smash|p1a: Vikavolt
|-supereffective|p1a: Vikavolt
|-damage|p1a: Vikavolt|29/100
|
|upkeep
|turn|2
|
|switch|p1a: Runerigus|Runerigus, F|100/100
|move|p2a: Steelix|Head Smash|p1a: Runerigus|[miss]
|-miss|p2a: Steelix|p1a: Runerigus
|
|upkeep
|turn|3
|
|move|p2a: Steelix|Stealth Rock|p1a: Runerigus
|-sidestart|p1: Enter Pls|move: Stealth Rock
|move|p1a: Runerigus|Will-O-Wisp|p2a: Steelix
|-status|p2a: Steelix|brn
|
|-damage|p2a: Steelix|94/100 brn|[from] brn
|upkeep
|turn|4
|
|switch|p2a: Charizard|Charizard, M|100/100
|move|p1a: Runerigus|Stealth Rock|p2a: Charizard
|-sidestart|p2: Bbcdp|move: Stealth Rock
|
|upkeep
|turn|5
|
|switch|p1a: Vaporeon|Vaporeon, F|100/100
|-damage|p1a: Vaporeon|88/100|[from] Stealth Rock
|move|p2a: Charizard|Toxic|p1a: Vaporeon
|-status|p1a: Vaporeon|tox
|
|-heal|p1a: Vaporeon|94/100 tox|[from] item: Leftovers
|-damage|p1a: Vaporeon|88/100 tox|[from] psn
|upkeep
|turn|6
|
|switch|p2a: Toxicroak|Toxicroak, M, shiny|100/100
|-damage|p2a: Toxicroak|94/100|[from] Stealth Rock
|-activate|p2a: Toxicroak|move: Sticky Web
|-unboost|p2a: Toxicroak|spe|1
|move|p1a: Vaporeon|Toxic|p2a: Toxicroak
|-immune|p2a: Toxicroak
|
|-heal|p1a: Vaporeon|94/100 tox|[from] item: Leftovers
|-damage|p1a: Vaporeon|82/100 tox|[from] psn
|upkeep
|turn|7
|
|switch|p1a: Runerigus|Runerigus, F|100/100
|-damage|p1a: Runerigus|94/100|[from] Stealth Rock
|move|p2a: Toxicroak|Knock Off|p1a: Runerigus
|-supereffective|p1a: Runerigus
|-damage|p1a: Runerigus|45/100
|-activate|p1a: Runerigus|ability: Wandering Spirit|Dry Skin|Wandering Spirit|[of] p2a: Toxicroak
|-enditem|p1a: Runerigus|Leftovers|[from] move: Knock Off|[of] p2a: Toxicroak
|
|upkeep
|turn|8
|
|switch|p2a: Charizard|Charizard, M|100/100
|switch|p1a: Whimsicott|Whimsicott, F|100/100
|-damage|p1a: Whimsicott|88/100|[from] Stealth Rock
|
|upkeep
|turn|9
|
|move|p1a: Whimsicott|Switcheroo|p2a: Charizard
|-activate|p1a: Whimsicott|move: Trick|[of] p2a: Charizard
|-item|p2a: Charizard|Choice Specs|[from] move: Switcheroo
|-item|p1a: Whimsicott|Heavy-Duty Boots|[from] move: Switcheroo
|move|p2a: Charizard|Flamethrower|p1a: Whimsicott
|-supereffective|p1a: Whimsicott
|-damage|p1a: Whimsicott|0 fnt
|faint|p1a: Whimsicott
|
|upkeep
|
|switch|p1a: Vaporeon|Vaporeon, F|82/100 tox
|-damage|p1a: Vaporeon|69/100 tox|[from] Stealth Rock
|turn|10
|
|switch|p2a: Toxicroak|Toxicroak, M, shiny|94/100
|-damage|p2a: Toxicroak|88/100|[from] Stealth Rock
|-activate|p2a: Toxicroak|move: Sticky Web
|-unboost|p2a: Toxicroak|spe|1
|move|p1a: Vaporeon|Wish|p1a: Vaporeon
|
|-heal|p1a: Vaporeon|75/100 tox|[from] item: Leftovers
|-damage|p1a: Vaporeon|69/100 tox|[from] psn
|upkeep
|turn|11
|
|switch|p1a: Runerigus|Runerigus, F|45/100
|-damage|p1a: Runerigus|39/100|[from] Stealth Rock
|move|p2a: Toxicroak|Knock Off|p1a: Runerigus
|-supereffective|p1a: Runerigus
|-damage|p1a: Runerigus|5/100
|-activate|p1a: Runerigus|ability: Wandering Spirit|Dry Skin|Wandering Spirit|[of] p2a: Toxicroak
|
|-heal|p1a: Runerigus|78/100|[from] move: Wish|[wisher] Vaporeon
|upkeep
|turn|12
|
|switch|p2a: Charizard|Charizard, M|100/100
|-damage|p2a: Charizard|51/100|[from] Stealth Rock
|move|p1a: Runerigus|Earthquake|p2a: Charizard
|-immune|p2a: Charizard
|
|upkeep
|turn|13
|
|switch|p1a: Vikavolt|Vikavolt, M|29/100
|move|p2a: Charizard|Defog|p1a: Vikavolt
|-unboost|p1a: Vikavolt|evasion|1
|-sideend|p1: Enter Pls|Stealth Rock|[from] move: Defog|[of] p2a: Charizard
|-sideend|p2: Bbcdp|Stealth Rock|[from] move: Defog|[of] p2a: Charizard
|-sideend|p2: Bbcdp|Sticky Web|[from] move: Defog|[of] p2a: Charizard
|
|upkeep
|turn|14
|
|switch|p2a: Rillaboom|Rillaboom, F|100/100
|-fieldstart|move: Grassy Terrain|[from] ability: Grassy Surge|[of] p2a: Rillaboom
|move|p1a: Vikavolt|Roost|p1a: Vikavolt
|-heal|p1a: Vikavolt|79/100
|-singleturn|p1a: Vikavolt|move: Roost
|
|upkeep
|turn|15
|
|move|p2a: Rillaboom|Acrobatics|p1a: Vikavolt
|-damage|p1a: Vikavolt|35/100
|move|p1a: Vikavolt|Bug Buzz|p2a: Rillaboom
|-supereffective|p2a: Rillaboom
|-damage|p2a: Rillaboom|0 fnt
|faint|p2a: Rillaboom
|
|upkeep
|
|switch|p2a: Toxicroak|Toxicroak, M, shiny|88/100
|turn|16
|
|switch|p1a: Runerigus|Runerigus, F|78/100
|move|p2a: Toxicroak|Gunk Shot|p1a: Runerigus
|-resisted|p1a: Runerigus
|-damage|p1a: Runerigus|68/100
|
|-heal|p2a: Toxicroak|94/100|[from] Grassy Terrain
|-heal|p1a: Runerigus|75/100|[from] Grassy Terrain
|upkeep
|turn|17
|
|switch|p2a: Vaporeon|Vaporeon, M|100/100
|move|p1a: Runerigus|Stealth Rock|p2a: Vaporeon
|-sidestart|p2: Bbcdp|move: Stealth Rock
|
|-heal|p1a: Runerigus|81/100|[from] Grassy Terrain
|upkeep
|turn|18
|
|switch|p1a: Vikavolt|Vikavolt, M|35/100
|move|p2a: Vaporeon|Heal Bell|p2a: Vaporeon
|-activate|p2a: Vaporeon|move: Heal Bell
|-curestatus|p2: Steelix|brn|[msg]
|
|-fieldend|move: Grassy Terrain
|upkeep
|turn|19
|
|switch|p2a: Charizard|Charizard, M|51/100
|-damage|p2a: Charizard|1/100|[from] Stealth Rock
|move|p1a: Vikavolt|Roost|p1a: Vikavolt
|-heal|p1a: Vikavolt|85/100
|-singleturn|p1a: Vikavolt|move: Roost
|
|upkeep
|turn|20
|
|switch|p1a: Vaporeon|Vaporeon, F|69/100 tox
|move|p2a: Charizard|Defog|p1a: Vaporeon
|-unboost|p1a: Vaporeon|evasion|1
|-sideend|p2: Bbcdp|Stealth Rock|[from] move: Defog|[of] p2a: Charizard
|
|-heal|p1a: Vaporeon|75/100 tox|[from] item: Leftovers
|-damage|p1a: Vaporeon|69/100 tox|[from] psn
|upkeep
|turn|21
|
|switch|p2a: Toxicroak|Toxicroak, M, shiny|94/100
|switch|p1a: Runerigus|Runerigus, F|81/100
|
|upkeep
|turn|22
|
|move|p2a: Toxicroak|Knock Off|p1a: Runerigus
|-supereffective|p1a: Runerigus
|-damage|p1a: Runerigus|50/100
|-activate|p1a: Runerigus|ability: Wandering Spirit|Dry Skin|Wandering Spirit|[of] p2a: Toxicroak
|move|p1a: Runerigus|Stealth Rock|p2a: Toxicroak
|-sidestart|p2: Bbcdp|move: Stealth Rock
|
|upkeep
|turn|23
|
|move|p2a: Toxicroak|Knock Off|p1a: Runerigus
|-supereffective|p1a: Runerigus
|-damage|p1a: Runerigus|18/100
|move|p1a: Runerigus|Earthquake|p2a: Toxicroak
|-supereffective|p2a: Toxicroak
|-damage|p2a: Toxicroak|0 fnt
|faint|p2a: Toxicroak
|
|upkeep
|
|switch|p2a: Raichu|Raichu-Alola, F|100/100
|-damage|p2a: Raichu|88/100|[from] Stealth Rock
|turn|24
|
|move|p2a: Raichu|Surf|p1a: Runerigus
|-heal|p1a: Runerigus|43/100|[from] ability: Dry Skin|[of] p2a: Raichu
|move|p1a: Runerigus|Earthquake|p2a: Raichu
|-supereffective|p2a: Raichu
|-damage|p2a: Raichu|0 fnt
|faint|p2a: Raichu
|
|upkeep
|c|☆Enter Pls|lol
|-message|Bbcdp forfeited.
|
|win|Enter Pls
|l|☆Bbcdp
