|j|☆Holiday_Ougi
|j|☆stoward
|t:|1618485425
|gametype|singles
|player|p1|Holiday_Ougi|2|1191
|player|p2|stoward|evelyn|1494
|teamsize|p1|6
|teamsize|p2|6
|gen|8
|tier|[Gen 8] RU
|rated|
|clearpoke
|poke|p1|Politoed, M|
|poke|p1|Barraskewda, F|
|poke|p1|Sharpedo, F|
|poke|p1|Rotom-Mow|
|poke|p1|Kingdra, M|
|poke|p1|Seismitoad, F|
|poke|p2|Suicune|
|poke|p2|Weezing-Galar, M|
|poke|p2|Umbreon, F|
|poke|p2|Mienshao, M|
|poke|p2|Steelix, M|
|poke|p2|Xatu, F|
|rule|Sleep Clause Mod: Limit one foe put to sleep
|rule|Species Clause: Limit one of each Pokémon
|rule|OHKO Clause: OHKO moves are banned
|rule|Evasion Moves Clause: Evasion moves are banned
|rule|Endless Battle Clause: Forcing endless battles is banned
|rule|HP Percentage Mod: HP is shown in percentages
|rule|Dynamax Clause: You cannot dynamax
|teampreview
|c|☆stoward|hf
|c|☆Holiday_Ougi|gl hf!
|
|t:|1618485452
|start
|switch|p1a: Politoed|Politoed, M|100/100
|switch|p2a: Weezing|Weezing-Galar, M|100/100
|-ability|p2a: Weezing|Neutralizing Gas
|turn|1
|
|t:|1618485472
|switch|p1a: Seismitoad|Seismitoad, F|100/100
|move|p2a: Weezing|Toxic Spikes|p1a: Seismitoad
|-sidestart|p1: Holiday_Ougi|move: Toxic Spikes
|
|upkeep
|turn|2
|
|t:|1618485478
|-end|p2a: Weezing|ability: Neutralizing Gas
|switch|p2a: Xatu|Xatu, F|100/100
|move|p1a: Seismitoad|Earth Power|p2a: Xatu
|-immune|p2a: Xatu
|
|upkeep
|turn|3
|
|t:|1618485486
|switch|p1a: Politoed|Politoed, M|100/100
|-status|p1a: Politoed|psn
|-weather|RainDance|[from] ability: Drizzle|[of] p1a: Politoed
|move|p2a: Xatu|Grass Knot|p1a: Politoed
|-supereffective|p1a: Politoed
|-damage|p1a: Politoed|75/100 psn
|
|-weather|RainDance|[upkeep]
|-damage|p1a: Politoed|62/100 psn|[from] psn
|upkeep
|turn|4
|
|t:|1618485501
|switch|p2a: Suicune|Suicune|100/100
|-ability|p2a: Suicune|Pressure
|move|p1a: Politoed|Ice Beam|p2a: Suicune
|-resisted|p2a: Suicune
|-damage|p2a: Suicune|94/100
|
|-weather|RainDance|[upkeep]
|-heal|p2a: Suicune|99/100|[from] item: Leftovers
|-damage|p1a: Politoed|50/100 psn|[from] psn
|upkeep
|turn|5
|
|t:|1618485512
|switch|p1a: Rotom|Rotom-Mow|100/100
|move|p2a: Suicune|Calm Mind|p2a: Suicune
|-boost|p2a: Suicune|spa|1
|-boost|p2a: Suicune|spd|1
|
|-weather|RainDance|[upkeep]
|-heal|p2a: Suicune|100/100|[from] item: Leftovers
|upkeep
|turn|6
|
|t:|1618485519
|switch|p2a: Weezing|Weezing-Galar, M|100/100
|-ability|p2a: Weezing|Neutralizing Gas
|move|p1a: Rotom|Leaf Storm|p2a: Weezing
|-resisted|p2a: Weezing
|-damage|p2a: Weezing|60/100
|-unboost|p1a: Rotom|spa|2
|
|-weather|RainDance|[upkeep]
|-heal|p2a: Weezing|66/100|[from] item: Black Sludge
|upkeep
|turn|7
|
|t:|1618485531
|switch|p1a: Seismitoad|Seismitoad, F|100/100
|-status|p1a: Seismitoad|psn
|move|p2a: Weezing|Toxic Spikes|p1a: Seismitoad
|-sidestart|p1: Holiday_Ougi|move: Toxic Spikes
|
|-weather|RainDance|[upkeep]
|-heal|p2a: Weezing|72/100|[from] item: Black Sludge
|-damage|p1a: Seismitoad|88/100 psn|[from] psn
|upkeep
|turn|8
|inactive|Battle timer is ON: inactive players will automatically lose when time's up. (requested by stoward)
|
|t:|1618485540
|-end|p2a: Weezing|ability: Neutralizing Gas
|switch|p2a: Suicune|Suicune|100/100
|-ability|p2a: Suicune|Pressure
|move|p1a: Seismitoad|Weather Ball|p2a: Suicune
|-resisted|p2a: Suicune
|-damage|p2a: Suicune|68/100
|-damage|p1a: Seismitoad|78/100 psn|[from] item: Life Orb
|
|-weather|RainDance|[upkeep]
|-heal|p2a: Suicune|74/100|[from] item: Leftovers
|-damage|p1a: Seismitoad|66/100 psn|[from] psn
|upkeep
|turn|9
|
|t:|1618485551
|move|p1a: Seismitoad|Power Whip|p2a: Suicune
|-supereffective|p2a: Suicune
|-damage|p2a: Suicune|35/100
|-damage|p1a: Seismitoad|56/100 psn|[from] item: Life Orb
|move|p2a: Suicune|Calm Mind|p2a: Suicune
|-boost|p2a: Suicune|spa|1
|-boost|p2a: Suicune|spd|1
|
|-weather|RainDance|[upkeep]
|-heal|p2a: Suicune|41/100|[from] item: Leftovers
|-damage|p1a: Seismitoad|44/100 psn|[from] psn
|upkeep
|turn|10
|
|t:|1618485563
|move|p1a: Seismitoad|Power Whip|p2a: Suicune
|-supereffective|p2a: Suicune
|-damage|p2a: Suicune|5/100
|-damage|p1a: Seismitoad|34/100 psn|[from] item: Life Orb
|move|p2a: Suicune|Rest|p2a: Suicune
|-status|p2a: Suicune|slp|[from] move: Rest
|-heal|p2a: Suicune|100/100 slp|[silent]
|
|-weather|none
|-damage|p1a: Seismitoad|22/100 psn|[from] psn
|upkeep
|turn|11
|
|t:|1618485575
|switch|p1a: Rotom|Rotom-Mow|100/100
|switch|p2a: Xatu|Xatu, F|100/100
|
|upkeep
|turn|12
|
|t:|1618485580
|switch|p2a: Umbreon|Umbreon, F, shiny|100/100
|move|p1a: Rotom|Volt Switch|p2a: Umbreon
|-damage|p2a: Umbreon|85/100
|
|t:|1618485586
|switch|p1a: Politoed|Politoed, M|50/100 psn|[from]move: Volt Switch
|-weather|RainDance|[from] ability: Drizzle|[of] p1a: Politoed
|
|-weather|RainDance|[upkeep]
|-heal|p2a: Umbreon|91/100|[from] item: Leftovers
|-damage|p1a: Politoed|37/100 psn|[from] psn
|upkeep
|turn|13
|
|t:|1618485594
|move|p1a: Politoed|Encore||[still]
|-fail|p1a: Politoed
|move|p2a: Umbreon|Wish|p2a: Umbreon
|
|-weather|RainDance|[upkeep]
|-heal|p2a: Umbreon|97/100|[from] item: Leftovers
|-damage|p1a: Politoed|25/100 psn|[from] psn
|upkeep
|turn|14
|
|t:|1618485602
|switch|p1a: Rotom|Rotom-Mow|100/100
|switch|p2a: Weezing|Weezing-Galar, M|72/100
|-ability|p2a: Weezing|Neutralizing Gas
|
|-weather|RainDance|[upkeep]
|-heal|p2a: Weezing|100/100|[from] move: Wish|[wisher] Umbreon
|upkeep
|turn|15
|
|t:|1618485614
|move|p1a: Rotom|Thunder|p2a: Weezing
|-damage|p2a: Weezing|34/100
|-status|p2a: Weezing|par
|cant|p2a: Weezing|par
|
|-weather|RainDance|[upkeep]
|-heal|p2a: Weezing|40/100 par|[from] item: Black Sludge
|upkeep
|turn|16
|
|t:|1618485624
|-end|p2a: Weezing|ability: Neutralizing Gas
|switch|p2a: Steelix|Steelix, M|100/100
|move|p1a: Rotom|Thunder|p2a: Steelix
|-immune|p2a: Steelix
|
|-weather|RainDance|[upkeep]
|upkeep
|turn|17
|
|t:|1618485633
|switch|p1a: Seismitoad|Seismitoad, F|22/100 psn
|move|p2a: Steelix|Stealth Rock|p1a: Seismitoad
|-sidestart|p1: Holiday_Ougi|move: Stealth Rock
|
|-weather|RainDance|[upkeep]
|-damage|p1a: Seismitoad|9/100 psn|[from] psn
|upkeep
|turn|18
|
|t:|1618485642
|switch|p2a: Umbreon|Umbreon, F, shiny|97/100
|move|p1a: Seismitoad|Power Whip|p2a: Umbreon
|-damage|p2a: Umbreon|69/100
|-damage|p1a: Seismitoad|0 fnt|[from] item: Life Orb
|faint|p1a: Seismitoad
|
|-weather|RainDance|[upkeep]
|-heal|p2a: Umbreon|75/100|[from] item: Leftovers
|upkeep
|
|t:|1618485652
|switch|p1a: Barraskewda|Barraskewda, F|100/100
|-damage|p1a: Barraskewda|88/100|[from] Stealth Rock
|-status|p1a: Barraskewda|tox
|turn|19
|
|t:|1618485657
|move|p2a: Umbreon|Protect|p2a: Umbreon
|-singleturn|p2a: Umbreon|Protect
|move|p1a: Barraskewda|Close Combat|p2a: Umbreon
|-activate|p2a: Umbreon|move: Protect
|
|-weather|none
|-heal|p2a: Umbreon|81/100|[from] item: Leftovers
|-damage|p1a: Barraskewda|82/100 tox|[from] psn
|upkeep
|turn|20
|j| Nfnk if n d
|
|t:|1618485666
|switch|p2a: Xatu|Xatu, F|100/100
|move|p1a: Barraskewda|Liquidation|p2a: Xatu
|-damage|p2a: Xatu|43/100
|-damage|p1a: Barraskewda|66/100 tox|[from] item: Rocky Helmet|[of] p2a: Xatu
|-damage|p1a: Barraskewda|56/100 tox|[from] item: Life Orb
|
|-damage|p1a: Barraskewda|44/100 tox|[from] psn
|upkeep
|turn|21
|
|t:|1618485675
|switch|p2a: Suicune|Suicune|100/100 slp
|-ability|p2a: Suicune|Pressure
|move|p1a: Barraskewda|Flip Turn|p2a: Suicune
|-resisted|p2a: Suicune
|-damage|p2a: Suicune|89/100 slp
|-damage|p1a: Barraskewda|34/100 tox|[from] item: Life Orb
|
|t:|1618485684
|switch|p1a: Politoed|Politoed, M|25/100 psn|[from]move: Flip Turn
|-damage|p1a: Politoed|12/100 psn|[from] Stealth Rock
|-weather|RainDance|[from] ability: Drizzle|[of] p1a: Politoed
|
|-weather|RainDance|[upkeep]
|-heal|p2a: Suicune|95/100 slp|[from] item: Leftovers
|-damage|p1a: Politoed|0 fnt|[from] psn
|faint|p1a: Politoed
|upkeep
|
|t:|1618485694
|switch|p1a: Rotom|Rotom-Mow|100/100
|-damage|p1a: Rotom|88/100|[from] Stealth Rock
|turn|22
|
|t:|1618485699
|switch|p2a: Weezing|Weezing-Galar, M|40/100 par
|-ability|p2a: Weezing|Neutralizing Gas
|move|p1a: Rotom|Trick|p2a: Weezing
|-activate|p1a: Rotom|move: Trick|[of] p2a: Weezing
|-item|p2a: Weezing|Choice Scarf|[from] move: Trick
|-item|p1a: Rotom|Black Sludge|[from] move: Trick
|
|-weather|RainDance|[upkeep]
|-damage|p1a: Rotom|76/100|[from] item: Black Sludge
|upkeep
|turn|23
|
|t:|1618485709
|-end|p2a: Weezing|ability: Neutralizing Gas
|switch|p2a: Steelix|Steelix, M|100/100
|move|p1a: Rotom|Leaf Storm|p2a: Steelix
|-damage|p2a: Steelix|49/100
|-unboost|p1a: Rotom|spa|2
|
|-weather|RainDance|[upkeep]
|-damage|p1a: Rotom|63/100|[from] item: Black Sludge
|-heal|p2a: Steelix|56/100|[from] item: Leftovers
|upkeep
|turn|24
|
|t:|1618485719
|switch|p2a: Weezing|Weezing-Galar, M|40/100 par
|-ability|p2a: Weezing|Neutralizing Gas
|move|p1a: Rotom|Leaf Storm|p2a: Weezing
|-resisted|p2a: Weezing
|-damage|p2a: Weezing|21/100 par
|-unboost|p1a: Rotom|spa|2
|
|-weather|RainDance|[upkeep]
|-damage|p1a: Rotom|51/100|[from] item: Black Sludge
|upkeep
|turn|25
|
|t:|1618485730
|move|p1a: Rotom|Volt Switch|p2a: Weezing
|-damage|p2a: Weezing|6/100 par
|
|t:|1618485734
|switch|p1a: Barraskewda|Barraskewda, F|34/100 tox|[from]move: Volt Switch
|-damage|p1a: Barraskewda|22/100 tox|[from] Stealth Rock
|move|p2a: Weezing|Sludge Bomb|p1a: Barraskewda
|-damage|p1a: Barraskewda|0 fnt
|faint|p1a: Barraskewda
|
|-weather|RainDance|[upkeep]
|upkeep
|
|t:|1618485742
|switch|p1a: Sharpedo|Sharpedo, F|100/100
|-damage|p1a: Sharpedo|88/100|[from] Stealth Rock
|-status|p1a: Sharpedo|tox
|turn|26
|
|t:|1618485752
|move|p1a: Sharpedo|Waterfall|p2a: Weezing
|-damage|p2a: Weezing|0 fnt
|-damage|p1a: Sharpedo|78/100 tox|[from] item: Life Orb
|faint|p2a: Weezing
|-end|p2a: Weezing|ability: Neutralizing Gas
|
|-weather|RainDance|[upkeep]
|-damage|p1a: Sharpedo|72/100 tox|[from] psn
|-ability|p1a: Sharpedo|Speed Boost|boost
|-boost|p1a: Sharpedo|spe|1
|upkeep
|
|t:|1618485763
|switch|p2a: Suicune|Suicune|95/100 slp
|-ability|p2a: Suicune|Pressure
|turn|27
|
|t:|1618485771
|switch|p1a: Rotom|Rotom-Mow|51/100
|-damage|p1a: Rotom|38/100|[from] Stealth Rock
|cant|p2a: Suicune|slp
|
|-weather|RainDance|[upkeep]
|-damage|p1a: Rotom|26/100|[from] item: Black Sludge
|-heal|p2a: Suicune|100/100 slp|[from] item: Leftovers
|upkeep
|turn|28
|
|t:|1618485784
|switch|p2a: Steelix|Steelix, M|56/100
|move|p1a: Rotom|Trick|p2a: Steelix
|-activate|p1a: Rotom|move: Trick|[of] p2a: Steelix
|-item|p2a: Steelix|Black Sludge|[from] move: Trick
|-item|p1a: Rotom|Leftovers|[from] move: Trick
|
|-weather|none
|-heal|p1a: Rotom|32/100|[from] item: Leftovers
|-damage|p2a: Steelix|43/100|[from] item: Black Sludge
|upkeep
|turn|29
|
|t:|1618485794
|move|p1a: Rotom|Leaf Storm|p2a: Steelix
|-damage|p2a: Steelix|0 fnt
|-unboost|p1a: Rotom|spa|2
|faint|p2a: Steelix
|
|-heal|p1a: Rotom|38/100|[from] item: Leftovers
|upkeep
|
|t:|1618485798
|switch|p2a: Mienshao|Mienshao, M|100/100
|turn|30
|
|t:|1618485805
|move|p2a: Mienshao|U-turn|p1a: Rotom
|-supereffective|p1a: Rotom
|-crit|p1a: Rotom
|-damage|p1a: Rotom|0 fnt
|faint|p1a: Rotom
|
|t:|1618485810
|switch|p2a: Umbreon|Umbreon, F, shiny|81/100|[from]move: U-turn
|
|-heal|p2a: Umbreon|87/100|[from] item: Leftovers
|upkeep
|
|t:|1618485815
|switch|p1a: Sharpedo|Sharpedo, F|72/100 tox
|-damage|p1a: Sharpedo|60/100 tox|[from] Stealth Rock
|turn|31
|
|t:|1618485823
|move|p1a: Sharpedo|Protect|p1a: Sharpedo
|-singleturn|p1a: Sharpedo|Protect
|move|p2a: Umbreon|Protect||[still]
|-fail|p2a: Umbreon
|
|-heal|p2a: Umbreon|93/100|[from] item: Leftovers
|-damage|p1a: Sharpedo|54/100 tox|[from] psn
|-ability|p1a: Sharpedo|Speed Boost|boost
|-boost|p1a: Sharpedo|spe|1
|upkeep
|turn|32
|
|t:|1618485831
|switch|p2a: Xatu|Xatu, F|43/100
|move|p1a: Sharpedo|Close Combat|p2a: Xatu
|-resisted|p2a: Xatu
|-damage|p2a: Xatu|31/100
|-unboost|p1a: Sharpedo|def|1
|-unboost|p1a: Sharpedo|spd|1
|-damage|p1a: Sharpedo|37/100 tox|[from] item: Rocky Helmet|[of] p2a: Xatu
|-damage|p1a: Sharpedo|27/100 tox|[from] item: Life Orb
|
|-damage|p1a: Sharpedo|15/100 tox|[from] psn
|-ability|p1a: Sharpedo|Speed Boost|boost
|-boost|p1a: Sharpedo|spe|1
|upkeep
|turn|33
|c|☆stoward|gg
|-message|Holiday_Ougi forfeited.
|
|win|stoward
|raw|Holiday_Ougi's rating: 1191 &rarr; <strong>1184</strong><br />(-7 for losing)
|raw|stoward's rating: 1494 &rarr; <strong>1500</strong><br />(+6 for winning)
|l|☆Holiday_Ougi
