|j|☆fckmerunning
|j|☆brandon barber
|t:|1655443770
|gametype|singles
|player|p1|fckmerunning|twins-gen2|1260
|player|p2|brandon barber|brock|1501
|teamsize|p1|6
|teamsize|p2|6
|gen|8
|tier|[Gen 8] RU
|rated|
|rule|Sleep Clause Mod: Limit one foe put to sleep
|rule|Species Clause: Limit one of each Pokémon
|rule|OHKO Clause: OHKO moves are banned
|rule|Evasion Moves Clause: Evasion moves are banned
|rule|Endless Battle Clause: Forcing endless battles is banned
|rule|HP Percentage Mod: HP is shown in percentages
|rule|Dynamax Clause: You cannot dynamax
|clearpoke
|poke|p1|Sharpedo, M|
|poke|p1|Xurkitree|
|poke|p1|Celebi|
|poke|p1|Flygon, F|
|poke|p1|Metagross|
|poke|p1|Raikou|
|poke|p2|Aerodactyl, F|
|poke|p2|Pincurchin, M|
|poke|p2|Espeon, M|
|poke|p2|Xurkitree|
|poke|p2|Raichu-Alola, F|
|poke|p2|Sceptile, F|
|teampreview
|
|t:|1655443785
|start
|switch|p1a: Xurkitree|Xurkitree|100/100
|switch|p2a: Aerodactyl|Aerodactyl, F|100/100
|-ability|p2a: Aerodactyl|Unnerve
|turn|1
|
|t:|1655443791
|move|p1a: Xurkitree|Volt Switch|p2a: Aerodactyl
|-supereffective|p2a: Aerodactyl
|-enditem|p2a: Aerodactyl|Focus Sash
|-damage|p2a: Aerodactyl|1/100
|
|t:|1655443794
|switch|p1a: Metagross|Metagross|100/100|[from]move: Volt Switch
|move|p2a: Aerodactyl|Stealth Rock|p1a: Metagross
|-sidestart|p1: fckmerunning|move: Stealth Rock
|
|upkeep
|turn|2
|
|t:|1655443797
|switch|p2a: Pincurchin|Pincurchin, M|100/100
|-fieldstart|move: Electric Terrain|[from] ability: Electric Surge|[of] p2a: Pincurchin
|move|p1a: Metagross|Bullet Punch|p2a: Pincurchin
|-resisted|p2a: Pincurchin
|-damage|p2a: Pincurchin|91/100
|
|upkeep
|turn|3
|
|t:|1655443801
|move|p1a: Metagross|Earthquake|p2a: Pincurchin
|-supereffective|p2a: Pincurchin
|-damage|p2a: Pincurchin|35/100
|move|p2a: Pincurchin|Spikes|p1a: Metagross
|-sidestart|p1: fckmerunning|Spikes
|
|upkeep
|turn|4
|
|t:|1655443812
|switch|p1a: Flygon|Flygon, F|100/100
|-damage|p1a: Flygon|95/100|[from] Stealth Rock
|switch|p2a: Aerodactyl|Aerodactyl, F|1/100
|-ability|p2a: Aerodactyl|Unnerve
|
|-heal|p1a: Flygon|100/100|[from] item: Leftovers
|upkeep
|turn|5
|
|t:|1655443818
|move|p2a: Aerodactyl|Dual Wingbeat|p1a: Flygon
|-damage|p1a: Flygon|77/100
|-damage|p1a: Flygon|53/100
|-hitcount|p1a: Flygon|2
|move|p1a: Flygon|Dragon Dance|p1a: Flygon
|-boost|p1a: Flygon|atk|1
|-boost|p1a: Flygon|spe|1
|
|-heal|p1a: Flygon|59/100|[from] item: Leftovers
|upkeep
|turn|6
|
|t:|1655443822
|move|p1a: Flygon|Dragon Dance|p1a: Flygon
|-boost|p1a: Flygon|atk|1
|-boost|p1a: Flygon|spe|1
|move|p2a: Aerodactyl|Dual Wingbeat|p1a: Flygon
|-damage|p1a: Flygon|32/100
|-damage|p1a: Flygon|9/100
|-hitcount|p1a: Flygon|2
|
|-heal|p1a: Flygon|15/100|[from] item: Leftovers
|upkeep
|turn|7
|
|t:|1655443826
|move|p1a: Flygon|Dragon Claw|p2a: Aerodactyl
|-damage|p2a: Aerodactyl|0 fnt
|faint|p2a: Aerodactyl
|
|-heal|p1a: Flygon|21/100|[from] item: Leftovers
|upkeep
|
|t:|1655443828
|switch|p2a: Raichu|Raichu-Alola, F|100/100
|turn|8
|
|t:|1655443831
|switch|p1a: Celebi|Celebi|100/100
|move|p2a: Raichu|Psychic|p1a: Celebi
|-resisted|p1a: Celebi
|-damage|p1a: Celebi|77/100
|-damage|p2a: Raichu|91/100|[from] item: Life Orb
|
|upkeep
|turn|9
|
|t:|1655443834
|move|p2a: Raichu|Nasty Plot|p2a: Raichu
|-boost|p2a: Raichu|spa|2
|move|p1a: Celebi|U-turn|p2a: Raichu
|-supereffective|p2a: Raichu
|-damage|p2a: Raichu|25/100
|
|t:|1655443836
|switch|p1a: Metagross|Metagross|100/100|[from]move: U-turn
|-damage|p1a: Metagross|95/100|[from] Stealth Rock
|-damage|p1a: Metagross|82/100|[from] Spikes
|
|-fieldend|move: Electric Terrain
|upkeep
|turn|10
|
|t:|1655443841
|move|p1a: Metagross|Bullet Punch|p2a: Raichu
|-resisted|p2a: Raichu
|-damage|p2a: Raichu|0 fnt
|faint|p2a: Raichu
|
|upkeep
|
|t:|1655443845
|switch|p2a: Pincurchin|Pincurchin, M|35/100
|-fieldstart|move: Electric Terrain|[from] ability: Electric Surge|[of] p2a: Pincurchin
|turn|11
|
|t:|1655443850
|switch|p2a: Espeon|Espeon, M|100/100
|-enditem|p2a: Espeon|Electric Seed
|-boost|p2a: Espeon|def|1|[from] item: Electric Seed
|move|p1a: Metagross|Earthquake|p2a: Espeon
|-damage|p2a: Espeon|51/100
|
|upkeep
|turn|12
|
|t:|1655443854
|move|p2a: Espeon|Morning Sun|p2a: Espeon
|-heal|p2a: Espeon|100/100
|move|p1a: Metagross|Meteor Mash|p2a: Espeon|[miss]
|-miss|p1a: Metagross|p2a: Espeon
|
|upkeep
|turn|13
|
|t:|1655443856
|move|p2a: Espeon|Calm Mind|p2a: Espeon
|-boost|p2a: Espeon|spa|1
|-boost|p2a: Espeon|spd|1
|move|p1a: Metagross|Meteor Mash|p2a: Espeon
|-damage|p2a: Espeon|38/100
|
|upkeep
|turn|14
|
|t:|1655443858
|move|p2a: Espeon|Morning Sun|p2a: Espeon
|-heal|p2a: Espeon|88/100
|move|p1a: Metagross|Meteor Mash|p2a: Espeon
|-damage|p2a: Espeon|30/100
|
|upkeep
|turn|15
|
|t:|1655443863
|move|p2a: Espeon|Morning Sun|p2a: Espeon
|-heal|p2a: Espeon|80/100
|move|p1a: Metagross|Meteor Mash|p2a: Espeon
|-damage|p2a: Espeon|17/100
|
|upkeep
|turn|16
|
|t:|1655443865
|move|p2a: Espeon|Stored Power|p1a: Metagross
|-resisted|p1a: Metagross
|-damage|p1a: Metagross|64/100
|move|p1a: Metagross|Meteor Mash|p2a: Espeon
|-damage|p2a: Espeon|0 fnt
|faint|p2a: Espeon
|
|upkeep
|
|t:|1655443867
|switch|p2a: Xurkitree|Xurkitree|100/100
|turn|17
|
|t:|1655443869
|move|p2a: Xurkitree|Rising Voltage|p1a: Metagross
|-hint|Rising Voltage's BP doubled on grounded target.
|-damage|p1a: Metagross|0 fnt
|faint|p1a: Metagross
|-ability|p2a: Xurkitree|Beast Boost|boost
|-boost|p2a: Xurkitree|spa|1
|
|upkeep
|
|t:|1655443874
|switch|p1a: Flygon|Flygon, F|21/100
|-damage|p1a: Flygon|15/100|[from] Stealth Rock
|turn|18
|
|t:|1655443877
|switch|p2a: Sceptile|Sceptile, F|100/100
|-enditem|p2a: Sceptile|Electric Seed
|-boost|p2a: Sceptile|def|1|[from] item: Electric Seed
|move|p1a: Flygon|Earthquake|p2a: Sceptile
|-resisted|p2a: Sceptile
|-damage|p2a: Sceptile|73/100
|
|-heal|p1a: Flygon|21/100|[from] item: Leftovers
|-fieldend|move: Electric Terrain
|upkeep
|turn|19
|
|t:|1655443881
|move|p2a: Sceptile|Swords Dance|p2a: Sceptile
|-boost|p2a: Sceptile|atk|2
|move|p1a: Flygon|U-turn|p2a: Sceptile
|-supereffective|p2a: Sceptile
|-damage|p2a: Sceptile|25/100
|
|t:|1655443890
|switch|p1a: Celebi|Celebi|77/100|[from]move: U-turn
|
|upkeep
|turn|20
|
|t:|1655443893
|move|p2a: Sceptile|Acrobatics|p1a: Celebi
|-supereffective|p1a: Celebi
|-damage|p1a: Celebi|0 fnt
|faint|p1a: Celebi
|
|upkeep
|
|t:|1655443896
|switch|p1a: Sharpedo|Sharpedo, M|100/100
|-damage|p1a: Sharpedo|88/100|[from] Stealth Rock
|-damage|p1a: Sharpedo|76/100|[from] Spikes
|turn|21
|
|t:|1655443898
|move|p1a: Sharpedo|Protect|p1a: Sharpedo
|-singleturn|p1a: Sharpedo|Protect
|move|p2a: Sceptile|Leaf Blade|p1a: Sharpedo
|-activate|p1a: Sharpedo|move: Protect
|
|-ability|p1a: Sharpedo|Speed Boost|boost
|-boost|p1a: Sharpedo|spe|1
|upkeep
|turn|22
|
|t:|1655443902
|move|p2a: Sceptile|Leaf Blade|p1a: Sharpedo
|-supereffective|p1a: Sharpedo
|-damage|p1a: Sharpedo|0 fnt
|faint|p1a: Sharpedo
|
|upkeep
|
|t:|1655443904
|switch|p1a: Xurkitree|Xurkitree|100/100
|-damage|p1a: Xurkitree|88/100|[from] Stealth Rock
|-damage|p1a: Xurkitree|76/100|[from] Spikes
|turn|23
|
|t:|1655443906
|move|p2a: Sceptile|Earthquake|p1a: Xurkitree
|-supereffective|p1a: Xurkitree
|-damage|p1a: Xurkitree|0 fnt
|faint|p1a: Xurkitree
|
|upkeep
|
|t:|1655443908
|switch|p1a: Flygon|Flygon, F|21/100
|-damage|p1a: Flygon|15/100|[from] Stealth Rock
|turn|24
|-message|fckmerunning forfeited.
|
|win|brandon barber
|raw|fckmerunning's rating: 1260 &rarr; <strong>1249</strong><br />(-11 for losing)
|raw|brandon barber's rating: 1475 &rarr; <strong>1484</strong><br />(+9 for winning)
|l|☆fckmerunning
