|j|☆KesslerMacGrath
|j|☆zeeLitium
|t:|1660859086
|gametype|singles
|player|p1|KesslerMacGrath|unknown|1300
|player|p2|zeeLitium|sonia-masters|1520
|teamsize|p1|6
|teamsize|p2|6
|gen|8
|tier|[Gen 8] RU
|rated|
|rule|Sleep Clause Mod: Limit one foe put to sleep
|rule|Species Clause: Limit one of each Pokémon
|rule|OHKO Clause: OHKO moves are banned
|rule|Evasion Items Clause: Evasion items are banned
|rule|Evasion Moves Clause: Evasion moves are banned
|rule|Endless Battle Clause: Forcing endless battles is banned
|rule|HP Percentage Mod: HP is shown in percentages
|rule|Dynamax Clause: You cannot dynamax
|clearpoke
|poke|p1|Flygon, F|
|poke|p1|Sneasel, F|
|poke|p1|Sigilyph, M|
|poke|p1|Registeel|
|poke|p1|Xurkitree|
|poke|p1|Milotic, F|
|poke|p2|Dhelmise|
|poke|p2|Gastrodon, M|
|poke|p2|Umbreon, M|
|poke|p2|Bewear, F|
|poke|p2|Registeel|
|poke|p2|Noivern, M|
|teampreview
|inactive|Battle timer is ON: inactive players will automatically lose when time's up. (requested by KesslerMacGrath)
|c|☆KesslerMacGrath|wtf
|c|☆KesslerMacGrath|1520
|c|☆KesslerMacGrath|showdown is so mean sometimes
|inactive|zeeLitium has 120 seconds left.
|c|☆zeeLitium|i'm playing for literally 6 hours streak
|c|☆zeeLitium|to recover my elo
|c|☆zeeLitium|i was with 1570 elo at top 7
|c|☆KesslerMacGrath|D:
|c|☆KesslerMacGrath|you're godly
|
|t:|1660859143
|start
|switch|p1a: LC Uber|Sneasel, F, shiny|100/100
|switch|p2a: Registeel|Registeel|100/100
|turn|1
|c|☆KesslerMacGrath|i should just forfeit ngl LOL
|c|☆zeeLitium|lmao
|
|t:|1660859164
|switch|p1a: Paldean Gyrados|Milotic, F, shiny|100/100
|move|p2a: Registeel|Stealth Rock|p1a: Paldean Gyrados
|-sidestart|p1: KesslerMacGrath|move: Stealth Rock
|
|-status|p1a: Paldean Gyrados|brn|[from] item: Flame Orb
|upkeep
|turn|2
|c|☆KesslerMacGrath|tfw the opponent doesn't lead with noivern :(
|
|t:|1660859177
|switch|p2a: Umbreon|Umbreon, M, shiny|100/100
|move|p1a: Paldean Gyrados|Toxic||[still]
|-status|p2a: Umbreon|tox
|-activate|p2a: Umbreon|ability: Synchronize
|-fail|p2a: Umbreon
|
|-damage|p2a: Umbreon|94/100 tox|[from] psn
|-damage|p1a: Paldean Gyrados|94/100 brn|[from] brn
|upkeep
|turn|3
|
|t:|1660859185
|switch|p1a: N|Sigilyph, M, shiny|100/100
|switch|p2a: Dhelmise|Dhelmise, shiny|100/100
|
|upkeep
|turn|4
|
|t:|1660859190
|move|p1a: N|Defog|p2a: Dhelmise
|-unboost|p2a: Dhelmise|evasion|1
|-sideend|p1: KesslerMacGrath|Stealth Rock|[from] move: Defog|[of] p1a: N
|move|p2a: Dhelmise|Poltergeist||[still]
|-fail|p2a: Dhelmise
|
|upkeep
|turn|5
|c|☆zeeLitium|interesting
|c|☆zeeLitium|no item]
|c|☆KesslerMacGrath|yes
|c|☆KesslerMacGrath|i hate dhelmise and marowak
|
|t:|1660859209
|switch|p1a: LC Uber|Sneasel, F, shiny|100/100
|switch|p2a: Umbreon|Umbreon, M, shiny|94/100 tox
|
|-damage|p2a: Umbreon|88/100 tox|[from] psn
|upkeep
|turn|6
|
|t:|1660859221
|switch|p2a: Registeel|Registeel|100/100
|-singleturn|p1a: LC Uber|move: Focus Punch
|move|p1a: LC Uber|Focus Punch|p2a: Registeel
|-supereffective|p2a: Registeel
|-damage|p2a: Registeel|8/100
|
|-heal|p2a: Registeel|14/100|[from] item: Leftovers
|upkeep
|turn|7
|c|☆zeeLitium|marowak runs shadow bone sometimes
|
|t:|1660859235
|switch|p1a: Lando|Flygon, F, shiny|100/100
|switch|p2a: Gastrodon|Gastrodon, M|100/100
|
|upkeep
|turn|8
|c|☆KesslerMacGrath|yea ik
|c|☆KesslerMacGrath|my sigi isn't really supposed to deal with him
|c|☆KesslerMacGrath|thats only if my other check is dead
|
|t:|1660859257
|move|p1a: Lando|U-turn|p2a: Gastrodon
|-damage|p2a: Gastrodon|85/100
|
|t:|1660859261
|switch|p1a: Haywire|Xurkitree, shiny|100/100|[from]move: U-turn
|move|p2a: Gastrodon|Ice Beam|p1a: Haywire
|-damage|p1a: Haywire|72/100
|
|upkeep
|turn|9
|
|t:|1660859268
|switch|p2a: Dhelmise|Dhelmise, shiny|100/100
|move|p1a: Haywire|Energy Ball|p2a: Dhelmise
|-resisted|p2a: Dhelmise
|-damage|p2a: Dhelmise|79/100
|
|upkeep
|turn|10
|
|t:|1660859285
|switch|p1a: Minecraft Golem|Registeel, shiny|100/100
|switch|p2a: Registeel|Registeel|14/100
|
|-heal|p2a: Registeel|20/100|[from] item: Leftovers
|upkeep
|turn|11
|c|☆KesslerMacGrath|brother
|
|t:|1660859296
|switch|p2a: Dhelmise|Dhelmise, shiny|79/100
|move|p1a: Minecraft Golem|Body Press|p2a: Dhelmise
|-immune|p2a: Dhelmise
|
|upkeep
|turn|12
|c|☆KesslerMacGrath|aw
|
|t:|1660859306
|move|p2a: Dhelmise|Poltergeist|p1a: Minecraft Golem
|-activate|p1a: Minecraft Golem|move: Poltergeist|Leftovers
|-damage|p1a: Minecraft Golem|62/100
|move|p1a: Minecraft Golem|Curse|p1a: Minecraft Golem
|-unboost|p1a: Minecraft Golem|spe|1
|-boost|p1a: Minecraft Golem|atk|1
|-boost|p1a: Minecraft Golem|def|1
|
|-heal|p1a: Minecraft Golem|68/100|[from] item: Leftovers
|upkeep
|turn|13
|
|t:|1660859314
|switch|p2a: Bewear|Bewear, F|100/100
|move|p1a: Minecraft Golem|Curse|p1a: Minecraft Golem
|-unboost|p1a: Minecraft Golem|spe|1
|-boost|p1a: Minecraft Golem|atk|1
|-boost|p1a: Minecraft Golem|def|1
|
|-heal|p1a: Minecraft Golem|74/100|[from] item: Leftovers
|upkeep
|turn|14
|
|t:|1660859322
|move|p2a: Bewear|Close Combat|p1a: Minecraft Golem
|-supereffective|p1a: Minecraft Golem
|-damage|p1a: Minecraft Golem|16/100
|-unboost|p2a: Bewear|def|1
|-unboost|p2a: Bewear|spd|1
|move|p1a: Minecraft Golem|Body Press|p2a: Bewear
|-supereffective|p2a: Bewear
|-damage|p2a: Bewear|18/100
|
|-heal|p1a: Minecraft Golem|22/100|[from] item: Leftovers
|upkeep
|turn|15
|
|t:|1660859329
|switch|p1a: N|Sigilyph, M, shiny|100/100
|move|p2a: Bewear|Close Combat|p1a: N
|-resisted|p1a: N
|-damage|p1a: N|79/100
|-unboost|p2a: Bewear|def|1
|-unboost|p2a: Bewear|spd|1
|
|upkeep
|turn|16
|c|☆KesslerMacGrath|i hate the teddy bear
|
|t:|1660859335
|switch|p2a: Umbreon|Umbreon, M, shiny|88/100 tox
|move|p1a: N|Psychic|p2a: Umbreon
|-immune|p2a: Umbreon
|
|-damage|p2a: Umbreon|82/100 tox|[from] psn
|upkeep
|turn|17
|c|☆zeeLitium|fluffy is so op
|c|☆zeeLitium|guess i would have lost there
|
|t:|1660859349
|switch|p1a: Paldean Gyrados|Milotic, F, shiny|94/100 brn
|move|p2a: Umbreon|Heal Bell|p2a: Umbreon
|-activate|p2a: Umbreon|move: Heal Bell
|-curestatus|p2a: Umbreon|tox|[msg]
|
|-damage|p1a: Paldean Gyrados|88/100 brn|[from] brn
|upkeep
|turn|18
|
|t:|1660859352
|move|p1a: Paldean Gyrados|Scald|p2a: Umbreon
|-damage|p2a: Umbreon|69/100
|-status|p2a: Umbreon|brn
|-activate|p2a: Umbreon|ability: Synchronize
|-fail|p1a: Paldean Gyrados|brn
|move|p2a: Umbreon|Wish|p2a: Umbreon
|
|-damage|p1a: Paldean Gyrados|82/100 brn|[from] brn
|-damage|p2a: Umbreon|62/100 brn|[from] brn
|upkeep
|turn|19
|
|t:|1660859358
|switch|p2a: Registeel|Registeel|20/100
|move|p1a: Paldean Gyrados|Scald|p2a: Registeel
|-damage|p2a: Registeel|7/100
|
|-heal|p2a: Registeel|61/100|[from] move: Wish|[wisher] Umbreon
|-heal|p2a: Registeel|67/100|[from] item: Leftovers
|-damage|p1a: Paldean Gyrados|76/100 brn|[from] brn
|upkeep
|turn|20
|
|t:|1660859364
|move|p1a: Paldean Gyrados|Scald|p2a: Registeel
|-damage|p2a: Registeel|53/100
|move|p2a: Registeel|Stealth Rock|p1a: Paldean Gyrados
|-sidestart|p1: KesslerMacGrath|move: Stealth Rock
|
|-heal|p2a: Registeel|59/100|[from] item: Leftovers
|-damage|p1a: Paldean Gyrados|70/100 brn|[from] brn
|upkeep
|turn|21
|
|t:|1660859369
|switch|p2a: Umbreon|Umbreon, M, shiny|62/100 brn
|move|p1a: Paldean Gyrados|Toxic||[still]
|-fail|p1a: Paldean Gyrados
|
|-damage|p1a: Paldean Gyrados|64/100 brn|[from] brn
|-damage|p2a: Umbreon|56/100 brn|[from] brn
|upkeep
|turn|22
|
|t:|1660859371
|switch|p1a: N|Sigilyph, M, shiny|79/100
|move|p2a: Umbreon|Heal Bell|p2a: Umbreon
|-activate|p2a: Umbreon|move: Heal Bell
|-curestatus|p2a: Umbreon|brn|[msg]
|
|upkeep
|turn|23
|
|t:|1660859375
|move|p1a: N|Defog|p2a: Umbreon
|-unboost|p2a: Umbreon|evasion|1
|-sideend|p1: KesslerMacGrath|Stealth Rock|[from] move: Defog|[of] p1a: N
|move|p2a: Umbreon|Wish|p2a: Umbreon
|
|upkeep
|turn|24
|
|t:|1660859382
|move|p1a: N|Thunder Wave|p2a: Umbreon
|-status|p2a: Umbreon|par
|-activate|p2a: Umbreon|ability: Synchronize
|-status|p1a: N|par
|cant|p2a: Umbreon|par
|
|-heal|p2a: Umbreon|100/100 par|[from] move: Wish|[wisher] Umbreon
|upkeep
|turn|25
|c|☆KesslerMacGrath|uh oh
|
|t:|1660859389
|move|p1a: N|Thunder Wave|p2a: Umbreon
|-fail|p2a: Umbreon|par
|move|p2a: Umbreon|Heal Bell|p2a: Umbreon
|-activate|p2a: Umbreon|move: Heal Bell
|-curestatus|p2a: Umbreon|par|[msg]
|
|upkeep
|turn|26
|c|☆KesslerMacGrath|not good
|c|☆KesslerMacGrath|allow the steamroll to commence
|c|☆zeeLitium|no heal bell support
|c|☆zeeLitium|f
|
|t:|1660859416
|move|p2a: Umbreon|Wish|p2a: Umbreon
|move|p1a: N|Thunder Wave|p2a: Umbreon
|-status|p2a: Umbreon|par
|-activate|p2a: Umbreon|ability: Synchronize
|-fail|p1a: N|par
|
|upkeep
|turn|27
|
|t:|1660859428
|switch|p2a: Dhelmise|Dhelmise, shiny|79/100
|cant|p1a: N|par
|
|-heal|p2a: Dhelmise|100/100|[from] move: Wish|[wisher] Umbreon
|upkeep
|turn|28
|c|☆KesslerMacGrath|can't compromise my milotics defensive intergrity yenno
|
|t:|1660859439
|switch|p1a: LC Uber|Sneasel, F, shiny|100/100
|switch|p2a: Umbreon|Umbreon, M, shiny|100/100 par
|
|upkeep
|turn|29
|
|t:|1660859448
|switch|p2a: Gastrodon|Gastrodon, M|85/100
|move|p1a: LC Uber|Knock Off|p2a: Gastrodon
|-damage|p2a: Gastrodon|34/100
|-enditem|p2a: Gastrodon|Heavy-Duty Boots|[from] move: Knock Off|[of] p1a: LC Uber
|
|upkeep
|turn|30
|
|t:|1660859461
|switch|p2a: Umbreon|Umbreon, M, shiny|100/100 par
|move|p1a: LC Uber|Knock Off|p2a: Umbreon
|-resisted|p2a: Umbreon
|-damage|p2a: Umbreon|74/100 par
|-enditem|p2a: Umbreon|Heavy-Duty Boots|[from] move: Knock Off|[of] p1a: LC Uber
|
|upkeep
|turn|31
|c|☆KesslerMacGrath|wow i actually predicted properly for once
|
|t:|1660859471
|switch|p1a: Minecraft Golem|Registeel, shiny|22/100
|cant|p2a: Umbreon|par
|
|-heal|p1a: Minecraft Golem|28/100|[from] item: Leftovers
|upkeep
|turn|32
|c|☆zeeLitium|that was a good read
|c|☆KesslerMacGrath|ty
|
|t:|1660859485
|move|p1a: Minecraft Golem|Rest|p1a: Minecraft Golem
|-status|p1a: Minecraft Golem|slp|[from] move: Rest
|-heal|p1a: Minecraft Golem|100/100 slp|[silent]
|move|p2a: Umbreon|Heal Bell|p2a: Umbreon
|-activate|p2a: Umbreon|move: Heal Bell
|-curestatus|p2a: Umbreon|par|[msg]
|
|upkeep
|turn|33
|
|t:|1660859491
|switch|p1a: LC Uber|Sneasel, F, shiny|100/100
|move|p2a: Umbreon|Wish|p2a: Umbreon
|
|upkeep
|turn|34
|
|t:|1660859498
|switch|p1a: Minecraft Golem|Registeel, shiny|100/100 slp
|move|p2a: Umbreon|Protect||[still]
|-fail|p2a: Umbreon
|
|-heal|p2a: Umbreon|100/100|[from] move: Wish|[wisher] Umbreon
|upkeep
|turn|35
|
|t:|1660859501
|move|p2a: Umbreon|Wish|p2a: Umbreon
|cant|p1a: Minecraft Golem|slp
|
|upkeep
|turn|36
|
|t:|1660859506
|switch|p2a: Bewear|Bewear, F|18/100
|cant|p1a: Minecraft Golem|slp
|
|-heal|p2a: Bewear|70/100|[from] move: Wish|[wisher] Umbreon
|upkeep
|turn|37
|
|t:|1660859518
|switch|p1a: Paldean Gyrados|Milotic, F, shiny|64/100 brn
|move|p2a: Bewear|Darkest Lariat|p1a: Paldean Gyrados
|-damage|p1a: Paldean Gyrados|41/100 brn
|
|-damage|p1a: Paldean Gyrados|35/100 brn|[from] brn
|upkeep
|turn|38
|l|☆zeeLitium
|inactive|zeeLitium disconnected and has a minute to reconnect!
|player|p2|
|c|☆KesslerMacGrath|:O
|inactiveoff|Battle timer is now OFF.
|j|☆zeeLitium
|player|p2|zeeLitium|sonia-masters
|l|☆zeeLitium
|player|p2|
|j| Moranfy
|j|☆zeeLitium
|player|p2|zeeLitium|sonia-masters
|l|☆zeeLitium
|player|p2|
|c|☆KesslerMacGrath|hey you're back
|c|☆KesslerMacGrath|bruh
|j| Anderson .Packed
|c|☆KesslerMacGrath|trying not to get a cheap win here
|l| Anderson .Packed
|j|☆zeeLitium
|player|p2|zeeLitium|sonia-masters
|c|☆zeeLitium|internet connection died somehow
|
|t:|1660859709
|switch|p2a: Gastrodon|Gastrodon, M|34/100
|move|p1a: Paldean Gyrados|Recover|p1a: Paldean Gyrados
|-heal|p1a: Paldean Gyrados|85/100 brn
|
|-damage|p1a: Paldean Gyrados|79/100 brn|[from] brn
|upkeep
|turn|39
|c|☆KesslerMacGrath|glad it's back
|
|t:|1660859716
|move|p1a: Paldean Gyrados|Toxic|p2a: Gastrodon
|-status|p2a: Gastrodon|tox
|move|p2a: Gastrodon|Recover|p2a: Gastrodon
|-heal|p2a: Gastrodon|84/100 tox
|
|-damage|p2a: Gastrodon|78/100 tox|[from] psn
|-damage|p1a: Paldean Gyrados|73/100 brn|[from] brn
|upkeep
|turn|40
|inactive|Battle timer is ON: inactive players will automatically lose when time's up. (requested by KesslerMacGrath)
|c|☆zeeLitium|ty dude, i guess everyone else would not have turned the timer off therwe
|
|t:|1660859739
|switch|p1a: Minecraft Golem|Registeel, shiny|100/100 slp
|move|p2a: Gastrodon|Earth Power|p1a: Minecraft Golem
|-supereffective|p1a: Minecraft Golem
|-crit|p1a: Minecraft Golem
|-damage|p1a: Minecraft Golem|58/100 slp
|
|-heal|p1a: Minecraft Golem|64/100 slp|[from] item: Leftovers
|-damage|p2a: Gastrodon|66/100 tox|[from] psn
|upkeep
|turn|41
|
|t:|1660859746
|switch|p2a: Umbreon|Umbreon, M, shiny|100/100
|-curestatus|p1a: Minecraft Golem|slp|[msg]
|move|p1a: Minecraft Golem|Rest|p1a: Minecraft Golem
|-status|p1a: Minecraft Golem|slp|[from] move: Rest
|-heal|p1a: Minecraft Golem|100/100 slp|[silent]
|
|upkeep
|turn|42
|c|☆KesslerMacGrath|np, no sense winning if it isn't earned
|
|t:|1660859758
|move|p2a: Umbreon|Wish|p2a: Umbreon
|cant|p1a: Minecraft Golem|slp
|
|upkeep
|turn|43
|
|t:|1660859764
|switch|p2a: Bewear|Bewear, F|70/100
|cant|p1a: Minecraft Golem|slp
|
|-heal|p2a: Bewear|100/100|[from] move: Wish|[wisher] Umbreon
|upkeep
|turn|44
|
|t:|1660859770
|switch|p1a: Paldean Gyrados|Milotic, F, shiny|73/100 brn
|move|p2a: Bewear|Darkest Lariat|p1a: Paldean Gyrados
|-damage|p1a: Paldean Gyrados|53/100 brn
|
|-damage|p1a: Paldean Gyrados|47/100 brn|[from] brn
|upkeep
|turn|45
|
|t:|1660859777
|switch|p2a: Dhelmise|Dhelmise, shiny|100/100
|move|p1a: Paldean Gyrados|Recover|p1a: Paldean Gyrados
|-heal|p1a: Paldean Gyrados|97/100 brn
|
|-damage|p1a: Paldean Gyrados|91/100 brn|[from] brn
|upkeep
|turn|46
|
|t:|1660859785
|switch|p1a: Minecraft Golem|Registeel, shiny|100/100 slp
|switch|p2a: Noivern|Noivern, M|100/100
|
|upkeep
|turn|47
|
|t:|1660859791
|switch|p2a: Bewear|Bewear, F|100/100
|-curestatus|p1a: Minecraft Golem|slp|[msg]
|move|p1a: Minecraft Golem|Curse|p1a: Minecraft Golem
|-unboost|p1a: Minecraft Golem|spe|1
|-boost|p1a: Minecraft Golem|atk|1
|-boost|p1a: Minecraft Golem|def|1
|
|upkeep
|turn|48
|
|t:|1660859794
|move|p2a: Bewear|Close Combat|p1a: Minecraft Golem
|-supereffective|p1a: Minecraft Golem
|-damage|p1a: Minecraft Golem|18/100
|-unboost|p2a: Bewear|def|1
|-unboost|p2a: Bewear|spd|1
|move|p1a: Minecraft Golem|Body Press|p2a: Bewear
|-supereffective|p2a: Bewear
|-damage|p2a: Bewear|37/100
|
|-heal|p1a: Minecraft Golem|24/100|[from] item: Leftovers
|upkeep
|turn|49
|
|t:|1660859800
|switch|p1a: Paldean Gyrados|Milotic, F, shiny|91/100 brn
|move|p2a: Bewear|Close Combat|p1a: Paldean Gyrados
|-damage|p1a: Paldean Gyrados|49/100 brn
|-unboost|p2a: Bewear|def|1
|-unboost|p2a: Bewear|spd|1
|
|-damage|p1a: Paldean Gyrados|43/100 brn|[from] brn
|upkeep
|turn|50
|
|t:|1660859809
|switch|p2a: Umbreon|Umbreon, M, shiny|100/100
|move|p1a: Paldean Gyrados|Recover|p1a: Paldean Gyrados
|-heal|p1a: Paldean Gyrados|93/100 brn
|
|-damage|p1a: Paldean Gyrados|87/100 brn|[from] brn
|upkeep
|turn|51
|
|t:|1660859812
|move|p1a: Paldean Gyrados|Toxic||[still]
|-status|p2a: Umbreon|tox
|-activate|p2a: Umbreon|ability: Synchronize
|-fail|p2a: Umbreon
|move|p2a: Umbreon|Wish|p2a: Umbreon
|
|-damage|p2a: Umbreon|94/100 tox|[from] psn
|-damage|p1a: Paldean Gyrados|81/100 brn|[from] brn
|upkeep
|turn|52
|
|t:|1660859817
|move|p1a: Paldean Gyrados|Scald|p2a: Umbreon
|-damage|p2a: Umbreon|80/100 tox
|move|p2a: Umbreon|Heal Bell|p2a: Umbreon
|-activate|p2a: Umbreon|move: Heal Bell
|-curestatus|p2a: Umbreon|tox|[msg]
|-curestatus|p2: Gastrodon|tox|[msg]
|
|-heal|p2a: Umbreon|100/100|[from] move: Wish|[wisher] Umbreon
|-damage|p1a: Paldean Gyrados|75/100 brn|[from] brn
|upkeep
|turn|53
|
|t:|1660859824
|move|p1a: Paldean Gyrados|Toxic||[still]
|-status|p2a: Umbreon|tox
|-activate|p2a: Umbreon|ability: Synchronize
|-fail|p2a: Umbreon
|move|p2a: Umbreon|Wish|p2a: Umbreon
|
|-damage|p2a: Umbreon|94/100 tox|[from] psn
|-damage|p1a: Paldean Gyrados|69/100 brn|[from] brn
|upkeep
|turn|54
|
|t:|1660859827
|switch|p2a: Registeel|Registeel|59/100
|move|p1a: Paldean Gyrados|Scald|p2a: Registeel
|-damage|p2a: Registeel|46/100
|
|-heal|p2a: Registeel|99/100|[from] move: Wish|[wisher] Umbreon
|-heal|p2a: Registeel|100/100|[from] item: Leftovers
|-damage|p1a: Paldean Gyrados|63/100 brn|[from] brn
|upkeep
|turn|55
|
|t:|1660859833
|switch|p1a: Lando|Flygon, F, shiny|100/100
|move|p2a: Registeel|Stealth Rock|p1a: Lando
|-sidestart|p1: KesslerMacGrath|move: Stealth Rock
|
|upkeep
|turn|56
|
|t:|1660859843
|switch|p2a: Umbreon|Umbreon, M, shiny|94/100 tox
|move|p1a: Lando|Dragon Dance|p1a: Lando
|-boost|p1a: Lando|atk|1
|-boost|p1a: Lando|spe|1
|
|-damage|p2a: Umbreon|88/100 tox|[from] psn
|upkeep
|turn|57
|
|t:|1660859848
|move|p1a: Lando|Outrage|p2a: Umbreon
|-damage|p2a: Umbreon|24/100 tox
|move|p2a: Umbreon|Foul Play|p1a: Lando
|-damage|p1a: Lando|14/100
|
|-damage|p2a: Umbreon|12/100 tox|[from] psn
|upkeep
|turn|58
|
|t:|1660859854
|switch|p2a: Registeel|Registeel|100/100
|move|p1a: Lando|Outrage|p2a: Registeel|[from]lockedmove
|-resisted|p2a: Registeel
|-damage|p2a: Registeel|73/100
|-start|p1a: Lando|confusion|[fatigue]
|-enditem|p1a: Lando|Lum Berry|[eat]
|-end|p1a: Lando|confusion
|
|-heal|p2a: Registeel|79/100|[from] item: Leftovers
|upkeep
|turn|59
|
|t:|1660859858
|move|p1a: Lando|Earthquake|p2a: Registeel
|-supereffective|p2a: Registeel
|-crit|p2a: Registeel
|-damage|p2a: Registeel|0 fnt
|faint|p2a: Registeel
|
|upkeep
|c|☆KesslerMacGrath|finally
|c|☆KesslerMacGrath|umbreon begone
|
|t:|1660859866
|switch|p2a: Noivern|Noivern, M|100/100
|turn|60
|
|t:|1660859880
|move|p1a: Lando|Outrage|p2a: Noivern
|-supereffective|p2a: Noivern
|-damage|p2a: Noivern|0 fnt
|faint|p2a: Noivern
|
|upkeep
|c|☆zeeLitium|gg
|
|t:|1660859887
|switch|p2a: Gastrodon|Gastrodon, M|66/100
|turn|61
|c|☆KesslerMacGrath|gg man
|c|☆KesslerMacGrath|it was really fun to play against you
|
|t:|1660859896
|move|p1a: Lando|Outrage|p2a: Gastrodon|[from]lockedmove
|-damage|p2a: Gastrodon|12/100
|-start|p1a: Lando|confusion|[fatigue]
|move|p2a: Gastrodon|Recover|p2a: Gastrodon
|-heal|p2a: Gastrodon|62/100
|
|upkeep
|turn|62
|
|t:|1660859908
|-activate|p1a: Lando|confusion
|-damage|p1a: Lando|0 fnt|[from] confusion
|faint|p1a: Lando
|move|p2a: Gastrodon|Recover|p2a: Gastrodon
|-heal|p2a: Gastrodon|100/100
|
|upkeep
|
|t:|1660859916
|switch|p1a: Haywire|Xurkitree, shiny|72/100
|-damage|p1a: Haywire|60/100|[from] Stealth Rock
|turn|63
|
|t:|1660859922
|switch|p2a: Dhelmise|Dhelmise, shiny|100/100
|move|p1a: Haywire|Energy Ball|p2a: Dhelmise
|-resisted|p2a: Dhelmise
|-damage|p2a: Dhelmise|80/100
|
|upkeep
|turn|64
|c|☆KesslerMacGrath|oh i can still lose
|c|☆KesslerMacGrath|i have faith
|
|t:|1660859932
|switch|p1a: N|Sigilyph, M, shiny|79/100 par
|move|p2a: Dhelmise|Synthesis|p2a: Dhelmise
|-heal|p2a: Dhelmise|100/100
|
|upkeep
|turn|65
|
|t:|1660859942
|switch|p2a: Gastrodon|Gastrodon, M|100/100
|move|p1a: N|Defog|p2a: Gastrodon
|-unboost|p2a: Gastrodon|evasion|1
|-sideend|p1: KesslerMacGrath|Stealth Rock|[from] move: Defog|[of] p1a: N
|
|upkeep
|turn|66
|
|t:|1660859946
|switch|p1a: Paldean Gyrados|Milotic, F, shiny|63/100 brn
|move|p2a: Gastrodon|Ice Beam|p1a: Paldean Gyrados
|-resisted|p1a: Paldean Gyrados
|-damage|p1a: Paldean Gyrados|56/100 brn
|
|-damage|p1a: Paldean Gyrados|50/100 brn|[from] brn
|upkeep
|turn|67
|
|t:|1660859953
|switch|p2a: Dhelmise|Dhelmise, shiny|100/100
|move|p1a: Paldean Gyrados|Recover|p1a: Paldean Gyrados
|-heal|p1a: Paldean Gyrados|99/100 brn
|
|-damage|p1a: Paldean Gyrados|94/100 brn|[from] brn
|upkeep
|turn|68
|
|t:|1660859957
|switch|p1a: N|Sigilyph, M, shiny|79/100 par
|move|p2a: Dhelmise|Power Whip|p1a: N
|-resisted|p1a: N
|-damage|p1a: N|46/100 par
|
|upkeep
|turn|69
|
|t:|1660859964
|switch|p2a: Gastrodon|Gastrodon, M|100/100
|move|p1a: N|Roost|p1a: N
|-heal|p1a: N|96/100 par
|-singleturn|p1a: N|move: Roost
|
|upkeep
|turn|70
|
|t:|1660859981
|switch|p1a: Paldean Gyrados|Milotic, F, shiny|94/100 brn
|move|p2a: Gastrodon|Ice Beam|p1a: Paldean Gyrados
|-resisted|p1a: Paldean Gyrados
|-damage|p1a: Paldean Gyrados|88/100 brn
|
|-damage|p1a: Paldean Gyrados|81/100 brn|[from] brn
|upkeep
|turn|71
|
|t:|1660859986
|move|p1a: Paldean Gyrados|Toxic|p2a: Gastrodon
|-status|p2a: Gastrodon|tox
|move|p2a: Gastrodon|Earth Power|p1a: Paldean Gyrados
|-damage|p1a: Paldean Gyrados|61/100 brn
|
|-damage|p2a: Gastrodon|94/100 tox|[from] psn
|-damage|p1a: Paldean Gyrados|55/100 brn|[from] brn
|upkeep
|turn|72
|
|t:|1660859993
|move|p1a: Paldean Gyrados|Recover|p1a: Paldean Gyrados
|-heal|p1a: Paldean Gyrados|100/100 brn
|move|p2a: Gastrodon|Earth Power|p1a: Paldean Gyrados
|-damage|p1a: Paldean Gyrados|81/100 brn
|
|-damage|p2a: Gastrodon|82/100 tox|[from] psn
|-damage|p1a: Paldean Gyrados|75/100 brn|[from] brn
|upkeep
|turn|73
|
|t:|1660860003
|switch|p2a: Dhelmise|Dhelmise, shiny|100/100
|move|p1a: Paldean Gyrados|Recover|p1a: Paldean Gyrados
|-heal|p1a: Paldean Gyrados|100/100 brn
|
|-damage|p1a: Paldean Gyrados|94/100 brn|[from] brn
|upkeep
|turn|74
|
|t:|1660860006
|switch|p1a: N|Sigilyph, M, shiny|96/100 par
|move|p2a: Dhelmise|Power Whip|p1a: N
|-resisted|p1a: N
|-damage|p1a: N|61/100 par
|
|upkeep
|turn|75
|
|t:|1660860011
|switch|p2a: Umbreon|Umbreon, M, shiny|12/100 tox
|move|p1a: N|Roost|p1a: N
|-heal|p1a: N|100/100 par
|-singleturn|p1a: N|move: Roost
|
|-damage|p2a: Umbreon|6/100 tox|[from] psn
|upkeep
|turn|76
|
|t:|1660860016
|switch|p1a: LC Uber|Sneasel, F, shiny|100/100
|move|p2a: Umbreon|Heal Bell|p2a: Umbreon
|-activate|p2a: Umbreon|move: Heal Bell
|-curestatus|p2a: Umbreon|tox|[msg]
|-curestatus|p2: Gastrodon|tox|[msg]
|
|upkeep
|turn|77
|
|t:|1660860025
|switch|p2a: Gastrodon|Gastrodon, M|82/100
|move|p1a: LC Uber|Knock Off|p2a: Gastrodon
|-damage|p2a: Gastrodon|52/100
|
|upkeep
|turn|78
|
|t:|1660860033
|switch|p1a: Paldean Gyrados|Milotic, F, shiny|94/100 brn
|move|p2a: Gastrodon|Recover|p2a: Gastrodon
|-heal|p2a: Gastrodon|100/100
|
|-damage|p1a: Paldean Gyrados|88/100 brn|[from] brn
|upkeep
|turn|79
|
|t:|1660860045
|move|p1a: Paldean Gyrados|Toxic|p2a: Gastrodon
|-status|p2a: Gastrodon|tox
|move|p2a: Gastrodon|Earth Power|p1a: Paldean Gyrados
|-damage|p1a: Paldean Gyrados|67/100 brn
|
|-damage|p2a: Gastrodon|94/100 tox|[from] psn
|-damage|p1a: Paldean Gyrados|61/100 brn|[from] brn
|upkeep
|turn|80
|
|t:|1660860049
|switch|p2a: Dhelmise|Dhelmise, shiny|100/100
|move|p1a: Paldean Gyrados|Recover|p1a: Paldean Gyrados
|-heal|p1a: Paldean Gyrados|100/100 brn
|
|-damage|p1a: Paldean Gyrados|94/100 brn|[from] brn
|upkeep
|turn|81
|
|t:|1660860053
|switch|p1a: N|Sigilyph, M, shiny|100/100 par
|move|p2a: Dhelmise|Power Whip|p1a: N|[miss]
|-miss|p2a: Dhelmise|p1a: N
|
|upkeep
|turn|82
|
|t:|1660860057
|switch|p2a: Umbreon|Umbreon, M, shiny|6/100
|move|p1a: N|Thunder Wave|p2a: Umbreon
|-status|p2a: Umbreon|par
|-activate|p2a: Umbreon|ability: Synchronize
|-fail|p1a: N|par
|
|upkeep
|turn|83
|
|t:|1660860064
|switch|p1a: Haywire|Xurkitree, shiny|60/100
|cant|p2a: Umbreon|par
|
|upkeep
|turn|84
|
|t:|1660860069
|switch|p2a: Dhelmise|Dhelmise, shiny|100/100
|move|p1a: Haywire|Dazzling Gleam|p2a: Dhelmise
|-damage|p2a: Dhelmise|63/100
|
|upkeep
|turn|85
|
|t:|1660860074
|switch|p1a: N|Sigilyph, M, shiny|100/100 par
|move|p2a: Dhelmise|Synthesis|p2a: Dhelmise
|-heal|p2a: Dhelmise|100/100
|
|upkeep
|turn|86
|
|t:|1660860088
|switch|p1a: Minecraft Golem|Registeel, shiny|24/100
|switch|p2a: Umbreon|Umbreon, M, shiny|6/100 par
|
|-heal|p1a: Minecraft Golem|30/100|[from] item: Leftovers
|upkeep
|turn|87
|
|t:|1660860102
|switch|p2a: Bewear|Bewear, F|37/100
|move|p1a: Minecraft Golem|Body Press|p2a: Bewear
|-supereffective|p2a: Bewear
|-damage|p2a: Bewear|8/100
|
|-heal|p1a: Minecraft Golem|36/100|[from] item: Leftovers
|upkeep
|turn|88
|
|t:|1660860111
|switch|p1a: Paldean Gyrados|Milotic, F, shiny|94/100 brn
|move|p2a: Bewear|Drain Punch|p1a: Paldean Gyrados
|-damage|p1a: Paldean Gyrados|69/100 brn
|-heal|p2a: Bewear|21/100|[from] drain|[of] p1a: Paldean Gyrados
|
|-damage|p1a: Paldean Gyrados|63/100 brn|[from] brn
|upkeep
|turn|89
|
|t:|1660860124
|switch|p2a: Dhelmise|Dhelmise, shiny|100/100
|move|p1a: Paldean Gyrados|Scald|p2a: Dhelmise
|-resisted|p2a: Dhelmise
|-damage|p2a: Dhelmise|83/100
|
|-damage|p1a: Paldean Gyrados|57/100 brn|[from] brn
|upkeep
|turn|90
|
|t:|1660860132
|switch|p1a: N|Sigilyph, M, shiny|100/100 par
|move|p2a: Dhelmise|Power Whip|p1a: N
|-resisted|p1a: N
|-damage|p1a: N|67/100 par
|
|upkeep
|turn|91
|
|t:|1660860137
|switch|p2a: Umbreon|Umbreon, M, shiny|6/100 par
|move|p1a: N|Roost|p1a: N
|-heal|p1a: N|100/100 par
|-singleturn|p1a: N|move: Roost
|
|upkeep
|turn|92
|
|t:|1660860144
|switch|p1a: LC Uber|Sneasel, F, shiny|100/100
|cant|p2a: Umbreon|par
|
|upkeep
|turn|93
|
|t:|1660860150
|switch|p2a: Gastrodon|Gastrodon, M|94/100 tox
|move|p1a: LC Uber|Ice Punch|p2a: Gastrodon
|-damage|p2a: Gastrodon|54/100 tox
|
|-damage|p2a: Gastrodon|48/100 tox|[from] psn
|upkeep
|turn|94
|
|t:|1660860155
|move|p1a: LC Uber|Ice Punch|p2a: Gastrodon
|-damage|p2a: Gastrodon|13/100 tox
|move|p2a: Gastrodon|Recover|p2a: Gastrodon
|-heal|p2a: Gastrodon|63/100 tox
|
|-damage|p2a: Gastrodon|51/100 tox|[from] psn
|upkeep
|turn|95
|
|t:|1660860170
|move|p1a: LC Uber|Ice Punch|p2a: Gastrodon
|-damage|p2a: Gastrodon|16/100 tox
|move|p2a: Gastrodon|Earth Power|p1a: LC Uber
|-damage|p1a: LC Uber|53/100
|
|-damage|p2a: Gastrodon|0 fnt|[from] psn
|faint|p2a: Gastrodon
|upkeep
|
|t:|1660860176
|switch|p2a: Bewear|Bewear, F|21/100
|turn|96
|
|t:|1660860180
|move|p1a: LC Uber|Ice Punch|p2a: Bewear
|-damage|p2a: Bewear|0 fnt
|faint|p2a: Bewear
|
|upkeep
|c|☆zeeLitium|gg
|c|☆KesslerMacGrath|gg wp
|
|t:|1660860187
|switch|p2a: Dhelmise|Dhelmise, shiny|83/100
|turn|97
|
|t:|1660860190
|move|p1a: LC Uber|Ice Punch|p2a: Dhelmise
|-supereffective|p2a: Dhelmise
|-damage|p2a: Dhelmise|0 fnt
|faint|p2a: Dhelmise
|
|upkeep
|
|t:|1660860194
|switch|p2a: Umbreon|Umbreon, M, shiny|6/100 par
|turn|98
|c|☆zeeLitium|now back into another 6 hours of grind, lmao
|
|t:|1660860213
|move|p2a: Umbreon|Protect|p2a: Umbreon
|-singleturn|p2a: Umbreon|Protect
|move|p1a: LC Uber|Ice Punch|p2a: Umbreon
|-activate|p2a: Umbreon|move: Protect
|
|upkeep
|turn|99
|c|☆KesslerMacGrath|good luck!
|
|t:|1660860217
|move|p1a: LC Uber|Ice Punch|p2a: Umbreon
|-damage|p2a: Umbreon|0 fnt
|faint|p2a: Umbreon
|
|win|KesslerMacGrath
|raw|KesslerMacGrath's rating: 1300 &rarr; <strong>1339</strong><br />(+39 for winning)
|raw|zeeLitium's rating: 1520 &rarr; <strong>1489</strong><br />(-31 for losing)
|l|☆zeeLitium
||Ladder isn't responding, score probably updated but might not have (Request timeout).
