|j|☆thebeanboi4202
|j|☆Chika reta
|t:|1634306953
|gametype|singles
|player|p1|thebeanboi4202|265|1213
|player|p2|Chika reta|picnicker|1245
|teamsize|p1|6
|teamsize|p2|6
|gen|8
|tier|[Gen 8] RU
|rated|
|rule|Sleep Clause Mod: Limit one foe put to sleep
|rule|Species Clause: Limit one of each Pokémon
|rule|OHKO Clause: OHKO moves are banned
|rule|Evasion Moves Clause: Evasion moves are banned
|rule|Endless Battle Clause: Forcing endless battles is banned
|rule|HP Percentage Mod: HP is shown in percentages
|rule|Dynamax Clause: You cannot dynamax
|clearpoke
|poke|p1|Darmanitan, F|
|poke|p1|Gardevoir, F|
|poke|p1|Ninetales, M|
|poke|p1|Cloyster, M|
|poke|p1|Charizard, M|
|poke|p1|Weezing-Galar, M|
|poke|p2|Metagross|
|poke|p2|Obstagoon, M|
|poke|p2|Xurkitree|
|poke|p2|Celebi|
|poke|p2|Crobat, F|
|poke|p2|Glastrier|
|teampreview
|
|t:|1634306967
|start
|switch|p1a: Ninetales|Ninetales, M|100/100
|switch|p2a: Xurkitree|Xurkitree|100/100
|-weather|SunnyDay|[from] ability: Drought|[of] p1a: Ninetales
|turn|1
|
|t:|1634306972
|move|p2a: Xurkitree|Volt Switch|p1a: Ninetales
|-damage|p1a: Ninetales|44/100
|
|t:|1634306979
|switch|p2a: Metagross|Metagross|100/100|[from]move: Volt Switch
|move|p1a: Ninetales|Overheat|p2a: Metagross
|-supereffective|p2a: Metagross
|-damage|p2a: Metagross|0 fnt
|-unboost|p1a: Ninetales|spa|2
|faint|p2a: Metagross
|
|-weather|SunnyDay|[upkeep]
|upkeep
|
|t:|1634306983
|switch|p2a: Xurkitree|Xurkitree|100/100
|turn|2
|
|t:|1634306990
|switch|p1a: Gardevoir|Gardevoir, F|100/100
|move|p2a: Xurkitree|Thunderbolt|p1a: Gardevoir
|-damage|p1a: Gardevoir|38/100
|
|-weather|SunnyDay|[upkeep]
|upkeep
|turn|3
|
|t:|1634307001
|move|p2a: Xurkitree|Thunderbolt|p1a: Gardevoir
|-damage|p1a: Gardevoir|0 fnt
|faint|p1a: Gardevoir
|-ability|p2a: Xurkitree|Beast Boost|boost
|-boost|p2a: Xurkitree|spa|1
|
|-weather|SunnyDay|[upkeep]
|upkeep
|
|t:|1634307016
|switch|p1a: Cloyster|Cloyster, M|100/100
|turn|4
|
|t:|1634307020
|move|p2a: Xurkitree|Thunderbolt|p1a: Cloyster
|-supereffective|p1a: Cloyster
|-damage|p1a: Cloyster|0 fnt
|faint|p1a: Cloyster
|-ability|p2a: Xurkitree|Beast Boost|boost
|-boost|p2a: Xurkitree|spa|1
|
|-weather|SunnyDay|[upkeep]
|upkeep
|
|t:|1634307023
|switch|p1a: Darmanitan|Darmanitan, F|100/100
|turn|5
|
|t:|1634307045
|switch|p2a: Glastrier|Glastrier|100/100
|move|p1a: Darmanitan|Flare Blitz|p2a: Glastrier
|-supereffective|p2a: Glastrier
|-damage|p2a: Glastrier|0 fnt
|faint|p2a: Glastrier
|-damage|p1a: Darmanitan|63/100|[from] Recoil
|
|-weather|SunnyDay|[upkeep]
|upkeep
|
|t:|1634307053
|switch|p2a: Celebi|Celebi|100/100
|turn|6
|
|t:|1634307059
|move|p2a: Celebi|Toxic|p1a: Darmanitan
|-status|p1a: Darmanitan|tox
|move|p1a: Darmanitan|U-turn|p2a: Celebi
|-supereffective|p2a: Celebi
|-damage|p2a: Celebi|0 fnt
|faint|p2a: Celebi
|-damage|p1a: Darmanitan|53/100 tox|[from] item: Life Orb
|
|t:|1634307064
|switch|p1a: Weezing|Weezing-Galar, M|100/100|[from]move: U-turn
|
|-weather|SunnyDay|[upkeep]
|upkeep
|
|t:|1634307068
|switch|p2a: Xurkitree|Xurkitree|100/100
|turn|7
|
|t:|1634307073
|move|p2a: Xurkitree|Thunderbolt|p1a: Weezing
|-damage|p1a: Weezing|25/100
|move|p1a: Weezing|Pain Split|p2a: Xurkitree
|-sethp|p2a: Xurkitree|64/100|[from] move: Pain Split|[silent]
|-sethp|p1a: Weezing|59/100|[from] move: Pain Split
|
|-weather|SunnyDay|[upkeep]
|upkeep
|turn|8
|
|t:|1634307077
|move|p2a: Xurkitree|Thunderbolt|p1a: Weezing
|-damage|p1a: Weezing|0 fnt
|faint|p1a: Weezing
|-ability|p2a: Xurkitree|Beast Boost|boost
|-boost|p2a: Xurkitree|spa|1
|
|-weather|none
|upkeep
|
|t:|1634307080
|switch|p1a: Darmanitan|Darmanitan, F|53/100 tox
|turn|9
|
|t:|1634307083
|move|p2a: Xurkitree|Thunderbolt|p1a: Darmanitan
|-damage|p1a: Darmanitan|0 fnt
|faint|p1a: Darmanitan
|-ability|p2a: Xurkitree|Beast Boost|boost
|-boost|p2a: Xurkitree|spa|1
|
|upkeep
|
|t:|1634307086
|switch|p1a: Ninetales|Ninetales, M|44/100
|-weather|SunnyDay|[from] ability: Drought|[of] p1a: Ninetales
|turn|10
|
|t:|1634307087
|move|p2a: Xurkitree|Thunderbolt|p1a: Ninetales
|-damage|p1a: Ninetales|0 fnt
|faint|p1a: Ninetales
|-ability|p2a: Xurkitree|Beast Boost|boost
|-boost|p2a: Xurkitree|spa|1
|
|-weather|SunnyDay|[upkeep]
|upkeep
|
|t:|1634307092
|switch|p1a: Charizard|Charizard, M|100/100
|turn|11
|
|t:|1634307096
|move|p2a: Xurkitree|Thunderbolt|p1a: Charizard
|-supereffective|p1a: Charizard
|-damage|p1a: Charizard|0 fnt
|faint|p1a: Charizard
|
|win|Chika reta
|raw|thebeanboi4202's rating: 1213 &rarr; <strong>1190</strong><br />(-23 for losing)
|raw|Chika reta's rating: 1245 &rarr; <strong>1268</strong><br />(+23 for winning)
|c|☆Chika reta|Interesting team
|c|☆Chika reta|Ggg
||Ladder isn't responding, score probably updated but might not have (Request timeout).
