|j|☆Killer Weedstar
|j|☆laprascancer
|player|p1|Killer Weedstar|1|1280
|player|p2|laprascancer|morty-gen2|1370
|teamsize|p1|6
|teamsize|p2|6
|gametype|singles
|gen|8
|tier|[Gen 8] RU
|rated|
|clearpoke
|poke|p1|Decidueye, M|
|poke|p1|Silvally-*|
|poke|p1|Rhydon, F|
|poke|p1|Salazzle, F|
|poke|p1|Xatu, F|
|poke|p1|Scrafty, M|
|poke|p2|Virizion|
|poke|p2|Rhydon, F|
|poke|p2|Charizard, M|
|poke|p2|Silvally-*|
|poke|p2|Drapion, M|
|poke|p2|Boltund, F|
|rule|Sleep Clause Mod: Limit one foe put to sleep
|rule|Species Clause: Limit one of each Pokémon
|rule|OHKO Clause: OHKO moves are banned
|rule|Evasion Moves Clause: Evasion moves are banned
|rule|Endless Battle Clause: Forcing endless battles is banned
|rule|HP Percentage Mod: HP is shown in percentages
|rule|Dynamax Clause: You cannot dynamax
|teampreview
|
|start
|switch|p1a: Salazzle|Salazzle, F|100/100
|switch|p2a: Drapion|Drapion, M|100/100
|turn|1
|
|move|p2a: Drapion|Knock Off|p1a: Salazzle
|-damage|p1a: Salazzle|29/100
|-enditem|p1a: Salazzle|Heavy-Duty Boots|[from] move: Knock Off|[of] p2a: Drapion
|move|p1a: Salazzle|Nasty Plot|p1a: Salazzle
|-boost|p1a: Salazzle|spa|2
|
|upkeep
|turn|2
|
|move|p2a: Drapion|Knock Off|p1a: Salazzle
|-damage|p1a: Salazzle|0 fnt
|faint|p1a: Salazzle
|
|upkeep
|
|switch|p1a: Silvally|Silvally-Fairy|100/100
|turn|3
|
|switch|p2a: Charizard|Charizard, M|100/100
|move|p1a: Silvally|Parting Shot|p2a: Charizard
|-unboost|p2a: Charizard|atk|1
|-unboost|p2a: Charizard|spa|1
|
|switch|p1a: Rhydon|Rhydon, F|100/100|[from]move: Parting Shot
|
|upkeep
|turn|4
|
|switch|p2a: Virizion|Virizion|100/100
|move|p1a: Rhydon|Stealth Rock|p2a: Virizion
|-sidestart|p2: laprascancer|move: Stealth Rock
|
|upkeep
|turn|5
|
|switch|p1a: Hoot Eye|Decidueye, M|100/100
|move|p2a: Virizion|Calm Mind|p2a: Virizion
|-boost|p2a: Virizion|spa|1
|-boost|p2a: Virizion|spd|1
|
|upkeep
|turn|6
|
|move|p2a: Virizion|Air Slash|p1a: Hoot Eye
|-supereffective|p1a: Hoot Eye
|-damage|p1a: Hoot Eye|32/100
|move|p1a: Hoot Eye|Spirit Shackle|p2a: Virizion
|-damage|p2a: Virizion|34/100
|-activate|p2a: Virizion|trapped
|-damage|p1a: Hoot Eye|22/100|[from] item: Life Orb
|
|-heal|p2a: Virizion|40/100|[from] item: Leftovers
|upkeep
|turn|7
|
|switch|p1a: Xatu|Xatu, F|100/100
|move|p2a: Virizion|Giga Drain|p1a: Xatu
|-resisted|p1a: Xatu
|-damage|p1a: Xatu|72/100
|-heal|p2a: Virizion|55/100|[from] drain|[of] p1a: Xatu
|
|-heal|p2a: Virizion|61/100|[from] item: Leftovers
|upkeep
|turn|8
|
|move|p2a: Virizion|Air Slash|p1a: Xatu
|-damage|p1a: Xatu|33/100
|move|p1a: Xatu|Psychic|p2a: Virizion
|-supereffective|p2a: Virizion
|-damage|p2a: Virizion|30/100
|
|-heal|p2a: Virizion|36/100|[from] item: Leftovers
|upkeep
|turn|9
|-message|Killer Weedstar forfeited.
|
|win|laprascancer
|l|☆Killer Weedstar
||Ladder (probably) updated, but score could not be retrieved (Response not received).
