|j|☆Madinina
|j|☆Day  Healer
|player|p1|Madinina|archie-gen3|1555
|player|p2|Day  Healer|flannery|1633
|teamsize|p1|6
|teamsize|p2|6
|gametype|singles
|gen|8
|tier|[Gen 8] RU
|rated|
|clearpoke
|poke|p1|Rhydon, M|
|poke|p1|Vikavolt, F|
|poke|p1|Rapidash, F|
|poke|p1|Copperajah, F|
|poke|p1|Decidueye, F|
|poke|p1|Toxicroak, M|
|poke|p2|Runerigus, F|
|poke|p2|Musharna, M|
|poke|p2|Malamar, M|
|poke|p2|Copperajah, F|
|poke|p2|Drampa, M|
|poke|p2|Vikavolt, F|
|rule|Sleep Clause Mod: Limit one foe put to sleep
|rule|Species Clause: Limit one of each Pokémon
|rule|OHKO Clause: OHKO moves are banned
|rule|Evasion Moves Clause: Evasion moves are banned
|rule|Endless Battle Clause: Forcing endless battles is banned
|rule|HP Percentage Mod: HP is shown in percentages
|rule|Dynamax Clause: You cannot dynamax
|teampreview
|
|start
|switch|p1a: Vikavolt|Vikavolt, F|100/100
|switch|p2a: Vikavolt|Vikavolt, F|100/100
|turn|1
|inactive|Battle timer is ON: inactive players will automatically lose when time's up. (requested by Day  Healer)
|j| S-Baleno
|
|move|p1a: Vikavolt|Bug Buzz|p2a: Vikavolt
|-crit|p2a: Vikavolt
|-damage|p2a: Vikavolt|27/100
|move|p2a: Vikavolt|Bug Buzz|p1a: Vikavolt
|-damage|p1a: Vikavolt|15/100
|
|upkeep
|turn|2
|
|switch|p2a: Runerigus|Runerigus, F|100/100
|move|p1a: Vikavolt|Bug Buzz|p2a: Runerigus
|-resisted|p2a: Runerigus
|-damage|p2a: Runerigus|79/100
|
|upkeep
|turn|3
|
|move|p1a: Vikavolt|Roost|p1a: Vikavolt
|-heal|p1a: Vikavolt|65/100
|-singleturn|p1a: Vikavolt|move: Roost
|move|p2a: Runerigus|Trick Room|p2a: Runerigus
|-fieldstart|move: Trick Room|[of] p2a: Runerigus
|
|upkeep
|turn|4
|
|move|p2a: Runerigus|Stealth Rock|p1a: Vikavolt
|-sidestart|p1: Madinina|move: Stealth Rock
|move|p1a: Vikavolt|Bug Buzz|p2a: Runerigus
|-resisted|p2a: Runerigus
|-damage|p2a: Runerigus|60/100
|
|upkeep
|turn|5
|
|switch|p2a: Copperajah|Copperajah, F|100/100
|move|p1a: Vikavolt|Volt Switch|p2a: Copperajah
|-damage|p2a: Copperajah|68/100
|
|switch|p1a: Rhydon|Rhydon, M|100/100|[from]move: Volt Switch
|-damage|p1a: Rhydon|94/100|[from] Stealth Rock
|
|upkeep
|turn|6
|
|switch|p1a: Decidueye|Decidueye, F|100/100
|-damage|p1a: Decidueye|88/100|[from] Stealth Rock
|move|p2a: Copperajah|Power Whip|p1a: Decidueye
|-resisted|p1a: Decidueye
|-damage|p1a: Decidueye|45/100
|-damage|p2a: Copperajah|58/100|[from] item: Life Orb
|
|upkeep
|turn|7
|
|switch|p1a: Copperajah|Copperajah, F|100/100
|-damage|p1a: Copperajah|94/100|[from] Stealth Rock
|move|p2a: Copperajah|Heavy Slam|p1a: Copperajah
|-resisted|p1a: Copperajah
|-damage|p1a: Copperajah|75/100
|-damage|p2a: Copperajah|48/100|[from] item: Life Orb
|
|-fieldend|move: Trick Room
|upkeep
|turn|8
|
|switch|p2a: Runerigus|Runerigus, F|60/100
|move|p1a: Copperajah|Heavy Slam|p2a: Runerigus
|-crit|p2a: Runerigus
|-damage|p2a: Runerigus|0 fnt
|-activate|p2a: Runerigus|ability: Wandering Spirit|Sheer Force|Wandering Spirit|[of] p1a: Copperajah
|faint|p2a: Runerigus
|
|upkeep
|
|switch|p2a: Malamar|Malamar, M|100/100
|turn|9
|
|move|p1a: Copperajah|Heavy Slam|p2a: Malamar
|-damage|p2a: Malamar|34/100
|move|p2a: Malamar|Trick Room|p2a: Malamar
|-fieldstart|move: Trick Room|[of] p2a: Malamar
|
|upkeep
|turn|10
|
|move|p2a: Malamar|Superpower|p1a: Copperajah
|-supereffective|p1a: Copperajah
|-damage|p1a: Copperajah|0 fnt
|-boost|p2a: Malamar|atk|1
|-boost|p2a: Malamar|def|1
|-activate|p1a: Copperajah|ability: Wandering Spirit|Contrary|Wandering Spirit|[of] p2a: Malamar
|faint|p1a: Copperajah
|
|upkeep
|
|switch|p1a: Vikavolt|Vikavolt, F|65/100
|turn|11
|
|move|p2a: Malamar|Knock Off|p1a: Vikavolt
|-damage|p1a: Vikavolt|8/100
|-enditem|p1a: Vikavolt|Heavy-Duty Boots|[from] move: Knock Off|[of] p2a: Malamar
|move|p1a: Vikavolt|Roost|p1a: Vikavolt
|-heal|p1a: Vikavolt|58/100
|-singleturn|p1a: Vikavolt|move: Roost
|
|upkeep
|turn|12
|inactive|Day  Healer has 120 seconds left.
|
|switch|p2a: Musharna|Musharna, M|100/100
|move|p1a: Vikavolt|Roost|p1a: Vikavolt
|-heal|p1a: Vikavolt|100/100
|-singleturn|p1a: Vikavolt|move: Roost
|
|upkeep
|turn|13
|inactive|Day  Healer has 120 seconds left.
|
|switch|p2a: Malamar|Malamar, M|34/100
|move|p1a: Vikavolt|Bug Buzz|p2a: Malamar
|-supereffective|p2a: Malamar
|-damage|p2a: Malamar|0 fnt
|faint|p2a: Malamar
|
|-fieldend|move: Trick Room
|upkeep
|
|switch|p2a: Drampa|Drampa, M|100/100
|turn|14
|inactive|Day  Healer has 120 seconds left.
|
|move|p1a: Vikavolt|Volt Switch|p2a: Drampa
|-resisted|p2a: Drampa
|-damage|p2a: Drampa|82/100
|
|switch|p1a: Rapidash|Rapidash, F|100/100|[from]move: Volt Switch
|move|p2a: Drampa|Dragon Pulse|p1a: Rapidash
|-damage|p1a: Rapidash|0 fnt
|faint|p1a: Rapidash
|
|upkeep
|
|switch|p1a: Rhydon|Rhydon, M|94/100
|-damage|p1a: Rhydon|88/100|[from] Stealth Rock
|turn|15
|
|move|p1a: Rhydon|Earthquake|p2a: Drampa
|-damage|p2a: Drampa|20/100
|-ability|p2a: Drampa|Berserk|boost
|-boost|p2a: Drampa|spa|1
|move|p2a: Drampa|Dragon Pulse|p1a: Rhydon
|-damage|p1a: Rhydon|0 fnt
|faint|p1a: Rhydon
|
|upkeep
|
|switch|p1a: Vikavolt|Vikavolt, F|100/100
|-damage|p1a: Vikavolt|76/100|[from] Stealth Rock
|turn|16
|
|move|p1a: Vikavolt|Bug Buzz|p2a: Drampa
|-damage|p2a: Drampa|0 fnt
|faint|p2a: Drampa
|
|upkeep
|
|switch|p2a: Musharna|Musharna, M|100/100
|turn|17
|
|move|p1a: Vikavolt|Bug Buzz|p2a: Musharna
|-supereffective|p2a: Musharna
|-damage|p2a: Musharna|38/100
|move|p2a: Musharna|Trick Room|p2a: Musharna
|-fieldstart|move: Trick Room|[of] p2a: Musharna
|
|-heal|p2a: Musharna|44/100|[from] item: Leftovers
|upkeep
|turn|18
|
|move|p2a: Musharna|Healing Wish|p2a: Musharna
|faint|p2a: Musharna
|move|p1a: Vikavolt|Roost|p1a: Vikavolt
|-heal|p1a: Vikavolt|100/100
|-singleturn|p1a: Vikavolt|move: Roost
|
|upkeep
|
|switch|p2a: Copperajah|Copperajah, F|48/100
|-heal|p2a: Copperajah|100/100|[from] move: Healing Wish
|turn|19
|
|move|p2a: Copperajah|Heat Crash|p1a: Vikavolt
|-supereffective|p1a: Vikavolt
|-damage|p1a: Vikavolt|0 fnt
|-damage|p2a: Copperajah|91/100|[from] item: Life Orb
|faint|p1a: Vikavolt
|
|upkeep
|-message|Madinina forfeited.
|
|win|Day  Healer
|l|☆Madinina
||Ladder (probably) updated, but score could not be retrieved (Response not received).
