|raw|<div class="broadcast-blue"><strong>This battle is required to be public due to a player having a name starting with 'rult70'.</div>
|j|☆Rult70B evidith
|j|☆Versaucyy
|t:|1626896386
|gametype|singles
|player|p1|Rult70B evidith|lass-gen4dp|1450
|player|p2|Versaucyy|fisherman-gen4|1302
|teamsize|p1|6
|teamsize|p2|6
|gen|8
|tier|[Gen 8] RU
|rated|
|rule|Sleep Clause Mod: Limit one foe put to sleep
|rule|Species Clause: Limit one of each Pokémon
|rule|OHKO Clause: OHKO moves are banned
|rule|Evasion Moves Clause: Evasion moves are banned
|rule|Endless Battle Clause: Forcing endless battles is banned
|rule|HP Percentage Mod: HP is shown in percentages
|rule|Dynamax Clause: You cannot dynamax
|clearpoke
|poke|p1|Indeedee, M|
|poke|p1|Mienshao, F|
|poke|p1|Whimsicott, M|
|poke|p1|Marowak-Alola, M|
|poke|p1|Starmie|
|poke|p1|Escavalier, M|
|poke|p2|Barraskewda, M|
|poke|p2|Suicune|
|poke|p2|Registeel|
|poke|p2|Raikou|
|poke|p2|Marowak-Alola, M|
|poke|p2|Flygon, F|
|teampreview
|
|t:|1626896402
|start
|switch|p1a: Mienshao|Mienshao, F|100/100
|switch|p2a: Marowak|Marowak-Alola, M|100/100
|turn|1
|
|t:|1626896407
|move|p1a: Mienshao|Knock Off|p2a: Marowak
|-supereffective|p2a: Marowak
|-damage|p2a: Marowak|18/100
|-enditem|p2a: Marowak|Thick Club|[from] move: Knock Off|[of] p1a: Mienshao
|move|p2a: Marowak|Flare Blitz|p1a: Mienshao
|-damage|p1a: Mienshao|6/100
|
|upkeep
|turn|2
|
|t:|1626896414
|move|p1a: Mienshao|Knock Off|p2a: Marowak
|-supereffective|p2a: Marowak
|-damage|p2a: Marowak|0 fnt
|faint|p2a: Marowak
|
|upkeep
|
|t:|1626896416
|switch|p2a: Flygon|Flygon, F|100/100
|turn|3
|j|+Lunala
|inactive|Battle timer is ON: inactive players will automatically lose when time's up. (requested by Versaucyy)
|
|t:|1626896508
|switch|p1a: Whimsicott|Whimsicott, M|100/100
|move|p2a: Flygon|U-turn|p1a: Whimsicott
|-damage|p1a: Whimsicott|67/100
|inactive|Versaucyy has 120 seconds left.
|inactive|Versaucyy has 90 seconds left.
|
|t:|1626896573
|switch|p2a: Registeel|Registeel|100/100|[from]move: U-turn
|
|upkeep
|turn|4
|inactive|Versaucyy has 90 seconds left.
|
|t:|1626896601
|switch|p1a: Marowak|Marowak-Alola, M|100/100
|move|p2a: Registeel|Stealth Rock|p1a: Marowak
|-sidestart|p1: Rult70B evidith|move: Stealth Rock
|
|upkeep
|turn|5
|inactive|Versaucyy has 90 seconds left.
|
|t:|1626896611
|switch|p2a: Suicune|Suicune|100/100
|-ability|p2a: Suicune|Pressure
|move|p1a: Marowak|Stealth Rock|p2a: Suicune
|-sidestart|p2: Versaucyy|move: Stealth Rock
|
|upkeep
|turn|6
|
|t:|1626896617
|move|p2a: Suicune|Scald|p1a: Marowak
|-supereffective|p1a: Marowak
|-damage|p1a: Marowak|46/100
|move|p1a: Marowak|Poltergeist|p2a: Suicune
|-activate|p2a: Suicune|move: Poltergeist|Leftovers
|-damage|p2a: Suicune|53/100
|
|-heal|p2a: Suicune|59/100|[from] item: Leftovers
|upkeep
|turn|7
|
|t:|1626896627
|switch|p1a: Whimsicott|Whimsicott, M|67/100
|move|p2a: Suicune|Scald|p1a: Whimsicott
|-resisted|p1a: Whimsicott
|-damage|p1a: Whimsicott|48/100
|-status|p1a: Whimsicott|brn
|
|-heal|p2a: Suicune|65/100|[from] item: Leftovers
|-damage|p1a: Whimsicott|41/100 brn|[from] brn
|upkeep
|turn|8
|
|t:|1626896631
|switch|p2a: Registeel|Registeel|100/100
|-damage|p2a: Registeel|94/100|[from] Stealth Rock
|move|p1a: Whimsicott|Knock Off|p2a: Registeel
|-damage|p2a: Registeel|90/100
|-enditem|p2a: Registeel|Leftovers|[from] move: Knock Off|[of] p1a: Whimsicott
|
|-damage|p1a: Whimsicott|35/100 brn|[from] brn
|upkeep
|turn|9
|
|t:|1626896646
|switch|p1a: Marowak|Marowak-Alola, M|46/100
|-damage|p1a: Marowak|21/100|[from] Stealth Rock
|move|p2a: Registeel|Iron Head|p1a: Marowak
|-resisted|p1a: Marowak
|-damage|p1a: Marowak|10/100
|
|upkeep
|turn|10
|
|t:|1626896654
|move|p1a: Marowak|Poltergeist||[still]
|-fail|p1a: Marowak
|move|p2a: Registeel|Iron Head|p1a: Marowak
|-resisted|p1a: Marowak
|-damage|p1a: Marowak|0 fnt
|faint|p1a: Marowak
|
|upkeep
|c|☆Rult70B evidith|ok
|
|t:|1626896665
|switch|p1a: Mienshao|Mienshao, F|40/100
|-damage|p1a: Mienshao|34/100|[from] Stealth Rock
|turn|11
|inactive|Versaucyy has 120 seconds left.
|
|t:|1626896685
|switch|p2a: Flygon|Flygon, F|100/100
|-damage|p2a: Flygon|95/100|[from] Stealth Rock
|move|p1a: Mienshao|Close Combat|p2a: Flygon
|-damage|p2a: Flygon|9/100
|-unboost|p1a: Mienshao|def|1
|-unboost|p1a: Mienshao|spd|1
|
|upkeep
|turn|12
|inactive|Versaucyy has 120 seconds left.
|
|t:|1626896693
|move|p1a: Mienshao|Close Combat|p2a: Flygon
|-damage|p2a: Flygon|0 fnt
|-unboost|p1a: Mienshao|def|1
|-unboost|p1a: Mienshao|spd|1
|faint|p2a: Flygon
|
|upkeep
|inactive|Versaucyy has 120 seconds left.
|
|t:|1626896702
|switch|p2a: Suicune|Suicune|65/100
|-damage|p2a: Suicune|53/100|[from] Stealth Rock
|-ability|p2a: Suicune|Pressure
|turn|13
|
|t:|1626896709
|switch|p1a: Indeedee|Indeedee, M|100/100
|-damage|p1a: Indeedee|88/100|[from] Stealth Rock
|-fieldstart|move: Psychic Terrain|[from] ability: Psychic Surge|[of] p1a: Indeedee
|move|p2a: Suicune|Scald|p1a: Indeedee
|-damage|p1a: Indeedee|51/100
|-status|p1a: Indeedee|brn
|
|-heal|p2a: Suicune|59/100|[from] item: Leftovers
|-damage|p1a: Indeedee|45/100 brn|[from] brn
|upkeep
|turn|14
|c|☆Rult70B evidith|lol
|
|t:|1626896719
|move|p1a: Indeedee|Expanding Force|p2a: Suicune
|-damage|p2a: Suicune|0 fnt
|faint|p2a: Suicune
|
|-damage|p1a: Indeedee|39/100 brn|[from] brn
|upkeep
|
|t:|1626896722
|switch|p2a: Barraskewda|Barraskewda, M|100/100
|-damage|p2a: Barraskewda|88/100|[from] Stealth Rock
|turn|15
|
|t:|1626896731
|switch|p1a: Starmie|Starmie|100/100
|move|p2a: Barraskewda|Flip Turn|p1a: Starmie
|-resisted|p1a: Starmie
|-damage|p1a: Starmie|74/100
|
|t:|1626896735
|switch|p2a: Raikou|Raikou|100/100|[from]move: Flip Turn
|-damage|p2a: Raikou|88/100|[from] Stealth Rock
|-ability|p2a: Raikou|Pressure
|
|-heal|p2a: Raikou|94/100|[from] item: Leftovers
|upkeep
|turn|16
|
|t:|1626896742
|move|p2a: Raikou|Substitute|p2a: Raikou
|-start|p2a: Raikou|Substitute
|-damage|p2a: Raikou|69/100
|move|p1a: Starmie|Rapid Spin|p2a: Raikou
|-activate|p2a: Raikou|move: Substitute|[damage]
|-sideend|p1: Rult70B evidith|Stealth Rock|[from] move: Rapid Spin|[of] p1a: Starmie
|-boost|p1a: Starmie|spe|1
|
|-heal|p2a: Raikou|76/100|[from] item: Leftovers
|upkeep
|turn|17
|
|t:|1626896756
|switch|p1a: Escavalier|Escavalier, M|100/100
|move|p2a: Raikou|Calm Mind|p2a: Raikou
|-boost|p2a: Raikou|spa|1
|-boost|p2a: Raikou|spd|1
|
|-heal|p2a: Raikou|82/100|[from] item: Leftovers
|-fieldend|move: Psychic Terrain
|upkeep
|turn|18
|
|t:|1626896761
|move|p2a: Raikou|Thunderbolt|p1a: Escavalier
|-damage|p1a: Escavalier|48/100
|-status|p1a: Escavalier|par
|move|p1a: Escavalier|Knock Off|p2a: Raikou
|-end|p2a: Raikou|Substitute
|
|-heal|p2a: Raikou|88/100|[from] item: Leftovers
|upkeep
|turn|19
|
|t:|1626896769
|move|p2a: Raikou|Thunderbolt|p1a: Escavalier
|-damage|p1a: Escavalier|0 fnt
|faint|p1a: Escavalier
|
|-heal|p2a: Raikou|94/100|[from] item: Leftovers
|upkeep
|
|t:|1626896779
|switch|p1a: Whimsicott|Whimsicott, M|35/100 brn
|turn|20
|
|t:|1626896796
|move|p1a: Whimsicott|Knock Off|p2a: Raikou
|-damage|p2a: Raikou|84/100
|-enditem|p2a: Raikou|Leftovers|[from] move: Knock Off|[of] p1a: Whimsicott
|move|p2a: Raikou|Shadow Ball|p1a: Whimsicott
|-damage|p1a: Whimsicott|0 fnt
|faint|p1a: Whimsicott
|
|upkeep
|
|t:|1626896804
|switch|p1a: Mienshao|Mienshao, F|67/100
|turn|21
|inactive|Versaucyy has 120 seconds left.
|
|t:|1626896838
|move|p1a: Mienshao|U-turn|p2a: Raikou
|-damage|p2a: Raikou|54/100
|
|t:|1626896863
|switch|p1a: Starmie|Starmie|74/100|[from]move: U-turn
|move|p2a: Raikou|Thunderbolt|p1a: Starmie
|-supereffective|p1a: Starmie
|-damage|p1a: Starmie|0 fnt
|faint|p1a: Starmie
|
|upkeep
|
|t:|1626896865
|switch|p1a: Mienshao|Mienshao, F|99/100
|turn|22
|
|t:|1626896880
|switch|p2a: Registeel|Registeel|90/100
|-damage|p2a: Registeel|83/100|[from] Stealth Rock
|move|p1a: Mienshao|Close Combat|p2a: Registeel
|-supereffective|p2a: Registeel
|-damage|p2a: Registeel|0 fnt
|-unboost|p1a: Mienshao|def|1
|-unboost|p1a: Mienshao|spd|1
|faint|p2a: Registeel
|
|upkeep
|
|t:|1626896882
|switch|p2a: Barraskewda|Barraskewda, M|88/100
|-damage|p2a: Barraskewda|76/100|[from] Stealth Rock
|turn|23
|inactive|Rult70B evidith has 120 seconds left.
|inactive|Versaucyy has 120 seconds left.
|
|t:|1626896942
|move|p2a: Barraskewda|Aqua Jet|p1a: Mienshao
|-damage|p1a: Mienshao|13/100
|move|p1a: Mienshao|Close Combat|p2a: Barraskewda
|-damage|p2a: Barraskewda|0 fnt
|-unboost|p1a: Mienshao|def|1
|-unboost|p1a: Mienshao|spd|1
|faint|p2a: Barraskewda
|
|upkeep
|
|t:|1626896947
|switch|p2a: Raikou|Raikou|54/100
|-damage|p2a: Raikou|42/100|[from] Stealth Rock
|-ability|p2a: Raikou|Pressure
|turn|24
|c|☆Versaucyy|gg
|inactive|Rult70B evidith has 90 seconds left.
|l|+Lunala
|
|t:|1626896985
|move|p1a: Mienshao|Close Combat|p2a: Raikou
|-damage|p2a: Raikou|0 fnt
|-unboost|p1a: Mienshao|def|1
|-unboost|p1a: Mienshao|spd|1
|faint|p2a: Raikou
|
|win|Rult70B evidith
|raw|Rult70B evidith's rating: 1432 &rarr; <strong>1445</strong><br />(+13 for winning)
|raw|Versaucyy's rating: 1302 &rarr; <strong>1289</strong><br />(-13 for losing)
|l|☆Rult70B evidith
|l|☆Versaucyy
||Ladder isn't responding, score probably updated but might not have (Request timeout).
