|j|☆Brret
|j|☆Testinganteater
|t:|1639964335
|gametype|singles
|player|p1|Brret|alder|1165
|player|p2|Testinganteater|265|1470
|teamsize|p1|6
|teamsize|p2|6
|gen|8
|tier|[Gen 8] RU
|rated|
|rule|Sleep Clause Mod: Limit one foe put to sleep
|rule|Species Clause: Limit one of each Pokémon
|rule|OHKO Clause: OHKO moves are banned
|rule|Evasion Moves Clause: Evasion moves are banned
|rule|Endless Battle Clause: Forcing endless battles is banned
|rule|HP Percentage Mod: HP is shown in percentages
|rule|Dynamax Clause: You cannot dynamax
|clearpoke
|poke|p1|Metagross|
|poke|p1|Flygon, M|
|poke|p1|Roserade, M|
|poke|p1|Porygon2|
|poke|p1|Togekiss, M|
|poke|p1|Gastrodon, M|
|poke|p2|Raikou|
|poke|p2|Crobat, M|
|poke|p2|Heracross, M|
|poke|p2|Gastrodon-East, M|
|poke|p2|Stakataka|
|poke|p2|Celebi|
|teampreview
|inactive|Battle timer is ON: inactive players will automatically lose when time's up. (requested by Brret)
|
|t:|1639964344
|start
|switch|p1a: Porygon2|Porygon2|100/100
|switch|p2a: Crobat|Crobat, M|100/100
|-ability|p1a: Porygon2|Infiltrator|[from] ability: Trace|[of] p2a: Crobat
|turn|1
|
|t:|1639964353
|move|p2a: Crobat|U-turn|p1a: Porygon2
|-damage|p1a: Porygon2|89/100
|
|t:|1639964357
|switch|p2a: Heracross|Heracross, M|100/100|[from]move: U-turn
|move|p1a: Porygon2|Ice Beam|p2a: Heracross
|-damage|p2a: Heracross|74/100
|
|-status|p2a: Heracross|brn|[from] item: Flame Orb
|upkeep
|turn|2
|
|t:|1639964363
|switch|p1a: Togekiss|Togekiss, M|100/100
|move|p2a: Heracross|Knock Off|p1a: Togekiss
|-resisted|p1a: Togekiss
|-damage|p1a: Togekiss|77/100
|-enditem|p1a: Togekiss|Heavy-Duty Boots|[from] move: Knock Off|[of] p2a: Heracross
|
|-damage|p2a: Heracross|68/100 brn|[from] brn
|upkeep
|turn|3
|
|t:|1639964373
|switch|p2a: Stakataka|Stakataka|100/100
|move|p1a: Togekiss|Air Slash|p2a: Stakataka
|-resisted|p2a: Stakataka
|-damage|p2a: Stakataka|95/100
|
|-heal|p2a: Stakataka|100/100|[from] item: Leftovers
|upkeep
|turn|4
|
|t:|1639964379
|move|p1a: Togekiss|Roost|p1a: Togekiss
|-heal|p1a: Togekiss|100/100
|-singleturn|p1a: Togekiss|move: Roost
|move|p2a: Stakataka|Stealth Rock|p1a: Togekiss
|-sidestart|p1: Brret|move: Stealth Rock
|
|upkeep
|turn|5
|
|t:|1639964385
|switch|p1a: Gastrodon|Gastrodon, M|100/100
|-damage|p1a: Gastrodon|94/100|[from] Stealth Rock
|move|p2a: Stakataka|Gyro Ball|p1a: Gastrodon
|-resisted|p1a: Gastrodon
|-damage|p1a: Gastrodon|78/100
|
|-heal|p1a: Gastrodon|85/100|[from] item: Leftovers
|upkeep
|turn|6
|
|t:|1639964393
|switch|p2a: Celebi|Celebi|100/100
|move|p1a: Gastrodon|Toxic|p2a: Celebi
|-status|p2a: Celebi|tox
|
|-heal|p1a: Gastrodon|91/100|[from] item: Leftovers
|-damage|p2a: Celebi|94/100 tox|[from] psn
|upkeep
|turn|7
|
|t:|1639964403
|switch|p1a: Porygon2|Porygon2|89/100
|-damage|p1a: Porygon2|77/100|[from] Stealth Rock
|-ability|p1a: Porygon2|Natural Cure|[from] ability: Trace|[of] p2a: Celebi
|move|p2a: Celebi|U-turn|p1a: Porygon2
|-damage|p1a: Porygon2|67/100
|
|t:|1639964406
|-curestatus|p2a: Celebi|tox|[from] ability: Natural Cure
|switch|p2a: Heracross|Heracross, M|68/100 brn|[from]move: U-turn
|
|-damage|p2a: Heracross|62/100 brn|[from] brn
|upkeep
|turn|8
|
|t:|1639964424
|switch|p1a: Gastrodon|Gastrodon, M|91/100
|-damage|p1a: Gastrodon|85/100|[from] Stealth Rock
|move|p2a: Heracross|Close Combat|p1a: Gastrodon
|-damage|p1a: Gastrodon|15/100
|-unboost|p2a: Heracross|def|1
|-unboost|p2a: Heracross|spd|1
|
|-heal|p1a: Gastrodon|21/100|[from] item: Leftovers
|-damage|p2a: Heracross|56/100 brn|[from] brn
|upkeep
|turn|9
|
|t:|1639964430
|switch|p1a: Togekiss|Togekiss, M|100/100
|-damage|p1a: Togekiss|76/100|[from] Stealth Rock
|move|p2a: Heracross|Facade|p1a: Togekiss
|-damage|p1a: Togekiss|11/100
|
|-damage|p2a: Heracross|50/100 brn|[from] brn
|upkeep
|turn|10
|
|t:|1639964441
|move|p2a: Heracross|Facade|p1a: Togekiss
|-damage|p1a: Togekiss|0 fnt
|faint|p1a: Togekiss
|
|-damage|p2a: Heracross|44/100 brn|[from] brn
|upkeep
|
|t:|1639964448
|switch|p1a: Roserade|Roserade, M|100/100
|-damage|p1a: Roserade|88/100|[from] Stealth Rock
|turn|11
|
|t:|1639964456
|switch|p2a: Crobat|Crobat, M|100/100
|move|p1a: Roserade|Sludge Bomb|p2a: Crobat
|-resisted|p2a: Crobat
|-damage|p2a: Crobat|71/100
|
|-heal|p1a: Roserade|94/100|[from] item: Black Sludge
|upkeep
|turn|12
|
|t:|1639964463
|switch|p1a: Porygon2|Porygon2|67/100
|-damage|p1a: Porygon2|55/100|[from] Stealth Rock
|-ability|p1a: Porygon2|Infiltrator|[from] ability: Trace|[of] p2a: Crobat
|move|p2a: Crobat|U-turn|p1a: Porygon2
|-damage|p1a: Porygon2|43/100
|
|t:|1639964466
|switch|p2a: Heracross|Heracross, M|44/100 brn|[from]move: U-turn
|
|-damage|p2a: Heracross|38/100 brn|[from] brn
|upkeep
|turn|13
|
|t:|1639964473
|switch|p1a: Roserade|Roserade, M|94/100
|-damage|p1a: Roserade|82/100|[from] Stealth Rock
|move|p2a: Heracross|Facade|p1a: Roserade
|-damage|p1a: Roserade|0 fnt
|faint|p1a: Roserade
|
|-damage|p2a: Heracross|32/100 brn|[from] brn
|upkeep
|-message|Brret forfeited.
|
|win|Testinganteater
|raw|Brret's rating: 1165 &rarr; <strong>1158</strong><br />(-7 for losing)
|raw|Testinganteater's rating: 1470 &rarr; <strong>1476</strong><br />(+6 for winning)
|l|☆Brret
