|j|☆acrimsonmirror
|j|☆R3d_VGC
|t:|1664487778
|gametype|singles
|player|p1|acrimsonmirror|ghetsis|1100
|player|p2|R3d_VGC|2|1240
|teamsize|p1|6
|teamsize|p2|6
|gen|8
|tier|[Gen 8] RU
|rated|
|rule|Sleep Clause Mod: Limit one foe put to sleep
|rule|Species Clause: Limit one of each Pokémon
|rule|OHKO Clause: OHKO moves are banned
|rule|Evasion Items Clause: Evasion items are banned
|rule|Evasion Moves Clause: Evasion moves are banned
|rule|Endless Battle Clause: Forcing endless battles is banned
|rule|HP Percentage Mod: HP is shown in percentages
|rule|Dynamax Clause: You cannot dynamax
|clearpoke
|poke|p1|Rhyperior, F|
|poke|p1|Golisopod, M|
|poke|p1|Chandelure, M|
|poke|p1|Nidoqueen, F|
|poke|p1|Togekiss, M|
|poke|p1|Klefki, F|
|poke|p2|Lucario, M|
|poke|p2|Slurpuff, F|
|poke|p2|Incineroar, F|
|poke|p2|Milotic, M|
|poke|p2|Tsareena, F|
|poke|p2|Polteageist|
|teampreview
|
|t:|1664487797
|start
|switch|p1a: Klefki|Klefki, F|100/100
|switch|p2a: Tsareena|Tsareena, F|100/100
|turn|1
|
|t:|1664487803
|move|p1a: Klefki|Spikes|p2a: Tsareena
|-sidestart|p2: R3d_VGC|Spikes
|move|p2a: Tsareena|Power Whip|p1a: Klefki
|-resisted|p1a: Klefki
|-crit|p1a: Klefki
|-damage|p1a: Klefki|50/100
|
|-heal|p1a: Klefki|56/100|[from] item: Leftovers
|upkeep
|turn|2
|
|t:|1664487811
|move|p1a: Klefki|Thunder Wave||[still]
|cant|p2a: Tsareena|ability: Queenly Majesty|Thunder Wave|[of] p1a: Klefki
|move|p2a: Tsareena|Rapid Spin|p1a: Klefki
|-resisted|p1a: Klefki
|-damage|p1a: Klefki|47/100
|-boost|p2a: Tsareena|spe|1
|-sideend|p2: R3d_VGC|Spikes|[from] move: Rapid Spin|[of] p2a: Tsareena
|
|-heal|p1a: Klefki|53/100|[from] item: Leftovers
|upkeep
|turn|3
|
|t:|1664487835
|switch|p1a: Golisopod|Golisopod, M|100/100
|move|p2a: Tsareena|Rapid Spin|p1a: Golisopod
|-crit|p1a: Golisopod
|-damage|p1a: Golisopod|82/100
|-boost|p2a: Tsareena|spe|1
|
|upkeep
|turn|4
|
|t:|1664487842
|move|p1a: Golisopod|First Impression||[still]
|cant|p2a: Tsareena|ability: Queenly Majesty|First Impression|[of] p1a: Golisopod
|move|p2a: Tsareena|U-turn|p1a: Golisopod
|-damage|p1a: Golisopod|64/100
|
|t:|1664487845
|switch|p2a: Incineroar|Incineroar, F|100/100|[from]move: U-turn
|-ability|p2a: Incineroar|Intimidate|boost
|-unboost|p1a: Golisopod|atk|1
|
|upkeep
|turn|5
|
|t:|1664487850
|move|p2a: Incineroar|Will-O-Wisp|p1a: Golisopod
|-status|p1a: Golisopod|brn
|move|p1a: Golisopod|Liquidation|p2a: Incineroar
|-supereffective|p2a: Incineroar
|-damage|p2a: Incineroar|70/100
|
|-heal|p2a: Incineroar|76/100|[from] item: Leftovers
|-damage|p1a: Golisopod|58/100 brn|[from] brn
|upkeep
|turn|6
|
|t:|1664487862
|move|p2a: Incineroar|Knock Off|p1a: Golisopod
|-damage|p1a: Golisopod|24/100 brn
|-enditem|p1a: Golisopod|Heavy-Duty Boots|[from] move: Knock Off|[of] p2a: Incineroar
|-activate|p1a: Golisopod|ability: Emergency Exit
|
|t:|1664487870
|switch|p1a: Nidoqueen|Nidoqueen, F|100/100
|
|-heal|p2a: Incineroar|82/100|[from] item: Leftovers
|upkeep
|turn|7
|
|t:|1664487876
|switch|p2a: Milotic|Milotic, M|100/100
|move|p1a: Nidoqueen|Earth Power|p2a: Milotic
|-damage|p2a: Milotic|62/100
|
|upkeep
|turn|8
|
|t:|1664487883
|move|p1a: Nidoqueen|Toxic|p2a: Milotic
|-status|p2a: Milotic|tox
|move|p2a: Milotic|Recover|p2a: Milotic
|-heal|p2a: Milotic|100/100 tox
|
|-damage|p2a: Milotic|94/100 tox|[from] psn
|upkeep
|turn|9
|
|t:|1664487892
|switch|p1a: Klefki|Klefki, F|53/100
|move|p2a: Milotic|Scald|p1a: Klefki
|-damage|p1a: Klefki|23/100
|-status|p1a: Klefki|brn
|
|-heal|p1a: Klefki|28/100 brn|[from] item: Leftovers
|-damage|p2a: Milotic|82/100 tox|[from] psn
|-damage|p1a: Klefki|23/100 brn|[from] brn
|upkeep
|turn|10
|
|t:|1664487903
|move|p1a: Klefki|Thunder Wave||[still]
|-fail|p1a: Klefki
|move|p2a: Milotic|Flip Turn|p1a: Klefki
|-damage|p1a: Klefki|8/100 brn
|
|t:|1664487906
|switch|p2a: Tsareena|Tsareena, F|100/100|[from]move: Flip Turn
|
|-heal|p1a: Klefki|14/100 brn|[from] item: Leftovers
|-damage|p1a: Klefki|8/100 brn|[from] brn
|upkeep
|turn|11
|
|t:|1664487917
|switch|p1a: Togekiss|Togekiss, M|100/100
|move|p2a: Tsareena|Rapid Spin|p1a: Togekiss
|-damage|p1a: Togekiss|86/100
|-boost|p2a: Tsareena|spe|1
|
|upkeep
|turn|12
|
|t:|1664487925
|move|p2a: Tsareena|U-turn|p1a: Togekiss
|-resisted|p1a: Togekiss
|-damage|p1a: Togekiss|81/100
|
|t:|1664487929
|switch|p2a: Incineroar|Incineroar, F|82/100|[from]move: U-turn
|-ability|p2a: Incineroar|Intimidate|boost
|-unboost|p1a: Togekiss|atk|1
|move|p1a: Togekiss|Nasty Plot|p1a: Togekiss
|-boost|p1a: Togekiss|spa|2
|
|-heal|p2a: Incineroar|88/100|[from] item: Leftovers
|upkeep
|turn|13
|
|t:|1664487938
|move|p1a: Togekiss|Air Slash|p2a: Incineroar
|-damage|p2a: Incineroar|35/100
|move|p2a: Incineroar|Flare Blitz|p1a: Togekiss
|-damage|p1a: Togekiss|27/100
|-damage|p2a: Incineroar|18/100|[from] Recoil
|
|-heal|p2a: Incineroar|24/100|[from] item: Leftovers
|upkeep
|turn|14
|
|t:|1664487947
|move|p1a: Togekiss|Roost|p1a: Togekiss
|-heal|p1a: Togekiss|77/100
|-singleturn|p1a: Togekiss|move: Roost
|move|p2a: Incineroar|Flare Blitz|p1a: Togekiss
|-damage|p1a: Togekiss|24/100
|-damage|p2a: Incineroar|7/100|[from] Recoil
|
|-heal|p2a: Incineroar|13/100|[from] item: Leftovers
|upkeep
|turn|15
|
|t:|1664487956
|move|p1a: Togekiss|Roost|p1a: Togekiss
|-heal|p1a: Togekiss|74/100
|-singleturn|p1a: Togekiss|move: Roost
|move|p2a: Incineroar|Parting Shot|p1a: Togekiss
|-unboost|p1a: Togekiss|atk|1
|-unboost|p1a: Togekiss|spa|1
|
|t:|1664487961
|switch|p2a: Lucario|Lucario, M|100/100|[from]move: Parting Shot
|
|upkeep
|turn|16
|
|t:|1664487967
|move|p2a: Lucario|Meteor Mash|p1a: Togekiss
|-supereffective|p1a: Togekiss
|-damage|p1a: Togekiss|0 fnt
|faint|p1a: Togekiss
|-damage|p2a: Lucario|91/100|[from] item: Life Orb
|
|upkeep
|
|t:|1664487975
|switch|p1a: Nidoqueen|Nidoqueen, F|100/100
|turn|17
|
|t:|1664487978
|switch|p2a: Milotic|Milotic, M|82/100 tox
|move|p1a: Nidoqueen|Earth Power|p2a: Milotic
|-damage|p2a: Milotic|44/100 tox
|
|-damage|p2a: Milotic|38/100 tox|[from] psn
|upkeep
|turn|18
|
|t:|1664487987
|switch|p1a: Golisopod|Golisopod, M|24/100 brn
|move|p2a: Milotic|Scald|p1a: Golisopod
|-resisted|p1a: Golisopod
|-damage|p1a: Golisopod|4/100 brn
|
|-damage|p2a: Milotic|26/100 tox|[from] psn
|-damage|p1a: Golisopod|0 fnt|[from] brn
|faint|p1a: Golisopod
|upkeep
|
|t:|1664488009
|switch|p1a: Chandelure|Chandelure, M|100/100
|turn|19
|
|t:|1664488013
|move|p1a: Chandelure|Energy Ball|p2a: Milotic
|-supereffective|p2a: Milotic
|-damage|p2a: Milotic|0 fnt
|faint|p2a: Milotic
|
|upkeep
|
|t:|1664488016
|switch|p2a: Incineroar|Incineroar, F|13/100
|-ability|p2a: Incineroar|Intimidate|boost
|-unboost|p1a: Chandelure|atk|1
|turn|20
|
|t:|1664488022
|move|p1a: Chandelure|Energy Ball|p2a: Incineroar
|-resisted|p2a: Incineroar
|-damage|p2a: Incineroar|0 fnt
|faint|p2a: Incineroar
|
|upkeep
|
|t:|1664488033
|switch|p2a: Slurpuff|Slurpuff, F|100/100
|turn|21
|
|t:|1664488038
|switch|p1a: Nidoqueen|Nidoqueen, F|100/100
|move|p2a: Slurpuff|Sticky Web|p1a: Nidoqueen
|-sidestart|p1: acrimsonmirror|move: Sticky Web
|
|upkeep
|turn|22
|
|t:|1664488045
|move|p1a: Nidoqueen|Sludge Wave|p2a: Slurpuff
|-supereffective|p2a: Slurpuff
|-damage|p2a: Slurpuff|0 fnt
|faint|p2a: Slurpuff
|
|upkeep
|
|t:|1664488048
|switch|p2a: Polteageist|Polteageist|100/100
|turn|23
|
|t:|1664488052
|move|p1a: Nidoqueen|Toxic|p2a: Polteageist
|-status|p2a: Polteageist|tox
|move|p2a: Polteageist|Shell Smash|p2a: Polteageist
|-unboost|p2a: Polteageist|def|1
|-unboost|p2a: Polteageist|spd|1
|-boost|p2a: Polteageist|atk|2
|-boost|p2a: Polteageist|spa|2
|-boost|p2a: Polteageist|spe|2
|
|-damage|p2a: Polteageist|94/100 tox|[from] psn
|upkeep
|turn|24
|
|t:|1664488062
|switch|p1a: Klefki|Klefki, F|8/100 brn
|-activate|p1a: Klefki|move: Sticky Web
|-unboost|p1a: Klefki|spe|1
|move|p2a: Polteageist|Stored Power|p1a: Klefki
|-resisted|p1a: Klefki
|-damage|p1a: Klefki|0 fnt
|faint|p1a: Klefki
|
|-damage|p2a: Polteageist|82/100 tox|[from] psn
|upkeep
|
|t:|1664488076
|switch|p1a: Rhyperior|Rhyperior, F|100/100
|-activate|p1a: Rhyperior|move: Sticky Web
|-unboost|p1a: Rhyperior|spe|1
|turn|25
|
|t:|1664488081
|move|p2a: Polteageist|Giga Drain|p1a: Rhyperior
|-supereffective|p1a: Rhyperior
|-damage|p1a: Rhyperior|0 fnt
|-heal|p2a: Polteageist|100/100 tox|[from] drain|[of] p1a: Rhyperior
|faint|p1a: Rhyperior
|
|-damage|p2a: Polteageist|82/100 tox|[from] psn
|upkeep
|
|t:|1664488089
|switch|p1a: Nidoqueen|Nidoqueen, F|100/100
|-activate|p1a: Nidoqueen|move: Sticky Web
|-unboost|p1a: Nidoqueen|spe|1
|turn|26
|c|☆R3d_VGC|gg
|
|t:|1664488099
|move|p2a: Polteageist|Stored Power|p1a: Nidoqueen
|-supereffective|p1a: Nidoqueen
|-damage|p1a: Nidoqueen|0 fnt
|faint|p1a: Nidoqueen
|
|-damage|p2a: Polteageist|58/100 tox|[from] psn
|upkeep
|
|t:|1664488106
|switch|p1a: Chandelure|Chandelure, M|100/100
|-activate|p1a: Chandelure|move: Sticky Web
|-unboost|p1a: Chandelure|spe|1
|turn|27
|
|t:|1664488110
|move|p2a: Polteageist|Shadow Ball|p1a: Chandelure
|-supereffective|p1a: Chandelure
|-damage|p1a: Chandelure|0 fnt
|faint|p1a: Chandelure
|
|win|R3d_VGC
|raw|acrimsonmirror's rating: 1100 &rarr; <strong>1085</strong><br />(-15 for losing)
|raw|R3d_VGC's rating: 1240 &rarr; <strong>1255</strong><br />(+15 for winning)
|l|☆acrimsonmirror
