|j|☆Splashinganteater
|j|☆velsk
|t:|1624863780
|gametype|singles
|player|p1|Splashinganteater|palmer|1391
|player|p2|velsk|170|1234
|teamsize|p1|6
|teamsize|p2|6
|gen|8
|tier|[Gen 8] RU
|rated|
|rule|Sleep Clause Mod: Limit one foe put to sleep
|rule|Species Clause: Limit one of each Pokémon
|rule|OHKO Clause: OHKO moves are banned
|rule|Evasion Moves Clause: Evasion moves are banned
|rule|Endless Battle Clause: Forcing endless battles is banned
|rule|HP Percentage Mod: HP is shown in percentages
|rule|Dynamax Clause: You cannot dynamax
|clearpoke
|poke|p1|Togekiss, F|
|poke|p1|Milotic, F|
|poke|p1|Steelix, M|
|poke|p1|Celebi|
|poke|p1|Xurkitree|
|poke|p1|Crobat, M|
|poke|p2|Obstagoon, F|
|poke|p2|Indeedee-F, F|
|poke|p2|Volcanion|
|poke|p2|Flygon, M|
|poke|p2|Metagross|
|poke|p2|Cloyster, F|
|teampreview
|
|t:|1624863792
|start
|switch|p1a: Celebi|Celebi|100/100
|switch|p2a: Flygon|Flygon, M|100/100
|turn|1
|
|t:|1624863799
|switch|p1a: Crobat|Crobat, M|100/100
|move|p2a: Flygon|U-turn|p1a: Crobat
|-resisted|p1a: Crobat
|-damage|p1a: Crobat|95/100
|
|t:|1624863823
|switch|p2a: Metagross|Metagross|100/100|[from]move: U-turn
|
|upkeep
|turn|2
|inactive|Battle timer is ON: inactive players will automatically lose when time's up. (requested by Splashinganteater)
|
|t:|1624863828
|move|p1a: Crobat|U-turn|p2a: Metagross
|-damage|p2a: Metagross|89/100
|
|t:|1624863830
|switch|p1a: Milotic|Milotic, F|100/100|[from]move: U-turn
|move|p2a: Metagross|Stealth Rock|p1a: Milotic
|-sidestart|p1: Splashinganteater|move: Stealth Rock
|
|upkeep
|turn|3
|
|t:|1624863840
|switch|p2a: Obstagoon|Obstagoon, F|100/100
|move|p1a: Milotic|Toxic|p2a: Obstagoon
|-status|p2a: Obstagoon|tox
|
|-damage|p2a: Obstagoon|94/100 tox|[from] psn
|upkeep
|turn|4
|
|t:|1624863855
|switch|p1a: Steelix|Steelix, M|100/100
|-damage|p1a: Steelix|97/100|[from] Stealth Rock
|move|p2a: Obstagoon|Knock Off|p1a: Steelix
|-damage|p1a: Steelix|68/100
|-enditem|p1a: Steelix|Leftovers|[from] move: Knock Off|[of] p2a: Obstagoon
|
|-damage|p2a: Obstagoon|82/100 tox|[from] psn
|upkeep
|turn|5
|
|t:|1624863867
|switch|p1a: Crobat|Crobat, M|95/100
|move|p2a: Obstagoon|Close Combat|p1a: Crobat
|-resisted|p1a: Crobat
|-damage|p1a: Crobat|82/100
|-unboost|p2a: Obstagoon|def|1
|-unboost|p2a: Obstagoon|spd|1
|
|-damage|p2a: Obstagoon|64/100 tox|[from] psn
|upkeep
|turn|6
|j| meatybawls
|
|t:|1624863883
|switch|p2a: Flygon|Flygon, M|100/100
|move|p1a: Crobat|U-turn|p2a: Flygon
|-crit|p2a: Flygon
|-damage|p2a: Flygon|73/100
|
|t:|1624863890
|switch|p1a: Milotic|Milotic, F|100/100|[from]move: U-turn
|-damage|p1a: Milotic|88/100|[from] Stealth Rock
|
|-heal|p2a: Flygon|79/100|[from] item: Leftovers
|-heal|p1a: Milotic|94/100|[from] item: Leftovers
|upkeep
|turn|7
|
|t:|1624863899
|move|p2a: Flygon|U-turn|p1a: Milotic
|-damage|p1a: Milotic|81/100
|
|t:|1624863917
|switch|p2a: Obstagoon|Obstagoon, F|64/100 tox|[from]move: U-turn
|move|p1a: Milotic|Flip Turn|p2a: Obstagoon
|-damage|p2a: Obstagoon|51/100 tox
|
|t:|1624863930
|switch|p1a: Xurkitree|Xurkitree|100/100|[from]move: Flip Turn
|-damage|p1a: Xurkitree|88/100|[from] Stealth Rock
|
|-damage|p2a: Obstagoon|45/100 tox|[from] psn
|upkeep
|turn|8
|
|t:|1624863938
|move|p2a: Obstagoon|Obstruct|p2a: Obstagoon
|-singleturn|p2a: Obstagoon|Protect
|move|p1a: Xurkitree|Volt Switch|p2a: Obstagoon
|-activate|p2a: Obstagoon|move: Protect
|
|-damage|p2a: Obstagoon|33/100 tox|[from] psn
|upkeep
|turn|9
|
|t:|1624863948
|switch|p2a: Flygon|Flygon, M|79/100
|move|p1a: Xurkitree|Volt Switch|p2a: Flygon
|-immune|p2a: Flygon
|
|-heal|p2a: Flygon|85/100|[from] item: Leftovers
|upkeep
|turn|10
|
|t:|1624863960
|switch|p1a: Crobat|Crobat, M|82/100
|move|p2a: Flygon|U-turn|p1a: Crobat
|-resisted|p1a: Crobat
|-damage|p1a: Crobat|76/100
|
|t:|1624863969
|switch|p2a: Indeedee|Indeedee-F, F|100/100|[from]move: U-turn
|-fieldstart|move: Psychic Terrain|[from] ability: Psychic Surge|[of] p2a: Indeedee
|
|upkeep
|turn|11
|
|t:|1624863975
|switch|p1a: Celebi|Celebi|100/100
|move|p2a: Indeedee|Expanding Force|p1a: Celebi
|-resisted|p1a: Celebi
|-damage|p1a: Celebi|75/100
|
|upkeep
|turn|12
|
|t:|1624863991
|switch|p2a: Volcanion|Volcanion|100/100
|move|p1a: Celebi|Thunder Wave|p2a: Volcanion
|-status|p2a: Volcanion|par
|
|upkeep
|turn|13
|
|t:|1624864008
|move|p1a: Celebi|U-turn|p2a: Volcanion
|-resisted|p2a: Volcanion
|-damage|p2a: Volcanion|94/100 par
|
|t:|1624864029
|switch|p1a: Togekiss|Togekiss, F|100/100|[from]move: U-turn
|move|p2a: Volcanion|Flamethrower|p1a: Togekiss
|-damage|p1a: Togekiss|63/100
|
|upkeep
|turn|14
|
|t:|1624864043
|move|p1a: Togekiss|Roost|p1a: Togekiss
|-heal|p1a: Togekiss|100/100
|-singleturn|p1a: Togekiss|move: Roost
|cant|p2a: Volcanion|par
|
|-fieldend|move: Psychic Terrain
|upkeep
|turn|15
|
|t:|1624864053
|move|p1a: Togekiss|Air Slash|p2a: Volcanion
|-damage|p2a: Volcanion|62/100 par
|cant|p2a: Volcanion|flinch
|
|upkeep
|turn|16
|
|t:|1624864062
|switch|p2a: Metagross|Metagross|89/100
|move|p1a: Togekiss|Air Slash|p2a: Metagross
|-resisted|p2a: Metagross
|-damage|p2a: Metagross|74/100
|
|upkeep
|turn|17
|
|t:|1624864070
|switch|p1a: Milotic|Milotic, F|81/100
|-damage|p1a: Milotic|69/100|[from] Stealth Rock
|switch|p2a: Obstagoon|Obstagoon, F|33/100 tox
|
|-heal|p1a: Milotic|75/100|[from] item: Leftovers
|-damage|p2a: Obstagoon|26/100 tox|[from] psn
|upkeep
|turn|18
|
|t:|1624864085
|switch|p1a: Steelix|Steelix, M|68/100
|-damage|p1a: Steelix|65/100|[from] Stealth Rock
|move|p2a: Obstagoon|Facade|p1a: Steelix
|-resisted|p1a: Steelix
|-damage|p1a: Steelix|42/100
|
|-damage|p2a: Obstagoon|14/100 tox|[from] psn
|upkeep
|turn|19
|
|t:|1624864098
|switch|p2a: Volcanion|Volcanion|62/100 par
|move|p1a: Steelix|Stealth Rock|p2a: Volcanion
|-sidestart|p2: velsk|move: Stealth Rock
|
|upkeep
|turn|20
|
|t:|1624864116
|move|p1a: Steelix|Earthquake|p2a: Volcanion
|-supereffective|p2a: Volcanion
|-damage|p2a: Volcanion|12/100 par
|move|p2a: Volcanion|Flamethrower|p1a: Steelix
|-supereffective|p1a: Steelix
|-damage|p1a: Steelix|0 fnt
|faint|p1a: Steelix
|
|upkeep
|
|t:|1624864128
|switch|p1a: Celebi|Celebi|75/100
|turn|21
|
|t:|1624864132
|move|p1a: Celebi|Leaf Blade|p2a: Volcanion
|-damage|p2a: Volcanion|0 fnt
|faint|p2a: Volcanion
|
|upkeep
|
|t:|1624864149
|switch|p2a: Metagross|Metagross|74/100
|-damage|p2a: Metagross|68/100|[from] Stealth Rock
|turn|22
|
|t:|1624864163
|switch|p2a: Indeedee|Indeedee-F, F|100/100
|-damage|p2a: Indeedee|88/100|[from] Stealth Rock
|-fieldstart|move: Psychic Terrain|[from] ability: Psychic Surge|[of] p2a: Indeedee
|move|p1a: Celebi|U-turn|p2a: Indeedee
|-supereffective|p2a: Indeedee
|-damage|p2a: Indeedee|36/100
|
|t:|1624864181
|switch|p1a: Togekiss|Togekiss, F|100/100|[from]move: U-turn
|
|upkeep
|turn|23
|
|t:|1624864190
|move|p2a: Indeedee|Expanding Force|p1a: Togekiss
|-damage|p1a: Togekiss|50/100
|move|p1a: Togekiss|Roost|p1a: Togekiss
|-heal|p1a: Togekiss|99/100
|-singleturn|p1a: Togekiss|move: Roost
|
|upkeep
|turn|24
|
|t:|1624864199
|switch|p2a: Metagross|Metagross|68/100
|-damage|p2a: Metagross|62/100|[from] Stealth Rock
|move|p1a: Togekiss|Air Slash|p2a: Metagross
|-resisted|p2a: Metagross
|-damage|p2a: Metagross|48/100
|
|upkeep
|turn|25
|
|t:|1624864214
|switch|p1a: Milotic|Milotic, F|75/100
|-damage|p1a: Milotic|62/100|[from] Stealth Rock
|switch|p2a: Indeedee|Indeedee-F, F|36/100
|-damage|p2a: Indeedee|24/100|[from] Stealth Rock
|
|-heal|p1a: Milotic|68/100|[from] item: Leftovers
|upkeep
|turn|26
|
|t:|1624864230
|switch|p1a: Celebi|Celebi|75/100
|move|p2a: Indeedee|Healing Wish|p2a: Indeedee
|faint|p2a: Indeedee
|
|-fieldend|move: Psychic Terrain
|upkeep
|
|t:|1624864238
|switch|p2a: Obstagoon|Obstagoon, F|14/100 tox
|-heal|p2a: Obstagoon|100/100|[from] move: Healing Wish
|-damage|p2a: Obstagoon|88/100|[from] Stealth Rock
|turn|27
|
|t:|1624864253
|move|p2a: Obstagoon|Obstruct|p2a: Obstagoon
|-singleturn|p2a: Obstagoon|Protect
|move|p1a: Celebi|U-turn|p2a: Obstagoon
|-activate|p2a: Obstagoon|move: Protect
|-unboost|p1a: Celebi|def|2
|
|-status|p2a: Obstagoon|brn|[from] item: Flame Orb
|upkeep
|turn|28
|
|t:|1624864268
|move|p1a: Celebi|U-turn|p2a: Obstagoon
|-supereffective|p2a: Obstagoon
|-damage|p2a: Obstagoon|51/100 brn
|
|t:|1624864272
|switch|p1a: Crobat|Crobat, M|76/100|[from]move: U-turn
|move|p2a: Obstagoon|Facade|p1a: Crobat
|-damage|p1a: Crobat|0 fnt
|faint|p1a: Crobat
|
|-damage|p2a: Obstagoon|45/100 brn|[from] brn
|upkeep
|
|t:|1624864279
|switch|p1a: Xurkitree|Xurkitree|88/100
|-damage|p1a: Xurkitree|76/100|[from] Stealth Rock
|turn|29
|
|t:|1624864287
|switch|p2a: Metagross|Metagross|48/100
|-damage|p2a: Metagross|42/100|[from] Stealth Rock
|move|p1a: Xurkitree|Dazzling Gleam|p2a: Metagross
|-resisted|p2a: Metagross
|-damage|p2a: Metagross|25/100
|
|upkeep
|turn|30
|
|t:|1624864300
|switch|p1a: Celebi|Celebi|75/100
|switch|p2a: Cloyster|Cloyster, F|100/100
|-damage|p2a: Cloyster|76/100|[from] Stealth Rock
|
|upkeep
|turn|31
|
|t:|1624864323
|move|p1a: Celebi|Thunder Wave|p2a: Cloyster
|-status|p2a: Cloyster|par
|move|p2a: Cloyster|Shell Smash|p2a: Cloyster
|-unboost|p2a: Cloyster|def|1
|-unboost|p2a: Cloyster|spd|1
|-boost|p2a: Cloyster|atk|2
|-boost|p2a: Cloyster|spa|2
|-boost|p2a: Cloyster|spe|2
|-enditem|p2a: Cloyster|White Herb
|-clearnegativeboost|p2a: Cloyster|[silent]
|
|upkeep
|turn|32
|
|t:|1624864336
|move|p1a: Celebi|Leaf Blade|p2a: Cloyster
|-supereffective|p2a: Cloyster
|-damage|p2a: Cloyster|28/100 par
|move|p2a: Cloyster|Icicle Spear|p1a: Celebi
|-supereffective|p1a: Celebi
|-damage|p1a: Celebi|39/100
|-supereffective|p1a: Celebi
|-crit|p1a: Celebi
|-damage|p1a: Celebi|0 fnt
|faint|p1a: Celebi
|-hitcount|p1: Celebi|2
|
|upkeep
|
|t:|1624864341
|switch|p1a: Xurkitree|Xurkitree|76/100
|-damage|p1a: Xurkitree|63/100|[from] Stealth Rock
|turn|33
|
|t:|1624864363
|move|p1a: Xurkitree|Dazzling Gleam|p2a: Cloyster
|-damage|p2a: Cloyster|0 fnt
|faint|p2a: Cloyster
|-ability|p1a: Xurkitree|Beast Boost|boost
|-boost|p1a: Xurkitree|spa|1
|
|upkeep
|inactive|velsk has 120 seconds left.
|-message|velsk forfeited.
|
|win|Splashinganteater
|raw|Splashinganteater's rating: 1391 &rarr; <strong>1403</strong><br />(+12 for winning)
|raw|velsk's rating: 1234 &rarr; <strong>1220</strong><br />(-14 for losing)
|l|☆velsk
