|j|☆Vorpal-117
|j|☆Papichef
|t:|1637007285
|gametype|singles
|player|p1|Vorpal-117|shadowtriad|1020
|player|p2|Papichef|1|1272
|teamsize|p1|6
|teamsize|p2|6
|gen|8
|tier|[Gen 8] RU
|rated|
|rule|Sleep Clause Mod: Limit one foe put to sleep
|rule|Species Clause: Limit one of each Pokémon
|rule|OHKO Clause: OHKO moves are banned
|rule|Evasion Moves Clause: Evasion moves are banned
|rule|Endless Battle Clause: Forcing endless battles is banned
|rule|HP Percentage Mod: HP is shown in percentages
|rule|Dynamax Clause: You cannot dynamax
|clearpoke
|poke|p1|Nidoqueen, F|
|poke|p1|Toxtricity, F|
|poke|p1|Flygon, M|
|poke|p1|Luxray, M|
|poke|p1|Togekiss, M|
|poke|p1|Absol, M|
|poke|p2|Golisopod, F|
|poke|p2|Heracross, M|
|poke|p2|Escavalier, F|
|poke|p2|Crustle, M|
|poke|p2|Shedinja|
|poke|p2|Galvantula, F|
|teampreview
|j| arielgoca
|inactive|Battle timer is ON: inactive players will automatically lose when time's up. (requested by Vorpal-117)
|
|t:|1637007328
|start
|switch|p1a: Nidoqueen|Nidoqueen, F, shiny|100/100
|switch|p2a: Shedinja|Shedinja|100/100
|turn|1
|
|t:|1637007337
|move|p2a: Shedinja|Swords Dance|p2a: Shedinja
|-boost|p2a: Shedinja|atk|2
|move|p1a: Nidoqueen|Toxic Spikes|p2a: Shedinja
|-sidestart|p2: Papichef|move: Toxic Spikes
|
|upkeep
|turn|2
|
|t:|1637007343
|move|p2a: Shedinja|Poltergeist|p1a: Nidoqueen
|-activate|p1a: Nidoqueen|move: Poltergeist|Sitrus Berry
|-damage|p1a: Nidoqueen|24/100
|-enditem|p1a: Nidoqueen|Sitrus Berry|[eat]
|-heal|p1a: Nidoqueen|49/100|[from] item: Sitrus Berry
|move|p1a: Nidoqueen|Toxic Spikes|p2a: Shedinja
|-sidestart|p2: Papichef|move: Toxic Spikes
|
|upkeep
|turn|3
|
|t:|1637007357
|move|p2a: Shedinja|X-Scissor|p1a: Nidoqueen
|-resisted|p1a: Nidoqueen
|-damage|p1a: Nidoqueen|23/100
|move|p1a: Nidoqueen|Stealth Rock|p2a: Shedinja
|-sidestart|p2: Papichef|move: Stealth Rock
|
|upkeep
|turn|4
|
|t:|1637007381
|move|p2a: Shedinja|Poltergeist||[still]
|-fail|p2a: Shedinja
|move|p1a: Nidoqueen|Dragon Tail|p2a: Shedinja
|-immune|p2a: Shedinja|[from] ability: Wonder Guard
|
|upkeep
|turn|5
|
|t:|1637007394
|move|p2a: Shedinja|X-Scissor|p1a: Nidoqueen
|-resisted|p1a: Nidoqueen
|-damage|p1a: Nidoqueen|0 fnt
|faint|p1a: Nidoqueen
|
|upkeep
|l| arielgoca
|
|t:|1637007406
|switch|p1a: Aether|Togekiss, M, shiny|100/100
|turn|6
|
|t:|1637007409
|switch|p2a: Escavalier|Escavalier, F|100/100
|move|p1a: Aether|Flamethrower|p2a: Escavalier
|-supereffective|p2a: Escavalier
|-damage|p2a: Escavalier|0 fnt
|faint|p2a: Escavalier
|
|upkeep
|
|t:|1637007415
|switch|p2a: Galvantula|Galvantula, F|100/100
|turn|7
|
|t:|1637007426
|move|p2a: Galvantula|Sticky Web|p1a: Aether
|-sidestart|p1: Vorpal-117|move: Sticky Web
|move|p1a: Aether|Air Slash|p2a: Galvantula
|-damage|p2a: Galvantula|29/100
|
|upkeep
|turn|8
|
|t:|1637007431
|move|p2a: Galvantula|Thunder|p1a: Aether
|-supereffective|p1a: Aether
|-damage|p1a: Aether|37/100
|move|p1a: Aether|Air Slash|p2a: Galvantula
|-damage|p2a: Galvantula|0 fnt
|faint|p2a: Galvantula
|
|upkeep
|
|t:|1637007438
|switch|p2a: Heracross|Heracross, M|100/100
|-status|p2a: Heracross|tox
|-damage|p2a: Heracross|88/100 tox|[from] Stealth Rock
|turn|9
|
|t:|1637007444
|move|p2a: Heracross|Stone Edge|p1a: Aether
|-supereffective|p1a: Aether
|-damage|p1a: Aether|0 fnt
|faint|p1a: Aether
|-ability|p2a: Heracross|Moxie|boost
|-boost|p2a: Heracross|atk|1
|
|-damage|p2a: Heracross|82/100 tox|[from] psn
|upkeep
|
|t:|1637007465
|switch|p1a: Tai|Flygon, M|100/100
|turn|10
|
|t:|1637007470
|switch|p2a: Shedinja|Shedinja|100/100
|move|p1a: Tai|Fire Punch|p2a: Shedinja
|-supereffective|p2a: Shedinja
|-damage|p2a: Shedinja|0 fnt
|faint|p2a: Shedinja
|
|upkeep
|
|t:|1637007478
|switch|p2a: Golisopod|Golisopod, F|100/100
|turn|11
|
|t:|1637007489
|switch|p1a: Toxtricity|Toxtricity, F|100/100
|-activate|p1a: Toxtricity|move: Sticky Web
|-unboost|p1a: Toxtricity|spe|1
|move|p2a: Golisopod|Liquidation|p1a: Toxtricity
|-damage|p1a: Toxtricity|31/100
|
|upkeep
|turn|12
|
|t:|1637007501
|switch|p2a: Heracross|Heracross, M|82/100 tox
|-damage|p2a: Heracross|70/100 tox|[from] Stealth Rock
|move|p1a: Toxtricity|Overdrive|p2a: Heracross
|-damage|p2a: Heracross|8/100 tox
|-enditem|p1a: Toxtricity|Throat Spray
|-boost|p1a: Toxtricity|spa|1|[from] item: Throat Spray
|
|-damage|p2a: Heracross|2/100 tox|[from] psn
|upkeep
|turn|13
|
|t:|1637007511
|move|p2a: Heracross|Close Combat|p1a: Toxtricity
|-resisted|p1a: Toxtricity
|-damage|p1a: Toxtricity|0 fnt
|-unboost|p2a: Heracross|def|1
|-unboost|p2a: Heracross|spd|1
|faint|p1a: Toxtricity
|-ability|p2a: Heracross|Moxie|boost
|-boost|p2a: Heracross|atk|1
|
|-damage|p2a: Heracross|0 fnt|[from] psn
|faint|p2a: Heracross
|upkeep
|
|t:|1637007528
|switch|p2a: Crustle|Crustle, M|100/100
|switch|p1a: Chidori|Luxray, M|100/100
|-activate|p1a: Chidori|move: Sticky Web
|-unboost|p1a: Chidori|spe|1
|-ability|p1a: Chidori|Intimidate|boost
|-unboost|p2a: Crustle|atk|1
|turn|14
|
|t:|1637007550
|move|p2a: Crustle|Shell Smash|p2a: Crustle
|-unboost|p2a: Crustle|def|1
|-unboost|p2a: Crustle|spd|1
|-boost|p2a: Crustle|atk|2
|-boost|p2a: Crustle|spa|2
|-boost|p2a: Crustle|spe|2
|move|p1a: Chidori|Wild Charge|p2a: Crustle
|-damage|p2a: Crustle|2/100
|-damage|p1a: Chidori|78/100|[from] Recoil
|-damage|p1a: Chidori|68/100|[from] item: Life Orb
|
|upkeep
|turn|15
|
|t:|1637007560
|move|p2a: Crustle|X-Scissor|p1a: Chidori
|-damage|p1a: Chidori|0 fnt
|faint|p1a: Chidori
|
|upkeep
|
|t:|1637007565
|switch|p1a: Ray|Absol, M|100/100
|-activate|p1a: Ray|move: Sticky Web
|-unboost|p1a: Ray|spe|1
|turn|16
|
|t:|1637007570
|move|p1a: Ray|Sucker Punch||[still]
|-fail|p1a: Ray
|move|p2a: Crustle|Shell Smash|p2a: Crustle
|-unboost|p2a: Crustle|def|1
|-unboost|p2a: Crustle|spd|1
|-boost|p2a: Crustle|atk|2
|-boost|p2a: Crustle|spa|2
|-boost|p2a: Crustle|spe|2
|
|upkeep
|turn|17
|
|t:|1637007578
|move|p1a: Ray|Sucker Punch||[still]
|-fail|p1a: Ray
|move|p2a: Crustle|Shell Smash|p2a: Crustle
|-unboost|p2a: Crustle|def|1
|-unboost|p2a: Crustle|spd|1
|-boost|p2a: Crustle|atk|2
|-boost|p2a: Crustle|spa|2
|-boost|p2a: Crustle|spe|2
|
|upkeep
|turn|18
|
|t:|1637007588
|move|p1a: Ray|Sucker Punch||[still]
|-fail|p1a: Ray
|move|p2a: Crustle|Shell Smash|p2a: Crustle
|-unboost|p2a: Crustle|def|1
|-unboost|p2a: Crustle|spd|1
|-boost|p2a: Crustle|atk|1
|-boost|p2a: Crustle|spa|0
|-boost|p2a: Crustle|spe|0
|
|upkeep
|turn|19
|
|t:|1637007596
|move|p1a: Ray|Sucker Punch||[still]
|-fail|p1a: Ray
|move|p2a: Crustle|Shell Smash|p2a: Crustle
|-unboost|p2a: Crustle|def|1
|-unboost|p2a: Crustle|spd|1
|-boost|p2a: Crustle|atk|0
|-boost|p2a: Crustle|spa|0
|-boost|p2a: Crustle|spe|0
|
|upkeep
|turn|20
|
|t:|1637007604
|move|p1a: Ray|Sucker Punch||[still]
|-fail|p1a: Ray
|move|p2a: Crustle|Shell Smash|p2a: Crustle
|-unboost|p2a: Crustle|def|1
|-unboost|p2a: Crustle|spd|1
|-boost|p2a: Crustle|atk|0
|-boost|p2a: Crustle|spa|0
|-boost|p2a: Crustle|spe|0
|
|upkeep
|turn|21
|
|t:|1637007613
|move|p2a: Crustle|X-Scissor|p1a: Ray
|-supereffective|p1a: Ray
|-damage|p1a: Ray|0 fnt
|faint|p1a: Ray
|
|upkeep
|
|t:|1637007619
|switch|p1a: Tai|Flygon, M|100/100
|turn|22
|
|t:|1637007623
|move|p2a: Crustle|X-Scissor|p1a: Tai
|-damage|p1a: Tai|0 fnt
|faint|p1a: Tai
|
|win|Papichef
|raw|Vorpal-117's rating: 1020 &rarr; <strong>1015</strong><br />(-5 for losing)
|raw|Papichef's rating: 1272 &rarr; <strong>1281</strong><br />(+9 for winning)
