|j|☆Bkseesaw101
|j|☆Melvonathan
|player|p1|Bkseesaw101|smasher|1223
|player|p2|Melvonathan|170|1182
|teamsize|p1|6
|teamsize|p2|6
|gametype|singles
|gen|8
|tier|[Gen 8] RU
|rated|
|clearpoke
|poke|p1|Ninetales, F|
|poke|p1|Torkoal, M|
|poke|p1|Shiftry, M|
|poke|p1|Palpitoad, M|
|poke|p1|Garbodor, F|
|poke|p1|Drifblim, F|
|poke|p2|Falinks|
|poke|p2|Shuckle, F|
|poke|p2|Dhelmise|
|poke|p2|Silvally-*|
|poke|p2|Pangoro, F|
|poke|p2|Kingler, M|
|rule|Sleep Clause Mod: Limit one foe put to sleep
|rule|Species Clause: Limit one of each Pokémon
|rule|OHKO Clause: OHKO moves are banned
|rule|Evasion Moves Clause: Evasion moves are banned
|rule|Endless Battle Clause: Forcing endless battles is banned
|rule|HP Percentage Mod: HP is shown in percentages
|rule|Dynamax Clause: You cannot dynamax
|teampreview
|
|start
|switch|p1a: Garbodor|Garbodor, F|100/100
|switch|p2a: Dhelmise|Dhelmise|100/100
|turn|1
|
|move|p1a: Garbodor|Toxic Spikes|p2a: Dhelmise
|-sidestart|p2: Melvonathan|move: Toxic Spikes
|move|p2a: Dhelmise|Earthquake|p1a: Garbodor
|-supereffective|p1a: Garbodor
|-damage|p1a: Garbodor|40/100
|
|upkeep
|turn|2
|
|move|p1a: Garbodor|Spikes|p2a: Dhelmise
|-sidestart|p2: Melvonathan|Spikes
|move|p2a: Dhelmise|Anchor Shot|p1a: Garbodor
|-damage|p1a: Garbodor|3/100
|-damage|p2a: Dhelmise|84/100|[from] item: Rocky Helmet|[of] p1a: Garbodor
|-activate|p1a: Garbodor|trapped
|
|upkeep
|turn|3
|
|move|p1a: Garbodor|Gunk Shot|p2a: Dhelmise|[miss]
|-miss|p1a: Garbodor|p2a: Dhelmise
|move|p2a: Dhelmise|Rapid Spin|p1a: Garbodor
|-damage|p1a: Garbodor|0 fnt
|-damage|p2a: Dhelmise|59/100|[from] ability: Aftermath|[of] p1a: Garbodor
|-damage|p2a: Dhelmise|43/100|[from] item: Rocky Helmet|[of] p1a: Garbodor
|-sideend|p2: Melvonathan|Spikes|[from] move: Rapid Spin|[of] p2a: Dhelmise
|-sideend|p2: Melvonathan|Toxic Spikes|[from] move: Rapid Spin|[of] p2a: Dhelmise
|-boost|p2a: Dhelmise|spe|1
|faint|p1a: Garbodor
|
|upkeep
|
|switch|p1a: Ninetales|Ninetales, F|100/100
|-weather|SunnyDay|[from] ability: Drought|[of] p1a: Ninetales
|turn|4
|
|move|p1a: Ninetales|Flamethrower|p2a: Dhelmise
|-supereffective|p2a: Dhelmise
|-damage|p2a: Dhelmise|0 fnt
|faint|p2a: Dhelmise
|
|-weather|SunnyDay|[upkeep]
|upkeep
|
|switch|p2a: Shuckle|Shuckle, F|100/100
|turn|5
|
|switch|p1a: Palpitoad|Palpitoad, M|100/100
|move|p2a: Shuckle|Infestation|p1a: Palpitoad
|-crit|p1a: Palpitoad
|-damage|p1a: Palpitoad|97/100
|-activate|p1a: Palpitoad|move: Infestation|[of] p2a: Shuckle
|
|-weather|SunnyDay|[upkeep]
|-damage|p1a: Palpitoad|85/100|[from] move: Infestation|[partiallytrapped]
|upkeep
|turn|6
|
|move|p1a: Palpitoad|Toxic|p2a: Shuckle
|-status|p2a: Shuckle|tox
|move|p2a: Shuckle|Stealth Rock|p1a: Palpitoad
|-sidestart|p1: Bkseesaw101|move: Stealth Rock
|
|-weather|SunnyDay|[upkeep]
|-damage|p2a: Shuckle|94/100 tox|[from] psn
|-damage|p1a: Palpitoad|72/100|[from] move: Infestation|[partiallytrapped]
|upkeep
|turn|7
|
|move|p1a: Palpitoad|Stealth Rock|p2a: Shuckle
|-sidestart|p2: Melvonathan|move: Stealth Rock
|move|p2a: Shuckle|Sticky Web|p1a: Palpitoad
|-sidestart|p1: Bkseesaw101|move: Sticky Web
|
|-weather|SunnyDay|[upkeep]
|-damage|p2a: Shuckle|82/100 tox|[from] psn
|-damage|p1a: Palpitoad|60/100|[from] move: Infestation|[partiallytrapped]
|upkeep
|turn|8
|
|move|p1a: Palpitoad|Scald|p2a: Shuckle
|-supereffective|p2a: Shuckle
|-damage|p2a: Shuckle|70/100 tox
|-enditem|p2a: Shuckle|Red Card|[of] p1a: Palpitoad
|drag|p1a: Shiftry|Shiftry, M|100/100
|-damage|p1a: Shiftry|88/100|[from] Stealth Rock
|-activate|p1a: Shiftry|move: Sticky Web
|-unboost|p1a: Shiftry|spe|1
|move|p2a: Shuckle|Infestation|p1a: Shiftry
|-supereffective|p1a: Shiftry
|-damage|p1a: Shiftry|76/100
|-activate|p1a: Shiftry|move: Infestation|[of] p2a: Shuckle
|
|-weather|SunnyDay|[upkeep]
|-damage|p2a: Shuckle|51/100 tox|[from] psn
|-damage|p1a: Shiftry|63/100|[from] move: Infestation|[partiallytrapped]
|upkeep
|turn|9
|
|move|p1a: Shiftry|Solar Blade||[still]
|-prepare|p1a: Shiftry|Solar Blade|p2a: Shuckle
|-anim|p1a: Shiftry|Solar Blade|p2a: Shuckle
|-damage|p2a: Shuckle|9/100 tox
|-damage|p1a: Shiftry|53/100|[from] item: Life Orb
|move|p2a: Shuckle|Knock Off|p1a: Shiftry
|-resisted|p1a: Shiftry
|-damage|p1a: Shiftry|48/100
|-enditem|p1a: Shiftry|Life Orb|[from] move: Knock Off|[of] p2a: Shuckle
|
|-weather|SunnyDay|[upkeep]
|-damage|p2a: Shuckle|0 fnt|[from] psn
|faint|p2a: Shuckle
|-end|p1a: Shiftry|Infestation|[partiallytrapped]|[silent]
|upkeep
|
|switch|p2a: Pangoro|Pangoro, F|100/100
|-damage|p2a: Pangoro|94/100|[from] Stealth Rock
|turn|10
|
|switch|p1a: Palpitoad|Palpitoad, M|60/100
|-activate|p1a: Palpitoad|move: Sticky Web
|-unboost|p1a: Palpitoad|spe|1
|-damage|p1a: Palpitoad|54/100|[from] Stealth Rock
|move|p2a: Pangoro|Drain Punch|p1a: Palpitoad
|-damage|p1a: Palpitoad|18/100
|-heal|p2a: Pangoro|100/100|[from] drain|[of] p1a: Palpitoad
|
|-weather|SunnyDay|[upkeep]
|upkeep
|turn|11
|
|move|p2a: Pangoro|Drain Punch|p1a: Palpitoad
|-damage|p1a: Palpitoad|0 fnt
|faint|p1a: Palpitoad
|
|-weather|none
|upkeep
|
|switch|p1a: Torkoal|Torkoal, M|100/100
|-weather|SunnyDay|[from] ability: Drought|[of] p1a: Torkoal
|turn|12
|
|switch|p2a: Silvally|Silvally-Ghost|100/100
|-damage|p2a: Silvally|88/100|[from] Stealth Rock
|move|p1a: Torkoal|Rapid Spin|p2a: Silvally
|-immune|p2a: Silvally
|
|-weather|SunnyDay|[upkeep]
|upkeep
|turn|13
|
|move|p2a: Silvally|Shadow Ball|p1a: Torkoal
|-damage|p1a: Torkoal|48/100
|-unboost|p1a: Torkoal|spd|1
|move|p1a: Torkoal|Lava Plume|p2a: Silvally
|-damage|p2a: Silvally|46/100
|
|-weather|SunnyDay|[upkeep]
|upkeep
|turn|14
|
|move|p2a: Silvally|Shadow Ball|p1a: Torkoal
|-damage|p1a: Torkoal|0 fnt
|faint|p1a: Torkoal
|
|-weather|SunnyDay|[upkeep]
|upkeep
|
|switch|p1a: Shiftry|Shiftry, M|48/100
|-damage|p1a: Shiftry|36/100|[from] Stealth Rock
|-activate|p1a: Shiftry|move: Sticky Web
|-unboost|p1a: Shiftry|spe|1
|turn|15
|
|move|p1a: Shiftry|Throat Chop|p2a: Silvally
|-supereffective|p2a: Silvally
|-damage|p2a: Silvally|0 fnt
|faint|p2a: Silvally
|
|-weather|SunnyDay|[upkeep]
|upkeep
|
|switch|p2a: Pangoro|Pangoro, F|100/100
|-damage|p2a: Pangoro|94/100|[from] Stealth Rock
|turn|16
|
|switch|p1a: Drifblim|Drifblim, F|100/100
|move|p2a: Pangoro|Thunder Punch|p1a: Drifblim
|-supereffective|p1a: Drifblim
|-damage|p1a: Drifblim|3/100
|
|-weather|none
|upkeep
|turn|17
|
|move|p2a: Pangoro|Bullet Punch|p1a: Drifblim
|-damage|p1a: Drifblim|0 fnt
|-damage|p2a: Pangoro|69/100|[from] ability: Aftermath|[of] p1a: Drifblim
|faint|p1a: Drifblim
|
|upkeep
|
|switch|p1a: Ninetales|Ninetales, F|100/100
|-activate|p1a: Ninetales|move: Sticky Web
|-unboost|p1a: Ninetales|spe|1
|-damage|p1a: Ninetales|76/100|[from] Stealth Rock
|-weather|SunnyDay|[from] ability: Drought|[of] p1a: Ninetales
|turn|18
|
|move|p1a: Ninetales|Flamethrower|p2a: Pangoro
|-damage|p2a: Pangoro|30/100
|-status|p2a: Pangoro|brn
|move|p2a: Pangoro|Drain Punch|p1a: Ninetales
|-damage|p1a: Ninetales|38/100
|-heal|p2a: Pangoro|46/100 brn|[from] drain|[of] p1a: Ninetales
|
|-weather|SunnyDay|[upkeep]
|-damage|p2a: Pangoro|40/100 brn|[from] brn
|upkeep
|turn|19
|
|move|p1a: Ninetales|Flamethrower|p2a: Pangoro
|-damage|p2a: Pangoro|0 fnt
|faint|p2a: Pangoro
|
|-weather|SunnyDay|[upkeep]
|upkeep
|c|☆Melvonathan|Burn :c
|
|switch|p2a: Falinks|Falinks|100/100
|-damage|p2a: Falinks|95/100|[from] Stealth Rock
|turn|20
|
|move|p1a: Ninetales|Will-O-Wisp|p2a: Falinks
|-status|p2a: Falinks|brn
|move|p2a: Falinks|No Retreat|p2a: Falinks
|-boost|p2a: Falinks|atk|1
|-boost|p2a: Falinks|def|1
|-boost|p2a: Falinks|spa|1
|-boost|p2a: Falinks|spd|1
|-boost|p2a: Falinks|spe|1
|-start|p2a: Falinks|move: No Retreat
|
|-weather|SunnyDay|[upkeep]
|-heal|p2a: Falinks|100/100 brn|[from] item: Leftovers
|-damage|p2a: Falinks|95/100 brn|[from] brn
|upkeep
|turn|21
|
|move|p2a: Falinks|Facade|p1a: Ninetales
|-damage|p1a: Ninetales|0 fnt
|faint|p1a: Ninetales
|
|-weather|SunnyDay|[upkeep]
|-heal|p2a: Falinks|100/100 brn|[from] item: Leftovers
|-damage|p2a: Falinks|95/100 brn|[from] brn
|upkeep
|
|switch|p1a: Shiftry|Shiftry, M|36/100
|-damage|p1a: Shiftry|24/100|[from] Stealth Rock
|-activate|p1a: Shiftry|move: Sticky Web
|-unboost|p1a: Shiftry|spe|1
|turn|22
|
|move|p1a: Shiftry|Solar Blade||[still]
|-prepare|p1a: Shiftry|Solar Blade|p2a: Falinks
|-anim|p1a: Shiftry|Solar Blade|p2a: Falinks
|-damage|p2a: Falinks|48/100 brn
|move|p2a: Falinks|Facade|p1a: Shiftry
|-damage|p1a: Shiftry|0 fnt
|faint|p1a: Shiftry
|
|win|Melvonathan
|raw|Bkseesaw101's rating: 1223 &rarr; <strong>1195</strong><br />(-28 for losing)
|raw|Melvonathan's rating: 1182 &rarr; <strong>1210</strong><br />(+28 for winning)
|c|☆Bkseesaw101|gg
|l|☆Bkseesaw101
