|raw|<div class="broadcast-blue"><strong>This battle is required to be public due to a player having a name starting with 'rult70'.</div>
|j|☆RULT70A arc
|j|☆Rult70B evidith
|t:|1626896882
|gametype|singles
|player|p1|RULT70A arc|102|1505
|player|p2|Rult70B evidith|lass-gen4dp|1432
|teamsize|p1|6
|teamsize|p2|6
|gen|8
|tier|[Gen 8] RU
|rated|
|rule|Sleep Clause Mod: Limit one foe put to sleep
|rule|Species Clause: Limit one of each Pokémon
|rule|OHKO Clause: OHKO moves are banned
|rule|Evasion Moves Clause: Evasion moves are banned
|rule|Endless Battle Clause: Forcing endless battles is banned
|rule|HP Percentage Mod: HP is shown in percentages
|rule|Dynamax Clause: You cannot dynamax
|clearpoke
|poke|p1|Cloyster, F|
|poke|p1|Aerodactyl, F|
|poke|p1|Necrozma|
|poke|p1|Doublade, M|
|poke|p1|Flygon, M|
|poke|p1|Lucario, F|
|poke|p2|Indeedee, M|
|poke|p2|Mienshao, M|
|poke|p2|Whimsicott, M|
|poke|p2|Marowak-Alola, F|
|poke|p2|Starmie|
|poke|p2|Escavalier, F|
|teampreview
|j| rult70e ifo
|j| rult70rabbit
|j| rult70m mac3 ✝
|l| rult70m mac3 ✝
|j| rult70m mac3 ✝
|
|t:|1626896965
|start
|switch|p1a: Aerodactyl|Aerodactyl, F|100/100
|switch|p2a: Starmie|Starmie|100/100
|-ability|p1a: Aerodactyl|Unnerve
|turn|1
|
|t:|1626896972
|move|p1a: Aerodactyl|Dual Wingbeat|p2a: Starmie|[miss]
|-miss|p1a: Aerodactyl|p2a: Starmie
|move|p2a: Starmie|Rapid Spin|p1a: Aerodactyl
|-resisted|p1a: Aerodactyl
|-damage|p1a: Aerodactyl|95/100
|-boost|p2a: Starmie|spe|1
|
|upkeep
|turn|2
|
|t:|1626896975
|move|p2a: Starmie|Scald|p1a: Aerodactyl
|-supereffective|p1a: Aerodactyl
|-damage|p1a: Aerodactyl|13/100
|-status|p1a: Aerodactyl|brn
|move|p1a: Aerodactyl|Stealth Rock|p2a: Starmie
|-sidestart|p2: Rult70B evidith|move: Stealth Rock
|
|-damage|p1a: Aerodactyl|7/100 brn|[from] brn
|upkeep
|turn|3
|
|t:|1626896993
|switch|p1a: Doublade|Doublade, M|100/100
|move|p2a: Starmie|Rapid Spin|p1a: Doublade
|-immune|p1a: Doublade
|
|upkeep
|turn|4
|l| rult70m mac3 ✝
|
|t:|1626896997
|move|p2a: Starmie|Scald|p1a: Doublade
|-damage|p1a: Doublade|61/100
|move|p1a: Doublade|Swords Dance|p1a: Doublade
|-boost|p1a: Doublade|atk|2
|
|upkeep
|turn|5
|
|t:|1626897000
|move|p2a: Starmie|Scald|p1a: Doublade
|-damage|p1a: Doublade|17/100
|move|p1a: Doublade|Close Combat|p2a: Starmie
|-resisted|p2a: Starmie
|-damage|p2a: Starmie|49/100
|-unboost|p1a: Doublade|def|1
|-unboost|p1a: Doublade|spd|1
|
|upkeep
|turn|6
|
|t:|1626897004
|switch|p2a: Indeedee|Indeedee, M|100/100
|-damage|p2a: Indeedee|88/100|[from] Stealth Rock
|-fieldstart|move: Psychic Terrain|[from] ability: Psychic Surge|[of] p2a: Indeedee
|move|p1a: Doublade|Shadow Sneak|p2a: Indeedee
|-activate|p2a: Indeedee|move: Psychic Terrain
|
|upkeep
|turn|7
|
|t:|1626897010
|switch|p1a: Aerodactyl|Aerodactyl, F|7/100 brn
|-ability|p1a: Aerodactyl|Unnerve
|move|p2a: Indeedee|Expanding Force|p1a: Aerodactyl
|-damage|p1a: Aerodactyl|0 fnt
|faint|p1a: Aerodactyl
|
|upkeep
|
|t:|1626897021
|switch|p1a: Cloyster|Cloyster, F|100/100
|turn|8
|
|t:|1626897033
|move|p2a: Indeedee|Expanding Force|p1a: Cloyster
|-enditem|p1a: Cloyster|Focus Sash
|-damage|p1a: Cloyster|1/100
|move|p1a: Cloyster|Shell Smash|p1a: Cloyster
|-unboost|p1a: Cloyster|def|1
|-unboost|p1a: Cloyster|spd|1
|-boost|p1a: Cloyster|atk|2
|-boost|p1a: Cloyster|spa|2
|-boost|p1a: Cloyster|spe|2
|
|upkeep
|turn|9
|
|t:|1626897039
|switch|p2a: Starmie|Starmie|49/100
|move|p1a: Cloyster|Spikes|p2a: Starmie
|-sidestart|p2: Rult70B evidith|Spikes
|
|upkeep
|turn|10
|
|t:|1626897044
|move|p1a: Cloyster|Icicle Spear|p2a: Starmie
|-resisted|p2a: Starmie
|-damage|p2a: Starmie|37/100
|-resisted|p2a: Starmie
|-damage|p2a: Starmie|25/100
|-resisted|p2a: Starmie
|-damage|p2a: Starmie|11/100
|-resisted|p2a: Starmie
|-damage|p2a: Starmie|0 fnt
|faint|p2a: Starmie
|-hitcount|p2: Starmie|4
|
|-fieldend|move: Psychic Terrain
|upkeep
|
|t:|1626897046
|switch|p2a: Escavalier|Escavalier, F|100/100
|turn|11
|
|t:|1626897053
|move|p1a: Cloyster|Explosion|p2a: Escavalier
|-resisted|p2a: Escavalier
|-damage|p2a: Escavalier|33/100
|faint|p1a: Cloyster
|move|p2a: Escavalier|Iron Head|p1: Cloyster|[notarget]
|-fail|p2a: Escavalier
|
|upkeep
|
|t:|1626897106
|switch|p1a: Doublade|Doublade, M|17/100
|turn|12
|
|t:|1626897110
|move|p1a: Doublade|Close Combat|p2a: Escavalier
|-damage|p2a: Escavalier|0 fnt
|-unboost|p1a: Doublade|def|1
|-unboost|p1a: Doublade|spd|1
|faint|p2a: Escavalier
|
|upkeep
|
|t:|1626897118
|switch|p2a: Whimsicott|Whimsicott, M|100/100
|turn|13
|
|t:|1626897123
|move|p2a: Whimsicott|Moonblast|p1a: Doublade
|-resisted|p1a: Doublade
|-damage|p1a: Doublade|0 fnt
|faint|p1a: Doublade
|
|upkeep
|
|t:|1626897126
|switch|p1a: Lucario|Lucario, F|100/100
|turn|14
|
|t:|1626897129
|switch|p2a: Marowak|Marowak-Alola, F|100/100
|-damage|p2a: Marowak|88/100|[from] Spikes
|-damage|p2a: Marowak|63/100|[from] Stealth Rock
|move|p1a: Lucario|Meteor Mash|p2a: Marowak
|-resisted|p2a: Marowak
|-damage|p2a: Marowak|36/100
|-boost|p1a: Lucario|atk|1
|-damage|p1a: Lucario|91/100|[from] item: Life Orb
|
|upkeep
|turn|15
|
|t:|1626897133
|move|p1a: Lucario|Meteor Mash|p2a: Marowak
|-resisted|p2a: Marowak
|-damage|p2a: Marowak|0 fnt
|faint|p2a: Marowak
|-damage|p1a: Lucario|81/100|[from] item: Life Orb
|
|upkeep
|
|t:|1626897135
|switch|p2a: Indeedee|Indeedee, M|88/100
|-damage|p2a: Indeedee|76/100|[from] Stealth Rock
|-damage|p2a: Indeedee|64/100|[from] Spikes
|-fieldstart|move: Psychic Terrain|[from] ability: Psychic Surge|[of] p2a: Indeedee
|turn|16
|
|t:|1626897144
|move|p2a: Indeedee|Expanding Force|p1a: Lucario
|-damage|p1a: Lucario|0 fnt
|faint|p1a: Lucario
|
|upkeep
|
|t:|1626897146
|switch|p1a: Necrozma|Necrozma|100/100
|turn|17
|
|t:|1626897149
|move|p2a: Indeedee|Expanding Force|p1a: Necrozma
|-resisted|p1a: Necrozma
|-damage|p1a: Necrozma|45/100
|move|p1a: Necrozma|Dragon Dance|p1a: Necrozma
|-boost|p1a: Necrozma|atk|1
|-boost|p1a: Necrozma|spe|1
|
|upkeep
|turn|18
|
|t:|1626897153
|move|p1a: Necrozma|Photon Geyser|p2a: Indeedee
|-resisted|p2a: Indeedee
|-damage|p2a: Indeedee|0 fnt
|faint|p2a: Indeedee
|
|upkeep
|
|t:|1626897162
|switch|p2a: Whimsicott|Whimsicott, M|100/100
|turn|19
|
|t:|1626897174
|move|p1a: Necrozma|Photon Geyser|p2a: Whimsicott
|-damage|p2a: Whimsicott|0 fnt
|faint|p2a: Whimsicott
|
|upkeep
|
|t:|1626897176
|switch|p2a: Mienshao|Mienshao, M|100/100
|-damage|p2a: Mienshao|95/100|[from] Stealth Rock
|-damage|p2a: Mienshao|82/100|[from] Spikes
|turn|20
|-message|Rult70B evidith forfeited.
|
|win|RULT70A arc
|l|☆Rult70B evidith
|raw|RULT70A arc's rating: 1520 &rarr; <strong>1537</strong><br />(+17 for winning)
|raw|Rult70B evidith's rating: 1461 &rarr; <strong>1444</strong><br />(-17 for losing)
||Ladder isn't responding, score probably updated but might not have (Request timeout).
