|j|☆eva gabunda
|j|☆grookies ♫ ♪
|player|p1|eva gabunda|gladion|1474
|player|p2|grookies ♫ ♪|29|1299
|teamsize|p1|6
|teamsize|p2|6
|gametype|singles
|gen|8
|tier|[Gen 8] RU
|rated|
|clearpoke
|poke|p1|Gigalith, F|
|poke|p1|Aromatisse, F|
|poke|p1|Sigilyph, F|
|poke|p1|Hitmonlee, M|
|poke|p1|Silvally-*|
|poke|p1|Vileplume, M|
|poke|p2|Lunatone|
|poke|p2|Ninetales, F|
|poke|p2|Machamp, F|
|poke|p2|Indeedee-F, F|
|poke|p2|Mudsdale, M|
|poke|p2|Dhelmise|
|rule|Sleep Clause Mod: Limit one foe put to sleep
|rule|Species Clause: Limit one of each Pokémon
|rule|OHKO Clause: OHKO moves are banned
|rule|Evasion Moves Clause: Evasion moves are banned
|rule|Endless Battle Clause: Forcing endless battles is banned
|rule|HP Percentage Mod: HP is shown in percentages
|rule|Dynamax Clause: You cannot dynamax
|teampreview
|c|☆grookies ♫ ♪|glhf
|j| lighthouses
|
|start
|switch|p1a: Gigalith|Gigalith, F|100/100
|switch|p2a: Mudsdale|Mudsdale, M|100/100
|-weather|Sandstorm|[from] ability: Sand Stream|[of] p1a: Gigalith
|turn|1
|
|switch|p1a: Vileplume|Vileplume, M|100/100
|move|p2a: Mudsdale|Earthquake|p1a: Vileplume
|-damage|p1a: Vileplume|67/100
|
|-weather|Sandstorm|[upkeep]
|-damage|p1a: Vileplume|61/100|[from] Sandstorm
|-heal|p1a: Vileplume|67/100|[from] item: Black Sludge
|upkeep
|turn|2
|
|switch|p2a: Dhelmise|Dhelmise|100/100
|move|p1a: Vileplume|Giga Drain|p2a: Dhelmise
|-resisted|p2a: Dhelmise
|-damage|p2a: Dhelmise|89/100
|-heal|p1a: Vileplume|72/100|[from] drain|[of] p2a: Dhelmise
|
|-weather|Sandstorm|[upkeep]
|-damage|p2a: Dhelmise|83/100|[from] Sandstorm
|-damage|p1a: Vileplume|66/100|[from] Sandstorm
|-heal|p1a: Vileplume|72/100|[from] item: Black Sludge
|upkeep
|turn|3
|
|move|p2a: Dhelmise|Anchor Shot|p1a: Vileplume
|-damage|p1a: Vileplume|31/100
|-activate|p1a: Vileplume|trapped
|move|p1a: Vileplume|Strength Sap|p2a: Dhelmise
|-unboost|p2a: Dhelmise|atk|1
|-heal|p1a: Vileplume|100/100
|
|-weather|Sandstorm|[upkeep]
|-damage|p2a: Dhelmise|77/100|[from] Sandstorm
|-damage|p1a: Vileplume|94/100|[from] Sandstorm
|-heal|p1a: Vileplume|100/100|[from] item: Black Sludge
|upkeep
|turn|4
|
|switch|p2a: Ninetales|Ninetales, F|100/100
|-weather|SunnyDay|[from] ability: Drought|[of] p2a: Ninetales
|move|p1a: Vileplume|Sludge Bomb|p2a: Ninetales
|-damage|p2a: Ninetales|62/100
|
|-weather|SunnyDay|[upkeep]
|upkeep
|turn|5
|
|switch|p1a: Gigalith|Gigalith, F|100/100
|-weather|Sandstorm|[from] ability: Sand Stream|[of] p1a: Gigalith
|move|p2a: Ninetales|Will-O-Wisp|p1a: Gigalith
|-status|p1a: Gigalith|brn
|
|-weather|Sandstorm|[upkeep]
|-damage|p2a: Ninetales|56/100|[from] Sandstorm
|-damage|p1a: Gigalith|94/100 brn|[from] brn
|upkeep
|turn|6
|j| LiarFairy≧◡≦
|
|switch|p2a: Lunatone|Lunatone|100/100
|move|p1a: Gigalith|Stealth Rock|p2a: Lunatone
|-sidestart|p2: grookies ♫ ♪|move: Stealth Rock
|
|-weather|Sandstorm|[upkeep]
|-heal|p1a: Gigalith|100/100 brn|[from] item: Leftovers
|-damage|p1a: Gigalith|94/100 brn|[from] brn
|upkeep
|turn|7
|
|switch|p1a: Silvally|Silvally-Steel|100/100
|move|p2a: Lunatone|Nasty Plot|p2a: Lunatone
|-boost|p2a: Lunatone|spa|2
|
|-weather|Sandstorm|[upkeep]
|upkeep
|turn|8
|
|switch|p2a: Mudsdale|Mudsdale, M|100/100
|-damage|p2a: Mudsdale|94/100|[from] Stealth Rock
|move|p1a: Silvally|Multi-Attack|p2a: Mudsdale
|-damage|p2a: Mudsdale|64/100
|-damage|p1a: Silvally|84/100|[from] item: Rocky Helmet|[of] p2a: Mudsdale
|-ability|p2a: Mudsdale|Stamina|boost
|-boost|p2a: Mudsdale|def|1
|
|-weather|Sandstorm|[upkeep]
|upkeep
|turn|9
|
|switch|p1a: Vileplume|Vileplume, M|100/100
|move|p2a: Mudsdale|Stealth Rock|p1a: Vileplume
|-sidestart|p1: eva gabunda|move: Stealth Rock
|
|-weather|none
|upkeep
|turn|10
|
|switch|p2a: Dhelmise|Dhelmise|77/100
|-damage|p2a: Dhelmise|65/100|[from] Stealth Rock
|move|p1a: Vileplume|Giga Drain|p2a: Dhelmise
|-resisted|p2a: Dhelmise
|-damage|p2a: Dhelmise|54/100
|
|upkeep
|turn|11
|
|move|p2a: Dhelmise|Rapid Spin|p1a: Vileplume
|-damage|p1a: Vileplume|84/100
|-sideend|p2: grookies ♫ ♪|Stealth Rock|[from] move: Rapid Spin|[of] p2a: Dhelmise
|-boost|p2a: Dhelmise|spe|1
|move|p1a: Vileplume|Sludge Bomb|p2a: Dhelmise
|-damage|p2a: Dhelmise|29/100
|
|-heal|p1a: Vileplume|90/100|[from] item: Black Sludge
|upkeep
|turn|12
|
|switch|p2a: Lunatone|Lunatone|100/100
|move|p1a: Vileplume|Sludge Bomb|p2a: Lunatone
|-resisted|p2a: Lunatone
|-damage|p2a: Lunatone|84/100
|
|-heal|p2a: Lunatone|90/100|[from] item: Leftovers
|-heal|p1a: Vileplume|97/100|[from] item: Black Sludge
|upkeep
|turn|13
|
|switch|p1a: Silvally|Silvally-Steel|84/100
|-damage|p1a: Silvally|78/100|[from] Stealth Rock
|move|p2a: Lunatone|Psyshock|p1a: Silvally
|-resisted|p1a: Silvally
|-damage|p1a: Silvally|64/100
|
|-heal|p2a: Lunatone|97/100|[from] item: Leftovers
|upkeep
|turn|14
|
|switch|p2a: Mudsdale|Mudsdale, M|64/100
|move|p1a: Silvally|Multi-Attack|p2a: Mudsdale
|-damage|p2a: Mudsdale|36/100
|-damage|p1a: Silvally|48/100|[from] item: Rocky Helmet|[of] p2a: Mudsdale
|-ability|p2a: Mudsdale|Stamina|boost
|-boost|p2a: Mudsdale|def|1
|
|upkeep
|turn|15
|
|switch|p1a: Vileplume|Vileplume, M|97/100
|-damage|p1a: Vileplume|84/100|[from] Stealth Rock
|move|p2a: Mudsdale|Earthquake|p1a: Vileplume
|-damage|p1a: Vileplume|44/100
|
|-heal|p1a: Vileplume|50/100|[from] item: Black Sludge
|upkeep
|turn|16
|
|switch|p2a: Dhelmise|Dhelmise|29/100
|move|p1a: Vileplume|Strength Sap|p2a: Dhelmise
|-unboost|p2a: Dhelmise|atk|1
|-heal|p1a: Vileplume|100/100
|
|upkeep
|turn|17
|
|switch|p2a: Lunatone|Lunatone|97/100
|move|p1a: Vileplume|Sludge Bomb|p2a: Lunatone
|-resisted|p2a: Lunatone
|-damage|p2a: Lunatone|81/100
|
|-heal|p2a: Lunatone|87/100|[from] item: Leftovers
|upkeep
|turn|18
|
|switch|p1a: Silvally|Silvally-Steel|48/100
|-damage|p1a: Silvally|42/100|[from] Stealth Rock
|move|p2a: Lunatone|Psyshock|p1a: Silvally
|-resisted|p1a: Silvally
|-damage|p1a: Silvally|26/100
|
|-heal|p2a: Lunatone|93/100|[from] item: Leftovers
|upkeep
|turn|19
|
|switch|p1a: Vileplume|Vileplume, M|100/100
|-damage|p1a: Vileplume|88/100|[from] Stealth Rock
|switch|p2a: Mudsdale|Mudsdale, M|36/100
|
|-heal|p1a: Vileplume|94/100|[from] item: Black Sludge
|upkeep
|turn|20
|
|switch|p2a: Dhelmise|Dhelmise|29/100
|move|p1a: Vileplume|Giga Drain|p2a: Dhelmise
|-resisted|p2a: Dhelmise
|-crit|p2a: Dhelmise
|-damage|p2a: Dhelmise|13/100
|-heal|p1a: Vileplume|100/100|[from] drain|[of] p2a: Dhelmise
|
|upkeep
|turn|21
|
|move|p2a: Dhelmise|Anchor Shot|p1a: Vileplume
|-damage|p1a: Vileplume|61/100
|-activate|p1a: Vileplume|trapped
|move|p1a: Vileplume|Giga Drain|p2a: Dhelmise
|-resisted|p2a: Dhelmise
|-damage|p2a: Dhelmise|2/100
|-heal|p1a: Vileplume|65/100|[from] drain|[of] p2a: Dhelmise
|
|-heal|p1a: Vileplume|72/100|[from] item: Black Sludge
|upkeep
|turn|22
|
|move|p2a: Dhelmise|Shadow Claw|p1a: Vileplume
|-damage|p1a: Vileplume|38/100
|move|p1a: Vileplume|Strength Sap|p2a: Dhelmise
|-unboost|p2a: Dhelmise|atk|1
|-heal|p1a: Vileplume|100/100
|
|upkeep
|turn|23
|
|move|p2a: Dhelmise|Shadow Claw|p1a: Vileplume
|-crit|p1a: Vileplume
|-damage|p1a: Vileplume|43/100
|move|p1a: Vileplume|Giga Drain|p2a: Dhelmise
|-resisted|p2a: Dhelmise
|-damage|p2a: Dhelmise|0 fnt
|-heal|p1a: Vileplume|44/100|[from] drain|[of] p2a: Dhelmise
|faint|p2a: Dhelmise
|
|-heal|p1a: Vileplume|50/100|[from] item: Black Sludge
|upkeep
|
|switch|p2a: Indeedee|Indeedee-F, F|100/100
|-fieldstart|move: Psychic Terrain|[from] ability: Psychic Surge|[of] p2a: Indeedee
|turn|24
|
|switch|p1a: Silvally|Silvally-Steel|26/100
|-damage|p1a: Silvally|20/100|[from] Stealth Rock
|move|p2a: Indeedee|Psychic|p1a: Silvally
|-resisted|p1a: Silvally
|-damage|p1a: Silvally|0 fnt
|faint|p1a: Silvally
|
|upkeep
|
|switch|p1a: Sigilyph|Sigilyph, F|100/100
|turn|25
|
|switch|p2a: Lunatone|Lunatone|93/100
|move|p1a: Sigilyph|Calm Mind|p1a: Sigilyph
|-boost|p1a: Sigilyph|spa|1
|-boost|p1a: Sigilyph|spd|1
|
|-heal|p2a: Lunatone|99/100|[from] item: Leftovers
|upkeep
|turn|26
|
|switch|p1a: Hitmonlee|Hitmonlee, M|100/100
|-damage|p1a: Hitmonlee|94/100|[from] Stealth Rock
|move|p2a: Lunatone|Nasty Plot|p2a: Lunatone
|-boost|p2a: Lunatone|spa|2
|
|-heal|p2a: Lunatone|100/100|[from] item: Leftovers
|upkeep
|turn|27
|
|move|p1a: Hitmonlee|High Jump Kick|p2a: Lunatone
|-damage|p2a: Lunatone|5/100
|move|p2a: Lunatone|Psyshock|p1a: Hitmonlee
|-supereffective|p1a: Hitmonlee
|-damage|p1a: Hitmonlee|0 fnt
|faint|p1a: Hitmonlee
|
|-heal|p2a: Lunatone|11/100|[from] item: Leftovers
|upkeep
|
|switch|p1a: Sigilyph|Sigilyph, F|100/100
|turn|28
|
|move|p1a: Sigilyph|Psychic|p2a: Lunatone
|-resisted|p2a: Lunatone
|-damage|p2a: Lunatone|0 fnt
|faint|p2a: Lunatone
|
|-fieldend|move: Psychic Terrain
|upkeep
|
|switch|p2a: Ninetales|Ninetales, F|56/100
|-weather|SunnyDay|[from] ability: Drought|[of] p2a: Ninetales
|turn|29
|
|switch|p1a: Gigalith|Gigalith, F|94/100 brn
|-damage|p1a: Gigalith|82/100 brn|[from] Stealth Rock
|-weather|Sandstorm|[from] ability: Sand Stream|[of] p1a: Gigalith
|move|p2a: Ninetales|Fire Blast|p1a: Gigalith
|-resisted|p1a: Gigalith
|-damage|p1a: Gigalith|67/100 brn
|
|-weather|Sandstorm|[upkeep]
|-damage|p2a: Ninetales|50/100|[from] Sandstorm
|-heal|p1a: Gigalith|73/100 brn|[from] item: Leftovers
|-damage|p1a: Gigalith|67/100 brn|[from] brn
|upkeep
|turn|30
|
|switch|p2a: Machamp|Machamp, F|100/100
|move|p1a: Gigalith|Stealth Rock|p2a: Machamp
|-sidestart|p2: grookies ♫ ♪|move: Stealth Rock
|
|-weather|Sandstorm|[upkeep]
|-damage|p2a: Machamp|94/100|[from] Sandstorm
|-heal|p1a: Gigalith|73/100 brn|[from] item: Leftovers
|-damage|p1a: Gigalith|67/100 brn|[from] brn
|upkeep
|turn|31
|
|move|p1a: Gigalith|Protect|p1a: Gigalith
|-singleturn|p1a: Gigalith|Protect
|move|p2a: Machamp|Dynamic Punch|p1a: Gigalith
|-activate|p1a: Gigalith|move: Protect
|
|-weather|Sandstorm|[upkeep]
|-damage|p2a: Machamp|88/100|[from] Sandstorm
|-heal|p1a: Gigalith|73/100 brn|[from] item: Leftovers
|-damage|p1a: Gigalith|67/100 brn|[from] brn
|upkeep
|turn|32
|
|switch|p1a: Vileplume|Vileplume, M|50/100
|-damage|p1a: Vileplume|38/100|[from] Stealth Rock
|move|p2a: Machamp|Dynamic Punch|p1a: Vileplume
|-resisted|p1a: Vileplume
|-damage|p1a: Vileplume|13/100
|-start|p1a: Vileplume|confusion
|
|-weather|Sandstorm|[upkeep]
|-damage|p2a: Machamp|82/100|[from] Sandstorm
|-damage|p1a: Vileplume|6/100|[from] Sandstorm
|-heal|p1a: Vileplume|13/100|[from] item: Black Sludge
|upkeep
|turn|33
|
|move|p2a: Machamp|Dynamic Punch|p1a: Vileplume
|-resisted|p1a: Vileplume
|-damage|p1a: Vileplume|0 fnt
|faint|p1a: Vileplume
|
|-weather|none
|upkeep
|
|switch|p1a: Sigilyph|Sigilyph, F|100/100
|turn|34
|
|move|p1a: Sigilyph|Psychic|p2a: Machamp
|-supereffective|p2a: Machamp
|-damage|p2a: Machamp|9/100
|move|p2a: Machamp|Knock Off|p1a: Sigilyph
|-supereffective|p1a: Sigilyph
|-damage|p1a: Sigilyph|6/100
|-enditem|p1a: Sigilyph|Life Orb|[from] move: Knock Off|[of] p2a: Machamp
|
|upkeep
|turn|35
|
|switch|p1a: Gigalith|Gigalith, F|67/100 brn
|-damage|p1a: Gigalith|55/100 brn|[from] Stealth Rock
|-weather|Sandstorm|[from] ability: Sand Stream|[of] p1a: Gigalith
|move|p2a: Machamp|Bullet Punch|p1a: Gigalith
|-supereffective|p1a: Gigalith
|-damage|p1a: Gigalith|33/100 brn
|
|-weather|Sandstorm|[upkeep]
|-damage|p2a: Machamp|2/100|[from] Sandstorm
|-heal|p1a: Gigalith|39/100 brn|[from] item: Leftovers
|-damage|p1a: Gigalith|33/100 brn|[from] brn
|upkeep
|turn|36
|
|switch|p2a: Indeedee|Indeedee-F, F|100/100
|-damage|p2a: Indeedee|88/100|[from] Stealth Rock
|-fieldstart|move: Psychic Terrain|[from] ability: Psychic Surge|[of] p2a: Indeedee
|move|p1a: Gigalith|Protect||[still]
|-fail|p1a: Gigalith
|
|-weather|Sandstorm|[upkeep]
|-damage|p2a: Indeedee|82/100|[from] Sandstorm
|-heal|p1a: Gigalith|39/100 brn|[from] item: Leftovers
|-damage|p1a: Gigalith|33/100 brn|[from] brn
|upkeep
|turn|37
|
|switch|p2a: Mudsdale|Mudsdale, M|36/100
|-damage|p2a: Mudsdale|30/100|[from] Stealth Rock
|move|p1a: Gigalith|Protect||[still]
|-fail|p1a: Gigalith
|
|-weather|Sandstorm|[upkeep]
|-heal|p1a: Gigalith|39/100 brn|[from] item: Leftovers
|-damage|p1a: Gigalith|33/100 brn|[from] brn
|upkeep
|turn|38
|j|+Feliburn
|
|switch|p1a: Sigilyph|Sigilyph, F|6/100
|move|p2a: Mudsdale|Body Press|p1a: Sigilyph
|-resisted|p1a: Sigilyph
|-damage|p1a: Sigilyph|0 fnt
|faint|p1a: Sigilyph
|
|-weather|Sandstorm|[upkeep]
|upkeep
|
|switch|p1a: Aromatisse|Aromatisse, F|100/100
|-damage|p1a: Aromatisse|88/100|[from] Stealth Rock
|turn|39
|
|move|p2a: Mudsdale|Earthquake|p1a: Aromatisse
|-damage|p1a: Aromatisse|60/100
|move|p1a: Aromatisse|Moonblast|p2a: Mudsdale
|-damage|p2a: Mudsdale|0 fnt
|faint|p2a: Mudsdale
|
|-weather|none
|-heal|p1a: Aromatisse|66/100|[from] item: Leftovers
|upkeep
|
|switch|p2a: Ninetales|Ninetales, F|50/100
|-damage|p2a: Ninetales|25/100|[from] Stealth Rock
|-weather|SunnyDay|[from] ability: Drought|[of] p2a: Ninetales
|turn|40
|
|move|p2a: Ninetales|Flamethrower|p1a: Aromatisse
|-damage|p1a: Aromatisse|0 fnt
|faint|p1a: Aromatisse
|
|-weather|SunnyDay|[upkeep]
|-fieldend|move: Psychic Terrain
|upkeep
|
|switch|p1a: Gigalith|Gigalith, F|33/100 brn
|-damage|p1a: Gigalith|21/100 brn|[from] Stealth Rock
|-weather|Sandstorm|[from] ability: Sand Stream|[of] p1a: Gigalith
|turn|41
|
|move|p2a: Ninetales|Flamethrower|p1a: Gigalith
|-resisted|p1a: Gigalith
|-damage|p1a: Gigalith|8/100 brn
|move|p1a: Gigalith|Rock Blast|p2a: Ninetales
|-supereffective|p2a: Ninetales
|-damage|p2a: Ninetales|9/100
|-supereffective|p2a: Ninetales
|-damage|p2a: Ninetales|0 fnt
|-hitcount|p2a: Ninetales|2
|faint|p2a: Ninetales
|
|-weather|Sandstorm|[upkeep]
|-heal|p1a: Gigalith|14/100 brn|[from] item: Leftovers
|-damage|p1a: Gigalith|8/100 brn|[from] brn
|upkeep
|
|switch|p2a: Indeedee|Indeedee-F, F|82/100
|-damage|p2a: Indeedee|70/100|[from] Stealth Rock
|-fieldstart|move: Psychic Terrain|[from] ability: Psychic Surge|[of] p2a: Indeedee
|turn|42
|
|move|p2a: Indeedee|Psychic|p1a: Gigalith
|-damage|p1a: Gigalith|0 fnt
|faint|p1a: Gigalith
|
|win|grookies ♫ ♪
|raw|eva gabunda's rating: 1474 &rarr; <strong>1445</strong><br />(-29 for losing)
|raw|grookies ♫ ♪'s rating: 1299 &rarr; <strong>1336</strong><br />(+37 for winning)
|l|☆eva gabunda
|l| LiarFairy≧◡≦
