|j|☆Aerodragon3
|j|☆Glidinganteater
|t:|1620847146
|gametype|singles
|player|p1|Aerodragon3|dragontamer|1415
|player|p2|Glidinganteater|palmer|1366
|teamsize|p1|6
|teamsize|p2|6
|gen|8
|tier|[Gen 8] RU
|rated|
|rule|Sleep Clause Mod: Limit one foe put to sleep
|rule|Species Clause: Limit one of each Pokémon
|rule|OHKO Clause: OHKO moves are banned
|rule|Evasion Moves Clause: Evasion moves are banned
|rule|Endless Battle Clause: Forcing endless battles is banned
|rule|HP Percentage Mod: HP is shown in percentages
|rule|Dynamax Clause: You cannot dynamax
|clearpoke
|poke|p1|Mienshao, M|
|poke|p1|Togekiss, M|
|poke|p1|Cloyster, M|
|poke|p1|Raikou|
|poke|p1|Incineroar, F|
|poke|p1|Roserade, M|
|poke|p2|Dragalge, M|
|poke|p2|Zarude|
|poke|p2|Steelix, M|
|poke|p2|Mienshao, M|
|poke|p2|Togekiss, F|
|poke|p2|Volcanion|
|teampreview
|inactive|Battle timer is ON: inactive players will automatically lose when time's up. (requested by Aerodragon3)
|
|t:|1620847172
|start
|switch|p1a: Raikou|Raikou|100/100
|switch|p2a: Steelix|Steelix, M|100/100
|-ability|p1a: Raikou|Pressure
|turn|1
|
|t:|1620847184
|move|p1a: Raikou|Scald|p2a: Steelix
|-supereffective|p2a: Steelix
|-damage|p2a: Steelix|47/100
|move|p2a: Steelix|Stealth Rock|p1a: Raikou
|-sidestart|p1: Aerodragon3|move: Stealth Rock
|
|-heal|p2a: Steelix|53/100|[from] item: Leftovers
|upkeep
|turn|2
|
|t:|1620847192
|switch|p2a: Dragalge|Dragalge, M, shiny|100/100
|move|p1a: Raikou|Scald|p2a: Dragalge
|-resisted|p2a: Dragalge
|-damage|p2a: Dragalge|88/100
|
|-heal|p2a: Dragalge|94/100|[from] item: Black Sludge
|upkeep
|turn|3
|
|t:|1620847214
|move|p1a: Raikou|Volt Switch|p2a: Dragalge
|-resisted|p2a: Dragalge
|-damage|p2a: Dragalge|77/100
|
|t:|1620847229
|switch|p1a: Incineroar|Incineroar, F|100/100|[from]move: Volt Switch
|-ability|p1a: Incineroar|Intimidate|boost
|-unboost|p2a: Dragalge|atk|1
|move|p2a: Dragalge|Sludge Bomb|p1a: Incineroar
|-damage|p1a: Incineroar|55/100
|
|-heal|p2a: Dragalge|83/100|[from] item: Black Sludge
|upkeep
|turn|4
|inactive|Glidinganteater has 120 seconds left.
|
|t:|1620847264
|move|p2a: Dragalge|Flip Turn|p1a: Incineroar
|-supereffective|p1a: Incineroar
|-damage|p1a: Incineroar|43/100
|
|t:|1620847269
|switch|p2a: Togekiss|Togekiss, F|100/100|[from]move: Flip Turn
|move|p1a: Incineroar|Knock Off|p2a: Togekiss
|-resisted|p2a: Togekiss
|-damage|p2a: Togekiss|82/100
|-enditem|p2a: Togekiss|Heavy-Duty Boots|[from] move: Knock Off|[of] p1a: Incineroar
|
|upkeep
|turn|5
|inactive|Aerodragon3 has 120 seconds left.
|inactive|Aerodragon3 has 90 seconds left.
|inactive|Aerodragon3 has 60 seconds left.
|
|t:|1620847362
|switch|p1a: Togekiss|Togekiss, M|100/100
|move|p2a: Togekiss|Wish|p2a: Togekiss
|
|upkeep
|turn|6
|
|t:|1620847370
|move|p1a: Togekiss|Thunder Wave|p2a: Togekiss
|-status|p2a: Togekiss|par
|move|p2a: Togekiss|Thunder Wave|p1a: Togekiss
|-status|p1a: Togekiss|par
|
|-heal|p2a: Togekiss|100/100 par|[from] move: Wish|[wisher] Togekiss
|upkeep
|turn|7
|inactive|Aerodragon3 has 60 seconds left.
|
|t:|1620847379
|switch|p2a: Steelix|Steelix, M|53/100
|move|p1a: Togekiss|Defog|p2a: Steelix
|-unboost|p2a: Steelix|evasion|1
|-sideend|p1: Aerodragon3|Stealth Rock|[from] move: Defog|[of] p1a: Togekiss
|
|-heal|p2a: Steelix|59/100|[from] item: Leftovers
|upkeep
|turn|8
|
|t:|1620847389
|cant|p1a: Togekiss|par
|move|p2a: Steelix|Stealth Rock|p1a: Togekiss
|-sidestart|p1: Aerodragon3|move: Stealth Rock
|
|-heal|p2a: Steelix|65/100|[from] item: Leftovers
|upkeep
|turn|9
|
|t:|1620847396
|move|p1a: Togekiss|Defog|p2a: Steelix
|-unboost|p2a: Steelix|evasion|1
|-sideend|p1: Aerodragon3|Stealth Rock|[from] move: Defog|[of] p1a: Togekiss
|move|p2a: Steelix|Heavy Slam|p1a: Togekiss
|-supereffective|p1a: Togekiss
|-damage|p1a: Togekiss|19/100 par
|
|-heal|p2a: Steelix|72/100|[from] item: Leftovers
|upkeep
|turn|10
|
|t:|1620847405
|move|p1a: Togekiss|Dazzling Gleam|p2a: Steelix
|-resisted|p2a: Steelix
|-damage|p2a: Steelix|55/100
|move|p2a: Steelix|Heavy Slam|p1a: Togekiss
|-supereffective|p1a: Togekiss
|-damage|p1a: Togekiss|0 fnt
|faint|p1a: Togekiss
|
|-heal|p2a: Steelix|61/100|[from] item: Leftovers
|upkeep
|
|t:|1620847415
|switch|p1a: Roserade|Roserade, M|100/100
|turn|11
|
|t:|1620847431
|switch|p2a: Zarude|Zarude|100/100
|move|p1a: Roserade|Sleep Powder|p2a: Zarude
|-immune|p2a: Zarude
|
|upkeep
|turn|12
|
|t:|1620847440
|switch|p1a: Incineroar|Incineroar, F|43/100
|-ability|p1a: Incineroar|Intimidate|boost
|-unboost|p2a: Zarude|atk|1
|move|p2a: Zarude|U-turn|p1a: Incineroar
|-damage|p1a: Incineroar|27/100
|
|t:|1620847461
|switch|p2a: Dragalge|Dragalge, M, shiny|83/100|[from]move: U-turn
|
|-heal|p2a: Dragalge|89/100|[from] item: Black Sludge
|upkeep
|turn|13
|
|t:|1620847468
|move|p2a: Dragalge|Sludge Bomb|p1a: Incineroar
|-damage|p1a: Incineroar|0 fnt
|faint|p1a: Incineroar
|
|-heal|p2a: Dragalge|95/100|[from] item: Black Sludge
|upkeep
|
|t:|1620847474
|switch|p1a: Cloyster|Cloyster, M|100/100
|turn|14
|
|t:|1620847481
|move|p1a: Cloyster|Shell Smash|p1a: Cloyster
|-unboost|p1a: Cloyster|def|1
|-unboost|p1a: Cloyster|spd|1
|-boost|p1a: Cloyster|atk|2
|-boost|p1a: Cloyster|spa|2
|-boost|p1a: Cloyster|spe|2
|move|p2a: Dragalge|Haze|p2a: Dragalge
|-clearallboost
|
|-heal|p2a: Dragalge|100/100|[from] item: Black Sludge
|upkeep
|turn|15
|inactive|Aerodragon3 has 90 seconds left.
|
|t:|1620847501
|move|p1a: Cloyster|Shell Smash|p1a: Cloyster
|-unboost|p1a: Cloyster|def|1
|-unboost|p1a: Cloyster|spd|1
|-boost|p1a: Cloyster|atk|2
|-boost|p1a: Cloyster|spa|2
|-boost|p1a: Cloyster|spe|2
|move|p2a: Dragalge|Haze|p2a: Dragalge
|-clearallboost
|
|upkeep
|turn|16
|
|t:|1620847512
|move|p1a: Cloyster|Icicle Spear|p2a: Dragalge
|-supereffective|p2a: Dragalge
|-damage|p2a: Dragalge|77/100
|-supereffective|p2a: Dragalge
|-damage|p2a: Dragalge|51/100
|-supereffective|p2a: Dragalge
|-damage|p2a: Dragalge|24/100
|-supereffective|p2a: Dragalge
|-damage|p2a: Dragalge|0 fnt
|-hitcount|p2a: Dragalge|4
|faint|p2a: Dragalge
|
|upkeep
|
|t:|1620847521
|switch|p2a: Togekiss|Togekiss, F|100/100 par
|turn|17
|
|t:|1620847526
|move|p1a: Cloyster|Icicle Spear|p2a: Togekiss
|-supereffective|p2a: Togekiss
|-damage|p2a: Togekiss|82/100 par
|-supereffective|p2a: Togekiss
|-damage|p2a: Togekiss|66/100 par
|-supereffective|p2a: Togekiss
|-damage|p2a: Togekiss|49/100 par
|-supereffective|p2a: Togekiss
|-damage|p2a: Togekiss|32/100 par
|-supereffective|p2a: Togekiss
|-damage|p2a: Togekiss|15/100 par
|-hitcount|p2a: Togekiss|5
|move|p2a: Togekiss|Thunder Wave|p1a: Cloyster
|-status|p1a: Cloyster|par
|
|upkeep
|turn|18
|
|t:|1620847539
|move|p1a: Cloyster|Shell Smash|p1a: Cloyster
|-unboost|p1a: Cloyster|def|1
|-unboost|p1a: Cloyster|spd|1
|-boost|p1a: Cloyster|atk|2
|-boost|p1a: Cloyster|spa|2
|-boost|p1a: Cloyster|spe|2
|move|p2a: Togekiss|Air Slash|p1a: Cloyster
|-enditem|p1a: Cloyster|Focus Sash
|-damage|p1a: Cloyster|1/100 par
|
|upkeep
|turn|19
|
|t:|1620847548
|move|p1a: Cloyster|Shell Smash|p1a: Cloyster
|-unboost|p1a: Cloyster|def|1
|-unboost|p1a: Cloyster|spd|1
|-boost|p1a: Cloyster|atk|2
|-boost|p1a: Cloyster|spa|2
|-boost|p1a: Cloyster|spe|2
|cant|p2a: Togekiss|par
|
|upkeep
|turn|20
|inactive|Aerodragon3 has 120 seconds left.
|
|t:|1620847558
|move|p1a: Cloyster|Ice Shard|p2a: Togekiss
|-supereffective|p2a: Togekiss
|-damage|p2a: Togekiss|0 fnt
|faint|p2a: Togekiss
|
|upkeep
|
|t:|1620847562
|switch|p2a: Volcanion|Volcanion|100/100
|turn|21
|
|t:|1620847567
|cant|p1a: Cloyster|par
|move|p2a: Volcanion|Flamethrower|p1a: Cloyster
|-damage|p1a: Cloyster|0 fnt
|faint|p1a: Cloyster
|
|upkeep
|
|t:|1620847576
|switch|p1a: Raikou|Raikou|100/100
|-ability|p1a: Raikou|Pressure
|turn|22
|
|t:|1620847589
|switch|p2a: Zarude|Zarude|100/100
|move|p1a: Raikou|Volt Switch|p2a: Zarude
|-resisted|p2a: Zarude
|-damage|p2a: Zarude|82/100
|
|t:|1620847595
|switch|p1a: Mienshao|Mienshao, M|100/100|[from]move: Volt Switch
|
|upkeep
|turn|23
|
|t:|1620847609
|move|p1a: Mienshao|U-turn|p2a: Zarude
|-supereffective|p2a: Zarude
|-damage|p2a: Zarude|0 fnt
|faint|p2a: Zarude
|
|t:|1620847614
|switch|p1a: Raikou|Raikou|100/100|[from]move: U-turn
|-ability|p1a: Raikou|Pressure
|
|upkeep
|
|t:|1620847617
|switch|p2a: Steelix|Steelix, M|61/100
|turn|24
|
|t:|1620847622
|move|p1a: Raikou|Scald|p2a: Steelix
|-supereffective|p2a: Steelix
|-damage|p2a: Steelix|7/100
|move|p2a: Steelix|Earthquake|p1a: Raikou
|-supereffective|p1a: Raikou
|-damage|p1a: Raikou|20/100
|
|-heal|p2a: Steelix|13/100|[from] item: Leftovers
|upkeep
|turn|25
|
|t:|1620847636
|move|p1a: Raikou|Aura Sphere|p2a: Steelix
|-supereffective|p2a: Steelix
|-damage|p2a: Steelix|0 fnt
|faint|p2a: Steelix
|
|upkeep
|
|t:|1620847640
|switch|p2a: Mienshao|Mienshao, M|100/100
|turn|26
|
|t:|1620847658
|move|p2a: Mienshao|U-turn|p1a: Raikou
|-damage|p1a: Raikou|0 fnt
|faint|p1a: Raikou
|
|t:|1620847662
|switch|p2a: Volcanion|Volcanion|100/100|[from]move: U-turn
|
|upkeep
|
|t:|1620847667
|switch|p1a: Roserade|Roserade, M|100/100
|turn|27
|
|t:|1620847670
|move|p1a: Roserade|Sludge Bomb|p2a: Volcanion
|-damage|p2a: Volcanion|42/100
|move|p2a: Volcanion|Flamethrower|p1a: Roserade
|-supereffective|p1a: Roserade
|-damage|p1a: Roserade|0 fnt
|faint|p1a: Roserade
|
|upkeep
|inactive|Aerodragon3 has 120 seconds left.
|c|☆Glidinganteater|O no it’s coming down to a speed tie 😂
|
|t:|1620847712
|switch|p1a: Mienshao|Mienshao, M|100/100
|turn|28
|
|t:|1620847717
|move|p1a: Mienshao|Close Combat|p2a: Volcanion
|-damage|p2a: Volcanion|0 fnt
|-unboost|p1a: Mienshao|def|1
|-unboost|p1a: Mienshao|spd|1
|faint|p2a: Volcanion
|
|upkeep
|
|t:|1620847720
|switch|p2a: Mienshao|Mienshao, M|100/100
|turn|29
|
|t:|1620847726
|move|p1a: Mienshao|Close Combat|p2a: Mienshao
|-damage|p2a: Mienshao|0 fnt
|-unboost|p1a: Mienshao|def|1
|-unboost|p1a: Mienshao|spd|1
|faint|p2a: Mienshao
|
|win|Aerodragon3
|c|☆Aerodragon3|Wow
|c|☆Glidinganteater|Fuck
|c|☆Aerodragon3|Gg
|c|☆Glidinganteater|gg
|raw|Aerodragon3's rating: 1415 &rarr; <strong>1432</strong><br />(+17 for winning)
|raw|Glidinganteater's rating: 1365 &rarr; <strong>1348</strong><br />(-17 for losing)
|l|☆Glidinganteater
