|html|<div class="broadcast-blue"><strong>[Gen 8] RU is currently suspecting Durant! For information on how to participate check out the <a href="https://www.smogon.com/forums/threads/np-ru-stage-9-hit-or-miss-durant-suspect-test.3690288/">suspect thread</a>.</strong></div>
|j|☆Ain'tAlpha
|j|☆RUD5 eee
|t:|1630952352
|gametype|singles
|player|p1|Ain'tAlpha|lucas|1367
|player|p2|RUD5 eee|backpackerf|1394
|teamsize|p1|6
|teamsize|p2|6
|gen|8
|tier|[Gen 8] RU
|rated|
|rule|Sleep Clause Mod: Limit one foe put to sleep
|rule|Species Clause: Limit one of each Pokémon
|rule|OHKO Clause: OHKO moves are banned
|rule|Evasion Moves Clause: Evasion moves are banned
|rule|Endless Battle Clause: Forcing endless battles is banned
|rule|HP Percentage Mod: HP is shown in percentages
|rule|Dynamax Clause: You cannot dynamax
|clearpoke
|poke|p1|Dragalge, F|
|poke|p1|Incineroar, F|
|poke|p1|Blastoise, M|
|poke|p1|Umbreon, F|
|poke|p1|Togekiss, F|
|poke|p1|Cobalion|
|poke|p2|Weezing-Galar, F|
|poke|p2|Umbreon, F|
|poke|p2|Talonflame, M|
|poke|p2|Tangela, F|
|poke|p2|Quagsire, F|
|poke|p2|Registeel|
|teampreview
|inactive|Battle timer is ON: inactive players will automatically lose when time's up. (requested by Ain'tAlpha)
|
|t:|1630952382
|start
|switch|p1a: Incineroar|Incineroar, F|100/100
|switch|p2a: Registeel|Registeel|100/100
|-ability|p1a: Incineroar|Intimidate|boost
|-fail|p2a: Registeel|unboost|[from] ability: Clear Body|[of] p2a: Registeel
|turn|1
|
|t:|1630952387
|switch|p2a: Quagsire|Quagsire, F|100/100
|move|p1a: Incineroar|Knock Off|p2a: Quagsire
|-damage|p2a: Quagsire|84/100
|
|upkeep
|turn|2
|
|t:|1630952401
|move|p1a: Incineroar|U-turn|p2a: Quagsire
|-damage|p2a: Quagsire|71/100
|
|t:|1630952405
|switch|p1a: Umbreon|Umbreon, F|100/100|[from]move: U-turn
|move|p2a: Quagsire|Toxic|p1a: Umbreon
|-status|p1a: Umbreon|tox
|-activate|p1a: Umbreon|ability: Synchronize
|-status|p2a: Quagsire|tox
|
|-damage|p1a: Umbreon|94/100 tox|[from] psn
|-damage|p2a: Quagsire|65/100 tox|[from] psn
|upkeep
|turn|3
|
|t:|1630952417
|switch|p1a: Cobalion|Cobalion|100/100
|switch|p2a: Umbreon|Umbreon, F|100/100
|
|upkeep
|turn|4
|
|t:|1630952430
|switch|p1a: Dragalge|Dragalge, F|100/100
|switch|p2a: Talonflame|Talonflame, M|100/100
|
|upkeep
|turn|5
|
|t:|1630952437
|switch|p2a: Registeel|Registeel|100/100
|move|p1a: Dragalge|Toxic Spikes|p2a: Registeel
|-sidestart|p2: RUD5 eee|move: Toxic Spikes
|
|upkeep
|turn|6
|
|t:|1630952446
|switch|p1a: Incineroar|Incineroar, F|100/100
|-ability|p1a: Incineroar|Intimidate|boost
|-fail|p2a: Registeel|unboost|[from] ability: Clear Body|[of] p2a: Registeel
|move|p2a: Registeel|Stealth Rock|p1a: Incineroar
|-sidestart|p1: Ain'tAlpha|move: Stealth Rock
|
|upkeep
|turn|7
|
|t:|1630952453
|switch|p2a: Quagsire|Quagsire, F|65/100 tox
|move|p1a: Incineroar|Knock Off|p2a: Quagsire
|-crit|p2a: Quagsire
|-damage|p2a: Quagsire|37/100 tox
|
|-damage|p2a: Quagsire|31/100 tox|[from] psn
|upkeep
|turn|8
|
|t:|1630952471
|move|p1a: Incineroar|U-turn|p2a: Quagsire
|-damage|p2a: Quagsire|19/100 tox
|
|t:|1630952474
|switch|p1a: Blastoise|Blastoise, M|100/100|[from]move: U-turn
|-damage|p1a: Blastoise|88/100|[from] Stealth Rock
|move|p2a: Quagsire|Recover|p2a: Quagsire
|-heal|p2a: Quagsire|69/100 tox
|
|-heal|p1a: Blastoise|94/100|[from] item: Leftovers
|-damage|p2a: Quagsire|57/100 tox|[from] psn
|upkeep
|turn|9
|
|t:|1630952481
|move|p1a: Blastoise|Rapid Spin|p2a: Quagsire
|-damage|p2a: Quagsire|50/100 tox
|-boost|p1a: Blastoise|spe|1
|-sideend|p1: Ain'tAlpha|Stealth Rock|[from] move: Rapid Spin|[of] p1a: Blastoise
|move|p2a: Quagsire|Toxic|p1a: Blastoise
|-status|p1a: Blastoise|tox
|
|-heal|p1a: Blastoise|99/100 tox|[from] item: Leftovers
|-damage|p1a: Blastoise|94/100 tox|[from] psn
|-damage|p2a: Quagsire|32/100 tox|[from] psn
|upkeep
|turn|10
|
|t:|1630952489
|switch|p2a: Umbreon|Umbreon, F|100/100
|move|p1a: Blastoise|Scald|p2a: Umbreon
|-damage|p2a: Umbreon|87/100
|
|-heal|p1a: Blastoise|99/100 tox|[from] item: Leftovers
|-damage|p1a: Blastoise|88/100 tox|[from] psn
|upkeep
|turn|11
|
|t:|1630952506
|switch|p1a: Togekiss|Togekiss, F|100/100
|move|p2a: Umbreon|Heal Bell|p2a: Umbreon
|-activate|p2a: Umbreon|move: Heal Bell
|-curestatus|p2: Quagsire|tox|[msg]
|
|upkeep
|turn|12
|
|t:|1630952513
|switch|p2a: Registeel|Registeel|100/100
|move|p1a: Togekiss|Nasty Plot|p1a: Togekiss
|-boost|p1a: Togekiss|spa|2
|
|upkeep
|turn|13
|
|t:|1630952520
|switch|p1a: Cobalion|Cobalion|100/100
|move|p2a: Registeel|Heavy Slam|p1a: Cobalion
|-resisted|p1a: Cobalion
|-crit|p1a: Cobalion
|-damage|p1a: Cobalion|94/100
|
|upkeep
|turn|14
|
|t:|1630952533
|switch|p1a: Blastoise|Blastoise, M|88/100 tox
|switch|p2a: Talonflame|Talonflame, M|100/100
|
|-heal|p1a: Blastoise|94/100 tox|[from] item: Leftovers
|-damage|p1a: Blastoise|88/100 tox|[from] psn
|upkeep
|turn|15
|
|t:|1630952542
|switch|p2a: Umbreon|Umbreon, F|87/100
|move|p1a: Blastoise|Toxic|p2a: Umbreon|[miss]
|-miss|p1a: Blastoise|p2a: Umbreon
|
|-heal|p1a: Blastoise|94/100 tox|[from] item: Leftovers
|-damage|p1a: Blastoise|82/100 tox|[from] psn
|upkeep
|turn|16
|
|t:|1630952554
|switch|p1a: Incineroar|Incineroar, F|100/100
|-ability|p1a: Incineroar|Intimidate|boost
|-unboost|p2a: Umbreon|atk|1
|move|p2a: Umbreon|Wish|p2a: Umbreon
|
|upkeep
|turn|17
|
|t:|1630952563
|switch|p2a: Quagsire|Quagsire, F|32/100
|-status|p2a: Quagsire|psn
|move|p1a: Incineroar|U-turn|p2a: Quagsire
|-damage|p2a: Quagsire|19/100 psn
|
|t:|1630952568
|switch|p1a: Togekiss|Togekiss, F|100/100|[from]move: U-turn
|
|-heal|p2a: Quagsire|69/100 psn|[from] move: Wish|[wisher] Umbreon
|-damage|p2a: Quagsire|56/100 psn|[from] psn
|upkeep
|turn|18
|
|t:|1630952575
|switch|p2a: Registeel|Registeel|100/100
|move|p1a: Togekiss|Flamethrower|p2a: Registeel
|-supereffective|p2a: Registeel
|-damage|p2a: Registeel|74/100
|
|-heal|p2a: Registeel|80/100|[from] item: Leftovers
|upkeep
|turn|19
|
|t:|1630952591
|switch|p1a: Cobalion|Cobalion|94/100
|move|p2a: Registeel|Stealth Rock|p1a: Cobalion
|-sidestart|p1: Ain'tAlpha|move: Stealth Rock
|
|-heal|p2a: Registeel|86/100|[from] item: Leftovers
|upkeep
|turn|20
|
|t:|1630952595
|switch|p2a: Talonflame|Talonflame, M|100/100
|move|p1a: Cobalion|Close Combat|p2a: Talonflame
|-resisted|p2a: Talonflame
|-damage|p2a: Talonflame|73/100
|-unboost|p1a: Cobalion|def|1
|-unboost|p1a: Cobalion|spd|1
|
|upkeep
|turn|21
|
|t:|1630952608
|switch|p1a: Incineroar|Incineroar, F|100/100
|-ability|p1a: Incineroar|Intimidate|boost
|-unboost|p2a: Talonflame|atk|1
|move|p2a: Talonflame|Will-O-Wisp|p1a: Incineroar
|-immune|p1a: Incineroar
|
|upkeep
|turn|22
|
|t:|1630952617
|switch|p2a: Weezing|Weezing-Galar, F|100/100
|-ability|p2a: Weezing|Neutralizing Gas
|-sideend|p2: RUD5 eee|move: Toxic Spikes|[of] p2a: Weezing
|move|p1a: Incineroar|Knock Off|p2a: Weezing
|-resisted|p2a: Weezing
|-damage|p2a: Weezing|89/100
|-enditem|p2a: Weezing|Heavy-Duty Boots|[from] move: Knock Off|[of] p1a: Incineroar
|
|upkeep
|turn|23
|
|t:|1630952643
|move|p2a: Weezing|Pain Split|p1a: Incineroar
|-sethp|p1a: Incineroar|88/100|[from] move: Pain Split|[silent]
|-sethp|p2a: Weezing|100/100|[from] move: Pain Split
|move|p1a: Incineroar|U-turn|p2a: Weezing
|-resisted|p2a: Weezing
|-damage|p2a: Weezing|97/100
|
|t:|1630952648
|switch|p1a: Dragalge|Dragalge, F|100/100|[from]move: U-turn
|-damage|p1a: Dragalge|88/100|[from] Stealth Rock
|
|-heal|p1a: Dragalge|94/100|[from] item: Black Sludge
|upkeep
|turn|24
|j| Roadrasher
|
|t:|1630952660
|-end|p2a: Weezing|ability: Neutralizing Gas
|switch|p2a: Registeel|Registeel|86/100
|move|p1a: Dragalge|Toxic Spikes|p2a: Registeel
|-sidestart|p2: RUD5 eee|move: Toxic Spikes
|
|-heal|p1a: Dragalge|99/100|[from] item: Black Sludge
|-heal|p2a: Registeel|92/100|[from] item: Leftovers
|upkeep
|turn|25
|
|t:|1630952670
|switch|p1a: Blastoise|Blastoise, M|82/100 tox
|-damage|p1a: Blastoise|70/100 tox|[from] Stealth Rock
|move|p2a: Registeel|Seismic Toss|p1a: Blastoise
|-damage|p1a: Blastoise|42/100 tox
|
|-heal|p1a: Blastoise|48/100 tox|[from] item: Leftovers
|-heal|p2a: Registeel|98/100|[from] item: Leftovers
|-damage|p1a: Blastoise|42/100 tox|[from] psn
|upkeep
|turn|26
|
|t:|1630952676
|switch|p1a: Umbreon|Umbreon, F|94/100 tox
|-damage|p1a: Umbreon|82/100 tox|[from] Stealth Rock
|switch|p2a: Weezing|Weezing-Galar, F|97/100
|-ability|p2a: Weezing|Neutralizing Gas
|-sideend|p2: RUD5 eee|move: Toxic Spikes|[of] p2a: Weezing
|
|-heal|p1a: Umbreon|88/100 tox|[from] item: Leftovers
|-damage|p1a: Umbreon|82/100 tox|[from] psn
|upkeep
|turn|27
|
|t:|1630952696
|move|p1a: Umbreon|Heal Bell|p1a: Umbreon
|-activate|p1a: Umbreon|move: Heal Bell
|-curestatus|p1a: Umbreon|tox|[msg]
|-curestatus|p1: Blastoise|tox|[msg]
|move|p2a: Weezing|Strange Steam|p1a: Umbreon
|-supereffective|p1a: Umbreon
|-damage|p1a: Umbreon|56/100
|
|-heal|p1a: Umbreon|62/100|[from] item: Leftovers
|upkeep
|turn|28
|
|t:|1630952706
|-end|p2a: Weezing|ability: Neutralizing Gas
|switch|p2a: Umbreon|Umbreon, F|87/100
|move|p1a: Umbreon|Wish|p1a: Umbreon
|
|-heal|p1a: Umbreon|68/100|[from] item: Leftovers
|upkeep
|turn|29
|j| Back tickels
|l| Roadrasher
|
|t:|1630952726
|switch|p1a: Blastoise|Blastoise, M|42/100
|-damage|p1a: Blastoise|30/100|[from] Stealth Rock
|move|p2a: Umbreon|Wish|p2a: Umbreon
|
|-heal|p1a: Blastoise|84/100|[from] move: Wish|[wisher] Umbreon
|-heal|p1a: Blastoise|90/100|[from] item: Leftovers
|upkeep
|turn|30
|
|t:|1630952732
|switch|p2a: Quagsire|Quagsire, F|56/100 psn
|move|p1a: Blastoise|Rapid Spin|p2a: Quagsire
|-damage|p2a: Quagsire|50/100 psn
|-boost|p1a: Blastoise|spe|1
|-sideend|p1: Ain'tAlpha|Stealth Rock|[from] move: Rapid Spin|[of] p1a: Blastoise
|
|-heal|p2a: Quagsire|99/100 psn|[from] move: Wish|[wisher] Umbreon
|-heal|p1a: Blastoise|96/100|[from] item: Leftovers
|-damage|p2a: Quagsire|88/100 psn|[from] psn
|upkeep
|turn|31
|
|t:|1630952744
|move|p1a: Blastoise|Scald|p2a: Quagsire
|-damage|p2a: Quagsire|56/100 psn
|move|p2a: Quagsire|Toxic|p1a: Blastoise
|-status|p1a: Blastoise|tox
|
|-heal|p1a: Blastoise|100/100 tox|[from] item: Leftovers
|-damage|p1a: Blastoise|94/100 tox|[from] psn
|-damage|p2a: Quagsire|44/100 psn|[from] psn
|upkeep
|turn|32
|
|t:|1630952758
|move|p1a: Blastoise|Scald|p2a: Quagsire
|-damage|p2a: Quagsire|14/100 psn
|move|p2a: Quagsire|Recover|p2a: Quagsire
|-heal|p2a: Quagsire|64/100 psn
|
|-heal|p1a: Blastoise|100/100 tox|[from] item: Leftovers
|-damage|p1a: Blastoise|88/100 tox|[from] psn
|-damage|p2a: Quagsire|52/100 psn|[from] psn
|upkeep
|turn|33
|
|t:|1630952764
|switch|p2a: Registeel|Registeel|98/100
|move|p1a: Blastoise|Scald|p2a: Registeel
|-damage|p2a: Registeel|85/100
|
|-heal|p1a: Blastoise|94/100 tox|[from] item: Leftovers
|-heal|p2a: Registeel|91/100|[from] item: Leftovers
|-damage|p1a: Blastoise|76/100 tox|[from] psn
|upkeep
|turn|34
|
|t:|1630952770
|move|p1a: Blastoise|Scald|p2a: Registeel
|-damage|p2a: Registeel|79/100
|-status|p2a: Registeel|brn
|move|p2a: Registeel|Stealth Rock|p1a: Blastoise
|-sidestart|p1: Ain'tAlpha|move: Stealth Rock
|
|-heal|p1a: Blastoise|82/100 tox|[from] item: Leftovers
|-heal|p2a: Registeel|85/100 brn|[from] item: Leftovers
|-damage|p1a: Blastoise|58/100 tox|[from] psn
|-damage|p2a: Registeel|79/100 brn|[from] brn
|upkeep
|turn|35
|
|t:|1630952777
|switch|p2a: Umbreon|Umbreon, F|87/100
|move|p1a: Blastoise|Rapid Spin|p2a: Umbreon
|-damage|p2a: Umbreon|80/100
|-boost|p1a: Blastoise|spe|1
|-sideend|p1: Ain'tAlpha|Stealth Rock|[from] move: Rapid Spin|[of] p1a: Blastoise
|
|-heal|p1a: Blastoise|64/100 tox|[from] item: Leftovers
|-damage|p1a: Blastoise|34/100 tox|[from] psn
|upkeep
|turn|36
|
|t:|1630952786
|switch|p1a: Dragalge|Dragalge, F|99/100
|move|p2a: Umbreon|Heal Bell|p2a: Umbreon
|-activate|p2a: Umbreon|move: Heal Bell
|-curestatus|p2: Quagsire|psn|[msg]
|-curestatus|p2: Registeel|brn|[msg]
|
|-heal|p1a: Dragalge|100/100|[from] item: Black Sludge
|upkeep
|turn|37
|
|t:|1630952789
|switch|p2a: Registeel|Registeel|79/100
|move|p1a: Dragalge|Toxic Spikes|p2a: Registeel
|-sidestart|p2: RUD5 eee|move: Toxic Spikes
|
|-heal|p2a: Registeel|85/100|[from] item: Leftovers
|upkeep
|turn|38
|
|t:|1630952798
|switch|p1a: Umbreon|Umbreon, F|68/100
|move|p2a: Registeel|Stealth Rock|p1a: Umbreon
|-sidestart|p1: Ain'tAlpha|move: Stealth Rock
|
|-heal|p1a: Umbreon|74/100|[from] item: Leftovers
|-heal|p2a: Registeel|91/100|[from] item: Leftovers
|upkeep
|turn|39
|
|t:|1630952808
|switch|p2a: Weezing|Weezing-Galar, F|97/100
|-ability|p2a: Weezing|Neutralizing Gas
|-sideend|p2: RUD5 eee|move: Toxic Spikes|[of] p2a: Weezing
|move|p1a: Umbreon|Wish|p1a: Umbreon
|
|-heal|p1a: Umbreon|80/100|[from] item: Leftovers
|upkeep
|turn|40
|
|t:|1630952831
|switch|p1a: Dragalge|Dragalge, F|100/100
|-damage|p1a: Dragalge|88/100|[from] Stealth Rock
|move|p2a: Weezing|Strange Steam|p1a: Dragalge
|-damage|p1a: Dragalge|58/100
|
|-heal|p1a: Dragalge|100/100|[from] move: Wish|[wisher] Umbreon
|upkeep
|turn|41
|
|t:|1630952840
|-end|p2a: Weezing|ability: Neutralizing Gas
|switch|p2a: Registeel|Registeel|91/100
|move|p1a: Dragalge|Draco Meteor|p2a: Registeel
|-resisted|p2a: Registeel
|-damage|p2a: Registeel|72/100
|-unboost|p1a: Dragalge|spa|2
|
|-heal|p2a: Registeel|78/100|[from] item: Leftovers
|upkeep
|turn|42
|
|t:|1630952849
|switch|p1a: Incineroar|Incineroar, F|88/100
|-ability|p1a: Incineroar|Intimidate|boost
|-fail|p2a: Registeel|unboost|[from] ability: Clear Body|[of] p2a: Registeel
|move|p2a: Registeel|Seismic Toss|p1a: Incineroar
|-damage|p1a: Incineroar|63/100
|
|-heal|p2a: Registeel|84/100|[from] item: Leftovers
|upkeep
|turn|43
|
|t:|1630952855
|switch|p2a: Quagsire|Quagsire, F|52/100
|move|p1a: Incineroar|Toxic|p2a: Quagsire
|-status|p2a: Quagsire|tox
|
|-damage|p2a: Quagsire|45/100 tox|[from] psn
|upkeep
|turn|44
|
|t:|1630952860
|move|p1a: Incineroar|U-turn|p2a: Quagsire
|-damage|p2a: Quagsire|32/100 tox
|
|t:|1630952868
|switch|p1a: Umbreon|Umbreon, F|80/100|[from]move: U-turn
|-damage|p1a: Umbreon|68/100|[from] Stealth Rock
|move|p2a: Quagsire|Recover|p2a: Quagsire
|-heal|p2a: Quagsire|82/100 tox
|
|-heal|p1a: Umbreon|74/100|[from] item: Leftovers
|-damage|p2a: Quagsire|70/100 tox|[from] psn
|upkeep
|turn|45
|
|t:|1630952875
|move|p1a: Umbreon|Wish|p1a: Umbreon
|move|p2a: Quagsire|Toxic|p1a: Umbreon
|-status|p1a: Umbreon|tox
|-activate|p1a: Umbreon|ability: Synchronize
|-fail|p2a: Quagsire|tox
|
|-heal|p1a: Umbreon|80/100 tox|[from] item: Leftovers
|-damage|p1a: Umbreon|74/100 tox|[from] psn
|-damage|p2a: Quagsire|51/100 tox|[from] psn
|upkeep
|turn|46
|
|t:|1630952885
|switch|p2a: Umbreon|Umbreon, F|80/100
|move|p1a: Umbreon|Heal Bell|p1a: Umbreon
|-activate|p1a: Umbreon|move: Heal Bell
|-curestatus|p1a: Umbreon|tox|[msg]
|-curestatus|p1: Blastoise|tox|[msg]
|
|-heal|p1a: Umbreon|100/100|[from] move: Wish|[wisher] Umbreon
|upkeep
|turn|47
|
|t:|1630952899
|move|p1a: Umbreon|Wish|p1a: Umbreon
|move|p2a: Umbreon|Heal Bell|p2a: Umbreon
|-activate|p2a: Umbreon|move: Heal Bell
|-curestatus|p2: Quagsire|tox|[msg]
|
|upkeep
|turn|48
|
|t:|1630952907
|switch|p1a: Incineroar|Incineroar, F|63/100
|-ability|p1a: Incineroar|Intimidate|boost
|-unboost|p2a: Umbreon|atk|1
|move|p2a: Umbreon|Wish|p2a: Umbreon
|
|-heal|p1a: Incineroar|100/100|[from] move: Wish|[wisher] Umbreon
|upkeep
|turn|49
|
|t:|1630952917
|switch|p2a: Quagsire|Quagsire, F|51/100
|move|p1a: Incineroar|Overheat|p2a: Quagsire
|-resisted|p2a: Quagsire
|-damage|p2a: Quagsire|28/100
|-unboost|p1a: Incineroar|spa|2
|
|-heal|p2a: Quagsire|78/100|[from] move: Wish|[wisher] Umbreon
|upkeep
|turn|50
|
|t:|1630952923
|move|p1a: Incineroar|Toxic|p2a: Quagsire
|-status|p2a: Quagsire|tox
|move|p2a: Quagsire|Toxic|p1a: Incineroar
|-status|p1a: Incineroar|tox
|
|-damage|p1a: Incineroar|94/100 tox|[from] psn
|-damage|p2a: Quagsire|72/100 tox|[from] psn
|upkeep
|turn|51
|
|t:|1630952929
|move|p1a: Incineroar|U-turn|p2a: Quagsire
|-damage|p2a: Quagsire|60/100 tox
|
|t:|1630952935
|switch|p1a: Togekiss|Togekiss, F|100/100|[from]move: U-turn
|move|p2a: Quagsire|Earthquake|p1a: Togekiss
|-immune|p1a: Togekiss
|
|-damage|p2a: Quagsire|48/100 tox|[from] psn
|upkeep
|turn|52
|
|t:|1630952941
|switch|p2a: Registeel|Registeel|84/100
|move|p1a: Togekiss|Flamethrower|p2a: Registeel
|-supereffective|p2a: Registeel
|-damage|p2a: Registeel|58/100
|
|-heal|p2a: Registeel|64/100|[from] item: Leftovers
|upkeep
|turn|53
|inactive|Ain'tAlpha has 120 seconds left.
|
|t:|1630952980
|switch|p1a: Umbreon|Umbreon, F|100/100
|-damage|p1a: Umbreon|88/100|[from] Stealth Rock
|switch|p2a: Umbreon|Umbreon, F|80/100
|
|-heal|p1a: Umbreon|94/100|[from] item: Leftovers
|upkeep
|turn|54
|inactive|Ain'tAlpha has 120 seconds left.
|
|t:|1630952986
|move|p1a: Umbreon|Wish|p1a: Umbreon
|move|p2a: Umbreon|Wish|p2a: Umbreon
|
|-heal|p1a: Umbreon|99/100|[from] item: Leftovers
|upkeep
|turn|55
|
|t:|1630952990
|switch|p1a: Blastoise|Blastoise, M|34/100
|-damage|p1a: Blastoise|21/100|[from] Stealth Rock
|switch|p2a: Registeel|Registeel|64/100
|
|-heal|p2a: Registeel|100/100|[from] move: Wish|[wisher] Umbreon
|-heal|p1a: Blastoise|76/100|[from] move: Wish|[wisher] Umbreon
|-heal|p1a: Blastoise|82/100|[from] item: Leftovers
|upkeep
|turn|56
|
|t:|1630952998
|move|p1a: Blastoise|Scald|p2a: Registeel
|-damage|p2a: Registeel|89/100
|-status|p2a: Registeel|brn
|move|p2a: Registeel|Toxic|p1a: Blastoise
|-status|p1a: Blastoise|tox
|
|-heal|p1a: Blastoise|88/100 tox|[from] item: Leftovers
|-heal|p2a: Registeel|95/100 brn|[from] item: Leftovers
|-damage|p1a: Blastoise|82/100 tox|[from] psn
|-damage|p2a: Registeel|89/100 brn|[from] brn
|upkeep
|turn|57
|
|t:|1630953003
|switch|p1a: Togekiss|Togekiss, F|100/100
|move|p2a: Registeel|Seismic Toss|p1a: Togekiss
|-damage|p1a: Togekiss|74/100
|
|-heal|p2a: Registeel|95/100 brn|[from] item: Leftovers
|-damage|p2a: Registeel|89/100 brn|[from] brn
|upkeep
|turn|58
|
|t:|1630953009
|move|p1a: Togekiss|Nasty Plot|p1a: Togekiss
|-boost|p1a: Togekiss|spa|2
|move|p2a: Registeel|Toxic|p1a: Togekiss
|-status|p1a: Togekiss|tox
|
|-heal|p2a: Registeel|95/100 brn|[from] item: Leftovers
|-damage|p1a: Togekiss|68/100 tox|[from] psn
|-damage|p2a: Registeel|89/100 brn|[from] brn
|upkeep
|turn|59
|
|t:|1630953014
|switch|p2a: Talonflame|Talonflame, M|73/100
|move|p1a: Togekiss|Heal Bell|p1a: Togekiss
|-activate|p1a: Togekiss|move: Heal Bell
|-curestatus|p1a: Togekiss|tox|[msg]
|-curestatus|p1: Incineroar|tox|[msg]
|-curestatus|p1: Blastoise|tox|[msg]
|
|upkeep
|turn|60
|
|t:|1630953019
|move|p2a: Talonflame|Brave Bird|p1a: Togekiss
|-damage|p1a: Togekiss|34/100
|-damage|p2a: Talonflame|59/100|[from] Recoil
|move|p1a: Togekiss|Air Slash|p2a: Talonflame
|-damage|p2a: Talonflame|0 fnt
|faint|p2a: Talonflame
|
|upkeep
|
|t:|1630953035
|switch|p2a: Registeel|Registeel|89/100 brn
|turn|61
|inactive|Ain'tAlpha has 120 seconds left.
|
|t:|1630953091
|move|p1a: Togekiss|Flamethrower|p2a: Registeel
|-supereffective|p2a: Registeel
|-damage|p2a: Registeel|40/100 brn
|move|p2a: Registeel|Heavy Slam|p1a: Togekiss
|-supereffective|p1a: Togekiss
|-damage|p1a: Togekiss|4/100
|
|-heal|p2a: Registeel|46/100 brn|[from] item: Leftovers
|-damage|p2a: Registeel|40/100 brn|[from] brn
|upkeep
|turn|62
|
|t:|1630953102
|switch|p2a: Umbreon|Umbreon, F|80/100
|move|p1a: Togekiss|Air Slash|p2a: Umbreon
|-damage|p2a: Umbreon|49/100
|
|upkeep
|turn|63
|
|t:|1630953109
|move|p1a: Togekiss|Air Slash|p2a: Umbreon
|-damage|p2a: Umbreon|19/100
|cant|p2a: Umbreon|flinch
|
|upkeep
|turn|64
|
|t:|1630953133
|move|p1a: Togekiss|Flamethrower|p2a: Umbreon
|-damage|p2a: Umbreon|0 fnt
|faint|p2a: Umbreon
|
|upkeep
|
|t:|1630953136
|switch|p2a: Weezing|Weezing-Galar, F|97/100
|-ability|p2a: Weezing|Neutralizing Gas
|turn|65
|
|t:|1630953151
|move|p1a: Togekiss|Air Slash|p2a: Weezing
|-damage|p2a: Weezing|20/100
|move|p2a: Weezing|Strange Steam|p1a: Togekiss|[miss]
|-miss|p2a: Weezing|p1a: Togekiss
|
|upkeep
|turn|66
|-message|RUD5 eee forfeited.
|
|win|Ain'tAlpha
|raw|Ain&apos;tAlpha's rating: 1367 &rarr; <strong>1389</strong><br />(+22 for winning)
|raw|RUD5 eee's rating: 1394 &rarr; <strong>1372</strong><br />(-22 for losing)
|c|☆Ain'tAlpha|gg
|l|☆RUD5 eee
|c|☆Ain'tAlpha|ez 6-0
