|j|☆Harvard Trainer
|j|☆purple mountains
|t:|1665858768
|gametype|singles
|player|p1|Harvard Trainer|ethan|1403
|player|p2|purple mountains|giovanni|1474
|teamsize|p1|6
|teamsize|p2|6
|gen|8
|tier|[Gen 8] RU
|rated|
|rule|Sleep Clause Mod: Limit one foe put to sleep
|rule|Species Clause: Limit one of each Pokémon
|rule|OHKO Clause: OHKO moves are banned
|rule|Evasion Items Clause: Evasion items are banned
|rule|Evasion Moves Clause: Evasion moves are banned
|rule|Endless Battle Clause: Forcing endless battles is banned
|rule|HP Percentage Mod: HP is shown in percentages
|rule|Dynamax Clause: You cannot dynamax
|clearpoke
|poke|p1|Incineroar, F|
|poke|p1|Blastoise, F|
|poke|p1|Thwackey, M|
|poke|p1|Sirfetch’d, M|
|poke|p1|Weezing-Galar, F|
|poke|p1|Copperajah, F|
|poke|p2|Pangoro, F|
|poke|p2|Crobat, F|
|poke|p2|Starmie|
|poke|p2|Stakataka|
|poke|p2|Celebi|
|poke|p2|Xurkitree|
|teampreview
|inactive|Battle timer is ON: inactive players will automatically lose when time's up. (requested by Harvard Trainer)
|
|t:|1665858784
|start
|switch|p1a: Incineroar|Incineroar, F|100/100
|switch|p2a: Xurkitree|Xurkitree|100/100
|-ability|p1a: Incineroar|Intimidate|boost
|-unboost|p2a: Xurkitree|atk|1
|turn|1
|
|t:|1665858790
|move|p2a: Xurkitree|Volt Switch|p1a: Incineroar
|-crit|p1a: Incineroar
|-damage|p1a: Incineroar|54/100
|
|t:|1665858795
|switch|p2a: Stakataka|Stakataka|100/100|[from]move: Volt Switch
|move|p1a: Incineroar|Knock Off|p2a: Stakataka
|-damage|p2a: Stakataka|78/100
|-enditem|p2a: Stakataka|Leftovers|[from] move: Knock Off|[of] p1a: Incineroar
|
|upkeep
|turn|2
|
|t:|1665858806
|move|p1a: Incineroar|Close Combat|p2a: Stakataka
|-supereffective|p2a: Stakataka
|-damage|p2a: Stakataka|14/100
|-unboost|p1a: Incineroar|def|1
|-unboost|p1a: Incineroar|spd|1
|move|p2a: Stakataka|Stealth Rock|p1a: Incineroar
|-sidestart|p1: Harvard Trainer|move: Stealth Rock
|
|upkeep
|turn|3
|
|t:|1665858819
|switch|p2a: Crobat|Crobat, F|100/100
|move|p1a: Incineroar|Knock Off|p2a: Crobat
|-damage|p2a: Crobat|63/100
|-enditem|p2a: Crobat|Heavy-Duty Boots|[from] move: Knock Off|[of] p1a: Incineroar
|
|upkeep
|turn|4
|
|t:|1665858831
|switch|p1a: Weezing|Weezing-Galar, F|100/100
|-ability|p1a: Weezing|Neutralizing Gas
|-damage|p1a: Weezing|88/100|[from] Stealth Rock
|move|p2a: Crobat|Brave Bird|p1a: Weezing
|-damage|p1a: Weezing|64/100
|-damage|p2a: Crobat|46/100|[from] item: Rocky Helmet|[of] p1a: Weezing
|-damage|p2a: Crobat|39/100|[from] Recoil
|
|upkeep
|turn|5
|
|t:|1665858844
|switch|p2a: Xurkitree|Xurkitree|100/100
|move|p1a: Weezing|Defog|p2a: Xurkitree
|-unboost|p2a: Xurkitree|evasion|1
|-sideend|p1: Harvard Trainer|Stealth Rock|[from] move: Defog|[of] p1a: Weezing
|
|upkeep
|turn|6
|
|t:|1665858857
|-end|p1a: Weezing|ability: Neutralizing Gas
|switch|p1a: Thwackey|Thwackey, M|100/100
|-fieldstart|move: Grassy Terrain|[from] ability: Grassy Surge|[of] p1a: Thwackey
|move|p2a: Xurkitree|Thunderbolt|p1a: Thwackey
|-resisted|p1a: Thwackey
|-damage|p1a: Thwackey|48/100
|-status|p1a: Thwackey|par
|
|-heal|p1a: Thwackey|54/100 par|[from] Grassy Terrain
|upkeep
|turn|7
|
|t:|1665858871
|switch|p2a: Crobat|Crobat, F|39/100
|cant|p1a: Thwackey|par
|
|-heal|p1a: Thwackey|60/100 par|[from] Grassy Terrain
|upkeep
|turn|8
|
|t:|1665858875
|move|p2a: Crobat|Roost|p2a: Crobat
|-heal|p2a: Crobat|89/100
|-singleturn|p2a: Crobat|move: Roost
|move|p1a: Thwackey|U-turn|p2a: Crobat
|-resisted|p2a: Crobat
|-damage|p2a: Crobat|73/100
|
|t:|1665858877
|switch|p1a: Blastoise|Blastoise, F|100/100|[from]move: U-turn
|
|-heal|p2a: Crobat|79/100|[from] Grassy Terrain
|upkeep
|turn|9
|
|t:|1665858881
|move|p2a: Crobat|U-turn|p1a: Blastoise
|-damage|p1a: Blastoise|85/100
|
|t:|1665858883
|switch|p2a: Celebi|Celebi|100/100|[from]move: U-turn
|move|p1a: Blastoise|Shell Smash|p1a: Blastoise
|-unboost|p1a: Blastoise|def|1
|-unboost|p1a: Blastoise|spd|1
|-boost|p1a: Blastoise|atk|2
|-boost|p1a: Blastoise|spa|2
|-boost|p1a: Blastoise|spe|2
|-enditem|p1a: Blastoise|White Herb
|-clearnegativeboost|p1a: Blastoise|[silent]
|
|-heal|p1a: Blastoise|91/100|[from] Grassy Terrain
|upkeep
|turn|10
|
|t:|1665858887
|move|p1a: Blastoise|Ice Beam|p2a: Celebi
|-supereffective|p2a: Celebi
|-damage|p2a: Celebi|5/100
|move|p2a: Celebi|Giga Drain|p1a: Blastoise
|-supereffective|p1a: Blastoise
|-damage|p1a: Blastoise|8/100
|-heal|p2a: Celebi|44/100|[from] drain|[of] p1a: Blastoise
|
|-heal|p1a: Blastoise|14/100|[from] Grassy Terrain
|-heal|p2a: Celebi|50/100|[from] Grassy Terrain
|-heal|p2a: Celebi|56/100|[from] item: Leftovers
|-fieldend|move: Grassy Terrain
|upkeep
|turn|11
|
|t:|1665858905
|switch|p2a: Stakataka|Stakataka|14/100
|move|p1a: Blastoise|Ice Beam|p2a: Stakataka
|-resisted|p2a: Stakataka
|-damage|p2a: Stakataka|0 fnt
|faint|p2a: Stakataka
|
|upkeep
|
|t:|1665858910
|switch|p2a: Starmie|Starmie|100/100
|turn|12
|
|t:|1665858916
|switch|p1a: Thwackey|Thwackey, M|60/100 par
|-fieldstart|move: Grassy Terrain|[from] ability: Grassy Surge|[of] p1a: Thwackey
|move|p2a: Starmie|Scald|p1a: Thwackey
|-resisted|p1a: Thwackey
|-damage|p1a: Thwackey|34/100 par
|
|-heal|p1a: Thwackey|40/100 par|[from] Grassy Terrain
|upkeep
|turn|13
|
|t:|1665858926
|switch|p2a: Crobat|Crobat, F|79/100
|cant|p1a: Thwackey|par
|
|-heal|p1a: Thwackey|46/100 par|[from] Grassy Terrain
|upkeep
|turn|14
|
|t:|1665858935
|switch|p1a: Weezing|Weezing-Galar, F|64/100
|-ability|p1a: Weezing|Neutralizing Gas
|move|p2a: Crobat|U-turn|p1a: Weezing
|-resisted|p1a: Weezing
|-damage|p1a: Weezing|62/100
|-damage|p2a: Crobat|63/100|[from] item: Rocky Helmet|[of] p1a: Weezing
|
|t:|1665858937
|switch|p2a: Xurkitree|Xurkitree|100/100|[from]move: U-turn
|
|-heal|p1a: Weezing|68/100|[from] Grassy Terrain
|upkeep
|turn|15
|
|t:|1665858957
|-end|p1a: Weezing|ability: Neutralizing Gas
|switch|p1a: Copperajah|Copperajah, F|100/100
|move|p2a: Xurkitree|Thunderbolt|p1a: Copperajah
|-damage|p1a: Copperajah|70/100
|
|-heal|p1a: Copperajah|77/100|[from] Grassy Terrain
|upkeep
|turn|16
|
|t:|1665858963
|switch|p2a: Starmie|Starmie|100/100
|move|p1a: Copperajah|Heavy Slam|p2a: Starmie
|-resisted|p2a: Starmie
|-damage|p2a: Starmie|67/100
|
|-heal|p2a: Starmie|74/100|[from] Grassy Terrain
|-heal|p2a: Starmie|80/100|[from] item: Leftovers
|-heal|p1a: Copperajah|83/100|[from] Grassy Terrain
|-fieldend|move: Grassy Terrain
|upkeep
|turn|17
|
|t:|1665858967
|move|p2a: Starmie|Scald|p1a: Copperajah
|-damage|p1a: Copperajah|69/100
|move|p1a: Copperajah|Power Whip|p2a: Starmie
|-supereffective|p2a: Starmie
|-damage|p2a: Starmie|0 fnt
|faint|p2a: Starmie
|
|upkeep
|
|t:|1665858973
|switch|p2a: Pangoro|Pangoro, F|100/100
|turn|18
|
|t:|1665858978
|switch|p1a: Weezing|Weezing-Galar, F|68/100
|-ability|p1a: Weezing|Neutralizing Gas
|move|p2a: Pangoro|Iron Head|p1a: Weezing
|-supereffective|p1a: Weezing
|-damage|p1a: Weezing|11/100
|-damage|p2a: Pangoro|84/100|[from] item: Rocky Helmet|[of] p1a: Weezing
|
|upkeep
|turn|19
|
|t:|1665858999
|switch|p2a: Xurkitree|Xurkitree|100/100
|move|p1a: Weezing|Strange Steam|p2a: Xurkitree
|-damage|p2a: Xurkitree|58/100
|
|upkeep
|turn|20
|
|t:|1665859006
|-end|p1a: Weezing|ability: Neutralizing Gas
|switch|p1a: Copperajah|Copperajah, F|69/100
|move|p2a: Xurkitree|Thunderbolt|p1a: Copperajah
|-damage|p1a: Copperajah|37/100
|
|upkeep
|turn|21
|
|t:|1665859015
|switch|p2a: Pangoro|Pangoro, F|84/100
|move|p1a: Copperajah|Heavy Slam|p2a: Pangoro
|-crit|p2a: Pangoro
|-damage|p2a: Pangoro|0 fnt
|faint|p2a: Pangoro
|
|upkeep
|
|t:|1665859022
|switch|p2a: Celebi|Celebi|56/100
|turn|22
|
|t:|1665859031
|move|p2a: Celebi|Aura Sphere|p1a: Copperajah
|-supereffective|p1a: Copperajah
|-damage|p1a: Copperajah|11/100
|move|p1a: Copperajah|Heat Crash|p2a: Celebi
|-supereffective|p2a: Celebi
|-damage|p2a: Celebi|0 fnt
|faint|p2a: Celebi
|
|upkeep
|
|t:|1665859035
|switch|p2a: Xurkitree|Xurkitree|58/100
|turn|23
|
|t:|1665859042
|switch|p1a: Thwackey|Thwackey, M|46/100 par
|-fieldstart|move: Grassy Terrain|[from] ability: Grassy Surge|[of] p1a: Thwackey
|move|p2a: Xurkitree|Thunderbolt|p1a: Thwackey
|-resisted|p1a: Thwackey
|-damage|p1a: Thwackey|0 fnt
|faint|p1a: Thwackey
|-ability|p2a: Xurkitree|Beast Boost|boost
|-boost|p2a: Xurkitree|spa|1
|
|-heal|p2a: Xurkitree|64/100|[from] Grassy Terrain
|upkeep
|
|t:|1665859055
|switch|p1a: Sirfetch’d|Sirfetch’d, M|100/100
|turn|24
|
|t:|1665859058
|switch|p2a: Crobat|Crobat, F|63/100
|move|p1a: Sirfetch’d|First Impression|p2a: Crobat
|-resisted|p2a: Crobat
|-crit|p2a: Crobat
|-damage|p2a: Crobat|49/100
|
|upkeep
|turn|25
|
|t:|1665859068
|switch|p2a: Xurkitree|Xurkitree|64/100
|switch|p1a: Weezing|Weezing-Galar, F|11/100
|-ability|p1a: Weezing|Neutralizing Gas
|
|-heal|p2a: Xurkitree|71/100|[from] Grassy Terrain
|-heal|p1a: Weezing|17/100|[from] Grassy Terrain
|upkeep
|turn|26
|
|t:|1665859076
|move|p2a: Xurkitree|Thunderbolt|p1a: Weezing
|-damage|p1a: Weezing|0 fnt
|faint|p1a: Weezing
|-end|p1a: Weezing|ability: Neutralizing Gas
|-ability|p2a: Xurkitree|Beast Boost|boost
|-boost|p2a: Xurkitree|spa|1
|
|-heal|p2a: Xurkitree|77/100|[from] Grassy Terrain
|upkeep
|
|t:|1665859080
|switch|p1a: Incineroar|Incineroar, F|54/100
|-ability|p1a: Incineroar|Intimidate|boost
|-unboost|p2a: Xurkitree|atk|1
|turn|27
|
|t:|1665859086
|move|p2a: Xurkitree|Thunderbolt|p1a: Incineroar
|-damage|p1a: Incineroar|0 fnt
|faint|p1a: Incineroar
|-ability|p2a: Xurkitree|Beast Boost|boost
|-boost|p2a: Xurkitree|spa|1
|
|-heal|p2a: Xurkitree|83/100|[from] Grassy Terrain
|-fieldend|move: Grassy Terrain
|upkeep
|
|t:|1665859090
|switch|p1a: Sirfetch’d|Sirfetch’d, M|100/100
|turn|28
|
|t:|1665859096
|move|p2a: Xurkitree|Thunderbolt|p1a: Sirfetch’d
|-damage|p1a: Sirfetch’d|0 fnt
|faint|p1a: Sirfetch’d
|-ability|p2a: Xurkitree|Beast Boost|boost
|-boost|p2a: Xurkitree|spa|1
|
|upkeep
|-message|Harvard Trainer forfeited.
|
|win|purple mountains
|raw|Harvard Trainer's rating: 1387 &rarr; <strong>1372</strong><br />(-15 for losing)
|raw|purple mountains's rating: 1474 &rarr; <strong>1489</strong><br />(+15 for winning)
|l|☆Harvard Trainer
|c|☆purple mountains|lol
||Ladder isn't responding, score probably updated but might not have (Request timeout).
