|j|☆ASSOLO IL RE
|j|☆Shiori Honda
|player|p1|ASSOLO IL RE|biker-gen2|1555
|player|p2|Shiori Honda|289|1550
|teamsize|p1|6
|teamsize|p2|6
|gametype|singles
|gen|8
|tier|[Gen 8] RU
|rated|
|clearpoke
|poke|p1|Goodra, M|
|poke|p1|Scrafty, F|
|poke|p1|Vileplume, M|
|poke|p1|Steelix, M|
|poke|p1|Mantine, M|
|poke|p1|Indeedee, M|
|poke|p2|Mr. Rime, F|
|poke|p2|Passimian, F|
|poke|p2|Vikavolt, M|
|poke|p2|Silvally-*|
|poke|p2|Steelix, M|
|poke|p2|Mantine, M|
|rule|Sleep Clause Mod: Limit one foe put to sleep
|rule|Species Clause: Limit one of each Pokémon
|rule|OHKO Clause: OHKO moves are banned
|rule|Evasion Moves Clause: Evasion moves are banned
|rule|Endless Battle Clause: Forcing endless battles is banned
|rule|HP Percentage Mod: HP is shown in percentages
|rule|Dynamax Clause: You cannot dynamax
|teampreview
|j| keeping it icy
|j| Electric win
|
|start
|switch|p1a: Goodra|Goodra, M|100/100
|switch|p2a: Passive Aggressive|Passimian, F|100/100
|turn|1
|j| TierAcid
|
|switch|p1a: Vileplume|Vileplume, M|100/100
|move|p2a: Passive Aggressive|U-turn|p1a: Vileplume
|-damage|p1a: Vileplume|79/100
|c| Electric win|get em
|
|switch|p2a: Bust a Rime|Mr. Rime, F, shiny|100/100|[from]move: U-turn
|
|-heal|p1a: Vileplume|86/100|[from] item: Black Sludge
|upkeep
|turn|2
|j| yedla
|
|switch|p1a: Steelix|Steelix, M|100/100
|move|p2a: Bust a Rime|Focus Blast|p1a: Steelix
|-supereffective|p1a: Steelix
|-damage|p1a: Steelix|8/100
|-damage|p2a: Bust a Rime|91/100|[from] item: Life Orb
|
|-heal|p1a: Steelix|14/100|[from] item: Leftovers
|upkeep
|turn|3
|
|move|p2a: Bust a Rime|Freeze-Dry|p1a: Steelix
|-damage|p1a: Steelix|0 fnt
|-damage|p2a: Bust a Rime|81/100|[from] item: Life Orb
|faint|p1a: Steelix
|
|upkeep
|j| fushunha
|c| keeping it icy|BUSTA RHYME
|
|switch|p1a: Goodra|Goodra, M|100/100
|turn|4
|c| keeping it icy|fire name
|j| bebo7788
|
|switch|p2a: Overbite|Steelix, M|100/100
|move|p1a: Goodra|Thunderbolt|p2a: Overbite
|-immune|p2a: Overbite
|
|upkeep
|turn|5
|
|switch|p1a: Scrafty|Scrafty, F|100/100
|switch|p2a: Bust a Rime|Mr. Rime, F, shiny|81/100
|
|upkeep
|turn|6
|
|move|p2a: Bust a Rime|Focus Blast|p1a: Scrafty
|-supereffective|p1a: Scrafty
|-damage|p1a: Scrafty|34/100
|-damage|p2a: Bust a Rime|71/100|[from] item: Life Orb
|move|p1a: Scrafty|Knock Off|p2a: Bust a Rime
|-supereffective|p2a: Bust a Rime
|-damage|p2a: Bust a Rime|0 fnt
|-enditem|p2a: Bust a Rime|Life Orb|[from] move: Knock Off|[of] p1a: Scrafty
|faint|p2a: Bust a Rime
|
|-heal|p1a: Scrafty|40/100|[from] item: Leftovers
|upkeep
|
|switch|p2a: V Gundam|Vikavolt, M|100/100
|turn|7
|j| on my way (jk)
|
|move|p1a: Scrafty|Rest|p1a: Scrafty
|-status|p1a: Scrafty|slp|[from] move: Rest
|-heal|p1a: Scrafty|100/100 slp|[silent]
|move|p2a: V Gundam|Sticky Web|p1a: Scrafty
|-sidestart|p1: ASSOLO IL RE|move: Sticky Web
|
|upkeep
|turn|8
|l| on my way (jk)
|
|switch|p1a: Goodra|Goodra, M|100/100
|-activate|p1a: Goodra|move: Sticky Web
|-unboost|p1a: Goodra|spe|1
|move|p2a: V Gundam|Volt Switch|p1a: Goodra
|-resisted|p1a: Goodra
|-damage|p1a: Goodra|89/100
|
|switch|p2a: Passive Aggressive|Passimian, F|100/100|[from]move: Volt Switch
|
|upkeep
|turn|9
|
|switch|p1a: Vileplume|Vileplume, M|86/100
|-activate|p1a: Vileplume|move: Sticky Web
|-unboost|p1a: Vileplume|spe|1
|move|p2a: Passive Aggressive|U-turn|p1a: Vileplume
|-damage|p1a: Vileplume|63/100
|-status|p2a: Passive Aggressive|psn|[from] ability: Effect Spore|[of] p1a: Vileplume
|
|switch|p2a: V Gundam|Vikavolt, M|100/100|[from]move: U-turn
|
|-heal|p1a: Vileplume|69/100|[from] item: Black Sludge
|upkeep
|turn|10
|
|move|p2a: V Gundam|Bug Buzz|p1a: Vileplume
|-damage|p1a: Vileplume|26/100
|move|p1a: Vileplume|Sludge Bomb|p2a: V Gundam
|-damage|p2a: V Gundam|59/100
|-status|p2a: V Gundam|psn
|
|-heal|p1a: Vileplume|33/100|[from] item: Black Sludge
|-damage|p2a: V Gundam|47/100 psn|[from] psn
|upkeep
|turn|11
|
|switch|p1a: Goodra|Goodra, M|89/100
|-activate|p1a: Goodra|move: Sticky Web
|-unboost|p1a: Goodra|spe|1
|move|p2a: V Gundam|Bug Buzz|p1a: Goodra
|-damage|p1a: Goodra|58/100
|-unboost|p1a: Goodra|spd|1
|
|-damage|p2a: V Gundam|35/100 psn|[from] psn
|upkeep
|turn|12
|
|switch|p2a: Overbite|Steelix, M|100/100
|move|p1a: Goodra|Thunderbolt|p2a: Overbite
|-immune|p2a: Overbite
|
|upkeep
|turn|13
|
|switch|p1a: Mantine|Mantine, M|100/100
|move|p2a: Overbite|Stealth Rock|p1a: Mantine
|-sidestart|p1: ASSOLO IL RE|move: Stealth Rock
|
|upkeep
|turn|14
|
|switch|p2a: V Gundam|Vikavolt, M|35/100 psn
|move|p1a: Mantine|Defog|p2a: V Gundam
|-unboost|p2a: V Gundam|evasion|1
|-sideend|p1: ASSOLO IL RE|Stealth Rock|[from] move: Defog|[of] p1a: Mantine
|-sideend|p1: ASSOLO IL RE|Sticky Web|[from] move: Defog|[of] p1a: Mantine
|
|-damage|p2a: V Gundam|23/100 psn|[from] psn
|upkeep
|turn|15
|
|switch|p2a: Toot Toot|Mantine, M|100/100
|move|p1a: Mantine|Scald|p2a: Toot Toot
|-immune|p2a: Toot Toot|[from] ability: Water Absorb
|
|upkeep
|turn|16
|
|switch|p1a: Vileplume|Vileplume, M|33/100
|move|p2a: Toot Toot|Scald|p1a: Vileplume
|-resisted|p1a: Vileplume
|-damage|p1a: Vileplume|20/100
|
|-heal|p1a: Vileplume|26/100|[from] item: Black Sludge
|upkeep
|turn|17
|
|move|p1a: Vileplume|Strength Sap|p2a: Toot Toot
|-unboost|p2a: Toot Toot|atk|1
|-heal|p1a: Vileplume|48/100
|move|p2a: Toot Toot|Scald|p1a: Vileplume
|-resisted|p1a: Vileplume
|-damage|p1a: Vileplume|36/100
|
|-heal|p1a: Vileplume|42/100|[from] item: Black Sludge
|upkeep
|turn|18
|
|move|p1a: Vileplume|Growth|p1a: Vileplume
|-boost|p1a: Vileplume|atk|1
|-boost|p1a: Vileplume|spa|1
|move|p2a: Toot Toot|Scald|p1a: Vileplume
|-resisted|p1a: Vileplume
|-damage|p1a: Vileplume|30/100
|
|-heal|p1a: Vileplume|36/100|[from] item: Black Sludge
|upkeep
|turn|19
|
|move|p1a: Vileplume|Strength Sap|p2a: Toot Toot
|-unboost|p2a: Toot Toot|atk|1
|-heal|p1a: Vileplume|50/100
|move|p2a: Toot Toot|Scald|p1a: Vileplume
|-resisted|p1a: Vileplume
|-damage|p1a: Vileplume|38/100
|
|-heal|p1a: Vileplume|44/100|[from] item: Black Sludge
|upkeep
|turn|20
|
|move|p1a: Vileplume|Giga Drain|p2a: Toot Toot
|-damage|p2a: Toot Toot|78/100
|-heal|p1a: Vileplume|56/100|[from] drain|[of] p2a: Toot Toot
|move|p2a: Toot Toot|Scald|p1a: Vileplume
|-resisted|p1a: Vileplume
|-damage|p1a: Vileplume|44/100
|
|-heal|p1a: Vileplume|50/100|[from] item: Black Sludge
|upkeep
|turn|21
|
|switch|p2a: V Gundam|Vikavolt, M|23/100 psn
|move|p1a: Vileplume|Giga Drain|p2a: V Gundam
|-resisted|p2a: V Gundam
|-damage|p2a: V Gundam|0 fnt
|-heal|p1a: Vileplume|62/100|[from] drain|[of] p2a: V Gundam
|faint|p2a: V Gundam
|
|-heal|p1a: Vileplume|68/100|[from] item: Black Sludge
|upkeep
|
|switch|p2a: Propaganda|Silvally-Ghost|100/100
|turn|22
|
|move|p2a: Propaganda|Swords Dance|p2a: Propaganda
|-boost|p2a: Propaganda|atk|2
|move|p1a: Vileplume|Strength Sap|p2a: Propaganda
|-unboost|p2a: Propaganda|atk|1
|-heal|p1a: Vileplume|100/100
|
|upkeep
|turn|23
|
|move|p2a: Propaganda|Swords Dance|p2a: Propaganda
|-boost|p2a: Propaganda|atk|2
|move|p1a: Vileplume|Sludge Bomb|p2a: Propaganda
|-resisted|p2a: Propaganda
|-damage|p2a: Propaganda|75/100
|
|upkeep
|turn|24
|
|move|p2a: Propaganda|Swords Dance|p2a: Propaganda
|-boost|p2a: Propaganda|atk|2
|move|p1a: Vileplume|Strength Sap|p2a: Propaganda
|-unboost|p2a: Propaganda|atk|1
|
|upkeep
|turn|25
|
|move|p2a: Propaganda|Multi-Attack|p1a: Vileplume
|-damage|p1a: Vileplume|0 fnt
|-status|p2a: Propaganda|par|[from] ability: Effect Spore|[of] p1a: Vileplume
|faint|p1a: Vileplume
|
|upkeep
|
|switch|p1a: Goodra|Goodra, M|58/100
|turn|26
|
|move|p1a: Goodra|Draco Meteor|p2a: Propaganda
|-damage|p2a: Propaganda|0 fnt
|-unboost|p1a: Goodra|spa|2
|faint|p2a: Propaganda
|
|upkeep
|
|switch|p2a: Passive Aggressive|Passimian, F|100/100 psn
|turn|27
|
|switch|p1a: Mantine|Mantine, M|100/100
|move|p2a: Passive Aggressive|Close Combat|p1a: Mantine
|-resisted|p1a: Mantine
|-crit|p1a: Mantine
|-damage|p1a: Mantine|65/100
|-unboost|p2a: Passive Aggressive|def|1
|-unboost|p2a: Passive Aggressive|spd|1
|
|-damage|p2a: Passive Aggressive|88/100 psn|[from] psn
|upkeep
|turn|28
|
|switch|p2a: Overbite|Steelix, M|100/100
|move|p1a: Mantine|Toxic|p2a: Overbite
|-immune|p2a: Overbite
|
|upkeep
|turn|29
|
|move|p1a: Mantine|Scald|p2a: Overbite
|-supereffective|p2a: Overbite
|-damage|p2a: Overbite|62/100
|-status|p2a: Overbite|brn
|move|p2a: Overbite|Toxic|p1a: Mantine
|-status|p1a: Mantine|tox
|
|-heal|p2a: Overbite|68/100 brn|[from] item: Leftovers
|-damage|p1a: Mantine|59/100 tox|[from] psn
|-damage|p2a: Overbite|62/100 brn|[from] brn
|upkeep
|turn|30
|
|move|p1a: Mantine|Roost|p1a: Mantine
|-heal|p1a: Mantine|100/100 tox
|-singleturn|p1a: Mantine|move: Roost
|move|p2a: Overbite|Stealth Rock|p1a: Mantine
|-sidestart|p1: ASSOLO IL RE|move: Stealth Rock
|
|-heal|p2a: Overbite|68/100 brn|[from] item: Leftovers
|-damage|p1a: Mantine|88/100 tox|[from] psn
|-damage|p2a: Overbite|62/100 brn|[from] brn
|upkeep
|turn|31
|
|switch|p2a: Passive Aggressive|Passimian, F|88/100 psn
|move|p1a: Mantine|Scald|p2a: Passive Aggressive
|-damage|p2a: Passive Aggressive|54/100 psn
|
|-damage|p2a: Passive Aggressive|41/100 psn|[from] psn
|-damage|p1a: Mantine|70/100 tox|[from] psn
|upkeep
|turn|32
|
|move|p2a: Passive Aggressive|U-turn|p1a: Mantine
|-resisted|p1a: Mantine
|-damage|p1a: Mantine|60/100 tox
|
|switch|p2a: Toot Toot|Mantine, M|78/100|[from]move: U-turn
|move|p1a: Mantine|Scald|p2a: Toot Toot
|-heal|p2a: Toot Toot|100/100|[from] ability: Water Absorb|[of] p1a: Mantine
|
|-damage|p1a: Mantine|35/100 tox|[from] psn
|upkeep
|turn|33
|
|switch|p2a: Passive Aggressive|Passimian, F|41/100 psn
|move|p1a: Mantine|Roost|p1a: Mantine
|-heal|p1a: Mantine|85/100 tox
|-singleturn|p1a: Mantine|move: Roost
|
|-damage|p2a: Passive Aggressive|29/100 psn|[from] psn
|-damage|p1a: Mantine|55/100 tox|[from] psn
|upkeep
|turn|34
|
|switch|p1a: Scrafty|Scrafty, F|100/100 slp
|-damage|p1a: Scrafty|95/100 slp|[from] Stealth Rock
|move|p2a: Passive Aggressive|U-turn|p1a: Scrafty
|-damage|p1a: Scrafty|75/100 slp
|
|switch|p2a: Toot Toot|Mantine, M|100/100|[from]move: U-turn
|
|-heal|p1a: Scrafty|81/100 slp|[from] item: Leftovers
|upkeep
|turn|35
|
|switch|p1a: Mantine|Mantine, M|55/100 tox
|switch|p2a: Passive Aggressive|Passimian, F|29/100 psn
|
|-damage|p2a: Passive Aggressive|17/100 psn|[from] psn
|-damage|p1a: Mantine|48/100 tox|[from] psn
|upkeep
|turn|36
|
|switch|p1a: Scrafty|Scrafty, F|81/100 slp
|-damage|p1a: Scrafty|75/100 slp|[from] Stealth Rock
|move|p2a: Passive Aggressive|Knock Off|p1a: Scrafty
|-resisted|p1a: Scrafty
|-damage|p1a: Scrafty|68/100 slp
|-enditem|p1a: Scrafty|Leftovers|[from] move: Knock Off|[of] p2a: Passive Aggressive
|
|-damage|p2a: Passive Aggressive|4/100 psn|[from] psn
|upkeep
|turn|37
|
|switch|p2a: Toot Toot|Mantine, M|100/100
|cant|p1a: Scrafty|slp
|
|upkeep
|turn|38
|
|switch|p1a: Mantine|Mantine, M|48/100 tox
|move|p2a: Toot Toot|Toxic|p1a: Mantine
|-fail|p1a: Mantine|tox
|
|-damage|p1a: Mantine|42/100 tox|[from] psn
|upkeep
|turn|39
|
|switch|p2a: Overbite|Steelix, M|62/100 brn
|move|p1a: Mantine|Roost|p1a: Mantine
|-heal|p1a: Mantine|92/100 tox
|-singleturn|p1a: Mantine|move: Roost
|
|-heal|p2a: Overbite|68/100 brn|[from] item: Leftovers
|-damage|p1a: Mantine|80/100 tox|[from] psn
|-damage|p2a: Overbite|62/100 brn|[from] brn
|upkeep
|turn|40
|
|switch|p2a: Toot Toot|Mantine, M|100/100
|move|p1a: Mantine|Scald|p2a: Toot Toot
|-immune|p2a: Toot Toot|[from] ability: Water Absorb
|
|-damage|p1a: Mantine|61/100 tox|[from] psn
|upkeep
|turn|41
|
|switch|p2a: Overbite|Steelix, M|62/100 brn
|move|p1a: Mantine|Scald|p2a: Overbite
|-supereffective|p2a: Overbite
|-damage|p2a: Overbite|17/100 brn
|
|-heal|p2a: Overbite|23/100 brn|[from] item: Leftovers
|-damage|p1a: Mantine|37/100 tox|[from] psn
|-damage|p2a: Overbite|17/100 brn|[from] brn
|upkeep
|turn|42
|
|move|p1a: Mantine|Roost|p1a: Mantine
|-heal|p1a: Mantine|87/100 tox
|-singleturn|p1a: Mantine|move: Roost
|move|p2a: Overbite|Earthquake|p1a: Mantine
|-damage|p1a: Mantine|74/100 tox
|
|-heal|p2a: Overbite|23/100 brn|[from] item: Leftovers
|-damage|p1a: Mantine|43/100 tox|[from] psn
|-damage|p2a: Overbite|17/100 brn|[from] brn
|upkeep
|turn|43
|
|switch|p1a: Goodra|Goodra, M|58/100
|-damage|p1a: Goodra|45/100|[from] Stealth Rock
|switch|p2a: Toot Toot|Mantine, M|100/100
|
|upkeep
|turn|44
|
|move|p1a: Goodra|Thunderbolt|p2a: Toot Toot
|-supereffective|p2a: Toot Toot
|-damage|p2a: Toot Toot|0 fnt
|faint|p2a: Toot Toot
|
|upkeep
|
|switch|p2a: Passive Aggressive|Passimian, F|4/100 psn
|turn|45
|
|switch|p1a: Indeedee|Indeedee, M|100/100
|-damage|p1a: Indeedee|88/100|[from] Stealth Rock
|-fieldstart|move: Psychic Terrain|[from] ability: Psychic Surge|[of] p1a: Indeedee
|move|p2a: Passive Aggressive|Close Combat|p1a: Indeedee
|-damage|p1a: Indeedee|0 fnt
|-unboost|p2a: Passive Aggressive|def|1
|-unboost|p2a: Passive Aggressive|spd|1
|faint|p1a: Indeedee
|
|-damage|p2a: Passive Aggressive|0 fnt|[from] psn
|faint|p2a: Passive Aggressive
|upkeep
|-message|Shiori Honda forfeited.
|
|win|ASSOLO IL RE
|l|☆Shiori Honda
|c|☆ASSOLO IL RE|yup
|c|☆ASSOLO IL RE|they lose i say
|raw|ASSOLO IL RE's rating: 1555 &rarr; <strong>1574</strong><br />(+19 for winning)
|raw|Shiori Honda's rating: 1550 &rarr; <strong>1530</strong><br />(-20 for losing)
