|j|☆CasualGabberz
|j|‽GDFK
|inactive|Battle timer is ON: inactive players will automatically lose when time's up.
|t:|1626267168
|gametype|singles
|player|p1|CasualGabberz|lucas|
|player|p2|GDFK|acetrainer-gen4dp|
|teamsize|p1|6
|teamsize|p2|6
|gen|8
|tier|[Gen 8] RU
|rated|Tournament battle
|rule|Sleep Clause Mod: Limit one foe put to sleep
|rule|Species Clause: Limit one of each Pokémon
|rule|OHKO Clause: OHKO moves are banned
|rule|Evasion Moves Clause: Evasion moves are banned
|rule|Endless Battle Clause: Forcing endless battles is banned
|rule|HP Percentage Mod: HP is shown in percentages
|rule|Dynamax Clause: You cannot dynamax
|clearpoke
|poke|p1|Metagross|
|poke|p1|Raikou|
|poke|p1|Togekiss, M|
|poke|p1|Celebi|
|poke|p1|Sharpedo, F|
|poke|p1|Mienshao, M|
|poke|p2|Heracross, M|
|poke|p2|Raikou|
|poke|p2|Togekiss, F|
|poke|p2|Steelix, M|
|poke|p2|Volcanion|
|poke|p2|Crobat, M|
|teampreview
|j|*Lady Monita
|inactive|GDFK also wants the timer to be on.
|inactive|CasualGabberz has 120 seconds left.
|
|t:|1626267222
|start
|switch|p1a: Mienshao|Mienshao, M|100/100
|switch|p2a: Crobat|Crobat, M|100/100
|turn|1
|j| 0 is a hero
|
|t:|1626267228
|move|p1a: Mienshao|U-turn|p2a: Crobat
|-resisted|p2a: Crobat
|-damage|p2a: Crobat|94/100
|j| invinsible ray
|
|t:|1626267231
|switch|p1a: Metagross|Metagross|100/100|[from]move: U-turn
|move|p2a: Crobat|Toxic|p1a: Metagross
|-immune|p1a: Metagross
|
|upkeep
|turn|2
|
|t:|1626267243
|switch|p2a: Steelix|Steelix, M|100/100
|move|p1a: Metagross|Body Press|p2a: Steelix
|-supereffective|p2a: Steelix
|-crit|p2a: Steelix
|-damage|p2a: Steelix|54/100
|
|-heal|p2a: Steelix|60/100|[from] item: Leftovers
|upkeep
|turn|3
|
|t:|1626267250
|move|p1a: Metagross|Cosmic Power|p1a: Metagross
|-boost|p1a: Metagross|def|1
|-boost|p1a: Metagross|spd|1
|move|p2a: Steelix|Stealth Rock|p1a: Metagross
|-sidestart|p1: CasualGabberz|move: Stealth Rock
|
|-heal|p2a: Steelix|66/100|[from] item: Leftovers
|upkeep
|turn|4
|
|t:|1626267258
|move|p1a: Metagross|Body Press|p2a: Steelix
|-supereffective|p2a: Steelix
|-damage|p2a: Steelix|26/100
|move|p2a: Steelix|Earthquake|p1a: Metagross
|-supereffective|p1a: Metagross
|-damage|p1a: Metagross|74/100
|
|-heal|p1a: Metagross|80/100|[from] item: Leftovers
|-heal|p2a: Steelix|33/100|[from] item: Leftovers
|upkeep
|turn|5
|
|t:|1626267264
|move|p1a: Metagross|Body Press|p2a: Steelix
|-supereffective|p2a: Steelix
|-crit|p2a: Steelix
|-damage|p2a: Steelix|0 fnt
|faint|p2a: Steelix
|
|-heal|p1a: Metagross|86/100|[from] item: Leftovers
|upkeep
|
|t:|1626267279
|switch|p2a: Togekiss|Togekiss, F|100/100
|turn|6
|
|t:|1626267282
|move|p2a: Togekiss|Thunder Wave|p1a: Metagross
|-status|p1a: Metagross|par
|cant|p1a: Metagross|par
|
|-heal|p1a: Metagross|92/100 par|[from] item: Leftovers
|upkeep
|turn|7
|
|t:|1626267287
|switch|p2a: Volcanion|Volcanion|100/100
|move|p1a: Metagross|Meteor Mash|p2a: Volcanion
|-resisted|p2a: Volcanion
|-damage|p2a: Volcanion|92/100
|-boost|p1a: Metagross|atk|1
|
|-heal|p1a: Metagross|98/100 par|[from] item: Leftovers
|upkeep
|turn|8
|
|t:|1626267297
|move|p2a: Volcanion|Flamethrower|p1a: Metagross
|-supereffective|p1a: Metagross
|-damage|p1a: Metagross|42/100 par
|move|p1a: Metagross|Cosmic Power|p1a: Metagross
|-boost|p1a: Metagross|def|1
|-boost|p1a: Metagross|spd|1
|
|-heal|p1a: Metagross|48/100 par|[from] item: Leftovers
|upkeep
|turn|9
|
|t:|1626267306
|move|p2a: Volcanion|Flamethrower|p1a: Metagross
|-supereffective|p1a: Metagross
|-damage|p1a: Metagross|3/100 par
|cant|p1a: Metagross|par
|
|-heal|p1a: Metagross|9/100 par|[from] item: Leftovers
|upkeep
|turn|10
|j| oreotrague
|
|t:|1626267314
|move|p2a: Volcanion|Flamethrower|p1a: Metagross
|-supereffective|p1a: Metagross
|-damage|p1a: Metagross|0 fnt
|faint|p1a: Metagross
|
|upkeep
|
|t:|1626267317
|switch|p1a: Mienshao|Mienshao, M|100/100
|-damage|p1a: Mienshao|95/100|[from] Stealth Rock
|turn|11
|
|t:|1626267323
|switch|p2a: Crobat|Crobat, M|94/100
|move|p1a: Mienshao|Knock Off|p2a: Crobat
|-damage|p2a: Crobat|56/100
|-enditem|p2a: Crobat|Heavy-Duty Boots|[from] move: Knock Off|[of] p1a: Mienshao
|
|upkeep
|turn|12
|
|t:|1626267335
|switch|p1a: Togekiss|Togekiss, M|100/100
|move|p2a: Crobat|Roost|p2a: Crobat
|-heal|p2a: Crobat|100/100
|-singleturn|p2a: Crobat|move: Roost
|
|upkeep
|turn|13
|
|t:|1626267348
|switch|p2a: Raikou|Raikou|100/100
|-ability|p2a: Raikou|Pressure
|move|p1a: Togekiss|Defog|p2a: Raikou
|-unboost|p2a: Raikou|evasion|1
|-sideend|p1: CasualGabberz|Stealth Rock|[from] move: Defog|[of] p1a: Togekiss
|
|upkeep
|turn|14
|
|t:|1626267355
|switch|p1a: Celebi|Celebi|100/100
|move|p2a: Raikou|Thunderbolt|p1a: Celebi
|-resisted|p1a: Celebi
|-damage|p1a: Celebi|87/100
|
|-heal|p1a: Celebi|93/100|[from] item: Leftovers
|upkeep
|turn|15
|
|t:|1626267364
|move|p2a: Raikou|Volt Switch|p1a: Celebi
|-resisted|p1a: Celebi
|-damage|p1a: Celebi|81/100
|
|t:|1626267385
|switch|p2a: Togekiss|Togekiss, F|100/100|[from]move: Volt Switch
|move|p1a: Celebi|Thunder Wave|p2a: Togekiss
|-status|p2a: Togekiss|par
|
|-heal|p1a: Celebi|88/100|[from] item: Leftovers
|upkeep
|turn|16
|
|t:|1626267395
|switch|p2a: Raikou|Raikou|100/100
|-ability|p2a: Raikou|Pressure
|move|p1a: Celebi|Stealth Rock|p2a: Raikou
|-sidestart|p2: GDFK|move: Stealth Rock
|
|-heal|p1a: Celebi|94/100|[from] item: Leftovers
|upkeep
|turn|17
|
|t:|1626267404
|move|p2a: Raikou|Volt Switch|p1a: Celebi
|-resisted|p1a: Celebi
|-damage|p1a: Celebi|83/100
|
|t:|1626267406
|switch|p2a: Togekiss|Togekiss, F|100/100 par|[from]move: Volt Switch
|move|p1a: Celebi|Giga Drain|p2a: Togekiss
|-resisted|p2a: Togekiss
|-crit|p2a: Togekiss
|-damage|p2a: Togekiss|85/100 par
|-heal|p1a: Celebi|90/100|[from] drain|[of] p2a: Togekiss
|
|-heal|p1a: Celebi|96/100|[from] item: Leftovers
|upkeep
|turn|18
|
|t:|1626267411
|switch|p1a: Raikou|Raikou|100/100
|-ability|p1a: Raikou|Pressure
|cant|p2a: Togekiss|par
|
|upkeep
|turn|19
|
|t:|1626267419
|switch|p2a: Raikou|Raikou|100/100
|-ability|p2a: Raikou|Pressure
|move|p1a: Raikou|Volt Switch|p2a: Raikou
|-resisted|p2a: Raikou
|-damage|p2a: Raikou|82/100
|
|t:|1626267422
|switch|p1a: Mienshao|Mienshao, M|100/100|[from]move: Volt Switch
|
|upkeep
|turn|20
|
|t:|1626267427
|switch|p2a: Crobat|Crobat, M|100/100
|-damage|p2a: Crobat|76/100|[from] Stealth Rock
|move|p1a: Mienshao|U-turn|p2a: Crobat
|-resisted|p2a: Crobat
|-damage|p2a: Crobat|69/100
|
|t:|1626267453
|switch|p1a: Sharpedo|Sharpedo, F|100/100|[from]move: U-turn
|
|upkeep
|turn|21
|
|t:|1626267461
|move|p2a: Crobat|Defog|p1a: Sharpedo
|-unboost|p1a: Sharpedo|evasion|1
|-sideend|p2: GDFK|Stealth Rock|[from] move: Defog|[of] p2a: Crobat
|move|p1a: Sharpedo|Crunch|p2a: Crobat
|-damage|p2a: Crobat|28/100
|
|-ability|p1a: Sharpedo|Speed Boost|boost
|-boost|p1a: Sharpedo|spe|1
|upkeep
|turn|22
|
|t:|1626267471
|switch|p2a: Togekiss|Togekiss, F|85/100 par
|move|p1a: Sharpedo|Crunch|p2a: Togekiss
|-resisted|p2a: Togekiss
|-damage|p2a: Togekiss|65/100 par
|
|-ability|p1a: Sharpedo|Speed Boost|boost
|-boost|p1a: Sharpedo|spe|1
|upkeep
|turn|23
|
|t:|1626267477
|switch|p2a: Heracross|Heracross, M|100/100
|move|p1a: Sharpedo|Taunt|p2a: Heracross
|-start|p2a: Heracross|move: Taunt
|
|-ability|p1a: Sharpedo|Speed Boost|boost
|-boost|p1a: Sharpedo|spe|1
|-status|p2a: Heracross|brn|[from] item: Flame Orb
|upkeep
|turn|24
|
|t:|1626267487
|move|p1a: Sharpedo|Destiny Bond|p1a: Sharpedo
|-singlemove|p1a: Sharpedo|Destiny Bond
|move|p2a: Heracross|Facade|p1a: Sharpedo
|-damage|p1a: Sharpedo|0 fnt
|faint|p1a: Sharpedo
|-activate|p1a: Sharpedo|move: Destiny Bond
|faint|p2a: Heracross
|
|upkeep
|l| oreotrague
|
|t:|1626267497
|switch|p1a: Mienshao|Mienshao, M|100/100
|switch|p2a: Raikou|Raikou|82/100
|-ability|p2a: Raikou|Pressure
|turn|25
|
|t:|1626267509
|move|p1a: Mienshao|U-turn|p2a: Raikou
|-damage|p2a: Raikou|50/100
|
|t:|1626267512
|switch|p1a: Raikou|Raikou|100/100|[from]move: U-turn
|-ability|p1a: Raikou|Pressure
|move|p2a: Raikou|Volt Switch|p1a: Raikou
|-resisted|p1a: Raikou
|-crit|p1a: Raikou
|-damage|p1a: Raikou|76/100
|
|t:|1626267521
|switch|p2a: Crobat|Crobat, M|28/100|[from]move: Volt Switch
|
|upkeep
|turn|26
|
|t:|1626267526
|move|p2a: Crobat|Roost|p2a: Crobat
|-heal|p2a: Crobat|78/100
|-singleturn|p2a: Crobat|move: Roost
|move|p1a: Raikou|Volt Switch|p2a: Crobat
|-damage|p2a: Crobat|42/100
|
|t:|1626267529
|switch|p1a: Mienshao|Mienshao, M|100/100|[from]move: Volt Switch
|
|upkeep
|turn|27
|
|t:|1626267532
|move|p1a: Mienshao|Stone Edge|p2a: Crobat
|-supereffective|p2a: Crobat
|-damage|p2a: Crobat|0 fnt
|faint|p2a: Crobat
|
|upkeep
|-message|GDFK forfeited.
|
|win|CasualGabberz
|n|☆CasualGabberz|casualgabberz
|n|‽GDFK|gdfk
|n|*Lady Monita|ladymonita
|n| 0 is a hero|0isahero
|n| invinsible ray|invinsibleray
|l|*Lady Monita
|l|‽GDFK
|l|☆CasualGabberz
|l| 0 is a hero
|l| invinsible ray
|j| FatFighter2
