|j|☆Testinganteater
|j|☆ouatia
|t:|1659927158
|gametype|singles
|player|p1|Testinganteater|juggler|1426
|player|p2|ouatia|170|1626
|teamsize|p1|6
|teamsize|p2|6
|gen|8
|tier|[Gen 8] RU
|rated|
|rule|Sleep Clause Mod: Limit one foe put to sleep
|rule|Species Clause: Limit one of each Pokémon
|rule|OHKO Clause: OHKO moves are banned
|rule|Evasion Items Clause: Evasion items are banned
|rule|Evasion Moves Clause: Evasion moves are banned
|rule|Endless Battle Clause: Forcing endless battles is banned
|rule|HP Percentage Mod: HP is shown in percentages
|rule|Dynamax Clause: You cannot dynamax
|clearpoke
|poke|p1|Sigilyph, M|
|poke|p1|Milotic, F|
|poke|p1|Dhelmise|
|poke|p1|Registeel|
|poke|p1|Flygon, M|
|poke|p1|Umbreon, M|
|poke|p2|Umbreon, M|
|poke|p2|Weezing-Galar, M|
|poke|p2|Metagross|
|poke|p2|Seismitoad, M|
|poke|p2|Chandelure, M|
|poke|p2|Grimmsnarl, M|
|teampreview
|inactive|Battle timer is ON: inactive players will automatically lose when time's up. (requested by ouatia)
|
|t:|1659927177
|start
|switch|p1a: Dhelmise|Dhelmise|100/100
|switch|p2a: Seismitoad|Seismitoad, M|100/100
|turn|1
|
|t:|1659927183
|switch|p2a: Umbreon|Umbreon, M|100/100
|move|p1a: Dhelmise|Poltergeist|p2a: Umbreon
|-activate|p2a: Umbreon|move: Poltergeist|Leftovers
|-resisted|p2a: Umbreon
|-damage|p2a: Umbreon|78/100
|
|-heal|p2a: Umbreon|84/100|[from] item: Leftovers
|upkeep
|turn|2
|
|t:|1659927192
|switch|p1a: Registeel|Registeel|100/100
|move|p2a: Umbreon|Wish|p2a: Umbreon
|
|-heal|p2a: Umbreon|90/100|[from] item: Leftovers
|upkeep
|turn|3
|
|t:|1659927199
|switch|p2a: Seismitoad|Seismitoad, M|100/100
|move|p1a: Registeel|Toxic|p2a: Seismitoad
|-status|p2a: Seismitoad|tox
|
|-damage|p2a: Seismitoad|95/100 tox|[from] psn
|upkeep
|turn|4
|
|t:|1659927205
|switch|p1a: Dhelmise|Dhelmise|100/100
|move|p2a: Seismitoad|Stealth Rock|p1a: Dhelmise
|-sidestart|p1: Testinganteater|move: Stealth Rock
|
|-damage|p2a: Seismitoad|83/100 tox|[from] psn
|upkeep
|turn|5
|
|t:|1659927212
|switch|p2a: Weezing|Weezing-Galar, M|100/100
|move|p1a: Dhelmise|Poltergeist|p2a: Weezing
|-activate|p2a: Weezing|move: Poltergeist|Rocky Helmet
|-damage|p2a: Weezing|63/100
|
|upkeep
|turn|6
|
|t:|1659927240
|switch|p1a: Sigilyph|Sigilyph, M, shiny|100/100
|move|p2a: Weezing|Pain Split|p1a: Sigilyph
|-sethp|p1a: Sigilyph|80/100|[from] move: Pain Split|[silent]
|-sethp|p2a: Weezing|84/100|[from] move: Pain Split
|
|-status|p1a: Sigilyph|brn|[from] item: Flame Orb
|upkeep
|turn|7
|
|t:|1659927251
|switch|p2a: Chandelure|Chandelure, M|100/100
|move|p1a: Sigilyph|Psycho Shift|p2a: Chandelure
|-immune|p2a: Chandelure
|
|upkeep
|turn|8
|
|t:|1659927258
|switch|p1a: Umbreon|Umbreon, M, shiny|100/100
|-damage|p1a: Umbreon|88/100|[from] Stealth Rock
|move|p2a: Chandelure|Trick|p1a: Umbreon
|-activate|p2a: Chandelure|move: Trick|[of] p1a: Umbreon
|-item|p1a: Umbreon|Choice Scarf|[from] move: Trick
|-item|p2a: Chandelure|Leftovers|[from] move: Trick
|
|upkeep
|turn|9
|
|t:|1659927270
|switch|p2a: Umbreon|Umbreon, M|90/100
|switch|p1a: Sigilyph|Sigilyph, M, shiny|80/100 brn
|
|-heal|p2a: Umbreon|96/100|[from] item: Leftovers
|upkeep
|turn|10
|
|t:|1659927277
|switch|p2a: Chandelure|Chandelure, M|100/100
|move|p1a: Sigilyph|Calm Mind|p1a: Sigilyph
|-boost|p1a: Sigilyph|spa|1
|-boost|p1a: Sigilyph|spd|1
|
|upkeep
|turn|11
|
|t:|1659927285
|move|p1a: Sigilyph|Air Slash|p2a: Chandelure
|-damage|p2a: Chandelure|46/100
|move|p2a: Chandelure|Shadow Ball|p1a: Sigilyph
|-supereffective|p1a: Sigilyph
|-damage|p1a: Sigilyph|6/100 brn
|
|-heal|p2a: Chandelure|53/100|[from] item: Leftovers
|upkeep
|turn|12
|
|t:|1659927292
|move|p1a: Sigilyph|Air Slash|p2a: Chandelure
|-damage|p2a: Chandelure|0 fnt
|faint|p2a: Chandelure
|
|upkeep
|
|t:|1659927299
|switch|p2a: Metagross|Metagross|100/100
|turn|13
|
|t:|1659927310
|switch|p1a: Milotic|Milotic, F|100/100
|-damage|p1a: Milotic|88/100|[from] Stealth Rock
|move|p2a: Metagross|Bullet Punch|p1a: Milotic
|-resisted|p1a: Milotic
|-damage|p1a: Milotic|78/100
|-damage|p2a: Metagross|84/100|[from] item: Rocky Helmet|[of] p1a: Milotic
|
|upkeep
|turn|14
|
|t:|1659927323
|switch|p1a: Dhelmise|Dhelmise|100/100
|switch|p2a: Seismitoad|Seismitoad, M|83/100 tox
|
|-damage|p2a: Seismitoad|77/100 tox|[from] psn
|upkeep
|turn|15
|
|t:|1659927329
|switch|p2a: Umbreon|Umbreon, M|96/100
|move|p1a: Dhelmise|Rapid Spin|p2a: Umbreon
|-damage|p2a: Umbreon|81/100
|-boost|p1a: Dhelmise|spe|1
|-sideend|p1: Testinganteater|Stealth Rock|[from] move: Rapid Spin|[of] p1a: Dhelmise
|
|-heal|p2a: Umbreon|87/100|[from] item: Leftovers
|upkeep
|turn|16
|
|t:|1659927342
|switch|p1a: Registeel|Registeel|100/100
|move|p2a: Umbreon|Heal Bell|p2a: Umbreon
|-activate|p2a: Umbreon|move: Heal Bell
|-curestatus|p2: Seismitoad|tox|[msg]
|
|-heal|p2a: Umbreon|93/100|[from] item: Leftovers
|upkeep
|turn|17
|
|t:|1659927354
|switch|p2a: Weezing|Weezing-Galar, M|84/100
|move|p1a: Registeel|Stealth Rock|p2a: Weezing
|-sidestart|p2: ouatia|move: Stealth Rock
|
|upkeep
|turn|18
|
|t:|1659927362
|move|p2a: Weezing|Defog|p1a: Registeel
|-fail|p1a: Registeel|unboost|[from] ability: Clear Body|[of] p1a: Registeel
|-sideend|p2: ouatia|Stealth Rock|[from] move: Defog|[of] p2a: Weezing
|move|p1a: Registeel|Heavy Slam|p2a: Weezing
|-supereffective|p2a: Weezing
|-damage|p2a: Weezing|41/100
|-damage|p1a: Registeel|84/100|[from] item: Rocky Helmet|[of] p2a: Weezing
|
|-heal|p1a: Registeel|90/100|[from] item: Leftovers
|upkeep
|turn|19
|
|t:|1659927392
|switch|p2a: Metagross|Metagross|84/100
|move|p1a: Registeel|Heavy Slam|p2a: Metagross
|-resisted|p2a: Metagross
|-damage|p2a: Metagross|79/100
|
|-heal|p1a: Registeel|96/100|[from] item: Leftovers
|upkeep
|turn|20
|
|t:|1659927401
|move|p2a: Metagross|Earthquake|p1a: Registeel
|-supereffective|p1a: Registeel
|-damage|p1a: Registeel|43/100
|move|p1a: Registeel|Stealth Rock|p2a: Metagross
|-sidestart|p2: ouatia|move: Stealth Rock
|
|-heal|p1a: Registeel|49/100|[from] item: Leftovers
|upkeep
|turn|21
|
|t:|1659927409
|switch|p1a: Flygon|Flygon, M, shiny|100/100
|move|p2a: Metagross|Meteor Mash|p1a: Flygon
|-damage|p1a: Flygon|24/100
|
|upkeep
|turn|22
|
|t:|1659927415
|switch|p1a: Milotic|Milotic, F|78/100
|move|p2a: Metagross|Bullet Punch|p1a: Milotic
|-resisted|p1a: Milotic
|-damage|p1a: Milotic|69/100
|-damage|p2a: Metagross|63/100|[from] item: Rocky Helmet|[of] p1a: Milotic
|
|upkeep
|turn|23
|j| pig squid
|
|t:|1659927424
|switch|p2a: Seismitoad|Seismitoad, M|77/100
|-damage|p2a: Seismitoad|71/100|[from] Stealth Rock
|move|p1a: Milotic|Recover|p1a: Milotic
|-heal|p1a: Milotic|100/100
|
|upkeep
|turn|24
|
|t:|1659927431
|switch|p1a: Dhelmise|Dhelmise|100/100
|move|p2a: Seismitoad|Knock Off|p1a: Dhelmise
|-supereffective|p1a: Dhelmise
|-damage|p1a: Dhelmise|21/100
|-enditem|p1a: Dhelmise|Heavy-Duty Boots|[from] move: Knock Off|[of] p2a: Seismitoad
|
|upkeep
|turn|25
|
|t:|1659927448
|switch|p1a: Umbreon|Umbreon, M, shiny|88/100
|move|p2a: Seismitoad|Knock Off|p1a: Umbreon
|-resisted|p1a: Umbreon
|-damage|p1a: Umbreon|77/100
|-enditem|p1a: Umbreon|Choice Scarf|[from] move: Knock Off|[of] p2a: Seismitoad
|
|upkeep
|turn|26
|
|t:|1659927457
|switch|p2a: Umbreon|Umbreon, M|93/100
|-damage|p2a: Umbreon|80/100|[from] Stealth Rock
|move|p1a: Umbreon|Wish|p1a: Umbreon
|
|-heal|p2a: Umbreon|87/100|[from] item: Leftovers
|upkeep
|turn|27
|
|t:|1659927472
|switch|p1a: Dhelmise|Dhelmise|21/100
|move|p2a: Umbreon|Foul Play|p1a: Dhelmise
|-supereffective|p1a: Dhelmise
|-damage|p1a: Dhelmise|0 fnt
|faint|p1a: Dhelmise
|
|-heal|p2a: Umbreon|93/100|[from] item: Leftovers
|upkeep
|
|t:|1659927477
|switch|p1a: Sigilyph|Sigilyph, M, shiny|6/100 brn
|turn|28
|
|t:|1659927482
|move|p1a: Sigilyph|Roost|p1a: Sigilyph
|-heal|p1a: Sigilyph|56/100 brn
|-singleturn|p1a: Sigilyph|move: Roost
|move|p2a: Umbreon|Foul Play|p1a: Sigilyph
|-supereffective|p1a: Sigilyph
|-damage|p1a: Sigilyph|23/100 brn
|
|-heal|p2a: Umbreon|99/100|[from] item: Leftovers
|upkeep
|turn|29
|
|t:|1659927497
|switch|p2a: Dankest|Grimmsnarl, M|100/100
|-damage|p2a: Dankest|88/100|[from] Stealth Rock
|-item|p1a: Sigilyph|Flame Orb|[from] ability: Frisk|[of] p2a: Dankest|[identify]
|move|p1a: Sigilyph|Psycho Shift|p2a: Dankest
|-status|p2a: Dankest|brn
|-curestatus|p1a: Sigilyph|brn|[msg]
|
|-damage|p2a: Dankest|82/100 brn|[from] brn
|-status|p1a: Sigilyph|brn|[from] item: Flame Orb
|upkeep
|turn|30
|
|t:|1659927516
|switch|p1a: Umbreon|Umbreon, M, shiny|77/100
|move|p2a: Dankest|Trick|p1a: Umbreon
|-activate|p2a: Dankest|move: Trick|[of] p1a: Umbreon
|-item|p1a: Umbreon|Choice Band|[from] move: Trick
|-enditem|p2a: Dankest|Choice Band|[silent]|[from] move: Trick
|
|-damage|p2a: Dankest|76/100 brn|[from] brn
|upkeep
|turn|31
|
|t:|1659927535
|switch|p2a: Umbreon|Umbreon, M|99/100
|-damage|p2a: Umbreon|86/100|[from] Stealth Rock
|move|p1a: Umbreon|Foul Play|p2a: Umbreon
|-resisted|p2a: Umbreon
|-crit|p2a: Umbreon
|-damage|p2a: Umbreon|72/100
|
|-heal|p2a: Umbreon|78/100|[from] item: Leftovers
|upkeep
|turn|32
|
|t:|1659927547
|switch|p1a: Registeel|Registeel|49/100
|move|p2a: Umbreon|Heal Bell|p2a: Umbreon
|-activate|p2a: Umbreon|move: Heal Bell
|-curestatus|p2: Dankest|brn|[msg]
|
|-heal|p2a: Umbreon|84/100|[from] item: Leftovers
|-heal|p1a: Registeel|55/100|[from] item: Leftovers
|upkeep
|turn|33
|
|t:|1659927560
|move|p2a: Umbreon|Wish|p2a: Umbreon
|move|p1a: Registeel|Body Press|p2a: Umbreon
|-supereffective|p2a: Umbreon
|-damage|p2a: Umbreon|43/100
|
|-heal|p2a: Umbreon|49/100|[from] item: Leftovers
|-heal|p1a: Registeel|61/100|[from] item: Leftovers
|upkeep
|turn|34
|
|t:|1659927570
|switch|p2a: Metagross|Metagross|63/100
|-damage|p2a: Metagross|57/100|[from] Stealth Rock
|move|p1a: Registeel|Toxic|p2a: Metagross|[miss]
|-miss|p1a: Registeel|p2a: Metagross
|
|-heal|p2a: Metagross|100/100|[from] move: Wish|[wisher] Umbreon
|-heal|p1a: Registeel|67/100|[from] item: Leftovers
|upkeep
|turn|35
|
|t:|1659927582
|switch|p2a: Seismitoad|Seismitoad, M|71/100
|-damage|p2a: Seismitoad|65/100|[from] Stealth Rock
|switch|p1a: Milotic|Milotic, F|100/100
|
|upkeep
|turn|36
|
|t:|1659927593
|switch|p1a: Umbreon|Umbreon, M, shiny|77/100
|move|p2a: Seismitoad|Stealth Rock|p1a: Umbreon
|-sidestart|p1: Testinganteater|move: Stealth Rock
|
|upkeep
|turn|37
|
|t:|1659927599
|switch|p2a: Umbreon|Umbreon, M|49/100
|-damage|p2a: Umbreon|37/100|[from] Stealth Rock
|switch|p1a: Sigilyph|Sigilyph, M, shiny|23/100 brn
|
|-heal|p2a: Umbreon|43/100|[from] item: Leftovers
|upkeep
|turn|38
|
|t:|1659927614
|move|p1a: Sigilyph|Psycho Shift|p2a: Umbreon
|-status|p2a: Umbreon|brn
|-activate|p2a: Umbreon|ability: Synchronize
|-fail|p1a: Sigilyph|brn
|-curestatus|p1a: Sigilyph|brn|[msg]
|move|p2a: Umbreon|Foul Play|p1a: Sigilyph
|-supereffective|p1a: Sigilyph
|-damage|p1a: Sigilyph|7/100
|
|-heal|p2a: Umbreon|49/100 brn|[from] item: Leftovers
|-damage|p2a: Umbreon|43/100 brn|[from] brn
|-status|p1a: Sigilyph|brn|[from] item: Flame Orb
|upkeep
|turn|39
|
|t:|1659927627
|move|p1a: Sigilyph|Roost|p1a: Sigilyph
|-heal|p1a: Sigilyph|57/100 brn
|-singleturn|p1a: Sigilyph|move: Roost
|move|p2a: Umbreon|Heal Bell|p2a: Umbreon
|-activate|p2a: Umbreon|move: Heal Bell
|-curestatus|p2a: Umbreon|brn|[msg]
|
|-heal|p2a: Umbreon|49/100|[from] item: Leftovers
|upkeep
|turn|40
|
|t:|1659927640
|move|p1a: Sigilyph|Calm Mind|p1a: Sigilyph
|-boost|p1a: Sigilyph|spa|1
|-boost|p1a: Sigilyph|spd|1
|move|p2a: Umbreon|Foul Play|p1a: Sigilyph
|-supereffective|p1a: Sigilyph
|-damage|p1a: Sigilyph|19/100 brn
|
|-heal|p2a: Umbreon|55/100|[from] item: Leftovers
|upkeep
|turn|41
|
|t:|1659927648
|move|p1a: Sigilyph|Roost|p1a: Sigilyph
|-heal|p1a: Sigilyph|69/100 brn
|-singleturn|p1a: Sigilyph|move: Roost
|move|p2a: Umbreon|Wish|p2a: Umbreon
|
|-heal|p2a: Umbreon|61/100|[from] item: Leftovers
|upkeep
|turn|42
|
|t:|1659927666
|move|p1a: Sigilyph|Psycho Shift|p2a: Umbreon
|-status|p2a: Umbreon|brn
|-activate|p2a: Umbreon|ability: Synchronize
|-fail|p1a: Sigilyph|brn
|-curestatus|p1a: Sigilyph|brn|[msg]
|move|p2a: Umbreon|Foul Play|p1a: Sigilyph
|-supereffective|p1a: Sigilyph
|-damage|p1a: Sigilyph|52/100
|
|-heal|p2a: Umbreon|100/100 brn|[from] move: Wish|[wisher] Umbreon
|-damage|p2a: Umbreon|94/100 brn|[from] brn
|-status|p1a: Sigilyph|brn|[from] item: Flame Orb
|upkeep
|turn|43
|-message|ouatia forfeited.
|
|win|Testinganteater
|raw|Testinganteater's rating: 1426 &rarr; <strong>1456</strong><br />(+30 for winning)
|raw|ouatia's rating: 1626 &rarr; <strong>1596</strong><br />(-30 for losing)
|c|☆Testinganteater|Gg
||Ladder isn't responding, score probably updated but might not have (Request timeout).
|l|☆ouatia
|c|☆Testinganteater|U didn’t think u were gonna win?
