|j|☆JLT3 Danyul
|j|☆one step from eden
|player|p1|JLT3 Danyul|262|1265
|player|p2|one step from eden|morty-gen2|1366
|teamsize|p1|6
|teamsize|p2|6
|gametype|singles
|gen|8
|tier|[Gen 8] RU
|rated|
|clearpoke
|poke|p1|Cramorant, M|
|poke|p1|Mantine, F|
|poke|p1|Steelix, M|
|poke|p1|Flapple, F|
|poke|p1|Galvantula, M|
|poke|p1|Gallade, M|
|poke|p2|Escavalier, F|
|poke|p2|Rotom|
|poke|p2|Rhydon, F|
|poke|p2|Mantine, F|
|poke|p2|Vileplume, F|
|poke|p2|Salazzle, F|
|rule|Sleep Clause Mod: Limit one foe put to sleep
|rule|Species Clause: Limit one of each Pokémon
|rule|OHKO Clause: OHKO moves are banned
|rule|Evasion Moves Clause: Evasion moves are banned
|rule|Endless Battle Clause: Forcing endless battles is banned
|rule|HP Percentage Mod: HP is shown in percentages
|rule|Dynamax Clause: You cannot dynamax
|teampreview
|inactive|Battle timer is ON: inactive players will automatically lose when time's up. (requested by JLT3 Danyul)
|
|start
|switch|p1a: Steelix|Steelix, M|100/100
|switch|p2a: Escavalier|Escavalier, F|100/100
|turn|1
|
|switch|p1a: Mantine|Mantine, F|100/100
|move|p2a: Escavalier|Swords Dance|p2a: Escavalier
|-boost|p2a: Escavalier|atk|2
|
|upkeep
|turn|2
|
|move|p1a: Mantine|Scald|p2a: Escavalier
|-damage|p2a: Escavalier|83/100
|move|p2a: Escavalier|Swords Dance|p2a: Escavalier
|-boost|p2a: Escavalier|atk|2
|
|-heal|p2a: Escavalier|89/100|[from] item: Leftovers
|upkeep
|turn|3
|
|move|p1a: Mantine|Scald|p2a: Escavalier
|-damage|p2a: Escavalier|73/100
|move|p2a: Escavalier|Swords Dance|p2a: Escavalier
|-boost|p2a: Escavalier|atk|2
|
|-heal|p2a: Escavalier|79/100|[from] item: Leftovers
|upkeep
|turn|4
|
|move|p1a: Mantine|Scald|p2a: Escavalier
|-damage|p2a: Escavalier|61/100
|-status|p2a: Escavalier|brn
|move|p2a: Escavalier|Megahorn|p1a: Mantine
|-resisted|p1a: Mantine
|-damage|p1a: Mantine|57/100
|
|-heal|p2a: Escavalier|67/100 brn|[from] item: Leftovers
|-damage|p2a: Escavalier|61/100 brn|[from] brn
|upkeep
|turn|5
|
|move|p1a: Mantine|Roost|p1a: Mantine
|-heal|p1a: Mantine|100/100
|-singleturn|p1a: Mantine|move: Roost
|move|p2a: Escavalier|Rest|p2a: Escavalier
|-status|p2a: Escavalier|slp|[from] move: Rest
|-heal|p2a: Escavalier|100/100 slp|[silent]
|
|upkeep
|turn|6
|
|switch|p1a: Cramorant|Cramorant, M|100/100
|cant|p2a: Escavalier|slp
|move|p2a: Escavalier|Sleep Talk|p2a: Escavalier
|move|p2a: Escavalier|Swords Dance|p2a: Escavalier|[from]Sleep Talk
|-boost|p2a: Escavalier|atk|0
|
|upkeep
|turn|7
|
|switch|p2a: Mantine|Mantine, F|100/100
|move|p1a: Cramorant|Hurricane|p2a: Mantine
|-damage|p2a: Mantine|57/100
|
|upkeep
|turn|8
|
|move|p1a: Cramorant|Hurricane|p2a: Mantine
|-damage|p2a: Mantine|10/100
|move|p2a: Mantine|Roost|p2a: Mantine
|-heal|p2a: Mantine|60/100
|-singleturn|p2a: Mantine|move: Roost
|
|upkeep
|turn|9
|
|switch|p2a: Rotom|Rotom|100/100
|move|p1a: Cramorant|Hurricane|p2a: Rotom|[miss]
|-miss|p1a: Cramorant|p2a: Rotom
|
|upkeep
|turn|10
|
|switch|p1a: Steelix|Steelix, M|100/100
|move|p2a: Rotom|Will-O-Wisp|p1a: Steelix
|-status|p1a: Steelix|brn
|
|-damage|p1a: Steelix|94/100 brn|[from] brn
|upkeep
|turn|11
|
|switch|p2a: Escavalier|Escavalier, F|100/100 slp
|move|p1a: Steelix|Stealth Rock|p2a: Escavalier
|-sidestart|p2: one step from eden|move: Stealth Rock
|
|-heal|p1a: Steelix|100/100 brn|[from] item: Leftovers
|-damage|p1a: Steelix|94/100 brn|[from] brn
|upkeep
|turn|12
|
|switch|p2a: Rotom|Rotom|100/100
|-damage|p2a: Rotom|88/100|[from] Stealth Rock
|switch|p1a: Cramorant|Cramorant, M|100/100
|
|upkeep
|turn|13
|
|move|p2a: Rotom|Defog|p1a: Cramorant
|-unboost|p1a: Cramorant|evasion|1
|-sideend|p2: one step from eden|Stealth Rock|[from] move: Defog|[of] p2a: Rotom
|move|p1a: Cramorant|Surf|p2a: Rotom
|-formechange|p1a: Cramorant|Cramorant-Gulping|
|-damage|p2a: Rotom|10/100
|-enditem|p2a: Rotom|Sitrus Berry|[eat]
|-heal|p2a: Rotom|35/100|[from] item: Sitrus Berry
|
|upkeep
|turn|14
|
|switch|p1a: Steelix|Steelix, M|94/100 brn
|move|p2a: Rotom|Volt Switch|p1a: Steelix
|-immune|p1a: Steelix
|
|-heal|p1a: Steelix|100/100 brn|[from] item: Leftovers
|-damage|p1a: Steelix|94/100 brn|[from] brn
|upkeep
|turn|15
|
|move|p2a: Rotom|Hex|p1a: Steelix
|-crit|p1a: Steelix
|-damage|p1a: Steelix|21/100 brn
|move|p1a: Steelix|Stealth Rock|p2a: Rotom
|-sidestart|p2: one step from eden|move: Stealth Rock
|
|-heal|p1a: Steelix|28/100 brn|[from] item: Leftovers
|-damage|p1a: Steelix|21/100 brn|[from] brn
|upkeep
|turn|16
|
|move|p2a: Rotom|Defog|p1a: Steelix
|-unboost|p1a: Steelix|evasion|1
|-sideend|p2: one step from eden|Stealth Rock|[from] move: Defog|[of] p2a: Rotom
|move|p1a: Steelix|Stealth Rock|p2a: Rotom
|-sidestart|p2: one step from eden|move: Stealth Rock
|
|-heal|p1a: Steelix|28/100 brn|[from] item: Leftovers
|-damage|p1a: Steelix|21/100 brn|[from] brn
|upkeep
|turn|17
|
|move|p2a: Rotom|Defog|p1a: Steelix
|-unboost|p1a: Steelix|evasion|1
|-sideend|p2: one step from eden|Stealth Rock|[from] move: Defog|[of] p2a: Rotom
|move|p1a: Steelix|Stealth Rock|p2a: Rotom
|-sidestart|p2: one step from eden|move: Stealth Rock
|
|-heal|p1a: Steelix|28/100 brn|[from] item: Leftovers
|-damage|p1a: Steelix|21/100 brn|[from] brn
|upkeep
|turn|18
|
|move|p2a: Rotom|Defog|p1a: Steelix
|-unboost|p1a: Steelix|evasion|1
|-sideend|p2: one step from eden|Stealth Rock|[from] move: Defog|[of] p2a: Rotom
|move|p1a: Steelix|Stealth Rock|p2a: Rotom
|-sidestart|p2: one step from eden|move: Stealth Rock
|
|-heal|p1a: Steelix|28/100 brn|[from] item: Leftovers
|-damage|p1a: Steelix|21/100 brn|[from] brn
|upkeep
|turn|19
|
|move|p2a: Rotom|Defog|p1a: Steelix
|-unboost|p1a: Steelix|evasion|1
|-sideend|p2: one step from eden|Stealth Rock|[from] move: Defog|[of] p2a: Rotom
|move|p1a: Steelix|Stealth Rock|p2a: Rotom
|-sidestart|p2: one step from eden|move: Stealth Rock
|
|-heal|p1a: Steelix|28/100 brn|[from] item: Leftovers
|-damage|p1a: Steelix|21/100 brn|[from] brn
|upkeep
|turn|20
|
|move|p2a: Rotom|Defog|p1a: Steelix
|-unboost|p1a: Steelix|evasion|1
|-sideend|p2: one step from eden|Stealth Rock|[from] move: Defog|[of] p2a: Rotom
|move|p1a: Steelix|Stealth Rock|p2a: Rotom
|-sidestart|p2: one step from eden|move: Stealth Rock
|
|-heal|p1a: Steelix|28/100 brn|[from] item: Leftovers
|-damage|p1a: Steelix|21/100 brn|[from] brn
|upkeep
|turn|21
|
|move|p2a: Rotom|Defog|p1a: Steelix
|-unboost|p1a: Steelix|evasion|1
|-sideend|p2: one step from eden|Stealth Rock|[from] move: Defog|[of] p2a: Rotom
|move|p1a: Steelix|Stealth Rock|p2a: Rotom
|-sidestart|p2: one step from eden|move: Stealth Rock
|
|-heal|p1a: Steelix|28/100 brn|[from] item: Leftovers
|-damage|p1a: Steelix|21/100 brn|[from] brn
|upkeep
|turn|22
|
|move|p2a: Rotom|Defog|p1a: Steelix
|-unboost|p1a: Steelix|evasion|0
|-sideend|p2: one step from eden|Stealth Rock|[from] move: Defog|[of] p2a: Rotom
|move|p1a: Steelix|Stealth Rock|p2a: Rotom
|-sidestart|p2: one step from eden|move: Stealth Rock
|
|-heal|p1a: Steelix|28/100 brn|[from] item: Leftovers
|-damage|p1a: Steelix|21/100 brn|[from] brn
|upkeep
|turn|23
|
|move|p2a: Rotom|Defog|p1a: Steelix
|-unboost|p1a: Steelix|evasion|0
|-sideend|p2: one step from eden|Stealth Rock|[from] move: Defog|[of] p2a: Rotom
|move|p1a: Steelix|Stealth Rock|p2a: Rotom
|-sidestart|p2: one step from eden|move: Stealth Rock
|
|-heal|p1a: Steelix|28/100 brn|[from] item: Leftovers
|-damage|p1a: Steelix|21/100 brn|[from] brn
|upkeep
|turn|24
|
|move|p2a: Rotom|Defog|p1a: Steelix
|-unboost|p1a: Steelix|evasion|0
|-sideend|p2: one step from eden|Stealth Rock|[from] move: Defog|[of] p2a: Rotom
|move|p1a: Steelix|Stealth Rock|p2a: Rotom
|-sidestart|p2: one step from eden|move: Stealth Rock
|
|-heal|p1a: Steelix|28/100 brn|[from] item: Leftovers
|-damage|p1a: Steelix|21/100 brn|[from] brn
|upkeep
|turn|25
|
|move|p2a: Rotom|Defog|p1a: Steelix
|-unboost|p1a: Steelix|evasion|0
|-sideend|p2: one step from eden|Stealth Rock|[from] move: Defog|[of] p2a: Rotom
|move|p1a: Steelix|Stealth Rock|p2a: Rotom
|-sidestart|p2: one step from eden|move: Stealth Rock
|
|-heal|p1a: Steelix|28/100 brn|[from] item: Leftovers
|-damage|p1a: Steelix|21/100 brn|[from] brn
|upkeep
|turn|26
|
|move|p2a: Rotom|Defog|p1a: Steelix
|-unboost|p1a: Steelix|evasion|0
|-sideend|p2: one step from eden|Stealth Rock|[from] move: Defog|[of] p2a: Rotom
|move|p1a: Steelix|Stealth Rock|p2a: Rotom
|-sidestart|p2: one step from eden|move: Stealth Rock
|
|-heal|p1a: Steelix|28/100 brn|[from] item: Leftovers
|-damage|p1a: Steelix|21/100 brn|[from] brn
|upkeep
|turn|27
|
|move|p2a: Rotom|Defog|p1a: Steelix
|-unboost|p1a: Steelix|evasion|0
|-sideend|p2: one step from eden|Stealth Rock|[from] move: Defog|[of] p2a: Rotom
|move|p1a: Steelix|Stealth Rock|p2a: Rotom
|-sidestart|p2: one step from eden|move: Stealth Rock
|
|-heal|p1a: Steelix|28/100 brn|[from] item: Leftovers
|-damage|p1a: Steelix|21/100 brn|[from] brn
|upkeep
|turn|28
|
|move|p2a: Rotom|Defog|p1a: Steelix
|-unboost|p1a: Steelix|evasion|0
|-sideend|p2: one step from eden|Stealth Rock|[from] move: Defog|[of] p2a: Rotom
|move|p1a: Steelix|Stealth Rock|p2a: Rotom
|-sidestart|p2: one step from eden|move: Stealth Rock
|
|-heal|p1a: Steelix|28/100 brn|[from] item: Leftovers
|-damage|p1a: Steelix|21/100 brn|[from] brn
|upkeep
|turn|29
|
|move|p2a: Rotom|Hex|p1a: Steelix
|-damage|p1a: Steelix|0 fnt
|faint|p1a: Steelix
|
|upkeep
|
|switch|p1a: Gallade|Gallade, M|100/100
|turn|30
|
|move|p1a: Gallade|Knock Off|p2a: Rotom
|-supereffective|p2a: Rotom
|-damage|p2a: Rotom|0 fnt
|faint|p2a: Rotom
|
|upkeep
|
|switch|p2a: Vileplume|Vileplume, F|100/100
|-damage|p2a: Vileplume|88/100|[from] Stealth Rock
|turn|31
|
|move|p1a: Gallade|Knock Off|p2a: Vileplume
|-damage|p2a: Vileplume|61/100
|-enditem|p2a: Vileplume|Leftovers|[from] move: Knock Off|[of] p1a: Gallade
|move|p2a: Vileplume|Sludge Bomb|p1a: Gallade
|-damage|p1a: Gallade|64/100
|
|upkeep
|turn|32
|
|switch|p1a: Galvantula|Galvantula, M|100/100
|move|p2a: Vileplume|Strength Sap|p1a: Galvantula
|-unboost|p1a: Galvantula|atk|1
|-heal|p2a: Vileplume|100/100
|
|upkeep
|turn|33
|
|move|p1a: Galvantula|Sticky Web|p2a: Vileplume
|-sidestart|p2: one step from eden|move: Sticky Web
|move|p2a: Vileplume|Sludge Bomb|p1a: Galvantula
|-damage|p1a: Galvantula|39/100
|-status|p1a: Galvantula|psn
|
|-damage|p1a: Galvantula|26/100 psn|[from] psn
|upkeep
|turn|34
|
|move|p1a: Galvantula|Bug Buzz|p2a: Vileplume
|-damage|p2a: Vileplume|61/100
|move|p2a: Vileplume|Aromatherapy|p2a: Vileplume
|-activate|p2a: Vileplume|move: Aromatherapy
|-curestatus|p2: Escavalier|slp|[msg]
|
|-damage|p1a: Galvantula|14/100 psn|[from] psn
|upkeep
|turn|35
|
|move|p1a: Galvantula|Bug Buzz|p2a: Vileplume
|-damage|p2a: Vileplume|19/100
|move|p2a: Vileplume|Strength Sap|p1a: Galvantula
|-unboost|p1a: Galvantula|atk|1
|-heal|p2a: Vileplume|46/100
|
|-damage|p1a: Galvantula|1/100 psn|[from] psn
|upkeep
|turn|36
|
|switch|p2a: Escavalier|Escavalier, F|100/100
|-damage|p2a: Escavalier|88/100|[from] Stealth Rock
|-activate|p2a: Escavalier|move: Sticky Web
|-unboost|p2a: Escavalier|spe|1
|move|p1a: Galvantula|Thunder|p2a: Escavalier
|-damage|p2a: Escavalier|50/100
|
|-heal|p2a: Escavalier|57/100|[from] item: Leftovers
|-damage|p1a: Galvantula|0 fnt|[from] psn
|faint|p1a: Galvantula
|upkeep
|
|switch|p1a: Cramorant|Cramorant, M|100/100
|turn|37
|
|switch|p2a: Salazzle|Salazzle, F|100/100
|move|p1a: Cramorant|Hurricane|p2a: Salazzle
|-damage|p2a: Salazzle|0 fnt
|faint|p2a: Salazzle
|
|upkeep
|
|switch|p2a: Rhydon|Rhydon, F|100/100
|-damage|p2a: Rhydon|95/100|[from] Stealth Rock
|-activate|p2a: Rhydon|move: Sticky Web
|-unboost|p2a: Rhydon|spe|1
|turn|38
|
|switch|p1a: Mantine|Mantine, F|100/100
|move|p2a: Rhydon|Rock Blast|p1a: Mantine
|-supereffective|p1a: Mantine
|-damage|p1a: Mantine|80/100
|-supereffective|p1a: Mantine
|-damage|p1a: Mantine|59/100
|-supereffective|p1a: Mantine
|-crit|p1a: Mantine
|-damage|p1a: Mantine|27/100
|-hitcount|p1a: Mantine|3
|
|upkeep
|turn|39
|
|switch|p2a: Escavalier|Escavalier, F|57/100
|-activate|p2a: Escavalier|move: Sticky Web
|-unboost|p2a: Escavalier|spe|1
|-damage|p2a: Escavalier|44/100|[from] Stealth Rock
|move|p1a: Mantine|Roost|p1a: Mantine
|-heal|p1a: Mantine|77/100
|-singleturn|p1a: Mantine|move: Roost
|
|-heal|p2a: Escavalier|50/100|[from] item: Leftovers
|upkeep
|turn|40
|
|move|p1a: Mantine|Scald|p2a: Escavalier
|-damage|p2a: Escavalier|31/100
|move|p2a: Escavalier|Megahorn|p1a: Mantine
|-resisted|p1a: Mantine
|-damage|p1a: Mantine|55/100
|
|-heal|p2a: Escavalier|37/100|[from] item: Leftovers
|upkeep
|turn|41
|
|move|p1a: Mantine|Scald|p2a: Escavalier
|-damage|p2a: Escavalier|21/100
|move|p2a: Escavalier|Rest|p2a: Escavalier
|-status|p2a: Escavalier|slp|[from] move: Rest
|-heal|p2a: Escavalier|100/100 slp|[silent]
|
|upkeep
|turn|42
|
|switch|p1a: Cramorant|Cramorant, M|100/100
|cant|p2a: Escavalier|slp
|move|p2a: Escavalier|Sleep Talk|p2a: Escavalier
|move|p2a: Escavalier|Megahorn|p1a: Cramorant|[from]Sleep Talk
|-resisted|p1a: Cramorant
|-damage|p1a: Cramorant|51/100
|
|upkeep
|turn|43
|
|switch|p2a: Vileplume|Vileplume, F|46/100
|-damage|p2a: Vileplume|33/100|[from] Stealth Rock
|-activate|p2a: Vileplume|move: Sticky Web
|-unboost|p2a: Vileplume|spe|1
|move|p1a: Cramorant|Hurricane|p2a: Vileplume
|-supereffective|p2a: Vileplume
|-damage|p2a: Vileplume|0 fnt
|faint|p2a: Vileplume
|
|upkeep
|
|switch|p2a: Mantine|Mantine, F|60/100
|turn|44
|
|move|p1a: Cramorant|Hurricane|p2a: Mantine|[miss]
|-miss|p1a: Cramorant|p2a: Mantine
|move|p2a: Mantine|Roost|p2a: Mantine
|-heal|p2a: Mantine|100/100
|-singleturn|p2a: Mantine|move: Roost
|
|upkeep
|turn|45
|
|switch|p1a: Mantine|Mantine, F|55/100
|move|p2a: Mantine|Hurricane|p1a: Mantine|[miss]
|-miss|p2a: Mantine|p1a: Mantine
|
|upkeep
|turn|46
|
|move|p2a: Mantine|Substitute|p2a: Mantine
|-start|p2a: Mantine|Substitute
|-damage|p2a: Mantine|76/100
|move|p1a: Mantine|Toxic||[still]
|-fail|p1a: Mantine
|
|upkeep
|turn|47
|
|move|p2a: Mantine|Hurricane|p1a: Mantine
|-damage|p1a: Mantine|29/100
|move|p1a: Mantine|Roost|p1a: Mantine
|-heal|p1a: Mantine|79/100
|-singleturn|p1a: Mantine|move: Roost
|
|upkeep
|turn|48
|
|move|p2a: Mantine|Hurricane|p1a: Mantine|[miss]
|-miss|p2a: Mantine|p1a: Mantine
|move|p1a: Mantine|Roost|p1a: Mantine
|-heal|p1a: Mantine|100/100
|-singleturn|p1a: Mantine|move: Roost
|
|upkeep
|turn|49
|
|move|p2a: Mantine|Hurricane|p1a: Mantine|[miss]
|-miss|p2a: Mantine|p1a: Mantine
|move|p1a: Mantine|Toxic||[still]
|-fail|p1a: Mantine
|
|upkeep
|turn|50
|
|move|p2a: Mantine|Roost|p2a: Mantine
|-heal|p2a: Mantine|100/100
|-singleturn|p2a: Mantine|move: Roost
|move|p1a: Mantine|Toxic|p2a: Mantine|[miss]
|-miss|p1a: Mantine|p2a: Mantine
|
|upkeep
|turn|51
|
|switch|p2a: Escavalier|Escavalier, F|100/100 slp
|-damage|p2a: Escavalier|88/100 slp|[from] Stealth Rock
|-activate|p2a: Escavalier|move: Sticky Web
|-unboost|p2a: Escavalier|spe|1
|move|p1a: Mantine|Scald|p2a: Escavalier
|-damage|p2a: Escavalier|71/100 slp
|
|-heal|p2a: Escavalier|77/100 slp|[from] item: Leftovers
|upkeep
|turn|52
|
|switch|p1a: Gallade|Gallade, M|64/100
|cant|p2a: Escavalier|slp
|move|p2a: Escavalier|Sleep Talk|p2a: Escavalier
|move|p2a: Escavalier|Swords Dance|p2a: Escavalier|[from]Sleep Talk
|-boost|p2a: Escavalier|atk|2
|
|-heal|p2a: Escavalier|83/100 slp|[from] item: Leftovers
|upkeep
|turn|53
|
|move|p1a: Gallade|Close Combat|p2a: Escavalier
|-damage|p2a: Escavalier|26/100 slp
|-unboost|p1a: Gallade|def|1
|-unboost|p1a: Gallade|spd|1
|-curestatus|p2a: Escavalier|slp|[msg]
|move|p2a: Escavalier|Megahorn|p1a: Gallade
|-damage|p1a: Gallade|0 fnt
|faint|p1a: Gallade
|
|-heal|p2a: Escavalier|32/100|[from] item: Leftovers
|upkeep
|
|switch|p1a: Flapple|Flapple, F|100/100
|turn|54
|
|move|p1a: Flapple|Outrage|p2a: Escavalier
|-resisted|p2a: Escavalier
|-damage|p2a: Escavalier|0 fnt
|faint|p2a: Escavalier
|
|upkeep
|
|switch|p2a: Mantine|Mantine, F|100/100
|turn|55
|
|move|p1a: Flapple|Outrage|p2a: Mantine|[from]lockedmove
|-damage|p2a: Mantine|0 fnt
|-start|p1a: Flapple|confusion|[fatigue]
|faint|p2a: Mantine
|
|upkeep
|
|switch|p2a: Rhydon|Rhydon, F|95/100
|-activate|p2a: Rhydon|move: Sticky Web
|-unboost|p2a: Rhydon|spe|1
|-damage|p2a: Rhydon|89/100|[from] Stealth Rock
|turn|56
|
|switch|p1a: Mantine|Mantine, F|100/100
|move|p2a: Rhydon|Rock Blast|p1a: Mantine
|-supereffective|p1a: Mantine
|-damage|p1a: Mantine|78/100
|-supereffective|p1a: Mantine
|-damage|p1a: Mantine|57/100
|-supereffective|p1a: Mantine
|-damage|p1a: Mantine|33/100
|-supereffective|p1a: Mantine
|-damage|p1a: Mantine|10/100
|-hitcount|p1a: Mantine|4
|
|upkeep
|turn|57
|
|move|p1a: Mantine|Scald|p2a: Rhydon
|-supereffective|p2a: Rhydon
|-damage|p2a: Rhydon|0 fnt
|faint|p2a: Rhydon
|
|win|JLT3 Danyul
|l|☆one step from eden
|c|☆JLT3 Danyul|gg
||Ladder (probably) updated, but score could not be retrieved (Response not received).
