|j|☆monotypewhat
|j|☆Retired Aggron
|player|p1|monotypewhat|165|1505
|player|p2|Retired Aggron|200|1495
|teamsize|p1|6
|teamsize|p2|6
|gametype|singles
|gen|8
|tier|[Gen 8] RU
|rated|
|clearpoke
|poke|p1|Steelix, F|
|poke|p1|Accelgor, F|
|poke|p1|Aromatisse, M|
|poke|p1|Machamp, M|
|poke|p1|Dhelmise|
|poke|p1|Goodra, M|
|poke|p2|Aromatisse, F|
|poke|p2|Drampa, M|
|poke|p2|Steelix, M|
|poke|p2|Jellicent, M|
|poke|p2|Eldegoss, F|
|poke|p2|Toxicroak, M|
|rule|Sleep Clause Mod: Limit one foe put to sleep
|rule|Species Clause: Limit one of each Pokémon
|rule|OHKO Clause: OHKO moves are banned
|rule|Evasion Moves Clause: Evasion moves are banned
|rule|Endless Battle Clause: Forcing endless battles is banned
|rule|HP Percentage Mod: HP is shown in percentages
|rule|Dynamax Clause: You cannot dynamax
|teampreview
|inactive|Battle timer is ON: inactive players will automatically lose when time's up. (requested by monotypewhat)
|c|☆Retired Aggron|Have fun
|
|start
|switch|p1a: Machamp|Machamp, M|100/100
|switch|p2a: Toxicroak|Toxicroak, M|100/100
|turn|1
|
|move|p2a: Toxicroak|Drain Punch|p1a: Machamp
|-crit|p1a: Machamp
|-damage|p1a: Machamp|12/100
|-damage|p2a: Toxicroak|91/100|[from] item: Life Orb
|move|p1a: Machamp|Close Combat|p2a: Toxicroak
|-resisted|p2a: Toxicroak
|-damage|p2a: Toxicroak|46/100
|-unboost|p1a: Machamp|def|1
|-unboost|p1a: Machamp|spd|1
|
|-status|p1a: Machamp|brn|[from] item: Flame Orb
|upkeep
|turn|2
|
|move|p2a: Toxicroak|Sucker Punch|p1a: Machamp
|-resisted|p1a: Machamp
|-damage|p1a: Machamp|0 fnt
|-damage|p2a: Toxicroak|36/100|[from] item: Life Orb
|faint|p1a: Machamp
|
|upkeep
|
|switch|p1a: Steelix|Steelix, F|100/100
|turn|3
|
|switch|p2a: Jellicent|Jellicent, M|100/100
|move|p1a: Steelix|Stealth Rock|p2a: Jellicent
|-sidestart|p2: Retired Aggron|move: Stealth Rock
|
|upkeep
|turn|4
|
|switch|p1a: Goodra|Goodra, M|100/100
|move|p2a: Jellicent|Will-O-Wisp|p1a: Goodra
|-status|p1a: Goodra|brn
|
|-damage|p1a: Goodra|94/100 brn|[from] brn
|upkeep
|turn|5
|j| Dickooooo
|
|move|p1a: Goodra|Curse|p1a: Goodra
|-unboost|p1a: Goodra|spe|1
|-boost|p1a: Goodra|atk|1
|-boost|p1a: Goodra|def|1
|move|p2a: Jellicent|Trick Room|p2a: Jellicent
|-fieldstart|move: Trick Room|[of] p2a: Jellicent
|
|-heal|p1a: Goodra|100/100 brn|[from] item: Leftovers
|-damage|p1a: Goodra|94/100 brn|[from] brn
|upkeep
|turn|6
|
|switch|p2a: Eldegoss|Eldegoss, F|100/100
|-damage|p2a: Eldegoss|88/100|[from] Stealth Rock
|move|p1a: Goodra|Breaking Swipe|p2a: Eldegoss
|-damage|p2a: Eldegoss|75/100
|-unboost|p2a: Eldegoss|atk|1
|-enditem|p2a: Eldegoss|Eject Pack
|
|switch|p2a: Aromatisse|Aromatisse, F, shiny|100/100
|-damage|p2a: Aromatisse|88/100|[from] Stealth Rock
|
|-heal|p2a: Aromatisse|94/100|[from] item: Leftovers
|-heal|p1a: Goodra|100/100 brn|[from] item: Leftovers
|-damage|p1a: Goodra|94/100 brn|[from] brn
|upkeep
|turn|7
|
|switch|p1a: Steelix|Steelix, F|100/100
|move|p2a: Aromatisse|Nasty Plot|p2a: Aromatisse
|-boost|p2a: Aromatisse|spa|2
|
|-heal|p2a: Aromatisse|100/100|[from] item: Leftovers
|upkeep
|turn|8
|
|switch|p2a: Eldegoss|Eldegoss, F|100/100
|-damage|p2a: Eldegoss|88/100|[from] Stealth Rock
|move|p1a: Steelix|Heavy Slam|p2a: Eldegoss
|-damage|p2a: Eldegoss|50/100
|
|upkeep
|turn|9
|
|switch|p1a: Dhelmise|Dhelmise|100/100
|switch|p2a: Steelix|Steelix, M|100/100
|-damage|p2a: Steelix|98/100|[from] Stealth Rock
|
|-fieldend|move: Trick Room
|upkeep
|turn|10
|
|move|p1a: Dhelmise|Power Whip|p2a: Steelix
|-damage|p2a: Steelix|62/100
|move|p2a: Steelix|Iron Head|p1a: Dhelmise
|-damage|p1a: Dhelmise|34/100
|
|upkeep
|turn|11
|
|move|p1a: Dhelmise|Power Whip|p2a: Steelix
|-damage|p2a: Steelix|25/100
|move|p2a: Steelix|Stealth Rock|p1a: Dhelmise
|-sidestart|p1: monotypewhat|move: Stealth Rock
|
|upkeep
|turn|12
|
|switch|p2a: Drampa|Drampa, M|100/100
|-damage|p2a: Drampa|88/100|[from] Stealth Rock
|move|p1a: Dhelmise|Rapid Spin|p2a: Drampa
|-damage|p2a: Drampa|64/100
|-sideend|p1: monotypewhat|Stealth Rock|[from] move: Rapid Spin|[of] p1a: Dhelmise
|-boost|p1a: Dhelmise|spe|1
|
|upkeep
|turn|13
|
|switch|p2a: Steelix|Steelix, M|25/100
|-damage|p2a: Steelix|23/100|[from] Stealth Rock
|move|p1a: Dhelmise|Anchor Shot|p2a: Steelix
|-resisted|p2a: Steelix
|-damage|p2a: Steelix|11/100
|-activate|p2a: Steelix|trapped
|
|upkeep
|turn|14
|
|move|p1a: Dhelmise|Shadow Claw|p2a: Steelix
|-damage|p2a: Steelix|0 fnt
|faint|p2a: Steelix
|
|upkeep
|
|switch|p2a: Toxicroak|Toxicroak, M|36/100
|-damage|p2a: Toxicroak|30/100|[from] Stealth Rock
|turn|15
|
|switch|p1a: Steelix|Steelix, F|100/100
|move|p2a: Toxicroak|Sucker Punch||[still]
|-fail|p2a: Toxicroak
|
|upkeep
|turn|16
|
|switch|p2a: Jellicent|Jellicent, M|100/100
|-damage|p2a: Jellicent|88/100|[from] Stealth Rock
|move|p1a: Steelix|Heavy Slam|p2a: Jellicent
|-resisted|p2a: Jellicent
|-damage|p2a: Jellicent|75/100
|-start|p1a: Steelix|Disable|Heavy Slam|[from] ability: Cursed Body|[of] p2a: Jellicent
|
|-heal|p2a: Jellicent|82/100|[from] item: Leftovers
|upkeep
|turn|17
|
|switch|p1a: Aromatisse|Aromatisse, M|100/100
|move|p2a: Jellicent|Will-O-Wisp|p1a: Aromatisse
|-status|p1a: Aromatisse|brn
|
|-heal|p2a: Jellicent|88/100|[from] item: Leftovers
|-damage|p1a: Aromatisse|94/100 brn|[from] brn
|upkeep
|turn|18
|
|move|p2a: Jellicent|Hex|p1a: Aromatisse
|-damage|p1a: Aromatisse|55/100 brn
|move|p1a: Aromatisse|Calm Mind|p1a: Aromatisse
|-boost|p1a: Aromatisse|spa|1
|-boost|p1a: Aromatisse|spd|1
|
|-heal|p2a: Jellicent|94/100|[from] item: Leftovers
|-heal|p1a: Aromatisse|61/100 brn|[from] item: Leftovers
|-damage|p1a: Aromatisse|55/100 brn|[from] brn
|upkeep
|turn|19
|
|move|p2a: Jellicent|Hex|p1a: Aromatisse
|-damage|p1a: Aromatisse|30/100 brn
|move|p1a: Aromatisse|Wish|p1a: Aromatisse
|
|-heal|p2a: Jellicent|100/100|[from] item: Leftovers
|-heal|p1a: Aromatisse|36/100 brn|[from] item: Leftovers
|-damage|p1a: Aromatisse|30/100 brn|[from] brn
|upkeep
|turn|20
|
|switch|p2a: Eldegoss|Eldegoss, F|84/100
|-damage|p2a: Eldegoss|71/100|[from] Stealth Rock
|move|p1a: Aromatisse|Calm Mind|p1a: Aromatisse
|-boost|p1a: Aromatisse|spa|1
|-boost|p1a: Aromatisse|spd|1
|
|-heal|p1a: Aromatisse|80/100 brn|[from] move: Wish|[wisher] Aromatisse
|-heal|p1a: Aromatisse|86/100 brn|[from] item: Leftovers
|-damage|p1a: Aromatisse|80/100 brn|[from] brn
|upkeep
|turn|21
|
|move|p2a: Eldegoss|Rapid Spin|p1a: Aromatisse
|-damage|p1a: Aromatisse|77/100 brn
|-sideend|p2: Retired Aggron|Stealth Rock|[from] move: Rapid Spin|[of] p2a: Eldegoss
|-boost|p2a: Eldegoss|spe|1
|move|p1a: Aromatisse|Moonblast|p2a: Eldegoss
|-damage|p2a: Eldegoss|10/100
|-unboost|p2a: Eldegoss|spa|1
|
|-heal|p1a: Aromatisse|83/100 brn|[from] item: Leftovers
|-damage|p1a: Aromatisse|77/100 brn|[from] brn
|upkeep
|turn|22
|
|move|p2a: Eldegoss|Leech Seed|p1a: Aromatisse
|-start|p1a: Aromatisse|move: Leech Seed
|move|p1a: Aromatisse|Wish|p1a: Aromatisse
|
|-heal|p1a: Aromatisse|83/100 brn|[from] item: Leftovers
|-damage|p1a: Aromatisse|70/100 brn|[from] Leech Seed|[of] p2a: Eldegoss
|-heal|p2a: Eldegoss|25/100|[silent]
|-damage|p1a: Aromatisse|64/100 brn|[from] brn
|upkeep
|turn|23
|
|switch|p2a: Jellicent|Jellicent, M|100/100
|move|p1a: Aromatisse|Moonblast|p2a: Jellicent
|-damage|p2a: Jellicent|61/100
|
|-heal|p1a: Aromatisse|100/100 brn|[from] move: Wish|[wisher] Aromatisse
|-heal|p2a: Jellicent|67/100|[from] item: Leftovers
|-damage|p1a: Aromatisse|88/100 brn|[from] Leech Seed|[of] p2a: Jellicent
|-heal|p2a: Jellicent|79/100|[silent]
|-damage|p1a: Aromatisse|82/100 brn|[from] brn
|upkeep
|turn|24
|
|switch|p1a: Goodra|Goodra, M|94/100 brn
|move|p2a: Jellicent|Hex|p1a: Goodra
|-damage|p1a: Goodra|74/100 brn
|
|-heal|p1a: Goodra|80/100 brn|[from] item: Leftovers
|-heal|p2a: Jellicent|86/100|[from] item: Leftovers
|-damage|p1a: Goodra|74/100 brn|[from] brn
|upkeep
|turn|25
|
|switch|p2a: Aromatisse|Aromatisse, F, shiny|100/100
|move|p1a: Goodra|Curse|p1a: Goodra
|-unboost|p1a: Goodra|spe|1
|-boost|p1a: Goodra|atk|1
|-boost|p1a: Goodra|def|1
|
|-heal|p1a: Goodra|80/100 brn|[from] item: Leftovers
|-damage|p1a: Goodra|74/100 brn|[from] brn
|upkeep
|turn|26
|
|switch|p1a: Steelix|Steelix, F|100/100
|switch|p2a: Drampa|Drampa, M|64/100
|
|upkeep
|turn|27
|
|move|p2a: Drampa|Draco Meteor|p1a: Steelix
|-resisted|p1a: Steelix
|-damage|p1a: Steelix|22/100
|-unboost|p2a: Drampa|spa|2
|move|p1a: Steelix|Stealth Rock|p2a: Drampa
|-sidestart|p2: Retired Aggron|move: Stealth Rock
|
|-heal|p1a: Steelix|28/100|[from] item: Leftovers
|upkeep
|turn|28
|
|switch|p2a: Eldegoss|Eldegoss, F|59/100
|-damage|p2a: Eldegoss|46/100|[from] Stealth Rock
|switch|p1a: Aromatisse|Aromatisse, M|82/100 brn
|
|-heal|p1a: Aromatisse|88/100 brn|[from] item: Leftovers
|-damage|p1a: Aromatisse|82/100 brn|[from] brn
|upkeep
|turn|29
|
|switch|p1a: Dhelmise|Dhelmise|34/100
|move|p2a: Eldegoss|Leaf Storm|p1a: Dhelmise
|-resisted|p1a: Dhelmise
|-damage|p1a: Dhelmise|10/100
|-unboost|p2a: Eldegoss|spa|2
|
|upkeep
|turn|30
|
|move|p1a: Dhelmise|Power Whip|p2a: Eldegoss|[miss]
|-miss|p1a: Dhelmise|p2a: Eldegoss
|move|p2a: Eldegoss|Leaf Storm|p1a: Dhelmise
|-resisted|p1a: Dhelmise
|-damage|p1a: Dhelmise|0 fnt
|-unboost|p2a: Eldegoss|spa|2
|faint|p1a: Dhelmise
|
|upkeep
|
|switch|p1a: Accelgor|Accelgor, F|100/100
|turn|31
|
|switch|p2a: Jellicent|Jellicent, M|86/100
|-damage|p2a: Jellicent|73/100|[from] Stealth Rock
|move|p1a: Accelgor|Bug Buzz|p2a: Jellicent
|-resisted|p2a: Jellicent
|-damage|p2a: Jellicent|56/100
|
|-heal|p2a: Jellicent|62/100|[from] item: Leftovers
|upkeep
|turn|32
|
|switch|p1a: Goodra|Goodra, M|74/100 brn
|move|p2a: Jellicent|Trick Room|p2a: Jellicent
|-fieldstart|move: Trick Room|[of] p2a: Jellicent
|
|-heal|p2a: Jellicent|68/100|[from] item: Leftovers
|-heal|p1a: Goodra|80/100 brn|[from] item: Leftovers
|-damage|p1a: Goodra|74/100 brn|[from] brn
|upkeep
|turn|33
|
|switch|p1a: Accelgor|Accelgor, F|100/100
|move|p2a: Jellicent|Recover|p2a: Jellicent
|-heal|p2a: Jellicent|100/100
|
|upkeep
|turn|34
|inactive|monotypewhat has 120 seconds left.
|
|switch|p1a: Aromatisse|Aromatisse, M|82/100 brn
|move|p2a: Jellicent|Will-O-Wisp|p1a: Aromatisse
|-fail|p1a: Aromatisse|brn
|
|-heal|p1a: Aromatisse|88/100 brn|[from] item: Leftovers
|-damage|p1a: Aromatisse|82/100 brn|[from] brn
|upkeep
|turn|35
|
|move|p1a: Aromatisse|Moonblast|p2a: Jellicent
|-damage|p2a: Jellicent|82/100
|move|p2a: Jellicent|Hex|p1a: Aromatisse
|-damage|p1a: Aromatisse|46/100 brn
|
|-heal|p1a: Aromatisse|52/100 brn|[from] item: Leftovers
|-heal|p2a: Jellicent|88/100|[from] item: Leftovers
|-damage|p1a: Aromatisse|46/100 brn|[from] brn
|upkeep
|turn|36
|j| methatonin
|
|move|p1a: Aromatisse|Wish|p1a: Aromatisse
|move|p2a: Jellicent|Hex|p1a: Aromatisse
|-damage|p1a: Aromatisse|10/100 brn
|
|-heal|p1a: Aromatisse|16/100 brn|[from] item: Leftovers
|-heal|p2a: Jellicent|94/100|[from] item: Leftovers
|-damage|p1a: Aromatisse|10/100 brn|[from] brn
|-fieldend|move: Trick Room
|upkeep
|turn|37
|
|switch|p2a: Eldegoss|Eldegoss, F|80/100
|-damage|p2a: Eldegoss|67/100|[from] Stealth Rock
|move|p1a: Aromatisse|Protect||[still]
|-fail|p1a: Aromatisse
|
|-heal|p1a: Aromatisse|60/100 brn|[from] move: Wish|[wisher] Aromatisse
|-heal|p1a: Aromatisse|66/100 brn|[from] item: Leftovers
|-damage|p1a: Aromatisse|60/100 brn|[from] brn
|upkeep
|turn|38
|
|move|p2a: Eldegoss|Rapid Spin|p1a: Aromatisse
|-damage|p1a: Aromatisse|57/100 brn
|-sideend|p2: Retired Aggron|Stealth Rock|[from] move: Rapid Spin|[of] p2a: Eldegoss
|-boost|p2a: Eldegoss|spe|1
|move|p1a: Aromatisse|Wish|p1a: Aromatisse
|
|-heal|p1a: Aromatisse|63/100 brn|[from] item: Leftovers
|-damage|p1a: Aromatisse|57/100 brn|[from] brn
|upkeep
|turn|39
|
|switch|p2a: Aromatisse|Aromatisse, F, shiny|100/100
|move|p1a: Aromatisse|Protect||[still]
|-fail|p1a: Aromatisse
|
|-heal|p1a: Aromatisse|100/100 brn|[from] move: Wish|[wisher] Aromatisse
|-damage|p1a: Aromatisse|94/100 brn|[from] brn
|upkeep
|turn|40
|
|move|p1a: Aromatisse|Calm Mind|p1a: Aromatisse
|-boost|p1a: Aromatisse|spa|1
|-boost|p1a: Aromatisse|spd|1
|move|p2a: Aromatisse|Nasty Plot|p2a: Aromatisse
|-boost|p2a: Aromatisse|spa|2
|
|-heal|p1a: Aromatisse|100/100 brn|[from] item: Leftovers
|-damage|p1a: Aromatisse|94/100 brn|[from] brn
|upkeep
|turn|41
|
|move|p1a: Aromatisse|Calm Mind|p1a: Aromatisse
|-boost|p1a: Aromatisse|spa|1
|-boost|p1a: Aromatisse|spd|1
|move|p2a: Aromatisse|Trick Room|p2a: Aromatisse
|-fieldstart|move: Trick Room|[of] p2a: Aromatisse
|
|-heal|p1a: Aromatisse|100/100 brn|[from] item: Leftovers
|-damage|p1a: Aromatisse|94/100 brn|[from] brn
|upkeep
|turn|42
|l| Dickooooo
|
|move|p2a: Aromatisse|Encore|p1a: Aromatisse
|-activate|p1a: Aromatisse|ability: Aroma Veil|[of] p1a: Aromatisse
|move|p1a: Aromatisse|Moonblast|p2a: Aromatisse
|-damage|p2a: Aromatisse|44/100
|
|-heal|p2a: Aromatisse|50/100|[from] item: Leftovers
|-heal|p1a: Aromatisse|100/100 brn|[from] item: Leftovers
|-damage|p1a: Aromatisse|94/100 brn|[from] brn
|upkeep
|turn|43
|c|☆Retired Aggron|Man I’m dumb
|j| Dickooooo
|
|move|p2a: Aromatisse|Moonblast|p1a: Aromatisse
|-damage|p1a: Aromatisse|58/100 brn
|-unboost|p1a: Aromatisse|spa|1
|move|p1a: Aromatisse|Moonblast|p2a: Aromatisse
|-damage|p2a: Aromatisse|6/100
|
|-heal|p2a: Aromatisse|12/100|[from] item: Leftovers
|-heal|p1a: Aromatisse|64/100 brn|[from] item: Leftovers
|-damage|p1a: Aromatisse|58/100 brn|[from] brn
|upkeep
|turn|44
|
|move|p2a: Aromatisse|Moonblast|p1a: Aromatisse
|-damage|p1a: Aromatisse|20/100 brn
|-unboost|p1a: Aromatisse|spa|1
|move|p1a: Aromatisse|Wish|p1a: Aromatisse
|
|-heal|p2a: Aromatisse|18/100|[from] item: Leftovers
|-heal|p1a: Aromatisse|26/100 brn|[from] item: Leftovers
|-damage|p1a: Aromatisse|20/100 brn|[from] brn
|upkeep
|turn|45
|
|move|p1a: Aromatisse|Protect|p1a: Aromatisse
|-singleturn|p1a: Aromatisse|Protect
|move|p2a: Aromatisse|Moonblast|p1a: Aromatisse
|-activate|p1a: Aromatisse|move: Protect
|
|-heal|p1a: Aromatisse|70/100 brn|[from] move: Wish|[wisher] Aromatisse
|-heal|p2a: Aromatisse|25/100|[from] item: Leftovers
|-heal|p1a: Aromatisse|76/100 brn|[from] item: Leftovers
|-damage|p1a: Aromatisse|70/100 brn|[from] brn
|-fieldend|move: Trick Room
|upkeep
|turn|46
|
|switch|p2a: Eldegoss|Eldegoss, F|100/100
|move|p1a: Aromatisse|Moonblast|p2a: Eldegoss
|-damage|p2a: Eldegoss|73/100
|
|-heal|p1a: Aromatisse|76/100 brn|[from] item: Leftovers
|-damage|p1a: Aromatisse|70/100 brn|[from] brn
|upkeep
|turn|47
|
|move|p2a: Eldegoss|Leech Seed|p1a: Aromatisse|[miss]
|-miss|p2a: Eldegoss|p1a: Aromatisse
|move|p1a: Aromatisse|Moonblast|p2a: Eldegoss
|-damage|p2a: Eldegoss|43/100
|
|-heal|p1a: Aromatisse|76/100 brn|[from] item: Leftovers
|-damage|p1a: Aromatisse|70/100 brn|[from] brn
|upkeep
|turn|48
|
|move|p2a: Eldegoss|Leech Seed|p1a: Aromatisse
|-start|p1a: Aromatisse|move: Leech Seed
|move|p1a: Aromatisse|Moonblast|p2a: Eldegoss
|-damage|p2a: Eldegoss|14/100
|
|-heal|p1a: Aromatisse|76/100 brn|[from] item: Leftovers
|-damage|p1a: Aromatisse|64/100 brn|[from] Leech Seed|[of] p2a: Eldegoss
|-heal|p2a: Eldegoss|30/100|[silent]
|-damage|p1a: Aromatisse|58/100 brn|[from] brn
|upkeep
|turn|49
|
|switch|p2a: Jellicent|Jellicent, M|94/100
|move|p1a: Aromatisse|Moonblast|p2a: Jellicent
|-damage|p2a: Jellicent|74/100
|
|-heal|p2a: Jellicent|81/100|[from] item: Leftovers
|-heal|p1a: Aromatisse|64/100 brn|[from] item: Leftovers
|-damage|p1a: Aromatisse|51/100 brn|[from] Leech Seed|[of] p2a: Jellicent
|-heal|p2a: Jellicent|93/100|[silent]
|-damage|p1a: Aromatisse|45/100 brn|[from] brn
|upkeep
|turn|50
|
|switch|p2a: Toxicroak|Toxicroak, M|30/100
|switch|p1a: Goodra|Goodra, M|74/100 brn
|
|-heal|p1a: Goodra|80/100 brn|[from] item: Leftovers
|-damage|p1a: Goodra|74/100 brn|[from] brn
|upkeep
|turn|51
|
|switch|p2a: Aromatisse|Aromatisse, F, shiny|25/100
|move|p1a: Goodra|Earthquake|p2a: Aromatisse
|-damage|p2a: Aromatisse|14/100
|
|-heal|p1a: Goodra|80/100 brn|[from] item: Leftovers
|-heal|p2a: Aromatisse|20/100|[from] item: Leftovers
|-damage|p1a: Goodra|74/100 brn|[from] brn
|upkeep
|turn|52
|
|switch|p1a: Steelix|Steelix, F|28/100
|move|p2a: Aromatisse|Moonblast|p1a: Steelix
|-resisted|p1a: Steelix
|-damage|p1a: Steelix|0 fnt
|faint|p1a: Steelix
|
|-heal|p2a: Aromatisse|27/100|[from] item: Leftovers
|upkeep
|
|switch|p1a: Aromatisse|Aromatisse, M|45/100 brn
|turn|53
|
|switch|p2a: Eldegoss|Eldegoss, F|63/100
|move|p1a: Aromatisse|Calm Mind|p1a: Aromatisse
|-boost|p1a: Aromatisse|spa|1
|-boost|p1a: Aromatisse|spd|1
|
|-heal|p1a: Aromatisse|51/100 brn|[from] item: Leftovers
|-damage|p1a: Aromatisse|45/100 brn|[from] brn
|upkeep
|turn|54
|
|switch|p1a: Goodra|Goodra, M|74/100 brn
|move|p2a: Eldegoss|Leech Seed|p1a: Goodra
|-ability|p1a: Goodra|Sap Sipper|boost
|-boost|p1a: Goodra|atk|1
|
|-heal|p1a: Goodra|80/100 brn|[from] item: Leftovers
|-damage|p1a: Goodra|74/100 brn|[from] brn
|upkeep
|turn|55
|
|switch|p2a: Aromatisse|Aromatisse, F, shiny|27/100
|move|p1a: Goodra|Earthquake|p2a: Aromatisse
|-crit|p2a: Aromatisse
|-damage|p2a: Aromatisse|1/100
|
|-heal|p1a: Goodra|80/100 brn|[from] item: Leftovers
|-heal|p2a: Aromatisse|7/100|[from] item: Leftovers
|-damage|p1a: Goodra|74/100 brn|[from] brn
|upkeep
|turn|56
|
|switch|p2a: Jellicent|Jellicent, M|93/100
|move|p1a: Goodra|Earthquake|p2a: Jellicent
|-damage|p2a: Jellicent|73/100
|-start|p1a: Goodra|Disable|Earthquake|[from] ability: Cursed Body|[of] p2a: Jellicent
|
|-heal|p1a: Goodra|80/100 brn|[from] item: Leftovers
|-heal|p2a: Jellicent|79/100|[from] item: Leftovers
|-damage|p1a: Goodra|74/100 brn|[from] brn
|upkeep
|turn|57
|
|switch|p2a: Aromatisse|Aromatisse, F, shiny|7/100
|move|p1a: Goodra|Curse|p1a: Goodra
|-unboost|p1a: Goodra|spe|1
|-boost|p1a: Goodra|atk|1
|-boost|p1a: Goodra|def|1
|
|-heal|p1a: Goodra|80/100 brn|[from] item: Leftovers
|-heal|p2a: Aromatisse|13/100|[from] item: Leftovers
|-damage|p1a: Goodra|74/100 brn|[from] brn
|upkeep
|turn|58
|
|switch|p1a: Accelgor|Accelgor, F|100/100
|move|p2a: Aromatisse|Moonblast|p1a: Accelgor
|-damage|p1a: Accelgor|27/100
|-unboost|p1a: Accelgor|spa|1
|
|-heal|p2a: Aromatisse|20/100|[from] item: Leftovers
|upkeep
|turn|59
|
|switch|p2a: Jellicent|Jellicent, M|79/100
|move|p1a: Accelgor|Sludge Bomb|p2a: Jellicent
|-resisted|p2a: Jellicent
|-damage|p2a: Jellicent|71/100
|-status|p2a: Jellicent|psn
|
|-heal|p2a: Jellicent|77/100 psn|[from] item: Leftovers
|-damage|p2a: Jellicent|64/100 psn|[from] psn
|upkeep
|turn|60
|
|switch|p1a: Goodra|Goodra, M|74/100 brn
|move|p2a: Jellicent|Hex|p1a: Goodra
|-damage|p1a: Goodra|52/100 brn
|
|-heal|p1a: Goodra|58/100 brn|[from] item: Leftovers
|-heal|p2a: Jellicent|71/100 psn|[from] item: Leftovers
|-damage|p1a: Goodra|52/100 brn|[from] brn
|-damage|p2a: Jellicent|58/100 psn|[from] psn
|upkeep
|turn|61
|
|switch|p2a: Eldegoss|Eldegoss, F|96/100
|move|p1a: Goodra|Curse|p1a: Goodra
|-unboost|p1a: Goodra|spe|1
|-boost|p1a: Goodra|atk|1
|-boost|p1a: Goodra|def|1
|
|-heal|p1a: Goodra|58/100 brn|[from] item: Leftovers
|-damage|p1a: Goodra|52/100 brn|[from] brn
|upkeep
|turn|62
|
|move|p2a: Eldegoss|Aromatherapy|p2a: Eldegoss
|-activate|p2a: Eldegoss|move: Aromatherapy
|-curestatus|p2: Jellicent|psn|[msg]
|move|p1a: Goodra|Curse|p1a: Goodra
|-unboost|p1a: Goodra|spe|1
|-boost|p1a: Goodra|atk|1
|-boost|p1a: Goodra|def|1
|
|-heal|p1a: Goodra|58/100 brn|[from] item: Leftovers
|-damage|p1a: Goodra|52/100 brn|[from] brn
|upkeep
|turn|63
|
|switch|p2a: Aromatisse|Aromatisse, F, shiny|20/100
|move|p1a: Goodra|Earthquake|p2a: Aromatisse
|-damage|p2a: Aromatisse|0 fnt
|faint|p2a: Aromatisse
|
|-heal|p1a: Goodra|58/100 brn|[from] item: Leftovers
|-damage|p1a: Goodra|52/100 brn|[from] brn
|upkeep
|
|switch|p2a: Drampa|Drampa, M|64/100
|turn|64
|
|switch|p1a: Aromatisse|Aromatisse, M|45/100 brn
|move|p2a: Drampa|Dragon Pulse|p1a: Aromatisse
|-immune|p1a: Aromatisse
|
|-heal|p1a: Aromatisse|51/100 brn|[from] item: Leftovers
|-damage|p1a: Aromatisse|45/100 brn|[from] brn
|upkeep
|turn|65
|
|switch|p2a: Eldegoss|Eldegoss, F|100/100
|move|p1a: Aromatisse|Wish|p1a: Aromatisse
|
|-heal|p1a: Aromatisse|51/100 brn|[from] item: Leftovers
|-damage|p1a: Aromatisse|45/100 brn|[from] brn
|upkeep
|turn|66
|
|switch|p2a: Toxicroak|Toxicroak, M|30/100
|move|p1a: Aromatisse|Protect||[still]
|-fail|p1a: Aromatisse
|
|-heal|p1a: Aromatisse|95/100 brn|[from] move: Wish|[wisher] Aromatisse
|-heal|p1a: Aromatisse|100/100 brn|[from] item: Leftovers
|-damage|p1a: Aromatisse|94/100 brn|[from] brn
|upkeep
|turn|67
|
|move|p2a: Toxicroak|Gunk Shot|p1a: Aromatisse
|-supereffective|p1a: Aromatisse
|-damage|p1a: Aromatisse|0 fnt
|-damage|p2a: Toxicroak|20/100|[from] item: Life Orb
|faint|p1a: Aromatisse
|
|upkeep
|
|switch|p1a: Goodra|Goodra, M|52/100 brn
|turn|68
|
|move|p2a: Toxicroak|Drain Punch|p1a: Goodra
|-damage|p1a: Goodra|6/100 brn
|-heal|p2a: Toxicroak|44/100|[from] drain|[of] p1a: Goodra
|-damage|p2a: Toxicroak|34/100|[from] item: Life Orb
|move|p1a: Goodra|Earthquake|p2a: Toxicroak
|-supereffective|p2a: Toxicroak
|-damage|p2a: Toxicroak|2/100
|
|-heal|p1a: Goodra|13/100 brn|[from] item: Leftovers
|-damage|p1a: Goodra|6/100 brn|[from] brn
|upkeep
|turn|69
|
|move|p2a: Toxicroak|Drain Punch|p1a: Goodra
|-damage|p1a: Goodra|0 fnt
|-heal|p2a: Toxicroak|5/100|[from] drain|[of] p1a: Goodra
|-damage|p2a: Toxicroak|0 fnt|[from] item: Life Orb
|faint|p1a: Goodra
|faint|p2a: Toxicroak
|
|upkeep
|-message|monotypewhat forfeited.
|
|win|Retired Aggron
|l|☆monotypewhat
