|j|☆altforlea
|j|☆yung centibro
|player|p1|altforlea|169|1432
|player|p2|yung centibro|1|1431
|teamsize|p1|6
|teamsize|p2|6
|gametype|singles
|gen|8
|tier|[Gen 8] RU
|rated|
|clearpoke
|poke|p1|Xatu, M|
|poke|p1|Pangoro, M|
|poke|p1|Shiftry, M|
|poke|p1|Ninetales, M|
|poke|p1|Torkoal, M|
|poke|p1|Leafeon, F|
|poke|p2|Galvantula, M|
|poke|p2|Sigilyph, F|
|poke|p2|Salazzle, F|
|poke|p2|Drednaw, M|
|poke|p2|Silvally-*|
|poke|p2|Rotom|
|rule|Sleep Clause Mod: Limit one foe put to sleep
|rule|Species Clause: Limit one of each Pokémon
|rule|OHKO Clause: OHKO moves are banned
|rule|Evasion Moves Clause: Evasion moves are banned
|rule|Endless Battle Clause: Forcing endless battles is banned
|rule|HP Percentage Mod: HP is shown in percentages
|rule|Dynamax Clause: You cannot dynamax
|teampreview
|inactive|Battle timer is ON: inactive players will automatically lose when time's up. (requested by altforlea)
|
|start
|switch|p1a: Ninetales|Ninetales, M|100/100
|switch|p2a: Drednaw|Drednaw, M|100/100
|-weather|SunnyDay|[from] ability: Drought|[of] p1a: Ninetales
|turn|1
|
|move|p1a: Ninetales|Solar Beam||[still]
|-prepare|p1a: Ninetales|Solar Beam|p2a: Drednaw
|-anim|p1a: Ninetales|Solar Beam|p2a: Drednaw
|-supereffective|p2a: Drednaw
|-enditem|p2a: Drednaw|Focus Sash
|-damage|p2a: Drednaw|1/100
|move|p2a: Drednaw|Stealth Rock|p1a: Ninetales
|-sidestart|p1: altforlea|move: Stealth Rock
|
|-weather|SunnyDay|[upkeep]
|upkeep
|turn|2
|
|switch|p2a: Salazzle|Salazzle, F|100/100
|move|p1a: Ninetales|Solar Beam||[still]
|-prepare|p1a: Ninetales|Solar Beam|p2a: Salazzle
|-anim|p1a: Ninetales|Solar Beam|p2a: Salazzle
|-resisted|p2a: Salazzle
|-damage|p2a: Salazzle|79/100
|
|-weather|SunnyDay|[upkeep]
|upkeep
|turn|3
|
|switch|p1a: Xatu|Xatu, M|100/100
|-damage|p1a: Xatu|76/100|[from] Stealth Rock
|move|p2a: Salazzle|Sludge Wave|p1a: Xatu
|-damage|p1a: Xatu|19/100
|
|-weather|SunnyDay|[upkeep]
|upkeep
|turn|4
|
|move|p2a: Salazzle|Sludge Wave|p1a: Xatu
|-damage|p1a: Xatu|0 fnt
|faint|p1a: Xatu
|
|-weather|SunnyDay|[upkeep]
|upkeep
|
|switch|p1a: Pangoro|Pangoro, M|100/100
|-damage|p1a: Pangoro|94/100|[from] Stealth Rock
|turn|5
|
|move|p2a: Salazzle|Fire Blast|p1a: Pangoro
|-damage|p1a: Pangoro|0 fnt
|faint|p1a: Pangoro
|
|-weather|none
|upkeep
|c|☆yung centibro|why tho
|c|☆yung centibro|idgi
|c|☆altforlea|didn't think it'd kill
|
|switch|p1a: Ninetales|Ninetales, M|100/100
|-damage|p1a: Ninetales|76/100|[from] Stealth Rock
|-weather|SunnyDay|[from] ability: Drought|[of] p1a: Ninetales
|turn|6
|c|☆yung centibro|well then
|c|☆yung centibro|i'll take it ig
|
|move|p2a: Salazzle|Sludge Wave|p1a: Ninetales
|-damage|p1a: Ninetales|24/100
|move|p1a: Ninetales|Weather Ball|p2a: Salazzle
|-resisted|p2a: Salazzle
|-damage|p2a: Salazzle|0 fnt
|faint|p2a: Salazzle
|
|-weather|SunnyDay|[upkeep]
|upkeep
|inactive|yung centibro has 120 seconds left.
|
|switch|p2a: Galvantula|Galvantula, M|100/100
|turn|7
|
|move|p2a: Galvantula|Bug Buzz|p1a: Ninetales
|-resisted|p1a: Ninetales
|-damage|p1a: Ninetales|0 fnt
|-damage|p2a: Galvantula|91/100|[from] item: Life Orb
|faint|p1a: Ninetales
|
|-weather|SunnyDay|[upkeep]
|upkeep
|
|switch|p1a: Shiftry|Shiftry, M|100/100
|-damage|p1a: Shiftry|88/100|[from] Stealth Rock
|turn|8
|inactive|yung centibro has 90 seconds left.
|
|switch|p2a: Drednaw|Drednaw, M|1/100
|move|p1a: Shiftry|Heat Wave|p2a: Drednaw
|-resisted|p2a: Drednaw
|-damage|p2a: Drednaw|0 fnt
|-damage|p1a: Shiftry|78/100|[from] item: Life Orb
|faint|p2a: Drednaw
|
|-weather|SunnyDay|[upkeep]
|upkeep
|
|switch|p2a: Silvally|Silvally-Steel|100/100
|turn|9
|
|move|p1a: Shiftry|Heat Wave|p2a: Silvally
|-supereffective|p2a: Silvally
|-damage|p2a: Silvally|17/100
|-damage|p1a: Shiftry|68/100|[from] item: Life Orb
|move|p2a: Silvally|Multi-Attack|p1a: Shiftry
|-damage|p1a: Shiftry|0 fnt
|faint|p1a: Shiftry
|
|-weather|SunnyDay|[upkeep]
|upkeep
|
|switch|p1a: Leafeon|Leafeon, F|100/100
|-damage|p1a: Leafeon|88/100|[from] Stealth Rock
|turn|10
|
|move|p1a: Leafeon|Solar Blade||[still]
|-prepare|p1a: Leafeon|Solar Blade|p2a: Silvally
|-anim|p1a: Leafeon|Solar Blade|p2a: Silvally
|-resisted|p2a: Silvally
|-damage|p2a: Silvally|0 fnt
|-damage|p1a: Leafeon|78/100|[from] item: Life Orb
|faint|p2a: Silvally
|
|-weather|none
|upkeep
|inactive|yung centibro has 90 seconds left.
|
|switch|p2a: Rotom|Rotom|100/100
|turn|11
|
|switch|p1a: Torkoal|Torkoal, M|100/100
|-damage|p1a: Torkoal|76/100|[from] Stealth Rock
|-weather|SunnyDay|[from] ability: Drought|[of] p1a: Torkoal
|move|p2a: Rotom|Substitute|p2a: Rotom
|-start|p2a: Rotom|Substitute
|-damage|p2a: Rotom|76/100
|
|-weather|SunnyDay|[upkeep]
|upkeep
|turn|12
|
|move|p2a: Rotom|Nasty Plot|p2a: Rotom
|-boost|p2a: Rotom|spa|2
|move|p1a: Torkoal|Lava Plume|p2a: Rotom
|-end|p2a: Rotom|Substitute
|
|-weather|SunnyDay|[upkeep]
|upkeep
|turn|13
|
|move|p2a: Rotom|Substitute|p2a: Rotom
|-start|p2a: Rotom|Substitute
|-damage|p2a: Rotom|51/100
|move|p1a: Torkoal|Lava Plume|p2a: Rotom
|-end|p2a: Rotom|Substitute
|
|-weather|SunnyDay|[upkeep]
|upkeep
|turn|14
|
|move|p2a: Rotom|Substitute|p2a: Rotom
|-start|p2a: Rotom|Substitute
|-damage|p2a: Rotom|26/100
|move|p1a: Torkoal|Lava Plume|p2a: Rotom
|-end|p2a: Rotom|Substitute
|
|-weather|SunnyDay|[upkeep]
|upkeep
|turn|15
|
|move|p2a: Rotom|Substitute|p2a: Rotom
|-start|p2a: Rotom|Substitute
|-damage|p2a: Rotom|1/100
|-enditem|p2a: Rotom|Salac Berry|[eat]
|-boost|p2a: Rotom|spe|1
|move|p1a: Torkoal|Lava Plume|p2a: Rotom
|-end|p2a: Rotom|Substitute
|
|-weather|SunnyDay|[upkeep]
|upkeep
|turn|16
|
|move|p2a: Rotom|Thunderbolt|p1a: Torkoal
|-damage|p1a: Torkoal|0 fnt
|faint|p1a: Torkoal
|
|-weather|SunnyDay|[upkeep]
|upkeep
|
|switch|p1a: Leafeon|Leafeon, F|78/100
|-damage|p1a: Leafeon|66/100|[from] Stealth Rock
|turn|17
|
|move|p1a: Leafeon|Solar Blade||[still]
|-prepare|p1a: Leafeon|Solar Blade|p2a: Rotom
|-anim|p1a: Leafeon|Solar Blade|p2a: Rotom
|-damage|p2a: Rotom|0 fnt
|-damage|p1a: Leafeon|56/100|[from] item: Life Orb
|faint|p2a: Rotom
|
|-weather|SunnyDay|[upkeep]
|upkeep
|
|switch|p2a: Sigilyph|Sigilyph, F|100/100
|turn|18
|c|☆altforlea|gg
|c|☆yung centibro|gg
|
|move|p1a: Leafeon|Solar Blade||[still]
|-prepare|p1a: Leafeon|Solar Blade|p2a: Sigilyph
|-anim|p1a: Leafeon|Solar Blade|p2a: Sigilyph
|-resisted|p2a: Sigilyph
|-damage|p2a: Sigilyph|37/100
|-damage|p1a: Leafeon|46/100|[from] item: Life Orb
|move|p2a: Sigilyph|Psyshock|p1a: Leafeon
|-damage|p1a: Leafeon|1/100
|
|-weather|none
|upkeep
|turn|19
|
|move|p2a: Sigilyph|Psyshock|p1a: Leafeon
|-damage|p1a: Leafeon|0 fnt
|faint|p1a: Leafeon
|
|win|yung centibro
|l|☆altforlea
|raw|altforlea's rating: 1405 &rarr; <strong>1387</strong><br />(-18 for losing)
|raw|yung centibro's rating: 1431 &rarr; <strong>1450</strong><br />(+19 for winning)
