|j|☆critmonger
|j|☆Tester482
|t:|1628699746
|gametype|singles
|player|p1|critmonger|roughneck|1349
|player|p2|Tester482|wattson|1428
|teamsize|p1|6
|teamsize|p2|6
|gen|8
|tier|[Gen 8] RU
|rated|
|rule|Sleep Clause Mod: Limit one foe put to sleep
|rule|Species Clause: Limit one of each Pokémon
|rule|OHKO Clause: OHKO moves are banned
|rule|Evasion Moves Clause: Evasion moves are banned
|rule|Endless Battle Clause: Forcing endless battles is banned
|rule|HP Percentage Mod: HP is shown in percentages
|rule|Dynamax Clause: You cannot dynamax
|clearpoke
|poke|p1|Rotom-Mow|
|poke|p1|Kingdra, F|
|poke|p1|Barraskewda, F|
|poke|p1|Politoed, M|
|poke|p1|Steelix, F|
|poke|p1|Bewear, M|
|poke|p2|Morpeko, F|
|poke|p2|Arcanine, F|
|poke|p2|Drifblim, M|
|poke|p2|Noivern, F|
|poke|p2|Cobalion|
|poke|p2|Mudsdale, F|
|teampreview
|
|t:|1628699807
|start
|switch|p1a: Politoed|Politoed, M|100/100
|switch|p2a: Noivern|Noivern, F|100/100
|-weather|RainDance|[from] ability: Drizzle|[of] p1a: Politoed
|turn|1
|
|t:|1628699814
|switch|p1a: Steelix|Steelix, F, shiny|100/100
|move|p2a: Noivern|Hurricane|p1a: Steelix
|-resisted|p1a: Steelix
|-damage|p1a: Steelix|71/100
|
|-weather|RainDance|[upkeep]
|-heal|p1a: Steelix|77/100|[from] item: Leftovers
|upkeep
|turn|2
|
|t:|1628699820
|switch|p2a: Cobalion|Cobalion|100/100
|move|p1a: Steelix|Protect||[still]
|-fail|p1a: Steelix
|
|-weather|RainDance|[upkeep]
|-heal|p1a: Steelix|83/100|[from] item: Leftovers
|upkeep
|turn|3
|
|t:|1628699824
|move|p2a: Cobalion|Stealth Rock|p1a: Steelix
|-sidestart|p1: critmonger|move: Stealth Rock
|move|p1a: Steelix|Stealth Rock|p2a: Cobalion
|-sidestart|p2: Tester482|move: Stealth Rock
|
|-weather|RainDance|[upkeep]
|-heal|p1a: Steelix|89/100|[from] item: Leftovers
|upkeep
|turn|4
|
|t:|1628699828
|move|p2a: Cobalion|Close Combat|p1a: Steelix
|-supereffective|p1a: Steelix
|-damage|p1a: Steelix|39/100
|-unboost|p2a: Cobalion|def|1
|-unboost|p2a: Cobalion|spd|1
|move|p1a: Steelix|Earthquake|p2a: Cobalion
|-supereffective|p2a: Cobalion
|-damage|p2a: Cobalion|26/100
|
|-weather|RainDance|[upkeep]
|-heal|p2a: Cobalion|32/100|[from] item: Leftovers
|-heal|p1a: Steelix|45/100|[from] item: Leftovers
|upkeep
|turn|5
|
|t:|1628699832
|move|p1a: Steelix|Protect|p1a: Steelix
|-singleturn|p1a: Steelix|Protect
|move|p2a: Cobalion|Close Combat|p1a: Steelix
|-activate|p1a: Steelix|move: Protect
|
|-weather|RainDance|[upkeep]
|-heal|p2a: Cobalion|38/100|[from] item: Leftovers
|-heal|p1a: Steelix|51/100|[from] item: Leftovers
|upkeep
|turn|6
|
|t:|1628699841
|move|p2a: Cobalion|Close Combat|p1a: Steelix
|-supereffective|p1a: Steelix
|-damage|p1a: Steelix|4/100
|-unboost|p2a: Cobalion|def|1
|-unboost|p2a: Cobalion|spd|1
|move|p1a: Steelix|Earthquake|p2a: Cobalion
|-supereffective|p2a: Cobalion
|-damage|p2a: Cobalion|0 fnt
|faint|p2a: Cobalion
|
|-weather|RainDance|[upkeep]
|-heal|p1a: Steelix|10/100|[from] item: Leftovers
|upkeep
|
|t:|1628699846
|switch|p2a: Morpeko|Morpeko, F|100/100
|-damage|p2a: Morpeko|88/100|[from] Stealth Rock
|turn|7
|
|t:|1628699854
|move|p1a: Steelix|Protect|p1a: Steelix
|-singleturn|p1a: Steelix|Protect
|move|p2a: Morpeko|Crunch|p1a: Steelix
|-activate|p1a: Steelix|move: Protect
|
|-weather|RainDance|[upkeep]
|-heal|p1a: Steelix|16/100|[from] item: Leftovers
|-formechange|p2a: Morpeko|Morpeko-Hangry||[from] ability: Hunger Switch
|upkeep
|turn|8
|
|t:|1628699861
|move|p2a: Morpeko|Aura Wheel|p1a: Steelix
|-damage|p1a: Steelix|0 fnt
|-boost|p2a: Morpeko|spe|1
|faint|p1a: Steelix
|-damage|p2a: Morpeko|78/100|[from] item: Life Orb
|
|-weather|none
|-formechange|p2a: Morpeko|Morpeko||[from] ability: Hunger Switch
|upkeep
|
|t:|1628699864
|switch|p1a: Politoed|Politoed, M|100/100
|-damage|p1a: Politoed|88/100|[from] Stealth Rock
|-weather|RainDance|[from] ability: Drizzle|[of] p1a: Politoed
|turn|9
|
|t:|1628699869
|switch|p1a: Bewear|Bewear, M|100/100
|-damage|p1a: Bewear|94/100|[from] Stealth Rock
|move|p2a: Morpeko|Aura Wheel|p1a: Bewear
|-damage|p1a: Bewear|33/100
|-boost|p2a: Morpeko|spe|1
|-damage|p2a: Morpeko|69/100|[from] item: Life Orb
|
|-weather|RainDance|[upkeep]
|-formechange|p2a: Morpeko|Morpeko-Hangry||[from] ability: Hunger Switch
|upkeep
|turn|10
|
|t:|1628699878
|move|p2a: Morpeko|Protect|p2a: Morpeko
|-singleturn|p2a: Morpeko|Protect
|move|p1a: Bewear|Close Combat|p2a: Morpeko
|-activate|p2a: Morpeko|move: Protect
|
|-weather|RainDance|[upkeep]
|-formechange|p2a: Morpeko|Morpeko||[from] ability: Hunger Switch
|upkeep
|turn|11
|
|t:|1628699884
|move|p2a: Morpeko|Aura Wheel|p1a: Bewear
|-damage|p1a: Bewear|0 fnt
|-boost|p2a: Morpeko|spe|1
|faint|p1a: Bewear
|-damage|p2a: Morpeko|59/100|[from] item: Life Orb
|
|-weather|RainDance|[upkeep]
|-formechange|p2a: Morpeko|Morpeko-Hangry||[from] ability: Hunger Switch
|upkeep
|
|t:|1628699886
|switch|p1a: Barraskewda|Barraskewda, F|100/100
|-damage|p1a: Barraskewda|88/100|[from] Stealth Rock
|turn|12
|
|t:|1628699903
|move|p2a: Morpeko|Protect|p2a: Morpeko
|-singleturn|p2a: Morpeko|Protect
|move|p1a: Barraskewda|Liquidation|p2a: Morpeko
|-activate|p2a: Morpeko|move: Protect
|
|-weather|RainDance|[upkeep]
|-formechange|p2a: Morpeko|Morpeko||[from] ability: Hunger Switch
|upkeep
|turn|13
|
|t:|1628699951
|move|p2a: Morpeko|Aura Wheel|p1a: Barraskewda
|-supereffective|p1a: Barraskewda
|-damage|p1a: Barraskewda|0 fnt
|-boost|p2a: Morpeko|spe|1
|faint|p1a: Barraskewda
|-damage|p2a: Morpeko|49/100|[from] item: Life Orb
|
|-weather|RainDance|[upkeep]
|-formechange|p2a: Morpeko|Morpeko-Hangry||[from] ability: Hunger Switch
|upkeep
|j| Jorgeta57
|
|t:|1628699954
|switch|p1a: Rotom|Rotom-Mow|100/100
|-damage|p1a: Rotom|88/100|[from] Stealth Rock
|turn|14
|
|t:|1628699960
|move|p2a: Morpeko|Aura Wheel|p1a: Rotom
|-damage|p1a: Rotom|29/100
|-boost|p2a: Morpeko|spe|1
|-damage|p2a: Morpeko|39/100|[from] item: Life Orb
|move|p1a: Rotom|Leaf Storm|p2a: Morpeko
|-damage|p2a: Morpeko|0 fnt
|-unboost|p1a: Rotom|spa|2
|faint|p2a: Morpeko
|
|-weather|RainDance|[upkeep]
|upkeep
|l| Jorgeta57
|
|t:|1628699974
|switch|p2a: Drifblim|Drifblim, M|100/100
|-damage|p2a: Drifblim|75/100|[from] Stealth Rock
|turn|15
|
|t:|1628699978
|move|p1a: Rotom|Volt Switch|p2a: Drifblim
|-supereffective|p2a: Drifblim
|-damage|p2a: Drifblim|46/100
|-enditem|p2a: Drifblim|Sitrus Berry|[eat]
|-heal|p2a: Drifblim|71/100|[from] item: Sitrus Berry
|
|t:|1628699983
|switch|p1a: Kingdra|Kingdra, F|100/100|[from]move: Volt Switch
|-damage|p1a: Kingdra|88/100|[from] Stealth Rock
|move|p2a: Drifblim|Hex|p1a: Kingdra
|-damage|p1a: Kingdra|56/100
|
|-weather|RainDance|[upkeep]
|upkeep
|turn|16
|
|t:|1628699987
|move|p1a: Kingdra|Surf|p2a: Drifblim
|-damage|p2a: Drifblim|0 fnt
|faint|p2a: Drifblim
|-damage|p1a: Kingdra|46/100|[from] item: Life Orb
|
|-weather|none
|upkeep
|
|t:|1628699996
|switch|p2a: Noivern|Noivern, F|100/100
|-damage|p2a: Noivern|75/100|[from] Stealth Rock
|turn|17
|
|t:|1628700000
|switch|p1a: Politoed|Politoed, M|88/100
|-damage|p1a: Politoed|75/100|[from] Stealth Rock
|-weather|RainDance|[from] ability: Drizzle|[of] p1a: Politoed
|move|p2a: Noivern|Dragon Pulse|p1a: Politoed
|-damage|p1a: Politoed|28/100
|
|-weather|RainDance|[upkeep]
|upkeep
|turn|18
|
|t:|1628700006
|move|p2a: Noivern|Dragon Pulse|p1a: Politoed
|-damage|p1a: Politoed|0 fnt
|faint|p1a: Politoed
|
|-weather|RainDance|[upkeep]
|upkeep
|
|t:|1628700008
|switch|p1a: Kingdra|Kingdra, F|46/100
|-damage|p1a: Kingdra|34/100|[from] Stealth Rock
|turn|19
|
|t:|1628700012
|switch|p2a: Mudsdale|Mudsdale, F|100/100
|-damage|p2a: Mudsdale|94/100|[from] Stealth Rock
|move|p1a: Kingdra|Draco Meteor|p2a: Mudsdale
|-damage|p2a: Mudsdale|41/100
|-unboost|p1a: Kingdra|spa|2
|-ability|p2a: Mudsdale|Stamina|boost
|-boost|p2a: Mudsdale|def|1
|-damage|p1a: Kingdra|24/100|[from] item: Life Orb
|
|-weather|RainDance|[upkeep]
|upkeep
|turn|20
|
|t:|1628700018
|move|p1a: Kingdra|Surf|p2a: Mudsdale
|-supereffective|p2a: Mudsdale
|-damage|p2a: Mudsdale|0 fnt
|faint|p2a: Mudsdale
|-damage|p1a: Kingdra|14/100|[from] item: Life Orb
|
|-weather|RainDance|[upkeep]
|upkeep
|
|t:|1628700020
|switch|p2a: Arcanine|Arcanine, F|100/100
|-ability|p2a: Arcanine|Intimidate|boost
|-unboost|p1a: Kingdra|atk|1
|turn|21
|
|t:|1628700026
|move|p2a: Arcanine|Extreme Speed|p1a: Kingdra
|-damage|p1a: Kingdra|0 fnt
|faint|p1a: Kingdra
|
|-weather|RainDance|[upkeep]
|upkeep
|
|t:|1628700028
|switch|p1a: Rotom|Rotom-Mow|29/100
|-damage|p1a: Rotom|17/100|[from] Stealth Rock
|turn|22
|
|t:|1628700032
|move|p2a: Arcanine|Extreme Speed|p1a: Rotom
|-damage|p1a: Rotom|0 fnt
|faint|p1a: Rotom
|
|win|Tester482
|raw|critmonger's rating: 1349 &rarr; <strong>1333</strong><br />(-16 for losing)
|raw|Tester482's rating: 1419 &rarr; <strong>1435</strong><br />(+16 for winning)
|l|☆critmonger
|c|☆Tester482|gg
||Ladder isn't responding, score probably updated but might not have (Request timeout).
