|j|☆Its oyster time
|j|☆Feliburn
|t:|1664499724
|gametype|singles
|player|p1|Its oyster time|birdkeeper-gen6|
|player|p2|Feliburn|#feliburn|
|teamsize|p1|6
|teamsize|p2|6
|gen|8
|tier|[Gen 8] RU
|rule|Sleep Clause Mod: Limit one foe put to sleep
|rule|Species Clause: Limit one of each Pokémon
|rule|OHKO Clause: OHKO moves are banned
|rule|Evasion Items Clause: Evasion items are banned
|rule|Evasion Moves Clause: Evasion moves are banned
|rule|Endless Battle Clause: Forcing endless battles is banned
|rule|HP Percentage Mod: HP is shown in percentages
|rule|Dynamax Clause: You cannot dynamax
|clearpoke
|poke|p1|Tsareena, F|
|poke|p1|Cresselia, F|
|poke|p1|Mimikyu, M|
|poke|p1|Seismitoad, F|
|poke|p1|Sneasel, F|
|poke|p1|Polteageist|
|poke|p2|Rhyperior, M|
|poke|p2|Toxicroak, M|
|poke|p2|Celebi|
|poke|p2|Noivern, M|
|poke|p2|Metagross|
|poke|p2|Togekiss, F|
|teampreview
|inactive|Battle timer is ON: inactive players will automatically lose when time's up. (requested by Its oyster time)
|c|☆Feliburn|hf
|c|☆Its oyster time|can u link
|c|☆Its oyster time|/log Its oyster time made this room public.
|inactive|Its oyster time has 270 seconds left.
|inactive|Feliburn has 270 seconds left.
|c|☆Feliburn|that is
|j| Ajna
|c|☆Feliburn|one disgusting fish
|c| Ajna|teapot.
|inactive|Its oyster time has 240 seconds left.
|c|☆Its oyster time|hf
|
|t:|1664499803
|start
|switch|p1a: Cresselia|Cresselia, F|100/100
|switch|p2a: Noivern|Noivern, M|100/100
|turn|1
|
|t:|1664499806
|move|p1a: Cresselia|Ice Beam|p2a: Noivern
|-supereffective|p2a: Noivern
|-damage|p2a: Noivern|0 fnt
|faint|p2a: Noivern
|
|upkeep
|
|t:|1664499809
|switch|p2a: Metagross|Metagross|100/100
|turn|2
|
|t:|1664499814
|switch|p1a: Seismitoad|Seismitoad, F|100/100
|move|p2a: Metagross|Grass Knot|p1a: Seismitoad
|-supereffective|p1a: Seismitoad
|-damage|p1a: Seismitoad|0 fnt
|faint|p1a: Seismitoad
|
|upkeep
|
|t:|1664499823
|switch|p1a: Sneasel|Sneasel, F|100/100
|turn|3
|
|t:|1664499827
|move|p1a: Sneasel|Knock Off|p2a: Metagross
|-supereffective|p2a: Metagross
|-damage|p2a: Metagross|0 fnt
|-enditem|p2a: Metagross|Power Herb|[from] move: Knock Off|[of] p1a: Sneasel
|faint|p2a: Metagross
|
|upkeep
|
|t:|1664499830
|switch|p2a: Toxicroak|Toxicroak, M|100/100
|turn|4
|
|t:|1664499833
|switch|p1a: Cresselia|Cresselia, F|100/100
|move|p2a: Toxicroak|Swords Dance|p2a: Toxicroak
|-boost|p2a: Toxicroak|atk|2
|
|upkeep
|turn|5
|
|t:|1664499836
|move|p1a: Cresselia|Lunar Dance|p1a: Cresselia
|faint|p1a: Cresselia
|move|p2a: Toxicroak|Knock Off|p1: Cresselia|[notarget]
|-fail|p2a: Toxicroak
|
|upkeep
|c|☆Its oyster time|wait
|c|☆Its oyster time|meant to rick
|c|☆Feliburn|nice
|
|t:|1664499848
|switch|p1a: Sneasel|Sneasel, F|100/100
|-heal|p1a: Sneasel|100/100|[from] move: Lunar Dance
|turn|6
|
|t:|1664499852
|move|p1a: Sneasel|Triple Axel|p2a: Toxicroak|[miss]
|-miss|p1a: Sneasel|p2a: Toxicroak
|move|p2a: Toxicroak|Drain Punch|p1a: Sneasel
|-supereffective|p1a: Sneasel
|-damage|p1a: Sneasel|0 fnt
|faint|p1a: Sneasel
|
|upkeep
|
|t:|1664499864
|switch|p1a: Mimikyu|Mimikyu, M|100/100
|turn|7
|
|t:|1664499888
|move|p1a: Mimikyu|Shadow Claw|p2a: Toxicroak
|-damage|p2a: Toxicroak|42/100
|-damage|p1a: Mimikyu|91/100|[from] item: Life Orb
|move|p2a: Toxicroak|Knock Off|p1a: Mimikyu
|-activate|p1a: Mimikyu|ability: Disguise
|-damage|p1a: Mimikyu|91/100
|-enditem|p1a: Mimikyu|Life Orb|[from] move: Knock Off|[of] p2a: Toxicroak
|detailschange|p1a: Mimikyu|Mimikyu-Busted, M
|-damage|p1a: Mimikyu|78/100|[from] pokemon: Mimikyu-Busted
|
|upkeep
|turn|8
|
|t:|1664499893
|move|p1a: Mimikyu|Shadow Claw|p2a: Toxicroak
|-damage|p2a: Toxicroak|0 fnt
|faint|p2a: Toxicroak
|
|upkeep
|j|@EviGaro
|
|t:|1664499899
|switch|p2a: Rhyperior|Rhyperior, M|100/100
|turn|9
|
|t:|1664499904
|move|p1a: Mimikyu|Shadow Claw|p2a: Rhyperior
|-damage|p2a: Rhyperior|82/100
|move|p2a: Rhyperior|Stealth Rock|p1a: Mimikyu
|-sidestart|p1: Its oyster time|move: Stealth Rock
|
|-heal|p2a: Rhyperior|88/100|[from] item: Leftovers
|upkeep
|turn|10
|
|t:|1664499907
|move|p1a: Mimikyu|Shadow Claw|p2a: Rhyperior
|-damage|p2a: Rhyperior|70/100
|move|p2a: Rhyperior|Earthquake|p1a: Mimikyu
|-damage|p1a: Mimikyu|0 fnt
|faint|p1a: Mimikyu
|
|-heal|p2a: Rhyperior|76/100|[from] item: Leftovers
|upkeep
|
|t:|1664499911
|switch|p1a: Polteageist|Polteageist|100/100
|-damage|p1a: Polteageist|88/100|[from] Stealth Rock
|turn|11
|
|t:|1664499915
|move|p1a: Polteageist|Strength Sap|p2a: Rhyperior
|-unboost|p2a: Rhyperior|atk|1
|-heal|p1a: Polteageist|100/100
|move|p2a: Rhyperior|Earthquake|p1a: Polteageist
|-crit|p1a: Polteageist
|-damage|p1a: Polteageist|0 fnt
|faint|p1a: Polteageist
|
|-heal|p2a: Rhyperior|82/100|[from] item: Leftovers
|upkeep
|c|☆Feliburn|I robbed this af but
|c|☆Feliburn|karma for cheese..
|c| Ajna|this was
|c| Ajna|the worst game
|c| Ajna|ever
|c| Ajna|LMAOO
|c|☆Feliburn|LOL
|inactive|Its oyster time has 270 seconds left.
|
|t:|1664499954
|switch|p1a: Tsareena|Tsareena, F|100/100
|turn|12
|
|t:|1664499965
|switch|p2a: Togekiss|Togekiss, F|100/100
|move|p1a: Tsareena|Rapid Spin|p2a: Togekiss
|-damage|p2a: Togekiss|84/100
|-boost|p1a: Tsareena|spe|1
|-sideend|p1: Its oyster time|Stealth Rock|[from] move: Rapid Spin|[of] p1a: Tsareena
|
|upkeep
|turn|13
|
|t:|1664499969
|move|p2a: Togekiss|Air Slash|p1a: Tsareena
|-supereffective|p1a: Tsareena
|-damage|p1a: Tsareena|29/100
|move|p1a: Tsareena|Triple Axel|p2a: Togekiss
|-supereffective|p2a: Togekiss
|-damage|p2a: Togekiss|71/100
|-supereffective|p2a: Togekiss
|-damage|p2a: Togekiss|45/100
|-supereffective|p2a: Togekiss
|-damage|p2a: Togekiss|9/100
|-hitcount|p2a: Togekiss|3
|
|upkeep
|turn|14
|
|t:|1664499973
|move|p2a: Togekiss|Air Slash|p1a: Tsareena
|-supereffective|p1a: Tsareena
|-damage|p1a: Tsareena|0 fnt
|faint|p1a: Tsareena
|
|win|Feliburn
|c|☆Feliburn|gg
