|j|☆ILoveVileplume
|j|☆heyguylifeiscool
|inactive|Battle timer is ON: inactive players will automatically lose when time's up.
|t:|1607526192
|player|p1|ILoveVileplume|aromalady|
|player|p2|heyguylifeiscool|pokefan|
|teamsize|p1|6
|teamsize|p2|6
|gametype|singles
|gen|8
|tier|[Gen 8] RU
|rated|Tournament battle
|clearpoke
|poke|p1|Zarude|
|poke|p1|Raikou|
|poke|p1|Metagross|
|poke|p1|Suicune|
|poke|p1|Togekiss, F|
|poke|p1|Diggersby, F|
|poke|p2|Torkoal, F|
|poke|p2|Xatu, F|
|poke|p2|Charizard, F|
|poke|p2|Porygon2|
|poke|p2|Darmanitan, M|
|poke|p2|Shiftry, M|
|rule|Sleep Clause Mod: Limit one foe put to sleep
|rule|Species Clause: Limit one of each Pokémon
|rule|OHKO Clause: OHKO moves are banned
|rule|Evasion Moves Clause: Evasion moves are banned
|rule|Endless Battle Clause: Forcing endless battles is banned
|rule|HP Percentage Mod: HP is shown in percentages
|rule|Dynamax Clause: You cannot dynamax
|teampreview
|c|☆heyguylifeiscool|hf
|
|t:|1607526215
|start
|switch|p1a: Suicune|Suicune|100/100
|switch|p2a: Darmanitan|Darmanitan, M|100/100
|-ability|p1a: Suicune|Pressure
|turn|1
|inactive|heyguylifeiscool has 120 seconds left.
|
|t:|1607526270
|move|p2a: Darmanitan|Trick|p1a: Suicune
|-activate|p2a: Darmanitan|move: Trick|[of] p1a: Suicune
|-item|p1a: Suicune|Choice Band|[from] move: Trick
|-item|p2a: Darmanitan|Leftovers|[from] move: Trick
|move|p1a: Suicune|Substitute|p1a: Suicune
|-start|p1a: Suicune|Substitute
|-damage|p1a: Suicune|75/100
|
|upkeep
|turn|2
|
|t:|1607526284
|move|p2a: Darmanitan|U-turn|p1a: Suicune
|-activate|p1a: Suicune|move: Substitute|[damage]
|
|t:|1607526289
|switch|p2a: Porygon2|Porygon2|100/100|[from]move: U-turn
|-ability|p2a: Porygon2|Pressure|[from] ability: Trace|[of] p1a: Suicune
|-ability|p2a: Porygon2|Pressure
|move|p1a: Suicune|Substitute|p1a: Suicune
|-fail|p1a: Suicune|move: Substitute
|
|upkeep
|turn|3
|
|t:|1607526301
|switch|p1a: Metagross|Metagross|100/100
|move|p2a: Porygon2|Teleport|p2a: Porygon2
|
|t:|1607526309
|switch|p2a: Torkoal|Torkoal, F|100/100|[from]move: Teleport
|-weather|SunnyDay|[from] ability: Drought|[of] p2a: Torkoal
|
|-weather|SunnyDay|[upkeep]
|upkeep
|turn|4
|
|t:|1607526324
|switch|p2a: Charizard|Charizard, F|100/100
|move|p1a: Metagross|Stealth Rock|p2a: Charizard
|-sidestart|p2: heyguylifeiscool|move: Stealth Rock
|
|-weather|SunnyDay|[upkeep]
|-damage|p2a: Charizard|88/100|[from] ability: Solar Power|[of] p2a: Charizard
|upkeep
|turn|5
|
|t:|1607526340
|switch|p1a: Suicune|Suicune|75/100
|-ability|p1a: Suicune|Pressure
|move|p2a: Charizard|Weather Ball|p1a: Suicune
|-resisted|p1a: Suicune
|-damage|p1a: Suicune|19/100
|
|-weather|SunnyDay|[upkeep]
|-damage|p2a: Charizard|76/100|[from] ability: Solar Power|[of] p2a: Charizard
|upkeep
|turn|6
|
|t:|1607526349
|move|p2a: Charizard|Weather Ball|p1a: Suicune
|-resisted|p1a: Suicune
|-crit|p1a: Suicune
|-damage|p1a: Suicune|0 fnt
|faint|p1a: Suicune
|
|-weather|SunnyDay|[upkeep]
|-damage|p2a: Charizard|63/100|[from] ability: Solar Power|[of] p2a: Charizard
|upkeep
|
|t:|1607526356
|switch|p1a: Raikou|Raikou|100/100
|-ability|p1a: Raikou|Pressure
|turn|7
|inactive|heyguylifeiscool has 120 seconds left.
|
|t:|1607526369
|switch|p2a: Porygon2|Porygon2|100/100
|-damage|p2a: Porygon2|88/100|[from] Stealth Rock
|-ability|p2a: Porygon2|Pressure|[from] ability: Trace|[of] p1a: Raikou
|-ability|p2a: Porygon2|Pressure
|move|p1a: Raikou|Volt Switch|p2a: Porygon2
|-damage|p2a: Porygon2|72/100
|
|t:|1607526398
|switch|p1a: Metagross|Metagross|100/100|[from]move: Volt Switch
|
|-weather|SunnyDay|[upkeep]
|upkeep
|turn|8
|inactive|heyguylifeiscool has 120 seconds left.
|
|t:|1607526411
|switch|p2a: Charizard|Charizard, F|63/100
|-damage|p2a: Charizard|13/100|[from] Stealth Rock
|move|p1a: Metagross|Meteor Mash|p2a: Charizard
|-resisted|p2a: Charizard
|-damage|p2a: Charizard|0 fnt
|faint|p2a: Charizard
|
|-weather|SunnyDay|[upkeep]
|upkeep
|inactive|heyguylifeiscool has 120 seconds left.
|
|t:|1607526421
|switch|p2a: Darmanitan|Darmanitan, M|100/100
|-damage|p2a: Darmanitan|76/100|[from] Stealth Rock
|turn|9
|
|t:|1607526442
|move|p1a: Metagross|Bullet Punch|p2a: Darmanitan
|-resisted|p2a: Darmanitan
|-damage|p2a: Darmanitan|57/100
|move|p2a: Darmanitan|Flare Blitz|p1a: Metagross
|-supereffective|p1a: Metagross
|-damage|p1a: Metagross|0 fnt
|-damage|p2a: Darmanitan|27/100|[from] Recoil
|faint|p1a: Metagross
|
|-weather|SunnyDay|[upkeep]
|-heal|p2a: Darmanitan|33/100|[from] item: Leftovers
|upkeep
|
|t:|1607526451
|switch|p1a: Raikou|Raikou|100/100
|-ability|p1a: Raikou|Pressure
|turn|10
|inactive|heyguylifeiscool has 120 seconds left.
|
|t:|1607526499
|move|p1a: Raikou|Volt Switch|p2a: Darmanitan
|-damage|p2a: Darmanitan|0 fnt
|faint|p2a: Darmanitan
|
|t:|1607526507
|switch|p1a: Diggersby|Diggersby, F|100/100|[from]move: Volt Switch
|
|-weather|none
|upkeep
|
|t:|1607526512
|switch|p2a: Xatu|Xatu, F|100/100
|-damage|p2a: Xatu|76/100|[from] Stealth Rock
|turn|11
|
|t:|1607526518
|move|p2a: Xatu|Trick|p1a: Diggersby
|-activate|p2a: Xatu|move: Trick|[of] p1a: Diggersby
|-item|p1a: Diggersby|Choice Scarf|[from] move: Trick
|-item|p2a: Xatu|Choice Scarf|[from] move: Trick
|move|p1a: Diggersby|Body Slam|p2a: Xatu
|-damage|p2a: Xatu|8/100
|
|upkeep
|turn|12
|j| Fero Guava
|
|t:|1607526529
|switch|p2a: Torkoal|Torkoal, F|100/100
|-damage|p2a: Torkoal|76/100|[from] Stealth Rock
|-weather|SunnyDay|[from] ability: Drought|[of] p2a: Torkoal
|move|p1a: Diggersby|Body Slam|p2a: Torkoal
|-damage|p2a: Torkoal|48/100
|-status|p2a: Torkoal|par
|
|-weather|SunnyDay|[upkeep]
|upkeep
|turn|13
|
|t:|1607526542
|switch|p1a: Raikou|Raikou|100/100
|-ability|p1a: Raikou|Pressure
|switch|p2a: Xatu|Xatu, F|8/100
|-damage|p2a: Xatu|0 fnt|[from] Stealth Rock
|faint|p2a: Xatu
|
|-weather|SunnyDay|[upkeep]
|upkeep
|
|t:|1607526552
|switch|p2a: Shiftry|Shiftry, M|100/100
|-damage|p2a: Shiftry|88/100|[from] Stealth Rock
|turn|14
|
|t:|1607526557
|move|p2a: Shiftry|Swords Dance|p2a: Shiftry
|-boost|p2a: Shiftry|atk|2
|move|p1a: Raikou|Aura Sphere|p2a: Shiftry
|-supereffective|p2a: Shiftry
|-damage|p2a: Shiftry|3/100
|
|-weather|SunnyDay|[upkeep]
|upkeep
|turn|15
|
|t:|1607526565
|move|p2a: Shiftry|Leaf Blade|p1a: Raikou
|-damage|p1a: Raikou|0 fnt
|-damage|p2a: Shiftry|0 fnt|[from] item: Life Orb
|faint|p1a: Raikou
|faint|p2a: Shiftry
|
|-weather|SunnyDay|[upkeep]
|upkeep
|inactive|heyguylifeiscool has 120 seconds left.
|
|t:|1607526575
|switch|p1a: Diggersby|Diggersby, F|100/100
|switch|p2a: Porygon2|Porygon2|72/100
|-damage|p2a: Porygon2|60/100|[from] Stealth Rock
|-ability|p2a: Porygon2|Huge Power|[from] ability: Trace|[of] p1a: Diggersby
|turn|16
|inactive|heyguylifeiscool has 120 seconds left.
|
|t:|1607526584
|move|p1a: Diggersby|Earthquake|p2a: Porygon2
|-damage|p2a: Porygon2|16/100
|move|p2a: Porygon2|Recover|p2a: Porygon2
|-heal|p2a: Porygon2|66/100
|
|-weather|SunnyDay|[upkeep]
|upkeep
|turn|17
|
|t:|1607526590
|move|p1a: Diggersby|Earthquake|p2a: Porygon2
|-damage|p2a: Porygon2|25/100
|move|p2a: Porygon2|Recover|p2a: Porygon2
|-heal|p2a: Porygon2|75/100
|
|-weather|SunnyDay|[upkeep]
|upkeep
|turn|18
|
|t:|1607526600
|move|p1a: Diggersby|Earthquake|p2a: Porygon2
|-damage|p2a: Porygon2|37/100
|move|p2a: Porygon2|Recover|p2a: Porygon2
|-heal|p2a: Porygon2|87/100
|
|-weather|SunnyDay|[upkeep]
|upkeep
|turn|19
|
|t:|1607526606
|move|p1a: Diggersby|Earthquake|p2a: Porygon2
|-damage|p2a: Porygon2|49/100
|move|p2a: Porygon2|Ice Beam|p1a: Diggersby
|-supereffective|p1a: Diggersby
|-damage|p1a: Diggersby|41/100
|
|-weather|none
|upkeep
|turn|20
|
|t:|1607526614
|move|p1a: Diggersby|Earthquake|p2a: Porygon2
|-damage|p2a: Porygon2|4/100
|move|p2a: Porygon2|Recover|p2a: Porygon2
|-heal|p2a: Porygon2|54/100
|
|upkeep
|turn|21
|
|t:|1607526620
|switch|p1a: Togekiss|Togekiss, F|100/100
|move|p2a: Porygon2|Recover|p2a: Porygon2
|-heal|p2a: Porygon2|100/100
|
|upkeep
|turn|22
|
|t:|1607526629
|move|p1a: Togekiss|Air Slash|p2a: Porygon2
|-damage|p2a: Porygon2|86/100
|cant|p2a: Porygon2|flinch
|
|upkeep
|turn|23
|c|☆heyguylifeiscool|no
|c|☆heyguylifeiscool|plz no
|
|t:|1607526637
|move|p1a: Togekiss|Air Slash|p2a: Porygon2
|-damage|p2a: Porygon2|73/100
|cant|p2a: Porygon2|flinch
|
|upkeep
|turn|24
|
|t:|1607526642
|move|p1a: Togekiss|Air Slash|p2a: Porygon2
|-damage|p2a: Porygon2|58/100
|cant|p2a: Porygon2|flinch
|
|upkeep
|turn|25
|c|☆heyguylifeiscool|nooooooooo
|
|t:|1607526650
|move|p1a: Togekiss|Air Slash|p2a: Porygon2
|-damage|p2a: Porygon2|44/100
|move|p2a: Porygon2|Thunder Wave|p1a: Togekiss
|-status|p1a: Togekiss|par
|
|upkeep
|turn|26
|c|☆heyguylifeiscool|oof
|
|t:|1607526659
|move|p1a: Togekiss|Air Slash|p2a: Porygon2
|-damage|p2a: Porygon2|30/100
|cant|p2a: Porygon2|flinch
|
|upkeep
|turn|27
|c|☆heyguylifeiscool|f
|
|t:|1607526664
|move|p1a: Togekiss|Air Slash|p2a: Porygon2
|-damage|p2a: Porygon2|17/100
|cant|p2a: Porygon2|flinch
|
|upkeep
|turn|28
|c|☆heyguylifeiscool|plz
|
|t:|1607526672
|move|p1a: Togekiss|Air Slash|p2a: Porygon2
|-damage|p2a: Porygon2|2/100
|cant|p2a: Porygon2|flinch
|
|upkeep
|turn|29
|c|☆heyguylifeiscool|: (
|
|t:|1607526679
|move|p1a: Togekiss|Flamethrower|p2a: Porygon2
|-damage|p2a: Porygon2|0 fnt
|faint|p2a: Porygon2
|
|upkeep
|c|☆heyguylifeiscool|unfair
|-message|heyguylifeiscool forfeited.
|
|win|ILoveVileplume
|n|☆ILoveVileplume|ilovevileplume
|n|☆heyguylifeiscool|heyguylifeiscool
|n| Fero Guava|feroguava
