|j|☆Flopua Jet
|j|☆Galileo Glalie 2
|inactive|Battle timer is ON: inactive players will automatically lose when time's up.
|t:|1668208867
|gametype|singles
|player|p1|Flopua Jet|acetrainer-gen7|
|player|p2|Galileo Glalie 2|elesa|
|teamsize|p1|6
|teamsize|p2|6
|gen|8
|tier|[Gen 8] RU
|rated|Tournament battle
|rule|Sleep Clause Mod: Limit one foe put to sleep
|rule|Species Clause: Limit one of each Pokémon
|rule|OHKO Clause: OHKO moves are banned
|rule|Evasion Items Clause: Evasion items are banned
|rule|Evasion Moves Clause: Evasion moves are banned
|rule|Endless Battle Clause: Forcing endless battles is banned
|rule|HP Percentage Mod: HP is shown in percentages
|rule|Dynamax Clause: You cannot dynamax
|clearpoke
|poke|p1|Blastoise, F|
|poke|p1|Mimikyu, F|
|poke|p1|Pincurchin, M|
|poke|p1|Raichu-Alola, M|
|poke|p1|Sneasel, F|
|poke|p1|Tornadus, M|
|poke|p2|Cresselia, F|
|poke|p2|Gastrodon, F|
|poke|p2|Drampa, M|
|poke|p2|Diancie|
|poke|p2|Crobat, M|
|poke|p2|Doublade, M|
|teampreview
|inactive|Flopua Jet also wants the timer to be on.
|c|☆Flopua Jet|hf
|c|☆Flopua Jet|Drampa
|c|☆Galileo Glalie 2|thx u2!
|c|☆Flopua Jet|the goat
|j| LiarFairy≧◡≦
|c|☆Galileo Glalie 2|i saw the poll and i knew i had to use it
|c|☆Flopua Jet|Typcially its on BO with Chople but I agree it excels most under TR
|inactive|Flopua Jet has 120 seconds left.
|inactive|Galileo Glalie 2 has 120 seconds left.
|
|t:|1668208909
|start
|switch|p1a: our nature in love|Sneasel, F|100/100
|switch|p2a: Diancie|Diancie|100/100
|turn|1
|
|t:|1668208918
|move|p1a: our nature in love|Triple Axel|p2a: Diancie
|-damage|p2a: Diancie|94/100
|-damage|p2a: Diancie|79/100
|-damage|p2a: Diancie|61/100
|-hitcount|p2a: Diancie|3
|move|p2a: Diancie|Diamond Storm|p1a: our nature in love|[miss]
|-miss|p2a: Diancie|p1a: our nature in love
|
|-heal|p2a: Diancie|67/100|[from] item: Leftovers
|upkeep
|turn|2
|c|☆Flopua Jet|mb
|
|t:|1668208927
|switch|p1a: Cure For Me|Pincurchin, M|100/100
|-fieldstart|move: Electric Terrain|[from] ability: Electric Surge|[of] p1a: Cure For Me
|move|p2a: Diancie|Diamond Storm|p1a: Cure For Me|[miss]
|-miss|p2a: Diancie|p1a: Cure For Me
|
|-heal|p2a: Diancie|73/100|[from] item: Leftovers
|upkeep
|turn|3
|c|☆Galileo Glalie 2|nah its all good
|
|t:|1668208943
|move|p2a: Diancie|Stealth Rock|p1a: Cure For Me
|-sidestart|p1: Flopua Jet|move: Stealth Rock
|move|p1a: Cure For Me|Spikes|p2a: Diancie
|-sidestart|p2: Galileo Glalie 2|Spikes
|
|-heal|p2a: Diancie|79/100|[from] item: Leftovers
|upkeep
|turn|4
|
|t:|1668208947
|switch|p2a: Drampa|Drampa, M|100/100
|-damage|p2a: Drampa|88/100|[from] Spikes
|move|p1a: Cure For Me|Spikes|p2a: Drampa
|-sidestart|p2: Galileo Glalie 2|Spikes
|
|upkeep
|turn|5
|
|t:|1668208960
|move|p2a: Drampa|Draco Meteor|p1a: Cure For Me
|-damage|p1a: Cure For Me|0 fnt
|-unboost|p2a: Drampa|spa|2
|faint|p1a: Cure For Me
|
|upkeep
|
|t:|1668208963
|switch|p1a: took the love|Blastoise, F|100/100
|-damage|p1a: took the love|88/100|[from] Stealth Rock
|turn|6
|
|t:|1668208967
|move|p1a: took the love|Shell Smash|p1a: took the love
|-unboost|p1a: took the love|def|1
|-unboost|p1a: took the love|spd|1
|-boost|p1a: took the love|atk|2
|-boost|p1a: took the love|spa|2
|-boost|p1a: took the love|spe|2
|-enditem|p1a: took the love|White Herb
|-clearnegativeboost|p1a: took the love|[silent]
|move|p2a: Drampa|Draco Meteor|p1a: took the love
|-damage|p1a: took the love|24/100
|-unboost|p2a: Drampa|spa|2
|
|upkeep
|turn|7
|
|t:|1668208978
|switch|p2a: Gastrodon|Gastrodon, F|100/100
|move|p1a: took the love|Ice Beam|p2a: Gastrodon
|-damage|p2a: Gastrodon|48/100
|
|upkeep
|turn|8
|
|t:|1668208982
|move|p1a: took the love|Ice Beam|p2a: Gastrodon
|-damage|p2a: Gastrodon|0 fnt
|faint|p2a: Gastrodon
|
|upkeep
|
|t:|1668208986
|switch|p2a: Doublade|Doublade, M|100/100
|-damage|p2a: Doublade|84/100|[from] Spikes
|turn|9
|
|t:|1668208989
|move|p2a: Doublade|Shadow Sneak|p1a: took the love
|-damage|p1a: took the love|2/100
|move|p1a: took the love|Surf|p2a: Doublade
|-damage|p2a: Doublade|0 fnt
|faint|p2a: Doublade
|
|-fieldend|move: Electric Terrain
|upkeep
|
|t:|1668208996
|switch|p2a: Cresselia|Cresselia, F|100/100
|turn|10
|
|t:|1668208998
|move|p1a: took the love|Surf|p2a: Cresselia
|-damage|p2a: Cresselia|14/100
|move|p2a: Cresselia|Ice Beam|p1a: took the love
|-resisted|p1a: took the love
|-damage|p1a: took the love|0 fnt
|faint|p1a: took the love
|
|upkeep
|
|t:|1668209005
|switch|p1a: our nature in love|Sneasel, F|100/100
|turn|11
|
|t:|1668209012
|move|p2a: Cresselia|Ice Beam|p1a: our nature in love
|-resisted|p1a: our nature in love
|-damage|p1a: our nature in love|82/100
|move|p1a: our nature in love|Knock Off|p2a: Cresselia
|-supereffective|p2a: Cresselia
|-damage|p2a: Cresselia|0 fnt
|-enditem|p2a: Cresselia|Choice Scarf|[from] move: Knock Off|[of] p1a: our nature in love
|faint|p2a: Cresselia
|
|upkeep
|
|t:|1668209014
|switch|p2a: Diancie|Diancie|79/100
|-damage|p2a: Diancie|63/100|[from] Spikes
|turn|12
|
|t:|1668209026
|move|p1a: our nature in love|Triple Axel|p2a: Diancie
|-damage|p2a: Diancie|56/100
|-damage|p2a: Diancie|43/100
|-damage|p2a: Diancie|22/100
|-hitcount|p2a: Diancie|3
|move|p2a: Diancie|Diamond Storm|p1a: our nature in love
|-supereffective|p1a: our nature in love
|-damage|p1a: our nature in love|0 fnt
|faint|p1a: our nature in love
|
|-heal|p2a: Diancie|28/100|[from] item: Leftovers
|upkeep
|
|t:|1668209031
|switch|p1a: I don't need it|Raichu-Alola, M|100/100
|-damage|p1a: I don't need it|88/100|[from] Stealth Rock
|turn|13
|
|t:|1668209040
|move|p1a: I don't need it|Focus Blast|p2a: Diancie|[miss]
|-miss|p1a: I don't need it|p2a: Diancie
|move|p2a: Diancie|Diamond Storm|p1a: I don't need it
|-damage|p1a: I don't need it|14/100
|-boost|p2a: Diancie|def|2
|
|-heal|p2a: Diancie|34/100|[from] item: Leftovers
|upkeep
|turn|14
|
|t:|1668209044
|move|p1a: I don't need it|Focus Blast|p2a: Diancie
|-damage|p2a: Diancie|7/100
|-damage|p1a: I don't need it|4/100|[from] item: Life Orb
|move|p2a: Diancie|Diamond Storm|p1a: I don't need it
|-damage|p1a: I don't need it|0 fnt
|-boost|p2a: Diancie|def|2
|faint|p1a: I don't need it
|
|-heal|p2a: Diancie|13/100|[from] item: Leftovers
|upkeep
|
|t:|1668209047
|switch|p1a: play with the gods|Tornadus, M|100/100
|-damage|p1a: play with the gods|76/100|[from] Stealth Rock
|turn|15
|
|t:|1668209053
|move|p1a: play with the gods|Superpower|p2a: Diancie
|-damage|p2a: Diancie|2/100
|-unboost|p1a: play with the gods|atk|1
|-unboost|p1a: play with the gods|def|1
|move|p2a: Diancie|Diamond Storm|p1a: play with the gods
|-supereffective|p1a: play with the gods
|-damage|p1a: play with the gods|0 fnt
|-boost|p2a: Diancie|def|2
|faint|p1a: play with the gods
|
|-heal|p2a: Diancie|8/100|[from] item: Leftovers
|upkeep
|
|t:|1668209056
|switch|p1a: arms of yours|Mimikyu, F|100/100
|-damage|p1a: arms of yours|88/100|[from] Stealth Rock
|turn|16
|j|+Umbra Soul
|
|t:|1668209061
|move|p1a: arms of yours|Shadow Claw|p2a: Diancie
|-damage|p2a: Diancie|1/100
|-damage|p1a: arms of yours|78/100|[from] item: Life Orb
|move|p2a: Diancie|Diamond Storm|p1a: arms of yours
|-activate|p1a: arms of yours|ability: Disguise
|-damage|p1a: arms of yours|78/100
|detailschange|p1a: arms of yours|Mimikyu-Busted, F
|-damage|p1a: arms of yours|66/100|[from] pokemon: Mimikyu-Busted
|
|-heal|p2a: Diancie|7/100|[from] item: Leftovers
|upkeep
|turn|17
|
|t:|1668209066
|move|p1a: arms of yours|Shadow Claw|p2a: Diancie
|-damage|p2a: Diancie|0 fnt
|faint|p2a: Diancie
|-damage|p1a: arms of yours|56/100|[from] item: Life Orb
|
|upkeep
|
|t:|1668209073
|switch|p2a: Crobat|Crobat, M|100/100
|turn|18
|
|t:|1668209075
|move|p2a: Crobat|Brave Bird|p1a: arms of yours
|-damage|p1a: arms of yours|0 fnt
|faint|p1a: arms of yours
|-damage|p2a: Crobat|88/100|[from] Recoil
|
|win|Galileo Glalie 2
|n|☆Flopua Jet|flopuajet
|n|☆Galileo Glalie 2|galileoglalie2
|n| LiarFairy≧◡≦|liarfairy
|n|+Umbra Soul|umbrasoul
