|j|☆Albabimam04
|j|☆wishful thinking 1
|t:|1645436639
|gametype|singles
|player|p1|Albabimam04|dawn|1303
|player|p2|wishful thinking 1|2|1517
|teamsize|p1|6
|teamsize|p2|6
|gen|8
|tier|[Gen 8] RU
|rated|
|rule|Sleep Clause Mod: Limit one foe put to sleep
|rule|Species Clause: Limit one of each Pokémon
|rule|OHKO Clause: OHKO moves are banned
|rule|Evasion Moves Clause: Evasion moves are banned
|rule|Endless Battle Clause: Forcing endless battles is banned
|rule|HP Percentage Mod: HP is shown in percentages
|rule|Dynamax Clause: You cannot dynamax
|clearpoke
|poke|p1|Togekiss, F|
|poke|p1|Roserade, F|
|poke|p1|Gardevoir, F|
|poke|p1|Milotic, F|
|poke|p1|Flygon, F|
|poke|p1|Cobalion|
|poke|p2|Heracross, M|
|poke|p2|Celebi|
|poke|p2|Nidoqueen, F|
|poke|p2|Cobalion|
|poke|p2|Mantine, M|
|poke|p2|Reuniclus, F|
|teampreview
|
|t:|1645436672
|start
|switch|p1a: Milotic|Milotic, F|100/100
|switch|p2a: Nidoqueen|Nidoqueen, F|100/100
|turn|1
|
|t:|1645436687
|switch|p2a: Celebi|Celebi|100/100
|move|p1a: Milotic|Scald|p2a: Celebi
|-resisted|p2a: Celebi
|-damage|p2a: Celebi|86/100
|
|upkeep
|turn|2
|
|t:|1645436692
|move|p2a: Celebi|U-turn|p1a: Milotic
|-damage|p1a: Milotic|86/100
|
|t:|1645436710
|switch|p2a: Reuniclus|Reuniclus, F|100/100|[from]move: U-turn
|move|p1a: Milotic|Flip Turn|p2a: Reuniclus
|-damage|p2a: Reuniclus|88/100
|
|t:|1645436723
|switch|p1a: Hapi|Togekiss, F, shiny|100/100|[from]move: Flip Turn
|
|upkeep
|turn|3
|
|t:|1645436730
|move|p1a: Hapi|Nasty Plot|p1a: Hapi
|-boost|p1a: Hapi|spa|2
|move|p2a: Reuniclus|Psyshock|p1a: Hapi
|-damage|p1a: Hapi|42/100
|
|upkeep
|turn|4
|
|t:|1645436742
|move|p1a: Hapi|Air Slash|p2a: Reuniclus
|-damage|p2a: Reuniclus|28/100
|cant|p2a: Reuniclus|flinch
|
|upkeep
|turn|5
|
|t:|1645436751
|switch|p2a: Cobalion|Cobalion|100/100
|move|p1a: Hapi|Flamethrower|p2a: Cobalion
|-supereffective|p2a: Cobalion
|-damage|p2a: Cobalion|0 fnt
|faint|p2a: Cobalion
|
|upkeep
|
|t:|1645436756
|switch|p2a: Heracross|Heracross, M|100/100
|turn|6
|
|t:|1645436764
|switch|p1a: Flygon|Flygon, F|100/100
|move|p2a: Heracross|Stone Edge|p1a: Flygon
|-resisted|p1a: Flygon
|-damage|p1a: Flygon|77/100
|
|-heal|p1a: Flygon|83/100|[from] item: Leftovers
|-status|p2a: Heracross|brn|[from] item: Flame Orb
|upkeep
|turn|7
|
|t:|1645436784
|move|p1a: Flygon|U-turn|p2a: Heracross
|-resisted|p2a: Heracross
|-damage|p2a: Heracross|85/100 brn
|
|t:|1645436795
|switch|p1a: Cobalion|Cobalion|100/100|[from]move: U-turn
|move|p2a: Heracross|Close Combat|p1a: Cobalion
|-supereffective|p1a: Cobalion
|-damage|p1a: Cobalion|0 fnt
|-unboost|p2a: Heracross|def|1
|-unboost|p2a: Heracross|spd|1
|-damage|p2a: Heracross|68/100 brn|[from] item: Rocky Helmet|[of] p1a: Cobalion
|faint|p1a: Cobalion
|
|-damage|p2a: Heracross|62/100 brn|[from] brn
|upkeep
|
|t:|1645436801
|switch|p1a: Gardevoir|Gardevoir, F|100/100
|-ability|p1a: Gardevoir|Guts|[from] ability: Trace|[of] p2a: Heracross
|turn|8
|
|t:|1645436806
|switch|p2a: Mantine|Mantine, M|100/100
|move|p1a: Gardevoir|Psychic|p2a: Mantine
|-damage|p2a: Mantine|75/100
|
|upkeep
|turn|9
|
|t:|1645436816
|switch|p1a: Roserade|Roserade, F|100/100
|switch|p2a: Heracross|Heracross, M|62/100 brn
|
|-damage|p2a: Heracross|56/100 brn|[from] brn
|upkeep
|turn|10
|
|t:|1645436823
|move|p1a: Roserade|Sludge Bomb|p2a: Heracross
|-damage|p2a: Heracross|0 fnt
|faint|p2a: Heracross
|
|upkeep
|
|t:|1645436829
|switch|p2a: Nidoqueen|Nidoqueen, F|100/100
|turn|11
|
|t:|1645436836
|switch|p1a: Milotic|Milotic, F|86/100
|move|p2a: Nidoqueen|Stealth Rock|p1a: Milotic
|-sidestart|p1: Albabimam04|move: Stealth Rock
|
|-heal|p1a: Milotic|92/100|[from] item: Leftovers
|upkeep
|turn|12
|
|t:|1645436840
|switch|p2a: Celebi|Celebi|86/100
|move|p1a: Milotic|Scald|p2a: Celebi
|-resisted|p2a: Celebi
|-damage|p2a: Celebi|72/100
|
|-heal|p1a: Milotic|98/100|[from] item: Leftovers
|upkeep
|turn|13
|
|t:|1645436847
|move|p2a: Celebi|Leaf Blade|p1a: Milotic
|-supereffective|p1a: Milotic
|-damage|p1a: Milotic|34/100
|move|p1a: Milotic|Flip Turn|p2a: Celebi
|-resisted|p2a: Celebi
|-damage|p2a: Celebi|66/100
|
|t:|1645436852
|switch|p1a: Hapi|Togekiss, F, shiny|42/100|[from]move: Flip Turn
|
|upkeep
|turn|14
|
|t:|1645436862
|switch|p2a: Nidoqueen|Nidoqueen, F|100/100
|move|p1a: Hapi|Roost|p1a: Hapi
|-heal|p1a: Hapi|92/100
|-singleturn|p1a: Hapi|move: Roost
|
|upkeep
|turn|15
|
|t:|1645436877
|switch|p1a: Flygon|Flygon, F|83/100
|-damage|p1a: Flygon|77/100|[from] Stealth Rock
|move|p2a: Nidoqueen|Ice Beam|p1a: Flygon
|-supereffective|p1a: Flygon
|-damage|p1a: Flygon|0 fnt
|faint|p1a: Flygon
|
|upkeep
|
|t:|1645436881
|switch|p1a: Gardevoir|Gardevoir, F|100/100
|-damage|p1a: Gardevoir|88/100|[from] Stealth Rock
|-ability|p1a: Gardevoir|Sheer Force|[from] ability: Trace|[of] p2a: Nidoqueen
|turn|16
|
|t:|1645436886
|switch|p2a: Celebi|Celebi|66/100
|move|p1a: Gardevoir|Trick|p2a: Celebi
|-activate|p1a: Gardevoir|move: Trick|[of] p2a: Celebi
|-item|p2a: Celebi|Choice Scarf|[from] move: Trick
|-item|p1a: Gardevoir|Choice Scarf|[from] move: Trick
|
|upkeep
|turn|17
|
|t:|1645436893
|move|p2a: Celebi|U-turn|p1a: Gardevoir
|-damage|p1a: Gardevoir|54/100
|
|t:|1645436897
|switch|p2a: Nidoqueen|Nidoqueen, F|100/100|[from]move: U-turn
|move|p1a: Gardevoir|Mystical Fire|p2a: Nidoqueen
|-damage|p2a: Nidoqueen|65/100
|
|upkeep
|turn|18
|
|t:|1645436918
|move|p1a: Gardevoir|Mystical Fire|p2a: Nidoqueen
|-damage|p2a: Nidoqueen|34/100
|move|p2a: Nidoqueen|Earth Power|p1a: Gardevoir
|-damage|p1a: Gardevoir|0 fnt
|faint|p1a: Gardevoir
|
|upkeep
|
|t:|1645436922
|switch|p1a: Roserade|Roserade, F|100/100
|-damage|p1a: Roserade|88/100|[from] Stealth Rock
|turn|19
|
|t:|1645436929
|move|p1a: Roserade|Giga Drain|p2a: Nidoqueen
|-damage|p2a: Nidoqueen|0 fnt
|-heal|p1a: Roserade|100/100|[from] drain|[of] p2a: Nidoqueen
|faint|p2a: Nidoqueen
|
|upkeep
|
|t:|1645436933
|switch|p2a: Mantine|Mantine, M|75/100
|turn|20
|
|t:|1645436938
|move|p1a: Roserade|Giga Drain|p2a: Mantine
|-damage|p2a: Mantine|55/100
|move|p2a: Mantine|Roost|p2a: Mantine
|-heal|p2a: Mantine|100/100
|-singleturn|p2a: Mantine|move: Roost
|
|upkeep
|turn|21
|
|t:|1645436941
|move|p1a: Roserade|Sludge Bomb|p2a: Mantine
|-damage|p2a: Mantine|73/100
|-status|p2a: Mantine|psn
|move|p2a: Mantine|Scald|p1a: Roserade
|-resisted|p1a: Roserade
|-damage|p1a: Roserade|86/100
|
|-heal|p1a: Roserade|92/100|[from] item: Black Sludge
|-damage|p2a: Mantine|61/100 psn|[from] psn
|upkeep
|turn|22
|
|t:|1645436953
|move|p1a: Roserade|Spikes|p2a: Mantine
|-sidestart|p2: wishful thinking 1|Spikes
|move|p2a: Mantine|Scald|p1a: Roserade
|-resisted|p1a: Roserade
|-damage|p1a: Roserade|78/100
|
|-heal|p1a: Roserade|84/100|[from] item: Black Sludge
|-damage|p2a: Mantine|49/100 psn|[from] psn
|upkeep
|turn|23
|
|t:|1645436959
|move|p1a: Roserade|Giga Drain|p2a: Mantine
|-damage|p2a: Mantine|28/100 psn
|-heal|p1a: Roserade|99/100|[from] drain|[of] p2a: Mantine
|move|p2a: Mantine|Scald|p1a: Roserade
|-resisted|p1a: Roserade
|-damage|p1a: Roserade|83/100
|
|-heal|p1a: Roserade|89/100|[from] item: Black Sludge
|-damage|p2a: Mantine|16/100 psn|[from] psn
|upkeep
|turn|24
|
|t:|1645436963
|move|p1a: Roserade|Giga Drain|p2a: Mantine
|-damage|p2a: Mantine|0 fnt
|-heal|p1a: Roserade|100/100|[from] drain|[of] p2a: Mantine
|faint|p2a: Mantine
|
|upkeep
|
|t:|1645436965
|switch|p2a: Celebi|Celebi|66/100
|-damage|p2a: Celebi|53/100|[from] Spikes
|turn|25
|
|t:|1645436969
|move|p2a: Celebi|Healing Wish|p2a: Celebi
|faint|p2a: Celebi
|move|p1a: Roserade|Sludge Bomb|p2: Celebi|[notarget]
|-fail|p1a: Roserade
|
|upkeep
|
|t:|1645436971
|switch|p2a: Reuniclus|Reuniclus, F|28/100
|-heal|p2a: Reuniclus|100/100|[from] move: Healing Wish
|turn|26
|
|t:|1645436975
|move|p1a: Roserade|Sludge Bomb|p2a: Reuniclus
|-damage|p2a: Reuniclus|62/100
|move|p2a: Reuniclus|Trick Room|p2a: Reuniclus
|-fieldstart|move: Trick Room|[of] p2a: Reuniclus
|
|upkeep
|turn|27
|
|t:|1645436979
|move|p2a: Reuniclus|Psyshock|p1a: Roserade
|-supereffective|p1a: Roserade
|-damage|p1a: Roserade|0 fnt
|faint|p1a: Roserade
|
|upkeep
|
|t:|1645436991
|switch|p1a: Milotic|Milotic, F|34/100
|-damage|p1a: Milotic|21/100|[from] Stealth Rock
|turn|28
|
|t:|1645436994
|move|p2a: Reuniclus|Psyshock|p1a: Milotic
|-damage|p1a: Milotic|0 fnt
|faint|p1a: Milotic
|
|upkeep
|
|t:|1645436997
|switch|p1a: Hapi|Togekiss, F, shiny|92/100
|turn|29
|
|t:|1645437000
|move|p2a: Reuniclus|Psyshock|p1a: Hapi
|-damage|p1a: Hapi|35/100
|move|p1a: Hapi|Roost|p1a: Hapi
|-heal|p1a: Hapi|85/100
|-singleturn|p1a: Hapi|move: Roost
|
|upkeep
|turn|30
|
|t:|1645437004
|move|p2a: Reuniclus|Psyshock|p1a: Hapi
|-damage|p1a: Hapi|32/100
|move|p1a: Hapi|Roost|p1a: Hapi
|-heal|p1a: Hapi|82/100
|-singleturn|p1a: Hapi|move: Roost
|
|-fieldend|move: Trick Room
|upkeep
|turn|31
|
|t:|1645437009
|move|p1a: Hapi|Air Slash|p2a: Reuniclus
|-damage|p2a: Reuniclus|33/100
|cant|p2a: Reuniclus|flinch
|
|upkeep
|turn|32
|
|t:|1645437013
|move|p1a: Hapi|Air Slash|p2a: Reuniclus
|-damage|p2a: Reuniclus|4/100
|move|p2a: Reuniclus|Trick Room|p2a: Reuniclus
|-fieldstart|move: Trick Room|[of] p2a: Reuniclus
|
|upkeep
|turn|33
|
|t:|1645437016
|move|p2a: Reuniclus|Psyshock|p1a: Hapi
|-damage|p1a: Hapi|23/100
|move|p1a: Hapi|Flamethrower|p2a: Reuniclus
|-damage|p2a: Reuniclus|0 fnt
|faint|p2a: Reuniclus
|
|win|Albabimam04
|raw|Albabimam04's rating: 1303 &rarr; <strong>1334</strong><br />(+31 for winning)
|raw|wishful thinking 1's rating: 1517 &rarr; <strong>1486</strong><br />(-31 for losing)
|l|☆wishful thinking 1
