|j|☆Shadowmonstr7
|j|☆rult2at ramo
|t:|1597103058
|player|p1|Shadowmonstr7|backersf|1433
|player|p2|rult2at ramo|guzma|1508
|teamsize|p1|6
|teamsize|p2|6
|gametype|singles
|gen|8
|tier|[Gen 8] RU
|rated|
|clearpoke
|poke|p1|Gardevoir, F|
|poke|p1|Blastoise, F|
|poke|p1|Arcanine, F|
|poke|p1|Scrafty, M|
|poke|p1|Dragalge, F|
|poke|p1|Bronzong|
|poke|p2|Toxicroak, M|
|poke|p2|Rhyperior, F|
|poke|p2|Gardevoir, F|
|poke|p2|Xatu, F|
|poke|p2|Copperajah, M|
|poke|p2|Golisopod, M|
|rule|Sleep Clause Mod: Limit one foe put to sleep
|rule|Species Clause: Limit one of each Pokémon
|rule|OHKO Clause: OHKO moves are banned
|rule|Evasion Moves Clause: Evasion moves are banned
|rule|Endless Battle Clause: Forcing endless battles is banned
|rule|HP Percentage Mod: HP is shown in percentages
|rule|Dynamax Clause: You cannot dynamax
|teampreview
|c|☆Shadowmonstr7|hf
|c|☆rult2at ramo|why are we
|c|☆rult2at ramo|paired
|j| lmyyt
|c|☆Shadowmonstr7|yes
|c|☆rult2at ramo|u have 1450elo
|c|☆rult2at ramo|i have 1060
|c|☆rult2at ramo|ladder is broken
|
|t:|1597103125
|start
|switch|p1a: Bronzong|Bronzong|100/100
|switch|p2a: Copperajah|Copperajah, M|100/100
|turn|1
|
|t:|1597103134
|switch|p2a: Xatu|Xatu, F|100/100
|move|p1a: Bronzong|Body Press|p2a: Xatu
|-resisted|p2a: Xatu
|-damage|p2a: Xatu|96/100
|
|upkeep
|turn|2
|
|t:|1597103144
|switch|p1a: Gardevoir|Gardevoir, F|100/100
|-ability|p1a: Gardevoir|Magic Bounce|[from] ability: Trace|[of] p2a: Xatu
|move|p2a: Xatu|Night Shade|p1a: Gardevoir
|-damage|p1a: Gardevoir|64/100
|
|upkeep
|turn|3
|
|t:|1597103159
|switch|p2a: Copperajah|Copperajah, M|100/100
|move|p1a: Gardevoir|Trick|p2a: Copperajah
|-activate|p1a: Gardevoir|move: Trick|[of] p2a: Copperajah
|-item|p2a: Copperajah|Choice Scarf|[from] move: Trick
|-item|p1a: Gardevoir|Assault Vest|[from] move: Trick
|
|upkeep
|turn|4
|
|t:|1597103170
|switch|p1a: Bronzong|Bronzong|100/100
|move|p2a: Copperajah|Heavy Slam|p1a: Bronzong
|-resisted|p1a: Bronzong
|-damage|p1a: Bronzong|71/100
|
|-heal|p1a: Bronzong|77/100|[from] item: Leftovers
|upkeep
|turn|5
|
|t:|1597103177
|switch|p2a: Xatu|Xatu, F|96/100
|switch|p1a: Gardevoir|Gardevoir, F|64/100
|-ability|p1a: Gardevoir|Magic Bounce|[from] ability: Trace|[of] p2a: Xatu
|
|upkeep
|turn|6
|
|t:|1597103182
|switch|p2a: Copperajah|Copperajah, M|100/100
|move|p1a: Gardevoir|Mystical Fire|p2a: Copperajah
|-supereffective|p2a: Copperajah
|-damage|p2a: Copperajah|48/100
|-unboost|p2a: Copperajah|spa|1
|
|upkeep
|turn|7
|
|t:|1597103189
|switch|p2a: Rhyperior|Rhyperior, F|100/100
|move|p1a: Gardevoir|Mystical Fire|p2a: Rhyperior
|-resisted|p2a: Rhyperior
|-damage|p2a: Rhyperior|87/100
|-unboost|p2a: Rhyperior|spa|1
|
|-heal|p2a: Rhyperior|93/100|[from] item: Leftovers
|upkeep
|turn|8
|
|t:|1597103202
|switch|p1a: Blastoise|Blastoise, F|100/100
|move|p2a: Rhyperior|Stealth Rock|p1a: Blastoise
|-sidestart|p1: Shadowmonstr7|move: Stealth Rock
|
|-heal|p2a: Rhyperior|99/100|[from] item: Leftovers
|upkeep
|turn|9
|
|t:|1597103209
|switch|p2a: Xatu|Xatu, F|96/100
|move|p1a: Blastoise|Rapid Spin|p2a: Xatu
|-damage|p2a: Xatu|88/100
|-boost|p1a: Blastoise|spe|1
|-sideend|p1: Shadowmonstr7|Stealth Rock|[from] move: Rapid Spin|[of] p1a: Blastoise
|
|upkeep
|turn|10
|
|t:|1597103229
|switch|p1a: Scrafty|Scrafty, M|100/100
|move|p2a: Xatu|Night Shade|p1a: Scrafty
|-damage|p1a: Scrafty|64/100
|
|upkeep
|turn|11
|
|t:|1597103244
|switch|p2a: Toxicroak|Toxicroak, M|100/100
|move|p1a: Scrafty|Knock Off|p2a: Toxicroak
|-resisted|p2a: Toxicroak
|-damage|p2a: Toxicroak|68/100
|-enditem|p2a: Toxicroak|Choice Scarf|[from] move: Knock Off|[of] p1a: Scrafty
|
|upkeep
|turn|12
|
|t:|1597103252
|switch|p1a: Dragalge|Dragalge, F|100/100
|move|p2a: Toxicroak|Knock Off|p1a: Dragalge
|-damage|p1a: Dragalge|61/100
|-enditem|p1a: Dragalge|Choice Specs|[from] move: Knock Off|[of] p2a: Toxicroak
|
|upkeep
|turn|13
|
|t:|1597103261
|move|p2a: Toxicroak|Earthquake|p1a: Dragalge
|-supereffective|p1a: Dragalge
|-damage|p1a: Dragalge|0 fnt
|faint|p1a: Dragalge
|
|upkeep
|
|t:|1597103271
|switch|p1a: Arcanine|Arcanine, F|100/100
|-ability|p1a: Arcanine|Intimidate|boost
|-unboost|p2a: Toxicroak|atk|1
|turn|14
|
|t:|1597103288
|switch|p2a: Rhyperior|Rhyperior, F|99/100
|move|p1a: Arcanine|Flare Blitz|p2a: Rhyperior
|-resisted|p2a: Rhyperior
|-damage|p2a: Rhyperior|82/100
|-damage|p1a: Arcanine|93/100|[from] Recoil
|
|-heal|p2a: Rhyperior|88/100|[from] item: Leftovers
|upkeep
|turn|15
|
|t:|1597103294
|switch|p1a: Bronzong|Bronzong|77/100
|move|p2a: Rhyperior|Earthquake|p1a: Bronzong
|-immune|p1a: Bronzong|[from] ability: Levitate
|
|-heal|p2a: Rhyperior|94/100|[from] item: Leftovers
|-heal|p1a: Bronzong|83/100|[from] item: Leftovers
|upkeep
|turn|16
|
|t:|1597103300
|switch|p2a: Xatu|Xatu, F|88/100
|move|p1a: Bronzong|Heavy Slam|p2a: Xatu
|-damage|p2a: Xatu|52/100
|
|-heal|p1a: Bronzong|89/100|[from] item: Leftovers
|upkeep
|turn|17
|
|t:|1597103310
|switch|p1a: Gardevoir|Gardevoir, F|64/100
|-ability|p1a: Gardevoir|Magic Bounce|[from] ability: Trace|[of] p2a: Xatu
|move|p2a: Xatu|Night Shade|p1a: Gardevoir
|-damage|p1a: Gardevoir|28/100
|
|upkeep
|turn|18
|
|t:|1597103318
|switch|p2a: Copperajah|Copperajah, M|48/100
|move|p1a: Gardevoir|Moonblast|p2a: Copperajah
|-resisted|p2a: Copperajah
|-damage|p2a: Copperajah|22/100
|-unboost|p2a: Copperajah|spa|1
|
|upkeep
|turn|19
|
|t:|1597103323
|move|p1a: Gardevoir|Moonblast|p2a: Copperajah
|-resisted|p2a: Copperajah
|-damage|p2a: Copperajah|0 fnt
|faint|p2a: Copperajah
|
|upkeep
|
|t:|1597103333
|switch|p2a: Golisopod|Golisopod, M|100/100
|turn|20
|
|t:|1597103340
|switch|p1a: Arcanine|Arcanine, F|93/100
|-ability|p1a: Arcanine|Intimidate|boost
|-unboost|p2a: Golisopod|atk|1
|move|p2a: Golisopod|First Impression|p1a: Arcanine
|-resisted|p1a: Arcanine
|-damage|p1a: Arcanine|72/100
|
|upkeep
|turn|21
|
|t:|1597103349
|switch|p1a: Blastoise|Blastoise, F|100/100
|switch|p2a: Rhyperior|Rhyperior, F|94/100
|
|-heal|p2a: Rhyperior|99/100|[from] item: Leftovers
|upkeep
|turn|22
|j| TheFourthWall22
|
|t:|1597103366
|switch|p1a: Bronzong|Bronzong|89/100
|switch|p2a: Toxicroak|Toxicroak, M|68/100
|
|-heal|p1a: Bronzong|95/100|[from] item: Leftovers
|upkeep
|turn|23
|
|t:|1597103370
|switch|p2a: Xatu|Xatu, F|52/100
|move|p1a: Bronzong|Heavy Slam|p2a: Xatu
|-damage|p2a: Xatu|16/100
|
|-heal|p1a: Bronzong|100/100|[from] item: Leftovers
|upkeep
|turn|24
|
|t:|1597103375
|switch|p1a: Gardevoir|Gardevoir, F|28/100
|-ability|p1a: Gardevoir|Magic Bounce|[from] ability: Trace|[of] p2a: Xatu
|move|p2a: Xatu|Roost|p2a: Xatu
|-heal|p2a: Xatu|66/100
|-singleturn|p2a: Xatu|move: Roost
|
|upkeep
|turn|25
|
|t:|1597103383
|move|p1a: Gardevoir|Moonblast|p2a: Xatu
|-damage|p2a: Xatu|0 fnt
|faint|p2a: Xatu
|
|upkeep
|
|t:|1597103388
|switch|p2a: Gardevoir|Gardevoir, F|100/100
|-ability|p2a: Gardevoir|Magic Bounce|[from] ability: Trace|[of] p1a: Gardevoir
|turn|26
|l| TheFourthWall22
|
|t:|1597103397
|switch|p1a: Bronzong|Bronzong|100/100
|move|p2a: Gardevoir|Mystical Fire|p1a: Bronzong
|-supereffective|p1a: Bronzong
|-damage|p1a: Bronzong|46/100
|-unboost|p1a: Bronzong|spa|1
|
|-heal|p1a: Bronzong|52/100|[from] item: Leftovers
|upkeep
|turn|27
|
|t:|1597103406
|switch|p1a: Blastoise|Blastoise, F|100/100
|move|p2a: Gardevoir|Mystical Fire|p1a: Blastoise
|-resisted|p1a: Blastoise
|-damage|p1a: Blastoise|82/100
|-unboost|p1a: Blastoise|spa|1
|
|-heal|p1a: Blastoise|88/100|[from] item: Leftovers
|upkeep
|turn|28
|
|t:|1597103411
|switch|p2a: Toxicroak|Toxicroak, M|68/100
|switch|p1a: Arcanine|Arcanine, F|72/100
|-ability|p1a: Arcanine|Intimidate|boost
|-unboost|p2a: Toxicroak|atk|1
|
|upkeep
|turn|29
|
|t:|1597103418
|switch|p2a: Rhyperior|Rhyperior, F|99/100
|move|p1a: Arcanine|Flare Blitz|p2a: Rhyperior
|-resisted|p2a: Rhyperior
|-damage|p2a: Rhyperior|83/100
|-damage|p1a: Arcanine|64/100|[from] Recoil
|
|-heal|p2a: Rhyperior|89/100|[from] item: Leftovers
|upkeep
|turn|30
|
|t:|1597103422
|switch|p1a: Bronzong|Bronzong|52/100
|switch|p2a: Gardevoir|Gardevoir, F|100/100
|-ability|p2a: Gardevoir|Levitate|[from] ability: Trace|[of] p1a: Bronzong
|
|-heal|p1a: Bronzong|58/100|[from] item: Leftovers
|upkeep
|turn|31
|
|t:|1597103431
|switch|p2a: Golisopod|Golisopod, M|100/100
|switch|p1a: Scrafty|Scrafty, M|64/100
|
|upkeep
|turn|32
|
|t:|1597103438
|move|p1a: Scrafty|Knock Off|p2a: Golisopod
|-damage|p2a: Golisopod|69/100
|-enditem|p2a: Golisopod|Heavy-Duty Boots|[from] move: Knock Off|[of] p1a: Scrafty
|move|p2a: Golisopod|Spikes|p1a: Scrafty
|-sidestart|p1: Shadowmonstr7|Spikes
|
|upkeep
|turn|33
|j| Karrakarra
|
|t:|1597103454
|switch|p1a: Gardevoir|Gardevoir, F|28/100
|-damage|p1a: Gardevoir|16/100|[from] Spikes
|-ability|p1a: Gardevoir|Emergency Exit|[from] ability: Trace|[of] p2a: Golisopod
|switch|p2a: Toxicroak|Toxicroak, M|68/100
|
|upkeep
|turn|34
|l| Karrakarra
|
|t:|1597103467
|move|p2a: Toxicroak|Knock Off|p1a: Gardevoir
|-damage|p1a: Gardevoir|0 fnt
|-enditem|p1a: Gardevoir|Assault Vest|[from] move: Knock Off|[of] p2a: Toxicroak
|faint|p1a: Gardevoir
|
|upkeep
|
|t:|1597103473
|switch|p1a: Arcanine|Arcanine, F|64/100
|-ability|p1a: Arcanine|Intimidate|boost
|-unboost|p2a: Toxicroak|atk|1
|turn|35
|
|t:|1597103477
|switch|p1a: Bronzong|Bronzong|58/100
|switch|p2a: Rhyperior|Rhyperior, F|89/100
|
|-heal|p2a: Rhyperior|95/100|[from] item: Leftovers
|-heal|p1a: Bronzong|65/100|[from] item: Leftovers
|upkeep
|turn|36
|
|t:|1597103481
|move|p2a: Rhyperior|Fire Punch|p1a: Bronzong
|-supereffective|p1a: Bronzong
|-damage|p1a: Bronzong|21/100
|move|p1a: Bronzong|Stealth Rock|p2a: Rhyperior
|-sidestart|p2: rult2at ramo|move: Stealth Rock
|
|-heal|p2a: Rhyperior|100/100|[from] item: Leftovers
|-heal|p1a: Bronzong|27/100|[from] item: Leftovers
|upkeep
|turn|37
|
|t:|1597103487
|switch|p2a: Gardevoir|Gardevoir, F|100/100
|-damage|p2a: Gardevoir|88/100|[from] Stealth Rock
|-ability|p2a: Gardevoir|Levitate|[from] ability: Trace|[of] p1a: Bronzong
|switch|p1a: Arcanine|Arcanine, F|64/100
|-ability|p1a: Arcanine|Intimidate|boost
|-unboost|p2a: Gardevoir|atk|1
|
|upkeep
|turn|38
|
|t:|1597103497
|move|p1a: Arcanine|Morning Sun|p1a: Arcanine
|-heal|p1a: Arcanine|100/100
|move|p2a: Gardevoir|Psychic|p1a: Arcanine
|-damage|p1a: Arcanine|14/100
|
|upkeep
|turn|39
|
|t:|1597103502
|switch|p1a: Scrafty|Scrafty, M|64/100
|-damage|p1a: Scrafty|51/100|[from] Spikes
|move|p2a: Gardevoir|Psychic|p1a: Scrafty
|-immune|p1a: Scrafty
|
|upkeep
|turn|40
|
|t:|1597103532
|switch|p2a: Toxicroak|Toxicroak, M|68/100
|-damage|p2a: Toxicroak|61/100|[from] Stealth Rock
|move|p1a: Scrafty|Close Combat|p2a: Toxicroak
|-resisted|p2a: Toxicroak
|-damage|p2a: Toxicroak|21/100
|-unboost|p1a: Scrafty|def|1
|-unboost|p1a: Scrafty|spd|1
|
|upkeep
|turn|41
|
|t:|1597103546
|switch|p1a: Bronzong|Bronzong|27/100
|move|p2a: Toxicroak|Gunk Shot|p1a: Bronzong
|-immune|p1a: Bronzong
|
|-heal|p1a: Bronzong|33/100|[from] item: Leftovers
|upkeep
|turn|42
|
|t:|1597103554
|move|p2a: Toxicroak|Knock Off|p1a: Bronzong
|-supereffective|p1a: Bronzong
|-damage|p1a: Bronzong|0 fnt
|-enditem|p1a: Bronzong|Leftovers|[from] move: Knock Off|[of] p2a: Toxicroak
|faint|p1a: Bronzong
|
|upkeep
|
|t:|1597103560
|switch|p1a: Arcanine|Arcanine, F|14/100
|-ability|p1a: Arcanine|Intimidate|boost
|-unboost|p2a: Toxicroak|atk|1
|turn|43
|
|t:|1597103563
|switch|p2a: Rhyperior|Rhyperior, F|100/100
|-damage|p2a: Rhyperior|94/100|[from] Stealth Rock
|move|p1a: Arcanine|Morning Sun|p1a: Arcanine
|-heal|p1a: Arcanine|64/100
|
|-heal|p2a: Rhyperior|100/100|[from] item: Leftovers
|upkeep
|turn|44
|
|t:|1597103569
|switch|p1a: Blastoise|Blastoise, F|88/100
|-damage|p1a: Blastoise|76/100|[from] Spikes
|move|p2a: Rhyperior|Earthquake|p1a: Blastoise
|-damage|p1a: Blastoise|37/100
|
|-heal|p1a: Blastoise|43/100|[from] item: Leftovers
|upkeep
|turn|45
|
|t:|1597103577
|switch|p2a: Gardevoir|Gardevoir, F|88/100
|-damage|p2a: Gardevoir|76/100|[from] Stealth Rock
|-ability|p2a: Gardevoir|Torrent|[from] ability: Trace|[of] p1a: Blastoise
|move|p1a: Blastoise|Rapid Spin|p2a: Gardevoir
|-damage|p2a: Gardevoir|63/100
|-boost|p1a: Blastoise|spe|1
|-sideend|p1: Shadowmonstr7|Spikes|[from] move: Rapid Spin|[of] p1a: Blastoise
|
|-heal|p1a: Blastoise|49/100|[from] item: Leftovers
|upkeep
|turn|46
|
|t:|1597103595
|switch|p1a: Arcanine|Arcanine, F|64/100
|-ability|p1a: Arcanine|Intimidate|boost
|-unboost|p2a: Gardevoir|atk|1
|move|p2a: Gardevoir|Moonblast|p1a: Arcanine
|-resisted|p1a: Arcanine
|-damage|p1a: Arcanine|21/100
|-unboost|p1a: Arcanine|spa|1
|
|upkeep
|turn|47
|
|t:|1597103600
|switch|p2a: Rhyperior|Rhyperior, F|100/100
|-damage|p2a: Rhyperior|94/100|[from] Stealth Rock
|move|p1a: Arcanine|Morning Sun|p1a: Arcanine
|-heal|p1a: Arcanine|71/100
|
|-heal|p2a: Rhyperior|100/100|[from] item: Leftovers
|upkeep
|turn|48
|
|t:|1597103610
|switch|p1a: Blastoise|Blastoise, F|49/100
|move|p2a: Rhyperior|Earthquake|p1a: Blastoise
|-damage|p1a: Blastoise|9/100
|
|-heal|p1a: Blastoise|15/100|[from] item: Leftovers
|upkeep
|turn|49
|
|t:|1597103625
|switch|p1a: Arcanine|Arcanine, F|71/100
|-ability|p1a: Arcanine|Intimidate|boost
|-unboost|p2a: Rhyperior|atk|1
|switch|p2a: Toxicroak|Toxicroak, M|21/100
|-damage|p2a: Toxicroak|15/100|[from] Stealth Rock
|
|upkeep
|turn|50
|
|t:|1597103633
|switch|p2a: Rhyperior|Rhyperior, F|100/100
|-damage|p2a: Rhyperior|94/100|[from] Stealth Rock
|move|p1a: Arcanine|Close Combat|p2a: Rhyperior
|-supereffective|p2a: Rhyperior
|-damage|p2a: Rhyperior|58/100
|-unboost|p1a: Arcanine|def|1
|-unboost|p1a: Arcanine|spd|1
|
|-heal|p2a: Rhyperior|64/100|[from] item: Leftovers
|upkeep
|turn|51
|
|t:|1597103654
|switch|p1a: Blastoise|Blastoise, F|15/100
|move|p2a: Rhyperior|Earthquake|p1a: Blastoise
|-damage|p1a: Blastoise|0 fnt
|faint|p1a: Blastoise
|
|-heal|p2a: Rhyperior|70/100|[from] item: Leftovers
|upkeep
|
|t:|1597103657
|switch|p1a: Scrafty|Scrafty, M|51/100
|turn|52
|
|t:|1597103665
|switch|p2a: Gardevoir|Gardevoir, F|63/100
|-damage|p2a: Gardevoir|51/100|[from] Stealth Rock
|-ability|p2a: Gardevoir|Moxie|[from] ability: Trace|[of] p1a: Scrafty
|move|p1a: Scrafty|Close Combat|p2a: Gardevoir
|-resisted|p2a: Gardevoir
|-damage|p2a: Gardevoir|29/100
|-unboost|p1a: Scrafty|def|1
|-unboost|p1a: Scrafty|spd|1
|
|upkeep
|turn|53
|
|t:|1597103671
|move|p2a: Gardevoir|Psychic|p1a: Scrafty
|-immune|p1a: Scrafty
|move|p1a: Scrafty|Dragon Dance|p1a: Scrafty
|-boost|p1a: Scrafty|atk|1
|-boost|p1a: Scrafty|spe|1
|
|upkeep
|turn|54
|
|t:|1597103685
|switch|p2a: Toxicroak|Toxicroak, M|15/100
|-damage|p2a: Toxicroak|9/100|[from] Stealth Rock
|move|p1a: Scrafty|Knock Off|p2a: Toxicroak
|-resisted|p2a: Toxicroak
|-damage|p2a: Toxicroak|0 fnt
|faint|p2a: Toxicroak
|-ability|p1a: Scrafty|Moxie|boost
|-boost|p1a: Scrafty|atk|1
|
|upkeep
|
|t:|1597103688
|switch|p2a: Golisopod|Golisopod, M|69/100
|-damage|p2a: Golisopod|44/100|[from] Stealth Rock
|-activate|p2a: Golisopod|ability: Emergency Exit
|
|t:|1597103692
|switch|p2a: Gardevoir|Gardevoir, F|29/100
|-damage|p2a: Gardevoir|17/100|[from] Stealth Rock
|-ability|p2a: Gardevoir|Moxie|[from] ability: Trace|[of] p1a: Scrafty
|turn|55
|
|t:|1597103697
|move|p1a: Scrafty|Knock Off|p2a: Gardevoir
|-damage|p2a: Gardevoir|0 fnt
|-enditem|p2a: Gardevoir|Choice Specs|[from] move: Knock Off|[of] p1a: Scrafty
|faint|p2a: Gardevoir
|-ability|p1a: Scrafty|Moxie|boost
|-boost|p1a: Scrafty|atk|1
|
|upkeep
|
|t:|1597103698
|switch|p2a: Golisopod|Golisopod, M|44/100
|-damage|p2a: Golisopod|19/100|[from] Stealth Rock
|turn|56
|
|t:|1597103702
|switch|p1a: Arcanine|Arcanine, F|71/100
|-ability|p1a: Arcanine|Intimidate|boost
|-unboost|p2a: Golisopod|atk|1
|move|p2a: Golisopod|First Impression|p1a: Arcanine
|-resisted|p1a: Arcanine
|-damage|p1a: Arcanine|50/100
|
|upkeep
|turn|57
|
|t:|1597103711
|move|p1a: Arcanine|Close Combat|p2a: Golisopod
|-resisted|p2a: Golisopod
|-damage|p2a: Golisopod|5/100
|-unboost|p1a: Arcanine|def|1
|-unboost|p1a: Arcanine|spd|1
|move|p2a: Golisopod|Liquidation|p1a: Arcanine
|-supereffective|p1a: Arcanine
|-damage|p1a: Arcanine|0 fnt
|faint|p1a: Arcanine
|
|upkeep
|
|t:|1597103713
|switch|p1a: Scrafty|Scrafty, M|51/100
|turn|58
|
|t:|1597103719
|move|p1a: Scrafty|Knock Off|p2a: Golisopod
|-damage|p2a: Golisopod|0 fnt
|faint|p2a: Golisopod
|-ability|p1a: Scrafty|Moxie|boost
|-boost|p1a: Scrafty|atk|1
|
|upkeep
|
|t:|1597103724
|switch|p2a: Rhyperior|Rhyperior, F|70/100
|-damage|p2a: Rhyperior|64/100|[from] Stealth Rock
|turn|59
|
|t:|1597103758
|move|p1a: Scrafty|Close Combat|p2a: Rhyperior
|-supereffective|p2a: Rhyperior
|-damage|p2a: Rhyperior|0 fnt
|-unboost|p1a: Scrafty|def|1
|-unboost|p1a: Scrafty|spd|1
|faint|p2a: Rhyperior
|
|win|Shadowmonstr7
|c|☆Shadowmonstr7|gg
|l| lmyyt
|l|☆rult2at ramo
|raw|Shadowmonstr7's rating: 1433 &rarr; <strong>1437</strong><br />(+4 for winning)
|raw|rult2at ramo's rating: 1060 &rarr; <strong>1056</strong><br />(-4 for losing)
