|j|☆literallyfreemoney
|j|☆cjw405
|t:|1623278720
|gametype|singles
|player|p1|literallyfreemoney|17|1251
|player|p2|cjw405|lucas|1126
|teamsize|p1|6
|teamsize|p2|6
|gen|8
|tier|[Gen 8] RU
|rated|
|rule|Sleep Clause Mod: Limit one foe put to sleep
|rule|Species Clause: Limit one of each Pokémon
|rule|OHKO Clause: OHKO moves are banned
|rule|Evasion Moves Clause: Evasion moves are banned
|rule|Endless Battle Clause: Forcing endless battles is banned
|rule|HP Percentage Mod: HP is shown in percentages
|rule|Dynamax Clause: You cannot dynamax
|clearpoke
|poke|p1|Heracross, M|
|poke|p1|Steelix, F|
|poke|p1|Heliolisk, F|
|poke|p1|Crobat, F|
|poke|p1|Milotic, F|
|poke|p1|Gardevoir, F|
|poke|p2|Archeops, F|
|poke|p2|Umbreon, F|
|poke|p2|Necrozma|
|poke|p2|Silvally-*|
|poke|p2|Araquanid, F|
|poke|p2|Darmanitan, M|
|teampreview
|inactive|Battle timer is ON: inactive players will automatically lose when time's up. (requested by cjw405)
|
|t:|1623278730
|start
|switch|p1a: Heliolisk|Heliolisk, F|100/100
|switch|p2a: Archeops|Archeops, F|100/100
|turn|1
|
|t:|1623278736
|switch|p1a: Milotic|Milotic, F|100/100
|move|p2a: Archeops|U-turn|p1a: Milotic
|-damage|p1a: Milotic|73/100
|
|t:|1623278751
|switch|p2a: Araquanid|Araquanid, F|100/100|[from]move: U-turn
|
|-status|p1a: Milotic|brn|[from] item: Flame Orb
|upkeep
|turn|2
|
|t:|1623278759
|move|p1a: Milotic|Flip Turn|p2a: Araquanid
|-resisted|p2a: Araquanid
|-damage|p2a: Araquanid|98/100
|
|t:|1623278763
|switch|p1a: Heliolisk|Heliolisk, F|100/100|[from]move: Flip Turn
|move|p2a: Araquanid|Sticky Web|p1a: Heliolisk
|-sidestart|p1: literallyfreemoney|move: Sticky Web
|
|upkeep
|turn|3
|
|t:|1623278770
|switch|p2a: Silvally|Silvally-Ground|100/100
|move|p1a: Heliolisk|Thunderbolt|p2a: Silvally
|-immune|p2a: Silvally
|
|upkeep
|turn|4
|
|t:|1623278776
|switch|p1a: Brave Bat|Crobat, F|100/100
|move|p2a: Silvally|Parting Shot|p1a: Brave Bat
|-unboost|p1a: Brave Bat|atk|1
|-unboost|p1a: Brave Bat|spa|1
|
|t:|1623278782
|switch|p2a: Darmanitan|Darmanitan, M|100/100|[from]move: Parting Shot
|
|upkeep
|turn|5
|
|t:|1623278786
|switch|p1a: Milotic|Milotic, F|73/100 brn
|-activate|p1a: Milotic|move: Sticky Web
|-unboost|p1a: Milotic|spe|1
|move|p2a: Darmanitan|Flare Blitz|p1a: Milotic
|-resisted|p1a: Milotic
|-damage|p1a: Milotic|42/100 brn
|-damage|p2a: Darmanitan|89/100|[from] Recoil
|
|-damage|p1a: Milotic|36/100 brn|[from] brn
|upkeep
|turn|6
|
|t:|1623278796
|move|p2a: Darmanitan|Flare Blitz|p1a: Milotic
|-resisted|p1a: Milotic
|-damage|p1a: Milotic|7/100 brn
|-damage|p2a: Darmanitan|79/100|[from] Recoil
|move|p1a: Milotic|Recover|p1a: Milotic
|-heal|p1a: Milotic|57/100 brn
|
|-damage|p1a: Milotic|51/100 brn|[from] brn
|upkeep
|turn|7
|
|t:|1623278808
|switch|p2a: Araquanid|Araquanid, F|98/100
|move|p1a: Milotic|Recover|p1a: Milotic
|-heal|p1a: Milotic|100/100 brn
|
|-damage|p1a: Milotic|94/100 brn|[from] brn
|upkeep
|turn|8
|
|t:|1623278829
|move|p1a: Milotic|Flip Turn|p2a: Araquanid
|-resisted|p2a: Araquanid
|-damage|p2a: Araquanid|94/100
|
|t:|1623278832
|switch|p1a: Heliolisk|Heliolisk, F|100/100|[from]move: Flip Turn
|-activate|p1a: Heliolisk|move: Sticky Web
|-unboost|p1a: Heliolisk|spe|1
|move|p2a: Araquanid|Liquidation|p1a: Heliolisk
|-immune|p1a: Heliolisk|[from] ability: Dry Skin
|
|upkeep
|turn|9
|
|t:|1623278842
|move|p1a: Heliolisk|Surf|p2a: Araquanid
|-resisted|p2a: Araquanid
|-damage|p2a: Araquanid|77/100
|move|p2a: Araquanid|Leech Life|p1a: Heliolisk
|-damage|p1a: Heliolisk|32/100
|-heal|p2a: Araquanid|100/100|[from] drain|[of] p1a: Heliolisk
|
|upkeep
|turn|10
|
|t:|1623278851
|switch|p1a: Brave Bat|Crobat, F|100/100
|switch|p2a: Necrozma|Necrozma|100/100
|
|upkeep
|turn|11
|
|t:|1623278857
|move|p1a: Brave Bat|Taunt|p2a: Necrozma
|-start|p2a: Necrozma|move: Taunt
|move|p2a: Necrozma|Photon Geyser|p1a: Brave Bat
|-supereffective|p1a: Brave Bat
|-damage|p1a: Brave Bat|0 fnt
|faint|p1a: Brave Bat
|
|upkeep
|c|☆cjw405|damn this is heat
|
|t:|1623278864
|switch|p1a: Steelix|Steelix, F|100/100
|-activate|p1a: Steelix|move: Sticky Web
|-unboost|p1a: Steelix|spe|1
|turn|12
|
|t:|1623278870
|move|p2a: Necrozma|Heat Wave|p1a: Steelix
|-supereffective|p1a: Steelix
|-damage|p1a: Steelix|42/100
|move|p1a: Steelix|Stealth Rock|p2a: Necrozma
|-sidestart|p2: cjw405|move: Stealth Rock
|
|upkeep
|turn|13
|
|t:|1623278875
|switch|p1a: Milotic|Milotic, F|94/100 brn
|-activate|p1a: Milotic|move: Sticky Web
|-unboost|p1a: Milotic|spe|1
|move|p2a: Necrozma|Heat Wave|p1a: Milotic|[miss]
|-miss|p2a: Necrozma|p1a: Milotic
|
|-damage|p1a: Milotic|88/100 brn|[from] brn
|-end|p2a: Necrozma|move: Taunt
|upkeep
|turn|14
|
|t:|1623278894
|move|p2a: Necrozma|Calm Mind|p2a: Necrozma
|-boost|p2a: Necrozma|spa|1
|-boost|p2a: Necrozma|spd|1
|move|p1a: Milotic|Scald|p2a: Necrozma
|-damage|p2a: Necrozma|81/100
|
|-heal|p2a: Necrozma|87/100|[from] item: Leftovers
|-damage|p1a: Milotic|82/100 brn|[from] brn
|upkeep
|turn|15
|
|t:|1623278902
|move|p2a: Necrozma|Calm Mind|p2a: Necrozma
|-boost|p2a: Necrozma|spa|1
|-boost|p2a: Necrozma|spd|1
|move|p1a: Milotic|Flip Turn|p2a: Necrozma
|-damage|p2a: Necrozma|82/100
|
|t:|1623278904
|switch|p1a: Gardevoir|Gardevoir, F|100/100|[from]move: Flip Turn
|-activate|p1a: Gardevoir|move: Sticky Web
|-unboost|p1a: Gardevoir|spe|1
|-ability|p1a: Gardevoir|Prism Armor|[from] ability: Trace|[of] p2a: Necrozma
|
|-heal|p2a: Necrozma|88/100|[from] item: Leftovers
|upkeep
|turn|16
|
|t:|1623278914
|move|p1a: Gardevoir|Trick|p2a: Necrozma
|-activate|p1a: Gardevoir|move: Trick|[of] p2a: Necrozma
|-item|p2a: Necrozma|Choice Scarf|[from] move: Trick
|-item|p1a: Gardevoir|Leftovers|[from] move: Trick
|move|p2a: Necrozma|Heat Wave|p1a: Gardevoir
|-damage|p1a: Gardevoir|34/100
|-status|p1a: Gardevoir|brn
|
|-heal|p1a: Gardevoir|40/100 brn|[from] item: Leftovers
|-damage|p1a: Gardevoir|34/100 brn|[from] brn
|upkeep
|turn|17
|
|t:|1623278925
|switch|p1a: Milotic|Milotic, F|82/100 brn
|-activate|p1a: Milotic|move: Sticky Web
|-unboost|p1a: Milotic|spe|1
|move|p2a: Necrozma|Heat Wave|p1a: Milotic
|-resisted|p1a: Milotic
|-damage|p1a: Milotic|57/100 brn
|
|-damage|p1a: Milotic|51/100 brn|[from] brn
|upkeep
|turn|18
|-message|literallyfreemoney forfeited.
|
|win|cjw405
|raw|literallyfreemoney's rating: 1251 &rarr; <strong>1217</strong><br />(-34 for losing)
|raw|cjw405's rating: 1126 &rarr; <strong>1160</strong><br />(+34 for winning)
|l|☆literallyfreemoney
