|raw|<div class="broadcast-red"><strong>This battle is invite-only!</strong><br />Users must be invited with <code>/invite</code> (or be staff) to join</div>
|j|☆Decem
|j|☆LethalHobo723
|t:|1610849444
|player|p1|Decem|cheryl|
|player|p2|LethalHobo723|1|
|teamsize|p1|6
|teamsize|p2|6
|gametype|singles
|gen|8
|tier|[Gen 8] RU
|clearpoke
|poke|p1|Suicune|
|poke|p1|Roserade, M|
|poke|p1|Palossand, F|
|poke|p1|Zygarde-10%|
|poke|p1|Togekiss, M|
|poke|p1|Snorlax, M|
|poke|p2|Darmanitan, M|
|poke|p2|Seismitoad, M|
|poke|p2|Togekiss, F|
|poke|p2|Heracross, M|
|poke|p2|Xurkitree|
|poke|p2|Zarude|
|rule|Sleep Clause Mod: Limit one foe put to sleep
|rule|Species Clause: Limit one of each Pokémon
|rule|OHKO Clause: OHKO moves are banned
|rule|Evasion Moves Clause: Evasion moves are banned
|rule|Endless Battle Clause: Forcing endless battles is banned
|rule|HP Percentage Mod: HP is shown in percentages
|rule|Dynamax Clause: You cannot dynamax
|teampreview
|c|☆Decem|hf
|c|☆LethalHobo723|u2
|inactive|Battle timer is ON: inactive players will automatically lose when time's up. (requested by Decem)
|inactive|Decem has 270 seconds left.
|
|t:|1610849511
|start
|switch|p1a: Roserade|Roserade, M|100/100
|switch|p2a: Darmanitan|Darmanitan, M|100/100
|turn|1
|
|t:|1610849527
|switch|p1a: Togekiss|Togekiss, M|100/100
|move|p2a: Darmanitan|U-turn|p1a: Togekiss
|-resisted|p1a: Togekiss
|-damage|p1a: Togekiss|95/100
|
|t:|1610849532
|switch|p2a: Xurkitree|Xurkitree|100/100|[from]move: U-turn
|
|upkeep
|turn|2
|
|t:|1610849544
|switch|p1a: Roserade|Roserade, M|100/100
|move|p2a: Xurkitree|Thunderbolt|p1a: Roserade
|-resisted|p1a: Roserade
|-crit|p1a: Roserade
|-damage|p1a: Roserade|42/100
|
|-heal|p1a: Roserade|48/100|[from] item: Black Sludge
|upkeep
|turn|3
|
|t:|1610849557
|move|p1a: Roserade|Synthesis|p1a: Roserade
|-heal|p1a: Roserade|98/100
|move|p2a: Xurkitree|Hypnosis|p1a: Roserade|[miss]
|-miss|p2a: Xurkitree|p1a: Roserade
|-enditem|p2a: Xurkitree|Blunder Policy
|-boost|p2a: Xurkitree|spe|2
|
|-heal|p1a: Roserade|100/100|[from] item: Black Sludge
|upkeep
|turn|4
|
|t:|1610849566
|move|p2a: Xurkitree|Hypnosis|p1a: Roserade|[miss]
|-miss|p2a: Xurkitree|p1a: Roserade
|move|p1a: Roserade|Sludge Bomb|p2a: Xurkitree
|-damage|p2a: Xurkitree|35/100
|
|upkeep
|turn|5
|
|t:|1610849570
|move|p2a: Xurkitree|Hypnosis|p1a: Roserade
|-status|p1a: Roserade|slp|[from] move: Hypnosis
|cant|p1a: Roserade|slp
|
|upkeep
|turn|6
|
|t:|1610849574
|move|p2a: Xurkitree|Thunderbolt|p1a: Roserade
|-resisted|p1a: Roserade
|-damage|p1a: Roserade|61/100 slp
|cant|p1a: Roserade|slp
|
|-heal|p1a: Roserade|67/100 slp|[from] item: Black Sludge
|upkeep
|turn|7
|
|t:|1610849578
|move|p2a: Xurkitree|Energy Ball|p1a: Roserade
|-resisted|p1a: Roserade
|-damage|p1a: Roserade|55/100 slp
|-curestatus|p1a: Roserade|slp|[msg]
|move|p1a: Roserade|Sludge Bomb|p2a: Xurkitree
|-damage|p2a: Xurkitree|0 fnt
|faint|p2a: Xurkitree
|
|-heal|p1a: Roserade|61/100|[from] item: Black Sludge
|upkeep
|
|t:|1610849582
|switch|p2a: Darmanitan|Darmanitan, M|100/100
|turn|8
|c|☆Decem|can we make this public
|c|☆Decem|friends wanna join
|c|☆LethalHobo723|Sure
|c|☆Decem|can u /publicroom
|c|☆LethalHobo723|/log LethalHobo723 made this room public.
|raw|<div class="broadcast-blue"><strong>This room is no longer invite only!</strong><br />Anyone may now join.</div>
|c|☆Decem|/log Decem turned off modjoin.
|inactive|Decem has 270 seconds left.
|inactive|LethalHobo723 has 270 seconds left.
|
|t:|1610849621
|switch|p1a: Palossand|Palossand, F|100/100
|move|p2a: Darmanitan|U-turn|p1a: Palossand
|-resisted|p1a: Palossand
|-damage|p1a: Palossand|93/100
|inactive|LethalHobo723 has 270 seconds left.
|
|t:|1610849635
|switch|p2a: Heracross|Heracross, M|100/100|[from]move: U-turn
|
|-status|p2a: Heracross|brn|[from] item: Flame Orb
|upkeep
|turn|9
|
|t:|1610849643
|move|p2a: Heracross|Knock Off|p1a: Palossand
|-supereffective|p1a: Palossand
|-enditem|p1a: Palossand|Colbur Berry|[eat]
|-enditem|p1a: Palossand|Colbur Berry|[weaken]
|-damage|p1a: Palossand|61/100
|move|p1a: Palossand|Stealth Rock|p2a: Heracross
|-sidestart|p2: LethalHobo723|move: Stealth Rock
|
|-damage|p2a: Heracross|95/100 brn|[from] brn
|upkeep
|turn|10
|
|t:|1610849649
|move|p2a: Heracross|Knock Off|p1a: Palossand
|-supereffective|p1a: Palossand
|-damage|p1a: Palossand|22/100
|move|p1a: Palossand|Shore Up|p1a: Palossand
|-heal|p1a: Palossand|72/100
|
|-damage|p2a: Heracross|89/100 brn|[from] brn
|upkeep
|turn|11
|
|t:|1610849654
|switch|p1a: Zygarde|Zygarde-10%|100/100
|-ability|p1a: Zygarde|Aura Break
|move|p2a: Heracross|Swords Dance|p2a: Heracross
|-boost|p2a: Heracross|atk|2
|
|-damage|p2a: Heracross|83/100 brn|[from] brn
|upkeep
|turn|12
|
|t:|1610849658
|switch|p2a: Togekiss|Togekiss, F|100/100
|move|p1a: Zygarde|Outrage|p2a: Togekiss
|-immune|p2a: Togekiss
|
|upkeep
|turn|13
|
|t:|1610849663
|switch|p1a: Snorlax|Snorlax, M|100/100
|move|p2a: Togekiss|Thunder Wave|p1a: Snorlax
|-status|p1a: Snorlax|par
|
|upkeep
|turn|14
|
|t:|1610849669
|switch|p2a: Heracross|Heracross, M|83/100 brn
|-damage|p2a: Heracross|70/100 brn|[from] Stealth Rock
|cant|p1a: Snorlax|par
|
|-damage|p2a: Heracross|64/100 brn|[from] brn
|upkeep
|turn|15
|
|t:|1610849680
|switch|p1a: Palossand|Palossand, F|72/100
|move|p2a: Heracross|Swords Dance|p2a: Heracross
|-boost|p2a: Heracross|atk|2
|
|-damage|p2a: Heracross|58/100 brn|[from] brn
|upkeep
|turn|16
|
|t:|1610849688
|move|p2a: Heracross|Knock Off|p1a: Palossand
|-supereffective|p1a: Palossand
|-damage|p1a: Palossand|0 fnt
|faint|p1a: Palossand
|
|-damage|p2a: Heracross|52/100 brn|[from] brn
|upkeep
|
|t:|1610849690
|switch|p1a: Zygarde|Zygarde-10%|100/100
|-ability|p1a: Zygarde|Aura Break
|turn|17
|j| Aquarius Ghost ❤
|c| Aquarius Ghost ❤|heya decem
|c|☆Decem|hi
|j| itsrotten
|
|t:|1610849704
|switch|p2a: Togekiss|Togekiss, F|100/100
|move|p1a: Zygarde|Extreme Speed|p2a: Togekiss
|-damage|p2a: Togekiss|72/100
|
|upkeep
|turn|18
|c| itsrotten|decemmie
|
|t:|1610849709
|switch|p1a: Snorlax|Snorlax, M|100/100 par
|move|p2a: Togekiss|Thunder Wave|p1a: Snorlax
|-fail|p1a: Snorlax|par
|
|upkeep
|turn|19
|
|t:|1610849713
|move|p2a: Togekiss|Air Slash|p1a: Snorlax
|-damage|p1a: Snorlax|86/100 par
|move|p1a: Snorlax|Body Slam|p2a: Togekiss
|-damage|p2a: Togekiss|46/100
|-status|p2a: Togekiss|par
|
|-heal|p1a: Snorlax|92/100 par|[from] item: Leftovers
|upkeep
|turn|20
|
|t:|1610849717
|switch|p2a: Heracross|Heracross, M|52/100 brn
|-damage|p2a: Heracross|40/100 brn|[from] Stealth Rock
|switch|p1a: Togekiss|Togekiss, M|95/100
|
|-damage|p2a: Heracross|34/100 brn|[from] brn
|upkeep
|turn|21
|
|t:|1610849721
|move|p2a: Heracross|Stone Edge|p1a: Togekiss
|-supereffective|p1a: Togekiss
|-damage|p1a: Togekiss|21/100
|move|p1a: Togekiss|Air Slash|p2a: Heracross
|-supereffective|p2a: Heracross
|-damage|p2a: Heracross|0 fnt
|faint|p2a: Heracross
|
|upkeep
|
|t:|1610849726
|switch|p2a: Darmanitan|Darmanitan, M|100/100
|-damage|p2a: Darmanitan|76/100|[from] Stealth Rock
|turn|22
|l|☆Decem
|inactive|Decem disconnected and has 300 seconds to reconnect!
|player|p1|
|j|☆Decem
|inactive|Decem reconnected and has 300 seconds left.
|player|p1|Decem|cheryl
|c| Aquarius Ghost ❤|this for ssnls?
|c|☆Decem|y
|
|t:|1610849744
|switch|p1a: Suicune|Suicune|100/100
|-ability|p1a: Suicune|Pressure
|move|p2a: Darmanitan|Rock Slide|p1a: Suicune
|-damage|p1a: Suicune|80/100
|
|-heal|p1a: Suicune|86/100|[from] item: Leftovers
|upkeep
|turn|23
|
|t:|1610849749
|switch|p2a: Zarude|Zarude|100/100
|move|p1a: Suicune|Roar|p2a: Zarude
|drag|p2a: Seismitoad|Seismitoad, M|100/100
|-damage|p2a: Seismitoad|94/100|[from] Stealth Rock
|
|-heal|p1a: Suicune|92/100|[from] item: Leftovers
|-heal|p2a: Seismitoad|100/100|[from] item: Leftovers
|upkeep
|turn|24
|
|t:|1610849756
|switch|p1a: Roserade|Roserade, M|61/100
|move|p2a: Seismitoad|Stealth Rock|p1a: Roserade
|-sidestart|p1: Decem|move: Stealth Rock
|
|-heal|p1a: Roserade|67/100|[from] item: Black Sludge
|upkeep
|turn|25
|
|t:|1610849760
|switch|p2a: Togekiss|Togekiss, F|46/100 par
|move|p1a: Roserade|Leaf Storm|p2a: Togekiss
|-resisted|p2a: Togekiss
|-damage|p2a: Togekiss|22/100 par
|-unboost|p1a: Roserade|spa|2
|
|-heal|p1a: Roserade|73/100|[from] item: Black Sludge
|upkeep
|turn|26
|
|t:|1610849763
|switch|p2a: Darmanitan|Darmanitan, M|76/100
|-damage|p2a: Darmanitan|51/100|[from] Stealth Rock
|move|p1a: Roserade|Sludge Bomb|p2a: Darmanitan
|-damage|p2a: Darmanitan|13/100
|
|-heal|p1a: Roserade|79/100|[from] item: Black Sludge
|upkeep
|turn|27
|
|t:|1610849767
|switch|p1a: Suicune|Suicune|92/100
|-damage|p1a: Suicune|80/100|[from] Stealth Rock
|-ability|p1a: Suicune|Pressure
|move|p2a: Darmanitan|U-turn|p1a: Suicune
|-damage|p1a: Suicune|64/100
|c| Aquarius Ghost ❤|i lost
|
|t:|1610849769
|switch|p2a: Zarude|Zarude|100/100|[from]move: U-turn
|
|-heal|p1a: Suicune|71/100|[from] item: Leftovers
|upkeep
|turn|28
|c| Aquarius Ghost ❤|r1
|c| Aquarius Ghost ❤|cuz i got cteamed
|c| Aquarius Ghost ❤|lol
|
|t:|1610849781
|move|p2a: Zarude|Power Whip|p1a: Suicune
|-supereffective|p1a: Suicune
|-damage|p1a: Suicune|2/100
|move|p1a: Suicune|Roar|p2a: Zarude
|drag|p2a: Togekiss|Togekiss, F|22/100 par
|
|-heal|p1a: Suicune|8/100|[from] item: Leftovers
|upkeep
|turn|29
|
|t:|1610849786
|move|p1a: Suicune|Rest|p1a: Suicune
|-status|p1a: Suicune|slp|[from] move: Rest
|-heal|p1a: Suicune|100/100 slp|[silent]
|move|p2a: Togekiss|Roost|p2a: Togekiss
|-heal|p2a: Togekiss|73/100 par
|-singleturn|p2a: Togekiss|move: Roost
|
|upkeep
|turn|30
|c| Aquarius Ghost ❤|yeh i got cteamed every game
|
|t:|1610849790
|switch|p2a: Zarude|Zarude|100/100
|cant|p1a: Suicune|slp
|move|p1a: Suicune|Sleep Talk|p1a: Suicune
|move|p1a: Suicune|Scald|p2a: Zarude|[from]move: Sleep Talk
|-resisted|p2a: Zarude
|-damage|p2a: Zarude|88/100
|-status|p2a: Zarude|brn
|
|-damage|p2a: Zarude|82/100 brn|[from] brn
|upkeep
|turn|31
|
|t:|1610849797
|move|p2a: Zarude|Jungle Healing|p2a: Zarude
|-heal|p2a: Zarude|100/100 brn
|-curestatus|p2a: Zarude|brn|[msg]
|cant|p1a: Suicune|slp
|move|p1a: Suicune|Sleep Talk|p1a: Suicune
|move|p1a: Suicune|Rest||[from]move: Sleep Talk|[still]
|-fail|p1a: Suicune
|
|upkeep
|turn|32
|
|t:|1610849803
|move|p2a: Zarude|Power Whip|p1a: Suicune
|-supereffective|p1a: Suicune
|-damage|p1a: Suicune|35/100 slp
|-curestatus|p1a: Suicune|slp|[msg]
|move|p1a: Suicune|Roar|p2a: Zarude
|drag|p2a: Togekiss|Togekiss, F|73/100 par
|
|-heal|p1a: Suicune|41/100|[from] item: Leftovers
|upkeep
|turn|33
|
|t:|1610849810
|switch|p2a: Zarude|Zarude|100/100
|move|p1a: Suicune|Roar|p2a: Zarude
|drag|p2a: Seismitoad|Seismitoad, M|100/100
|-damage|p2a: Seismitoad|94/100|[from] Stealth Rock
|
|-heal|p1a: Suicune|48/100|[from] item: Leftovers
|-heal|p2a: Seismitoad|100/100|[from] item: Leftovers
|upkeep
|turn|34
|
|t:|1610849815
|move|p2a: Seismitoad|Knock Off|p1a: Suicune
|-damage|p1a: Suicune|36/100
|-enditem|p1a: Suicune|Leftovers|[from] move: Knock Off|[of] p2a: Seismitoad
|move|p1a: Suicune|Roar|p2a: Seismitoad
|drag|p2a: Zarude|Zarude|100/100
|
|upkeep
|turn|35
|
|t:|1610849821
|move|p2a: Zarude|Power Whip|p1a: Suicune
|-supereffective|p1a: Suicune
|-damage|p1a: Suicune|0 fnt
|faint|p1a: Suicune
|
|upkeep
|
|t:|1610849826
|switch|p1a: Zygarde|Zygarde-10%|100/100
|-damage|p1a: Zygarde|94/100|[from] Stealth Rock
|-ability|p1a: Zygarde|Aura Break
|turn|36
|
|t:|1610849831
|move|p1a: Zygarde|Superpower|p2a: Zarude
|-supereffective|p2a: Zarude
|-damage|p2a: Zarude|0 fnt
|-unboost|p1a: Zygarde|atk|1
|-unboost|p1a: Zygarde|def|1
|faint|p2a: Zarude
|
|upkeep
|
|t:|1610849836
|switch|p2a: Seismitoad|Seismitoad, M|100/100
|-damage|p2a: Seismitoad|94/100|[from] Stealth Rock
|turn|37
|
|t:|1610849853
|switch|p1a: Snorlax|Snorlax, M|92/100 par
|-damage|p1a: Snorlax|80/100 par|[from] Stealth Rock
|move|p2a: Seismitoad|Scald|p1a: Snorlax
|-damage|p1a: Snorlax|68/100 par
|
|-heal|p2a: Seismitoad|100/100|[from] item: Leftovers
|-heal|p1a: Snorlax|74/100 par|[from] item: Leftovers
|upkeep
|turn|38
|
|t:|1610849868
|move|p2a: Seismitoad|Earthquake|p1a: Snorlax
|-damage|p1a: Snorlax|50/100 par
|move|p1a: Snorlax|Body Slam|p2a: Seismitoad
|-damage|p2a: Seismitoad|78/100
|-status|p2a: Seismitoad|par
|
|-heal|p2a: Seismitoad|85/100 par|[from] item: Leftovers
|-heal|p1a: Snorlax|56/100 par|[from] item: Leftovers
|upkeep
|turn|39
|
|t:|1610849874
|move|p2a: Seismitoad|Earthquake|p1a: Snorlax
|-damage|p1a: Snorlax|29/100 par
|move|p1a: Snorlax|Body Slam|p2a: Seismitoad
|-damage|p2a: Seismitoad|61/100 par
|
|-heal|p2a: Seismitoad|67/100 par|[from] item: Leftovers
|-heal|p1a: Snorlax|36/100 par|[from] item: Leftovers
|upkeep
|turn|40
|j| attitude adjuster
|
|t:|1610849883
|move|p2a: Seismitoad|Earthquake|p1a: Snorlax
|-damage|p1a: Snorlax|11/100 par
|move|p1a: Snorlax|Body Slam|p2a: Seismitoad
|-damage|p2a: Seismitoad|45/100 par
|
|-heal|p2a: Seismitoad|51/100 par|[from] item: Leftovers
|-heal|p1a: Snorlax|17/100 par|[from] item: Leftovers
|upkeep
|turn|41
|
|t:|1610849894
|move|p2a: Seismitoad|Earthquake|p1a: Snorlax
|-damage|p1a: Snorlax|0 fnt
|faint|p1a: Snorlax
|
|-heal|p2a: Seismitoad|57/100 par|[from] item: Leftovers
|upkeep
|
|t:|1610849896
|switch|p1a: Zygarde|Zygarde-10%|94/100
|-damage|p1a: Zygarde|88/100|[from] Stealth Rock
|-ability|p1a: Zygarde|Aura Break
|turn|42
|
|t:|1610849899
|move|p1a: Zygarde|Thousand Arrows|p2a: Seismitoad
|-damage|p2a: Seismitoad|9/100 par
|cant|p2a: Seismitoad|par
|
|-heal|p2a: Seismitoad|15/100 par|[from] item: Leftovers
|upkeep
|turn|43
|
|t:|1610849903
|move|p1a: Zygarde|Thousand Arrows|p2a: Seismitoad
|-damage|p2a: Seismitoad|0 fnt
|faint|p2a: Seismitoad
|
|upkeep
|
|t:|1610849905
|switch|p2a: Togekiss|Togekiss, F|73/100 par
|turn|44
|
|t:|1610849909
|move|p1a: Zygarde|Thousand Arrows|p2a: Togekiss
|-damage|p2a: Togekiss|25/100 par
|-start|p2a: Togekiss|Smack Down
|move|p2a: Togekiss|Defog|p1a: Zygarde
|-unboost|p1a: Zygarde|evasion|1
|-sideend|p1: Decem|Stealth Rock|[from] move: Defog|[of] p2a: Togekiss
|-sideend|p2: LethalHobo723|Stealth Rock|[from] move: Defog|[of] p2a: Togekiss
|
|upkeep
|turn|45
|
|t:|1610849914
|move|p1a: Zygarde|Thousand Arrows|p2a: Togekiss
|-damage|p2a: Togekiss|0 fnt
|faint|p2a: Togekiss
|
|upkeep
|
|t:|1610849917
|switch|p2a: Darmanitan|Darmanitan, M|13/100
|turn|46
|
|t:|1610849925
|switch|p1a: Togekiss|Togekiss, M|21/100
|move|p2a: Darmanitan|Earthquake|p1a: Togekiss
|-immune|p1a: Togekiss
|
|upkeep
|turn|47
|
|t:|1610849928
|move|p2a: Darmanitan|Earthquake|p1a: Togekiss
|-immune|p1a: Togekiss
|move|p1a: Togekiss|Air Slash|p2a: Darmanitan
|-damage|p2a: Darmanitan|0 fnt
|faint|p2a: Darmanitan
|
|win|Decem
|c|☆Decem|gg
|c|☆LethalHobo723|gg
|c| Aquarius Ghost ❤|score?
|c|☆Decem|1-0 me
