|j|☆Rozwel
|j|☆Kla0Trixx
|t:|1664014252
|gametype|singles
|player|p1|Rozwel|elesa|1333
|player|p2|Kla0Trixx|169|1444
|teamsize|p1|6
|teamsize|p2|6
|gen|8
|tier|[Gen 8] RU
|rated|
|rule|Sleep Clause Mod: Limit one foe put to sleep
|rule|Species Clause: Limit one of each Pokémon
|rule|OHKO Clause: OHKO moves are banned
|rule|Evasion Items Clause: Evasion items are banned
|rule|Evasion Moves Clause: Evasion moves are banned
|rule|Endless Battle Clause: Forcing endless battles is banned
|rule|HP Percentage Mod: HP is shown in percentages
|rule|Dynamax Clause: You cannot dynamax
|clearpoke
|poke|p1|Galvantula, M|
|poke|p1|Jellicent, F|
|poke|p1|Tornadus, M|
|poke|p1|Nidoqueen, F|
|poke|p1|Indeedee, M|
|poke|p1|Heracross, M|
|poke|p2|Ferroseed, F|
|poke|p2|Weezing-Galar, F|
|poke|p2|Gastrodon, M|
|poke|p2|Incineroar, M|
|poke|p2|Celebi|
|poke|p2|Xurkitree|
|teampreview
|
|t:|1664014268
|start
|switch|p1a: Galvantula|Galvantula, M|100/100
|switch|p2a: Incineroar|Incineroar, M|100/100
|-ability|p2a: Incineroar|Intimidate|boost
|-unboost|p1a: Galvantula|atk|1
|turn|1
|
|t:|1664014276
|switch|p2a: Ferroseed|Ferroseed, F|100/100
|move|p1a: Galvantula|Thunder Wave|p2a: Ferroseed
|-status|p2a: Ferroseed|par
|
|upkeep
|turn|2
|
|t:|1664014285
|move|p1a: Galvantula|Bug Buzz|p2a: Ferroseed
|-damage|p2a: Ferroseed|75/100 par
|move|p2a: Ferroseed|Stealth Rock|p1a: Galvantula
|-sidestart|p1: Rozwel|move: Stealth Rock
|
|upkeep
|turn|3
|
|t:|1664014293
|move|p1a: Galvantula|Sticky Web|p2a: Ferroseed
|-sidestart|p2: Kla0Trixx|move: Sticky Web
|cant|p2a: Ferroseed|par
|
|upkeep
|turn|4
|
|t:|1664014301
|switch|p1a: Heracross|Heracross, M|100/100
|-damage|p1a: Heracross|88/100|[from] Stealth Rock
|move|p2a: Ferroseed|Leech Seed|p1a: Heracross|[miss]
|-miss|p2a: Ferroseed|p1a: Heracross
|
|upkeep
|turn|5
|
|t:|1664014310
|switch|p2a: Weezing|Weezing-Galar, F|100/100
|move|p1a: Heracross|Knock Off|p2a: Weezing
|-resisted|p2a: Weezing
|-damage|p2a: Weezing|89/100
|-enditem|p2a: Weezing|Black Sludge|[from] move: Knock Off|[of] p1a: Heracross
|
|upkeep
|turn|6
|
|t:|1664014320
|switch|p1a: Tornadus|Tornadus, M|100/100
|-damage|p1a: Tornadus|76/100|[from] Stealth Rock
|move|p2a: Weezing|Toxic Spikes|p1a: Tornadus
|-sidestart|p1: Rozwel|move: Toxic Spikes
|
|upkeep
|turn|7
|
|t:|1664014328
|switch|p1a: Nidoqueen|Nidoqueen, F|100/100
|-damage|p1a: Nidoqueen|94/100|[from] Stealth Rock
|-sideend|p1: Rozwel|move: Toxic Spikes|[of] p1a: Nidoqueen
|switch|p2a: Incineroar|Incineroar, M|100/100
|-activate|p2a: Incineroar|move: Sticky Web
|-unboost|p2a: Incineroar|spe|1
|-ability|p2a: Incineroar|Intimidate|boost
|-unboost|p1a: Nidoqueen|atk|1
|
|upkeep
|turn|8
|
|t:|1664014342
|switch|p2a: Gastrodon|Gastrodon, M|100/100
|-activate|p2a: Gastrodon|move: Sticky Web
|-unboost|p2a: Gastrodon|spe|1
|move|p1a: Nidoqueen|Stealth Rock|p2a: Gastrodon
|-sidestart|p2: Kla0Trixx|move: Stealth Rock
|
|upkeep
|turn|9
|
|t:|1664014352
|switch|p1a: Jellicent|Jellicent, F|100/100
|-damage|p1a: Jellicent|88/100|[from] Stealth Rock
|move|p2a: Gastrodon|Toxic|p1a: Jellicent
|-status|p1a: Jellicent|tox
|
|-heal|p1a: Jellicent|94/100 tox|[from] item: Leftovers
|-damage|p1a: Jellicent|88/100 tox|[from] psn
|upkeep
|turn|10
|
|t:|1664014370
|switch|p1a: Indeedee|Indeedee, M|100/100
|-damage|p1a: Indeedee|88/100|[from] Stealth Rock
|-fieldstart|move: Psychic Terrain|[from] ability: Psychic Surge|[of] p1a: Indeedee
|switch|p2a: Xurkitree|Xurkitree|100/100
|-activate|p2a: Xurkitree|move: Sticky Web
|-unboost|p2a: Xurkitree|spe|1
|-damage|p2a: Xurkitree|88/100|[from] Stealth Rock
|
|upkeep
|turn|11
|
|t:|1664014381
|switch|p2a: Incineroar|Incineroar, M|100/100
|-activate|p2a: Incineroar|move: Sticky Web
|-unboost|p2a: Incineroar|spe|1
|-damage|p2a: Incineroar|76/100|[from] Stealth Rock
|-ability|p2a: Incineroar|Intimidate|boost
|-unboost|p1a: Indeedee|atk|1
|move|p1a: Indeedee|Hyper Voice|p2a: Incineroar
|-damage|p2a: Incineroar|43/100
|
|upkeep
|turn|12
|
|t:|1664014396
|switch|p1a: Heracross|Heracross, M|88/100
|-damage|p1a: Heracross|76/100|[from] Stealth Rock
|move|p2a: Incineroar|Knock Off|p1a: Heracross
|-resisted|p1a: Heracross
|-damage|p1a: Heracross|40/100
|-enditem|p1a: Heracross|Choice Scarf|[from] move: Knock Off|[of] p2a: Incineroar
|
|upkeep
|turn|13
|
|t:|1664014416
|switch|p1a: Galvantula|Galvantula, M|100/100
|-damage|p1a: Galvantula|76/100|[from] Stealth Rock
|switch|p2a: Weezing|Weezing-Galar, F|89/100
|-damage|p2a: Weezing|77/100|[from] Stealth Rock
|
|upkeep
|turn|14
|
|t:|1664014426
|move|p2a: Weezing|Protect|p2a: Weezing
|-singleturn|p2a: Weezing|Protect
|move|p1a: Galvantula|Thunder|p2a: Weezing
|-activate|p2a: Weezing|move: Protect
|
|-fieldend|move: Psychic Terrain
|upkeep
|turn|15
|
|t:|1664014436
|switch|p2a: Ferroseed|Ferroseed, F|75/100 par
|-activate|p2a: Ferroseed|move: Sticky Web
|-unboost|p2a: Ferroseed|spe|1
|-damage|p2a: Ferroseed|69/100 par|[from] Stealth Rock
|move|p1a: Galvantula|Bug Buzz|p2a: Ferroseed
|-damage|p2a: Ferroseed|40/100 par
|
|upkeep
|turn|16
|
|t:|1664014444
|move|p1a: Galvantula|Bug Buzz|p2a: Ferroseed
|-damage|p2a: Ferroseed|15/100 par
|cant|p2a: Ferroseed|par
|
|upkeep
|turn|17
|
|t:|1664014449
|move|p1a: Galvantula|Bug Buzz|p2a: Ferroseed
|-crit|p2a: Ferroseed
|-damage|p2a: Ferroseed|0 fnt
|faint|p2a: Ferroseed
|
|upkeep
|
|t:|1664014455
|switch|p2a: Xurkitree|Xurkitree|88/100
|-activate|p2a: Xurkitree|move: Sticky Web
|-unboost|p2a: Xurkitree|spe|1
|-damage|p2a: Xurkitree|76/100|[from] Stealth Rock
|turn|18
|
|t:|1664014463
|move|p1a: Galvantula|Bug Buzz|p2a: Xurkitree
|-damage|p2a: Xurkitree|15/100
|-unboost|p2a: Xurkitree|spd|1
|move|p2a: Xurkitree|Dazzling Gleam|p1a: Galvantula
|-damage|p1a: Galvantula|10/100
|
|upkeep
|turn|19
|
|t:|1664014471
|move|p1a: Galvantula|Bug Buzz|p2a: Xurkitree
|-damage|p2a: Xurkitree|0 fnt
|faint|p2a: Xurkitree
|
|upkeep
|
|t:|1664014472
|switch|p2a: Gastrodon|Gastrodon, M|100/100
|-activate|p2a: Gastrodon|move: Sticky Web
|-unboost|p2a: Gastrodon|spe|1
|-damage|p2a: Gastrodon|94/100|[from] Stealth Rock
|turn|20
|
|t:|1664014480
|move|p1a: Galvantula|Bug Buzz|p2a: Gastrodon
|-crit|p2a: Gastrodon
|-damage|p2a: Gastrodon|41/100
|move|p2a: Gastrodon|Scald|p1a: Galvantula
|-damage|p1a: Galvantula|0 fnt
|faint|p1a: Galvantula
|
|-heal|p2a: Gastrodon|47/100|[from] item: Leftovers
|upkeep
|
|t:|1664014502
|switch|p1a: Tornadus|Tornadus, M|76/100
|-damage|p1a: Tornadus|51/100|[from] Stealth Rock
|turn|21
|
|t:|1664014507
|move|p1a: Tornadus|Acrobatics|p2a: Gastrodon
|-crit|p2a: Gastrodon
|-damage|p2a: Gastrodon|0 fnt
|faint|p2a: Gastrodon
|
|upkeep
|
|t:|1664014511
|switch|p2a: Weezing|Weezing-Galar, F|77/100
|-damage|p2a: Weezing|64/100|[from] Stealth Rock
|turn|22
|
|t:|1664014516
|move|p1a: Tornadus|Acrobatics|p2a: Weezing
|-damage|p2a: Weezing|29/100
|move|p2a: Weezing|Defog|p1a: Tornadus
|-unboost|p1a: Tornadus|evasion|1
|-ability|p1a: Tornadus|Defiant
|-boost|p1a: Tornadus|atk|2
|-sideend|p1: Rozwel|Stealth Rock|[from] move: Defog|[of] p2a: Weezing
|-sideend|p2: Kla0Trixx|Stealth Rock|[from] move: Defog|[of] p2a: Weezing
|-sideend|p2: Kla0Trixx|Sticky Web|[from] move: Defog|[of] p2a: Weezing
|
|upkeep
|turn|23
|-message|Kla0Trixx forfeited.
|
|win|Rozwel
|raw|Rozwel's rating: 1333 &rarr; <strong>1359</strong><br />(+26 for winning)
|raw|Kla0Trixx's rating: 1444 &rarr; <strong>1418</strong><br />(-26 for losing)
|l|☆Kla0Trixx
