|j|☆troublebubble
|j|☆NORTHSIDE 38
|t:|1607517689
|player|p1|troublebubble|70|1519
|player|p2|NORTHSIDE 38|170|1588
|teamsize|p1|6
|teamsize|p2|6
|gametype|singles
|gen|8
|tier|[Gen 8] RU
|rated|
|clearpoke
|poke|p1|Registeel|
|poke|p1|Slowking, F|
|poke|p1|Crobat, M|
|poke|p1|Suicune|
|poke|p1|Mimikyu, M|
|poke|p1|Mienshao, F|
|poke|p2|Virizion|
|poke|p2|Slowking, M|
|poke|p2|Weezing-Galar, F|
|poke|p2|Registeel|
|poke|p2|Thundurus, M|
|poke|p2|Umbreon, M|
|rule|Sleep Clause Mod: Limit one foe put to sleep
|rule|Species Clause: Limit one of each Pokémon
|rule|OHKO Clause: OHKO moves are banned
|rule|Evasion Moves Clause: Evasion moves are banned
|rule|Endless Battle Clause: Forcing endless battles is banned
|rule|HP Percentage Mod: HP is shown in percentages
|rule|Dynamax Clause: You cannot dynamax
|teampreview
|inactive|Battle timer is ON: inactive players will automatically lose when time's up. (requested by NORTHSIDE 38)
|
|t:|1607517704
|start
|switch|p1a: Mienshao|Mienshao, F|100/100
|switch|p2a: DIAMONDS GON SHINE|Thundurus, M|100/100
|turn|1
|
|t:|1607517708
|switch|p2a: 8 ON MY CHAIN|Registeel|100/100
|move|p1a: Mienshao|U-turn|p2a: 8 ON MY CHAIN
|-resisted|p2a: 8 ON MY CHAIN
|-damage|p2a: 8 ON MY CHAIN|92/100
|
|t:|1607517713
|switch|p1a: Suicune|Suicune|100/100|[from]move: U-turn
|-ability|p1a: Suicune|Pressure
|
|-heal|p2a: 8 ON MY CHAIN|98/100|[from] item: Leftovers
|upkeep
|turn|2
|
|t:|1607517718
|move|p1a: Suicune|Substitute|p1a: Suicune
|-start|p1a: Suicune|Substitute
|-damage|p1a: Suicune|75/100
|move|p2a: 8 ON MY CHAIN|Stealth Rock|p1a: Suicune
|-sidestart|p1: troublebubble|move: Stealth Rock
|
|-heal|p1a: Suicune|82/100|[from] item: Leftovers
|-heal|p2a: 8 ON MY CHAIN|100/100|[from] item: Leftovers
|upkeep
|turn|3
|
|t:|1607517721
|switch|p2a: ME AND TRIPPIE RED|Virizion, shiny|100/100
|move|p1a: Suicune|Calm Mind|p1a: Suicune
|-boost|p1a: Suicune|spa|1
|-boost|p1a: Suicune|spd|1
|
|-heal|p1a: Suicune|88/100|[from] item: Leftovers
|upkeep
|turn|4
|
|t:|1607517727
|move|p2a: ME AND TRIPPIE RED|Leaf Blade|p1a: Suicune
|-supereffective|p1a: Suicune
|-end|p1a: Suicune|Substitute
|-damage|p2a: ME AND TRIPPIE RED|91/100|[from] item: Life Orb
|move|p1a: Suicune|Scald|p2a: ME AND TRIPPIE RED
|-resisted|p2a: ME AND TRIPPIE RED
|-damage|p2a: ME AND TRIPPIE RED|76/100
|-status|p2a: ME AND TRIPPIE RED|brn
|
|-heal|p1a: Suicune|94/100|[from] item: Leftovers
|-damage|p2a: ME AND TRIPPIE RED|70/100 brn|[from] brn
|upkeep
|turn|5
|
|t:|1607517735
|move|p2a: ME AND TRIPPIE RED|Leaf Blade|p1a: Suicune
|-supereffective|p1a: Suicune
|-damage|p1a: Suicune|65/100
|-damage|p2a: ME AND TRIPPIE RED|60/100 brn|[from] item: Life Orb
|move|p1a: Suicune|Substitute|p1a: Suicune
|-start|p1a: Suicune|Substitute
|-damage|p1a: Suicune|40/100
|
|-heal|p1a: Suicune|46/100|[from] item: Leftovers
|-damage|p2a: ME AND TRIPPIE RED|53/100 brn|[from] brn
|upkeep
|turn|6
|
|t:|1607517741
|switch|p2a: DIAMONDS GON SHINE|Thundurus, M|100/100
|move|p1a: Suicune|Protect||[still]
|-fail|p1a: Suicune
|
|-heal|p1a: Suicune|52/100|[from] item: Leftovers
|upkeep
|turn|7
|
|t:|1607517745
|move|p1a: Suicune|Protect|p1a: Suicune
|-singleturn|p1a: Suicune|Protect
|move|p2a: DIAMONDS GON SHINE|Nasty Plot|p2a: DIAMONDS GON SHINE
|-boost|p2a: DIAMONDS GON SHINE|spa|2
|
|-heal|p1a: Suicune|59/100|[from] item: Leftovers
|upkeep
|turn|8
|
|t:|1607517749
|move|p2a: DIAMONDS GON SHINE|Grass Knot|p1a: Suicune
|-supereffective|p1a: Suicune
|-end|p1a: Suicune|Substitute
|move|p1a: Suicune|Scald|p2a: DIAMONDS GON SHINE
|-damage|p2a: DIAMONDS GON SHINE|47/100
|
|-heal|p1a: Suicune|65/100|[from] item: Leftovers
|upkeep
|turn|9
|j| ILoveVileplume
|
|t:|1607517755
|switch|p1a: Registeel|Registeel|100/100
|-damage|p1a: Registeel|94/100|[from] Stealth Rock
|move|p2a: DIAMONDS GON SHINE|Volt Switch|p1a: Registeel
|-damage|p1a: Registeel|58/100
|
|t:|1607517761
|switch|p2a: WHOLE FULL MOON|Umbreon, M, shiny|100/100|[from]move: Volt Switch
|
|-heal|p1a: Registeel|64/100|[from] item: Leftovers
|upkeep
|turn|10
|
|t:|1607517765
|move|p2a: WHOLE FULL MOON|Heal Bell|p2a: WHOLE FULL MOON
|-activate|p2a: WHOLE FULL MOON|move: Heal Bell
|-curestatus|p2: ME AND TRIPPIE RED|brn|[msg]
|move|p1a: Registeel|Toxic|p2a: WHOLE FULL MOON
|-status|p2a: WHOLE FULL MOON|tox
|-activate|p2a: WHOLE FULL MOON|ability: Synchronize
|-immune|p1a: Registeel
|
|-heal|p1a: Registeel|70/100|[from] item: Leftovers
|-damage|p2a: WHOLE FULL MOON|94/100 tox|[from] psn
|upkeep
|turn|11
|
|t:|1607517767
|move|p2a: WHOLE FULL MOON|Wish|p2a: WHOLE FULL MOON
|move|p1a: Registeel|Stealth Rock|p2a: WHOLE FULL MOON
|-sidestart|p2: NORTHSIDE 38|move: Stealth Rock
|
|-heal|p1a: Registeel|76/100|[from] item: Leftovers
|-damage|p2a: WHOLE FULL MOON|82/100 tox|[from] psn
|upkeep
|turn|12
|
|t:|1607517772
|switch|p2a: ME AND TRIPPIE RED|Virizion, shiny|53/100
|-damage|p2a: ME AND TRIPPIE RED|47/100|[from] Stealth Rock
|move|p1a: Registeel|Toxic|p2a: ME AND TRIPPIE RED
|-status|p2a: ME AND TRIPPIE RED|tox
|
|-heal|p2a: ME AND TRIPPIE RED|100/100 tox|[from] move: Wish|[wisher] WHOLE FULL MOON
|-heal|p1a: Registeel|82/100|[from] item: Leftovers
|-damage|p2a: ME AND TRIPPIE RED|94/100 tox|[from] psn
|upkeep
|turn|13
|
|t:|1607517778
|switch|p2a: ME AND YOUNGBOY|Slowking, M|100/100
|switch|p1a: Crobat|Crobat, M|100/100
|
|upkeep
|turn|14
|
|t:|1607517785
|move|p1a: Crobat|U-turn|p2a: ME AND YOUNGBOY
|-supereffective|p2a: ME AND YOUNGBOY
|-damage|p2a: ME AND YOUNGBOY|74/100
|
|t:|1607517788
|switch|p1a: Suicune|Suicune|65/100|[from]move: U-turn
|-damage|p1a: Suicune|52/100|[from] Stealth Rock
|-ability|p1a: Suicune|Pressure
|move|p2a: ME AND YOUNGBOY|Future Sight|p1a: Suicune
|-start|p2a: ME AND YOUNGBOY|move: Future Sight
|
|-heal|p1a: Suicune|59/100|[from] item: Leftovers
|upkeep
|turn|15
|
|t:|1607517793
|move|p1a: Suicune|Substitute|p1a: Suicune
|-start|p1a: Suicune|Substitute
|-damage|p1a: Suicune|34/100
|move|p2a: ME AND YOUNGBOY|Teleport|p2a: ME AND YOUNGBOY
|
|t:|1607517795
|switch|p2a: DIAMONDS GON SHINE|Thundurus, M|47/100|[from]move: Teleport
|
|-heal|p1a: Suicune|40/100|[from] item: Leftovers
|upkeep
|turn|16
|
|t:|1607517799
|move|p1a: Suicune|Protect|p1a: Suicune
|-singleturn|p1a: Suicune|Protect
|move|p2a: DIAMONDS GON SHINE|Volt Switch|p1a: Suicune
|-activate|p1a: Suicune|move: Protect
|
|-end|p1a: Suicune|move: Future Sight
|-end|p1a: Suicune|Substitute
|-heal|p1a: Suicune|46/100|[from] item: Leftovers
|upkeep
|turn|17
|
|t:|1607517806
|switch|p1a: Registeel|Registeel|82/100
|-damage|p1a: Registeel|76/100|[from] Stealth Rock
|move|p2a: DIAMONDS GON SHINE|Volt Switch|p1a: Registeel
|-damage|p1a: Registeel|59/100
|
|t:|1607517816
|switch|p2a: 8 ON MY CHAIN|Registeel|100/100|[from]move: Volt Switch
|-damage|p2a: 8 ON MY CHAIN|94/100|[from] Stealth Rock
|
|-heal|p1a: Registeel|65/100|[from] item: Leftovers
|-heal|p2a: 8 ON MY CHAIN|100/100|[from] item: Leftovers
|upkeep
|turn|18
|
|t:|1607517821
|move|p1a: Registeel|Protect|p1a: Registeel
|-singleturn|p1a: Registeel|Protect
|move|p2a: 8 ON MY CHAIN|Seismic Toss|p1a: Registeel
|-activate|p1a: Registeel|move: Protect
|
|-heal|p1a: Registeel|71/100|[from] item: Leftovers
|upkeep
|turn|19
|
|t:|1607517825
|switch|p1a: Suicune|Suicune|46/100
|-damage|p1a: Suicune|34/100|[from] Stealth Rock
|-ability|p1a: Suicune|Pressure
|move|p2a: 8 ON MY CHAIN|Seismic Toss|p1a: Suicune
|-damage|p1a: Suicune|9/100
|
|-heal|p1a: Suicune|15/100|[from] item: Leftovers
|upkeep
|turn|20
|
|t:|1607517829
|move|p1a: Suicune|Protect|p1a: Suicune
|-singleturn|p1a: Suicune|Protect
|move|p2a: 8 ON MY CHAIN|Seismic Toss|p1a: Suicune
|-activate|p1a: Suicune|move: Protect
|
|-heal|p1a: Suicune|21/100|[from] item: Leftovers
|upkeep
|turn|21
|
|t:|1607517834
|move|p1a: Suicune|Protect||[still]
|-fail|p1a: Suicune
|move|p2a: 8 ON MY CHAIN|Seismic Toss|p1a: Suicune
|-damage|p1a: Suicune|0 fnt
|faint|p1a: Suicune
|
|upkeep
|
|t:|1607517836
|switch|p1a: Mienshao|Mienshao, F|100/100
|-damage|p1a: Mienshao|95/100|[from] Stealth Rock
|turn|22
|
|t:|1607517839
|move|p2a: 8 ON MY CHAIN|Protect|p2a: 8 ON MY CHAIN
|-singleturn|p2a: 8 ON MY CHAIN|Protect
|move|p1a: Mienshao|High Jump Kick|p2a: 8 ON MY CHAIN
|-activate|p2a: 8 ON MY CHAIN|move: Protect
|-damage|p1a: Mienshao|45/100|[from] highjumpkick
|
|upkeep
|turn|23
|
|t:|1607517843
|switch|p2a: SIP DRANK|Weezing-Galar, F, shiny|100/100
|-ability|p2a: SIP DRANK|Neutralizing Gas
|-damage|p2a: SIP DRANK|88/100|[from] Stealth Rock
|move|p1a: Mienshao|High Jump Kick|p2a: SIP DRANK|[miss]
|-miss|p1a: Mienshao|p2a: SIP DRANK
|-damage|p1a: Mienshao|0 fnt|[from] highjumpkick
|faint|p1a: Mienshao
|
|upkeep
|
|t:|1607517855
|switch|p1a: Crobat|Crobat, M|100/100
|turn|24
|
|t:|1607517859
|switch|p2a: 8 ON MY CHAIN|Registeel|100/100
|-damage|p2a: 8 ON MY CHAIN|94/100|[from] Stealth Rock
|move|p1a: Crobat|U-turn|p2a: 8 ON MY CHAIN
|-resisted|p2a: 8 ON MY CHAIN
|-damage|p2a: 8 ON MY CHAIN|88/100
|
|t:|1607517865
|switch|p1a: Mimikyu|Mimikyu, M|100/100|[from]move: U-turn
|-damage|p1a: Mimikyu|88/100|[from] Stealth Rock
|
|-heal|p2a: 8 ON MY CHAIN|94/100|[from] item: Leftovers
|upkeep
|turn|25
|
|t:|1607517867
|move|p1a: Mimikyu|Swords Dance|p1a: Mimikyu
|-boost|p1a: Mimikyu|atk|2
|move|p2a: 8 ON MY CHAIN|Toxic|p1a: Mimikyu
|-status|p1a: Mimikyu|tox
|
|-heal|p2a: 8 ON MY CHAIN|99/100|[from] item: Leftovers
|-damage|p1a: Mimikyu|82/100 tox|[from] psn
|upkeep
|turn|26
|
|t:|1607517871
|move|p2a: 8 ON MY CHAIN|Protect|p2a: 8 ON MY CHAIN
|-singleturn|p2a: 8 ON MY CHAIN|Protect
|move|p1a: Mimikyu|Swords Dance|p1a: Mimikyu
|-boost|p1a: Mimikyu|atk|2
|
|-heal|p2a: 8 ON MY CHAIN|100/100|[from] item: Leftovers
|-damage|p1a: Mimikyu|70/100 tox|[from] psn
|upkeep
|turn|27
|
|t:|1607517874
|switch|p2a: SIP DRANK|Weezing-Galar, F, shiny|88/100
|-ability|p2a: SIP DRANK|Neutralizing Gas
|-damage|p2a: SIP DRANK|76/100|[from] Stealth Rock
|move|p1a: Mimikyu|Drain Punch|p2a: SIP DRANK
|-resisted|p2a: SIP DRANK
|-damage|p2a: SIP DRANK|64/100
|-heal|p1a: Mimikyu|78/100 tox|[from] drain|[of] p2a: SIP DRANK
|-damage|p1a: Mimikyu|62/100 tox|[from] item: Rocky Helmet|[of] p2a: SIP DRANK
|-damage|p1a: Mimikyu|52/100 tox|[from] item: Life Orb
|
|-damage|p1a: Mimikyu|34/100 tox|[from] psn
|upkeep
|turn|28
|
|t:|1607517878
|move|p1a: Mimikyu|Play Rough|p2a: SIP DRANK
|-resisted|p2a: SIP DRANK
|-damage|p2a: SIP DRANK|15/100
|-damage|p1a: Mimikyu|18/100 tox|[from] item: Rocky Helmet|[of] p2a: SIP DRANK
|-damage|p1a: Mimikyu|8/100 tox|[from] item: Life Orb
|move|p2a: SIP DRANK|Strange Steam|p1a: Mimikyu
|-activate|p1a: Mimikyu|ability: Disguise
|-damage|p1a: Mimikyu|8/100 tox
|detailschange|p1a: Mimikyu|Mimikyu-Busted, M
|-damage|p1a: Mimikyu|0 fnt|[from] pokemon: Mimikyu-Busted
|faint|p1a: Mimikyu
|
|upkeep
|-message|troublebubble forfeited.
|
|win|NORTHSIDE 38
|l|☆troublebubble
|raw|troublebubble's rating: 1490 &rarr; <strong>1476</strong><br />(-14 for losing)
|raw|NORTHSIDE 38's rating: 1588 &rarr; <strong>1603</strong><br />(+15 for winning)
|l|☆NORTHSIDE 38
