|html|<div class="broadcast-blue"><strong>[Gen 8] RU is currently suspecting Thundurus! For information on how to participate check out the <a href="https://www.smogon.com/forums/threads/np-ru-stage-5-electric-feel-thundurus-suspect.3676870/">suspect thread</a>.</strong></div>
|j|☆RUT8 Floor Mat
|j|☆Raikou sailor
|t:|1611865263
|player|p1|RUT8 Floor Mat|unknown|1237
|player|p2|Raikou sailor|ninjaboy|1147
|teamsize|p1|6
|teamsize|p2|6
|gametype|singles
|gen|8
|tier|[Gen 8] RU
|rated|
|clearpoke
|poke|p1|Golisopod, F|
|poke|p1|Zarude-Dada|
|poke|p1|Toxtricity, F|
|poke|p1|Zygarde-10%|
|poke|p1|Togekiss, F|
|poke|p1|Darmanitan, M|
|poke|p2|Cloyster, M|
|poke|p2|Polteageist|
|poke|p2|Blastoise, F|
|poke|p2|Torkoal, M|
|poke|p2|Omastar, F|
|poke|p2|Crustle, M|
|rule|Sleep Clause Mod: Limit one foe put to sleep
|rule|Species Clause: Limit one of each Pokémon
|rule|OHKO Clause: OHKO moves are banned
|rule|Evasion Moves Clause: Evasion moves are banned
|rule|Endless Battle Clause: Forcing endless battles is banned
|rule|HP Percentage Mod: HP is shown in percentages
|rule|Dynamax Clause: You cannot dynamax
|teampreview
|inactive|Battle timer is ON: inactive players will automatically lose when time's up. (requested by Raikou sailor)
|c|☆RUT8 Floor Mat|hf!
|c|☆Raikou sailor|U 2
|
|t:|1611865283
|start
|switch|p1a: Toxtricity|Toxtricity, F|100/100
|switch|p2a: Polteageist|Polteageist|100/100
|turn|1
|
|t:|1611865289
|move|p2a: Polteageist|Shell Smash|p2a: Polteageist
|-unboost|p2a: Polteageist|def|1
|-unboost|p2a: Polteageist|spd|1
|-boost|p2a: Polteageist|atk|2
|-boost|p2a: Polteageist|spa|2
|-boost|p2a: Polteageist|spe|2
|move|p1a: Toxtricity|Volt Switch|p2a: Polteageist
|-enditem|p2a: Polteageist|Focus Sash
|-damage|p2a: Polteageist|1/100
|-start|p1a: Toxtricity|Disable|Volt Switch|[from] ability: Cursed Body|[of] p2a: Polteageist
|
|t:|1611865299
|switch|p1a: Golisopod|Golisopod, F|100/100|[from]move: Volt Switch
|
|upkeep
|turn|2
|
|t:|1611865307
|move|p1a: Golisopod|First Impression|p2a: Polteageist
|-resisted|p2a: Polteageist
|-damage|p2a: Polteageist|0 fnt
|faint|p2a: Polteageist
|
|upkeep
|
|t:|1611865314
|switch|p2a: Blastoise|Blastoise, F|100/100
|turn|3
|
|t:|1611865320
|move|p2a: Blastoise|Yawn|p1a: Golisopod
|-start|p1a: Golisopod|move: Yawn|[of] p2a: Blastoise
|move|p1a: Golisopod|Knock Off|p2a: Blastoise
|-damage|p2a: Blastoise|68/100
|-enditem|p2a: Blastoise|White Herb|[from] move: Knock Off|[of] p1a: Golisopod
|
|upkeep
|turn|4
|
|t:|1611865329
|switch|p1a: Zarude|Zarude-Dada|100/100
|move|p2a: Blastoise|Shell Smash|p2a: Blastoise
|-unboost|p2a: Blastoise|def|1
|-unboost|p2a: Blastoise|spd|1
|-boost|p2a: Blastoise|atk|2
|-boost|p2a: Blastoise|spa|2
|-boost|p2a: Blastoise|spe|2
|
|upkeep
|turn|5
|
|t:|1611865341
|switch|p1a: Golisopod|Golisopod, F|100/100
|move|p2a: Blastoise|Hydro Pump|p1a: Golisopod
|-resisted|p1a: Golisopod
|-damage|p1a: Golisopod|59/100
|
|upkeep
|turn|6
|
|t:|1611865347
|move|p1a: Golisopod|First Impression|p2a: Blastoise
|-damage|p2a: Blastoise|0 fnt
|faint|p2a: Blastoise
|
|upkeep
|
|t:|1611865353
|switch|p2a: Cloyster|Cloyster, M|100/100
|turn|7
|
|t:|1611865355
|move|p2a: Cloyster|Shell Smash|p2a: Cloyster
|-unboost|p2a: Cloyster|def|1
|-unboost|p2a: Cloyster|spd|1
|-boost|p2a: Cloyster|atk|2
|-boost|p2a: Cloyster|spa|2
|-boost|p2a: Cloyster|spe|2
|-enditem|p2a: Cloyster|White Herb
|-clearnegativeboost|p2a: Cloyster|[silent]
|move|p1a: Golisopod|Knock Off|p2a: Cloyster
|-damage|p2a: Cloyster|82/100
|
|upkeep
|turn|8
|
|t:|1611865367
|switch|p1a: Togekiss|Togekiss, F|100/100
|move|p2a: Cloyster|Icicle Spear|p1a: Togekiss
|-supereffective|p1a: Togekiss
|-damage|p1a: Togekiss|70/100
|-supereffective|p1a: Togekiss
|-damage|p1a: Togekiss|41/100
|-supereffective|p1a: Togekiss
|-damage|p1a: Togekiss|9/100
|-supereffective|p1a: Togekiss
|-crit|p1a: Togekiss
|-damage|p1a: Togekiss|0 fnt
|-hitcount|p1a: Togekiss|4
|faint|p1a: Togekiss
|
|upkeep
|
|t:|1611865378
|switch|p1a: Golisopod|Golisopod, F|59/100
|turn|9
|
|t:|1611865383
|move|p1a: Golisopod|First Impression|p2a: Cloyster
|-damage|p2a: Cloyster|39/100
|move|p2a: Cloyster|Rock Blast|p1a: Golisopod
|-supereffective|p1a: Golisopod
|-damage|p1a: Golisopod|41/100
|-supereffective|p1a: Golisopod
|-damage|p1a: Golisopod|24/100
|-supereffective|p1a: Golisopod
|-damage|p1a: Golisopod|6/100
|-supereffective|p1a: Golisopod
|-damage|p1a: Golisopod|0 fnt
|-hitcount|p1a: Golisopod|4
|faint|p1a: Golisopod
|
|upkeep
|
|t:|1611865400
|switch|p1a: Zygarde|Zygarde-10%|100/100
|-ability|p1a: Zygarde|Aura Break
|turn|10
|
|t:|1611865404
|move|p1a: Zygarde|Extreme Speed|p2a: Cloyster
|-crit|p2a: Cloyster
|-damage|p2a: Cloyster|0 fnt
|faint|p2a: Cloyster
|
|upkeep
|
|t:|1611865415
|switch|p2a: Crustle|Crustle, M|100/100
|turn|11
|
|t:|1611865421
|switch|p1a: Darmanitan|Darmanitan, M|100/100
|move|p2a: Crustle|Shell Smash|p2a: Crustle
|-unboost|p2a: Crustle|def|1
|-unboost|p2a: Crustle|spd|1
|-boost|p2a: Crustle|atk|2
|-boost|p2a: Crustle|spa|2
|-boost|p2a: Crustle|spe|2
|
|upkeep
|turn|12
|
|t:|1611865432
|move|p1a: Darmanitan|Flare Blitz|p2a: Crustle
|-ability|p2a: Crustle|Sturdy
|-damage|p2a: Crustle|1/100
|-damage|p1a: Darmanitan|74/100|[from] Recoil
|move|p2a: Crustle|Rock Blast|p1a: Darmanitan
|-supereffective|p1a: Darmanitan
|-damage|p1a: Darmanitan|9/100
|-supereffective|p1a: Darmanitan
|-damage|p1a: Darmanitan|0 fnt
|-hitcount|p1a: Darmanitan|2
|faint|p1a: Darmanitan
|
|upkeep
|c|☆RUT8 Floor Mat|all shell smash if overwhelming lol
|inactive|RUT8 Floor Mat has 120 seconds left.
|
|t:|1611865463
|switch|p1a: Zygarde|Zygarde-10%|100/100
|-ability|p1a: Zygarde|Aura Break
|turn|13
|
|t:|1611865468
|move|p1a: Zygarde|Extreme Speed|p2a: Crustle
|-resisted|p2a: Crustle
|-damage|p2a: Crustle|0 fnt
|faint|p2a: Crustle
|
|upkeep
|
|t:|1611865475
|switch|p2a: Omastar|Omastar, F|100/100
|turn|14
|
|t:|1611865480
|switch|p1a: Zarude|Zarude-Dada|100/100
|move|p2a: Omastar|Ice Beam|p1a: Zarude
|-supereffective|p1a: Zarude
|-damage|p1a: Zarude|41/100
|
|upkeep
|turn|15
|
|t:|1611865489
|move|p1a: Zarude|Power Whip|p2a: Omastar
|-supereffective|p2a: Omastar
|-enditem|p2a: Omastar|Focus Sash
|-damage|p2a: Omastar|1/100
|-ability|p2a: Omastar|Weak Armor|boost
|-unboost|p2a: Omastar|def|1
|-boost|p2a: Omastar|spe|2
|move|p2a: Omastar|Shell Smash|p2a: Omastar
|-unboost|p2a: Omastar|def|1
|-unboost|p2a: Omastar|spd|1
|-boost|p2a: Omastar|atk|2
|-boost|p2a: Omastar|spa|2
|-boost|p2a: Omastar|spe|2
|
|upkeep
|turn|16
|
|t:|1611865501
|move|p2a: Omastar|Ice Beam|p1a: Zarude
|-supereffective|p1a: Zarude
|-damage|p1a: Zarude|0 fnt
|faint|p1a: Zarude
|
|upkeep
|
|t:|1611865505
|switch|p1a: Zygarde|Zygarde-10%|100/100
|-ability|p1a: Zygarde|Aura Break
|turn|17
|
|t:|1611865520
|move|p1a: Zygarde|Extreme Speed|p2a: Omastar
|-resisted|p2a: Omastar
|-damage|p2a: Omastar|0 fnt
|faint|p2a: Omastar
|
|upkeep
|
|t:|1611865526
|switch|p2a: Torkoal|Torkoal, M|100/100
|turn|18
|
|t:|1611865532
|switch|p1a: Toxtricity|Toxtricity, F|100/100
|move|p2a: Torkoal|Sludge Bomb|p1a: Toxtricity
|-resisted|p1a: Toxtricity
|-damage|p1a: Toxtricity|81/100
|
|upkeep
|turn|19
|c|☆RUT8 Floor Mat|gg! cool idea
|
|t:|1611865544
|move|p1a: Toxtricity|Boomburst|p2a: Torkoal
|-damage|p2a: Torkoal|0 fnt
|faint|p2a: Torkoal
|
|win|RUT8 Floor Mat
|c|☆Raikou sailor|GG
|raw|RUT8 Floor Mat's rating: 1237 &rarr; <strong>1256</strong><br />(+19 for winning)
|raw|Raikou sailor's rating: 1148 &rarr; <strong>1129</strong><br />(-19 for losing)
|l|☆Raikou sailor
|j|☆Raikou sailor
|player|p2|Raikou sailor|ninjaboy
|inactive|Battle timer is ON: inactive players will automatically lose when time's up. (requested by Raikou sailor)
|l|☆Raikou sailor
|player|p2|
|j|☆Raikou sailor
|player|p2|Raikou sailor|ninjaboy
|l|☆Raikou sailor
|player|p2|
