|j|☆EclecticEmpiricist
|j|☆JasperM
|inactive|Battle timer is ON: inactive players will automatically lose when time's up.
|t:|1605627658
|player|p1|EclecticEmpiricist|hiker-gen4|
|player|p2|JasperM|erika-gen2|
|teamsize|p1|6
|teamsize|p2|6
|gametype|singles
|gen|8
|tier|[Gen 8] RU
|rated|Tournament battle
|clearpoke
|poke|p1|Necrozma|
|poke|p1|Toxtricity, M|
|poke|p1|Conkeldurr, F|
|poke|p1|Lycanroc-Dusk, F|
|poke|p1|Noivern, M|
|poke|p1|Doublade, M|
|poke|p2|Slowking, F|
|poke|p2|Talonflame, F|
|poke|p2|Celebi|
|poke|p2|Mienshao, F|
|poke|p2|Rhyperior, F|
|poke|p2|Gardevoir, F|
|rule|Sleep Clause Mod: Limit one foe put to sleep
|rule|Species Clause: Limit one of each Pokémon
|rule|OHKO Clause: OHKO moves are banned
|rule|Evasion Moves Clause: Evasion moves are banned
|rule|Endless Battle Clause: Forcing endless battles is banned
|rule|HP Percentage Mod: HP is shown in percentages
|rule|Dynamax Clause: You cannot dynamax
|teampreview
|c|☆EclecticEmpiricist|hf
|c|☆JasperM|u2
|inactive|JasperM has 120 seconds left.
|
|t:|1605627701
|start
|switch|p1a: Necrozma|Necrozma|100/100
|switch|p2a: Rhyperior|Rhyperior, F|100/100
|turn|1
|
|t:|1605627710
|move|p1a: Necrozma|Photon Geyser|p2a: Rhyperior
|-damage|p2a: Rhyperior|51/100
|move|p2a: Rhyperior|Earthquake|p1a: Necrozma
|-damage|p1a: Necrozma|50/100
|
|-heal|p2a: Rhyperior|58/100|[from] item: Leftovers
|upkeep
|turn|2
|
|t:|1605627743
|move|p2a: Rhyperior|Protect|p2a: Rhyperior
|-singleturn|p2a: Rhyperior|Protect
|move|p1a: Necrozma|Photon Geyser|p2a: Rhyperior
|-activate|p2a: Rhyperior|move: Protect
|
|-heal|p2a: Rhyperior|64/100|[from] item: Leftovers
|upkeep
|turn|3
|
|t:|1605627757
|move|p1a: Necrozma|Photon Geyser|p2a: Rhyperior
|-damage|p2a: Rhyperior|16/100
|move|p2a: Rhyperior|Earthquake|p1a: Necrozma
|-damage|p1a: Necrozma|2/100
|
|-heal|p2a: Rhyperior|22/100|[from] item: Leftovers
|upkeep
|turn|4
|
|t:|1605627764
|move|p2a: Rhyperior|Protect|p2a: Rhyperior
|-singleturn|p2a: Rhyperior|Protect
|move|p1a: Necrozma|Meteor Beam||[still]
|-prepare|p1a: Necrozma|Meteor Beam
|-boost|p1a: Necrozma|spa|1
|-enditem|p1a: Necrozma|Power Herb
|-anim|p1a: Necrozma|Meteor Beam|p2a: Rhyperior
|-activate|p2a: Rhyperior|move: Protect
|
|-heal|p2a: Rhyperior|28/100|[from] item: Leftovers
|upkeep
|turn|5
|
|t:|1605627779
|switch|p2a: Gardevoir|Gardevoir, F|100/100
|-ability|p2a: Gardevoir|Prism Armor|[from] ability: Trace|[of] p1a: Necrozma
|move|p1a: Necrozma|Photon Geyser|p2a: Gardevoir
|-resisted|p2a: Gardevoir
|-damage|p2a: Gardevoir|57/100
|
|upkeep
|turn|6
|
|t:|1605627793
|move|p2a: Gardevoir|Psychic|p1a: Necrozma
|-resisted|p1a: Necrozma
|-damage|p1a: Necrozma|0 fnt
|faint|p1a: Necrozma
|
|upkeep
|
|t:|1605627805
|switch|p1a: Lycanroc|Lycanroc-Dusk, F|100/100
|turn|7
|
|t:|1605627813
|move|p2a: Gardevoir|Psychic|p1a: Lycanroc
|-damage|p1a: Lycanroc|13/100
|-unboost|p1a: Lycanroc|spd|1
|move|p1a: Lycanroc|Crunch|p2a: Gardevoir
|-damage|p2a: Gardevoir|0 fnt
|-damage|p1a: Lycanroc|3/100|[from] item: Life Orb
|faint|p2a: Gardevoir
|
|upkeep
|
|t:|1605627824
|switch|p2a: Talonflame|Talonflame, F|100/100
|turn|8
|
|t:|1605627832
|switch|p1a: Noivern|Noivern, M|100/100
|move|p2a: Talonflame|Brave Bird|p1a: Noivern
|-damage|p1a: Noivern|40/100
|-damage|p2a: Talonflame|80/100|[from] Recoil
|
|upkeep
|turn|9
|
|t:|1605627850
|switch|p1a: Doublade|Doublade, M|100/100
|move|p2a: Talonflame|Brave Bird|p1a: Doublade
|-resisted|p1a: Doublade
|-damage|p1a: Doublade|89/100
|-damage|p2a: Talonflame|75/100|[from] Recoil
|
|upkeep
|turn|10
|
|t:|1605627854
|move|p2a: Talonflame|Flare Blitz|p1a: Doublade
|-supereffective|p1a: Doublade
|-damage|p1a: Doublade|41/100
|-damage|p2a: Talonflame|58/100|[from] Recoil
|move|p1a: Doublade|Swords Dance|p1a: Doublade
|-boost|p1a: Doublade|atk|2
|
|upkeep
|turn|11
|
|t:|1605627863
|move|p1a: Doublade|Shadow Sneak|p2a: Talonflame
|-damage|p2a: Talonflame|0 fnt
|faint|p2a: Talonflame
|
|upkeep
|inactive|JasperM has 120 seconds left.
|
|t:|1605627904
|switch|p2a: Mienshao|Mienshao, F|100/100
|turn|12
|
|t:|1605627920
|move|p1a: Doublade|Shadow Sneak|p2a: Mienshao
|-damage|p2a: Mienshao|22/100
|move|p2a: Mienshao|Knock Off|p1a: Doublade
|-supereffective|p1a: Doublade
|-damage|p1a: Doublade|0 fnt
|-enditem|p1a: Doublade|Eviolite|[from] move: Knock Off|[of] p2a: Mienshao
|faint|p1a: Doublade
|
|upkeep
|inactive|EclecticEmpiricist has 120 seconds left.
|
|t:|1605627955
|switch|p1a: Noivern|Noivern, M|40/100
|turn|13
|
|t:|1605627968
|move|p1a: Noivern|Draco Meteor|p2a: Mienshao
|-damage|p2a: Mienshao|0 fnt
|-unboost|p1a: Noivern|spa|2
|faint|p2a: Mienshao
|
|upkeep
|inactive|JasperM has 120 seconds left.
|
|t:|1605627993
|switch|p2a: Slowking|Slowking, F|100/100
|turn|14
|
|t:|1605627995
|move|p1a: Noivern|U-turn|p2a: Slowking
|-supereffective|p2a: Slowking
|-damage|p2a: Slowking|83/100
|
|t:|1605628000
|switch|p1a: Conkeldurr|Conkeldurr, F|100/100|[from]move: U-turn
|move|p2a: Slowking|Future Sight|p1a: Conkeldurr
|-start|p2a: Slowking|move: Future Sight
|
|-heal|p2a: Slowking|89/100|[from] item: Leftovers
|-status|p1a: Conkeldurr|brn|[from] item: Flame Orb
|upkeep
|turn|15
|inactive|JasperM has 120 seconds left.
|
|t:|1605628018
|move|p1a: Conkeldurr|Knock Off|p2a: Slowking
|-supereffective|p2a: Slowking
|-damage|p2a: Slowking|2/100
|-enditem|p2a: Slowking|Leftovers|[from] move: Knock Off|[of] p1a: Conkeldurr
|move|p2a: Slowking|Teleport|p2a: Slowking
|inactive|JasperM has 120 seconds left.
|
|t:|1605628023
|switch|p2a: Celebi|Celebi|100/100|[from]move: Teleport
|
|-damage|p1a: Conkeldurr|95/100 brn|[from] brn
|upkeep
|turn|16
|
|t:|1605628043
|move|p2a: Celebi|Psychic|p1a: Conkeldurr
|-supereffective|p1a: Conkeldurr
|-damage|p1a: Conkeldurr|0 fnt
|faint|p1a: Conkeldurr
|
|-hint|Future Sight did not hit because the target is the user.
|upkeep
|
|t:|1605628052
|switch|p1a: Lycanroc|Lycanroc-Dusk, F|3/100
|turn|17
|
|t:|1605628065
|switch|p2a: Slowking|Slowking, F|36/100
|move|p1a: Lycanroc|Crunch|p2a: Slowking
|-supereffective|p2a: Slowking
|-damage|p2a: Slowking|0 fnt
|-damage|p1a: Lycanroc|0 fnt|[from] item: Life Orb
|faint|p2a: Slowking
|faint|p1a: Lycanroc
|
|upkeep
|
|t:|1605628076
|switch|p1a: Noivern|Noivern, M|40/100
|switch|p2a: Celebi|Celebi|100/100
|turn|18
|
|t:|1605628083
|move|p1a: Noivern|Hurricane|p2a: Celebi|[miss]
|-miss|p1a: Noivern|p2a: Celebi
|move|p2a: Celebi|Psychic|p1a: Noivern
|-damage|p1a: Noivern|0 fnt
|faint|p1a: Noivern
|
|upkeep
|
|t:|1605628085
|switch|p1a: Toxtricity|Toxtricity, M|100/100
|turn|19
|
|t:|1605628088
|move|p2a: Celebi|Psychic|p1a: Toxtricity
|-supereffective|p1a: Toxtricity
|-damage|p1a: Toxtricity|0 fnt
|faint|p1a: Toxtricity
|
|win|JasperM
|l|☆EclecticEmpiricist
|c|☆JasperM|nice  i beat a 1500+
