|j|☆Master jvag
|j|☆Seandb
|player|p1|Master jvag|giovanni|1181
|player|p2|Seandb|roxie|1169
|teamsize|p1|6
|teamsize|p2|6
|gametype|singles
|gen|8
|tier|[Gen 8] RU
|rated|
|clearpoke
|poke|p1|Scrafty, F|
|poke|p1|Salazzle, F|
|poke|p1|Xatu, M|
|poke|p1|Steelix, F|
|poke|p1|Virizion|
|poke|p1|Kingler, F|
|poke|p2|Charizard, M|
|poke|p2|Ninetales, M|
|poke|p2|Leafeon, F|
|poke|p2|Mudsdale, M|
|poke|p2|Galvantula, M|
|poke|p2|Hitmonlee, M|
|rule|Sleep Clause Mod: Limit one foe put to sleep
|rule|Species Clause: Limit one of each Pokémon
|rule|OHKO Clause: OHKO moves are banned
|rule|Evasion Moves Clause: Evasion moves are banned
|rule|Endless Battle Clause: Forcing endless battles is banned
|rule|HP Percentage Mod: HP is shown in percentages
|rule|Dynamax Clause: You cannot dynamax
|teampreview
|
|start
|switch|p1a: Steelix|Steelix, F|100/100
|switch|p2a: Ninetales|Ninetales, M|100/100
|-weather|SunnyDay|[from] ability: Drought|[of] p2a: Ninetales
|turn|1
|inactive|Battle timer is ON: inactive players will automatically lose when time's up. (requested by Master jvag)
|
|switch|p2a: Charizard|Charizard, M|100/100
|move|p1a: Steelix|Stealth Rock|p2a: Charizard
|-sidestart|p2: Seandb|move: Stealth Rock
|
|-weather|SunnyDay|[upkeep]
|-damage|p2a: Charizard|88/100|[from] ability: Solar Power|[of] p2a: Charizard
|upkeep
|turn|2
|
|switch|p1a: Xatu|Xatu, M|100/100
|move|p2a: Charizard|Flamethrower|p1a: Xatu
|-damage|p1a: Xatu|0 fnt
|faint|p1a: Xatu
|
|-weather|SunnyDay|[upkeep]
|-damage|p2a: Charizard|76/100|[from] ability: Solar Power|[of] p2a: Charizard
|upkeep
|
|switch|p1a: Scrafty|Scrafty, F|100/100
|turn|3
|
|move|p2a: Charizard|Flamethrower|p1a: Scrafty
|-damage|p1a: Scrafty|0 fnt
|faint|p1a: Scrafty
|
|-weather|SunnyDay|[upkeep]
|-damage|p2a: Charizard|63/100|[from] ability: Solar Power|[of] p2a: Charizard
|upkeep
|
|switch|p1a: Salazzle|Salazzle, F|100/100
|turn|4
|
|move|p1a: Salazzle|Flamethrower|p2a: Charizard
|-resisted|p2a: Charizard
|-damage|p2a: Charizard|23/100
|move|p2a: Charizard|Flamethrower|p1a: Salazzle
|-resisted|p1a: Salazzle
|-damage|p1a: Salazzle|0 fnt
|faint|p1a: Salazzle
|
|-weather|SunnyDay|[upkeep]
|-damage|p2a: Charizard|10/100|[from] ability: Solar Power|[of] p2a: Charizard
|upkeep
|
|switch|p1a: Kingler|Kingler, F|100/100
|turn|5
|
|move|p2a: Charizard|Flamethrower|p1a: Kingler
|-resisted|p1a: Kingler
|-damage|p1a: Kingler|0 fnt
|faint|p1a: Kingler
|
|-weather|none
|upkeep
|
|switch|p1a: Steelix|Steelix, F|100/100
|turn|6
|
|move|p2a: Charizard|Flamethrower|p1a: Steelix
|-supereffective|p1a: Steelix
|-ability|p1a: Steelix|Sturdy
|-damage|p1a: Steelix|1/100
|move|p1a: Steelix|Heavy Slam|p2a: Charizard
|-resisted|p2a: Charizard
|-damage|p2a: Charizard|0 fnt
|faint|p2a: Charizard
|
|-heal|p1a: Steelix|7/100|[from] item: Leftovers
|upkeep
|
|switch|p2a: Ninetales|Ninetales, M|100/100
|-damage|p2a: Ninetales|76/100|[from] Stealth Rock
|-weather|SunnyDay|[from] ability: Drought|[of] p2a: Ninetales
|turn|7
|
|move|p2a: Ninetales|Flamethrower|p1a: Steelix
|-supereffective|p1a: Steelix
|-damage|p1a: Steelix|0 fnt
|faint|p1a: Steelix
|
|-weather|SunnyDay|[upkeep]
|-heal|p2a: Ninetales|82/100|[from] item: Leftovers
|upkeep
|
|switch|p1a: Virizion|Virizion|100/100
|turn|8
|
|move|p1a: Virizion|Stone Edge|p2a: Ninetales
|-supereffective|p2a: Ninetales
|-damage|p2a: Ninetales|0 fnt
|-damage|p1a: Virizion|91/100|[from] item: Life Orb
|faint|p2a: Ninetales
|
|-weather|SunnyDay|[upkeep]
|upkeep
|
|switch|p2a: Leafeon|Leafeon, F|100/100
|-damage|p2a: Leafeon|88/100|[from] Stealth Rock
|turn|9
|
|move|p2a: Leafeon|Solar Blade||[still]
|-prepare|p2a: Leafeon|Solar Blade|p1a: Virizion
|-anim|p2a: Leafeon|Solar Blade|p1a: Virizion
|-resisted|p1a: Virizion
|-damage|p1a: Virizion|44/100
|move|p1a: Virizion|Close Combat|p2a: Leafeon
|-damage|p2a: Leafeon|34/100
|-unboost|p1a: Virizion|def|1
|-unboost|p1a: Virizion|spd|1
|-damage|p1a: Virizion|34/100|[from] item: Life Orb
|
|-weather|SunnyDay|[upkeep]
|upkeep
|turn|10
|-message|Master jvag forfeited.
|
|win|Seandb
|l|☆Master jvag
|raw|Master jvag's rating: 1181 &rarr; <strong>1155</strong><br />(-26 for losing)
|raw|Seandb's rating: 1169 &rarr; <strong>1195</strong><br />(+26 for winning)
