|j|☆Purple Urkel
|j|☆JigglyThot
|player|p1|Purple Urkel|bellelba|1332
|player|p2|JigglyThot|swimmerf|1311
|teamsize|p1|6
|teamsize|p2|6
|gametype|singles
|gen|8
|tier|[Gen 8] RU
|rated|
|clearpoke
|poke|p1|Charizard, F|
|poke|p1|Quagsire, F|
|poke|p1|Eldegoss, F|
|poke|p1|Gallade, M|
|poke|p1|Galvantula, F|
|poke|p1|Dugtrio-Alola, M|
|poke|p2|Sneasel, F|
|poke|p2|Boltund, M|
|poke|p2|Whimsicott, F|
|poke|p2|Duraludon, M|
|poke|p2|Ninetales, F|
|poke|p2|Vileplume, M|
|rule|Sleep Clause Mod: Limit one foe put to sleep
|rule|Species Clause: Limit one of each Pokémon
|rule|OHKO Clause: OHKO moves are banned
|rule|Evasion Moves Clause: Evasion moves are banned
|rule|Endless Battle Clause: Forcing endless battles is banned
|rule|HP Percentage Mod: HP is shown in percentages
|rule|Dynamax Clause: You cannot dynamax
|teampreview
|
|start
|switch|p1a: MEOW|Dugtrio-Alola, M|100/100
|switch|p2a: Ninetales|Ninetales, F, shiny|100/100
|-weather|SunnyDay|[from] ability: Drought|[of] p2a: Ninetales
|turn|1
|inactive|Battle timer is ON: inactive players will automatically lose when time's up. (requested by JigglyThot)
|inactive|Purple Urkel also wants the timer to be on.
|
|move|p1a: MEOW|Earthquake|p2a: Ninetales
|-supereffective|p2a: Ninetales
|-enditem|p2a: Ninetales|Shuca Berry|[eat]
|-enditem|p2a: Ninetales|Shuca Berry|[weaken]
|-damage|p2a: Ninetales|0 fnt
|faint|p2a: Ninetales
|
|-weather|SunnyDay|[upkeep]
|upkeep
|
|switch|p2a: Whimsicott|Whimsicott, F, shiny|100/100
|turn|2
|
|switch|p1a: PENELOPE|Eldegoss, F, shiny|100/100
|move|p2a: Whimsicott|Energy Ball|p1a: PENELOPE
|-resisted|p1a: PENELOPE
|-damage|p1a: PENELOPE|90/100
|
|-weather|SunnyDay|[upkeep]
|-heal|p1a: PENELOPE|96/100|[from] item: Leftovers
|upkeep
|turn|3
|
|move|p2a: Whimsicott|Moonblast|p1a: PENELOPE
|-damage|p1a: PENELOPE|74/100
|move|p1a: PENELOPE|Rapid Spin|p2a: Whimsicott
|-damage|p2a: Whimsicott|94/100
|-boost|p1a: PENELOPE|spe|1
|
|-weather|SunnyDay|[upkeep]
|-heal|p1a: PENELOPE|80/100|[from] item: Leftovers
|upkeep
|turn|4
|
|move|p2a: Whimsicott|Encore|p1a: PENELOPE
|-start|p1a: PENELOPE|Encore
|move|p1a: PENELOPE|Rapid Spin|p2a: Whimsicott
|-damage|p2a: Whimsicott|86/100
|-boost|p1a: PENELOPE|spe|1
|
|-weather|SunnyDay|[upkeep]
|-heal|p1a: PENELOPE|86/100|[from] item: Leftovers
|upkeep
|turn|5
|
|switch|p2a: Duraludon|Duraludon, M|100/100
|move|p1a: PENELOPE|Rapid Spin|p2a: Duraludon
|-resisted|p2a: Duraludon
|-damage|p2a: Duraludon|98/100
|-boost|p1a: PENELOPE|spe|1
|
|-weather|none
|-heal|p1a: PENELOPE|92/100|[from] item: Leftovers
|upkeep
|turn|6
|
|move|p2a: Duraludon|Flash Cannon|p1a: PENELOPE
|-damage|p1a: PENELOPE|61/100
|move|p1a: PENELOPE|Rapid Spin|p2a: Duraludon
|-resisted|p2a: Duraludon
|-damage|p2a: Duraludon|96/100
|-boost|p1a: PENELOPE|spe|1
|
|-heal|p1a: PENELOPE|67/100|[from] item: Leftovers
|-end|p1a: PENELOPE|Encore
|upkeep
|turn|7
|
|move|p1a: PENELOPE|Sleep Powder|p2a: Duraludon
|-status|p2a: Duraludon|slp|[from] move: Sleep Powder
|cant|p2a: Duraludon|slp
|
|-heal|p1a: PENELOPE|73/100|[from] item: Leftovers
|upkeep
|turn|8
|
|switch|p1a: BECKY|Charizard, F, shiny|100/100
|switch|p2a: Boltund|Boltund, M|100/100
|
|upkeep
|turn|9
|
|switch|p1a: HUH?!?!|Quagsire, F, shiny|100/100
|move|p2a: Boltund|Thunder Fang|p1a: HUH?!?!
|-immune|p1a: HUH?!?!
|
|upkeep
|turn|10
|
|switch|p2a: Vileplume|Vileplume, M, shiny|100/100
|move|p1a: HUH?!?!|Earthquake|p2a: Vileplume
|-damage|p2a: Vileplume|58/100
|
|upkeep
|turn|11
|
|switch|p1a: PENELOPE|Eldegoss, F, shiny|100/100
|move|p2a: Vileplume|Strength Sap|p1a: PENELOPE
|-unboost|p1a: PENELOPE|atk|1
|-heal|p2a: Vileplume|90/100
|
|upkeep
|turn|12
|
|move|p2a: Vileplume|Sludge Bomb|p1a: PENELOPE
|-supereffective|p1a: PENELOPE
|-damage|p1a: PENELOPE|27/100
|-damage|p2a: Vileplume|80/100|[from] item: Life Orb
|move|p1a: PENELOPE|Rapid Spin|p2a: Vileplume
|-damage|p2a: Vileplume|76/100
|-boost|p1a: PENELOPE|spe|1
|
|-heal|p1a: PENELOPE|34/100|[from] item: Leftovers
|upkeep
|turn|13
|
|switch|p1a: MEOW|Dugtrio-Alola, M|100/100
|move|p2a: Vileplume|Sludge Bomb|p1a: MEOW
|-immune|p1a: MEOW
|
|upkeep
|turn|14
|
|move|p1a: MEOW|Iron Head|p2a: Vileplume
|-damage|p2a: Vileplume|12/100
|move|p2a: Vileplume|Strength Sap|p1a: MEOW
|-unboost|p1a: MEOW|atk|1
|-heal|p2a: Vileplume|100/100
|
|upkeep
|turn|15
|
|switch|p1a: BOOO|Gallade, M, shiny|100/100
|move|p2a: Vileplume|Energy Ball|p1a: BOOO
|-damage|p1a: BOOO|65/100
|-damage|p2a: Vileplume|91/100|[from] item: Life Orb
|
|upkeep
|turn|16
|
|switch|p2a: Sneasel|Sneasel, F, shiny|100/100
|move|p1a: BOOO|Zen Headbutt|p2a: Sneasel
|-immune|p2a: Sneasel
|
|upkeep
|turn|17
|
|switch|p1a: HUH?!?!|Quagsire, F, shiny|100/100
|move|p2a: Sneasel|Knock Off|p1a: HUH?!?!
|-damage|p1a: HUH?!?!|61/100
|-enditem|p1a: HUH?!?!|Leftovers|[from] move: Knock Off|[of] p2a: Sneasel
|
|upkeep
|turn|18
|
|switch|p2a: Vileplume|Vileplume, M, shiny|91/100
|move|p1a: HUH?!?!|Recover|p1a: HUH?!?!
|-heal|p1a: HUH?!?!|100/100
|
|upkeep
|turn|19
|
|switch|p1a: PENELOPE|Eldegoss, F, shiny|67/100
|move|p2a: Vileplume|Sludge Bomb|p1a: PENELOPE
|-supereffective|p1a: PENELOPE
|-damage|p1a: PENELOPE|0 fnt
|-damage|p2a: Vileplume|81/100|[from] item: Life Orb
|faint|p1a: PENELOPE
|
|upkeep
|
|switch|p1a: BECKY|Charizard, F, shiny|100/100
|turn|20
|
|switch|p2a: Duraludon|Duraludon, M|96/100 slp
|move|p1a: BECKY|Flamethrower|p2a: Duraludon
|-damage|p2a: Duraludon|0 fnt
|faint|p2a: Duraludon
|
|upkeep
|
|switch|p2a: Boltund|Boltund, M|100/100
|turn|21
|
|switch|p2a: Vileplume|Vileplume, M, shiny|81/100
|move|p1a: BECKY|Flamethrower|p2a: Vileplume
|-supereffective|p2a: Vileplume
|-damage|p2a: Vileplume|0 fnt
|faint|p2a: Vileplume
|
|upkeep
|
|switch|p2a: Sneasel|Sneasel, F, shiny|100/100
|turn|22
|
|move|p2a: Sneasel|Knock Off|p1a: BECKY
|-damage|p1a: BECKY|19/100
|-enditem|p1a: BECKY|Choice Specs|[from] move: Knock Off|[of] p2a: Sneasel
|move|p1a: BECKY|Flamethrower|p2a: Sneasel
|-supereffective|p2a: Sneasel
|-damage|p2a: Sneasel|0 fnt
|faint|p2a: Sneasel
|
|upkeep
|
|switch|p2a: Whimsicott|Whimsicott, F, shiny|86/100
|turn|23
|
|move|p2a: Whimsicott|Moonblast|p1a: BECKY
|-resisted|p1a: BECKY
|-damage|p1a: BECKY|0 fnt
|faint|p1a: BECKY
|
|upkeep
|
|switch|p1a: TEEHEE|Galvantula, F, shiny|100/100
|turn|24
|
|move|p1a: TEEHEE|Bug Buzz|p2a: Whimsicott
|-damage|p2a: Whimsicott|18/100
|move|p2a: Whimsicott|Moonblast|p1a: TEEHEE
|-damage|p1a: TEEHEE|33/100
|
|upkeep
|turn|25
|
|switch|p2a: Boltund|Boltund, M|100/100
|move|p1a: TEEHEE|Bug Buzz|p2a: Boltund
|-damage|p2a: Boltund|23/100
|
|upkeep
|turn|26
|
|move|p1a: TEEHEE|Bug Buzz|p2a: Boltund
|-damage|p2a: Boltund|0 fnt
|faint|p2a: Boltund
|
|upkeep
|
|switch|p2a: Whimsicott|Whimsicott, F, shiny|18/100
|turn|27
|
|move|p1a: TEEHEE|Bug Buzz|p2a: Whimsicott
|-damage|p2a: Whimsicott|0 fnt
|faint|p2a: Whimsicott
|
|win|Purple Urkel
|l|☆JigglyThot
|c|☆Purple Urkel|Gg
|raw|Purple Urkel's rating: 1332 &rarr; <strong>1351</strong><br />(+19 for winning)
|raw|JigglyThot's rating: 1311 &rarr; <strong>1292</strong><br />(-19 for losing)
