|j|☆12949usersonline
|j|☆laprascancer
|player|p1|12949usersonline|cyclist-gen4|1548
|player|p2|laprascancer|morty-gen2|1486
|teamsize|p1|6
|teamsize|p2|6
|gametype|singles
|gen|8
|tier|[Gen 8] RU
|rated|
|clearpoke
|poke|p1|Ninetales, F|
|poke|p1|Vileplume, F|
|poke|p1|Drampa, M|
|poke|p1|Steelix, M|
|poke|p1|Charizard, M|
|poke|p1|Snorlax, M|
|poke|p2|Virizion|
|poke|p2|Rhydon, F|
|poke|p2|Jolteon, F|
|poke|p2|Charizard, F|
|poke|p2|Drapion, M|
|poke|p2|Silvally-*|
|rule|Sleep Clause Mod: Limit one foe put to sleep
|rule|Species Clause: Limit one of each Pokémon
|rule|OHKO Clause: OHKO moves are banned
|rule|Evasion Moves Clause: Evasion moves are banned
|rule|Endless Battle Clause: Forcing endless battles is banned
|rule|HP Percentage Mod: HP is shown in percentages
|rule|Dynamax Clause: You cannot dynamax
|teampreview
|inactive|Battle timer is ON: inactive players will automatically lose when time's up. (requested by 12949usersonline)
|
|start
|switch|p1a: Vileplume|Vileplume, F|100/100
|switch|p2a: Jolteon|Jolteon, F|100/100
|turn|1
|inactive|12949usersonline has 120 seconds left.
|
|switch|p1a: Steelix|Steelix, M|100/100
|move|p2a: Jolteon|Volt Switch|p1a: Steelix
|-immune|p1a: Steelix
|
|upkeep
|turn|2
|inactive|12949usersonline has 90 seconds left.
|
|switch|p2a: Rhydon|Rhydon, F|100/100
|move|p1a: Steelix|Toxic|p2a: Rhydon
|-status|p2a: Rhydon|tox
|
|-damage|p2a: Rhydon|94/100 tox|[from] psn
|upkeep
|turn|3
|
|move|p2a: Rhydon|Stealth Rock|p1a: Steelix
|-sidestart|p1: 12949usersonline|move: Stealth Rock
|move|p1a: Steelix|Stealth Rock|p2a: Rhydon
|-sidestart|p2: laprascancer|move: Stealth Rock
|
|-damage|p2a: Rhydon|82/100 tox|[from] psn
|upkeep
|turn|4
|
|switch|p2a: Charizard|Charizard, F|100/100
|switch|p1a: Charizard|Charizard, M|100/100
|
|upkeep
|turn|5
|
|switch|p1a: Drampa|Drampa, M|100/100
|-damage|p1a: Drampa|88/100|[from] Stealth Rock
|move|p2a: Charizard|Toxic|p1a: Drampa
|-status|p1a: Drampa|tox
|
|-damage|p1a: Drampa|82/100 tox|[from] psn
|upkeep
|turn|6
|inactive|12949usersonline has 120 seconds left.
|
|switch|p2a: Silvally|Silvally-Fairy|100/100
|-damage|p2a: Silvally|88/100|[from] Stealth Rock
|move|p1a: Drampa|Draco Meteor|p2a: Silvally
|-immune|p2a: Silvally
|
|-damage|p1a: Drampa|70/100 tox|[from] psn
|upkeep
|turn|7
|inactive|12949usersonline has 120 seconds left.
|
|switch|p1a: Steelix|Steelix, M|100/100
|-damage|p1a: Steelix|97/100|[from] Stealth Rock
|move|p2a: Silvally|U-turn|p1a: Steelix
|-resisted|p1a: Steelix
|-damage|p1a: Steelix|92/100
|
|switch|p2a: Virizion|Virizion|100/100|[from]move: U-turn
|-damage|p2a: Virizion|94/100|[from] Stealth Rock
|
|-heal|p2a: Virizion|100/100|[from] item: Leftovers
|-heal|p1a: Steelix|98/100|[from] item: Leftovers
|upkeep
|turn|8
|
|switch|p1a: Charizard|Charizard, M|100/100
|move|p2a: Virizion|Calm Mind|p2a: Virizion
|-boost|p2a: Virizion|spa|1
|-boost|p2a: Virizion|spd|1
|
|upkeep
|turn|9
|
|move|p2a: Virizion|Air Slash|p1a: Charizard
|-damage|p1a: Charizard|59/100
|move|p1a: Charizard|Flamethrower|p2a: Virizion
|-supereffective|p2a: Virizion
|-crit|p2a: Virizion
|-damage|p2a: Virizion|0 fnt
|faint|p2a: Virizion
|
|upkeep
|
|switch|p2a: Drapion|Drapion, M|100/100
|-damage|p2a: Drapion|88/100|[from] Stealth Rock
|turn|10
|
|switch|p1a: Steelix|Steelix, M|98/100
|-damage|p1a: Steelix|95/100|[from] Stealth Rock
|move|p2a: Drapion|Knock Off|p1a: Steelix
|-damage|p1a: Steelix|75/100
|-enditem|p1a: Steelix|Leftovers|[from] move: Knock Off|[of] p2a: Drapion
|
|upkeep
|turn|11
|
|move|p2a: Drapion|Knock Off|p1a: Steelix
|-damage|p1a: Steelix|62/100
|move|p1a: Steelix|Toxic|p2a: Drapion
|-immune|p2a: Drapion
|
|upkeep
|turn|12
|
|switch|p2a: Charizard|Charizard, F|100/100
|move|p1a: Steelix|Toxic|p2a: Charizard
|-status|p2a: Charizard|tox
|
|-damage|p2a: Charizard|94/100 tox|[from] psn
|upkeep
|turn|13
|
|switch|p2a: Drapion|Drapion, M|88/100
|-damage|p2a: Drapion|76/100|[from] Stealth Rock
|switch|p1a: Snorlax|Snorlax, M|100/100
|-damage|p1a: Snorlax|88/100|[from] Stealth Rock
|
|-heal|p1a: Snorlax|94/100|[from] item: Leftovers
|upkeep
|turn|14
|
|switch|p1a: Steelix|Steelix, M|62/100
|-damage|p1a: Steelix|59/100|[from] Stealth Rock
|move|p2a: Drapion|Knock Off|p1a: Steelix
|-damage|p1a: Steelix|46/100
|
|upkeep
|turn|15
|
|switch|p2a: Charizard|Charizard, F|94/100 tox
|move|p1a: Steelix|Heavy Slam|p2a: Charizard
|-resisted|p2a: Charizard
|-damage|p2a: Charizard|75/100 tox
|
|-damage|p2a: Charizard|69/100 tox|[from] psn
|upkeep
|turn|16
|
|switch|p2a: Drapion|Drapion, M|76/100
|-damage|p2a: Drapion|63/100|[from] Stealth Rock
|switch|p1a: Drampa|Drampa, M|70/100 tox
|-damage|p1a: Drampa|58/100 tox|[from] Stealth Rock
|
|-damage|p1a: Drampa|52/100 tox|[from] psn
|upkeep
|turn|17
|
|move|p2a: Drapion|Knock Off|p1a: Drampa
|-damage|p1a: Drampa|0 fnt
|-enditem|p1a: Drampa|Choice Specs|[from] move: Knock Off|[of] p2a: Drapion
|faint|p1a: Drampa
|
|upkeep
|
|switch|p1a: Steelix|Steelix, M|46/100
|-damage|p1a: Steelix|43/100|[from] Stealth Rock
|turn|18
|
|switch|p2a: Charizard|Charizard, F|69/100 tox
|move|p1a: Steelix|Heavy Slam|p2a: Charizard
|-resisted|p2a: Charizard
|-damage|p2a: Charizard|51/100 tox
|
|-damage|p2a: Charizard|45/100 tox|[from] psn
|upkeep
|turn|19
|
|switch|p1a: Snorlax|Snorlax, M|94/100
|-damage|p1a: Snorlax|82/100|[from] Stealth Rock
|move|p2a: Charizard|Roost|p2a: Charizard
|-heal|p2a: Charizard|95/100 tox
|-singleturn|p2a: Charizard|move: Roost
|
|-heal|p1a: Snorlax|88/100|[from] item: Leftovers
|-damage|p2a: Charizard|82/100 tox|[from] psn
|upkeep
|turn|20
|
|move|p2a: Charizard|Toxic|p1a: Snorlax
|-immune|p1a: Snorlax|[from] ability: Immunity
|move|p1a: Snorlax|Body Slam|p2a: Charizard
|-damage|p2a: Charizard|32/100 tox
|
|-heal|p1a: Snorlax|94/100|[from] item: Leftovers
|-damage|p2a: Charizard|14/100 tox|[from] psn
|upkeep
|turn|21
|
|switch|p2a: Rhydon|Rhydon, F|82/100 tox
|-damage|p2a: Rhydon|76/100 tox|[from] Stealth Rock
|move|p1a: Snorlax|Earthquake|p2a: Rhydon
|-supereffective|p2a: Rhydon
|-damage|p2a: Rhydon|44/100 tox
|
|-heal|p1a: Snorlax|99/100|[from] item: Leftovers
|-damage|p2a: Rhydon|38/100 tox|[from] psn
|upkeep
|turn|22
|
|switch|p1a: Charizard|Charizard, M|59/100
|move|p2a: Rhydon|Earthquake|p1a: Charizard
|-immune|p1a: Charizard
|
|-damage|p2a: Rhydon|25/100 tox|[from] psn
|upkeep
|turn|23
|
|move|p1a: Charizard|Roost|p1a: Charizard
|-heal|p1a: Charizard|100/100
|-singleturn|p1a: Charizard|move: Roost
|move|p2a: Rhydon|Earthquake|p1a: Charizard
|-supereffective|p1a: Charizard
|-damage|p1a: Charizard|0 fnt
|faint|p1a: Charizard
|
|-damage|p2a: Rhydon|7/100 tox|[from] psn
|upkeep
|
|switch|p1a: Ninetales|Ninetales, F|100/100
|-weather|SunnyDay|[from] ability: Drought|[of] p1a: Ninetales
|turn|24
|
|move|p1a: Ninetales|Solar Beam||[still]
|-prepare|p1a: Ninetales|Solar Beam|p2a: Rhydon
|-anim|p1a: Ninetales|Solar Beam|p2a: Rhydon
|-supereffective|p2a: Rhydon
|-damage|p2a: Rhydon|0 fnt
|faint|p2a: Rhydon
|
|-weather|SunnyDay|[upkeep]
|upkeep
|
|switch|p2a: Charizard|Charizard, F|14/100 tox
|turn|25
|
|move|p2a: Charizard|Roost|p2a: Charizard
|-heal|p2a: Charizard|64/100 tox
|-singleturn|p2a: Charizard|move: Roost
|move|p1a: Ninetales|Agility|p1a: Ninetales
|-boost|p1a: Ninetales|spe|2
|
|-weather|SunnyDay|[upkeep]
|-damage|p2a: Charizard|58/100 tox|[from] psn
|upkeep
|turn|26
|
|move|p1a: Ninetales|Nasty Plot|p1a: Ninetales
|-boost|p1a: Ninetales|spa|2
|move|p2a: Charizard|Toxic|p1a: Ninetales
|-status|p1a: Ninetales|tox
|
|-weather|SunnyDay|[upkeep]
|-damage|p1a: Ninetales|95/100 tox|[from] psn
|-damage|p2a: Charizard|45/100 tox|[from] psn
|upkeep
|turn|27
|
|move|p1a: Ninetales|Fire Blast|p2a: Charizard
|-resisted|p2a: Charizard
|-damage|p2a: Charizard|0 fnt
|faint|p2a: Charizard
|
|-weather|SunnyDay|[upkeep]
|-damage|p1a: Ninetales|83/100 tox|[from] psn
|upkeep
|
|switch|p2a: Drapion|Drapion, M|63/100
|-damage|p2a: Drapion|51/100|[from] Stealth Rock
|turn|28
|
|move|p1a: Ninetales|Fire Blast|p2a: Drapion
|-damage|p2a: Drapion|0 fnt
|faint|p2a: Drapion
|
|-weather|none
|-damage|p1a: Ninetales|65/100 tox|[from] psn
|upkeep
|
|switch|p2a: Jolteon|Jolteon, F|100/100
|-damage|p2a: Jolteon|88/100|[from] Stealth Rock
|turn|29
|
|move|p1a: Ninetales|Fire Blast|p2a: Jolteon
|-damage|p2a: Jolteon|0 fnt
|faint|p2a: Jolteon
|
|-damage|p1a: Ninetales|41/100 tox|[from] psn
|upkeep
|
|switch|p2a: Silvally|Silvally-Fairy|88/100
|-damage|p2a: Silvally|76/100|[from] Stealth Rock
|turn|30
|
|move|p1a: Ninetales|Fire Blast|p2a: Silvally
|-damage|p2a: Silvally|0 fnt
|faint|p2a: Silvally
|
|win|12949usersonline
|l|☆laprascancer
||Ladder (probably) updated, but score could not be retrieved (Request timeout).
