|j|☆owan14
|j|☆testinganteater
|t:|1646379853
|gametype|singles
|player|p1|owan14|hilbert|1176
|player|p2|testinganteater|juggler|1271
|teamsize|p1|6
|teamsize|p2|6
|gen|8
|tier|[Gen 8] RU
|rated|
|rule|Sleep Clause Mod: Limit one foe put to sleep
|rule|Species Clause: Limit one of each Pokémon
|rule|OHKO Clause: OHKO moves are banned
|rule|Evasion Moves Clause: Evasion moves are banned
|rule|Endless Battle Clause: Forcing endless battles is banned
|rule|HP Percentage Mod: HP is shown in percentages
|rule|Dynamax Clause: You cannot dynamax
|clearpoke
|poke|p1|Umbreon, F|
|poke|p1|Milotic, F|
|poke|p1|Darmanitan, M|
|poke|p1|Raikou|
|poke|p1|Shuckle, M|
|poke|p1|Crobat, F|
|poke|p2|Darmanitan, M|
|poke|p2|Starmie|
|poke|p2|Xurkitree|
|poke|p2|Bronzong|
|poke|p2|Nidoqueen, F|
|poke|p2|Guzzlord|
|teampreview
|
|t:|1646379869
|start
|switch|p1a: Shuckle|Shuckle, M|100/100
|switch|p2a: Starmie|Starmie|100/100
|turn|1
|
|t:|1646379879
|move|p2a: Starmie|Scald|p1a: Shuckle
|-supereffective|p1a: Shuckle
|-damage|p1a: Shuckle|65/100
|move|p1a: Shuckle|Toxic|p2a: Starmie
|-status|p2a: Starmie|tox
|
|-damage|p2a: Starmie|94/100 tox|[from] psn
|upkeep
|turn|2
|
|t:|1646379886
|switch|p1a: Milotic|Milotic, F|100/100
|move|p2a: Starmie|Scald|p1a: Milotic
|-resisted|p1a: Milotic
|-damage|p1a: Milotic|91/100
|
|-heal|p1a: Milotic|97/100|[from] item: Leftovers
|-damage|p2a: Starmie|82/100 tox|[from] psn
|upkeep
|turn|3
|
|t:|1646379900
|switch|p1a: Umbreon|Umbreon, F|100/100
|move|p2a: Starmie|Teleport|p2a: Starmie
|
|t:|1646379920
|-curestatus|p2a: Starmie|tox|[from] ability: Natural Cure
|switch|p2a: Nidoqueen|Nidoqueen, F|100/100|[from]move: Teleport
|
|upkeep
|turn|4
|inactive|Battle timer is ON: inactive players will automatically lose when time's up. (requested by owan14)
|
|t:|1646379931
|switch|p1a: Crobat|Crobat, F|100/100
|move|p2a: Nidoqueen|Toxic|p1a: Crobat
|-immune|p1a: Crobat
|
|upkeep
|turn|5
|
|t:|1646379938
|move|p1a: Crobat|U-turn|p2a: Nidoqueen
|-resisted|p2a: Nidoqueen
|-damage|p2a: Nidoqueen|91/100
|
|t:|1646379942
|switch|p1a: Shuckle|Shuckle, M|65/100|[from]move: U-turn
|move|p2a: Nidoqueen|Stealth Rock|p1a: Shuckle
|-sidestart|p1: owan14|move: Stealth Rock
|
|-heal|p2a: Nidoqueen|97/100|[from] item: Black Sludge
|upkeep
|turn|6
|
|t:|1646379947
|switch|p2a: Starmie|Starmie|82/100
|move|p1a: Shuckle|Stealth Rock|p2a: Starmie
|-sidestart|p2: testinganteater|move: Stealth Rock
|
|upkeep
|turn|7
|
|t:|1646379955
|move|p2a: Starmie|Rapid Spin|p1a: Shuckle
|-resisted|p1a: Shuckle
|-damage|p1a: Shuckle|63/100
|-boost|p2a: Starmie|spe|1
|-damage|p2a: Starmie|65/100|[from] item: Rocky Helmet|[of] p1a: Shuckle
|-sideend|p2: testinganteater|Stealth Rock|[from] move: Rapid Spin|[of] p2a: Starmie
|move|p1a: Shuckle|Sticky Web|p2a: Starmie
|-sidestart|p2: testinganteater|move: Sticky Web
|
|upkeep
|turn|8
|
|t:|1646379966
|move|p2a: Starmie|Recover|p2a: Starmie
|-heal|p2a: Starmie|100/100
|move|p1a: Shuckle|Toxic|p2a: Starmie
|-status|p2a: Starmie|tox
|
|-damage|p2a: Starmie|94/100 tox|[from] psn
|upkeep
|turn|9
|
|t:|1646379974
|move|p2a: Starmie|Rapid Spin|p1a: Shuckle
|-resisted|p1a: Shuckle
|-damage|p1a: Shuckle|61/100
|-boost|p2a: Starmie|spe|1
|-damage|p2a: Starmie|78/100 tox|[from] item: Rocky Helmet|[of] p1a: Shuckle
|-sideend|p2: testinganteater|Sticky Web|[from] move: Rapid Spin|[of] p2a: Starmie
|move|p1a: Shuckle|Encore|p2a: Starmie
|-start|p2a: Starmie|Encore
|
|-damage|p2a: Starmie|65/100 tox|[from] psn
|upkeep
|turn|10
|
|t:|1646379988
|-curestatus|p2a: Starmie|tox|[from] ability: Natural Cure
|switch|p2a: Bronzong|Bronzong|100/100
|move|p1a: Shuckle|Stealth Rock|p2a: Bronzong
|-sidestart|p2: testinganteater|move: Stealth Rock
|
|upkeep
|turn|11
|
|t:|1646380000
|switch|p1a: Umbreon|Umbreon, F|100/100
|-damage|p1a: Umbreon|88/100|[from] Stealth Rock
|move|p2a: Bronzong|Heavy Slam|p1a: Umbreon
|-damage|p1a: Umbreon|66/100
|
|-heal|p1a: Umbreon|73/100|[from] item: Leftovers
|upkeep
|turn|12
|
|t:|1646380018
|switch|p2a: Guzzlord|Guzzlord|100/100
|-damage|p2a: Guzzlord|88/100|[from] Stealth Rock
|move|p1a: Umbreon|Wish|p1a: Umbreon
|
|-heal|p1a: Umbreon|79/100|[from] item: Leftovers
|-heal|p2a: Guzzlord|94/100|[from] item: Leftovers
|upkeep
|turn|13
|
|t:|1646380038
|switch|p1a: Milotic|Milotic, F|97/100
|-damage|p1a: Milotic|85/100|[from] Stealth Rock
|move|p2a: Guzzlord|Knock Off|p1a: Milotic
|-damage|p1a: Milotic|55/100
|-enditem|p1a: Milotic|Leftovers|[from] move: Knock Off|[of] p2a: Guzzlord
|
|-heal|p1a: Milotic|100/100|[from] move: Wish|[wisher] Umbreon
|-heal|p2a: Guzzlord|99/100|[from] item: Leftovers
|upkeep
|turn|14
|
|t:|1646380045
|switch|p2a: Starmie|Starmie|65/100
|move|p1a: Milotic|Ice Beam|p2a: Starmie
|-resisted|p2a: Starmie
|-damage|p2a: Starmie|53/100
|
|upkeep
|turn|15
|
|t:|1646380054
|switch|p1a: Shuckle|Shuckle, M|61/100
|-damage|p1a: Shuckle|36/100|[from] Stealth Rock
|move|p2a: Starmie|Recover|p2a: Starmie
|-heal|p2a: Starmie|100/100
|
|upkeep
|turn|16
|
|t:|1646380066
|move|p2a: Starmie|Scald|p1a: Shuckle
|-supereffective|p1a: Shuckle
|-damage|p1a: Shuckle|4/100
|-status|p1a: Shuckle|brn
|move|p1a: Shuckle|Toxic|p2a: Starmie
|-status|p2a: Starmie|tox
|
|-damage|p2a: Starmie|94/100 tox|[from] psn
|-damage|p1a: Shuckle|0 fnt|[from] brn
|faint|p1a: Shuckle
|upkeep
|
|t:|1646380074
|switch|p1a: Raikou|Raikou|100/100
|-damage|p1a: Raikou|88/100|[from] Stealth Rock
|-ability|p1a: Raikou|Pressure
|turn|17
|
|t:|1646380083
|-curestatus|p2a: Starmie|tox|[from] ability: Natural Cure
|switch|p2a: Guzzlord|Guzzlord|99/100
|-damage|p2a: Guzzlord|88/100|[from] Stealth Rock
|move|p1a: Raikou|Substitute|p1a: Raikou
|-start|p1a: Raikou|Substitute
|-damage|p1a: Raikou|63/100
|
|-heal|p1a: Raikou|69/100|[from] item: Leftovers
|-heal|p2a: Guzzlord|94/100|[from] item: Leftovers
|upkeep
|turn|18
|
|t:|1646380094
|move|p1a: Raikou|Aura Sphere|p2a: Guzzlord
|-supereffective|p2a: Guzzlord
|-damage|p2a: Guzzlord|63/100
|move|p2a: Guzzlord|Knock Off|p1a: Raikou
|-end|p1a: Raikou|Substitute
|
|-heal|p1a: Raikou|76/100|[from] item: Leftovers
|-heal|p2a: Guzzlord|69/100|[from] item: Leftovers
|upkeep
|turn|19
|
|t:|1646380105
|switch|p1a: Milotic|Milotic, F|100/100
|-damage|p1a: Milotic|88/100|[from] Stealth Rock
|switch|p2a: Nidoqueen|Nidoqueen, F|97/100
|-damage|p2a: Nidoqueen|91/100|[from] Stealth Rock
|
|-heal|p2a: Nidoqueen|97/100|[from] item: Black Sludge
|upkeep
|turn|20
|
|t:|1646380116
|switch|p1a: Crobat|Crobat, F|100/100
|switch|p2a: Starmie|Starmie|94/100
|
|upkeep
|turn|21
|
|t:|1646380124
|move|p1a: Crobat|U-turn|p2a: Starmie
|-supereffective|p2a: Starmie
|-damage|p2a: Starmie|52/100
|
|t:|1646380129
|switch|p1a: Umbreon|Umbreon, F|79/100|[from]move: U-turn
|-damage|p1a: Umbreon|66/100|[from] Stealth Rock
|move|p2a: Starmie|Rapid Spin|p1a: Umbreon
|-damage|p1a: Umbreon|61/100
|-boost|p2a: Starmie|spe|1
|-sideend|p2: testinganteater|Stealth Rock|[from] move: Rapid Spin|[of] p2a: Starmie
|
|-heal|p1a: Umbreon|67/100|[from] item: Leftovers
|upkeep
|turn|22
|
|t:|1646380139
|move|p2a: Starmie|Recover|p2a: Starmie
|-heal|p2a: Starmie|100/100
|move|p1a: Umbreon|Foul Play|p2a: Starmie
|-supereffective|p2a: Starmie
|-damage|p2a: Starmie|46/100
|
|-heal|p1a: Umbreon|73/100|[from] item: Leftovers
|upkeep
|turn|23
|
|t:|1646380149
|switch|p2a: Nidoqueen|Nidoqueen, F|97/100
|move|p1a: Umbreon|Wish|p1a: Umbreon
|
|-heal|p2a: Nidoqueen|100/100|[from] item: Black Sludge
|-heal|p1a: Umbreon|79/100|[from] item: Leftovers
|upkeep
|turn|24
|
|t:|1646380160
|switch|p2a: Darmanitan|Darmanitan, M|100/100
|switch|p1a: Crobat|Crobat, F|100/100
|
|upkeep
|turn|25
|
|t:|1646380176
|switch|p1a: Milotic|Milotic, F|88/100
|-damage|p1a: Milotic|76/100|[from] Stealth Rock
|move|p2a: Darmanitan|Flare Blitz|p1a: Milotic
|-resisted|p1a: Milotic
|-damage|p1a: Milotic|44/100
|-damage|p2a: Darmanitan|89/100|[from] Recoil
|
|upkeep
|turn|26
|
|t:|1646380184
|switch|p2a: Xurkitree|Xurkitree|100/100
|move|p1a: Milotic|Recover|p1a: Milotic
|-heal|p1a: Milotic|94/100
|
|upkeep
|turn|27
|inactive|testinganteater has 120 seconds left.
|
|t:|1646380217
|switch|p1a: Umbreon|Umbreon, F|79/100
|-damage|p1a: Umbreon|67/100|[from] Stealth Rock
|move|p2a: Xurkitree|Thunderbolt|p1a: Umbreon
|-damage|p1a: Umbreon|26/100
|
|-heal|p1a: Umbreon|32/100|[from] item: Leftovers
|upkeep
|turn|28
|inactive|testinganteater has 120 seconds left.
|
|t:|1646380237
|move|p1a: Umbreon|Protect|p1a: Umbreon
|-singleturn|p1a: Umbreon|Protect
|move|p2a: Xurkitree|Dazzling Gleam|p1a: Umbreon
|-activate|p1a: Umbreon|move: Protect
|
|-heal|p1a: Umbreon|38/100|[from] item: Leftovers
|upkeep
|turn|29
|
|t:|1646380261
|switch|p1a: Crobat|Crobat, F|100/100
|move|p2a: Xurkitree|Dazzling Gleam|p1a: Crobat
|-resisted|p1a: Crobat
|-crit|p1a: Crobat
|-damage|p1a: Crobat|64/100
|
|upkeep
|turn|30
|
|t:|1646380267
|move|p1a: Crobat|U-turn|p2a: Xurkitree
|-crit|p2a: Xurkitree
|-damage|p2a: Xurkitree|58/100
|
|t:|1646380270
|switch|p1a: Raikou|Raikou|76/100|[from]move: U-turn
|-damage|p1a: Raikou|63/100|[from] Stealth Rock
|-ability|p1a: Raikou|Pressure
|move|p2a: Xurkitree|Volt Switch|p1a: Raikou
|-resisted|p1a: Raikou
|-damage|p1a: Raikou|39/100
|
|t:|1646380277
|switch|p2a: Darmanitan|Darmanitan, M|89/100|[from]move: Volt Switch
|
|-heal|p1a: Raikou|45/100|[from] item: Leftovers
|upkeep
|turn|31
|
|t:|1646380287
|switch|p1a: Milotic|Milotic, F|94/100
|-damage|p1a: Milotic|82/100|[from] Stealth Rock
|move|p2a: Darmanitan|U-turn|p1a: Milotic
|-damage|p1a: Milotic|61/100
|
|t:|1646380291
|switch|p2a: Xurkitree|Xurkitree|58/100|[from]move: U-turn
|
|upkeep
|turn|32
|inactive|testinganteater has 120 seconds left.
|
|t:|1646380316
|move|p1a: Milotic|Protect|p1a: Milotic
|-singleturn|p1a: Milotic|Protect
|move|p2a: Xurkitree|Thunderbolt|p1a: Milotic
|-activate|p1a: Milotic|move: Protect
|
|upkeep
|turn|33
|
|t:|1646380326
|switch|p1a: Raikou|Raikou|45/100
|-damage|p1a: Raikou|32/100|[from] Stealth Rock
|-ability|p1a: Raikou|Pressure
|move|p2a: Xurkitree|Thunderbolt|p1a: Raikou
|-resisted|p1a: Raikou
|-damage|p1a: Raikou|0 fnt
|faint|p1a: Raikou
|-ability|p2a: Xurkitree|Beast Boost|boost
|-boost|p2a: Xurkitree|spa|1
|
|upkeep
|
|t:|1646380334
|switch|p1a: Darmanitan|Darmanitan, M|100/100
|-damage|p1a: Darmanitan|75/100|[from] Stealth Rock
|turn|34
|
|t:|1646380354
|switch|p2a: Guzzlord|Guzzlord|69/100
|move|p1a: Darmanitan|Earthquake|p2a: Guzzlord
|-damage|p2a: Guzzlord|27/100
|
|-heal|p2a: Guzzlord|34/100|[from] item: Leftovers
|upkeep
|turn|35
|
|t:|1646380366
|switch|p1a: Crobat|Crobat, F|64/100
|move|p2a: Guzzlord|Knock Off|p1a: Crobat
|-damage|p1a: Crobat|17/100
|-enditem|p1a: Crobat|Heavy-Duty Boots|[from] move: Knock Off|[of] p2a: Guzzlord
|
|-heal|p2a: Guzzlord|40/100|[from] item: Leftovers
|upkeep
|turn|36
|
|t:|1646380373
|move|p1a: Crobat|Defog|p2a: Guzzlord
|-unboost|p2a: Guzzlord|evasion|1
|-sideend|p1: owan14|Stealth Rock|[from] move: Defog|[of] p1a: Crobat
|move|p2a: Guzzlord|Knock Off|p1a: Crobat
|-crit|p1a: Crobat
|-damage|p1a: Crobat|0 fnt
|faint|p1a: Crobat
|-ability|p2a: Guzzlord|Beast Boost|boost
|-boost|p2a: Guzzlord|atk|1
|
|-heal|p2a: Guzzlord|46/100|[from] item: Leftovers
|upkeep
|
|t:|1646380381
|switch|p1a: Darmanitan|Darmanitan, M|75/100
|turn|37
|
|t:|1646380385
|move|p1a: Darmanitan|U-turn|p2a: Guzzlord
|-supereffective|p2a: Guzzlord
|-damage|p2a: Guzzlord|0 fnt
|faint|p2a: Guzzlord
|
|t:|1646380389
|switch|p1a: Umbreon|Umbreon, F|38/100|[from]move: U-turn
|
|-heal|p1a: Umbreon|44/100|[from] item: Leftovers
|upkeep
|
|t:|1646380393
|switch|p2a: Darmanitan|Darmanitan, M|89/100
|turn|38
|
|t:|1646380420
|move|p1a: Umbreon|Protect|p1a: Umbreon
|-singleturn|p1a: Umbreon|Protect
|move|p2a: Darmanitan|Flare Blitz|p1a: Umbreon
|-activate|p1a: Umbreon|move: Protect
|
|-heal|p1a: Umbreon|50/100|[from] item: Leftovers
|upkeep
|turn|39
|
|t:|1646380429
|move|p2a: Darmanitan|Flare Blitz|p1a: Umbreon
|-damage|p1a: Umbreon|3/100
|-damage|p2a: Darmanitan|71/100|[from] Recoil
|move|p1a: Umbreon|Wish|p1a: Umbreon
|
|-heal|p1a: Umbreon|9/100|[from] item: Leftovers
|upkeep
|turn|40
|
|t:|1646380439
|switch|p2a: Nidoqueen|Nidoqueen, F|100/100
|move|p1a: Umbreon|Protect||[still]
|-fail|p1a: Umbreon
|
|-heal|p1a: Umbreon|59/100|[from] move: Wish|[wisher] Umbreon
|-heal|p1a: Umbreon|65/100|[from] item: Leftovers
|upkeep
|turn|41
|
|t:|1646380450
|move|p2a: Nidoqueen|Toxic|p1a: Umbreon
|-status|p1a: Umbreon|tox
|-activate|p1a: Umbreon|ability: Synchronize
|-immune|p2a: Nidoqueen
|move|p1a: Umbreon|Wish|p1a: Umbreon
|
|-heal|p1a: Umbreon|71/100 tox|[from] item: Leftovers
|-damage|p1a: Umbreon|65/100 tox|[from] psn
|upkeep
|turn|42
|
|t:|1646380461
|switch|p1a: Milotic|Milotic, F|61/100
|move|p2a: Nidoqueen|Toxic|p1a: Milotic
|-status|p1a: Milotic|tox
|
|-heal|p1a: Milotic|100/100 tox|[from] move: Wish|[wisher] Umbreon
|-damage|p1a: Milotic|94/100 tox|[from] psn
|upkeep
|turn|43
|
|t:|1646380476
|switch|p2a: Starmie|Starmie|46/100
|move|p1a: Milotic|Scald|p2a: Starmie
|-resisted|p2a: Starmie
|-damage|p2a: Starmie|30/100
|
|-damage|p1a: Milotic|82/100 tox|[from] psn
|upkeep
|turn|44
|
|t:|1646380490
|move|p2a: Starmie|Recover|p2a: Starmie
|-heal|p2a: Starmie|80/100
|move|p1a: Milotic|Scald|p2a: Starmie
|-resisted|p2a: Starmie
|-damage|p2a: Starmie|62/100
|
|-damage|p1a: Milotic|64/100 tox|[from] psn
|upkeep
|turn|45
|
|t:|1646380497
|move|p1a: Milotic|Scald|p2a: Starmie
|-resisted|p2a: Starmie
|-damage|p2a: Starmie|46/100
|-status|p2a: Starmie|brn
|move|p2a: Starmie|Teleport|p2a: Starmie
|
|t:|1646380501
|-curestatus|p2a: Starmie|brn|[from] ability: Natural Cure
|switch|p2a: Xurkitree|Xurkitree|58/100|[from]move: Teleport
|
|-damage|p1a: Milotic|40/100 tox|[from] psn
|upkeep
|turn|46
|
|t:|1646380508
|move|p2a: Xurkitree|Volt Switch|p1a: Milotic
|-supereffective|p1a: Milotic
|-damage|p1a: Milotic|0 fnt
|faint|p1a: Milotic
|-ability|p2a: Xurkitree|Beast Boost|boost
|-boost|p2a: Xurkitree|spa|1
|
|t:|1646380519
|switch|p2a: Nidoqueen|Nidoqueen, F|100/100|[from]move: Volt Switch
|
|upkeep
|
|t:|1646380523
|switch|p1a: Darmanitan|Darmanitan, M|75/100
|turn|47
|c|☆testinganteater|you're a good opponent
|inactive|testinganteater has 120 seconds left.
|
|t:|1646380558
|move|p1a: Darmanitan|U-turn|p2a: Nidoqueen
|-resisted|p2a: Nidoqueen
|-damage|p2a: Nidoqueen|86/100
|
|t:|1646380562
|switch|p1a: Umbreon|Umbreon, F|65/100 tox|[from]move: U-turn
|move|p2a: Nidoqueen|Stealth Rock|p1a: Umbreon
|-sidestart|p1: owan14|move: Stealth Rock
|
|-heal|p2a: Nidoqueen|92/100|[from] item: Black Sludge
|-heal|p1a: Umbreon|71/100 tox|[from] item: Leftovers
|-damage|p1a: Umbreon|65/100 tox|[from] psn
|upkeep
|turn|48
|inactive|testinganteater has 120 seconds left.
|
|t:|1646380577
|move|p2a: Nidoqueen|Toxic|p1a: Umbreon
|-fail|p1a: Umbreon|tox
|move|p1a: Umbreon|Wish|p1a: Umbreon
|
|-heal|p2a: Nidoqueen|99/100|[from] item: Black Sludge
|-heal|p1a: Umbreon|71/100 tox|[from] item: Leftovers
|-damage|p1a: Umbreon|59/100 tox|[from] psn
|upkeep
|turn|49
|
|t:|1646380590
|switch|p1a: Darmanitan|Darmanitan, M|75/100
|-damage|p1a: Darmanitan|50/100|[from] Stealth Rock
|move|p2a: Nidoqueen|Earth Power|p1a: Darmanitan
|-supereffective|p1a: Darmanitan
|-damage|p1a: Darmanitan|0 fnt
|faint|p1a: Darmanitan
|
|-heal|p2a: Nidoqueen|100/100|[from] item: Black Sludge
|upkeep
|c|☆testinganteater|ggwp
|c|☆owan14|gg
|-message|owan14 forfeited.
|
|win|testinganteater
|raw|owan14's rating: 1176 &rarr; <strong>1158</strong><br />(-18 for losing)
|raw|testinganteater's rating: 1271 &rarr; <strong>1289</strong><br />(+18 for winning)
|l|☆owan14
