|j|‽Erika from Kanto
|j|☆Tintincpajouer
|t:|1629032590
|gametype|singles
|player|p1|Erika from Kanto|erika|1378
|player|p2|Tintincpajouer|265|1213
|teamsize|p1|6
|teamsize|p2|6
|gen|8
|tier|[Gen 8] RU
|rated|
|rule|Sleep Clause Mod: Limit one foe put to sleep
|rule|Species Clause: Limit one of each Pokémon
|rule|OHKO Clause: OHKO moves are banned
|rule|Evasion Moves Clause: Evasion moves are banned
|rule|Endless Battle Clause: Forcing endless battles is banned
|rule|HP Percentage Mod: HP is shown in percentages
|rule|Dynamax Clause: You cannot dynamax
|clearpoke
|poke|p1|Froslass, F|
|poke|p1|Cloyster, F|
|poke|p1|Mimikyu, M|
|poke|p1|Necrozma|
|poke|p1|Toxtricity, F|
|poke|p1|Sharpedo, M|
|poke|p2|Porygon-Z|
|poke|p2|Cobalion|
|poke|p2|Mimikyu, M|
|poke|p2|Shuckle, M|
|poke|p2|Xurkitree|
|poke|p2|Crobat, M|
|teampreview
|
|t:|1629032602
|start
|switch|p1a: Froslass|Froslass, F|100/100
|switch|p2a: Shuckle|Shuckle, M|100/100
|turn|1
|
|t:|1629032611
|move|p1a: Froslass|Taunt|p2a: Shuckle
|-start|p2a: Shuckle|move: Taunt
|-enditem|p2a: Shuckle|Mental Herb
|-end|p2a: Shuckle|move: Taunt
|move|p2a: Shuckle|Sticky Web|p1a: Froslass
|-sidestart|p1: Erika from Kanto|move: Sticky Web
|
|upkeep
|turn|2
|
|t:|1629032624
|move|p1a: Froslass|Taunt|p2a: Shuckle
|-start|p2a: Shuckle|move: Taunt
|cant|p2a: Shuckle|move: Taunt|Stealth Rock
|
|upkeep
|turn|3
|
|t:|1629032630
|switch|p2a: Cobalion|Cobalion|100/100
|move|p1a: Froslass|Spikes|p2a: Cobalion
|-sidestart|p2: Tintincpajouer|Spikes
|
|upkeep
|turn|4
|
|t:|1629032647
|move|p1a: Froslass|Spikes|p2a: Cobalion
|-sidestart|p2: Tintincpajouer|Spikes
|move|p2a: Cobalion|Volt Switch|p1a: Froslass
|-damage|p1a: Froslass|84/100
|
|t:|1629032654
|switch|p2a: Xurkitree|Xurkitree|100/100|[from]move: Volt Switch
|-damage|p2a: Xurkitree|84/100|[from] Spikes
|
|upkeep
|turn|5
|
|t:|1629032661
|move|p2a: Xurkitree|Thunderbolt|p1a: Froslass
|-damage|p1a: Froslass|4/100
|-start|p2a: Xurkitree|Disable|Thunderbolt|[from] ability: Cursed Body|[of] p1a: Froslass
|move|p1a: Froslass|Destiny Bond|p1a: Froslass
|-singlemove|p1a: Froslass|Destiny Bond
|
|upkeep
|turn|6
|
|t:|1629032669
|switch|p2a: Mimikyu|Mimikyu, M|100/100
|-damage|p2a: Mimikyu|84/100|[from] Spikes
|move|p1a: Froslass|Spikes|p2a: Mimikyu
|-sidestart|p2: Tintincpajouer|Spikes
|
|upkeep
|turn|7
|
|t:|1629032681
|move|p2a: Mimikyu|Shadow Sneak|p1a: Froslass
|-supereffective|p1a: Froslass
|-damage|p1a: Froslass|0 fnt
|faint|p1a: Froslass
|-damage|p2a: Mimikyu|74/100|[from] item: Life Orb
|
|upkeep
|
|t:|1629032685
|switch|p1a: Cloyster|Cloyster, F|100/100
|-activate|p1a: Cloyster|move: Sticky Web
|-unboost|p1a: Cloyster|spe|1
|turn|8
|
|t:|1629032696
|move|p2a: Mimikyu|Shadow Claw|p1a: Cloyster
|-damage|p1a: Cloyster|65/100
|-damage|p2a: Mimikyu|64/100|[from] item: Life Orb
|move|p1a: Cloyster|Shell Smash|p1a: Cloyster
|-unboost|p1a: Cloyster|def|1
|-unboost|p1a: Cloyster|spd|1
|-boost|p1a: Cloyster|atk|2
|-boost|p1a: Cloyster|spa|2
|-boost|p1a: Cloyster|spe|2
|
|upkeep
|turn|9
|
|t:|1629032718
|move|p2a: Mimikyu|Shadow Sneak|p1a: Cloyster
|-damage|p1a: Cloyster|37/100
|-damage|p2a: Mimikyu|54/100|[from] item: Life Orb
|move|p1a: Cloyster|Icicle Spear|p2a: Mimikyu
|-activate|p2a: Mimikyu|ability: Disguise
|-damage|p2a: Mimikyu|54/100
|detailschange|p2a: Mimikyu|Mimikyu-Busted, M
|-damage|p2a: Mimikyu|42/100|[from] pokemon: Mimikyu-Busted
|-damage|p2a: Mimikyu|2/100
|-damage|p2a: Mimikyu|0 fnt
|faint|p2a: Mimikyu
|-hitcount|p2: Mimikyu|3
|
|upkeep
|
|t:|1629032732
|switch|p2a: Xurkitree|Xurkitree|84/100
|-damage|p2a: Xurkitree|59/100|[from] Spikes
|turn|10
|
|t:|1629032742
|switch|p1a: Toxtricity|Toxtricity, F|100/100
|-activate|p1a: Toxtricity|move: Sticky Web
|-unboost|p1a: Toxtricity|spe|1
|move|p2a: Xurkitree|Thunderbolt|p1a: Toxtricity
|-resisted|p1a: Toxtricity
|-damage|p1a: Toxtricity|54/100
|
|upkeep
|turn|11
|
|t:|1629032753
|switch|p2a: Shuckle|Shuckle, M|100/100
|-damage|p2a: Shuckle|75/100|[from] Spikes
|move|p1a: Toxtricity|Boomburst|p2a: Shuckle
|-resisted|p2a: Shuckle
|-damage|p2a: Shuckle|43/100
|
|upkeep
|turn|12
|
|t:|1629032763
|switch|p1a: Sharpedo|Sharpedo, M, shiny|100/100
|-activate|p1a: Sharpedo|move: Sticky Web
|-unboost|p1a: Sharpedo|spe|1
|move|p2a: Shuckle|Stealth Rock|p1a: Sharpedo
|-sidestart|p1: Erika from Kanto|move: Stealth Rock
|
|upkeep
|turn|13
|
|t:|1629032771
|move|p1a: Sharpedo|Hydro Pump|p2a: Shuckle
|-supereffective|p2a: Shuckle
|-damage|p2a: Shuckle|0 fnt
|faint|p2a: Shuckle
|-damage|p1a: Sharpedo|91/100|[from] item: Life Orb
|
|-ability|p1a: Sharpedo|Speed Boost|boost
|-boost|p1a: Sharpedo|spe|1
|upkeep
|inactive|Battle timer is ON: inactive players will automatically lose when time's up. (requested by Erika from Kanto)
|
|t:|1629032782
|switch|p2a: Xurkitree|Xurkitree|59/100
|-damage|p2a: Xurkitree|34/100|[from] Spikes
|turn|14
|
|t:|1629032787
|move|p1a: Sharpedo|Protect|p1a: Sharpedo
|-singleturn|p1a: Sharpedo|Protect
|move|p2a: Xurkitree|Thunderbolt|p1a: Sharpedo
|-activate|p1a: Sharpedo|move: Protect
|
|-ability|p1a: Sharpedo|Speed Boost|boost
|-boost|p1a: Sharpedo|spe|1
|upkeep
|turn|15
|
|t:|1629032796
|move|p2a: Xurkitree|Thunderbolt|p1a: Sharpedo
|-supereffective|p1a: Sharpedo
|-damage|p1a: Sharpedo|0 fnt
|faint|p1a: Sharpedo
|-ability|p2a: Xurkitree|Beast Boost|boost
|-boost|p2a: Xurkitree|spa|1
|
|upkeep
|
|t:|1629032798
|switch|p1a: Mimikyu|Mimikyu, M, shiny|100/100
|-damage|p1a: Mimikyu|88/100|[from] Stealth Rock
|-activate|p1a: Mimikyu|move: Sticky Web
|-unboost|p1a: Mimikyu|spe|1
|turn|16
|
|t:|1629032809
|switch|p2a: Porygon-Z|Porygon-Z|100/100
|-damage|p2a: Porygon-Z|75/100|[from] Spikes
|move|p1a: Mimikyu|Swords Dance|p1a: Mimikyu
|-boost|p1a: Mimikyu|atk|2
|
|upkeep
|turn|17
|
|t:|1629032817
|move|p2a: Porygon-Z|Shadow Ball|p1a: Mimikyu
|-activate|p1a: Mimikyu|ability: Disguise
|-damage|p1a: Mimikyu|88/100
|detailschange|p1a: Mimikyu|Mimikyu-Busted, M, shiny
|-damage|p1a: Mimikyu|76/100|[from] pokemon: Mimikyu-Busted
|move|p1a: Mimikyu|Play Rough|p2a: Porygon-Z
|-damage|p2a: Porygon-Z|0 fnt
|faint|p2a: Porygon-Z
|-damage|p1a: Mimikyu|66/100|[from] item: Life Orb
|
|upkeep
|
|t:|1629032833
|switch|p2a: Crobat|Crobat, M|100/100
|turn|18
|
|t:|1629032842
|move|p1a: Mimikyu|Shadow Sneak|p2a: Crobat
|-damage|p2a: Crobat|44/100
|-damage|p1a: Mimikyu|56/100|[from] item: Life Orb
|move|p2a: Crobat|Sludge Bomb|p1a: Mimikyu
|-damage|p1a: Mimikyu|19/100
|
|upkeep
|turn|19
|
|t:|1629032852
|move|p1a: Mimikyu|Shadow Sneak|p2a: Crobat
|-damage|p2a: Crobat|0 fnt
|faint|p2a: Crobat
|-damage|p1a: Mimikyu|9/100|[from] item: Life Orb
|
|upkeep
|
|t:|1629032864
|switch|p2a: Cobalion|Cobalion|100/100
|-damage|p2a: Cobalion|76/100|[from] Spikes
|turn|20
|
|t:|1629032892
|move|p1a: Mimikyu|Shadow Sneak|p2a: Cobalion
|-damage|p2a: Cobalion|40/100
|-damage|p1a: Mimikyu|0 fnt|[from] item: Life Orb
|faint|p1a: Mimikyu
|move|p2a: Cobalion|Swords Dance|p2a: Cobalion
|-boost|p2a: Cobalion|atk|2
|
|upkeep
|
|t:|1629032895
|switch|p1a: Necrozma|Necrozma|100/100
|-activate|p1a: Necrozma|move: Sticky Web
|-unboost|p1a: Necrozma|spe|1
|-damage|p1a: Necrozma|88/100|[from] Stealth Rock
|turn|21
|
|t:|1629032906
|move|p2a: Cobalion|Iron Head|p1a: Necrozma
|-damage|p1a: Necrozma|25/100
|move|p1a: Necrozma|Autotomize|p1a: Necrozma
|-boost|p1a: Necrozma|spe|2
|-start|p1a: Necrozma|Autotomize
|
|upkeep
|turn|22
|inactive|Erika from Kanto has 120 seconds left.
|
|t:|1629032941
|move|p1a: Necrozma|Earth Power|p2a: Cobalion
|-supereffective|p2a: Cobalion
|-enditem|p2a: Cobalion|Shuca Berry|[eat]
|-enditem|p2a: Cobalion|Shuca Berry|[weaken]
|-damage|p2a: Cobalion|0 fnt
|faint|p2a: Cobalion
|
|upkeep
|
|t:|1629032948
|switch|p2a: Xurkitree|Xurkitree|34/100
|-damage|p2a: Xurkitree|10/100|[from] Spikes
|turn|23
|inactive|Erika from Kanto has 120 seconds left.
|
|t:|1629032967
|move|p2a: Xurkitree|Thunderbolt|p1a: Necrozma
|-crit|p1a: Necrozma
|-damage|p1a: Necrozma|0 fnt
|faint|p1a: Necrozma
|-ability|p2a: Xurkitree|Beast Boost|boost
|-boost|p2a: Xurkitree|spa|1
|
|upkeep
|
|t:|1629032969
|switch|p1a: Toxtricity|Toxtricity, F|54/100
|-activate|p1a: Toxtricity|move: Sticky Web
|-unboost|p1a: Toxtricity|spe|1
|-damage|p1a: Toxtricity|41/100|[from] Stealth Rock
|turn|24
|
|t:|1629032980
|move|p2a: Xurkitree|Thunderbolt|p1a: Toxtricity
|-resisted|p1a: Toxtricity
|-damage|p1a: Toxtricity|0 fnt
|faint|p1a: Toxtricity
|-ability|p2a: Xurkitree|Beast Boost|boost
|-boost|p2a: Xurkitree|spa|1
|
|upkeep
|-message|Erika from Kanto forfeited.
|
|win|Tintincpajouer
|raw|Erika from Kanto's rating: 1363 &rarr; <strong>1335</strong><br />(-28 for losing)
|raw|Tintincpajouer's rating: 1213 &rarr; <strong>1248</strong><br />(+35 for winning)
|l|‽Erika from Kanto
|c|☆Tintincpajouer|Gg
|l|☆Tintincpajouer
|j|☆Tintincpajouer
|player|p2|Tintincpajouer|265
