|j|☆eyes_eyes
|j|☆Metroid0998
|t:|1650943746
|gametype|singles
|player|p1|eyes_eyes|winona|1276
|player|p2|Metroid0998|266|1031
|teamsize|p1|6
|teamsize|p2|6
|gen|8
|tier|[Gen 8] RU
|rated|
|rule|Sleep Clause Mod: Limit one foe put to sleep
|rule|Species Clause: Limit one of each Pokémon
|rule|OHKO Clause: OHKO moves are banned
|rule|Evasion Moves Clause: Evasion moves are banned
|rule|Endless Battle Clause: Forcing endless battles is banned
|rule|HP Percentage Mod: HP is shown in percentages
|rule|Dynamax Clause: You cannot dynamax
|clearpoke
|poke|p1|Flygon, M|
|poke|p1|Gardevoir, M|
|poke|p1|Metagross|
|poke|p1|Heracross, M|
|poke|p1|Gastrodon, F|
|poke|p1|Starmie|
|poke|p2|Flygon, M|
|poke|p2|Chandelure, F|
|poke|p2|Heracross, M|
|poke|p2|Cloyster, F|
|poke|p2|Gardevoir, F|
|poke|p2|Porygon2|
|teampreview
|
|t:|1650943781
|start
|switch|p1a: Starmie|Starmie|100/100
|switch|p2a: Cloyster|Cloyster, F|100/100
|turn|1
|
|t:|1650943794
|move|p1a: Starmie|Grass Knot|p2a: Cloyster
|-supereffective|p2a: Cloyster
|-damage|p2a: Cloyster|0 fnt
|faint|p2a: Cloyster
|
|upkeep
|
|t:|1650943800
|switch|p2a: Porygon2|Porygon2|100/100
|-ability|p2a: Porygon2|Download|boost
|-boost|p2a: Porygon2|atk|1
|turn|2
|
|t:|1650943806
|switch|p1a: Flygon|Flygon, M|100/100
|move|p2a: Porygon2|Thunderbolt|p1a: Flygon
|-immune|p1a: Flygon
|
|upkeep
|turn|3
|
|t:|1650943813
|move|p1a: Flygon|Toxic|p2a: Porygon2
|-status|p2a: Porygon2|tox
|move|p2a: Porygon2|Ice Beam|p1a: Flygon
|-supereffective|p1a: Flygon
|-damage|p1a: Flygon|0 fnt
|faint|p1a: Flygon
|
|-damage|p2a: Porygon2|94/100 tox|[from] psn
|upkeep
|
|t:|1650943831
|switch|p1a: Metagross|Metagross|100/100
|turn|4
|
|t:|1650943843
|move|p1a: Metagross|Stealth Rock|p2a: Porygon2
|-sidestart|p2: Metroid0998|move: Stealth Rock
|move|p2a: Porygon2|Thunderbolt|p1a: Metagross
|-damage|p1a: Metagross|71/100
|
|-damage|p2a: Porygon2|82/100 tox|[from] psn
|upkeep
|turn|5
|
|t:|1650943852
|move|p1a: Metagross|Earthquake|p2a: Porygon2
|-damage|p2a: Porygon2|55/100 tox
|move|p2a: Porygon2|Tri Attack|p1a: Metagross
|-resisted|p1a: Metagross
|-damage|p1a: Metagross|48/100
|-status|p1a: Metagross|brn
|
|-damage|p2a: Porygon2|37/100 tox|[from] psn
|-damage|p1a: Metagross|42/100 brn|[from] brn
|upkeep
|turn|6
|
|t:|1650943871
|switch|p2a: Flygon|Flygon, M|100/100
|-damage|p2a: Flygon|95/100|[from] Stealth Rock
|move|p1a: Metagross|Earthquake|p2a: Flygon
|-immune|p2a: Flygon|[from] ability: Levitate
|
|-damage|p1a: Metagross|36/100 brn|[from] brn
|upkeep
|turn|7
|
|t:|1650943879
|move|p2a: Flygon|Dragon Dance|p2a: Flygon
|-boost|p2a: Flygon|atk|1
|-boost|p2a: Flygon|spe|1
|move|p1a: Metagross|Ice Punch|p2a: Flygon
|-supereffective|p2a: Flygon
|-damage|p2a: Flygon|11/100
|-status|p2a: Flygon|frz
|
|-damage|p1a: Metagross|30/100 brn|[from] brn
|upkeep
|turn|8
|
|t:|1650943889
|switch|p2a: Chandelure|Chandelure, F|100/100
|-damage|p2a: Chandelure|76/100|[from] Stealth Rock
|move|p1a: Metagross|Ice Punch|p2a: Chandelure
|-resisted|p2a: Chandelure
|-damage|p2a: Chandelure|66/100
|
|-damage|p1a: Metagross|24/100 brn|[from] brn
|upkeep
|turn|9
|
|t:|1650943902
|move|p2a: Chandelure|Shadow Ball|p1a: Metagross
|-supereffective|p1a: Metagross
|-damage|p1a: Metagross|0 fnt
|faint|p1a: Metagross
|
|upkeep
|
|t:|1650943918
|switch|p1a: Gardevoir|Gardevoir, M|100/100
|-ability|p1a: Gardevoir|Infiltrator|[from] ability: Trace|[of] p2a: Chandelure
|turn|10
|
|t:|1650943922
|move|p1a: Gardevoir|Moonblast|p2a: Chandelure
|-resisted|p2a: Chandelure
|-damage|p2a: Chandelure|33/100
|move|p2a: Chandelure|Shadow Ball|p1a: Gardevoir
|-supereffective|p1a: Gardevoir
|-crit|p1a: Gardevoir
|-damage|p1a: Gardevoir|0 fnt
|faint|p1a: Gardevoir
|
|upkeep
|c|☆eyes_eyes|for some reason i thought you had like 20% health lol
|
|t:|1650943951
|switch|p1a: Heracross|Heracross, M|100/100
|turn|11
|
|t:|1650943959
|move|p1a: Heracross|Knock Off|p2a: Chandelure
|-supereffective|p2a: Chandelure
|-damage|p2a: Chandelure|0 fnt
|-enditem|p2a: Chandelure|Choice Specs|[from] move: Knock Off|[of] p1a: Heracross
|faint|p2a: Chandelure
|-ability|p1a: Heracross|Moxie|boost
|-boost|p1a: Heracross|atk|1
|
|upkeep
|
|t:|1650943972
|switch|p2a: Gardevoir|Gardevoir, F|100/100
|-damage|p2a: Gardevoir|88/100|[from] Stealth Rock
|-ability|p2a: Gardevoir|Moxie|[from] ability: Trace|[of] p1a: Heracross
|turn|12
|
|t:|1650944006
|move|p1a: Heracross|Knock Off|p2a: Gardevoir
|-damage|p2a: Gardevoir|3/100
|-enditem|p2a: Gardevoir|Leftovers|[from] move: Knock Off|[of] p1a: Heracross
|move|p2a: Gardevoir|Moonblast|p1a: Heracross
|-supereffective|p1a: Heracross
|-damage|p1a: Heracross|0 fnt
|faint|p1a: Heracross
|-ability|p2a: Gardevoir|Moxie|boost
|-boost|p2a: Gardevoir|atk|1
|
|upkeep
|
|t:|1650944016
|switch|p1a: Starmie|Starmie|100/100
|turn|13
|
|t:|1650944037
|move|p1a: Starmie|Rapid Spin|p2a: Gardevoir
|-damage|p2a: Gardevoir|0 fnt
|-boost|p1a: Starmie|spe|1
|faint|p2a: Gardevoir
|
|upkeep
|
|t:|1650944042
|switch|p2a: Porygon2|Porygon2|37/100 tox
|-damage|p2a: Porygon2|25/100 tox|[from] Stealth Rock
|-ability|p2a: Porygon2|Download|boost
|-boost|p2a: Porygon2|atk|1
|turn|14
|
|t:|1650944057
|move|p1a: Starmie|Surf|p2a: Porygon2
|-damage|p2a: Porygon2|1/100 tox
|move|p2a: Porygon2|Recover|p2a: Porygon2
|-heal|p2a: Porygon2|51/100 tox
|
|-damage|p2a: Porygon2|45/100 tox|[from] psn
|upkeep
|turn|15
|
|t:|1650944065
|switch|p1a: Gastrodon|Gastrodon, F|100/100
|move|p2a: Porygon2|Recover|p2a: Porygon2
|-heal|p2a: Porygon2|95/100 tox
|
|-damage|p2a: Porygon2|83/100 tox|[from] psn
|upkeep
|turn|16
|
|t:|1650944073
|move|p2a: Porygon2|Tri Attack|p1a: Gastrodon
|-damage|p1a: Gastrodon|64/100
|move|p1a: Gastrodon|Recover|p1a: Gastrodon
|-heal|p1a: Gastrodon|100/100
|
|-damage|p2a: Porygon2|64/100 tox|[from] psn
|upkeep
|turn|17
|
|t:|1650944081
|switch|p2a: Flygon|Flygon, M|11/100 frz
|-damage|p2a: Flygon|5/100 frz|[from] Stealth Rock
|move|p1a: Gastrodon|Recover||[still]
|-fail|p1a: Gastrodon|heal
|
|upkeep
|turn|18
|
|t:|1650944093
|cant|p2a: Flygon|frz
|move|p1a: Gastrodon|Scald|p2a: Flygon
|-damage|p2a: Flygon|0 fnt
|faint|p2a: Flygon
|
|upkeep
|
|t:|1650944098
|switch|p2a: Heracross|Heracross, M|100/100
|-damage|p2a: Heracross|88/100|[from] Stealth Rock
|turn|19
|
|t:|1650944112
|move|p2a: Heracross|Megahorn|p1a: Gastrodon
|-damage|p1a: Gastrodon|53/100
|-damage|p2a: Heracross|72/100|[from] item: Rocky Helmet|[of] p1a: Gastrodon
|move|p1a: Gastrodon|Scald|p2a: Heracross
|-damage|p2a: Heracross|40/100
|
|-status|p2a: Heracross|brn|[from] item: Flame Orb
|upkeep
|turn|20
|
|t:|1650944141
|move|p2a: Heracross|Facade|p1a: Gastrodon
|-damage|p1a: Gastrodon|0 fnt
|-damage|p2a: Heracross|24/100 brn|[from] item: Rocky Helmet|[of] p1a: Gastrodon
|faint|p1a: Gastrodon
|
|-damage|p2a: Heracross|18/100 brn|[from] brn
|upkeep
|
|t:|1650944147
|switch|p1a: Starmie|Starmie|100/100
|turn|21
|
|t:|1650944150
|move|p1a: Starmie|Surf|p2a: Heracross
|-damage|p2a: Heracross|0 fnt
|faint|p2a: Heracross
|
|upkeep
|
|t:|1650944155
|switch|p2a: Porygon2|Porygon2|64/100 tox
|-damage|p2a: Porygon2|52/100 tox|[from] Stealth Rock
|-ability|p2a: Porygon2|Download|boost
|-boost|p2a: Porygon2|atk|1
|turn|22
|
|t:|1650944160
|move|p1a: Starmie|Surf|p2a: Porygon2
|-damage|p2a: Porygon2|26/100 tox
|move|p2a: Porygon2|Recover|p2a: Porygon2
|-heal|p2a: Porygon2|76/100 tox
|
|-damage|p2a: Porygon2|70/100 tox|[from] psn
|upkeep
|turn|23
|
|t:|1650944167
|move|p1a: Starmie|Surf|p2a: Porygon2
|-damage|p2a: Porygon2|43/100 tox
|move|p2a: Porygon2|Thunderbolt|p1a: Starmie
|-supereffective|p1a: Starmie
|-damage|p1a: Starmie|11/100
|
|-damage|p2a: Porygon2|31/100 tox|[from] psn
|upkeep
|turn|24
|
|t:|1650944176
|move|p1a: Starmie|Surf|p2a: Porygon2
|-damage|p2a: Porygon2|4/100 tox
|move|p2a: Porygon2|Tri Attack|p1a: Starmie
|-damage|p1a: Starmie|0 fnt
|faint|p1a: Starmie
|
|win|Metroid0998
|raw|eyes_eyes's rating: 1276 &rarr; <strong>1236</strong><br />(-40 for losing)
|raw|Metroid0998's rating: 1031 &rarr; <strong>1088</strong><br />(+57 for winning)
|c|☆eyes_eyes|gg
|l|☆eyes_eyes
