|j|☆Kalaf
|j|☆polar_geass
|t:|1613138080
|player|p1|Kalaf|grimsley|1411
|player|p2|polar_geass|skyla|1349
|teamsize|p1|6
|teamsize|p2|6
|gametype|singles
|gen|8
|tier|[Gen 8] RU
|rated|
|clearpoke
|poke|p1|Cobalion|
|poke|p1|Zarude|
|poke|p1|Reuniclus, M|
|poke|p1|Togekiss, F|
|poke|p1|Xurkitree|
|poke|p1|Golisopod, F|
|poke|p2|Rhyperior, M|
|poke|p2|Cramorant, M|
|poke|p2|Klefki, M|
|poke|p2|Zarude|
|poke|p2|Entei|
|poke|p2|Reuniclus, M|
|rule|Sleep Clause Mod: Limit one foe put to sleep
|rule|Species Clause: Limit one of each Pokémon
|rule|OHKO Clause: OHKO moves are banned
|rule|Evasion Moves Clause: Evasion moves are banned
|rule|Endless Battle Clause: Forcing endless battles is banned
|rule|HP Percentage Mod: HP is shown in percentages
|rule|Dynamax Clause: You cannot dynamax
|teampreview
|c|☆Kalaf|glhf
|
|t:|1613138161
|start
|switch|p1a: Golisopod|Golisopod, F|100/100
|switch|p2a: Entei|Entei|100/100
|turn|1
|
|t:|1613138170
|switch|p2a: Cramorant|Cramorant, M|100/100
|move|p1a: Golisopod|Liquidation|p2a: Cramorant
|-resisted|p2a: Cramorant
|-damage|p2a: Cramorant|62/100
|-damage|p1a: Golisopod|84/100|[from] item: Rocky Helmet|[of] p2a: Cramorant
|
|upkeep
|turn|2
|
|t:|1613138182
|switch|p1a: Xurkitree|Xurkitree|100/100
|move|p2a: Cramorant|Air Slash|p1a: Xurkitree
|-resisted|p1a: Xurkitree
|-damage|p1a: Xurkitree|76/100
|
|upkeep
|turn|3
|
|t:|1613138193
|switch|p2a: Reuniclus|Reuniclus, M|100/100
|move|p1a: Xurkitree|Energy Ball|p2a: Reuniclus
|-damage|p2a: Reuniclus|80/100
|
|upkeep
|turn|4
|
|t:|1613138202
|switch|p1a: Zarude|Zarude|100/100
|move|p2a: Reuniclus|Knock Off|p1a: Zarude
|-resisted|p1a: Zarude
|-damage|p1a: Zarude|94/100
|-enditem|p1a: Zarude|Heavy-Duty Boots|[from] move: Knock Off|[of] p2a: Reuniclus
|
|upkeep
|turn|5
|
|t:|1613138211
|switch|p2a: Klefki|Klefki, M|100/100
|move|p1a: Zarude|U-turn|p2a: Klefki
|-resisted|p2a: Klefki
|-damage|p2a: Klefki|96/100
|
|t:|1613138214
|switch|p1a: Togekiss|Togekiss, F|100/100|[from]move: U-turn
|
|upkeep
|turn|6
|
|t:|1613138222
|move|p2a: Klefki|Switcheroo|p1a: Togekiss
|-activate|p2a: Klefki|move: Trick|[of] p1a: Togekiss
|-item|p1a: Togekiss|Lagging Tail|[from] move: Switcheroo
|-item|p2a: Klefki|Heavy-Duty Boots|[from] move: Switcheroo
|move|p1a: Togekiss|Nasty Plot|p1a: Togekiss
|-boost|p1a: Togekiss|spa|2
|
|upkeep
|turn|7
|
|t:|1613138232
|switch|p2a: Rhyperior|Rhyperior, M|100/100
|move|p1a: Togekiss|Flamethrower|p2a: Rhyperior
|-resisted|p2a: Rhyperior
|-damage|p2a: Rhyperior|79/100
|
|-heal|p2a: Rhyperior|85/100|[from] item: Leftovers
|upkeep
|turn|8
|
|t:|1613138244
|switch|p1a: Zarude|Zarude|94/100
|move|p2a: Rhyperior|Stealth Rock|p1a: Zarude
|-sidestart|p1: Kalaf|move: Stealth Rock
|
|-heal|p2a: Rhyperior|91/100|[from] item: Leftovers
|upkeep
|turn|9
|
|t:|1613138252
|switch|p2a: Klefki|Klefki, M|96/100
|move|p1a: Zarude|Power Whip|p2a: Klefki
|-resisted|p2a: Klefki
|-damage|p2a: Klefki|74/100
|
|upkeep
|turn|10
|
|t:|1613138261
|move|p2a: Klefki|Spikes|p1a: Zarude
|-sidestart|p1: Kalaf|Spikes
|move|p1a: Zarude|U-turn|p2a: Klefki
|-resisted|p2a: Klefki
|-damage|p2a: Klefki|69/100
|
|t:|1613138263
|switch|p1a: Togekiss|Togekiss, F|100/100|[from]move: U-turn
|-damage|p1a: Togekiss|76/100|[from] Stealth Rock
|
|upkeep
|turn|11
|
|t:|1613138271
|move|p2a: Klefki|Dazzling Gleam|p1a: Togekiss
|-damage|p1a: Togekiss|56/100
|move|p1a: Togekiss|Flamethrower|p2a: Klefki
|-supereffective|p2a: Klefki
|-damage|p2a: Klefki|5/100
|
|upkeep
|turn|12
|
|t:|1613138281
|switch|p2a: Rhyperior|Rhyperior, M|91/100
|move|p1a: Togekiss|Air Slash|p2a: Rhyperior
|-resisted|p2a: Rhyperior
|-damage|p2a: Rhyperior|76/100
|
|-heal|p2a: Rhyperior|82/100|[from] item: Leftovers
|upkeep
|turn|13
|
|t:|1613138288
|move|p2a: Rhyperior|Stone Edge|p1a: Togekiss|[miss]
|-miss|p2a: Rhyperior|p1a: Togekiss
|move|p1a: Togekiss|Roost|p1a: Togekiss
|-heal|p1a: Togekiss|100/100
|-singleturn|p1a: Togekiss|move: Roost
|
|-heal|p2a: Rhyperior|88/100|[from] item: Leftovers
|upkeep
|turn|14
|
|t:|1613138296
|move|p2a: Rhyperior|Megahorn|p1a: Togekiss
|-resisted|p1a: Togekiss
|-damage|p1a: Togekiss|90/100
|move|p1a: Togekiss|Flamethrower|p2a: Rhyperior
|-resisted|p2a: Rhyperior
|-damage|p2a: Rhyperior|76/100
|
|-heal|p2a: Rhyperior|82/100|[from] item: Leftovers
|upkeep
|turn|15
|
|t:|1613138312
|move|p2a: Rhyperior|Earthquake|p1a: Togekiss
|-immune|p1a: Togekiss
|move|p1a: Togekiss|Air Slash|p2a: Rhyperior
|-resisted|p2a: Rhyperior
|-damage|p2a: Rhyperior|69/100
|
|-heal|p2a: Rhyperior|75/100|[from] item: Leftovers
|upkeep
|turn|16
|
|t:|1613138329
|switch|p1a: Cobalion|Cobalion|100/100
|-damage|p1a: Cobalion|88/100|[from] Spikes
|-damage|p1a: Cobalion|85/100|[from] Stealth Rock
|move|p2a: Rhyperior|Earthquake|p1a: Cobalion
|-supereffective|p1a: Cobalion
|-damage|p1a: Cobalion|0 fnt
|faint|p1a: Cobalion
|
|-heal|p2a: Rhyperior|81/100|[from] item: Leftovers
|upkeep
|
|t:|1613138337
|switch|p1a: Zarude|Zarude|94/100
|-damage|p1a: Zarude|81/100|[from] Stealth Rock
|-damage|p1a: Zarude|69/100|[from] Spikes
|turn|17
|
|t:|1613138352
|switch|p2a: Klefki|Klefki, M|5/100
|move|p1a: Zarude|Power Whip|p2a: Klefki
|-resisted|p2a: Klefki
|-damage|p2a: Klefki|0 fnt
|faint|p2a: Klefki
|
|upkeep
|
|t:|1613138368
|switch|p2a: Entei|Entei|100/100
|turn|18
|
|t:|1613138373
|move|p1a: Zarude|U-turn|p2a: Entei
|-resisted|p2a: Entei
|-damage|p2a: Entei|89/100
|
|t:|1613138377
|switch|p1a: Togekiss|Togekiss, F|90/100|[from]move: U-turn
|-damage|p1a: Togekiss|65/100|[from] Stealth Rock
|move|p2a: Entei|Sacred Fire|p1a: Togekiss
|-damage|p1a: Togekiss|0 fnt
|faint|p1a: Togekiss
|
|upkeep
|
|t:|1613138388
|switch|p1a: Golisopod|Golisopod, F|84/100
|turn|19
|j| Mertook
|
|t:|1613138397
|switch|p2a: Cramorant|Cramorant, M|62/100
|move|p1a: Golisopod|Liquidation|p2a: Cramorant
|-resisted|p2a: Cramorant
|-damage|p2a: Cramorant|24/100
|-damage|p1a: Golisopod|68/100|[from] item: Rocky Helmet|[of] p2a: Cramorant
|
|upkeep
|turn|20
|
|t:|1613138406
|switch|p1a: Reuniclus|Reuniclus, M|100/100
|-damage|p1a: Reuniclus|88/100|[from] Spikes
|-damage|p1a: Reuniclus|76/100|[from] Stealth Rock
|move|p2a: Cramorant|Roost|p2a: Cramorant
|-heal|p2a: Cramorant|75/100
|-singleturn|p2a: Cramorant|move: Roost
|
|upkeep
|turn|21
|
|t:|1613138415
|switch|p2a: Reuniclus|Reuniclus, M|100/100
|move|p1a: Reuniclus|Future Sight|p2a: Reuniclus
|-start|p1a: Reuniclus|move: Future Sight
|
|upkeep
|turn|22
|
|t:|1613138426
|switch|p1a: Zarude|Zarude|69/100
|-damage|p1a: Zarude|57/100|[from] Stealth Rock
|-damage|p1a: Zarude|45/100|[from] Spikes
|move|p2a: Reuniclus|Thunder|p1a: Zarude|[miss]
|-miss|p2a: Reuniclus|p1a: Zarude
|
|upkeep
|turn|23
|
|t:|1613138449
|switch|p2a: Cramorant|Cramorant, M|75/100
|move|p1a: Zarude|U-turn|p2a: Cramorant
|-resisted|p2a: Cramorant
|-damage|p2a: Cramorant|54/100
|-damage|p1a: Zarude|28/100|[from] item: Rocky Helmet|[of] p2a: Cramorant
|
|t:|1613138453
|switch|p1a: Xurkitree|Xurkitree|76/100|[from]move: U-turn
|-damage|p1a: Xurkitree|63/100|[from] Stealth Rock
|-damage|p1a: Xurkitree|51/100|[from] Spikes
|
|-end|p2a: Cramorant|move: Future Sight
|-damage|p2a: Cramorant|0 fnt
|upkeep
|faint|p2a: Cramorant
|
|t:|1613138478
|switch|p2a: Reuniclus|Reuniclus, M|100/100
|turn|24
|
|t:|1613138485
|move|p1a: Xurkitree|Volt Switch|p2a: Reuniclus
|-damage|p2a: Reuniclus|77/100
|
|t:|1613138491
|switch|p1a: Zarude|Zarude|28/100|[from]move: Volt Switch
|-damage|p1a: Zarude|16/100|[from] Stealth Rock
|-damage|p1a: Zarude|4/100|[from] Spikes
|move|p2a: Reuniclus|Knock Off|p1a: Zarude
|-resisted|p1a: Zarude
|-damage|p1a: Zarude|0 fnt
|faint|p1a: Zarude
|
|upkeep
|
|t:|1613138496
|switch|p1a: Golisopod|Golisopod, F|68/100
|turn|25
|
|t:|1613138511
|switch|p2a: Rhyperior|Rhyperior, M|81/100
|move|p1a: Golisopod|Knock Off|p2a: Rhyperior
|-damage|p2a: Rhyperior|58/100
|-enditem|p2a: Rhyperior|Leftovers|[from] move: Knock Off|[of] p1a: Golisopod
|
|upkeep
|turn|26
|
|t:|1613138523
|move|p1a: Golisopod|Liquidation|p2a: Rhyperior
|-supereffective|p2a: Rhyperior
|-damage|p2a: Rhyperior|0 fnt
|faint|p2a: Rhyperior
|
|upkeep
|
|t:|1613138541
|switch|p2a: Entei|Entei|89/100
|turn|27
|
|t:|1613138571
|move|p2a: Entei|Sacred Fire|p1a: Golisopod
|-damage|p1a: Golisopod|9/100
|-activate|p1a: Golisopod|ability: Emergency Exit
|
|t:|1613138578
|switch|p1a: Xurkitree|Xurkitree|51/100
|-damage|p1a: Xurkitree|39/100|[from] Stealth Rock
|-damage|p1a: Xurkitree|26/100|[from] Spikes
|
|upkeep
|turn|28
|
|t:|1613138588
|move|p1a: Xurkitree|Volt Switch|p2a: Entei
|-damage|p2a: Entei|40/100
|
|t:|1613138592
|switch|p1a: Reuniclus|Reuniclus, M|100/100|[from]move: Volt Switch
|-damage|p1a: Reuniclus|88/100|[from] Stealth Rock
|-damage|p1a: Reuniclus|76/100|[from] Spikes
|move|p2a: Entei|Sacred Fire|p1a: Reuniclus
|-damage|p1a: Reuniclus|5/100
|
|upkeep
|turn|29
|
|t:|1613138605
|switch|p2a: Zarude|Zarude|100/100
|move|p1a: Reuniclus|Future Sight|p2a: Zarude
|-start|p1a: Reuniclus|move: Future Sight
|
|upkeep
|turn|30
|
|t:|1613138615
|move|p2a: Zarude|Darkest Lariat|p1a: Reuniclus
|-supereffective|p1a: Reuniclus
|-damage|p1a: Reuniclus|0 fnt
|faint|p1a: Reuniclus
|
|upkeep
|
|t:|1613138634
|switch|p1a: Golisopod|Golisopod, F|9/100
|turn|31
|
|t:|1613138645
|move|p2a: Zarude|U-turn|p1a: Golisopod
|-damage|p1a: Golisopod|0 fnt
|faint|p1a: Golisopod
|
|t:|1613138649
|switch|p2a: Reuniclus|Reuniclus, M|100/100|[from]move: U-turn
|
|-end|p2a: Reuniclus|move: Future Sight
|-resisted|p2a: Reuniclus
|-damage|p2a: Reuniclus|85/100
|upkeep
|-message|Kalaf forfeited.
|
|win|polar_geass
|l|☆Kalaf
|l| Mertook
||Ladder (probably) updated, but score could not be retrieved (Request timeout).
