|j|☆Umbra Soul
|j|☆Enter Pls
|player|p1|Umbra Soul|69|1435
|player|p2|Enter Pls|koga|1463
|teamsize|p1|6
|teamsize|p2|6
|gametype|singles
|gen|8
|tier|[Gen 8] RU
|rated|
|clearpoke
|poke|p1|Thwackey, M|
|poke|p1|Espeon, M|
|poke|p1|Mudsdale, F|
|poke|p1|Lanturn, M|
|poke|p1|Salazzle, F|
|poke|p1|Braviary, M|
|poke|p2|Drapion, M|
|poke|p2|Vikavolt, F|
|poke|p2|Xatu, F|
|poke|p2|Whimsicott, M|
|poke|p2|Vaporeon, F|
|poke|p2|Runerigus, M|
|rule|Sleep Clause Mod: Limit one foe put to sleep
|rule|Species Clause: Limit one of each Pokémon
|rule|OHKO Clause: OHKO moves are banned
|rule|Evasion Moves Clause: Evasion moves are banned
|rule|Endless Battle Clause: Forcing endless battles is banned
|rule|HP Percentage Mod: HP is shown in percentages
|rule|Dynamax Clause: You cannot dynamax
|teampreview
|
|start
|switch|p1a: Salazzle|Salazzle, F|100/100
|switch|p2a: Vikavolt|Vikavolt, F|100/100
|turn|1
|
|switch|p2a: Runerigus|Runerigus, M|100/100
|move|p1a: Salazzle|Flamethrower|p2a: Runerigus
|-damage|p2a: Runerigus|70/100
|
|-heal|p2a: Runerigus|76/100|[from] item: Leftovers
|upkeep
|turn|2
|
|move|p1a: Salazzle|Toxic|p2a: Runerigus
|-status|p2a: Runerigus|tox
|move|p2a: Runerigus|Earthquake|p1a: Salazzle
|-supereffective|p1a: Salazzle
|-damage|p1a: Salazzle|0 fnt
|faint|p1a: Salazzle
|
|-heal|p2a: Runerigus|83/100 tox|[from] item: Leftovers
|-damage|p2a: Runerigus|76/100 tox|[from] psn
|upkeep
|
|switch|p1a: Braviary|Braviary, M|100/100
|turn|3
|
|switch|p2a: Whimsicott|Whimsicott, M|100/100
|move|p1a: Braviary|Substitute|p1a: Braviary
|-start|p1a: Braviary|Substitute
|-damage|p1a: Braviary|75/100
|
|upkeep
|turn|4
|
|move|p2a: Whimsicott|Switcheroo|p1a: Braviary
|-activate|p2a: Whimsicott|move: Trick|[of] p1a: Braviary
|-item|p1a: Braviary|Choice Specs|[from] move: Switcheroo
|-item|p2a: Whimsicott|Heavy-Duty Boots|[from] move: Switcheroo
|move|p1a: Braviary|Brave Bird|p2a: Whimsicott
|-supereffective|p2a: Whimsicott
|-damage|p2a: Whimsicott|0 fnt
|-damage|p1a: Braviary|54/100|[from] Recoil
|faint|p2a: Whimsicott
|
|upkeep
|
|switch|p2a: Vaporeon|Vaporeon, F|100/100
|turn|5
|
|switch|p1a: Lanturn|Lanturn, M|100/100
|move|p2a: Vaporeon|Heal Bell|p2a: Vaporeon
|-activate|p2a: Vaporeon|move: Heal Bell
|-curestatus|p2: Runerigus|tox|[msg]
|
|upkeep
|turn|6
|
|move|p1a: Lanturn|Volt Switch|p2a: Vaporeon
|-supereffective|p2a: Vaporeon
|-damage|p2a: Vaporeon|69/100
|
|switch|p1a: Thwackey|Thwackey, M|100/100|[from]move: Volt Switch
|-fieldstart|move: Grassy Terrain|[from] ability: Grassy Surge|[of] p1a: Thwackey
|move|p2a: Vaporeon|Wish|p2a: Vaporeon
|
|-heal|p2a: Vaporeon|76/100|[from] item: Leftovers
|-heal|p2a: Vaporeon|82/100|[from] Grassy Terrain
|upkeep
|turn|7
|
|switch|p2a: Vikavolt|Vikavolt, F|100/100
|move|p1a: Thwackey|Swords Dance|p1a: Thwackey
|-boost|p1a: Thwackey|atk|2
|
|upkeep
|turn|8
|
|move|p1a: Thwackey|Knock Off|p2a: Vikavolt
|-damage|p2a: Vikavolt|32/100
|-enditem|p2a: Vikavolt|Heavy-Duty Boots|[from] move: Knock Off|[of] p1a: Thwackey
|move|p2a: Vikavolt|Bug Buzz|p1a: Thwackey
|-supereffective|p1a: Thwackey
|-damage|p1a: Thwackey|0 fnt
|faint|p1a: Thwackey
|
|upkeep
|
|switch|p1a: Espeon|Espeon, M|100/100
|-enditem|p1a: Espeon|Grassy Seed
|-boost|p1a: Espeon|def|1|[from] item: Grassy Seed
|turn|9
|
|move|p1a: Espeon|Calm Mind|p1a: Espeon
|-boost|p1a: Espeon|spa|1
|-boost|p1a: Espeon|spd|1
|move|p2a: Vikavolt|Bug Buzz|p1a: Espeon
|-supereffective|p1a: Espeon
|-damage|p1a: Espeon|33/100
|
|-heal|p1a: Espeon|39/100|[from] Grassy Terrain
|upkeep
|turn|10
|
|move|p1a: Espeon|Dazzling Gleam|p2a: Vikavolt
|-damage|p2a: Vikavolt|0 fnt
|faint|p2a: Vikavolt
|
|-heal|p1a: Espeon|45/100|[from] Grassy Terrain
|-fieldend|move: Grassy Terrain
|upkeep
|
|switch|p2a: Drapion|Drapion, M|100/100
|turn|11
|
|move|p1a: Espeon|Morning Sun|p1a: Espeon
|-heal|p1a: Espeon|95/100
|move|p2a: Drapion|Acupressure|p2a: Drapion
|-boost|p2a: Drapion|accuracy|2
|
|upkeep
|turn|12
|
|move|p1a: Espeon|Dazzling Gleam|p2a: Drapion
|-damage|p2a: Drapion|70/100
|move|p2a: Drapion|Acupressure|p2a: Drapion
|-boost|p2a: Drapion|evasion|2
|
|upkeep
|turn|13
|
|move|p1a: Espeon|Calm Mind|p1a: Espeon
|-boost|p1a: Espeon|spa|1
|-boost|p1a: Espeon|spd|1
|move|p2a: Drapion|Acupressure|p2a: Drapion
|-boost|p2a: Drapion|spa|2
|
|upkeep
|turn|14
|
|move|p1a: Espeon|Dazzling Gleam|p2a: Drapion|[miss]
|-miss|p1a: Espeon|p2a: Drapion
|move|p2a: Drapion|Acupressure|p2a: Drapion
|-boost|p2a: Drapion|spe|2
|
|upkeep
|turn|15
|
|move|p2a: Drapion|Acupressure|p2a: Drapion
|-boost|p2a: Drapion|spe|2
|move|p1a: Espeon|Dazzling Gleam|p2a: Drapion
|-damage|p2a: Drapion|30/100
|
|upkeep
|turn|16
|
|move|p2a: Drapion|Rest|p2a: Drapion
|-status|p2a: Drapion|slp|[from] move: Rest
|-heal|p2a: Drapion|100/100 slp|[silent]
|-enditem|p2a: Drapion|Chesto Berry|[eat]
|-curestatus|p2a: Drapion|slp|[msg]
|move|p1a: Espeon|Dazzling Gleam|p2a: Drapion|[miss]
|-miss|p1a: Espeon|p2a: Drapion
|
|upkeep
|turn|17
|
|move|p2a: Drapion|Acupressure|p2a: Drapion
|-boost|p2a: Drapion|spa|2
|move|p1a: Espeon|Calm Mind|p1a: Espeon
|-boost|p1a: Espeon|spa|1
|-boost|p1a: Espeon|spd|1
|
|upkeep
|turn|18
|
|move|p2a: Drapion|Acupressure|p2a: Drapion
|-boost|p2a: Drapion|spd|2
|move|p1a: Espeon|Dazzling Gleam|p2a: Drapion
|-damage|p2a: Drapion|76/100
|
|upkeep
|turn|19
|
|move|p2a: Drapion|Acupressure|p2a: Drapion
|-boost|p2a: Drapion|atk|2
|move|p1a: Espeon|Dazzling Gleam|p2a: Drapion
|-damage|p2a: Drapion|53/100
|
|upkeep
|turn|20
|
|switch|p1a: Mudsdale|Mudsdale, F|100/100
|move|p2a: Drapion|Knock Off|p1a: Mudsdale
|-damage|p1a: Mudsdale|52/100
|-ability|p1a: Mudsdale|Stamina|boost
|-boost|p1a: Mudsdale|def|1
|-enditem|p1a: Mudsdale|Leftovers|[from] move: Knock Off|[of] p2a: Drapion
|
|upkeep
|turn|21
|
|move|p2a: Drapion|Iron Defense|p2a: Drapion
|-boost|p2a: Drapion|def|2
|move|p1a: Mudsdale|High Horsepower|p2a: Drapion|[miss]
|-miss|p1a: Mudsdale|p2a: Drapion
|
|upkeep
|turn|22
|
|move|p2a: Drapion|Iron Defense|p2a: Drapion
|-boost|p2a: Drapion|def|2
|move|p1a: Mudsdale|High Horsepower|p2a: Drapion
|-supereffective|p2a: Drapion
|-damage|p2a: Drapion|26/100
|
|upkeep
|turn|23
|
|move|p2a: Drapion|Rest|p2a: Drapion
|-status|p2a: Drapion|slp|[from] move: Rest
|-heal|p2a: Drapion|100/100 slp|[silent]
|move|p1a: Mudsdale|High Horsepower|p2a: Drapion|[miss]
|-miss|p1a: Mudsdale|p2a: Drapion
|
|upkeep
|turn|24
|-message|Umbra Soul forfeited.
|
|win|Enter Pls
|l|☆Umbra Soul
