|j|☆mcpozedororo
|j|☆Splashinganteater
|t:|1628530983
|gametype|singles
|player|p1|mcpozedororo|gambler|1209
|player|p2|Splashinganteater|boarder|1312
|teamsize|p1|6
|teamsize|p2|6
|gen|8
|tier|[Gen 8] RU
|rated|
|rule|Sleep Clause Mod: Limit one foe put to sleep
|rule|Species Clause: Limit one of each Pokémon
|rule|OHKO Clause: OHKO moves are banned
|rule|Evasion Moves Clause: Evasion moves are banned
|rule|Endless Battle Clause: Forcing endless battles is banned
|rule|HP Percentage Mod: HP is shown in percentages
|rule|Dynamax Clause: You cannot dynamax
|clearpoke
|poke|p1|Froslass, F|
|poke|p1|Sharpedo, M|
|poke|p1|Toxtricity, F|
|poke|p1|Mimikyu, F|
|poke|p1|Cloyster, M|
|poke|p1|Necrozma|
|poke|p2|Sylveon, F|
|poke|p2|Milotic, F|
|poke|p2|Steelix, M|
|poke|p2|Virizion|
|poke|p2|Incineroar, M|
|poke|p2|Noivern, M|
|teampreview
|
|t:|1628530998
|start
|switch|p1a: Froslass|Froslass, F|100/100
|switch|p2a: Steelix|Steelix, M|100/100
|turn|1
|
|t:|1628531007
|move|p1a: Froslass|Taunt|p2a: Steelix
|-start|p2a: Steelix|move: Taunt
|move|p2a: Steelix|Heavy Slam|p1a: Froslass
|-supereffective|p1a: Froslass
|-enditem|p1a: Froslass|Focus Sash
|-damage|p1a: Froslass|1/100
|
|upkeep
|turn|2
|
|t:|1628531017
|switch|p2a: Noivern|Noivern, M|100/100
|move|p1a: Froslass|Spikes|p2a: Noivern
|-sidestart|p2: Splashinganteater|Spikes
|
|upkeep
|turn|3
|
|t:|1628531023
|move|p2a: Noivern|Flamethrower|p1a: Froslass
|-supereffective|p1a: Froslass
|-damage|p1a: Froslass|0 fnt
|faint|p1a: Froslass
|
|upkeep
|
|t:|1628531030
|switch|p1a: Sharpedo|Sharpedo, M|100/100
|turn|4
|
|t:|1628531045
|switch|p2a: Sylveon|Sylveon, F, shiny|100/100
|-damage|p2a: Sylveon|88/100|[from] Spikes
|move|p1a: Sharpedo|Ice Beam|p2a: Sylveon
|-damage|p2a: Sylveon|64/100
|-damage|p1a: Sharpedo|91/100|[from] item: Life Orb
|
|-heal|p2a: Sylveon|70/100|[from] item: Leftovers
|-ability|p1a: Sharpedo|Speed Boost|boost
|-boost|p1a: Sharpedo|spe|1
|upkeep
|turn|5
|
|t:|1628531054
|switch|p1a: Toxtricity|Toxtricity, F|100/100
|move|p2a: Sylveon|Protect||[still]
|-fail|p2a: Sylveon
|
|-heal|p2a: Sylveon|76/100|[from] item: Leftovers
|upkeep
|turn|6
|
|t:|1628531059
|move|p2a: Sylveon|Protect|p2a: Sylveon
|-singleturn|p2a: Sylveon|Protect
|move|p1a: Toxtricity|Shift Gear|p1a: Toxtricity
|-boost|p1a: Toxtricity|spe|2
|-boost|p1a: Toxtricity|atk|1
|
|-heal|p2a: Sylveon|82/100|[from] item: Leftovers
|upkeep
|turn|7
|
|t:|1628531068
|switch|p2a: Steelix|Steelix, M|100/100
|-damage|p2a: Steelix|88/100|[from] Spikes
|move|p1a: Toxtricity|Boomburst|p2a: Steelix
|-resisted|p2a: Steelix
|-damage|p2a: Steelix|52/100
|-damage|p1a: Toxtricity|91/100|[from] item: Life Orb
|
|-heal|p2a: Steelix|58/100|[from] item: Leftovers
|upkeep
|turn|8
|
|t:|1628531080
|switch|p1a: Cloyster|Cloyster, M|100/100
|move|p2a: Steelix|Earthquake|p1a: Cloyster
|-damage|p1a: Cloyster|74/100
|
|-heal|p2a: Steelix|64/100|[from] item: Leftovers
|upkeep
|turn|9
|
|t:|1628531092
|move|p1a: Cloyster|Shell Smash|p1a: Cloyster
|-unboost|p1a: Cloyster|def|1
|-unboost|p1a: Cloyster|spd|1
|-boost|p1a: Cloyster|atk|2
|-boost|p1a: Cloyster|spa|2
|-boost|p1a: Cloyster|spe|2
|-enditem|p1a: Cloyster|White Herb
|-clearnegativeboost|p1a: Cloyster|[silent]
|move|p2a: Steelix|Toxic|p1a: Cloyster
|-status|p1a: Cloyster|tox
|
|-heal|p2a: Steelix|70/100|[from] item: Leftovers
|-damage|p1a: Cloyster|68/100 tox|[from] psn
|upkeep
|turn|10
|
|t:|1628531126
|switch|p2a: Virizion|Virizion, shiny|100/100
|-damage|p2a: Virizion|88/100|[from] Spikes
|move|p1a: Cloyster|Icicle Spear|p2a: Virizion
|-supereffective|p2a: Virizion
|-damage|p2a: Virizion|25/100
|-supereffective|p2a: Virizion
|-damage|p2a: Virizion|0 fnt
|faint|p2a: Virizion
|-hitcount|p2: Virizion|2
|
|-damage|p1a: Cloyster|56/100 tox|[from] psn
|upkeep
|
|t:|1628531137
|switch|p2a: Milotic|Milotic, F|100/100
|-damage|p2a: Milotic|88/100|[from] Spikes
|turn|11
|
|t:|1628531141
|move|p1a: Cloyster|Rock Blast|p2a: Milotic
|-damage|p2a: Milotic|76/100
|-damage|p2a: Milotic|64/100
|-damage|p2a: Milotic|51/100
|-damage|p2a: Milotic|40/100
|-damage|p2a: Milotic|28/100
|-hitcount|p2a: Milotic|5
|move|p2a: Milotic|Recover|p2a: Milotic
|-heal|p2a: Milotic|78/100
|
|-heal|p2a: Milotic|85/100|[from] item: Leftovers
|-damage|p1a: Cloyster|37/100 tox|[from] psn
|upkeep
|turn|12
|
|t:|1628531164
|move|p1a: Cloyster|Shell Smash|p1a: Cloyster
|-unboost|p1a: Cloyster|def|1
|-unboost|p1a: Cloyster|spd|1
|-boost|p1a: Cloyster|atk|2
|-boost|p1a: Cloyster|spa|2
|-boost|p1a: Cloyster|spe|2
|move|p2a: Milotic|Recover|p2a: Milotic
|-heal|p2a: Milotic|100/100
|
|-damage|p1a: Cloyster|12/100 tox|[from] psn
|upkeep
|turn|13
|j| soldado black
|
|t:|1628531194
|move|p1a: Cloyster|Rock Blast|p2a: Milotic
|-crit|p2a: Milotic
|-damage|p2a: Milotic|76/100
|-damage|p2a: Milotic|57/100
|-damage|p2a: Milotic|39/100
|-damage|p2a: Milotic|20/100
|-damage|p2a: Milotic|4/100
|-hitcount|p2a: Milotic|5
|move|p2a: Milotic|Recover|p2a: Milotic
|-heal|p2a: Milotic|54/100
|
|-heal|p2a: Milotic|60/100|[from] item: Leftovers
|-damage|p1a: Cloyster|0 fnt|[from] psn
|faint|p1a: Cloyster
|upkeep
|
|t:|1628531211
|switch|p1a: Toxtricity|Toxtricity, F|91/100
|turn|14
|
|t:|1628531217
|move|p1a: Toxtricity|Boomburst|p2a: Milotic
|-damage|p2a: Milotic|4/100
|-damage|p1a: Toxtricity|81/100|[from] item: Life Orb
|move|p2a: Milotic|Flip Turn|p1a: Toxtricity
|-crit|p1a: Toxtricity
|-damage|p1a: Toxtricity|51/100
|
|t:|1628531225
|switch|p2a: Noivern|Noivern, M|100/100|[from]move: Flip Turn
|
|upkeep
|turn|15
|
|t:|1628531228
|move|p2a: Noivern|Defog|p1a: Toxtricity
|-unboost|p1a: Toxtricity|evasion|1
|-sideend|p2: Splashinganteater|Spikes|[from] move: Defog|[of] p2a: Noivern
|move|p1a: Toxtricity|Boomburst|p2a: Noivern
|-damage|p2a: Noivern|0 fnt
|faint|p2a: Noivern
|-damage|p1a: Toxtricity|41/100|[from] item: Life Orb
|
|upkeep
|
|t:|1628531239
|switch|p2a: Steelix|Steelix, M|70/100
|turn|16
|
|t:|1628531242
|move|p1a: Toxtricity|Boomburst|p2a: Steelix
|-resisted|p2a: Steelix
|-damage|p2a: Steelix|35/100
|-damage|p1a: Toxtricity|31/100|[from] item: Life Orb
|move|p2a: Steelix|Earthquake|p1a: Toxtricity
|-supereffective|p1a: Toxtricity
|-damage|p1a: Toxtricity|0 fnt
|faint|p1a: Toxtricity
|
|-heal|p2a: Steelix|41/100|[from] item: Leftovers
|upkeep
|
|t:|1628531257
|switch|p1a: Sharpedo|Sharpedo, M|91/100
|turn|17
|
|t:|1628531266
|move|p1a: Sharpedo|Hydro Pump|p2a: Steelix|[miss]
|-miss|p1a: Sharpedo|p2a: Steelix
|move|p2a: Steelix|Earthquake|p1a: Sharpedo
|-damage|p1a: Sharpedo|13/100
|
|-heal|p2a: Steelix|47/100|[from] item: Leftovers
|-ability|p1a: Sharpedo|Speed Boost|boost
|-boost|p1a: Sharpedo|spe|1
|upkeep
|turn|18
|
|t:|1628531274
|switch|p2a: Milotic|Milotic, F|4/100
|move|p1a: Sharpedo|Hydro Pump|p2a: Milotic
|-resisted|p2a: Milotic
|-damage|p2a: Milotic|0 fnt
|faint|p2a: Milotic
|-damage|p1a: Sharpedo|3/100|[from] item: Life Orb
|
|-ability|p1a: Sharpedo|Speed Boost|boost
|-boost|p1a: Sharpedo|spe|1
|upkeep
|
|t:|1628531282
|switch|p2a: Sylveon|Sylveon, F, shiny|82/100
|turn|19
|
|t:|1628531286
|switch|p1a: Necrozma|Necrozma|100/100
|move|p2a: Sylveon|Protect||[still]
|-fail|p2a: Sylveon
|
|-heal|p2a: Sylveon|88/100|[from] item: Leftovers
|upkeep
|turn|20
|
|t:|1628531294
|move|p1a: Necrozma|Calm Mind|p1a: Necrozma
|-boost|p1a: Necrozma|spa|1
|-boost|p1a: Necrozma|spd|1
|move|p2a: Sylveon|Hyper Voice|p1a: Necrozma
|-damage|p1a: Necrozma|72/100
|
|-heal|p2a: Sylveon|94/100|[from] item: Leftovers
|upkeep
|turn|21
|
|t:|1628531302
|move|p1a: Necrozma|Calm Mind|p1a: Necrozma
|-boost|p1a: Necrozma|spa|1
|-boost|p1a: Necrozma|spd|1
|move|p2a: Sylveon|Hyper Voice|p1a: Necrozma
|-damage|p1a: Necrozma|48/100
|
|-heal|p2a: Sylveon|99/100|[from] item: Leftovers
|upkeep
|turn|22
|
|t:|1628531309
|switch|p2a: Incineroar|Incineroar, M|100/100
|-ability|p2a: Incineroar|Intimidate|boost
|-unboost|p1a: Necrozma|atk|1
|move|p1a: Necrozma|Photon Geyser|p2a: Incineroar
|-immune|p2a: Incineroar
|
|upkeep
|turn|23
|
|t:|1628531319
|switch|p2a: Steelix|Steelix, M|47/100
|move|p1a: Necrozma|Heat Wave|p2a: Steelix|[miss]
|-miss|p1a: Necrozma|p2a: Steelix
|
|-heal|p2a: Steelix|53/100|[from] item: Leftovers
|upkeep
|turn|24
|
|t:|1628531325
|switch|p2a: Incineroar|Incineroar, M|100/100
|-ability|p2a: Incineroar|Intimidate|boost
|-unboost|p1a: Necrozma|atk|1
|move|p1a: Necrozma|Heat Wave|p2a: Incineroar
|-resisted|p2a: Incineroar
|-damage|p2a: Incineroar|78/100
|
|upkeep
|turn|25
|
|t:|1628531329
|move|p1a: Necrozma|Heat Wave|p2a: Incineroar|[miss]
|-miss|p1a: Necrozma|p2a: Incineroar
|move|p2a: Incineroar|Knock Off|p1a: Necrozma
|-supereffective|p1a: Necrozma
|-damage|p1a: Necrozma|0 fnt
|-enditem|p1a: Necrozma|Weakness Policy|[from] move: Knock Off|[of] p2a: Incineroar
|faint|p1a: Necrozma
|
|upkeep
|
|t:|1628531333
|switch|p1a: Mimikyu|Mimikyu, F|100/100
|turn|26
|
|t:|1628531346
|move|p1a: Mimikyu|Swords Dance|p1a: Mimikyu
|-boost|p1a: Mimikyu|atk|2
|move|p2a: Incineroar|Knock Off|p1a: Mimikyu
|-activate|p1a: Mimikyu|ability: Disguise
|-damage|p1a: Mimikyu|100/100
|-enditem|p1a: Mimikyu|Life Orb|[from] move: Knock Off|[of] p2a: Incineroar
|detailschange|p1a: Mimikyu|Mimikyu-Busted, F
|-damage|p1a: Mimikyu|88/100|[from] pokemon: Mimikyu-Busted
|
|upkeep
|turn|27
|
|t:|1628531354
|move|p1a: Mimikyu|Play Rough|p2a: Incineroar
|-damage|p2a: Incineroar|8/100
|move|p2a: Incineroar|U-turn|p1a: Mimikyu
|-resisted|p1a: Mimikyu
|-damage|p1a: Mimikyu|81/100
|
|t:|1628531361
|switch|p2a: Steelix|Steelix, M|53/100|[from]move: U-turn
|
|-heal|p2a: Steelix|60/100|[from] item: Leftovers
|upkeep
|turn|28
|
|t:|1628531368
|switch|p2a: Incineroar|Incineroar, M|8/100
|-ability|p2a: Incineroar|Intimidate|boost
|-unboost|p1a: Mimikyu|atk|1
|move|p1a: Mimikyu|Shadow Claw|p2a: Incineroar
|-resisted|p2a: Incineroar
|-damage|p2a: Incineroar|0 fnt
|faint|p2a: Incineroar
|
|upkeep
|
|t:|1628531375
|switch|p2a: Steelix|Steelix, M|60/100
|turn|29
|
|t:|1628531380
|move|p1a: Mimikyu|Shadow Claw|p2a: Steelix
|-damage|p2a: Steelix|37/100
|move|p2a: Steelix|Heavy Slam|p1a: Mimikyu
|-supereffective|p1a: Mimikyu
|-damage|p1a: Mimikyu|0 fnt
|faint|p1a: Mimikyu
|
|-heal|p2a: Steelix|43/100|[from] item: Leftovers
|upkeep
|
|t:|1628531383
|switch|p1a: Sharpedo|Sharpedo, M|3/100
|turn|30
|c|☆Splashinganteater|gg
|
|t:|1628531388
|move|p1a: Sharpedo|Hydro Pump|p2a: Steelix
|-supereffective|p2a: Steelix
|-damage|p2a: Steelix|0 fnt
|faint|p2a: Steelix
|-damage|p1a: Sharpedo|0 fnt|[from] item: Life Orb
|faint|p1a: Sharpedo
|
|win|Splashinganteater
|raw|mcpozedororo's rating: 1209 &rarr; <strong>1191</strong><br />(-18 for losing)
|raw|Splashinganteater's rating: 1311 &rarr; <strong>1325</strong><br />(+14 for winning)
|l|☆mcpozedororo
