|raw|<div class="broadcast-blue"><strong>This battle is required to be public due to a player having a name starting with 'rult70'.</div>
|j|☆Sasha2808
|j|☆Rult70B evidith
|t:|1626900846
|gametype|singles
|player|p1|Sasha2808|iris-gen5bw2|1316
|player|p2|Rult70B evidith|lass-gen4dp|1528
|teamsize|p1|6
|teamsize|p2|6
|gen|8
|tier|[Gen 8] RU
|rated|
|rule|Sleep Clause Mod: Limit one foe put to sleep
|rule|Species Clause: Limit one of each Pokémon
|rule|OHKO Clause: OHKO moves are banned
|rule|Evasion Moves Clause: Evasion moves are banned
|rule|Endless Battle Clause: Forcing endless battles is banned
|rule|HP Percentage Mod: HP is shown in percentages
|rule|Dynamax Clause: You cannot dynamax
|clearpoke
|poke|p1|Weezing-Galar, F|
|poke|p1|Umbreon, M|
|poke|p1|Marowak-Alola, F|
|poke|p1|Quagsire, M|
|poke|p1|Xatu, F|
|poke|p1|Registeel|
|poke|p2|Lucario, F|
|poke|p2|Necrozma|
|poke|p2|Mimikyu, F|
|poke|p2|Xurkitree|
|poke|p2|Silvally-*|
|poke|p2|Gardevoir, F|
|teampreview
|inactive|Battle timer is ON: inactive players will automatically lose when time's up. (requested by Sasha2808)
|j| rult70z punny
|j| ansiedade
|c|☆Rult70B evidith|LMAO
|c|☆Rult70B evidith|why is someone
|c|☆Rult70B evidith|not in rult
|c|☆Rult70B evidith|stalling
|inactive|Rult70B evidith has 120 seconds left.
|c|☆Rult70B evidith|omg ok
|j| 15Acero
|c|☆Sasha2808|oops
|inactive|Rult70B evidith has 90 seconds left.
|
|t:|1626900922
|start
|switch|p1a: Registeel|Registeel|100/100
|switch|p2a: Xurkitree|Xurkitree|100/100
|turn|1
|
|t:|1626900936
|move|p2a: Xurkitree|Volt Switch|p1a: Registeel
|-damage|p1a: Registeel|77/100
|inactive|Rult70B evidith has 120 seconds left.
|j| Expulso
|
|t:|1626900992
|switch|p2a: Necrozma|Necrozma|100/100|[from]move: Volt Switch
|move|p1a: Registeel|Stealth Rock|p2a: Necrozma
|-sidestart|p2: Rult70B evidith|move: Stealth Rock
|
|-heal|p1a: Registeel|83/100|[from] item: Leftovers
|upkeep
|turn|2
|
|t:|1626900998
|switch|p1a: Umbreon|Umbreon, M|100/100
|move|p2a: Necrozma|Stealth Rock|p1a: Umbreon
|-sidestart|p1: Sasha2808|move: Stealth Rock
|
|upkeep
|turn|3
|
|t:|1626901008
|switch|p2a: Lucario|Lucario, F|100/100
|-damage|p2a: Lucario|98/100|[from] Stealth Rock
|move|p1a: Umbreon|Foul Play|p2a: Lucario
|-resisted|p2a: Lucario
|-damage|p2a: Lucario|60/100
|-ability|p2a: Lucario|Justified|boost
|-boost|p2a: Lucario|atk|1
|
|upkeep
|turn|4
|
|t:|1626901017
|switch|p1a: Quagsire|Quagsire, M|100/100
|-damage|p1a: Quagsire|94/100|[from] Stealth Rock
|move|p2a: Lucario|Close Combat|p1a: Quagsire
|-damage|p1a: Quagsire|40/100
|-unboost|p2a: Lucario|def|1
|-unboost|p2a: Lucario|spd|1
|-damage|p2a: Lucario|50/100|[from] item: Life Orb
|
|-heal|p1a: Quagsire|46/100|[from] item: Leftovers
|upkeep
|turn|5
|j| Its oyster time
|
|t:|1626901028
|switch|p1a: Marowak|Marowak-Alola, F|100/100
|-damage|p1a: Marowak|76/100|[from] Stealth Rock
|move|p2a: Lucario|Close Combat|p1a: Marowak
|-immune|p1a: Marowak
|
|upkeep
|turn|6
|
|t:|1626901034
|move|p2a: Lucario|Meteor Mash|p1a: Marowak
|-resisted|p1a: Marowak
|-damage|p1a: Marowak|28/100
|-damage|p2a: Lucario|40/100|[from] item: Life Orb
|move|p1a: Marowak|Fire Punch|p2a: Lucario
|-supereffective|p2a: Lucario
|-damage|p2a: Lucario|0 fnt
|faint|p2a: Lucario
|
|upkeep
|
|t:|1626901043
|switch|p2a: Silvally|Silvally-Ground|100/100
|-damage|p2a: Silvally|94/100|[from] Stealth Rock
|turn|7
|
|t:|1626901048
|switch|p1a: Xatu|Xatu, F|100/100
|-damage|p1a: Xatu|76/100|[from] Stealth Rock
|move|p2a: Silvally|Multi-Attack|p1a: Xatu
|-immune|p1a: Xatu
|
|upkeep
|turn|8
|
|t:|1626901058
|move|p2a: Silvally|Ice Fang|p1a: Xatu
|-supereffective|p1a: Xatu
|-crit|p1a: Xatu
|-damage|p1a: Xatu|28/100
|-damage|p2a: Silvally|78/100|[from] item: Rocky Helmet|[of] p1a: Xatu
|move|p1a: Xatu|Grass Knot|p2a: Silvally
|-supereffective|p2a: Silvally
|-damage|p2a: Silvally|30/100
|
|upkeep
|turn|9
|
|t:|1626901067
|move|p2a: Silvally|Ice Fang|p1a: Xatu
|-supereffective|p1a: Xatu
|-damage|p1a: Xatu|0 fnt
|-damage|p2a: Silvally|13/100|[from] item: Rocky Helmet|[of] p1a: Xatu
|faint|p1a: Xatu
|
|upkeep
|l| Its oyster time
|
|t:|1626901073
|switch|p1a: Quagsire|Quagsire, M|46/100
|-damage|p1a: Quagsire|40/100|[from] Stealth Rock
|turn|10
|
|t:|1626901091
|switch|p2a: Xurkitree|Xurkitree|100/100
|move|p1a: Quagsire|Recover|p1a: Quagsire
|-heal|p1a: Quagsire|90/100
|
|-heal|p1a: Quagsire|96/100|[from] item: Leftovers
|upkeep
|turn|11
|
|t:|1626901103
|move|p2a: Xurkitree|Grass Knot|p1a: Quagsire
|-supereffective|p1a: Quagsire
|-damage|p1a: Quagsire|0 fnt
|faint|p1a: Quagsire
|-ability|p2a: Xurkitree|Beast Boost|boost
|-boost|p2a: Xurkitree|spa|1
|
|upkeep
|
|t:|1626901106
|switch|p1a: Registeel|Registeel|83/100
|-damage|p1a: Registeel|77/100|[from] Stealth Rock
|turn|12
|
|t:|1626901128
|move|p2a: Xurkitree|Thunderbolt|p1a: Registeel
|-damage|p1a: Registeel|30/100
|move|p1a: Registeel|Toxic|p2a: Xurkitree
|-status|p2a: Xurkitree|tox
|
|-heal|p1a: Registeel|36/100|[from] item: Leftovers
|-damage|p2a: Xurkitree|94/100 tox|[from] psn
|upkeep
|turn|13
|
|t:|1626901138
|move|p2a: Xurkitree|Thunderbolt|p1a: Registeel
|-damage|p1a: Registeel|0 fnt
|faint|p1a: Registeel
|-ability|p2a: Xurkitree|Beast Boost|boost
|-boost|p2a: Xurkitree|spa|1
|
|-damage|p2a: Xurkitree|82/100 tox|[from] psn
|upkeep
|
|t:|1626901141
|switch|p1a: Umbreon|Umbreon, M|100/100
|-damage|p1a: Umbreon|88/100|[from] Stealth Rock
|turn|14
|
|t:|1626901161
|move|p1a: Umbreon|Protect|p1a: Umbreon
|-singleturn|p1a: Umbreon|Protect
|move|p2a: Xurkitree|Dazzling Gleam|p1a: Umbreon
|-activate|p1a: Umbreon|move: Protect
|
|-heal|p1a: Umbreon|94/100|[from] item: Leftovers
|-damage|p2a: Xurkitree|63/100 tox|[from] psn
|upkeep
|turn|15
|
|t:|1626901165
|move|p2a: Xurkitree|Dazzling Gleam|p1a: Umbreon
|-supereffective|p1a: Umbreon
|-damage|p1a: Umbreon|28/100
|move|p1a: Umbreon|Wish|p1a: Umbreon
|
|-heal|p1a: Umbreon|34/100|[from] item: Leftovers
|-damage|p2a: Xurkitree|39/100 tox|[from] psn
|upkeep
|turn|16
|
|t:|1626901173
|move|p1a: Umbreon|Protect|p1a: Umbreon
|-singleturn|p1a: Umbreon|Protect
|move|p2a: Xurkitree|Dazzling Gleam|p1a: Umbreon
|-activate|p1a: Umbreon|move: Protect
|
|-heal|p1a: Umbreon|84/100|[from] move: Wish|[wisher] Umbreon
|-heal|p1a: Umbreon|90/100|[from] item: Leftovers
|-damage|p2a: Xurkitree|8/100 tox|[from] psn
|upkeep
|turn|17
|
|t:|1626901179
|switch|p1a: Marowak|Marowak-Alola, F|28/100
|-damage|p1a: Marowak|3/100|[from] Stealth Rock
|move|p2a: Xurkitree|Dazzling Gleam|p1a: Marowak
|-resisted|p1a: Marowak
|-damage|p1a: Marowak|0 fnt
|faint|p1a: Marowak
|-ability|p2a: Xurkitree|Beast Boost|boost
|-boost|p2a: Xurkitree|spa|1
|
|-damage|p2a: Xurkitree|0 fnt|[from] psn
|faint|p2a: Xurkitree
|upkeep
|
|t:|1626901188
|switch|p2a: Necrozma|Necrozma|100/100
|switch|p1a: Weezing|Weezing-Galar, F|100/100
|-ability|p1a: Weezing|Neutralizing Gas
|-damage|p2a: Necrozma|88/100|[from] Stealth Rock
|-damage|p1a: Weezing|88/100|[from] Stealth Rock
|turn|18
|l| Expulso
|
|t:|1626901198
|-end|p1a: Weezing|ability: Neutralizing Gas
|switch|p1a: Umbreon|Umbreon, M|90/100
|-damage|p1a: Umbreon|78/100|[from] Stealth Rock
|move|p2a: Necrozma|Meteor Beam||[still]
|-prepare|p2a: Necrozma|Meteor Beam
|-boost|p2a: Necrozma|spa|1
|-enditem|p2a: Necrozma|Power Herb
|-anim|p2a: Necrozma|Meteor Beam|p1a: Umbreon
|-damage|p1a: Umbreon|47/100
|
|-heal|p1a: Umbreon|54/100|[from] item: Leftovers
|upkeep
|turn|19
|
|t:|1626901206
|move|p1a: Umbreon|Protect|p1a: Umbreon
|-singleturn|p1a: Umbreon|Protect
|move|p2a: Necrozma|Meteor Beam||[still]
|-prepare|p2a: Necrozma|Meteor Beam
|-boost|p2a: Necrozma|spa|1
|
|-heal|p1a: Umbreon|60/100|[from] item: Leftovers
|upkeep
|turn|20
|
|t:|1626901211
|move|p2a: Necrozma|Meteor Beam|p1a: Umbreon|[from]lockedmove
|-damage|p1a: Umbreon|21/100
|move|p1a: Umbreon|Wish|p1a: Umbreon
|
|-heal|p1a: Umbreon|27/100|[from] item: Leftovers
|upkeep
|turn|21
|
|t:|1626901217
|move|p2a: Necrozma|Meteor Beam||[still]
|-prepare|p2a: Necrozma|Meteor Beam
|-boost|p2a: Necrozma|spa|1
|move|p1a: Umbreon|Foul Play|p2a: Necrozma
|-supereffective|p2a: Necrozma
|-damage|p2a: Necrozma|37/100
|
|-heal|p1a: Umbreon|77/100|[from] move: Wish|[wisher] Umbreon
|-heal|p1a: Umbreon|83/100|[from] item: Leftovers
|upkeep
|turn|22
|
|t:|1626901221
|move|p1a: Umbreon|Protect|p1a: Umbreon
|-singleturn|p1a: Umbreon|Protect
|move|p2a: Necrozma|Meteor Beam|p1a: Umbreon|[from]lockedmove
|-activate|p1a: Umbreon|move: Protect
|
|-heal|p1a: Umbreon|89/100|[from] item: Leftovers
|upkeep
|turn|23
|
|t:|1626901224
|move|p2a: Necrozma|Earth Power|p1a: Umbreon
|-damage|p1a: Umbreon|47/100
|move|p1a: Umbreon|Foul Play|p2a: Necrozma
|-supereffective|p2a: Necrozma
|-damage|p2a: Necrozma|0 fnt
|faint|p2a: Necrozma
|
|-heal|p1a: Umbreon|53/100|[from] item: Leftovers
|upkeep
|n| Lopunny kicks|rult70zpunny
|
|t:|1626901248
|switch|p2a: Mimikyu|Mimikyu, F|100/100
|-damage|p2a: Mimikyu|88/100|[from] Stealth Rock
|turn|24
|
|t:|1626901253
|switch|p1a: Weezing|Weezing-Galar, F|88/100
|-ability|p1a: Weezing|Neutralizing Gas
|-damage|p1a: Weezing|76/100|[from] Stealth Rock
|move|p2a: Mimikyu|Swords Dance|p2a: Mimikyu
|-boost|p2a: Mimikyu|atk|2
|
|-heal|p1a: Weezing|82/100|[from] item: Black Sludge
|upkeep
|turn|25
|
|t:|1626901257
|move|p2a: Mimikyu|Shadow Claw|p1a: Weezing
|-damage|p1a: Weezing|37/100
|-damage|p2a: Mimikyu|78/100|[from] item: Life Orb
|move|p1a: Weezing|Will-O-Wisp|p2a: Mimikyu
|-status|p2a: Mimikyu|brn
|
|-heal|p1a: Weezing|43/100|[from] item: Black Sludge
|-damage|p2a: Mimikyu|72/100 brn|[from] brn
|upkeep
|turn|26
|l| Lopunny kicks
|
|t:|1626901271
|move|p2a: Mimikyu|Shadow Claw|p1a: Weezing
|-damage|p1a: Weezing|21/100
|-damage|p2a: Mimikyu|62/100 brn|[from] item: Life Orb
|move|p1a: Weezing|Sludge Bomb|p2a: Mimikyu
|-activate|p2a: Mimikyu|ability: Disguise
|-damage|p2a: Mimikyu|62/100 brn
|detailschange|p2a: Mimikyu|Mimikyu-Busted, F
|-damage|p2a: Mimikyu|50/100 brn|[from] pokemon: Mimikyu-Busted
|
|-heal|p1a: Weezing|27/100|[from] item: Black Sludge
|-damage|p2a: Mimikyu|44/100 brn|[from] brn
|upkeep
|turn|27
|
|t:|1626901278
|move|p2a: Mimikyu|Shadow Claw|p1a: Weezing
|-damage|p1a: Weezing|4/100
|-damage|p2a: Mimikyu|34/100 brn|[from] item: Life Orb
|move|p1a: Weezing|Sludge Bomb|p2a: Mimikyu
|-damage|p2a: Mimikyu|0 fnt
|faint|p2a: Mimikyu
|
|-heal|p1a: Weezing|10/100|[from] item: Black Sludge
|upkeep
|
|t:|1626901280
|switch|p2a: Gardevoir|Gardevoir, F|100/100
|-damage|p2a: Gardevoir|88/100|[from] Stealth Rock
|turn|28
|
|t:|1626901283
|move|p2a: Gardevoir|Moonblast|p1a: Weezing
|-resisted|p1a: Weezing
|-crit|p1a: Weezing
|-damage|p1a: Weezing|0 fnt
|faint|p1a: Weezing
|-end|p1a: Weezing|ability: Neutralizing Gas
|
|upkeep
|
|t:|1626901285
|switch|p1a: Umbreon|Umbreon, M|53/100
|-ability|p2a: Gardevoir|Synchronize|[from] ability: Trace|[of] p1a: Umbreon
|-damage|p1a: Umbreon|41/100|[from] Stealth Rock
|turn|29
|
|t:|1626901286
|move|p1a: Umbreon|Protect|p1a: Umbreon
|-singleturn|p1a: Umbreon|Protect
|move|p2a: Gardevoir|Moonblast|p1a: Umbreon
|-activate|p1a: Umbreon|move: Protect
|
|-heal|p1a: Umbreon|47/100|[from] item: Leftovers
|upkeep
|turn|30
|c|☆Sasha2808|gg
|c|☆Sasha2808|i need better stall
|
|t:|1626901294
|move|p2a: Gardevoir|Moonblast|p1a: Umbreon
|-supereffective|p1a: Umbreon
|-damage|p1a: Umbreon|0 fnt
|faint|p1a: Umbreon
|
|win|Rult70B evidith
|raw|Sasha2808's rating: 1294 &rarr; <strong>1284</strong><br />(-10 for losing)
|raw|Rult70B evidith's rating: 1533 &rarr; <strong>1541</strong><br />(+8 for winning)
|l|☆Rult70B evidith
