|j|☆TestSSRU
|j|☆Lionel Mesprit
|inactive|Battle timer is ON: inactive players will automatically lose when time's up.
|t:|1610395499
|player|p1|TestSSRU|norman|
|player|p2|Lionel Mesprit|striker|
|teamsize|p1|6
|teamsize|p2|6
|gametype|singles
|gen|8
|tier|[Gen 8] RU
|rated|Tournament battle
|clearpoke
|poke|p1|Heracross, M|
|poke|p1|Necrozma|
|poke|p1|Zarude-Dada|
|poke|p1|Gastrodon, M|
|poke|p1|Klefki, M|
|poke|p1|Toxtricity, M|
|poke|p2|Togekiss, F|
|poke|p2|Abomasnow, M|
|poke|p2|Steelix, M|
|poke|p2|Zarude|
|poke|p2|Slowbro-Galar, F|
|poke|p2|Raikou|
|rule|Sleep Clause Mod: Limit one foe put to sleep
|rule|Species Clause: Limit one of each Pokémon
|rule|OHKO Clause: OHKO moves are banned
|rule|Evasion Moves Clause: Evasion moves are banned
|rule|Endless Battle Clause: Forcing endless battles is banned
|rule|HP Percentage Mod: HP is shown in percentages
|rule|Dynamax Clause: You cannot dynamax
|teampreview
|j| coronal@!
|j| Beraldinhoo
|
|t:|1610395514
|start
|switch|p1a: Heracross|Heracross, M|100/100
|switch|p2a: Zarude|Zarude|100/100
|turn|1
|
|t:|1610395523
|switch|p2a: Slowbro|Slowbro-Galar, F|100/100
|move|p1a: Heracross|Megahorn|p2a: Slowbro
|-damage|p2a: Slowbro|59/100
|
|-heal|p2a: Slowbro|65/100|[from] item: Leftovers
|upkeep
|turn|2
|
|t:|1610395535
|switch|p1a: Toxtricity|Toxtricity, M|100/100
|move|p2a: Slowbro|Calm Mind|p2a: Slowbro
|-boost|p2a: Slowbro|spa|1
|-boost|p2a: Slowbro|spd|1
|
|-heal|p2a: Slowbro|71/100|[from] item: Leftovers
|upkeep
|turn|3
|inactive|TestSSRU has 120 seconds left.
|
|t:|1610395569
|switch|p1a: Zarude|Zarude-Dada|100/100
|switch|p2a: Abomasnow|Abomasnow, M|100/100
|
|upkeep
|turn|4
|
|t:|1610395576
|move|p1a: Zarude|U-turn|p2a: Abomasnow
|-supereffective|p2a: Abomasnow
|-damage|p2a: Abomasnow|45/100
|
|t:|1610395582
|switch|p1a: Klefki|Klefki, M|100/100|[from]move: U-turn
|move|p2a: Abomasnow|Synthesis|p2a: Abomasnow
|-heal|p2a: Abomasnow|94/100
|
|upkeep
|turn|5
|
|t:|1610395589
|switch|p2a: Steelix|Steelix, M|100/100
|move|p1a: Klefki|Toxic|p2a: Steelix
|-immune|p2a: Steelix
|
|upkeep
|turn|6
|
|t:|1610395595
|switch|p1a: Gastrodon|Gastrodon, M|100/100
|move|p2a: Steelix|Stealth Rock|p1a: Gastrodon
|-sidestart|p1: TestSSRU|move: Stealth Rock
|
|upkeep
|turn|7
|
|t:|1610395601
|switch|p2a: Zarude|Zarude|100/100
|move|p1a: Gastrodon|Toxic|p2a: Zarude
|-status|p2a: Zarude|tox
|
|-damage|p2a: Zarude|95/100 tox|[from] psn
|upkeep
|turn|8
|j| Romeoowoo
|l| Romeoowoo
|
|t:|1610395611
|switch|p1a: Klefki|Klefki, M|100/100
|-damage|p1a: Klefki|95/100|[from] Stealth Rock
|move|p2a: Zarude|U-turn|p1a: Klefki
|-resisted|p1a: Klefki
|-damage|p1a: Klefki|88/100
|
|t:|1610395616
|switch|p2a: Abomasnow|Abomasnow, M|94/100|[from]move: U-turn
|
|-heal|p1a: Klefki|94/100|[from] item: Leftovers
|upkeep
|turn|9
|
|t:|1610395620
|switch|p1a: Necrozma|Necrozma|100/100
|-damage|p1a: Necrozma|88/100|[from] Stealth Rock
|switch|p2a: Steelix|Steelix, M|100/100
|
|-heal|p1a: Necrozma|94/100|[from] item: Leftovers
|upkeep
|turn|10
|j| The True Falcon
|
|t:|1610395626
|move|p1a: Necrozma|Heat Wave|p2a: Steelix
|-supereffective|p2a: Steelix
|-damage|p2a: Steelix|50/100
|move|p2a: Steelix|Iron Defense|p2a: Steelix
|-boost|p2a: Steelix|def|2
|
|-heal|p1a: Necrozma|99/100|[from] item: Leftovers
|-heal|p2a: Steelix|56/100|[from] item: Leftovers
|upkeep
|turn|11
|
|t:|1610395631
|switch|p2a: Slowbro|Slowbro-Galar, F|100/100
|move|p1a: Necrozma|Heat Wave|p2a: Slowbro|[miss]
|-miss|p1a: Necrozma|p2a: Slowbro
|
|-heal|p1a: Necrozma|100/100|[from] item: Leftovers
|upkeep
|turn|12
|
|t:|1610395634
|move|p1a: Necrozma|Photon Geyser|p2a: Slowbro
|-damage|p2a: Slowbro|49/100
|move|p2a: Slowbro|Calm Mind|p2a: Slowbro
|-boost|p2a: Slowbro|spa|1
|-boost|p2a: Slowbro|spd|1
|
|-heal|p2a: Slowbro|56/100|[from] item: Leftovers
|upkeep
|turn|13
|
|t:|1610395640
|move|p1a: Necrozma|Photon Geyser|p2a: Slowbro
|-damage|p2a: Slowbro|25/100
|move|p2a: Slowbro|Slack Off|p2a: Slowbro
|-heal|p2a: Slowbro|75/100
|
|-heal|p2a: Slowbro|81/100|[from] item: Leftovers
|upkeep
|turn|14
|
|t:|1610395652
|switch|p1a: Heracross|Heracross, M|100/100
|-damage|p1a: Heracross|88/100|[from] Stealth Rock
|move|p2a: Slowbro|Calm Mind|p2a: Slowbro
|-boost|p2a: Slowbro|spa|1
|-boost|p2a: Slowbro|spd|1
|
|-heal|p2a: Slowbro|87/100|[from] item: Leftovers
|upkeep
|turn|15
|
|t:|1610395656
|move|p1a: Heracross|Knock Off|p2a: Slowbro
|-supereffective|p2a: Slowbro
|-damage|p2a: Slowbro|46/100
|-enditem|p2a: Slowbro|Leftovers|[from] move: Knock Off|[of] p1a: Heracross
|move|p2a: Slowbro|Flamethrower|p1a: Heracross
|-supereffective|p1a: Heracross
|-damage|p1a: Heracross|0 fnt
|faint|p1a: Heracross
|
|upkeep
|
|t:|1610395679
|switch|p1a: Toxtricity|Toxtricity, M|100/100
|-damage|p1a: Toxtricity|88/100|[from] Stealth Rock
|turn|16
|
|t:|1610395683
|switch|p2a: Abomasnow|Abomasnow, M|94/100
|move|p1a: Toxtricity|Boomburst|p2a: Abomasnow
|-immune|p2a: Abomasnow|[from] ability: Soundproof
|
|upkeep
|turn|17
|
|t:|1610395693
|switch|p2a: Steelix|Steelix, M|56/100
|move|p1a: Toxtricity|Boomburst|p2a: Steelix
|-resisted|p2a: Steelix
|-damage|p2a: Steelix|12/100
|
|-heal|p2a: Steelix|18/100|[from] item: Leftovers
|upkeep
|turn|18
|
|t:|1610395698
|switch|p2a: Abomasnow|Abomasnow, M|94/100
|move|p1a: Toxtricity|Boomburst|p2a: Abomasnow
|-immune|p2a: Abomasnow|[from] ability: Soundproof
|
|upkeep
|turn|19
|
|t:|1610395701
|switch|p1a: Necrozma|Necrozma|100/100
|-damage|p1a: Necrozma|88/100|[from] Stealth Rock
|move|p2a: Abomasnow|Ice Beam|p1a: Necrozma
|-damage|p1a: Necrozma|53/100
|
|-heal|p1a: Necrozma|59/100|[from] item: Leftovers
|upkeep
|turn|20
|
|t:|1610395707
|switch|p2a: Togekiss|Togekiss, F|100/100
|move|p1a: Necrozma|Heat Wave|p2a: Togekiss
|-damage|p2a: Togekiss|80/100
|
|-heal|p1a: Necrozma|65/100|[from] item: Leftovers
|upkeep
|turn|21
|j| flannerythicc
|
|t:|1610395711
|switch|p1a: Klefki|Klefki, M|94/100
|-damage|p1a: Klefki|88/100|[from] Stealth Rock
|move|p2a: Togekiss|Thunder Wave|p1a: Klefki|[miss]
|-miss|p2a: Togekiss|p1a: Klefki
|
|-heal|p1a: Klefki|94/100|[from] item: Leftovers
|upkeep
|turn|22
|j|+Oathkeepre
|
|t:|1610395717
|switch|p2a: Slowbro|Slowbro-Galar, F|79/100
|move|p1a: Klefki|Thunder Wave|p2a: Slowbro
|-status|p2a: Slowbro|par
|
|-heal|p1a: Klefki|99/100|[from] item: Leftovers
|upkeep
|turn|23
|
|t:|1610395723
|switch|p1a: Toxtricity|Toxtricity, M|88/100
|-damage|p1a: Toxtricity|76/100|[from] Stealth Rock
|move|p2a: Slowbro|Calm Mind|p2a: Slowbro
|-boost|p2a: Slowbro|spa|1
|-boost|p2a: Slowbro|spd|1
|
|upkeep
|turn|24
|
|t:|1610395734
|switch|p2a: Steelix|Steelix, M|18/100
|move|p1a: Toxtricity|Volt Switch|p2a: Steelix
|-immune|p2a: Steelix
|
|-heal|p2a: Steelix|24/100|[from] item: Leftovers
|upkeep
|turn|25
|
|t:|1610395743
|switch|p1a: Gastrodon|Gastrodon, M|100/100
|-damage|p1a: Gastrodon|94/100|[from] Stealth Rock
|move|p2a: Steelix|Iron Defense|p2a: Steelix
|-boost|p2a: Steelix|def|2
|
|-heal|p2a: Steelix|30/100|[from] item: Leftovers
|upkeep
|turn|26
|
|t:|1610395746
|switch|p2a: Zarude|Zarude|95/100 tox
|move|p1a: Gastrodon|Earth Power|p2a: Zarude
|-resisted|p2a: Zarude
|-damage|p2a: Zarude|79/100 tox
|
|-damage|p2a: Zarude|73/100 tox|[from] psn
|upkeep
|turn|27
|
|t:|1610395750
|switch|p1a: Klefki|Klefki, M|99/100
|-damage|p1a: Klefki|94/100|[from] Stealth Rock
|move|p2a: Zarude|Jungle Healing|p2a: Zarude
|-heal|p2a: Zarude|98/100 tox
|-curestatus|p2a: Zarude|tox|[msg]
|
|-heal|p1a: Klefki|99/100|[from] item: Leftovers
|upkeep
|turn|28
|
|t:|1610395756
|switch|p2a: Slowbro|Slowbro-Galar, F|100/100 par
|move|p1a: Klefki|Dazzling Gleam|p2a: Slowbro
|-resisted|p2a: Slowbro
|-damage|p2a: Slowbro|87/100 par
|
|-heal|p1a: Klefki|100/100|[from] item: Leftovers
|upkeep
|turn|29
|j| gglrg
|
|t:|1610395766
|switch|p1a: Toxtricity|Toxtricity, M|76/100
|-damage|p1a: Toxtricity|63/100|[from] Stealth Rock
|move|p2a: Slowbro|Calm Mind|p2a: Slowbro
|-boost|p2a: Slowbro|spa|1
|-boost|p2a: Slowbro|spd|1
|
|upkeep
|turn|30
|
|t:|1610395773
|switch|p2a: Abomasnow|Abomasnow, M|94/100
|move|p1a: Toxtricity|Boomburst|p2a: Abomasnow
|-immune|p2a: Abomasnow|[from] ability: Soundproof
|
|upkeep
|turn|31
|
|t:|1610395779
|switch|p1a: Klefki|Klefki, M|100/100
|-damage|p1a: Klefki|95/100|[from] Stealth Rock
|move|p2a: Abomasnow|Ice Beam|p1a: Klefki
|-resisted|p1a: Klefki
|-damage|p1a: Klefki|77/100
|
|-heal|p1a: Klefki|83/100|[from] item: Leftovers
|upkeep
|turn|32
|
|t:|1610395785
|switch|p2a: Slowbro|Slowbro-Galar, F|100/100 par
|move|p1a: Klefki|Spikes|p2a: Slowbro
|-sidestart|p2: Lionel Mesprit|Spikes
|
|-heal|p1a: Klefki|89/100|[from] item: Leftovers
|upkeep
|turn|33
|
|t:|1610395789
|switch|p1a: Gastrodon|Gastrodon, M|94/100
|-damage|p1a: Gastrodon|88/100|[from] Stealth Rock
|move|p2a: Slowbro|Calm Mind|p2a: Slowbro
|-boost|p2a: Slowbro|spa|1
|-boost|p2a: Slowbro|spd|1
|
|upkeep
|turn|34
|
|t:|1610395795
|move|p1a: Gastrodon|Earth Power|p2a: Slowbro
|-supereffective|p2a: Slowbro
|-damage|p2a: Slowbro|54/100 par
|move|p2a: Slowbro|Calm Mind|p2a: Slowbro
|-boost|p2a: Slowbro|spa|1
|-boost|p2a: Slowbro|spd|1
|
|upkeep
|turn|35
|
|t:|1610395799
|move|p1a: Gastrodon|Earth Power|p2a: Slowbro
|-supereffective|p2a: Slowbro
|-damage|p2a: Slowbro|22/100 par
|cant|p2a: Slowbro|par
|
|upkeep
|turn|36
|
|t:|1610395804
|switch|p2a: Togekiss|Togekiss, F|80/100
|move|p1a: Gastrodon|Earth Power|p2a: Togekiss
|-immune|p2a: Togekiss
|
|upkeep
|turn|37
|
|t:|1610395808
|switch|p2a: Slowbro|Slowbro-Galar, F|56/100 par
|-damage|p2a: Slowbro|43/100 par|[from] Spikes
|switch|p1a: Klefki|Klefki, M|89/100
|-damage|p1a: Klefki|83/100|[from] Stealth Rock
|
|-heal|p1a: Klefki|89/100|[from] item: Leftovers
|upkeep
|turn|38
|
|t:|1610395816
|switch|p1a: Necrozma|Necrozma|65/100
|-damage|p1a: Necrozma|52/100|[from] Stealth Rock
|move|p2a: Slowbro|Slack Off|p2a: Slowbro
|-heal|p2a: Slowbro|93/100 par
|
|-heal|p1a: Necrozma|58/100|[from] item: Leftovers
|upkeep
|turn|39
|
|t:|1610395822
|move|p1a: Necrozma|Photon Geyser|p2a: Slowbro
|-damage|p2a: Slowbro|46/100 par
|move|p2a: Slowbro|Sludge Bomb|p1a: Necrozma
|-damage|p1a: Necrozma|30/100
|
|-heal|p1a: Necrozma|36/100|[from] item: Leftovers
|upkeep
|turn|40
|
|t:|1610395833
|switch|p2a: Zarude|Zarude|98/100
|move|p1a: Necrozma|Heat Wave|p2a: Zarude
|-supereffective|p2a: Zarude
|-damage|p2a: Zarude|42/100
|
|-heal|p1a: Necrozma|42/100|[from] item: Leftovers
|upkeep
|turn|41
|
|t:|1610395839
|switch|p1a: Klefki|Klefki, M|89/100
|-damage|p1a: Klefki|83/100|[from] Stealth Rock
|move|p2a: Zarude|Darkest Lariat|p1a: Klefki
|-resisted|p1a: Klefki
|-damage|p1a: Klefki|58/100
|
|-heal|p1a: Klefki|64/100|[from] item: Leftovers
|upkeep
|turn|42
|
|t:|1610395843
|switch|p1a: Toxtricity|Toxtricity, M|63/100
|-damage|p1a: Toxtricity|51/100|[from] Stealth Rock
|move|p2a: Zarude|U-turn|p1a: Toxtricity
|-resisted|p1a: Toxtricity
|-damage|p1a: Toxtricity|32/100
|
|t:|1610395861
|switch|p2a: Raikou|Raikou|100/100|[from]move: U-turn
|-damage|p2a: Raikou|88/100|[from] Spikes
|-ability|p2a: Raikou|Pressure
|
|-heal|p2a: Raikou|94/100|[from] item: Leftovers
|upkeep
|turn|43
|
|t:|1610395868
|move|p2a: Raikou|Thunderbolt|p1a: Toxtricity
|-resisted|p1a: Toxtricity
|-damage|p1a: Toxtricity|0 fnt
|faint|p1a: Toxtricity
|
|-heal|p2a: Raikou|100/100|[from] item: Leftovers
|upkeep
|
|t:|1610395873
|switch|p1a: Gastrodon|Gastrodon, M|88/100
|-damage|p1a: Gastrodon|82/100|[from] Stealth Rock
|turn|44
|
|t:|1610395878
|switch|p2a: Zarude|Zarude|42/100
|move|p1a: Gastrodon|Earth Power|p2a: Zarude
|-resisted|p2a: Zarude
|-damage|p2a: Zarude|29/100
|-unboost|p2a: Zarude|spd|1
|
|upkeep
|turn|45
|
|t:|1610395882
|switch|p1a: Klefki|Klefki, M|64/100
|-damage|p1a: Klefki|58/100|[from] Stealth Rock
|move|p2a: Zarude|Jungle Healing|p2a: Zarude
|-heal|p2a: Zarude|54/100
|
|-heal|p1a: Klefki|64/100|[from] item: Leftovers
|upkeep
|turn|46
|
|t:|1610395886
|move|p2a: Zarude|U-turn|p1a: Klefki
|-resisted|p1a: Klefki
|-damage|p1a: Klefki|58/100
|
|t:|1610395890
|switch|p2a: Slowbro|Slowbro-Galar, F|79/100 par|[from]move: U-turn
|-damage|p2a: Slowbro|67/100 par|[from] Spikes
|move|p1a: Klefki|Dazzling Gleam|p2a: Slowbro
|-resisted|p2a: Slowbro
|-damage|p2a: Slowbro|54/100 par
|
|-heal|p1a: Klefki|64/100|[from] item: Leftovers
|upkeep
|turn|47
|
|t:|1610395894
|switch|p1a: Necrozma|Necrozma|42/100
|-damage|p1a: Necrozma|29/100|[from] Stealth Rock
|cant|p2a: Slowbro|par
|
|-heal|p1a: Necrozma|35/100|[from] item: Leftovers
|upkeep
|turn|48
|
|t:|1610395899
|move|p1a: Necrozma|Moonlight|p1a: Necrozma
|-heal|p1a: Necrozma|85/100
|move|p2a: Slowbro|Sludge Bomb|p1a: Necrozma
|-damage|p1a: Necrozma|58/100
|
|-heal|p1a: Necrozma|64/100|[from] item: Leftovers
|upkeep
|turn|49
|
|t:|1610395907
|move|p1a: Necrozma|Photon Geyser|p2a: Slowbro
|-damage|p2a: Slowbro|7/100 par
|move|p2a: Slowbro|Sludge Bomb|p1a: Necrozma
|-damage|p1a: Necrozma|32/100
|
|-heal|p1a: Necrozma|38/100|[from] item: Leftovers
|upkeep
|turn|50
|
|t:|1610395915
|switch|p2a: Togekiss|Togekiss, F|80/100
|move|p1a: Necrozma|Heat Wave|p2a: Togekiss
|-damage|p2a: Togekiss|58/100
|
|-heal|p1a: Necrozma|44/100|[from] item: Leftovers
|upkeep
|turn|51
|
|t:|1610395919
|move|p1a: Necrozma|Moonlight|p1a: Necrozma
|-heal|p1a: Necrozma|94/100
|move|p2a: Togekiss|Roost|p2a: Togekiss
|-heal|p2a: Togekiss|100/100
|-singleturn|p2a: Togekiss|move: Roost
|
|-heal|p1a: Necrozma|100/100|[from] item: Leftovers
|upkeep
|turn|52
|
|t:|1610395921
|move|p1a: Necrozma|Photon Geyser|p2a: Togekiss
|-damage|p2a: Togekiss|68/100
|move|p2a: Togekiss|Thunder Wave|p1a: Necrozma
|-status|p1a: Necrozma|par
|
|upkeep
|turn|53
|
|t:|1610395928
|move|p2a: Togekiss|Roost|p2a: Togekiss
|-heal|p2a: Togekiss|100/100
|-singleturn|p2a: Togekiss|move: Roost
|move|p1a: Necrozma|Photon Geyser|p2a: Togekiss
|-damage|p2a: Togekiss|65/100
|
|upkeep
|turn|54
|
|t:|1610395933
|switch|p1a: Zarude|Zarude-Dada|100/100
|move|p2a: Togekiss|Defog|p1a: Zarude
|-unboost|p1a: Zarude|evasion|1
|-sideend|p1: TestSSRU|Stealth Rock|[from] move: Defog|[of] p2a: Togekiss
|-sideend|p2: Lionel Mesprit|Spikes|[from] move: Defog|[of] p2a: Togekiss
|
|upkeep
|turn|55
|
|t:|1610395936
|move|p1a: Zarude|U-turn|p2a: Togekiss
|-resisted|p2a: Togekiss
|-damage|p2a: Togekiss|61/100
|
|t:|1610395940
|switch|p1a: Klefki|Klefki, M|64/100|[from]move: U-turn
|move|p2a: Togekiss|Roost|p2a: Togekiss
|-heal|p2a: Togekiss|100/100
|-singleturn|p2a: Togekiss|move: Roost
|
|-heal|p1a: Klefki|70/100|[from] item: Leftovers
|upkeep
|turn|56
|
|t:|1610395943
|switch|p2a: Slowbro|Slowbro-Galar, F|40/100 par
|move|p1a: Klefki|Toxic||[still]
|-fail|p1a: Klefki
|
|-heal|p1a: Klefki|76/100|[from] item: Leftovers
|upkeep
|turn|57
|
|t:|1610395946
|switch|p1a: Gastrodon|Gastrodon, M|82/100
|cant|p2a: Slowbro|par
|
|upkeep
|turn|58
|
|t:|1610395951
|switch|p2a: Abomasnow|Abomasnow, M|94/100
|move|p1a: Gastrodon|Earth Power|p2a: Abomasnow
|-resisted|p2a: Abomasnow
|-damage|p2a: Abomasnow|80/100
|-unboost|p2a: Abomasnow|spd|1
|
|upkeep
|turn|59
|
|t:|1610395956
|switch|p2a: Slowbro|Slowbro-Galar, F|74/100 par
|switch|p1a: Necrozma|Necrozma|100/100 par
|
|upkeep
|turn|60
|
|t:|1610395965
|switch|p2a: Togekiss|Togekiss, F|100/100
|move|p1a: Necrozma|Heat Wave|p2a: Togekiss
|-crit|p2a: Togekiss
|-damage|p2a: Togekiss|66/100
|
|upkeep
|turn|61
|
|t:|1610395970
|switch|p1a: Klefki|Klefki, M|76/100
|move|p2a: Togekiss|Air Slash|p1a: Klefki
|-resisted|p1a: Klefki
|-damage|p1a: Klefki|62/100
|
|-heal|p1a: Klefki|68/100|[from] item: Leftovers
|upkeep
|turn|62
|
|t:|1610395974
|switch|p2a: Slowbro|Slowbro-Galar, F|100/100 par
|switch|p1a: Zarude|Zarude-Dada|100/100
|
|upkeep
|turn|63
|
|t:|1610395978
|switch|p2a: Togekiss|Togekiss, F|66/100
|move|p1a: Zarude|Darkest Lariat|p2a: Togekiss
|-resisted|p2a: Togekiss
|-damage|p2a: Togekiss|49/100
|
|upkeep
|turn|64
|
|t:|1610395981
|move|p1a: Zarude|U-turn|p2a: Togekiss
|-resisted|p2a: Togekiss
|-damage|p2a: Togekiss|45/100
|
|t:|1610395984
|switch|p1a: Klefki|Klefki, M|68/100|[from]move: U-turn
|move|p2a: Togekiss|Roost|p2a: Togekiss
|-heal|p2a: Togekiss|95/100
|-singleturn|p2a: Togekiss|move: Roost
|
|-heal|p1a: Klefki|74/100|[from] item: Leftovers
|upkeep
|turn|65
|
|t:|1610395988
|switch|p2a: Slowbro|Slowbro-Galar, F|100/100 par
|switch|p1a: Necrozma|Necrozma|100/100 par
|
|upkeep
|turn|66
|
|t:|1610395991
|move|p1a: Necrozma|Photon Geyser|p2a: Slowbro
|-damage|p2a: Slowbro|53/100 par
|move|p2a: Slowbro|Calm Mind|p2a: Slowbro
|-boost|p2a: Slowbro|spa|1
|-boost|p2a: Slowbro|spd|1
|
|upkeep
|turn|67
|
|t:|1610395996
|move|p1a: Necrozma|Heat Wave|p2a: Slowbro
|-damage|p2a: Slowbro|34/100 par
|move|p2a: Slowbro|Slack Off|p2a: Slowbro
|-heal|p2a: Slowbro|84/100 par
|
|upkeep
|turn|68
|
|t:|1610396001
|move|p1a: Necrozma|Photon Geyser|p2a: Slowbro
|-damage|p2a: Slowbro|50/100 par
|cant|p2a: Slowbro|par
|
|upkeep
|turn|69
|-message|TestSSRU forfeited.
|
|win|Lionel Mesprit
|n|☆TestSSRU|testssru
|n|☆Lionel Mesprit|lionelmesprit
|n| coronal@!|coronal
|n| Beraldinhoo|beraldinhoo
|n| The True Falcon|thetruefalcon
|n| flannerythicc|flannerythicc
|n| Oathkeepre|oathkeepre
|n| gglrg|gglrg
|l|☆TestSSRU
|l| Beraldinhoo
|l| The True Falcon
|l| Oathkeepre
|l| flannerythicc
