|j|☆Plavns
|j|☆shinyeevee102
|player|p1|Plavns|170|1352
|player|p2|shinyeevee102|sage|1251
|teamsize|p1|6
|teamsize|p2|6
|gametype|singles
|gen|8
|tier|[Gen 8] RU
|rated|
|clearpoke
|poke|p1|Indeedee-F, F|
|poke|p1|Hitmonlee, M|
|poke|p1|Vanilluxe, M|
|poke|p1|Goodra, F|
|poke|p1|Silvally-*|
|poke|p1|Aromatisse, M|
|poke|p2|Gurdurr, M|
|poke|p2|Aromatisse, F|
|poke|p2|Steelix, F|
|poke|p2|Sneasel, F|
|poke|p2|Xatu, M|
|poke|p2|Passimian, F|
|rule|Sleep Clause Mod: Limit one foe put to sleep
|rule|Species Clause: Limit one of each Pokémon
|rule|OHKO Clause: OHKO moves are banned
|rule|Evasion Moves Clause: Evasion moves are banned
|rule|Endless Battle Clause: Forcing endless battles is banned
|rule|HP Percentage Mod: HP is shown in percentages
|rule|Dynamax Clause: You cannot dynamax
|teampreview
|inactive|Battle timer is ON: inactive players will automatically lose when time's up. (requested by shinyeevee102)
|c|☆shinyeevee102|Hf
|
|start
|switch|p1a: Indeedee|Indeedee-F, F|100/100
|switch|p2a: Passimian|Passimian, F|100/100
|-fieldstart|move: Psychic Terrain|[from] ability: Psychic Surge|[of] p1a: Indeedee
|turn|1
|
|switch|p2a: Sneasel|Sneasel, F|100/100
|move|p1a: Indeedee|Psyshock|p2a: Sneasel
|-immune|p2a: Sneasel
|
|upkeep
|turn|2
|
|switch|p1a: Aromatisse|Aromatisse, M|100/100
|move|p2a: Sneasel|Knock Off|p1a: Aromatisse
|-resisted|p1a: Aromatisse
|-damage|p1a: Aromatisse|78/100
|-enditem|p1a: Aromatisse|Leftovers|[from] move: Knock Off|[of] p2a: Sneasel
|
|upkeep
|turn|3
|
|switch|p2a: Steelix|Steelix, F|100/100
|switch|p1a: Silvally|Silvally-Steel|100/100
|
|upkeep
|turn|4
|
|move|p1a: Silvally|Flamethrower|p2a: Steelix
|-supereffective|p2a: Steelix
|-damage|p2a: Steelix|42/100
|move|p2a: Steelix|Stealth Rock|p1a: Silvally
|-sidestart|p1: Plavns|move: Stealth Rock
|
|-heal|p2a: Steelix|48/100|[from] item: Leftovers
|upkeep
|turn|5
|
|switch|p2a: Gurdurr|Gurdurr, M|100/100
|move|p1a: Silvally|Defog|p2a: Gurdurr
|-unboost|p2a: Gurdurr|evasion|1
|-sideend|p1: Plavns|Stealth Rock|[from] move: Defog|[of] p1a: Silvally
|-fieldend|move: Psychic Terrain
|
|upkeep
|turn|6
|
|switch|p1a: Aromatisse|Aromatisse, M|78/100
|move|p2a: Gurdurr|Bulk Up|p2a: Gurdurr
|-boost|p2a: Gurdurr|atk|1
|-boost|p2a: Gurdurr|def|1
|
|upkeep
|turn|7
|
|move|p2a: Gurdurr|Bulk Up|p2a: Gurdurr
|-boost|p2a: Gurdurr|atk|1
|-boost|p2a: Gurdurr|def|1
|move|p1a: Aromatisse|Moonblast|p2a: Gurdurr
|-supereffective|p2a: Gurdurr
|-damage|p2a: Gurdurr|33/100
|
|upkeep
|turn|8
|
|move|p2a: Gurdurr|Facade|p1a: Aromatisse
|-damage|p1a: Aromatisse|44/100
|move|p1a: Aromatisse|Moonblast|p2a: Gurdurr
|-supereffective|p2a: Gurdurr
|-damage|p2a: Gurdurr|0 fnt
|faint|p2a: Gurdurr
|
|upkeep
|
|switch|p2a: Sneasel|Sneasel, F|100/100
|turn|9
|
|move|p2a: Sneasel|Icicle Crash|p1a: Aromatisse
|-damage|p1a: Aromatisse|2/100
|move|p1a: Aromatisse|Wish|p1a: Aromatisse
|
|upkeep
|turn|10
|
|switch|p2a: Steelix|Steelix, F|48/100
|move|p1a: Aromatisse|Protect||[still]
|-fail|p1a: Aromatisse
|
|-heal|p1a: Aromatisse|52/100|[from] move: Wish|[wisher] Aromatisse
|-heal|p2a: Steelix|54/100|[from] item: Leftovers
|upkeep
|turn|11
|
|switch|p1a: Vanilluxe|Vanilluxe, M|100/100
|-weather|Hail|[from] ability: Snow Warning|[of] p1a: Vanilluxe
|move|p2a: Steelix|Earthquake|p1a: Vanilluxe
|-damage|p1a: Vanilluxe|54/100
|
|-weather|Hail|[upkeep]
|-damage|p2a: Steelix|48/100|[from] Hail
|-heal|p2a: Steelix|54/100|[from] item: Leftovers
|upkeep
|turn|12
|
|switch|p2a: Sneasel|Sneasel, F|100/100
|move|p1a: Vanilluxe|Blizzard|p2a: Sneasel
|-resisted|p2a: Sneasel
|-crit|p2a: Sneasel
|-damage|p2a: Sneasel|15/100
|
|-weather|Hail|[upkeep]
|upkeep
|turn|13
|
|switch|p1a: Silvally|Silvally-Steel|100/100
|move|p2a: Sneasel|Knock Off|p1a: Silvally
|-damage|p1a: Silvally|64/100
|
|-weather|Hail|[upkeep]
|-damage|p1a: Silvally|58/100|[from] Hail
|upkeep
|turn|14
|
|switch|p2a: Passimian|Passimian, F|100/100
|move|p1a: Silvally|U-turn|p2a: Passimian
|-resisted|p2a: Passimian
|-damage|p2a: Passimian|91/100
|
|switch|p1a: Indeedee|Indeedee-F, F|100/100|[from]move: U-turn
|-fieldstart|move: Psychic Terrain|[from] ability: Psychic Surge|[of] p1a: Indeedee
|
|-weather|Hail|[upkeep]
|-damage|p1a: Indeedee|94/100|[from] Hail
|-damage|p2a: Passimian|85/100|[from] Hail
|upkeep
|turn|15
|
|switch|p2a: Xatu|Xatu, M|100/100
|move|p1a: Indeedee|Mystical Fire|p2a: Xatu
|-damage|p2a: Xatu|67/100
|-unboost|p2a: Xatu|spa|1
|
|-weather|none
|upkeep
|turn|16
|
|switch|p1a: Silvally|Silvally-Steel|58/100
|move|p2a: Xatu|U-turn|p1a: Silvally
|-resisted|p1a: Silvally
|-damage|p1a: Silvally|53/100
|
|switch|p2a: Passimian|Passimian, F|85/100|[from]move: U-turn
|
|upkeep
|turn|17
|
|switch|p1a: Aromatisse|Aromatisse, M|52/100
|move|p2a: Passimian|Earthquake|p1a: Aromatisse
|-crit|p1a: Aromatisse
|-damage|p1a: Aromatisse|13/100
|
|upkeep
|turn|18
|
|switch|p1a: Indeedee|Indeedee-F, F|94/100
|move|p2a: Passimian|Earthquake|p1a: Indeedee
|-damage|p1a: Indeedee|39/100
|
|-fieldend|move: Psychic Terrain
|upkeep
|turn|19
|
|switch|p1a: Vanilluxe|Vanilluxe, M|54/100
|-weather|Hail|[from] ability: Snow Warning|[of] p1a: Vanilluxe
|switch|p2a: Aromatisse|Aromatisse, F|100/100
|
|-weather|Hail|[upkeep]
|-damage|p2a: Aromatisse|94/100|[from] Hail
|-heal|p2a: Aromatisse|100/100|[from] item: Leftovers
|upkeep
|turn|20
|
|move|p1a: Vanilluxe|Toxic|p2a: Aromatisse
|-status|p2a: Aromatisse|tox
|move|p2a: Aromatisse|Wish|p2a: Aromatisse
|
|-weather|Hail|[upkeep]
|-damage|p2a: Aromatisse|94/100 tox|[from] Hail
|-heal|p2a: Aromatisse|100/100 tox|[from] item: Leftovers
|-damage|p2a: Aromatisse|94/100 tox|[from] psn
|upkeep
|turn|21
|
|move|p1a: Vanilluxe|Blizzard|p2a: Aromatisse
|-damage|p2a: Aromatisse|35/100 tox
|move|p2a: Aromatisse|Moonblast|p1a: Vanilluxe
|-damage|p1a: Vanilluxe|11/100
|-unboost|p1a: Vanilluxe|spa|1
|
|-weather|Hail|[upkeep]
|-damage|p2a: Aromatisse|29/100 tox|[from] Hail
|-heal|p2a: Aromatisse|79/100 tox|[from] move: Wish|[wisher] Aromatisse
|-heal|p2a: Aromatisse|85/100 tox|[from] item: Leftovers
|-damage|p2a: Aromatisse|73/100 tox|[from] psn
|upkeep
|turn|22
|
|move|p1a: Vanilluxe|Blizzard|p2a: Aromatisse
|-damage|p2a: Aromatisse|34/100 tox
|move|p2a: Aromatisse|Moonblast|p1a: Vanilluxe
|-damage|p1a: Vanilluxe|0 fnt
|faint|p1a: Vanilluxe
|
|-weather|Hail|[upkeep]
|-damage|p2a: Aromatisse|28/100 tox|[from] Hail
|-heal|p2a: Aromatisse|34/100 tox|[from] item: Leftovers
|-damage|p2a: Aromatisse|16/100 tox|[from] psn
|upkeep
|
|switch|p1a: Silvally|Silvally-Steel|53/100
|turn|23
|
|switch|p2a: Steelix|Steelix, F|54/100
|move|p1a: Silvally|Multi-Attack|p2a: Steelix
|-resisted|p2a: Steelix
|-damage|p2a: Steelix|46/100
|
|-weather|none
|-heal|p2a: Steelix|52/100|[from] item: Leftovers
|upkeep
|turn|24
|
|switch|p2a: Passimian|Passimian, F|85/100
|move|p1a: Silvally|Flamethrower|p2a: Passimian
|-damage|p2a: Passimian|56/100
|
|upkeep
|turn|25
|l|☆shinyeevee102
|inactive|shinyeevee102 disconnected and has a minute to reconnect!
|player|p2|
|j|☆shinyeevee102
|inactive|shinyeevee102 reconnected and has 130 seconds left.
|player|p2|shinyeevee102|sage
|
|switch|p1a: Aromatisse|Aromatisse, M|13/100
|move|p2a: Passimian|Close Combat|p1a: Aromatisse
|-resisted|p1a: Aromatisse
|-damage|p1a: Aromatisse|0 fnt
|-unboost|p2a: Passimian|def|1
|-unboost|p2a: Passimian|spd|1
|faint|p1a: Aromatisse
|
|upkeep
|
|switch|p1a: Indeedee|Indeedee-F, F|39/100
|-fieldstart|move: Psychic Terrain|[from] ability: Psychic Surge|[of] p1a: Indeedee
|turn|26
|
|switch|p1a: Hitmonlee|Hitmonlee, M|100/100
|-enditem|p1a: Hitmonlee|Psychic Seed
|-boost|p1a: Hitmonlee|spd|1|[from] item: Psychic Seed
|switch|p2a: Aromatisse|Aromatisse, F|16/100 tox
|
|-heal|p2a: Aromatisse|22/100 tox|[from] item: Leftovers
|-damage|p2a: Aromatisse|16/100 tox|[from] psn
|upkeep
|turn|27
|
|move|p1a: Hitmonlee|Poison Jab|p2a: Aromatisse
|-supereffective|p2a: Aromatisse
|-damage|p2a: Aromatisse|0 fnt
|faint|p2a: Aromatisse
|
|upkeep
|
|switch|p2a: Xatu|Xatu, M|67/100
|turn|28
|
|move|p1a: Hitmonlee|Knock Off|p2a: Xatu
|-supereffective|p2a: Xatu
|-damage|p2a: Xatu|0 fnt
|-enditem|p2a: Xatu|Heavy-Duty Boots|[from] move: Knock Off|[of] p1a: Hitmonlee
|faint|p2a: Xatu
|
|upkeep
|
|switch|p2a: Steelix|Steelix, F|52/100
|turn|29
|
|move|p1a: Hitmonlee|Close Combat|p2a: Steelix
|-supereffective|p2a: Steelix
|-damage|p2a: Steelix|0 fnt
|-unboost|p1a: Hitmonlee|def|1
|-unboost|p1a: Hitmonlee|spd|1
|faint|p2a: Steelix
|
|upkeep
|
|switch|p2a: Passimian|Passimian, F|56/100
|turn|30
|inactive|shinyeevee102 has 120 seconds left.
|l|☆shinyeevee102
|inactive|shinyeevee102 disconnected and has a minute to reconnect!
|player|p2|
|j|☆shinyeevee102
|inactive|shinyeevee102 reconnected and has 90 seconds left.
|player|p2|shinyeevee102|sage
|
|move|p1a: Hitmonlee|Close Combat|p2a: Passimian
|-damage|p2a: Passimian|0 fnt
|-unboost|p1a: Hitmonlee|def|1
|-unboost|p1a: Hitmonlee|spd|1
|faint|p2a: Passimian
|
|-fieldend|move: Psychic Terrain
|upkeep
|
|switch|p2a: Sneasel|Sneasel, F|15/100
|turn|31
|
|move|p1a: Hitmonlee|Close Combat|p2a: Sneasel
|-supereffective|p2a: Sneasel
|-damage|p2a: Sneasel|0 fnt
|-unboost|p1a: Hitmonlee|def|1
|-unboost|p1a: Hitmonlee|spd|1
|faint|p2a: Sneasel
|
|win|Plavns
|l|☆shinyeevee102
|c|☆Plavns|Gg
||Ladder (probably) updated, but score could not be retrieved (Response not received).
