|j|☆ChickenNuggetScoon
|j|☆Aeron_Tempest
|t:|1609457618
|player|p1|ChickenNuggetScoon|hoopster|1026
|player|p2|Aeron_Tempest|riley|1117
|teamsize|p1|6
|teamsize|p2|6
|gametype|singles
|gen|8
|tier|[Gen 8] RU
|rated|
|clearpoke
|poke|p1|Abomasnow, M|
|poke|p1|Arctozolt|
|poke|p1|Arctovish|
|poke|p1|Shuckle, M|
|poke|p1|Aurorus, M|
|poke|p1|Sandslash-Alola, F|
|poke|p2|Milotic, F|
|poke|p2|Klinklang|
|poke|p2|Vileplume, M|
|poke|p2|Rhyperior, F|
|poke|p2|Cradily, M|
|poke|p2|Gigalith, M|
|rule|Sleep Clause Mod: Limit one foe put to sleep
|rule|Species Clause: Limit one of each Pokémon
|rule|OHKO Clause: OHKO moves are banned
|rule|Evasion Moves Clause: Evasion moves are banned
|rule|Endless Battle Clause: Forcing endless battles is banned
|rule|HP Percentage Mod: HP is shown in percentages
|rule|Dynamax Clause: You cannot dynamax
|teampreview
|inactive|Battle timer is ON: inactive players will automatically lose when time's up. (requested by Aeron_Tempest)
|inactive|ChickenNuggetScoon has 120 seconds left.
|inactive|ChickenNuggetScoon has 90 seconds left.
|inactive|ChickenNuggetScoon has 60 seconds left.
|
|t:|1609457746
|start
|switch|p1a: Cuckle|Shuckle, M|100/100
|switch|p2a: Klinklang|Klinklang|100/100
|turn|1
|
|t:|1609457752
|move|p2a: Klinklang|Substitute|p2a: Klinklang
|-start|p2a: Klinklang|Substitute
|-damage|p2a: Klinklang|76/100
|move|p1a: Cuckle|Sticky Web|p2a: Klinklang
|-sidestart|p2: Aeron_Tempest|move: Sticky Web
|
|-heal|p2a: Klinklang|82/100|[from] item: Leftovers
|upkeep
|turn|2
|
|t:|1609457759
|move|p2a: Klinklang|Shift Gear|p2a: Klinklang
|-boost|p2a: Klinklang|spe|2
|-boost|p2a: Klinklang|atk|1
|move|p1a: Cuckle|Stealth Rock|p2a: Klinklang
|-sidestart|p2: Aeron_Tempest|move: Stealth Rock
|
|-heal|p2a: Klinklang|88/100|[from] item: Leftovers
|upkeep
|turn|3
|
|t:|1609457766
|move|p2a: Klinklang|Shift Gear|p2a: Klinklang
|-boost|p2a: Klinklang|spe|2
|-boost|p2a: Klinklang|atk|1
|move|p1a: Cuckle|Encore|p2a: Klinklang
|-start|p2a: Klinklang|Encore
|
|-heal|p2a: Klinklang|94/100|[from] item: Leftovers
|upkeep
|turn|4
|
|t:|1609457773
|move|p2a: Klinklang|Shift Gear|p2a: Klinklang
|-boost|p2a: Klinklang|spe|2
|-boost|p2a: Klinklang|atk|1
|move|p1a: Cuckle|Toxic||[still]
|-fail|p1a: Cuckle
|
|-heal|p2a: Klinklang|99/100|[from] item: Leftovers
|upkeep
|turn|5
|
|t:|1609457780
|move|p2a: Klinklang|Shift Gear|p2a: Klinklang
|-boost|p2a: Klinklang|spe|0
|-boost|p2a: Klinklang|atk|1
|move|p1a: Cuckle|Encore||[still]
|-fail|p1a: Cuckle
|
|-heal|p2a: Klinklang|100/100|[from] item: Leftovers
|upkeep
|turn|6
|
|t:|1609457787
|move|p2a: Klinklang|Shift Gear|p2a: Klinklang
|-boost|p2a: Klinklang|spe|0
|-boost|p2a: Klinklang|atk|1
|move|p1a: Cuckle|Encore||[still]
|-fail|p1a: Cuckle
|
|-end|p2a: Klinklang|Encore
|upkeep
|turn|7
|
|t:|1609457795
|move|p2a: Klinklang|Gear Grind|p1a: Cuckle
|-supereffective|p1a: Cuckle
|-damage|p1a: Cuckle|17/100
|-supereffective|p1a: Cuckle
|-damage|p1a: Cuckle|0 fnt
|-hitcount|p1a: Cuckle|2
|faint|p1a: Cuckle
|
|upkeep
|-message|ChickenNuggetScoon forfeited.
|
|win|Aeron_Tempest
|l|☆ChickenNuggetScoon
|raw|ChickenNuggetScoon's rating: 1019 &rarr; <strong>1010</strong><br />(-9 for losing)
|raw|Aeron_Tempest's rating: 1118 &rarr; <strong>1136</strong><br />(+18 for winning)
