|html|<div class="broadcast-blue"><strong>[Gen 8] RU is currently suspecting Mienshao! For information on how to participate check out the <a href="https://www.smogon.com/forums/threads/np-ru-stage-8-nocturne-mienshao-suspect-test.3688330/">suspect thread</a>.</strong></div>
|j|☆ReeceALT
|j|☆literallyfreemoney
|t:|1628413626
|gametype|singles
|player|p1|ReeceALT|ingo|1318
|player|p2|literallyfreemoney|17|1415
|teamsize|p1|6
|teamsize|p2|6
|gen|8
|tier|[Gen 8] RU
|rated|
|rule|Sleep Clause Mod: Limit one foe put to sleep
|rule|Species Clause: Limit one of each Pokémon
|rule|OHKO Clause: OHKO moves are banned
|rule|Evasion Moves Clause: Evasion moves are banned
|rule|Endless Battle Clause: Forcing endless battles is banned
|rule|HP Percentage Mod: HP is shown in percentages
|rule|Dynamax Clause: You cannot dynamax
|clearpoke
|poke|p1|Starmie|
|poke|p1|Toxtricity, M|
|poke|p1|Flygon, M|
|poke|p1|Umbreon, F|
|poke|p1|Durant, F|
|poke|p1|Diancie|
|poke|p2|Heracross, M|
|poke|p2|Steelix, M|
|poke|p2|Toxtricity, F|
|poke|p2|Crobat, M|
|poke|p2|Milotic, M|
|poke|p2|Gardevoir, M|
|teampreview
|
|t:|1628413661
|start
|switch|p1a: Flygon|Flygon, M|100/100
|switch|p2a: Guts|Heracross, M|100/100
|turn|1
|
|t:|1628413667
|move|p1a: Flygon|U-turn|p2a: Guts
|-resisted|p2a: Guts
|-damage|p2a: Guts|85/100
|
|t:|1628413669
|switch|p1a: Starmie|Starmie|100/100|[from]move: U-turn
|move|p2a: Guts|Facade|p1a: Starmie
|-damage|p1a: Starmie|68/100
|
|-status|p2a: Guts|brn|[from] item: Flame Orb
|upkeep
|turn|2
|
|t:|1628413679
|switch|p2a: Gardevoir|Gardevoir, M|100/100
|-ability|p2a: Gardevoir|Natural Cure|[from] ability: Trace|[of] p1a: Starmie
|move|p1a: Starmie|Psyshock|p2a: Gardevoir
|-resisted|p2a: Gardevoir
|-damage|p2a: Gardevoir|73/100
|
|upkeep
|turn|3
|
|t:|1628413686
|switch|p1a: Diancie|Diancie|100/100
|move|p2a: Gardevoir|Moonblast|p1a: Diancie
|-damage|p1a: Diancie|74/100
|
|-heal|p1a: Diancie|80/100|[from] item: Leftovers
|upkeep
|turn|4
|
|t:|1628413691
|switch|p2a: Milotic|Milotic, M|100/100
|move|p1a: Diancie|Stealth Rock|p2a: Milotic
|-sidestart|p2: literallyfreemoney|move: Stealth Rock
|
|-heal|p1a: Diancie|86/100|[from] item: Leftovers
|-status|p2a: Milotic|brn|[from] item: Flame Orb
|upkeep
|turn|5
|
|t:|1628413700
|switch|p1a: Toxtricity|Toxtricity, M|100/100
|move|p2a: Milotic|Flip Turn|p1a: Toxtricity
|-damage|p1a: Toxtricity|90/100
|
|t:|1628413703
|switch|p2a: Guts|Heracross, M|85/100 brn|[from]move: Flip Turn
|-damage|p2a: Guts|73/100 brn|[from] Stealth Rock
|
|-damage|p2a: Guts|67/100 brn|[from] brn
|upkeep
|turn|6
|
|t:|1628413711
|switch|p1a: Starmie|Starmie|68/100
|move|p2a: Guts|Facade|p1a: Starmie
|-damage|p1a: Starmie|0 fnt
|faint|p1a: Starmie
|
|-damage|p2a: Guts|61/100 brn|[from] brn
|upkeep
|
|t:|1628413718
|switch|p1a: Chris Brown|Durant, F|100/100
|turn|7
|
|t:|1628413722
|switch|p2a: Milotic|Milotic, M|100/100 brn
|-damage|p2a: Milotic|88/100 brn|[from] Stealth Rock
|move|p1a: Chris Brown|Iron Head|p2a: Milotic
|-resisted|p2a: Milotic
|-damage|p2a: Milotic|69/100 brn
|-damage|p1a: Chris Brown|91/100|[from] item: Life Orb
|
|-damage|p2a: Milotic|63/100 brn|[from] brn
|upkeep
|turn|8
|
|t:|1628413729
|move|p1a: Chris Brown|Iron Head|p2a: Milotic|[miss]
|-miss|p1a: Chris Brown|p2a: Milotic
|move|p2a: Milotic|Flip Turn|p1a: Chris Brown
|-damage|p1a: Chris Brown|83/100
|
|t:|1628413735
|switch|p2a: Steelix|Steelix, M|100/100|[from]move: Flip Turn
|-damage|p2a: Steelix|97/100|[from] Stealth Rock
|
|-heal|p2a: Steelix|100/100|[from] item: Leftovers
|upkeep
|turn|9
|
|t:|1628413739
|switch|p1a: Flygon|Flygon, M|100/100
|move|p2a: Steelix|Stealth Rock|p1a: Flygon
|-sidestart|p1: ReeceALT|move: Stealth Rock
|
|upkeep
|turn|10
|
|t:|1628413744
|switch|p2a: Brave Bat|Crobat, M|100/100
|move|p1a: Flygon|Stone Edge|p2a: Brave Bat
|-supereffective|p2a: Brave Bat
|-damage|p2a: Brave Bat|31/100
|
|upkeep
|turn|11
|
|t:|1628413753
|switch|p1a: Toxtricity|Toxtricity, M|90/100
|-damage|p1a: Toxtricity|78/100|[from] Stealth Rock
|switch|p2a: Milotic|Milotic, M|63/100 brn
|-damage|p2a: Milotic|51/100 brn|[from] Stealth Rock
|
|-damage|p2a: Milotic|45/100 brn|[from] brn
|upkeep
|turn|12
|
|t:|1628413758
|switch|p2a: Steelix|Steelix, M|100/100
|-damage|p2a: Steelix|97/100|[from] Stealth Rock
|move|p1a: Toxtricity|Boomburst|p2a: Steelix
|-resisted|p2a: Steelix
|-damage|p2a: Steelix|55/100
|
|-heal|p2a: Steelix|62/100|[from] item: Leftovers
|upkeep
|turn|13
|
|t:|1628413768
|switch|p1a: Diancie|Diancie|86/100
|-damage|p1a: Diancie|74/100|[from] Stealth Rock
|move|p2a: Steelix|Earthquake|p1a: Diancie
|-supereffective|p1a: Diancie
|-damage|p1a: Diancie|29/100
|
|-heal|p1a: Diancie|36/100|[from] item: Leftovers
|-heal|p2a: Steelix|68/100|[from] item: Leftovers
|upkeep
|turn|14
|
|t:|1628413774
|move|p1a: Diancie|Body Press|p2a: Steelix
|-supereffective|p2a: Steelix
|-damage|p2a: Steelix|41/100
|move|p2a: Steelix|Heavy Slam|p1a: Diancie
|-supereffective|p1a: Diancie
|-damage|p1a: Diancie|0 fnt
|faint|p1a: Diancie
|
|-heal|p2a: Steelix|47/100|[from] item: Leftovers
|upkeep
|
|t:|1628413781
|switch|p1a: Flygon|Flygon, M|100/100
|-damage|p1a: Flygon|95/100|[from] Stealth Rock
|turn|15
|
|t:|1628413786
|move|p1a: Flygon|Earthquake|p2a: Steelix
|-supereffective|p2a: Steelix
|-damage|p2a: Steelix|4/100
|move|p2a: Steelix|Earthquake|p1a: Flygon
|-immune|p1a: Flygon|[from] ability: Levitate
|
|-heal|p2a: Steelix|11/100|[from] item: Leftovers
|upkeep
|turn|16
|
|t:|1628413791
|switch|p2a: Brave Bat|Crobat, M|31/100
|move|p1a: Flygon|Earthquake|p2a: Brave Bat
|-immune|p2a: Brave Bat
|
|upkeep
|turn|17
|
|t:|1628413796
|switch|p1a: Toxtricity|Toxtricity, M|78/100
|-damage|p1a: Toxtricity|65/100|[from] Stealth Rock
|move|p2a: Brave Bat|Roost|p2a: Brave Bat
|-heal|p2a: Brave Bat|81/100
|-singleturn|p2a: Brave Bat|move: Roost
|
|upkeep
|turn|18
|
|t:|1628413800
|switch|p2a: Steelix|Steelix, M|11/100
|-damage|p2a: Steelix|8/100|[from] Stealth Rock
|move|p1a: Toxtricity|Boomburst|p2a: Steelix
|-resisted|p2a: Steelix
|-damage|p2a: Steelix|0 fnt
|faint|p2a: Steelix
|
|upkeep
|
|t:|1628413802
|switch|p2a: Guts|Heracross, M|61/100 brn
|-damage|p2a: Guts|49/100 brn|[from] Stealth Rock
|turn|19
|
|t:|1628413809
|switch|p1a: Chris Brown|Durant, F|83/100
|-damage|p1a: Chris Brown|70/100|[from] Stealth Rock
|move|p2a: Guts|Facade|p1a: Chris Brown
|-resisted|p1a: Chris Brown
|-damage|p1a: Chris Brown|24/100
|
|-damage|p2a: Guts|43/100 brn|[from] brn
|upkeep
|turn|20
|
|t:|1628413813
|switch|p2a: Brave Bat|Crobat, M|81/100
|move|p1a: Chris Brown|First Impression|p2a: Brave Bat
|-resisted|p2a: Brave Bat
|-crit|p2a: Brave Bat
|-damage|p2a: Brave Bat|50/100
|-damage|p1a: Chris Brown|15/100|[from] item: Life Orb
|
|upkeep
|turn|21
|
|t:|1628413817
|move|p2a: Brave Bat|Brave Bird|p1a: Chris Brown
|-damage|p1a: Chris Brown|0 fnt
|faint|p1a: Chris Brown
|-damage|p2a: Brave Bat|46/100|[from] Recoil
|
|upkeep
|
|t:|1628413819
|switch|p1a: Flygon|Flygon, M|95/100
|-damage|p1a: Flygon|89/100|[from] Stealth Rock
|turn|22
|
|t:|1628413825
|move|p1a: Flygon|U-turn|p2a: Brave Bat
|-resisted|p2a: Brave Bat
|-damage|p2a: Brave Bat|41/100
|
|t:|1628413827
|switch|p1a: Umbreon|Umbreon, F|100/100|[from]move: U-turn
|-damage|p1a: Umbreon|88/100|[from] Stealth Rock
|move|p2a: Brave Bat|Brave Bird|p1a: Umbreon
|-damage|p1a: Umbreon|56/100
|-damage|p2a: Brave Bat|30/100|[from] Recoil
|
|-heal|p1a: Umbreon|62/100|[from] item: Leftovers
|upkeep
|turn|23
|
|t:|1628413834
|switch|p2a: Milotic|Milotic, M|45/100 brn
|-damage|p2a: Milotic|32/100 brn|[from] Stealth Rock
|move|p1a: Umbreon|Wish|p1a: Umbreon
|
|-heal|p1a: Umbreon|68/100|[from] item: Leftovers
|-damage|p2a: Milotic|26/100 brn|[from] brn
|upkeep
|turn|24
|
|t:|1628413841
|switch|p1a: Toxtricity|Toxtricity, M|65/100
|-damage|p1a: Toxtricity|53/100|[from] Stealth Rock
|move|p2a: Milotic|Flip Turn|p1a: Toxtricity
|-damage|p1a: Toxtricity|44/100
|
|t:|1628413844
|switch|p2a: Guts|Heracross, M|43/100 brn|[from]move: Flip Turn
|-damage|p2a: Guts|30/100 brn|[from] Stealth Rock
|
|-heal|p1a: Toxtricity|100/100|[from] move: Wish|[wisher] Umbreon
|-damage|p2a: Guts|24/100 brn|[from] brn
|upkeep
|turn|25
|
|t:|1628413852
|switch|p1a: Flygon|Flygon, M|89/100
|-damage|p1a: Flygon|83/100|[from] Stealth Rock
|move|p2a: Guts|Facade|p1a: Flygon
|-damage|p1a: Flygon|0 fnt
|faint|p1a: Flygon
|
|-damage|p2a: Guts|18/100 brn|[from] brn
|upkeep
|
|t:|1628413856
|switch|p1a: Umbreon|Umbreon, F|68/100
|-damage|p1a: Umbreon|56/100|[from] Stealth Rock
|turn|26
|
|t:|1628413858
|move|p1a: Umbreon|Protect|p1a: Umbreon
|-singleturn|p1a: Umbreon|Protect
|move|p2a: Guts|Close Combat|p1a: Umbreon
|-activate|p1a: Umbreon|move: Protect
|
|-heal|p1a: Umbreon|62/100|[from] item: Leftovers
|-damage|p2a: Guts|12/100 brn|[from] brn
|upkeep
|turn|27
|
|t:|1628413863
|move|p2a: Guts|Close Combat|p1a: Umbreon
|-supereffective|p1a: Umbreon
|-damage|p1a: Umbreon|0 fnt
|-unboost|p2a: Guts|def|1
|-unboost|p2a: Guts|spd|1
|faint|p1a: Umbreon
|
|-damage|p2a: Guts|6/100 brn|[from] brn
|upkeep
|
|t:|1628413864
|switch|p1a: Toxtricity|Toxtricity, M|100/100
|-damage|p1a: Toxtricity|88/100|[from] Stealth Rock
|turn|28
|
|t:|1628413866
|move|p2a: Guts|Earthquake|p1a: Toxtricity
|-supereffective|p1a: Toxtricity
|-damage|p1a: Toxtricity|0 fnt
|faint|p1a: Toxtricity
|
|win|literallyfreemoney
|raw|ReeceALT's rating: 1318 &rarr; <strong>1303</strong><br />(-15 for losing)
|raw|literallyfreemoney's rating: 1415 &rarr; <strong>1430</strong><br />(+15 for winning)
|c|☆literallyfreemoney|gg
|l|☆ReeceALT
||Ladder isn't responding, score probably updated but might not have (Request timeout).
