|j|☆Blue.Moon.Cheese
|j|☆Luna Got Banned
|player|p1|Blue.Moon.Cheese|lusamine-nihilego|1410
|player|p2|Luna Got Banned|winona|1472
|teamsize|p1|6
|teamsize|p2|6
|gametype|singles
|gen|8
|tier|[Gen 8] RU
|rated|
|clearpoke
|poke|p1|Gourgeist-*, M|
|poke|p1|Quagsire, M|
|poke|p1|Gurdurr, F|
|poke|p1|Snorlax, M|
|poke|p1|Goodra, F|
|poke|p1|Alcremie, F|
|poke|p2|Sudowoodo, F|
|poke|p2|Sigilyph, F|
|poke|p2|Gigalith, M|
|poke|p2|Qwilfish, F|
|poke|p2|Vileplume, F|
|poke|p2|Silvally-*|
|rule|Sleep Clause Mod: Limit one foe put to sleep
|rule|Species Clause: Limit one of each Pokémon
|rule|OHKO Clause: OHKO moves are banned
|rule|Evasion Moves Clause: Evasion moves are banned
|rule|Endless Battle Clause: Forcing endless battles is banned
|rule|HP Percentage Mod: HP is shown in percentages
|rule|Dynamax Clause: You cannot dynamax
|teampreview
|inactive|Battle timer is ON: inactive players will automatically lose when time's up. (requested by Blue.Moon.Cheese)
|
|start
|switch|p1a: Quagsire|Quagsire, M|100/100
|switch|p2a: Zacian Switchin|Qwilfish, F|100/100
|-ability|p2a: Zacian Switchin|Intimidate|boost
|-unboost|p1a: Quagsire|atk|1
|turn|1
|
|move|p2a: Zacian Switchin|Toxic Spikes|p1a: Quagsire
|-sidestart|p1: Blue.Moon.Cheese|move: Toxic Spikes
|move|p1a: Quagsire|Earth Power|p2a: Zacian Switchin
|-supereffective|p2a: Zacian Switchin
|-damage|p2a: Zacian Switchin|23/100
|
|-heal|p2a: Zacian Switchin|29/100|[from] item: Black Sludge
|upkeep
|turn|2
|
|switch|p2a: DAVONSPECS=NAPPY|Sigilyph, F|100/100
|move|p1a: Quagsire|Earth Power|p2a: DAVONSPECS=NAPPY
|-immune|p2a: DAVONSPECS=NAPPY
|
|upkeep
|turn|3
|
|switch|p1a: Goodra|Goodra, F|100/100
|-status|p1a: Goodra|psn
|move|p2a: DAVONSPECS=NAPPY|Psychic|p1a: Goodra
|-damage|p1a: Goodra|78/100 psn
|
|-damage|p1a: Goodra|66/100 psn|[from] psn
|upkeep
|turn|4
|
|switch|p2a: Makeshift D1ldo|Gigalith, M, shiny|100/100
|-weather|Sandstorm|[from] ability: Sand Stream|[of] p2a: Makeshift D1ldo
|move|p1a: Goodra|Thunderbolt|p2a: Makeshift D1ldo
|-damage|p2a: Makeshift D1ldo|85/100
|
|-weather|Sandstorm|[upkeep]
|-damage|p1a: Goodra|60/100 psn|[from] Sandstorm
|-heal|p2a: Makeshift D1ldo|91/100|[from] item: Leftovers
|-damage|p1a: Goodra|47/100 psn|[from] psn
|upkeep
|turn|5
|
|switch|p1a: Quagsire|Quagsire, M|100/100
|-status|p1a: Quagsire|psn
|switch|p2a: DAVONSPECS=NAPPY|Sigilyph, F|100/100
|
|-weather|Sandstorm|[upkeep]
|-damage|p1a: Quagsire|88/100 psn|[from] psn
|upkeep
|turn|6
|
|switch|p1a: Goodra|Goodra, F|47/100 psn
|move|p2a: DAVONSPECS=NAPPY|Psychic|p1a: Goodra
|-damage|p1a: Goodra|24/100 psn
|
|-weather|Sandstorm|[upkeep]
|-damage|p1a: Goodra|18/100 psn|[from] Sandstorm
|-damage|p1a: Goodra|6/100 psn|[from] psn
|upkeep
|turn|7
|
|move|p2a: DAVONSPECS=NAPPY|Roost||[still]
|-fail|p2a: DAVONSPECS=NAPPY|heal
|move|p1a: Goodra|Thunderbolt|p2a: DAVONSPECS=NAPPY
|-supereffective|p2a: DAVONSPECS=NAPPY
|-damage|p2a: DAVONSPECS=NAPPY|7/100
|
|-weather|Sandstorm|[upkeep]
|-damage|p1a: Goodra|0 fnt|[from] Sandstorm
|faint|p1a: Goodra
|upkeep
|
|switch|p1a: Snorlax|Snorlax, M|100/100
|-status|p1a: Snorlax|psn
|turn|8
|
|move|p2a: DAVONSPECS=NAPPY|Roost|p2a: DAVONSPECS=NAPPY
|-heal|p2a: DAVONSPECS=NAPPY|57/100
|-singleturn|p2a: DAVONSPECS=NAPPY|move: Roost
|move|p1a: Snorlax|Curse|p1a: Snorlax
|-unboost|p1a: Snorlax|spe|1
|-boost|p1a: Snorlax|atk|1
|-boost|p1a: Snorlax|def|1
|
|-weather|none
|-damage|p1a: Snorlax|88/100 psn|[from] psn
|upkeep
|turn|9
|
|switch|p2a: Nice Scout Drax|Sudowoodo, F|100/100
|move|p1a: Snorlax|Curse|p1a: Snorlax
|-unboost|p1a: Snorlax|spe|1
|-boost|p1a: Snorlax|atk|1
|-boost|p1a: Snorlax|def|1
|
|-heal|p1a: Snorlax|94/100 psn|[from] item: Leftovers
|-damage|p1a: Snorlax|82/100 psn|[from] psn
|upkeep
|turn|10
|
|move|p2a: Nice Scout Drax|Low Kick|p1a: Snorlax
|-supereffective|p1a: Snorlax
|-damage|p1a: Snorlax|26/100 psn
|move|p1a: Snorlax|Darkest Lariat|p2a: Nice Scout Drax
|-damage|p2a: Nice Scout Drax|58/100
|
|-heal|p1a: Snorlax|32/100 psn|[from] item: Leftovers
|-damage|p1a: Snorlax|20/100 psn|[from] psn
|upkeep
|turn|11
|
|move|p2a: Nice Scout Drax|Low Kick|p1a: Snorlax
|-supereffective|p1a: Snorlax
|-damage|p1a: Snorlax|0 fnt
|faint|p1a: Snorlax
|
|upkeep
|
|switch|p1a: Gurdurr|Gurdurr, F|100/100
|-status|p1a: Gurdurr|psn
|turn|12
|
|switch|p2a: DAVONSPECS=NAPPY|Sigilyph, F|57/100
|move|p1a: Gurdurr|Knock Off|p2a: DAVONSPECS=NAPPY
|-supereffective|p2a: DAVONSPECS=NAPPY
|-damage|p2a: DAVONSPECS=NAPPY|0 fnt
|-enditem|p2a: DAVONSPECS=NAPPY|Life Orb|[from] move: Knock Off|[of] p1a: Gurdurr
|faint|p2a: DAVONSPECS=NAPPY
|
|-damage|p1a: Gurdurr|88/100 psn|[from] psn
|upkeep
|
|switch|p2a: Zacian Switchin|Qwilfish, F|29/100
|-ability|p2a: Zacian Switchin|Intimidate|boost
|-unboost|p1a: Gurdurr|atk|1
|turn|13
|
|switch|p1a: Alcremie|Alcremie, F|100/100
|-status|p1a: Alcremie|psn
|move|p2a: Zacian Switchin|Spikes|p1a: Alcremie
|-sidestart|p1: Blue.Moon.Cheese|Spikes
|
|-heal|p2a: Zacian Switchin|35/100|[from] item: Black Sludge
|-damage|p1a: Alcremie|88/100 psn|[from] psn
|upkeep
|turn|14
|
|switch|p2a: Makeshift D1ldo|Gigalith, M, shiny|91/100
|-weather|Sandstorm|[from] ability: Sand Stream|[of] p2a: Makeshift D1ldo
|move|p1a: Alcremie|Acid Armor|p1a: Alcremie
|-boost|p1a: Alcremie|def|2
|
|-weather|Sandstorm|[upkeep]
|-damage|p1a: Alcremie|82/100 psn|[from] Sandstorm
|-heal|p1a: Alcremie|88/100 psn|[from] item: Leftovers
|-heal|p2a: Makeshift D1ldo|97/100|[from] item: Leftovers
|-damage|p1a: Alcremie|76/100 psn|[from] psn
|upkeep
|turn|15
|
|move|p1a: Alcremie|Acid Armor|p1a: Alcremie
|-boost|p1a: Alcremie|def|2
|move|p2a: Makeshift D1ldo|Stealth Rock|p1a: Alcremie
|-sidestart|p1: Blue.Moon.Cheese|move: Stealth Rock
|
|-weather|Sandstorm|[upkeep]
|-damage|p1a: Alcremie|70/100 psn|[from] Sandstorm
|-heal|p1a: Alcremie|76/100 psn|[from] item: Leftovers
|-heal|p2a: Makeshift D1ldo|100/100|[from] item: Leftovers
|-damage|p1a: Alcremie|64/100 psn|[from] psn
|upkeep
|turn|16
|
|switch|p2a: Blow JAWB|Vileplume, F|100/100
|move|p1a: Alcremie|Calm Mind|p1a: Alcremie
|-boost|p1a: Alcremie|spa|1
|-boost|p1a: Alcremie|spd|1
|
|-weather|Sandstorm|[upkeep]
|-damage|p2a: Blow JAWB|94/100|[from] Sandstorm
|-damage|p1a: Alcremie|58/100 psn|[from] Sandstorm
|-heal|p2a: Blow JAWB|100/100|[from] item: Black Sludge
|-heal|p1a: Alcremie|64/100 psn|[from] item: Leftovers
|-damage|p1a: Alcremie|51/100 psn|[from] psn
|upkeep
|turn|17
|
|move|p2a: Blow JAWB|Sludge Wave|p1a: Alcremie
|-supereffective|p1a: Alcremie
|-damage|p1a: Alcremie|21/100 psn
|move|p1a: Alcremie|Stored Power|p2a: Blow JAWB
|-supereffective|p2a: Blow JAWB
|-damage|p2a: Blow JAWB|0 fnt
|faint|p2a: Blow JAWB
|
|-weather|Sandstorm|[upkeep]
|-damage|p1a: Alcremie|15/100 psn|[from] Sandstorm
|-heal|p1a: Alcremie|21/100 psn|[from] item: Leftovers
|-damage|p1a: Alcremie|9/100 psn|[from] psn
|upkeep
|
|switch|p2a: Nice Scout Drax|Sudowoodo, F|58/100
|turn|18
|
|move|p1a: Alcremie|Draining Kiss|p2a: Nice Scout Drax
|-damage|p2a: Nice Scout Drax|27/100
|-heal|p1a: Alcremie|28/100 psn|[from] drain|[of] p2a: Nice Scout Drax
|move|p2a: Nice Scout Drax|Head Smash|p1a: Alcremie
|-damage|p1a: Alcremie|0 fnt
|faint|p1a: Alcremie
|
|-weather|none
|upkeep
|
|switch|p1a: Gourgeist|Gourgeist-Super, M|100/100
|-damage|p1a: Gourgeist|88/100|[from] Spikes
|-status|p1a: Gourgeist|psn
|-damage|p1a: Gourgeist|76/100 psn|[from] Stealth Rock
|-item|p2a: Nice Scout Drax|Choice Band|[from] ability: Frisk|[of] p1a: Gourgeist|[identify]
|turn|19
|
|switch|p2a: Zacian Switchin|Qwilfish, F|35/100
|-ability|p2a: Zacian Switchin|Intimidate|boost
|-unboost|p1a: Gourgeist|atk|1
|move|p1a: Gourgeist|Substitute|p1a: Gourgeist
|-start|p1a: Gourgeist|Substitute
|-damage|p1a: Gourgeist|51/100 psn
|
|-heal|p2a: Zacian Switchin|41/100|[from] item: Black Sludge
|-heal|p1a: Gourgeist|57/100 psn|[from] item: Leftovers
|-damage|p1a: Gourgeist|45/100 psn|[from] psn
|upkeep
|turn|20
|
|move|p2a: Zacian Switchin|Spikes|p1a: Gourgeist
|-sidestart|p1: Blue.Moon.Cheese|Spikes
|move|p1a: Gourgeist|Will-O-Wisp|p2a: Zacian Switchin
|-status|p2a: Zacian Switchin|brn
|
|-heal|p2a: Zacian Switchin|47/100 brn|[from] item: Black Sludge
|-heal|p1a: Gourgeist|51/100 psn|[from] item: Leftovers
|-damage|p2a: Zacian Switchin|41/100 brn|[from] brn
|-damage|p1a: Gourgeist|39/100 psn|[from] psn
|upkeep
|turn|21
|
|move|p2a: Zacian Switchin|Scald|p1a: Gourgeist
|-resisted|p1a: Gourgeist
|-activate|p1a: Gourgeist|move: Substitute|[damage]
|move|p1a: Gourgeist|Leech Seed|p2a: Zacian Switchin
|-start|p2a: Zacian Switchin|move: Leech Seed
|
|-heal|p2a: Zacian Switchin|47/100 brn|[from] item: Black Sludge
|-heal|p1a: Gourgeist|45/100 psn|[from] item: Leftovers
|-damage|p2a: Zacian Switchin|35/100 brn|[from] Leech Seed|[of] p1a: Gourgeist
|-heal|p1a: Gourgeist|56/100 psn|[silent]
|-damage|p2a: Zacian Switchin|29/100 brn|[from] brn
|-damage|p1a: Gourgeist|44/100 psn|[from] psn
|upkeep
|turn|22
|
|switch|p2a: Silvally|Silvally-Dark|100/100
|move|p1a: Gourgeist|Flame Charge|p2a: Silvally
|-damage|p2a: Silvally|93/100
|-boost|p1a: Gourgeist|spe|1
|
|-heal|p1a: Gourgeist|50/100 psn|[from] item: Leftovers
|-damage|p1a: Gourgeist|37/100 psn|[from] psn
|upkeep
|turn|23
|
|move|p2a: Silvally|Multi-Attack|p1a: Gourgeist
|-supereffective|p1a: Gourgeist
|-end|p1a: Gourgeist|Substitute
|move|p1a: Gourgeist|Will-O-Wisp|p2a: Silvally
|-status|p2a: Silvally|brn
|
|-heal|p1a: Gourgeist|44/100 psn|[from] item: Leftovers
|-damage|p2a: Silvally|87/100 brn|[from] brn
|-damage|p1a: Gourgeist|31/100 psn|[from] psn
|upkeep
|turn|24
|
|move|p2a: Silvally|Multi-Attack|p1a: Gourgeist
|-supereffective|p1a: Gourgeist
|-damage|p1a: Gourgeist|10/100 psn
|move|p1a: Gourgeist|Leech Seed|p2a: Silvally
|-start|p2a: Silvally|move: Leech Seed
|
|-heal|p1a: Gourgeist|17/100 psn|[from] item: Leftovers
|-damage|p2a: Silvally|75/100 brn|[from] Leech Seed|[of] p1a: Gourgeist
|-heal|p1a: Gourgeist|30/100 psn|[silent]
|-damage|p2a: Silvally|69/100 brn|[from] brn
|-damage|p1a: Gourgeist|17/100 psn|[from] psn
|upkeep
|turn|25
|
|move|p2a: Silvally|Parting Shot|p1a: Gourgeist
|-unboost|p1a: Gourgeist|atk|1
|-unboost|p1a: Gourgeist|spa|1
|
|switch|p2a: Zacian Switchin|Qwilfish, F|29/100 brn|[from]move: Parting Shot
|-ability|p2a: Zacian Switchin|Intimidate|boost
|-unboost|p1a: Gourgeist|atk|1
|move|p1a: Gourgeist|Flame Charge|p2a: Zacian Switchin
|-resisted|p2a: Zacian Switchin
|-damage|p2a: Zacian Switchin|26/100 brn
|-boost|p1a: Gourgeist|spe|1
|
|-heal|p2a: Zacian Switchin|32/100 brn|[from] item: Black Sludge
|-heal|p1a: Gourgeist|23/100 psn|[from] item: Leftovers
|-damage|p2a: Zacian Switchin|26/100 brn|[from] brn
|-damage|p1a: Gourgeist|11/100 psn|[from] psn
|upkeep
|turn|26
|
|move|p2a: Zacian Switchin|Scald|p1a: Gourgeist
|-resisted|p1a: Gourgeist
|-damage|p1a: Gourgeist|0 fnt
|faint|p1a: Gourgeist
|
|-heal|p2a: Zacian Switchin|32/100 brn|[from] item: Black Sludge
|-damage|p2a: Zacian Switchin|26/100 brn|[from] brn
|upkeep
|
|switch|p1a: Gurdurr|Gurdurr, F|88/100 psn
|-damage|p1a: Gurdurr|82/100 psn|[from] Stealth Rock
|-damage|p1a: Gurdurr|65/100 psn|[from] Spikes
|turn|27
|
|move|p2a: Zacian Switchin|Scald|p1a: Gurdurr
|-damage|p1a: Gurdurr|46/100 psn
|move|p1a: Gurdurr|Knock Off|p2a: Zacian Switchin
|-damage|p2a: Zacian Switchin|0 fnt
|-enditem|p2a: Zacian Switchin|Black Sludge|[from] move: Knock Off|[of] p1a: Gurdurr
|faint|p2a: Zacian Switchin
|
|-damage|p1a: Gurdurr|34/100 psn|[from] psn
|upkeep
|
|switch|p2a: Silvally|Silvally-Dark|69/100 brn
|turn|28
|
|move|p2a: Silvally|Parting Shot|p1a: Gurdurr
|-unboost|p1a: Gurdurr|atk|1
|-unboost|p1a: Gurdurr|spa|1
|
|switch|p2a: Makeshift D1ldo|Gigalith, M, shiny|100/100|[from]move: Parting Shot
|-weather|Sandstorm|[from] ability: Sand Stream|[of] p2a: Makeshift D1ldo
|move|p1a: Gurdurr|Drain Punch|p2a: Makeshift D1ldo
|-supereffective|p2a: Makeshift D1ldo
|-damage|p2a: Makeshift D1ldo|54/100
|-heal|p1a: Gurdurr|57/100 psn|[from] drain|[of] p2a: Makeshift D1ldo
|
|-weather|Sandstorm|[upkeep]
|-damage|p1a: Gurdurr|51/100 psn|[from] Sandstorm
|-heal|p2a: Makeshift D1ldo|60/100|[from] item: Leftovers
|-damage|p1a: Gurdurr|38/100 psn|[from] psn
|upkeep
|turn|29
|
|move|p1a: Gurdurr|Bulk Up|p1a: Gurdurr
|-boost|p1a: Gurdurr|atk|1
|-boost|p1a: Gurdurr|def|1
|move|p2a: Makeshift D1ldo|Earthquake|p1a: Gurdurr
|-damage|p1a: Gurdurr|25/100 psn
|
|-weather|Sandstorm|[upkeep]
|-damage|p1a: Gurdurr|19/100 psn|[from] Sandstorm
|-heal|p2a: Makeshift D1ldo|66/100|[from] item: Leftovers
|-damage|p1a: Gurdurr|7/100 psn|[from] psn
|upkeep
|turn|30
|
|move|p1a: Gurdurr|Drain Punch|p2a: Makeshift D1ldo
|-supereffective|p2a: Makeshift D1ldo
|-damage|p2a: Makeshift D1ldo|3/100
|-heal|p1a: Gurdurr|38/100 psn|[from] drain|[of] p2a: Makeshift D1ldo
|move|p2a: Makeshift D1ldo|Earthquake|p1a: Gurdurr
|-damage|p1a: Gurdurr|25/100 psn
|
|-weather|Sandstorm|[upkeep]
|-damage|p1a: Gurdurr|19/100 psn|[from] Sandstorm
|-heal|p2a: Makeshift D1ldo|9/100|[from] item: Leftovers
|-damage|p1a: Gurdurr|6/100 psn|[from] psn
|upkeep
|turn|31
|
|move|p1a: Gurdurr|Drain Punch|p2a: Makeshift D1ldo
|-supereffective|p2a: Makeshift D1ldo
|-damage|p2a: Makeshift D1ldo|0 fnt
|-heal|p1a: Gurdurr|11/100 psn|[from] drain|[of] p2a: Makeshift D1ldo
|faint|p2a: Makeshift D1ldo
|
|-weather|Sandstorm|[upkeep]
|-damage|p1a: Gurdurr|5/100 psn|[from] Sandstorm
|-damage|p1a: Gurdurr|0 fnt|[from] psn
|faint|p1a: Gurdurr
|upkeep
|
|switch|p1a: Quagsire|Quagsire, M|88/100 psn
|switch|p2a: Nice Scout Drax|Sudowoodo, F|27/100
|-damage|p1a: Quagsire|72/100 psn|[from] Spikes
|-damage|p1a: Quagsire|65/100 psn|[from] Stealth Rock
|turn|32
|
|move|p2a: Nice Scout Drax|Wood Hammer|p1a: Quagsire
|-supereffective|p1a: Quagsire
|-damage|p1a: Quagsire|0 fnt
|faint|p1a: Quagsire
|
|win|Luna Got Banned
|raw|Blue.Moon.Cheese's rating: 1411 &rarr; <strong>1394</strong><br />(-17 for losing)
|raw|Luna Got Banned's rating: 1472 &rarr; <strong>1489</strong><br />(+17 for winning)
|l|☆Blue.Moon.Cheese
