|j|☆Flamenny
|j|☆literallyfreemoney
|t:|1651686183
|gametype|singles
|player|p1|Flamenny|jasmine|1198
|player|p2|literallyfreemoney|pokemonbreeder-gen4|1316
|teamsize|p1|6
|teamsize|p2|6
|gen|8
|tier|[Gen 8] RU
|rated|
|rule|Sleep Clause Mod: Limit one foe put to sleep
|rule|Species Clause: Limit one of each Pokémon
|rule|OHKO Clause: OHKO moves are banned
|rule|Evasion Moves Clause: Evasion moves are banned
|rule|Endless Battle Clause: Forcing endless battles is banned
|rule|HP Percentage Mod: HP is shown in percentages
|rule|Dynamax Clause: You cannot dynamax
|clearpoke
|poke|p1|Araquanid, M|
|poke|p1|Xurkitree|
|poke|p1|Politoed, F|
|poke|p1|Poliwrath, M|
|poke|p1|Noivern, F|
|poke|p1|Bronzong|
|poke|p2|Salazzle, F|
|poke|p2|Steelix, M|
|poke|p2|Golisopod, M|
|poke|p2|Crobat, M|
|poke|p2|Metagross|
|poke|p2|Zoroark, M|
|teampreview
|
|t:|1651686198
|start
|switch|p1a: Politoed|Politoed, F|100/100
|switch|p2a: Metagross|Metagross|100/100
|-weather|RainDance|[from] ability: Drizzle|[of] p1a: Politoed
|turn|1
|
|t:|1651686203
|move|p2a: Metagross|Zen Headbutt|p1a: Politoed
|-damage|p1a: Politoed|20/100
|move|p1a: Politoed|Scald|p2a: Metagross
|-damage|p2a: Metagross|38/100
|
|-weather|RainDance|[upkeep]
|-heal|p1a: Politoed|26/100|[from] item: Leftovers
|upkeep
|turn|2
|
|t:|1651686211
|move|p1a: Politoed|Protect|p1a: Politoed
|-singleturn|p1a: Politoed|Protect
|move|p2a: Metagross|Zen Headbutt|p1a: Politoed
|-activate|p1a: Politoed|move: Protect
|
|-weather|RainDance|[upkeep]
|-heal|p1a: Politoed|32/100|[from] item: Leftovers
|upkeep
|turn|3
|
|t:|1651686214
|switch|p1a: Bronzong|Bronzong|100/100
|move|p2a: Metagross|Zen Headbutt|p1a: Bronzong
|-resisted|p1a: Bronzong
|-damage|p1a: Bronzong|84/100
|
|-weather|RainDance|[upkeep]
|-heal|p1a: Bronzong|90/100|[from] item: Leftovers
|upkeep
|turn|4
|
|t:|1651686225
|switch|p2a: Golisopod|Golisopod, M|100/100
|move|p1a: Bronzong|Stealth Rock|p2a: Golisopod
|-sidestart|p2: literallyfreemoney|move: Stealth Rock
|
|-weather|RainDance|[upkeep]
|-heal|p1a: Bronzong|96/100|[from] item: Leftovers
|upkeep
|turn|5
|
|t:|1651686233
|move|p2a: Golisopod|Spikes|p1a: Bronzong
|-sidestart|p1: Flamenny|Spikes
|move|p1a: Bronzong|Iron Defense|p1a: Bronzong
|-boost|p1a: Bronzong|def|2
|
|-weather|none
|-heal|p1a: Bronzong|100/100|[from] item: Leftovers
|upkeep
|turn|6
|
|t:|1651686238
|switch|p1a: Noivern|Noivern, F|100/100
|move|p2a: Golisopod|Knock Off|p1a: Noivern
|-damage|p1a: Noivern|56/100
|-enditem|p1a: Noivern|Heavy-Duty Boots|[from] move: Knock Off|[of] p2a: Golisopod
|
|upkeep
|turn|7
|
|t:|1651686249
|switch|p2a: Crobat|Crobat, M|100/100
|-damage|p2a: Crobat|76/100|[from] Stealth Rock
|move|p1a: Noivern|Roost|p1a: Noivern
|-heal|p1a: Noivern|100/100
|-singleturn|p1a: Noivern|move: Roost
|
|-heal|p2a: Crobat|82/100|[from] item: Black Sludge
|upkeep
|turn|8
|
|t:|1651686267
|move|p2a: Crobat|Brave Bird|p1a: Noivern
|-damage|p1a: Noivern|48/100
|-damage|p2a: Crobat|68/100|[from] Recoil
|move|p1a: Noivern|Defog|p2a: Crobat
|-unboost|p2a: Crobat|evasion|1
|-sideend|p2: literallyfreemoney|Stealth Rock|[from] move: Defog|[of] p1a: Noivern
|-sideend|p1: Flamenny|Spikes|[from] move: Defog|[of] p1a: Noivern
|
|-heal|p2a: Crobat|74/100|[from] item: Black Sludge
|upkeep
|turn|9
|
|t:|1651686274
|switch|p1a: Bronzong|Bronzong|100/100
|move|p2a: Crobat|Taunt|p1a: Bronzong
|-start|p1a: Bronzong|move: Taunt
|
|-heal|p2a: Crobat|80/100|[from] item: Black Sludge
|upkeep
|turn|10
|
|t:|1651686282
|switch|p2a: Salazzle|Salazzle, F|100/100
|move|p1a: Bronzong|Gyro Ball|p2a: Salazzle
|-resisted|p2a: Salazzle
|-damage|p2a: Salazzle|56/100
|
|upkeep
|turn|11
|
|t:|1651686289
|switch|p1a: Poliwrath|Poliwrath, M|100/100
|move|p2a: Salazzle|Toxic|p1a: Poliwrath
|-status|p1a: Poliwrath|tox
|-enditem|p1a: Poliwrath|Lum Berry|[eat]
|-curestatus|p1a: Poliwrath|tox|[msg]
|
|upkeep
|turn|12
|
|t:|1651686303
|move|p2a: Salazzle|Toxic|p1a: Poliwrath
|-status|p1a: Poliwrath|tox
|move|p1a: Poliwrath|Waterfall|p2a: Salazzle
|-supereffective|p2a: Salazzle
|-damage|p2a: Salazzle|0 fnt
|faint|p2a: Salazzle
|
|-damage|p1a: Poliwrath|94/100 tox|[from] psn
|upkeep
|
|t:|1651686310
|switch|p2a: Crobat|Crobat, M|80/100
|turn|13
|
|t:|1651686316
|switch|p2a: Metagross|Metagross|100/100
|switch|p1a: Bronzong|Bronzong|100/100
|
|upkeep
|turn|14
|
|t:|1651686322
|switch|p1a: Poliwrath|Poliwrath, M|94/100 tox
|move|p2a: Metagross|Dark Pulse|p1a: Poliwrath
|-resisted|p1a: Poliwrath
|-damage|p1a: Poliwrath|58/100 tox
|
|-damage|p1a: Poliwrath|52/100 tox|[from] psn
|upkeep
|turn|15
|
|t:|1651686329
|switch|p2a: Crobat|Crobat, M|80/100
|move|p1a: Poliwrath|Ice Punch|p2a: Crobat
|-supereffective|p2a: Crobat
|-damage|p2a: Crobat|25/100
|
|-heal|p2a: Crobat|31/100|[from] item: Black Sludge
|-damage|p1a: Poliwrath|40/100 tox|[from] psn
|upkeep
|turn|16
|
|t:|1651686338
|move|p2a: Crobat|Roost|p2a: Crobat
|-heal|p2a: Crobat|81/100
|-singleturn|p2a: Crobat|move: Roost
|move|p1a: Poliwrath|Waterfall|p2a: Crobat
|-damage|p2a: Crobat|40/100
|
|-heal|p2a: Crobat|46/100|[from] item: Black Sludge
|-damage|p1a: Poliwrath|21/100 tox|[from] psn
|upkeep
|turn|17
|
|t:|1651686345
|move|p2a: Crobat|Roost|p2a: Crobat
|-heal|p2a: Crobat|96/100
|-singleturn|p2a: Crobat|move: Roost
|move|p1a: Poliwrath|Waterfall|p2a: Crobat
|-damage|p2a: Crobat|56/100
|
|-heal|p2a: Crobat|62/100|[from] item: Black Sludge
|-damage|p1a: Poliwrath|0 fnt|[from] psn
|faint|p1a: Poliwrath
|upkeep
|
|t:|1651686362
|switch|p1a: Xurkitree|Xurkitree|100/100
|turn|18
|
|t:|1651686368
|switch|p2a: Steelix|Steelix, M|100/100
|move|p1a: Xurkitree|Energy Ball|p2a: Steelix
|-damage|p2a: Steelix|44/100
|
|-heal|p2a: Steelix|50/100|[from] item: Leftovers
|upkeep
|turn|19
|
|t:|1651686384
|move|p1a: Xurkitree|Energy Ball|p2a: Steelix
|-damage|p2a: Steelix|0 fnt
|faint|p2a: Steelix
|-ability|p1a: Xurkitree|Beast Boost|boost
|-boost|p1a: Xurkitree|spa|1
|
|upkeep
|
|t:|1651686387
|switch|p2a: Metagross|Metagross|100/100
|turn|20
|
|t:|1651686391
|move|p1a: Xurkitree|Energy Ball|p2a: Metagross
|-damage|p2a: Metagross|0 fnt
|replace|p2a: Zoroark|Zoroark, M
|-end|p2a: Zoroark|Illusion
|faint|p2a: Zoroark
|-ability|p1a: Xurkitree|Beast Boost|boost
|-boost|p1a: Xurkitree|spa|1
|
|upkeep
|
|t:|1651686396
|switch|p2a: Golisopod|Golisopod, M|100/100
|turn|21
|
|t:|1651686402
|switch|p1a: Noivern|Noivern, F|48/100
|move|p2a: Golisopod|First Impression|p1a: Noivern
|-resisted|p1a: Noivern
|-damage|p1a: Noivern|15/100
|
|upkeep
|turn|22
|-message|literallyfreemoney forfeited.
|
|win|Flamenny
|raw|Flamenny's rating: 1198 &rarr; <strong>1231</strong><br />(+33 for winning)
|raw|literallyfreemoney's rating: 1316 &rarr; <strong>1289</strong><br />(-27 for losing)
|l|☆literallyfreemoney
