|j|‽stewie's hats
|j|☆troublebubble
|t:|1607112536
|player|p1|stewie's hats|blue-gen2|1486
|player|p2|troublebubble|70|1457
|teamsize|p1|6
|teamsize|p2|6
|gametype|singles
|gen|8
|tier|[Gen 8] RU
|rated|
|clearpoke
|poke|p1|Metagross|
|poke|p1|Golisopod, F|
|poke|p1|Entei|
|poke|p1|Zarude|
|poke|p1|Thundurus, M|
|poke|p1|Rhyperior, F|
|poke|p2|Conkeldurr, F|
|poke|p2|Registeel|
|poke|p2|Slowking, M|
|poke|p2|Crobat, F|
|poke|p2|Suicune|
|poke|p2|Zygarde-10%|
|rule|Sleep Clause Mod: Limit one foe put to sleep
|rule|Species Clause: Limit one of each Pokémon
|rule|OHKO Clause: OHKO moves are banned
|rule|Evasion Moves Clause: Evasion moves are banned
|rule|Endless Battle Clause: Forcing endless battles is banned
|rule|HP Percentage Mod: HP is shown in percentages
|rule|Dynamax Clause: You cannot dynamax
|teampreview
|
|t:|1607112555
|start
|switch|p1a: Metagross|Metagross|100/100
|switch|p2a: Slowking|Slowking, M|100/100
|turn|1
|
|t:|1607112572
|move|p1a: Metagross|Thunder Punch|p2a: Slowking
|-supereffective|p2a: Slowking
|-damage|p2a: Slowking|42/100
|move|p2a: Slowking|Scald|p1a: Metagross
|-crit|p1a: Metagross
|-damage|p1a: Metagross|47/100
|-status|p1a: Metagross|brn
|
|-damage|p1a: Metagross|41/100 brn|[from] brn
|upkeep
|turn|2
|inactive|Battle timer is ON: inactive players will automatically lose when time's up. (requested by stewie's hats)
|
|t:|1607112577
|switch|p1a: Thundurus|Thundurus, M|100/100
|move|p2a: Slowking|Slack Off|p2a: Slowking
|-heal|p2a: Slowking|92/100
|
|upkeep
|turn|3
|
|t:|1607112581
|switch|p2a: Registeel|Registeel|100/100
|move|p1a: Thundurus|U-turn|p2a: Registeel
|-resisted|p2a: Registeel
|-damage|p2a: Registeel|90/100
|
|t:|1607112589
|switch|p1a: Rhyperior|Rhyperior, F|100/100|[from]move: U-turn
|
|-heal|p2a: Registeel|96/100|[from] item: Leftovers
|upkeep
|turn|4
|
|t:|1607112603
|move|p2a: Registeel|Stealth Rock|p1a: Rhyperior
|-sidestart|p1: stewie's hats|move: Stealth Rock
|move|p1a: Rhyperior|Earthquake|p2a: Registeel
|-supereffective|p2a: Registeel
|-damage|p2a: Registeel|0 fnt
|faint|p2a: Registeel
|
|upkeep
|
|t:|1607112606
|switch|p2a: Suicune|Suicune|100/100
|-ability|p2a: Suicune|Pressure
|turn|5
|
|t:|1607112609
|switch|p1a: Thundurus|Thundurus, M|100/100
|-damage|p1a: Thundurus|76/100|[from] Stealth Rock
|move|p2a: Suicune|Scald|p1a: Thundurus
|-damage|p1a: Thundurus|40/100
|
|upkeep
|turn|6
|
|t:|1607112616
|switch|p2a: Zygarde|Zygarde-10%|100/100
|-ability|p2a: Zygarde|Aura Break
|move|p1a: Thundurus|Knock Off|p2a: Zygarde
|-damage|p2a: Zygarde|17/100
|-enditem|p2a: Zygarde|Choice Band|[from] move: Knock Off|[of] p1a: Thundurus
|
|upkeep
|turn|7
|
|t:|1607112620
|switch|p1a: Golisopod|Golisopod, F|100/100
|-damage|p1a: Golisopod|76/100|[from] Stealth Rock
|move|p2a: Zygarde|Thousand Arrows|p1a: Golisopod
|-resisted|p1a: Golisopod
|-damage|p1a: Golisopod|59/100
|
|upkeep
|turn|8
|
|t:|1607112624
|switch|p2a: Crobat|Crobat, F|100/100
|move|p1a: Golisopod|First Impression|p2a: Crobat
|-resisted|p2a: Crobat
|-damage|p2a: Crobat|76/100
|
|upkeep
|turn|9
|
|t:|1607112627
|switch|p1a: Metagross|Metagross|41/100 brn
|-damage|p1a: Metagross|35/100 brn|[from] Stealth Rock
|move|p2a: Crobat|U-turn|p1a: Metagross
|-damage|p1a: Metagross|18/100 brn
|
|t:|1607112631
|switch|p2a: Conkeldurr|Conkeldurr, F|100/100|[from]move: U-turn
|
|-damage|p1a: Metagross|12/100 brn|[from] brn
|-status|p2a: Conkeldurr|brn|[from] item: Flame Orb
|upkeep
|turn|10
|j| JigglyThot
|
|t:|1607112633
|move|p1a: Metagross|Bullet Punch|p2a: Conkeldurr
|-damage|p2a: Conkeldurr|81/100 brn
|move|p2a: Conkeldurr|Mach Punch|p1a: Metagross
|-damage|p1a: Metagross|0 fnt
|faint|p1a: Metagross
|
|-damage|p2a: Conkeldurr|75/100 brn|[from] brn
|upkeep
|
|t:|1607112638
|switch|p1a: Entei|Entei|100/100
|-damage|p1a: Entei|76/100|[from] Stealth Rock
|-ability|p1a: Entei|Pressure
|turn|11
|
|t:|1607112641
|switch|p2a: Slowking|Slowking, M|100/100
|move|p1a: Entei|Flare Blitz|p2a: Slowking
|-resisted|p2a: Slowking
|-damage|p2a: Slowking|69/100
|-damage|p1a: Entei|65/100|[from] Recoil
|
|upkeep
|turn|12
|
|t:|1607112644
|switch|p1a: Zarude|Zarude|100/100
|-damage|p1a: Zarude|88/100|[from] Stealth Rock
|move|p2a: Slowking|Teleport|p2a: Slowking
|
|t:|1607112647
|switch|p2a: Conkeldurr|Conkeldurr, F|75/100 brn|[from]move: Teleport
|
|-damage|p2a: Conkeldurr|69/100 brn|[from] brn
|upkeep
|turn|13
|
|t:|1607112651
|switch|p1a: Golisopod|Golisopod, F|59/100
|-damage|p1a: Golisopod|34/100|[from] Stealth Rock
|-activate|p1a: Golisopod|ability: Emergency Exit
|
|t:|1607112653
|switch|p1a: Entei|Entei|65/100
|-damage|p1a: Entei|40/100|[from] Stealth Rock
|-ability|p1a: Entei|Pressure
|move|p2a: Conkeldurr|Drain Punch|p1a: Entei
|-damage|p1a: Entei|0 fnt
|-heal|p2a: Conkeldurr|90/100 brn|[from] drain|[of] p1a: Entei
|faint|p1a: Entei
|
|-damage|p2a: Conkeldurr|84/100 brn|[from] brn
|upkeep
|
|t:|1607112661
|switch|p1a: Rhyperior|Rhyperior, F|100/100
|-damage|p1a: Rhyperior|94/100|[from] Stealth Rock
|turn|14
|
|t:|1607112668
|switch|p2a: Suicune|Suicune|100/100
|-ability|p2a: Suicune|Pressure
|move|p1a: Rhyperior|Earthquake|p2a: Suicune
|-damage|p2a: Suicune|44/100
|
|-heal|p2a: Suicune|50/100|[from] item: Leftovers
|upkeep
|turn|15
|
|t:|1607112670
|move|p2a: Suicune|Scald|p1a: Rhyperior
|-supereffective|p1a: Rhyperior
|-damage|p1a: Rhyperior|0 fnt
|faint|p1a: Rhyperior
|
|-heal|p2a: Suicune|56/100|[from] item: Leftovers
|upkeep
|
|t:|1607112673
|switch|p1a: Zarude|Zarude|88/100
|-damage|p1a: Zarude|76/100|[from] Stealth Rock
|turn|16
|
|t:|1607112679
|switch|p2a: Crobat|Crobat, F|76/100
|move|p1a: Zarude|Darkest Lariat|p2a: Crobat
|-damage|p2a: Crobat|0 fnt
|faint|p2a: Crobat
|
|upkeep
|
|t:|1607112682
|switch|p2a: Conkeldurr|Conkeldurr, F|84/100 brn
|turn|17
|
|t:|1607112685
|switch|p1a: Thundurus|Thundurus, M|40/100
|-damage|p1a: Thundurus|16/100|[from] Stealth Rock
|move|p2a: Conkeldurr|Drain Punch|p1a: Thundurus
|-resisted|p1a: Thundurus
|-damage|p1a: Thundurus|0 fnt
|-heal|p2a: Conkeldurr|91/100 brn|[from] drain|[of] p1a: Thundurus
|faint|p1a: Thundurus
|
|-damage|p2a: Conkeldurr|85/100 brn|[from] brn
|upkeep
|
|t:|1607112687
|switch|p1a: Golisopod|Golisopod, F|34/100
|-damage|p1a: Golisopod|9/100|[from] Stealth Rock
|turn|18
|
|t:|1607112693
|switch|p2a: Slowking|Slowking, M|100/100
|move|p1a: Golisopod|First Impression|p2a: Slowking
|-supereffective|p2a: Slowking
|-damage|p2a: Slowking|0 fnt
|faint|p2a: Slowking
|
|upkeep
|
|t:|1607112698
|switch|p2a: Conkeldurr|Conkeldurr, F|85/100 brn
|turn|19
|
|t:|1607112701
|move|p1a: Golisopod|First Impression||[still]
|-hint|First Impression only works on your first turn out.
|-fail|p1a: Golisopod
|move|p2a: Conkeldurr|Mach Punch|p1a: Golisopod
|-resisted|p1a: Golisopod
|-crit|p1a: Golisopod
|-damage|p1a: Golisopod|0 fnt
|faint|p1a: Golisopod
|
|-damage|p2a: Conkeldurr|79/100 brn|[from] brn
|upkeep
|
|t:|1607112705
|switch|p1a: Zarude|Zarude|76/100
|-damage|p1a: Zarude|64/100|[from] Stealth Rock
|turn|20
|
|t:|1607112706
|move|p1a: Zarude|Power Whip|p2a: Conkeldurr
|-damage|p2a: Conkeldurr|0 fnt
|faint|p2a: Conkeldurr
|
|upkeep
|
|t:|1607112710
|switch|p2a: Zygarde|Zygarde-10%|17/100
|-ability|p2a: Zygarde|Aura Break
|turn|21
|
|t:|1607112712
|move|p2a: Zygarde|Outrage|p1a: Zarude
|-crit|p1a: Zarude
|-damage|p1a: Zarude|0 fnt
|faint|p1a: Zarude
|
|win|troublebubble
|c|☆troublebubble|band?
||Ladder (probably) updated, but score could not be retrieved (Request timeout).
|l|‽stewie's hats
|l|☆troublebubble
|l| JigglyThot
|j|‽stewie's hats
|player|p1|stewie's hats|blue-gen2
