|j|☆bebo7788
|j|☆Retired Aggron
|player|p1|bebo7788|101|1675
|player|p2|Retired Aggron|200|1398
|teamsize|p1|6
|teamsize|p2|6
|gametype|singles
|gen|8
|tier|[Gen 8] RU
|rated|
|clearpoke
|poke|p1|Silvally-*|
|poke|p1|Sigilyph, M|
|poke|p1|Passimian, M|
|poke|p1|Vaporeon, M|
|poke|p1|Vileplume, F|
|poke|p1|Gigalith, F|
|poke|p2|Aromatisse, F|
|poke|p2|Drampa, M|
|poke|p2|Steelix, M|
|poke|p2|Jellicent, M|
|poke|p2|Eldegoss, F|
|poke|p2|Toxicroak, M|
|rule|Sleep Clause Mod: Limit one foe put to sleep
|rule|Species Clause: Limit one of each Pokémon
|rule|OHKO Clause: OHKO moves are banned
|rule|Evasion Moves Clause: Evasion moves are banned
|rule|Endless Battle Clause: Forcing endless battles is banned
|rule|HP Percentage Mod: HP is shown in percentages
|rule|Dynamax Clause: You cannot dynamax
|teampreview
|j|+Feliburn
|c|☆bebo7788|hf
|inactive|Battle timer is ON: inactive players will automatically lose when time's up. (requested by Retired Aggron)
|c|☆Retired Aggron|Hf
|inactive|bebo7788 has 120 seconds left.
|j| Ramolost
|
|start
|switch|p1a: Sigilyph|Sigilyph, M|100/100
|switch|p2a: Aromatisse|Aromatisse, F, shiny|100/100
|turn|1
|
|move|p1a: Sigilyph|Calm Mind|p1a: Sigilyph
|-boost|p1a: Sigilyph|spa|1
|-boost|p1a: Sigilyph|spd|1
|move|p2a: Aromatisse|Trick Room|p2a: Aromatisse
|-fieldstart|move: Trick Room|[of] p2a: Aromatisse
|
|upkeep
|turn|2
|
|move|p2a: Aromatisse|Encore|p1a: Sigilyph
|-start|p1a: Sigilyph|Encore
|move|p1a: Sigilyph|Calm Mind|p1a: Sigilyph
|-boost|p1a: Sigilyph|spa|1
|-boost|p1a: Sigilyph|spd|1
|
|upkeep
|turn|3
|
|switch|p2a: Steelix|Steelix, M|100/100
|switch|p1a: Gigalith|Gigalith, F|100/100
|-weather|Sandstorm|[from] ability: Sand Stream|[of] p1a: Gigalith
|
|-weather|Sandstorm|[upkeep]
|upkeep
|turn|4
|
|move|p1a: Gigalith|Stealth Rock|p2a: Steelix
|-sidestart|p2: Retired Aggron|move: Stealth Rock
|move|p2a: Steelix|Iron Head|p1a: Gigalith
|-supereffective|p1a: Gigalith
|-damage|p1a: Gigalith|23/100
|
|-weather|Sandstorm|[upkeep]
|-heal|p1a: Gigalith|29/100|[from] item: Leftovers
|upkeep
|turn|5
|
|switch|p1a: Vaporeon|Vaporeon, M|100/100
|move|p2a: Steelix|Stealth Rock|p1a: Vaporeon
|-sidestart|p1: bebo7788|move: Stealth Rock
|
|-weather|Sandstorm|[upkeep]
|-damage|p1a: Vaporeon|94/100|[from] Sandstorm
|-heal|p1a: Vaporeon|100/100|[from] item: Leftovers
|-fieldend|move: Trick Room
|upkeep
|turn|6
|
|switch|p2a: Jellicent|Jellicent, M|100/100
|-damage|p2a: Jellicent|88/100|[from] Stealth Rock
|move|p1a: Vaporeon|Wish|p1a: Vaporeon
|
|-weather|Sandstorm|[upkeep]
|-damage|p1a: Vaporeon|94/100|[from] Sandstorm
|-damage|p2a: Jellicent|82/100|[from] Sandstorm
|-heal|p1a: Vaporeon|100/100|[from] item: Leftovers
|-heal|p2a: Jellicent|88/100|[from] item: Leftovers
|upkeep
|turn|7
|
|switch|p1a: Sigilyph|Sigilyph, M|100/100
|move|p2a: Jellicent|Will-O-Wisp|p1a: Sigilyph|[miss]
|-miss|p2a: Jellicent|p1a: Sigilyph
|
|-weather|none
|-heal|p2a: Jellicent|94/100|[from] item: Leftovers
|upkeep
|turn|8
|
|move|p1a: Sigilyph|Calm Mind|p1a: Sigilyph
|-boost|p1a: Sigilyph|spa|1
|-boost|p1a: Sigilyph|spd|1
|move|p2a: Jellicent|Trick Room|p2a: Jellicent
|-fieldstart|move: Trick Room|[of] p2a: Jellicent
|
|-heal|p2a: Jellicent|100/100|[from] item: Leftovers
|upkeep
|turn|9
|inactive|bebo7788 has 120 seconds left.
|
|switch|p2a: Drampa|Drampa, M|100/100
|-damage|p2a: Drampa|88/100|[from] Stealth Rock
|move|p1a: Sigilyph|Heat Wave|p2a: Drampa
|-resisted|p2a: Drampa
|-damage|p2a: Drampa|58/100
|
|upkeep
|turn|10
|inactive|bebo7788 has 120 seconds left.
|
|switch|p1a: Gigalith|Gigalith, F|29/100
|-damage|p1a: Gigalith|17/100|[from] Stealth Rock
|-weather|Sandstorm|[from] ability: Sand Stream|[of] p1a: Gigalith
|move|p2a: Drampa|Draco Meteor|p1a: Gigalith
|-damage|p1a: Gigalith|0 fnt
|-unboost|p2a: Drampa|spa|2
|faint|p1a: Gigalith
|
|-weather|Sandstorm|[upkeep]
|-damage|p2a: Drampa|52/100|[from] Sandstorm
|upkeep
|
|switch|p1a: Sigilyph|Sigilyph, M|100/100
|turn|11
|
|switch|p2a: Aromatisse|Aromatisse, F, shiny|100/100
|-damage|p2a: Aromatisse|88/100|[from] Stealth Rock
|move|p1a: Sigilyph|Psyshock|p2a: Aromatisse
|-damage|p2a: Aromatisse|45/100
|
|-weather|Sandstorm|[upkeep]
|-damage|p2a: Aromatisse|38/100|[from] Sandstorm
|-heal|p2a: Aromatisse|45/100|[from] item: Leftovers
|upkeep
|turn|12
|inactive|bebo7788 has 120 seconds left.
|
|move|p2a: Aromatisse|Moonblast|p1a: Sigilyph
|-damage|p1a: Sigilyph|39/100
|move|p1a: Sigilyph|Psyshock|p2a: Aromatisse
|-damage|p2a: Aromatisse|1/100
|
|-weather|Sandstorm|[upkeep]
|-damage|p2a: Aromatisse|0 fnt|[from] Sandstorm
|faint|p2a: Aromatisse
|-fieldend|move: Trick Room
|upkeep
|
|switch|p2a: Jellicent|Jellicent, M|100/100
|-damage|p2a: Jellicent|88/100|[from] Stealth Rock
|turn|13
|
|move|p1a: Sigilyph|Roost|p1a: Sigilyph
|-heal|p1a: Sigilyph|89/100
|-singleturn|p1a: Sigilyph|move: Roost
|move|p2a: Jellicent|Trick Room|p2a: Jellicent
|-fieldstart|move: Trick Room|[of] p2a: Jellicent
|
|-weather|Sandstorm|[upkeep]
|-damage|p2a: Jellicent|82/100|[from] Sandstorm
|-heal|p2a: Jellicent|88/100|[from] item: Leftovers
|upkeep
|turn|14
|
|switch|p1a: Vileplume|Vileplume, F|100/100
|-damage|p1a: Vileplume|88/100|[from] Stealth Rock
|move|p2a: Jellicent|Will-O-Wisp|p1a: Vileplume|[miss]
|-miss|p2a: Jellicent|p1a: Vileplume
|
|-weather|none
|-heal|p1a: Vileplume|94/100|[from] item: Black Sludge
|-heal|p2a: Jellicent|94/100|[from] item: Leftovers
|upkeep
|turn|15
|c|☆Retired Aggron|Getting tired of your shit jelly
|
|switch|p2a: Toxicroak|Toxicroak, M|100/100
|-damage|p2a: Toxicroak|94/100|[from] Stealth Rock
|move|p1a: Vileplume|Sludge Bomb|p2a: Toxicroak
|-resisted|p2a: Toxicroak
|-damage|p2a: Toxicroak|72/100
|
|-heal|p1a: Vileplume|100/100|[from] item: Black Sludge
|upkeep
|turn|16
|
|move|p1a: Vileplume|Sludge Bomb|p2a: Toxicroak
|-resisted|p2a: Toxicroak
|-damage|p2a: Toxicroak|48/100
|move|p2a: Toxicroak|Swords Dance|p2a: Toxicroak
|-boost|p2a: Toxicroak|atk|2
|
|upkeep
|turn|17
|
|move|p1a: Vileplume|Sludge Bomb|p2a: Toxicroak
|-resisted|p2a: Toxicroak
|-damage|p2a: Toxicroak|26/100
|move|p2a: Toxicroak|Drain Punch|p1a: Vileplume
|-resisted|p1a: Vileplume
|-damage|p1a: Vileplume|63/100
|-heal|p2a: Toxicroak|45/100|[from] drain|[of] p1a: Vileplume
|-damage|p2a: Toxicroak|35/100|[from] item: Life Orb
|
|-heal|p1a: Vileplume|69/100|[from] item: Black Sludge
|-fieldend|move: Trick Room
|upkeep
|turn|18
|c|☆bebo7788|jellis been
|c|☆bebo7788|lacking
|inactive|bebo7788 has 120 seconds left.
|
|move|p2a: Toxicroak|Gunk Shot|p1a: Vileplume|[miss]
|-miss|p2a: Toxicroak|p1a: Vileplume
|move|p1a: Vileplume|Sludge Bomb|p2a: Toxicroak
|-resisted|p2a: Toxicroak
|-damage|p2a: Toxicroak|13/100
|
|-heal|p1a: Vileplume|75/100|[from] item: Black Sludge
|upkeep
|turn|19
|
|switch|p1a: Silvally|Silvally-Steel|100/100
|-damage|p1a: Silvally|94/100|[from] Stealth Rock
|move|p2a: Toxicroak|Gunk Shot|p1a: Silvally
|-immune|p1a: Silvally
|
|upkeep
|turn|20
|
|switch|p2a: Eldegoss|Eldegoss, F|100/100
|-damage|p2a: Eldegoss|88/100|[from] Stealth Rock
|move|p1a: Silvally|Multi-Attack|p2a: Eldegoss
|-damage|p2a: Eldegoss|48/100
|
|upkeep
|turn|21
|
|move|p1a: Silvally|Explosion|p2a: Eldegoss
|-crit|p2a: Eldegoss
|-damage|p2a: Eldegoss|0 fnt
|faint|p1a: Silvally
|faint|p2a: Eldegoss
|
|upkeep
|
|switch|p1a: Sigilyph|Sigilyph, M|89/100
|switch|p2a: Jellicent|Jellicent, M|94/100
|-damage|p2a: Jellicent|82/100|[from] Stealth Rock
|turn|22
|
|move|p1a: Sigilyph|Calm Mind|p1a: Sigilyph
|-boost|p1a: Sigilyph|spa|1
|-boost|p1a: Sigilyph|spd|1
|move|p2a: Jellicent|Will-O-Wisp|p1a: Sigilyph
|-status|p1a: Sigilyph|brn
|
|-heal|p2a: Jellicent|88/100|[from] item: Leftovers
|upkeep
|turn|23
|
|move|p1a: Sigilyph|Psyshock|p2a: Jellicent
|-damage|p2a: Jellicent|3/100
|move|p2a: Jellicent|Trick Room|p2a: Jellicent
|-fieldstart|move: Trick Room|[of] p2a: Jellicent
|
|-heal|p2a: Jellicent|9/100|[from] item: Leftovers
|upkeep
|turn|24
|
|move|p2a: Jellicent|Hex|p1a: Sigilyph
|-supereffective|p1a: Sigilyph
|-damage|p1a: Sigilyph|5/100 brn
|move|p1a: Sigilyph|Psyshock|p2a: Jellicent
|-damage|p2a: Jellicent|0 fnt
|faint|p2a: Jellicent
|
|upkeep
|
|switch|p2a: Drampa|Drampa, M|52/100
|-damage|p2a: Drampa|39/100|[from] Stealth Rock
|turn|25
|
|move|p2a: Drampa|Hyper Voice|p1a: Sigilyph
|-damage|p1a: Sigilyph|0 fnt
|faint|p1a: Sigilyph
|
|upkeep
|inactive|bebo7788 has 120 seconds left.
|
|switch|p1a: Vileplume|Vileplume, F|75/100
|-damage|p1a: Vileplume|63/100|[from] Stealth Rock
|turn|26
|
|switch|p2a: Steelix|Steelix, M|100/100
|-damage|p2a: Steelix|98/100|[from] Stealth Rock
|move|p1a: Vileplume|Sludge Bomb|p2a: Steelix
|-immune|p2a: Steelix
|
|-heal|p1a: Vileplume|69/100|[from] item: Black Sludge
|upkeep
|turn|27
|
|move|p2a: Steelix|Earthquake|p1a: Vileplume
|-damage|p1a: Vileplume|22/100
|-damage|p2a: Steelix|88/100|[from] item: Life Orb
|move|p1a: Vileplume|Giga Drain|p2a: Steelix
|-damage|p2a: Steelix|47/100
|-heal|p1a: Vileplume|42/100|[from] drain|[of] p2a: Steelix
|
|-heal|p1a: Vileplume|48/100|[from] item: Black Sludge
|-fieldend|move: Trick Room
|upkeep
|turn|28
|
|switch|p1a: Vaporeon|Vaporeon, M|100/100
|-damage|p1a: Vaporeon|88/100|[from] Stealth Rock
|move|p2a: Steelix|Iron Head|p1a: Vaporeon
|-resisted|p1a: Vaporeon
|-crit|p1a: Vaporeon
|-damage|p1a: Vaporeon|55/100
|
|-heal|p1a: Vaporeon|61/100|[from] item: Leftovers
|upkeep
|turn|29
|
|switch|p2a: Toxicroak|Toxicroak, M|13/100
|-damage|p2a: Toxicroak|7/100|[from] Stealth Rock
|move|p1a: Vaporeon|Ice Beam|p2a: Toxicroak
|-damage|p2a: Toxicroak|0 fnt
|faint|p2a: Toxicroak
|
|-heal|p1a: Vaporeon|67/100|[from] item: Leftovers
|upkeep
|
|switch|p2a: Drampa|Drampa, M|39/100
|-damage|p2a: Drampa|27/100|[from] Stealth Rock
|turn|30
|c|☆Retired Aggron|Gg
|c|☆bebo7788|gg
|-message|Retired Aggron forfeited.
|
|win|bebo7788
|l|☆Retired Aggron
|l|+Feliburn
