|j|☆rult70rabbit
|j|☆RULT70M Art
|t:|1626889565
|gametype|singles
|player|p1|rult70rabbit|102|1578
|player|p2|RULT70M Art|bugcatcher-gen4dp|1536
|teamsize|p1|6
|teamsize|p2|6
|gen|8
|tier|[Gen 8] RU
|rated|
|rule|Sleep Clause Mod: Limit one foe put to sleep
|rule|Species Clause: Limit one of each Pokémon
|rule|OHKO Clause: OHKO moves are banned
|rule|Evasion Moves Clause: Evasion moves are banned
|rule|Endless Battle Clause: Forcing endless battles is banned
|rule|HP Percentage Mod: HP is shown in percentages
|rule|Dynamax Clause: You cannot dynamax
|clearpoke
|poke|p1|Mienshao, M|
|poke|p1|Stakataka|
|poke|p1|Golisopod, M|
|poke|p1|Gastrodon-East, M|
|poke|p1|Roserade, F|
|poke|p1|Noivern, M|
|poke|p2|Politoed, M|
|poke|p2|Kingdra, M|
|poke|p2|Mienshao, F|
|poke|p2|Seismitoad, M|
|poke|p2|Bronzong|
|poke|p2|Togekiss, F|
|teampreview
|j| rult70e ifo
|
|t:|1626889579
|start
|switch|p1a: Roserade|Roserade, F|100/100
|switch|p2a: Mienshao|Mienshao, F|100/100
|turn|1
|j|+Feliburn
|
|t:|1626889585
|switch|p1a: Gastrodon|Gastrodon-East, M|100/100
|move|p2a: Mienshao|U-turn|p1a: Gastrodon
|-damage|p1a: Gastrodon|83/100
|
|t:|1626889590
|switch|p2a: Bronzong|Bronzong|100/100|[from]move: U-turn
|
|upkeep
|turn|2
|
|t:|1626889593
|switch|p1a: Golisopod|Golisopod, M|100/100
|move|p2a: Bronzong|Stealth Rock|p1a: Golisopod
|-sidestart|p1: rult70rabbit|move: Stealth Rock
|
|upkeep
|turn|3
|
|t:|1626889598
|switch|p2a: Togekiss|Togekiss, F|100/100
|move|p1a: Golisopod|Knock Off|p2a: Togekiss
|-resisted|p2a: Togekiss
|-damage|p2a: Togekiss|82/100
|-enditem|p2a: Togekiss|Heavy-Duty Boots|[from] move: Knock Off|[of] p1a: Golisopod
|
|upkeep
|turn|4
|
|t:|1626889604
|switch|p1a: Stakataka|Stakataka|100/100
|-damage|p1a: Stakataka|94/100|[from] Stealth Rock
|move|p2a: Togekiss|Thunder Wave|p1a: Stakataka
|-status|p1a: Stakataka|par
|
|-heal|p1a: Stakataka|100/100 par|[from] item: Leftovers
|upkeep
|turn|5
|
|t:|1626889611
|switch|p2a: Bronzong|Bronzong|100/100
|move|p1a: Stakataka|Stealth Rock|p2a: Bronzong
|-sidestart|p2: RULT70M Art|move: Stealth Rock
|
|upkeep
|turn|6
|j|+Rosa ☽
|
|t:|1626889616
|switch|p1a: Golisopod|Golisopod, M|100/100
|move|p2a: Bronzong|Iron Defense|p2a: Bronzong
|-boost|p2a: Bronzong|def|2
|
|upkeep
|turn|7
|
|t:|1626889622
|move|p1a: Golisopod|Knock Off|p2a: Bronzong
|-supereffective|p2a: Bronzong
|-damage|p2a: Bronzong|70/100
|-enditem|p2a: Bronzong|Leftovers|[from] move: Knock Off|[of] p1a: Golisopod
|move|p2a: Bronzong|Iron Defense|p2a: Bronzong
|-boost|p2a: Bronzong|def|2
|
|upkeep
|turn|8
|j| rult70m mac3 ✝
|
|t:|1626889628
|move|p1a: Golisopod|Knock Off|p2a: Bronzong
|-supereffective|p2a: Bronzong
|-damage|p2a: Bronzong|55/100
|move|p2a: Bronzong|Body Press|p1a: Golisopod
|-resisted|p1a: Golisopod
|-damage|p1a: Golisopod|77/100
|
|upkeep
|turn|9
|
|t:|1626889633
|move|p1a: Golisopod|Knock Off|p2a: Bronzong
|-supereffective|p2a: Bronzong
|-damage|p2a: Bronzong|39/100
|move|p2a: Bronzong|Body Press|p1a: Golisopod
|-resisted|p1a: Golisopod
|-damage|p1a: Golisopod|55/100
|
|upkeep
|turn|10
|
|t:|1626889637
|move|p1a: Golisopod|Knock Off|p2a: Bronzong
|-supereffective|p2a: Bronzong
|-damage|p2a: Bronzong|24/100
|move|p2a: Bronzong|Body Press|p1a: Golisopod
|-resisted|p1a: Golisopod
|-crit|p1a: Golisopod
|-damage|p1a: Golisopod|20/100
|-activate|p1a: Golisopod|ability: Emergency Exit
|
|t:|1626889641
|switch|p1a: Mienshao|Mienshao, M|100/100
|-damage|p1a: Mienshao|95/100|[from] Stealth Rock
|
|upkeep
|turn|11
|
|t:|1626889646
|move|p1a: Mienshao|Close Combat|p2a: Bronzong
|-damage|p2a: Bronzong|1/100
|-unboost|p1a: Mienshao|def|1
|-unboost|p1a: Mienshao|spd|1
|-damage|p1a: Mienshao|85/100|[from] item: Life Orb
|move|p2a: Bronzong|Body Press|p1a: Mienshao
|-damage|p1a: Mienshao|0 fnt
|faint|p1a: Mienshao
|
|upkeep
|
|t:|1626889651
|switch|p1a: Noivern|Noivern, M|100/100
|turn|12
|j| toinha ♫♪
|c|+Feliburn|why didnt u go to this 1st
|c|☆rult70rabbit|im just
|c|☆rult70rabbit|auto clicking
|c|☆rult70rabbit|i thought it killed
|
|t:|1626889674
|move|p1a: Noivern|Flamethrower|p2a: Bronzong
|-supereffective|p2a: Bronzong
|-crit|p2a: Bronzong
|-damage|p2a: Bronzong|0 fnt
|faint|p2a: Bronzong
|
|upkeep
|c|☆rult70rabbit|and he can't really switch in anything other than going mien
|c|☆rult70rabbit|after
|
|t:|1626889687
|switch|p2a: Politoed|Politoed, M|100/100
|-damage|p2a: Politoed|88/100|[from] Stealth Rock
|-weather|RainDance|[from] ability: Drizzle|[of] p2a: Politoed
|turn|13
|
|t:|1626889691
|move|p1a: Noivern|U-turn|p2a: Politoed
|-damage|p2a: Politoed|80/100
|
|t:|1626889693
|switch|p1a: Roserade|Roserade, F|100/100|[from]move: U-turn
|-damage|p1a: Roserade|88/100|[from] Stealth Rock
|move|p2a: Politoed|Scald|p1a: Roserade
|-resisted|p1a: Roserade
|-damage|p1a: Roserade|63/100
|
|-weather|RainDance|[upkeep]
|-heal|p1a: Roserade|69/100|[from] item: Black Sludge
|upkeep
|turn|14
|j| djjjdjdjdjdjdjdjdj
|
|t:|1626889703
|switch|p2a: Kingdra|Kingdra, M|100/100
|-damage|p2a: Kingdra|88/100|[from] Stealth Rock
|move|p1a: Roserade|Leaf Storm|p2a: Kingdra
|-damage|p2a: Kingdra|6/100
|-unboost|p1a: Roserade|spa|2
|
|-weather|RainDance|[upkeep]
|-heal|p1a: Roserade|75/100|[from] item: Black Sludge
|upkeep
|turn|15
|
|t:|1626889721
|switch|p1a: Stakataka|Stakataka|100/100 par
|-damage|p1a: Stakataka|94/100 par|[from] Stealth Rock
|move|p2a: Kingdra|Draco Meteor|p1a: Stakataka
|-resisted|p1a: Stakataka
|-damage|p1a: Stakataka|54/100 par
|-unboost|p2a: Kingdra|spa|2
|
|-weather|RainDance|[upkeep]
|-heal|p1a: Stakataka|61/100 par|[from] item: Leftovers
|upkeep
|turn|16
|
|t:|1626889731
|switch|p2a: Seismitoad|Seismitoad, M|100/100
|-damage|p2a: Seismitoad|95/100|[from] Stealth Rock
|move|p1a: Stakataka|Body Press|p2a: Seismitoad
|-damage|p2a: Seismitoad|50/100
|
|-weather|RainDance|[upkeep]
|-heal|p1a: Stakataka|67/100 par|[from] item: Leftovers
|upkeep
|turn|17
|c| rult70e ifo|was about to say kingdra won but not anymore
|
|t:|1626889744
|move|p2a: Seismitoad|Power-Up Punch|p1a: Stakataka
|-supereffective|p1a: Stakataka
|-damage|p1a: Stakataka|40/100 par
|-boost|p2a: Seismitoad|atk|1
|cant|p1a: Stakataka|par
|
|-weather|RainDance|[upkeep]
|-heal|p1a: Stakataka|46/100 par|[from] item: Leftovers
|upkeep
|turn|18
|
|t:|1626889750
|move|p2a: Seismitoad|Liquidation|p1a: Stakataka
|-supereffective|p1a: Stakataka
|-damage|p1a: Stakataka|0 fnt
|faint|p1a: Stakataka
|
|-weather|RainDance|[upkeep]
|upkeep
|
|t:|1626889756
|switch|p1a: Golisopod|Golisopod, M|20/100
|turn|19
|
|t:|1626889768
|switch|p2a: Kingdra|Kingdra, M|6/100
|-damage|p2a: Kingdra|0 fnt|[from] Stealth Rock
|faint|p2a: Kingdra
|move|p1a: Golisopod|First Impression|p2: Kingdra|[notarget]
|-fail|p1a: Golisopod
|
|-weather|RainDance|[upkeep]
|upkeep
|
|t:|1626889774
|switch|p2a: Mienshao|Mienshao, F|100/100
|-damage|p2a: Mienshao|95/100|[from] Stealth Rock
|turn|20
|
|t:|1626889785
|switch|p1a: Gastrodon|Gastrodon-East, M|83/100
|move|p2a: Mienshao|Knock Off|p1a: Gastrodon
|-damage|p1a: Gastrodon|60/100
|-enditem|p1a: Gastrodon|Heavy-Duty Boots|[from] move: Knock Off|[of] p2a: Mienshao
|
|-weather|none
|upkeep
|turn|21
|
|t:|1626889791
|switch|p2a: Seismitoad|Seismitoad, M|50/100
|-damage|p2a: Seismitoad|44/100|[from] Stealth Rock
|move|p1a: Gastrodon|Recover|p1a: Gastrodon
|-heal|p1a: Gastrodon|100/100
|
|upkeep
|turn|22
|
|t:|1626889796
|switch|p1a: Noivern|Noivern, M|100/100
|move|p2a: Seismitoad|Earthquake|p1a: Noivern
|-immune|p1a: Noivern
|
|upkeep
|turn|23
|
|t:|1626889801
|switch|p2a: Togekiss|Togekiss, F|82/100
|-damage|p2a: Togekiss|57/100|[from] Stealth Rock
|move|p1a: Noivern|Draco Meteor|p2a: Togekiss
|-immune|p2a: Togekiss
|
|upkeep
|turn|24
|
|t:|1626889804
|move|p1a: Noivern|U-turn|p2a: Togekiss
|-resisted|p2a: Togekiss
|-damage|p2a: Togekiss|55/100
|
|t:|1626889808
|switch|p1a: Gastrodon|Gastrodon-East, M|100/100|[from]move: U-turn
|-damage|p1a: Gastrodon|94/100|[from] Stealth Rock
|move|p2a: Togekiss|Roost|p2a: Togekiss
|-heal|p2a: Togekiss|100/100
|-singleturn|p2a: Togekiss|move: Roost
|
|upkeep
|turn|25
|
|t:|1626889815
|switch|p2a: Politoed|Politoed, M|80/100
|-damage|p2a: Politoed|67/100|[from] Stealth Rock
|-weather|RainDance|[from] ability: Drizzle|[of] p2a: Politoed
|move|p1a: Gastrodon|Toxic|p2a: Politoed
|-status|p2a: Politoed|tox
|
|-weather|RainDance|[upkeep]
|-damage|p2a: Politoed|61/100 tox|[from] psn
|upkeep
|turn|26
|
|t:|1626889820
|switch|p2a: Seismitoad|Seismitoad, M|44/100
|-damage|p2a: Seismitoad|38/100|[from] Stealth Rock
|switch|p1a: Roserade|Roserade, F|75/100
|-damage|p1a: Roserade|63/100|[from] Stealth Rock
|
|-weather|RainDance|[upkeep]
|-heal|p1a: Roserade|69/100|[from] item: Black Sludge
|upkeep
|turn|27
|
|t:|1626889827
|switch|p1a: Noivern|Noivern, M|100/100
|move|p2a: Seismitoad|Liquidation|p1a: Noivern
|-resisted|p1a: Noivern
|-damage|p1a: Noivern|64/100
|-unboost|p1a: Noivern|def|1
|
|-weather|RainDance|[upkeep]
|upkeep
|turn|28
|
|t:|1626889833
|move|p2a: Seismitoad|Liquidation|p1a: Noivern
|-resisted|p1a: Noivern
|-damage|p1a: Noivern|5/100
|-unboost|p1a: Noivern|def|1
|move|p1a: Noivern|Draco Meteor|p2a: Seismitoad
|-damage|p2a: Seismitoad|0 fnt
|-unboost|p1a: Noivern|spa|2
|faint|p2a: Seismitoad
|
|-weather|RainDance|[upkeep]
|upkeep
|
|t:|1626889836
|switch|p2a: Mienshao|Mienshao, F|100/100
|-damage|p2a: Mienshao|95/100|[from] Stealth Rock
|turn|29
|
|t:|1626889843
|move|p2a: Mienshao|U-turn|p1a: Noivern
|-resisted|p1a: Noivern
|-damage|p1a: Noivern|0 fnt
|faint|p1a: Noivern
|
|t:|1626889846
|switch|p2a: Togekiss|Togekiss, F|100/100|[from]move: U-turn
|-damage|p2a: Togekiss|76/100|[from] Stealth Rock
|
|-weather|RainDance|[upkeep]
|upkeep
|
|t:|1626889880
|switch|p1a: Roserade|Roserade, F|69/100
|-damage|p1a: Roserade|57/100|[from] Stealth Rock
|turn|30
|
|t:|1626889884
|move|p1a: Roserade|Sludge Bomb|p2a: Togekiss
|-supereffective|p2a: Togekiss
|-damage|p2a: Togekiss|0 fnt
|faint|p2a: Togekiss
|
|-weather|RainDance|[upkeep]
|-heal|p1a: Roserade|63/100|[from] item: Black Sludge
|upkeep
|
|t:|1626889887
|switch|p2a: Mienshao|Mienshao, F|100/100
|-damage|p2a: Mienshao|95/100|[from] Stealth Rock
|turn|31
|
|t:|1626889892
|move|p2a: Mienshao|Close Combat|p1a: Roserade
|-resisted|p1a: Roserade
|-damage|p1a: Roserade|4/100
|-unboost|p2a: Mienshao|def|1
|-unboost|p2a: Mienshao|spd|1
|move|p1a: Roserade|Leaf Storm|p2a: Mienshao
|-damage|p2a: Mienshao|0 fnt
|-unboost|p1a: Roserade|spa|2
|faint|p2a: Mienshao
|
|-weather|RainDance|[upkeep]
|-heal|p1a: Roserade|10/100|[from] item: Black Sludge
|upkeep
|
|t:|1626889895
|switch|p2a: Politoed|Politoed, M|61/100 tox
|-damage|p2a: Politoed|49/100 tox|[from] Stealth Rock
|turn|32
|
|t:|1626889900
|move|p1a: Roserade|Leaf Storm|p2a: Politoed
|-supereffective|p2a: Politoed
|-damage|p2a: Politoed|0 fnt
|-unboost|p1a: Roserade|spa|2
|faint|p2a: Politoed
|
|win|rult70rabbit
|raw|rult70rabbit's rating: 1578 &rarr; <strong>1596</strong><br />(+18 for winning)
|raw|RULT70M Art's rating: 1536 &rarr; <strong>1518</strong><br />(-18 for losing)
|l|☆rult70rabbit
|l|☆RULT70M Art
|l| rult70e ifo
|j| rult70e ifo
|l| rult70e ifo
