|j|☆monotypewhat
|j|☆Fairy Weezing
|player|p1|monotypewhat|165|1512
|player|p2|Fairy Weezing|madame-gen4|1420
|teamsize|p1|6
|teamsize|p2|6
|gametype|singles
|gen|8
|tier|[Gen 8] RU
|rated|
|clearpoke
|poke|p1|Accelgor, F|
|poke|p1|Goodra, M|
|poke|p1|Aromatisse, M|
|poke|p1|Steelix, M|
|poke|p1|Machamp, M|
|poke|p1|Dhelmise|
|poke|p2|Pincurchin, F|
|poke|p2|Gigalith, F|
|poke|p2|Slurpuff, F|
|poke|p2|Salazzle, F|
|poke|p2|Drifblim, M|
|poke|p2|Passimian, F|
|rule|Sleep Clause Mod: Limit one foe put to sleep
|rule|Species Clause: Limit one of each Pokémon
|rule|OHKO Clause: OHKO moves are banned
|rule|Evasion Moves Clause: Evasion moves are banned
|rule|Endless Battle Clause: Forcing endless battles is banned
|rule|HP Percentage Mod: HP is shown in percentages
|rule|Dynamax Clause: You cannot dynamax
|teampreview
|inactive|Battle timer is ON: inactive players will automatically lose when time's up. (requested by monotypewhat)
|
|start
|switch|p1a: Steelix|Steelix, M|100/100
|switch|p2a: Passimian|Passimian, F|100/100
|turn|1
|
|move|p2a: Passimian|U-turn|p1a: Steelix
|-resisted|p1a: Steelix
|-damage|p1a: Steelix|95/100
|
|switch|p2a: Drifblim|Drifblim, M|100/100|[from]move: U-turn
|move|p1a: Steelix|Stealth Rock|p2a: Drifblim
|-sidestart|p2: Fairy Weezing|move: Stealth Rock
|
|-heal|p1a: Steelix|100/100|[from] item: Leftovers
|upkeep
|turn|2
|
|switch|p1a: Machamp|Machamp, M|100/100
|move|p2a: Drifblim|Defog|p1a: Machamp
|-unboost|p1a: Machamp|evasion|1
|-sideend|p2: Fairy Weezing|Stealth Rock|[from] move: Defog|[of] p2a: Drifblim
|
|-status|p1a: Machamp|brn|[from] item: Flame Orb
|upkeep
|turn|3
|
|switch|p2a: Salazzle|Salazzle, F|100/100
|move|p1a: Machamp|Knock Off|p2a: Salazzle
|-damage|p2a: Salazzle|0 fnt
|-enditem|p2a: Salazzle|Heavy-Duty Boots|[from] move: Knock Off|[of] p1a: Machamp
|faint|p2a: Salazzle
|
|-damage|p1a: Machamp|94/100 brn|[from] brn
|upkeep
|j| Ewcagn
|
|switch|p2a: Passimian|Passimian, F|100/100
|turn|4
|
|switch|p1a: Dhelmise|Dhelmise|100/100
|move|p2a: Passimian|U-turn|p1a: Dhelmise
|-damage|p1a: Dhelmise|75/100
|
|switch|p2a: Pincurchin|Pincurchin, F|100/100|[from]move: U-turn
|-fieldstart|move: Electric Terrain|[from] ability: Electric Surge|[of] p2a: Pincurchin
|
|upkeep
|turn|5
|
|move|p1a: Dhelmise|Anchor Shot|p2a: Pincurchin
|-resisted|p2a: Pincurchin
|-damage|p2a: Pincurchin|82/100
|-activate|p2a: Pincurchin|trapped
|move|p2a: Pincurchin|Spikes|p1a: Dhelmise
|-sidestart|p1: monotypewhat|Spikes
|
|upkeep
|turn|6
|
|move|p1a: Dhelmise|Rapid Spin|p2a: Pincurchin
|-damage|p2a: Pincurchin|64/100
|-sideend|p1: monotypewhat|Spikes|[from] move: Rapid Spin|[of] p1a: Dhelmise
|-boost|p1a: Dhelmise|spe|1
|move|p2a: Pincurchin|Memento|p1a: Dhelmise
|-unboost|p1a: Dhelmise|atk|2
|-unboost|p1a: Dhelmise|spa|2
|faint|p2a: Pincurchin
|
|upkeep
|c|☆Fairy Weezing|Fuck
|
|switch|p2a: Drifblim|Drifblim, M|100/100
|turn|7
|
|switch|p1a: Machamp|Machamp, M|94/100 brn
|move|p2a: Drifblim|Thunder Wave||[still]
|-fail|p2a: Drifblim
|
|-damage|p1a: Machamp|88/100 brn|[from] brn
|upkeep
|turn|8
|
|move|p2a: Drifblim|Strength Sap|p1a: Machamp
|-unboost|p1a: Machamp|atk|1
|move|p1a: Machamp|Facade|p2a: Drifblim
|-immune|p2a: Drifblim
|
|-damage|p1a: Machamp|82/100 brn|[from] brn
|upkeep
|turn|9
|
|switch|p2a: Passimian|Passimian, F|100/100
|move|p1a: Machamp|Knock Off|p2a: Passimian
|-resisted|p2a: Passimian
|-damage|p2a: Passimian|82/100
|-enditem|p2a: Passimian|Choice Scarf|[from] move: Knock Off|[of] p1a: Machamp
|
|-damage|p1a: Machamp|76/100 brn|[from] brn
|upkeep
|turn|10
|
|switch|p1a: Aromatisse|Aromatisse, M|100/100
|move|p2a: Passimian|Close Combat|p1a: Aromatisse
|-resisted|p1a: Aromatisse
|-damage|p1a: Aromatisse|77/100
|-unboost|p2a: Passimian|def|1
|-unboost|p2a: Passimian|spd|1
|
|-heal|p1a: Aromatisse|83/100|[from] item: Leftovers
|upkeep
|turn|11
|
|move|p1a: Aromatisse|Protect|p1a: Aromatisse
|-singleturn|p1a: Aromatisse|Protect
|move|p2a: Passimian|U-turn|p1a: Aromatisse
|-activate|p1a: Aromatisse|move: Protect
|
|-heal|p1a: Aromatisse|89/100|[from] item: Leftovers
|-fieldend|move: Electric Terrain
|upkeep
|turn|12
|
|move|p2a: Passimian|Knock Off|p1a: Aromatisse
|-resisted|p1a: Aromatisse
|-damage|p1a: Aromatisse|77/100
|-enditem|p1a: Aromatisse|Leftovers|[from] move: Knock Off|[of] p2a: Passimian
|move|p1a: Aromatisse|Wish|p1a: Aromatisse
|
|upkeep
|turn|13
|
|move|p2a: Passimian|U-turn|p1a: Aromatisse
|-resisted|p1a: Aromatisse
|-damage|p1a: Aromatisse|69/100
|
|switch|p2a: Gigalith|Gigalith, F|100/100|[from]move: U-turn
|-weather|Sandstorm|[from] ability: Sand Stream|[of] p2a: Gigalith
|move|p1a: Aromatisse|Moonblast|p2a: Gigalith
|-damage|p2a: Gigalith|85/100
|-unboost|p2a: Gigalith|spa|1
|
|-weather|Sandstorm|[upkeep]
|-damage|p1a: Aromatisse|63/100|[from] Sandstorm
|-heal|p1a: Aromatisse|100/100|[from] move: Wish|[wisher] Aromatisse
|-heal|p2a: Gigalith|91/100|[from] item: Leftovers
|upkeep
|turn|14
|
|move|p1a: Aromatisse|Calm Mind|p1a: Aromatisse
|-boost|p1a: Aromatisse|spa|1
|-boost|p1a: Aromatisse|spd|1
|move|p2a: Gigalith|Stealth Rock|p1a: Aromatisse
|-sidestart|p1: monotypewhat|move: Stealth Rock
|
|-weather|Sandstorm|[upkeep]
|-damage|p1a: Aromatisse|94/100|[from] Sandstorm
|-heal|p2a: Gigalith|97/100|[from] item: Leftovers
|upkeep
|turn|15
|
|move|p1a: Aromatisse|Calm Mind|p1a: Aromatisse
|-boost|p1a: Aromatisse|spa|1
|-boost|p1a: Aromatisse|spd|1
|move|p2a: Gigalith|Rock Blast|p1a: Aromatisse
|-damage|p1a: Aromatisse|85/100
|-damage|p1a: Aromatisse|77/100
|-damage|p1a: Aromatisse|68/100
|-hitcount|p1a: Aromatisse|3
|
|-weather|Sandstorm|[upkeep]
|-damage|p1a: Aromatisse|62/100|[from] Sandstorm
|-heal|p2a: Gigalith|100/100|[from] item: Leftovers
|upkeep
|turn|16
|
|switch|p2a: Drifblim|Drifblim, M|100/100
|move|p1a: Aromatisse|Wish|p1a: Aromatisse
|
|-weather|Sandstorm|[upkeep]
|-damage|p2a: Drifblim|94/100|[from] Sandstorm
|-damage|p1a: Aromatisse|56/100|[from] Sandstorm
|upkeep
|turn|17
|j| wooden screws
|
|move|p2a: Drifblim|Thunder Wave|p1a: Aromatisse
|-status|p1a: Aromatisse|par
|cant|p1a: Aromatisse|par
|
|-weather|none
|-heal|p1a: Aromatisse|100/100 par|[from] move: Wish|[wisher] Aromatisse
|upkeep
|turn|18
|
|switch|p2a: Gigalith|Gigalith, F|100/100
|-weather|Sandstorm|[from] ability: Sand Stream|[of] p2a: Gigalith
|cant|p1a: Aromatisse|par
|
|-weather|Sandstorm|[upkeep]
|-damage|p1a: Aromatisse|94/100 par|[from] Sandstorm
|upkeep
|turn|19
|
|move|p2a: Gigalith|Rock Blast|p1a: Aromatisse
|-damage|p1a: Aromatisse|85/100 par
|-damage|p1a: Aromatisse|76/100 par
|-damage|p1a: Aromatisse|67/100 par
|-hitcount|p1a: Aromatisse|3
|move|p1a: Aromatisse|Wish|p1a: Aromatisse
|
|-weather|Sandstorm|[upkeep]
|-damage|p1a: Aromatisse|61/100 par|[from] Sandstorm
|upkeep
|turn|20
|l| Ewcagn
|
|move|p2a: Gigalith|Rock Blast|p1a: Aromatisse
|-damage|p1a: Aromatisse|51/100 par
|-damage|p1a: Aromatisse|42/100 par
|-damage|p1a: Aromatisse|33/100 par
|-damage|p1a: Aromatisse|24/100 par
|-hitcount|p1a: Aromatisse|4
|cant|p1a: Aromatisse|par
|
|-weather|Sandstorm|[upkeep]
|-damage|p1a: Aromatisse|18/100 par|[from] Sandstorm
|-heal|p1a: Aromatisse|68/100 par|[from] move: Wish|[wisher] Aromatisse
|upkeep
|turn|21
|
|move|p1a: Aromatisse|Protect|p1a: Aromatisse
|-singleturn|p1a: Aromatisse|Protect
|move|p2a: Gigalith|Rock Blast|p1a: Aromatisse
|-activate|p1a: Aromatisse|move: Protect
|
|-weather|Sandstorm|[upkeep]
|-damage|p1a: Aromatisse|62/100 par|[from] Sandstorm
|upkeep
|turn|22
|
|move|p2a: Gigalith|Rock Blast|p1a: Aromatisse
|-damage|p1a: Aromatisse|53/100 par
|-damage|p1a: Aromatisse|44/100 par
|-crit|p1a: Aromatisse
|-damage|p1a: Aromatisse|30/100 par
|-damage|p1a: Aromatisse|21/100 par
|-damage|p1a: Aromatisse|13/100 par
|-hitcount|p1a: Aromatisse|5
|move|p1a: Aromatisse|Wish|p1a: Aromatisse
|
|-weather|none
|upkeep
|turn|23
|
|move|p1a: Aromatisse|Protect|p1a: Aromatisse
|-singleturn|p1a: Aromatisse|Protect
|move|p2a: Gigalith|Rock Blast|p1a: Aromatisse
|-activate|p1a: Aromatisse|move: Protect
|
|-heal|p1a: Aromatisse|63/100 par|[from] move: Wish|[wisher] Aromatisse
|upkeep
|turn|24
|
|switch|p2a: Passimian|Passimian, F|82/100
|cant|p1a: Aromatisse|par
|
|upkeep
|turn|25
|
|move|p1a: Aromatisse|Protect|p1a: Aromatisse
|-singleturn|p1a: Aromatisse|Protect
|move|p2a: Passimian|U-turn|p1a: Aromatisse
|-activate|p1a: Aromatisse|move: Protect
|
|upkeep
|turn|26
|
|move|p2a: Passimian|U-turn|p1a: Aromatisse
|-resisted|p1a: Aromatisse
|-damage|p1a: Aromatisse|54/100 par
|
|switch|p2a: Slurpuff|Slurpuff, F|100/100|[from]move: U-turn
|cant|p1a: Aromatisse|par
|
|upkeep
|turn|27
|
|move|p2a: Slurpuff|Calm Mind|p2a: Slurpuff
|-boost|p2a: Slurpuff|spa|1
|-boost|p2a: Slurpuff|spd|1
|move|p1a: Aromatisse|Wish|p1a: Aromatisse
|
|upkeep
|turn|28
|
|move|p2a: Slurpuff|Calm Mind|p2a: Slurpuff
|-boost|p2a: Slurpuff|spa|1
|-boost|p2a: Slurpuff|spd|1
|move|p1a: Aromatisse|Calm Mind|p1a: Aromatisse
|-boost|p1a: Aromatisse|spa|1
|-boost|p1a: Aromatisse|spd|1
|
|-heal|p1a: Aromatisse|100/100 par|[from] move: Wish|[wisher] Aromatisse
|upkeep
|turn|29
|
|move|p2a: Slurpuff|Calm Mind|p2a: Slurpuff
|-boost|p2a: Slurpuff|spa|1
|-boost|p2a: Slurpuff|spd|1
|move|p1a: Aromatisse|Calm Mind|p1a: Aromatisse
|-boost|p1a: Aromatisse|spa|1
|-boost|p1a: Aromatisse|spd|1
|
|upkeep
|turn|30
|
|move|p2a: Slurpuff|Calm Mind|p2a: Slurpuff
|-boost|p2a: Slurpuff|spa|1
|-boost|p2a: Slurpuff|spd|1
|move|p1a: Aromatisse|Calm Mind|p1a: Aromatisse
|-boost|p1a: Aromatisse|spa|1
|-boost|p1a: Aromatisse|spd|1
|
|upkeep
|turn|31
|
|move|p2a: Slurpuff|Calm Mind|p2a: Slurpuff
|-boost|p2a: Slurpuff|spa|1
|-boost|p2a: Slurpuff|spd|1
|cant|p1a: Aromatisse|par
|
|upkeep
|turn|32
|
|move|p2a: Slurpuff|Calm Mind|p2a: Slurpuff
|-boost|p2a: Slurpuff|spa|1
|-boost|p2a: Slurpuff|spd|1
|move|p1a: Aromatisse|Calm Mind|p1a: Aromatisse
|-boost|p1a: Aromatisse|spa|1
|-boost|p1a: Aromatisse|spd|1
|
|upkeep
|turn|33
|
|move|p2a: Slurpuff|Draining Kiss|p1a: Aromatisse
|-damage|p1a: Aromatisse|82/100 par
|move|p1a: Aromatisse|Moonblast|p2a: Slurpuff
|-damage|p2a: Slurpuff|55/100
|-unboost|p2a: Slurpuff|spa|1
|
|upkeep
|turn|34
|
|move|p2a: Slurpuff|Draining Kiss|p1a: Aromatisse
|-damage|p1a: Aromatisse|67/100 par
|-heal|p2a: Slurpuff|70/100|[from] drain|[of] p1a: Aromatisse
|move|p1a: Aromatisse|Moonblast|p2a: Slurpuff
|-damage|p2a: Slurpuff|25/100
|
|upkeep
|turn|35
|c|☆Fairy Weezing|Para and crit pls
|
|move|p2a: Slurpuff|Draining Kiss|p1a: Aromatisse
|-damage|p1a: Aromatisse|52/100 par
|-heal|p2a: Slurpuff|39/100|[from] drain|[of] p1a: Aromatisse
|move|p1a: Aromatisse|Wish|p1a: Aromatisse
|
|upkeep
|turn|36
|
|move|p1a: Aromatisse|Protect|p1a: Aromatisse
|-singleturn|p1a: Aromatisse|Protect
|move|p2a: Slurpuff|Draining Kiss|p1a: Aromatisse
|-activate|p1a: Aromatisse|move: Protect
|
|-heal|p1a: Aromatisse|100/100 par|[from] move: Wish|[wisher] Aromatisse
|upkeep
|turn|37
|
|move|p2a: Slurpuff|Draining Kiss|p1a: Aromatisse
|-crit|p1a: Aromatisse
|-damage|p1a: Aromatisse|4/100 par
|-heal|p2a: Slurpuff|100/100|[from] drain|[of] p1a: Aromatisse
|cant|p1a: Aromatisse|par
|
|upkeep
|turn|38
|
|move|p1a: Aromatisse|Protect|p1a: Aromatisse
|-singleturn|p1a: Aromatisse|Protect
|move|p2a: Slurpuff|Draining Kiss|p1a: Aromatisse
|-activate|p1a: Aromatisse|move: Protect
|
|upkeep
|turn|39
|
|move|p2a: Slurpuff|Draining Kiss|p1a: Aromatisse
|-damage|p1a: Aromatisse|0 fnt
|faint|p1a: Aromatisse
|
|upkeep
|
|switch|p1a: Dhelmise|Dhelmise|75/100
|-damage|p1a: Dhelmise|63/100|[from] Stealth Rock
|turn|40
|
|move|p2a: Slurpuff|Flamethrower|p1a: Dhelmise
|-supereffective|p1a: Dhelmise
|-damage|p1a: Dhelmise|0 fnt
|faint|p1a: Dhelmise
|
|upkeep
|
|switch|p1a: Accelgor|Accelgor, F|100/100
|-damage|p1a: Accelgor|76/100|[from] Stealth Rock
|turn|41
|
|move|p1a: Accelgor|Sludge Bomb|p2a: Slurpuff
|-supereffective|p2a: Slurpuff
|-damage|p2a: Slurpuff|74/100
|move|p2a: Slurpuff|Draining Kiss|p1a: Accelgor
|-damage|p1a: Accelgor|0 fnt
|-heal|p2a: Slurpuff|100/100|[from] drain|[of] p1a: Accelgor
|faint|p1a: Accelgor
|
|upkeep
|c|☆Fairy Weezing|Better players always win
|
|switch|p1a: Machamp|Machamp, M|76/100 brn
|-damage|p1a: Machamp|69/100 brn|[from] Stealth Rock
|turn|42
|
|move|p2a: Slurpuff|Draining Kiss|p1a: Machamp
|-supereffective|p1a: Machamp
|-damage|p1a: Machamp|0 fnt
|faint|p1a: Machamp
|
|upkeep
|-message|monotypewhat forfeited.
|
|win|Fairy Weezing
|l|☆monotypewhat
