|html|<div class="broadcast-blue"><strong>[Gen 8] RU is currently suspecting Zygarde-10%! For information on how to participate check out the <a href="https://www.smogon.com/forums/threads/np-ru-stage-6-i-wanna-be-your-dog-zygarde-10-suspect-test.3679181/#post-8768959">suspect thread</a>.</strong></div>
|j|☆Feliburn
|j|☆based carnage
|t:|1615441416
|player|p1|Feliburn|#feliburn|
|player|p2|based carnage|skier|
|teamsize|p1|6
|teamsize|p2|6
|gametype|singles
|gen|8
|tier|[Gen 8] RU
|rated|Tournament battle
|clearpoke
|poke|p1|Stakataka|
|poke|p1|Flygon, M|
|poke|p1|Chandelure, M|
|poke|p1|Raikou|
|poke|p1|Golisopod, M|
|poke|p1|Zarude|
|poke|p2|Reuniclus, F|
|poke|p2|Suicune|
|poke|p2|Weezing-Galar, F|
|poke|p2|Rhyperior, F|
|poke|p2|Raikou|
|poke|p2|Umbreon, M|
|rule|Sleep Clause Mod: Limit one foe put to sleep
|rule|Species Clause: Limit one of each Pokémon
|rule|OHKO Clause: OHKO moves are banned
|rule|Evasion Moves Clause: Evasion moves are banned
|rule|Endless Battle Clause: Forcing endless battles is banned
|rule|HP Percentage Mod: HP is shown in percentages
|rule|Dynamax Clause: You cannot dynamax
|teampreview
|j|*Lady Monita
|j| sam jeffrin
|j| aidanob104
|j| lighthouses
|c|☆Feliburn|hf
|l| aidanob104
|c|☆based carnage|u2
|j| yousef sad
|
|t:|1615441446
|start
|switch|p1a: Flygon|Flygon, M|100/100
|switch|p2a: Weezing|Weezing-Galar, F|100/100
|turn|1
|
|t:|1615441452
|move|p1a: Flygon|U-turn|p2a: Weezing
|-resisted|p2a: Weezing
|-damage|p2a: Weezing|97/100
|-damage|p1a: Flygon|84/100|[from] item: Rocky Helmet|[of] p2a: Weezing
|
|t:|1615441454
|switch|p1a: Chandelure|Chandelure, M|100/100|[from]move: U-turn
|move|p2a: Weezing|Toxic Spikes|p1a: Chandelure
|-sidestart|p1: Feliburn|move: Toxic Spikes
|
|upkeep
|turn|2
|inactive|Battle timer is ON: inactive players will automatically lose when time's up. (requested by Feliburn)
|inactive|based carnage has 120 seconds left.
|
|t:|1615441519
|switch|p1a: Golisopod|Golisopod, M|100/100
|switch|p2a: Reuniclus|Reuniclus, F|100/100
|
|upkeep
|turn|3
|
|t:|1615441529
|switch|p2a: Suicune|Suicune|100/100
|-ability|p2a: Suicune|Pressure
|move|p1a: Golisopod|Spikes|p2a: Suicune
|-sidestart|p2: based carnage|Spikes
|
|upkeep
|turn|4
|
|t:|1615441535
|switch|p1a: Raikou|Raikou|100/100
|-ability|p1a: Raikou|Pressure
|move|p2a: Suicune|Substitute|p2a: Suicune
|-start|p2a: Suicune|Substitute
|-damage|p2a: Suicune|75/100
|
|-heal|p2a: Suicune|82/100|[from] item: Leftovers
|upkeep
|turn|5
|
|t:|1615441538
|move|p2a: Suicune|Protect|p2a: Suicune
|-singleturn|p2a: Suicune|Protect
|move|p1a: Raikou|Thunderbolt|p2a: Suicune
|-activate|p2a: Suicune|move: Protect
|
|-heal|p2a: Suicune|88/100|[from] item: Leftovers
|upkeep
|turn|6
|j| Charuru
|
|t:|1615441542
|move|p1a: Raikou|Volt Switch|p2a: Suicune
|-supereffective|p2a: Suicune
|-end|p2a: Suicune|Substitute
|
|t:|1615441544
|switch|p1a: Zarude|Zarude|100/100|[from]move: Volt Switch
|move|p2a: Suicune|Toxic|p1a: Zarude
|-status|p1a: Zarude|tox
|
|-heal|p2a: Suicune|94/100|[from] item: Leftovers
|-damage|p1a: Zarude|95/100 tox|[from] psn
|upkeep
|turn|7
|c|☆based carnage|mono boots is busted
|
|t:|1615441555
|switch|p2a: Weezing|Weezing-Galar, F|97/100
|move|p1a: Zarude|U-turn|p2a: Weezing
|-resisted|p2a: Weezing
|-damage|p2a: Weezing|94/100
|-damage|p1a: Zarude|78/100 tox|[from] item: Rocky Helmet|[of] p2a: Weezing
|
|t:|1615441558
|switch|p1a: Chandelure|Chandelure, M|100/100|[from]move: U-turn
|
|upkeep
|turn|8
|
|t:|1615441562
|switch|p2a: Umbreon|Umbreon, M|100/100
|move|p1a: Chandelure|Flamethrower|p2a: Umbreon
|-damage|p2a: Umbreon|73/100
|-status|p2a: Umbreon|brn
|-activate|p2a: Umbreon|ability: Synchronize
|-immune|p1a: Chandelure
|
|-damage|p2a: Umbreon|67/100 brn|[from] brn
|upkeep
|turn|9
|
|t:|1615441572
|switch|p1a: Stakataka|Stakataka|100/100
|move|p2a: Umbreon|Heal Bell|p2a: Umbreon
|-activate|p2a: Umbreon|move: Heal Bell
|-curestatus|p2a: Umbreon|brn|[msg]
|
|upkeep
|turn|10
|
|t:|1615441581
|switch|p2a: Suicune|Suicune|94/100
|-damage|p2a: Suicune|82/100|[from] Spikes
|-ability|p2a: Suicune|Pressure
|move|p1a: Stakataka|Stealth Rock|p2a: Suicune
|-sidestart|p2: based carnage|move: Stealth Rock
|
|-heal|p2a: Suicune|88/100|[from] item: Leftovers
|upkeep
|turn|11
|
|t:|1615441585
|switch|p1a: Zarude|Zarude|78/100 tox
|move|p2a: Suicune|Scald|p1a: Zarude
|-resisted|p1a: Zarude
|-damage|p1a: Zarude|66/100 tox
|
|-heal|p2a: Suicune|94/100|[from] item: Leftovers
|-damage|p1a: Zarude|60/100 tox|[from] psn
|upkeep
|turn|12
|
|t:|1615441588
|switch|p2a: Weezing|Weezing-Galar, F|94/100
|-damage|p2a: Weezing|82/100|[from] Stealth Rock
|move|p1a: Zarude|Jungle Healing|p1a: Zarude
|-heal|p1a: Zarude|85/100 tox
|-curestatus|p1a: Zarude|tox|[msg]
|
|upkeep
|turn|13
|
|t:|1615441592
|switch|p1a: Chandelure|Chandelure, M|100/100
|move|p2a: Weezing|Defog|p1a: Chandelure
|-unboost|p1a: Chandelure|evasion|1
|-sideend|p1: Feliburn|Toxic Spikes|[from] move: Defog|[of] p2a: Weezing
|-sideend|p2: based carnage|Spikes|[from] move: Defog|[of] p2a: Weezing
|-sideend|p2: based carnage|Stealth Rock|[from] move: Defog|[of] p2a: Weezing
|
|upkeep
|turn|14
|
|t:|1615441599
|switch|p1a: Stakataka|Stakataka|100/100
|switch|p2a: Rhyperior|Rhyperior, F|100/100
|
|upkeep
|turn|15
|
|t:|1615441604
|switch|p1a: Zarude|Zarude|85/100
|move|p2a: Rhyperior|Earthquake|p1a: Zarude
|-resisted|p1a: Zarude
|-damage|p1a: Zarude|63/100
|
|upkeep
|turn|16
|
|t:|1615441607
|move|p1a: Zarude|Power Whip|p2a: Rhyperior
|-supereffective|p2a: Rhyperior
|-damage|p2a: Rhyperior|0 fnt
|faint|p2a: Rhyperior
|
|upkeep
|
|t:|1615441614
|switch|p2a: Weezing|Weezing-Galar, F|82/100
|turn|17
|
|t:|1615441630
|switch|p1a: Chandelure|Chandelure, M|100/100
|move|p2a: Weezing|Toxic Spikes|p1a: Chandelure
|-sidestart|p1: Feliburn|move: Toxic Spikes
|
|upkeep
|turn|18
|
|t:|1615441636
|switch|p2a: Reuniclus|Reuniclus, F|100/100
|move|p1a: Chandelure|Flamethrower|p2a: Reuniclus
|-damage|p2a: Reuniclus|76/100
|
|upkeep
|turn|19
|l| lighthouses
|
|t:|1615441640
|move|p1a: Chandelure|Shadow Ball|p2a: Reuniclus
|-supereffective|p2a: Reuniclus
|-damage|p2a: Reuniclus|28/100
|move|p2a: Reuniclus|Knock Off|p1a: Chandelure
|-supereffective|p1a: Chandelure
|-damage|p1a: Chandelure|61/100
|-enditem|p1a: Chandelure|Heavy-Duty Boots|[from] move: Knock Off|[of] p2a: Reuniclus
|
|upkeep
|turn|20
|
|t:|1615441646
|switch|p1a: Stakataka|Stakataka|100/100
|switch|p2a: Umbreon|Umbreon, M|67/100
|
|upkeep
|turn|21
|
|t:|1615441652
|switch|p2a: Suicune|Suicune|94/100
|-ability|p2a: Suicune|Pressure
|move|p1a: Stakataka|Toxic|p2a: Suicune
|-status|p2a: Suicune|tox
|
|-heal|p2a: Suicune|99/100 tox|[from] item: Leftovers
|-damage|p2a: Suicune|94/100 tox|[from] psn
|upkeep
|turn|22
|
|t:|1615441658
|move|p2a: Suicune|Scald|p1a: Stakataka
|-supereffective|p1a: Stakataka
|-damage|p1a: Stakataka|61/100
|-status|p1a: Stakataka|brn
|move|p1a: Stakataka|Stealth Rock|p2a: Suicune
|-sidestart|p2: based carnage|move: Stealth Rock
|
|-heal|p2a: Suicune|99/100 tox|[from] item: Leftovers
|-heal|p1a: Stakataka|68/100 brn|[from] item: Leftovers
|-damage|p2a: Suicune|88/100 tox|[from] psn
|-damage|p1a: Stakataka|61/100 brn|[from] brn
|upkeep
|turn|23
|
|t:|1615441664
|switch|p2a: Umbreon|Umbreon, M|67/100
|switch|p1a: Raikou|Raikou|100/100
|-ability|p1a: Raikou|Pressure
|
|upkeep
|turn|24
|
|t:|1615441667
|move|p1a: Raikou|Aura Sphere|p2a: Umbreon
|-supereffective|p2a: Umbreon
|-damage|p2a: Umbreon|41/100
|move|p2a: Umbreon|Wish|p2a: Umbreon
|
|upkeep
|turn|25
|j| dnooage
|
|t:|1615441671
|move|p1a: Raikou|Volt Switch|p2a: Umbreon
|-damage|p2a: Umbreon|24/100
|
|t:|1615441674
|switch|p1a: Zarude|Zarude|63/100|[from]move: Volt Switch
|move|p2a: Umbreon|Heal Bell|p2a: Umbreon
|-activate|p2a: Umbreon|move: Heal Bell
|-curestatus|p2: Suicune|tox|[msg]
|
|-heal|p2a: Umbreon|74/100|[from] move: Wish|[wisher] Umbreon
|upkeep
|turn|26
|
|t:|1615441678
|move|p2a: Umbreon|Protect|p2a: Umbreon
|-singleturn|p2a: Umbreon|Protect
|move|p1a: Zarude|U-turn|p2a: Umbreon
|-activate|p2a: Umbreon|move: Protect
|
|upkeep
|turn|27
|
|t:|1615441680
|move|p1a: Zarude|U-turn|p2a: Umbreon
|-supereffective|p2a: Umbreon
|-damage|p2a: Umbreon|36/100
|
|t:|1615441683
|switch|p1a: Golisopod|Golisopod, M|100/100|[from]move: U-turn
|move|p2a: Umbreon|Wish|p2a: Umbreon
|
|upkeep
|turn|28
|
|t:|1615441688
|move|p2a: Umbreon|Protect|p2a: Umbreon
|-singleturn|p2a: Umbreon|Protect
|move|p1a: Golisopod|Knock Off|p2a: Umbreon
|-activate|p2a: Umbreon|move: Protect
|
|-heal|p2a: Umbreon|86/100|[from] move: Wish|[wisher] Umbreon
|upkeep
|turn|29
|
|t:|1615441693
|switch|p2a: Weezing|Weezing-Galar, F|82/100
|-damage|p2a: Weezing|69/100|[from] Stealth Rock
|move|p1a: Golisopod|Spikes|p2a: Weezing
|-sidestart|p2: based carnage|Spikes
|
|upkeep
|turn|30
|
|t:|1615441699
|switch|p1a: Raikou|Raikou|100/100
|-ability|p1a: Raikou|Pressure
|move|p2a: Weezing|Strange Steam|p1a: Raikou
|-damage|p1a: Raikou|71/100
|
|upkeep
|turn|31
|
|t:|1615441705
|switch|p2a: Umbreon|Umbreon, M|86/100
|move|p1a: Raikou|Volt Switch|p2a: Umbreon
|-damage|p2a: Umbreon|69/100
|
|t:|1615441711
|switch|p1a: Golisopod|Golisopod, M|100/100|[from]move: Volt Switch
|
|upkeep
|turn|32
|
|t:|1615441713
|switch|p2a: Weezing|Weezing-Galar, F|69/100
|-damage|p2a: Weezing|57/100|[from] Stealth Rock
|move|p1a: Golisopod|Knock Off|p2a: Weezing
|-resisted|p2a: Weezing
|-damage|p2a: Weezing|46/100
|-damage|p1a: Golisopod|84/100|[from] item: Rocky Helmet|[of] p2a: Weezing
|-enditem|p2a: Weezing|Rocky Helmet|[from] move: Knock Off|[of] p1a: Golisopod
|
|upkeep
|turn|33
|
|t:|1615441719
|switch|p1a: Stakataka|Stakataka|61/100 brn
|move|p2a: Weezing|Defog|p1a: Stakataka
|-unboost|p1a: Stakataka|evasion|1
|-sideend|p1: Feliburn|Toxic Spikes|[from] move: Defog|[of] p2a: Weezing
|-sideend|p2: based carnage|Spikes|[from] move: Defog|[of] p2a: Weezing
|-sideend|p2: based carnage|Stealth Rock|[from] move: Defog|[of] p2a: Weezing
|
|-heal|p1a: Stakataka|68/100 brn|[from] item: Leftovers
|-damage|p1a: Stakataka|61/100 brn|[from] brn
|upkeep
|turn|34
|
|t:|1615441725
|switch|p2a: Reuniclus|Reuniclus, F|62/100
|switch|p1a: Chandelure|Chandelure, M|61/100
|
|upkeep
|turn|35
|j| percy12321
|
|t:|1615441734
|switch|p2a: Umbreon|Umbreon, M|69/100
|move|p1a: Chandelure|Shadow Ball|p2a: Umbreon
|-resisted|p2a: Umbreon
|-damage|p2a: Umbreon|57/100
|
|upkeep
|turn|36
|
|t:|1615441738
|switch|p1a: Stakataka|Stakataka|61/100 brn
|move|p2a: Umbreon|Wish|p2a: Umbreon
|
|-heal|p1a: Stakataka|68/100 brn|[from] item: Leftovers
|-damage|p1a: Stakataka|61/100 brn|[from] brn
|upkeep
|turn|37
|
|t:|1615441741
|move|p2a: Umbreon|Foul Play|p1a: Stakataka
|-damage|p1a: Stakataka|42/100 brn
|move|p1a: Stakataka|Stealth Rock|p2a: Umbreon
|-sidestart|p2: based carnage|move: Stealth Rock
|
|-heal|p2a: Umbreon|100/100|[from] move: Wish|[wisher] Umbreon
|-heal|p1a: Stakataka|48/100 brn|[from] item: Leftovers
|-damage|p1a: Stakataka|42/100 brn|[from] brn
|upkeep
|turn|38
|
|t:|1615441747
|switch|p2a: Weezing|Weezing-Galar, F|46/100
|-damage|p2a: Weezing|33/100|[from] Stealth Rock
|move|p1a: Stakataka|Toxic|p2a: Weezing
|-immune|p2a: Weezing
|
|-heal|p1a: Stakataka|48/100 brn|[from] item: Leftovers
|-damage|p1a: Stakataka|42/100 brn|[from] brn
|upkeep
|turn|39
|
|t:|1615441756
|switch|p2a: Suicune|Suicune|88/100
|-damage|p2a: Suicune|75/100|[from] Stealth Rock
|-ability|p2a: Suicune|Pressure
|move|p1a: Stakataka|Gyro Ball|p2a: Suicune
|-resisted|p2a: Suicune
|-damage|p2a: Suicune|67/100
|
|-heal|p2a: Suicune|74/100|[from] item: Leftovers
|-heal|p1a: Stakataka|48/100 brn|[from] item: Leftovers
|-damage|p1a: Stakataka|42/100 brn|[from] brn
|upkeep
|turn|40
|
|t:|1615441760
|switch|p1a: Zarude|Zarude|63/100
|move|p2a: Suicune|Substitute|p2a: Suicune
|-start|p2a: Suicune|Substitute
|-damage|p2a: Suicune|49/100
|
|-heal|p2a: Suicune|55/100|[from] item: Leftovers
|upkeep
|turn|41
|
|t:|1615441762
|move|p2a: Suicune|Protect|p2a: Suicune
|-singleturn|p2a: Suicune|Protect
|move|p1a: Zarude|Darkest Lariat|p2a: Suicune
|-activate|p2a: Suicune|move: Protect
|
|-heal|p2a: Suicune|61/100|[from] item: Leftovers
|upkeep
|turn|42
|
|t:|1615441765
|move|p1a: Zarude|Darkest Lariat|p2a: Suicune
|-activate|p2a: Suicune|move: Substitute|[damage]
|move|p2a: Suicune|Toxic|p1a: Zarude
|-status|p1a: Zarude|tox
|
|-heal|p2a: Suicune|67/100|[from] item: Leftovers
|-damage|p1a: Zarude|57/100 tox|[from] psn
|upkeep
|turn|43
|
|t:|1615441770
|move|p2a: Suicune|Protect|p2a: Suicune
|-singleturn|p2a: Suicune|Protect
|move|p1a: Zarude|Darkest Lariat|p2a: Suicune
|-activate|p2a: Suicune|move: Protect
|
|-heal|p2a: Suicune|73/100|[from] item: Leftovers
|-damage|p1a: Zarude|45/100 tox|[from] psn
|upkeep
|turn|44
|
|t:|1615441773
|move|p1a: Zarude|Jungle Healing|p1a: Zarude
|-heal|p1a: Zarude|70/100 tox
|-curestatus|p1a: Zarude|tox|[msg]
|move|p2a: Suicune|Toxic|p1a: Zarude
|-status|p1a: Zarude|tox
|
|-heal|p2a: Suicune|79/100|[from] item: Leftovers
|-damage|p1a: Zarude|64/100 tox|[from] psn
|upkeep
|turn|45
|
|t:|1615441777
|move|p2a: Suicune|Protect|p2a: Suicune
|-singleturn|p2a: Suicune|Protect
|move|p1a: Zarude|U-turn|p2a: Suicune
|-activate|p2a: Suicune|move: Protect
|
|-heal|p2a: Suicune|86/100|[from] item: Leftovers
|-damage|p1a: Zarude|52/100 tox|[from] psn
|upkeep
|turn|46
|
|t:|1615441780
|move|p1a: Zarude|Jungle Healing|p1a: Zarude
|-heal|p1a: Zarude|77/100 tox
|-curestatus|p1a: Zarude|tox|[msg]
|move|p2a: Suicune|Scald|p1a: Zarude
|-resisted|p1a: Zarude
|-damage|p1a: Zarude|64/100
|-status|p1a: Zarude|brn
|
|-heal|p2a: Suicune|92/100|[from] item: Leftovers
|-damage|p1a: Zarude|58/100 brn|[from] brn
|upkeep
|turn|47
|
|t:|1615441784
|move|p1a: Zarude|Power Whip|p2a: Suicune
|-supereffective|p2a: Suicune
|-end|p2a: Suicune|Substitute
|move|p2a: Suicune|Scald|p1a: Zarude
|-resisted|p1a: Zarude
|-damage|p1a: Zarude|46/100 brn
|
|-heal|p2a: Suicune|98/100|[from] item: Leftovers
|-damage|p1a: Zarude|40/100 brn|[from] brn
|upkeep
|turn|48
|
|t:|1615441801
|switch|p2a: Weezing|Weezing-Galar, F|33/100
|-damage|p2a: Weezing|21/100|[from] Stealth Rock
|move|p1a: Zarude|Jungle Healing|p1a: Zarude
|-heal|p1a: Zarude|65/100 brn
|-curestatus|p1a: Zarude|brn|[msg]
|
|upkeep
|turn|49
|
|t:|1615441806
|move|p1a: Zarude|Power Whip|p2a: Weezing
|-resisted|p2a: Weezing
|-damage|p2a: Weezing|3/100
|move|p2a: Weezing|Defog|p1a: Zarude
|-unboost|p1a: Zarude|evasion|1
|-sideend|p2: based carnage|Stealth Rock|[from] move: Defog|[of] p2a: Weezing
|
|upkeep
|turn|50
|
|t:|1615441811
|move|p1a: Zarude|Darkest Lariat|p2a: Weezing
|-resisted|p2a: Weezing
|-damage|p2a: Weezing|0 fnt
|faint|p2a: Weezing
|
|upkeep
|
|t:|1615441814
|switch|p2a: Raikou|Raikou|100/100
|-ability|p2a: Raikou|Pressure
|turn|51
|
|t:|1615441819
|switch|p1a: Flygon|Flygon, M|84/100
|move|p2a: Raikou|Aura Sphere|p1a: Flygon
|-damage|p1a: Flygon|47/100
|
|upkeep
|turn|52
|
|t:|1615441823
|switch|p2a: Suicune|Suicune|98/100
|-ability|p2a: Suicune|Pressure
|move|p1a: Flygon|Earthquake|p2a: Suicune
|-damage|p2a: Suicune|74/100
|
|-heal|p2a: Suicune|80/100|[from] item: Leftovers
|upkeep
|turn|53
|
|t:|1615441834
|switch|p1a: Raikou|Raikou|71/100
|-ability|p1a: Raikou|Pressure
|switch|p2a: Raikou|Raikou|100/100
|-ability|p2a: Raikou|Pressure
|
|upkeep
|turn|54
|
|t:|1615441838
|move|p1a: Raikou|Toxic|p2a: Raikou|[miss]
|-miss|p1a: Raikou|p2a: Raikou
|move|p2a: Raikou|Substitute|p2a: Raikou
|-start|p2a: Raikou|Substitute
|-damage|p2a: Raikou|76/100
|
|-heal|p2a: Raikou|82/100|[from] item: Leftovers
|upkeep
|turn|55
|c|☆Feliburn|yep
|
|t:|1615441845
|move|p2a: Raikou|Calm Mind|p2a: Raikou
|-boost|p2a: Raikou|spa|1
|-boost|p2a: Raikou|spd|1
|move|p1a: Raikou|Volt Switch|p2a: Raikou
|-resisted|p2a: Raikou
|-activate|p2a: Raikou|move: Substitute|[damage]
|
|t:|1615441847
|switch|p1a: Flygon|Flygon, M|47/100|[from]move: Volt Switch
|
|-heal|p2a: Raikou|88/100|[from] item: Leftovers
|upkeep
|turn|56
|
|t:|1615441850
|move|p1a: Flygon|U-turn|p2a: Raikou
|-end|p2a: Raikou|Substitute
|
|t:|1615441852
|switch|p1a: Chandelure|Chandelure, M|61/100|[from]move: U-turn
|move|p2a: Raikou|Aura Sphere|p1a: Chandelure
|-immune|p1a: Chandelure
|
|-heal|p2a: Raikou|94/100|[from] item: Leftovers
|upkeep
|turn|57
|
|t:|1615441856
|switch|p1a: Flygon|Flygon, M|47/100
|move|p2a: Raikou|Substitute|p2a: Raikou
|-start|p2a: Raikou|Substitute
|-damage|p2a: Raikou|69/100
|
|-heal|p2a: Raikou|76/100|[from] item: Leftovers
|upkeep
|turn|58
|
|t:|1615441859
|move|p1a: Flygon|U-turn|p2a: Raikou
|-end|p2a: Raikou|Substitute
|
|t:|1615441861
|switch|p1a: Chandelure|Chandelure, M|61/100|[from]move: U-turn
|move|p2a: Raikou|Substitute|p2a: Raikou
|-start|p2a: Raikou|Substitute
|-damage|p2a: Raikou|51/100
|
|-heal|p2a: Raikou|57/100|[from] item: Leftovers
|upkeep
|turn|59
|
|t:|1615441864
|switch|p1a: Flygon|Flygon, M|47/100
|move|p2a: Raikou|Thunderbolt|p1a: Flygon
|-immune|p1a: Flygon
|
|-heal|p2a: Raikou|63/100|[from] item: Leftovers
|upkeep
|turn|60
|
|t:|1615441869
|move|p1a: Flygon|U-turn|p2a: Raikou
|-end|p2a: Raikou|Substitute
|
|t:|1615441871
|switch|p1a: Chandelure|Chandelure, M|61/100|[from]move: U-turn
|move|p2a: Raikou|Aura Sphere|p1a: Chandelure
|-immune|p1a: Chandelure
|
|-heal|p2a: Raikou|69/100|[from] item: Leftovers
|upkeep
|turn|61
|
|t:|1615441875
|move|p2a: Raikou|Thunderbolt|p1a: Chandelure
|-damage|p1a: Chandelure|0 fnt
|faint|p1a: Chandelure
|
|-heal|p2a: Raikou|76/100|[from] item: Leftovers
|upkeep
|
|t:|1615441877
|switch|p1a: Flygon|Flygon, M|47/100
|turn|62
|
|t:|1615441881
|switch|p2a: Suicune|Suicune|80/100
|-ability|p2a: Suicune|Pressure
|move|p1a: Flygon|U-turn|p2a: Suicune
|-damage|p2a: Suicune|69/100
|
|t:|1615441885
|switch|p1a: Raikou|Raikou|71/100|[from]move: U-turn
|-ability|p1a: Raikou|Pressure
|
|-heal|p2a: Suicune|75/100|[from] item: Leftovers
|upkeep
|turn|63
|
|t:|1615441888
|move|p2a: Suicune|Protect|p2a: Suicune
|-singleturn|p2a: Suicune|Protect
|move|p1a: Raikou|Volt Switch|p2a: Suicune
|-activate|p2a: Suicune|move: Protect
|
|-heal|p2a: Suicune|82/100|[from] item: Leftovers
|upkeep
|turn|64
|
|t:|1615441904
|switch|p2a: Reuniclus|Reuniclus, F|95/100
|move|p1a: Raikou|Volt Switch|p2a: Reuniclus
|-damage|p2a: Reuniclus|79/100
|
|t:|1615441907
|switch|p1a: Golisopod|Golisopod, M|84/100|[from]move: Volt Switch
|
|upkeep
|turn|65
|inactive|based carnage has 120 seconds left.
|
|t:|1615441939
|switch|p2a: Suicune|Suicune|82/100
|-ability|p2a: Suicune|Pressure
|move|p1a: Golisopod|First Impression|p2a: Suicune
|-damage|p2a: Suicune|55/100
|
|-heal|p2a: Suicune|61/100|[from] item: Leftovers
|upkeep
|turn|66
|
|t:|1615441946
|move|p2a: Suicune|Substitute|p2a: Suicune
|-start|p2a: Suicune|Substitute
|-damage|p2a: Suicune|36/100
|move|p1a: Golisopod|Knock Off|p2a: Suicune
|-activate|p2a: Suicune|move: Substitute|[damage]
|
|-heal|p2a: Suicune|42/100|[from] item: Leftovers
|upkeep
|turn|67
|j| 7-balu
|
|t:|1615441968
|move|p2a: Suicune|Toxic|p1a: Golisopod
|-status|p1a: Golisopod|tox
|move|p1a: Golisopod|Spikes|p2a: Suicune
|-sidestart|p2: based carnage|Spikes
|
|-heal|p2a: Suicune|48/100|[from] item: Leftovers
|-damage|p1a: Golisopod|78/100 tox|[from] psn
|upkeep
|turn|68
|
|t:|1615441976
|switch|p1a: Zarude|Zarude|65/100
|move|p2a: Suicune|Scald|p1a: Zarude
|-resisted|p1a: Zarude
|-damage|p1a: Zarude|52/100
|
|-heal|p2a: Suicune|54/100|[from] item: Leftovers
|upkeep
|turn|69
|
|t:|1615441981
|move|p1a: Zarude|Power Whip|p2a: Suicune
|-supereffective|p2a: Suicune
|-end|p2a: Suicune|Substitute
|move|p2a: Suicune|Toxic|p1a: Zarude
|-status|p1a: Zarude|tox
|
|-heal|p2a: Suicune|61/100|[from] item: Leftovers
|-damage|p1a: Zarude|46/100 tox|[from] psn
|upkeep
|turn|70
|
|t:|1615441988
|switch|p2a: Raikou|Raikou|76/100
|-damage|p2a: Raikou|63/100|[from] Spikes
|-ability|p2a: Raikou|Pressure
|move|p1a: Zarude|Power Whip|p2a: Raikou
|-damage|p2a: Raikou|0 fnt
|faint|p2a: Raikou
|
|-damage|p1a: Zarude|34/100 tox|[from] psn
|upkeep
|c|☆based carnage|gg
|
|t:|1615441998
|switch|p2a: Reuniclus|Reuniclus, F|100/100
|-damage|p2a: Reuniclus|88/100|[from] Spikes
|turn|71
|
|t:|1615442002
|move|p1a: Zarude|U-turn|p2a: Reuniclus
|-supereffective|p2a: Reuniclus
|-damage|p2a: Reuniclus|42/100
|
|t:|1615442005
|switch|p1a: Stakataka|Stakataka|42/100 brn|[from]move: U-turn
|move|p2a: Reuniclus|Focus Blast|p1a: Stakataka
|-supereffective|p1a: Stakataka
|-damage|p1a: Stakataka|0 fnt
|faint|p1a: Stakataka
|
|upkeep
|l| yousef sad
|
|t:|1615442013
|switch|p1a: Zarude|Zarude|34/100 tox
|turn|72
|
|t:|1615442016
|switch|p2a: Umbreon|Umbreon, M|100/100
|move|p1a: Zarude|Darkest Lariat|p2a: Umbreon
|-resisted|p2a: Umbreon
|-damage|p2a: Umbreon|84/100
|
|-damage|p1a: Zarude|28/100 tox|[from] psn
|upkeep
|turn|73
|
|t:|1615442021
|move|p1a: Zarude|Jungle Healing|p1a: Zarude
|-heal|p1a: Zarude|53/100 tox
|-curestatus|p1a: Zarude|tox|[msg]
|move|p2a: Umbreon|Wish|p2a: Umbreon
|
|upkeep
|turn|74
|
|t:|1615442025
|move|p1a: Zarude|U-turn|p2a: Umbreon
|-supereffective|p2a: Umbreon
|-damage|p2a: Umbreon|45/100
|
|t:|1615442027
|switch|p1a: Golisopod|Golisopod, M|78/100 tox|[from]move: U-turn
|move|p2a: Umbreon|Foul Play|p1a: Golisopod
|-damage|p1a: Golisopod|38/100 tox
|-activate|p1a: Golisopod|ability: Emergency Exit
|
|t:|1615442032
|switch|p1a: Zarude|Zarude|53/100
|
|-heal|p2a: Umbreon|95/100|[from] move: Wish|[wisher] Umbreon
|upkeep
|turn|75
|
|t:|1615442036
|move|p1a: Zarude|Power Whip|p2a: Umbreon
|-damage|p2a: Umbreon|46/100
|move|p2a: Umbreon|Wish|p2a: Umbreon
|
|upkeep
|turn|76
|j| Edfggvc
|
|t:|1615442044
|move|p2a: Umbreon|Protect|p2a: Umbreon
|-singleturn|p2a: Umbreon|Protect
|move|p1a: Zarude|Jungle Healing|p1a: Zarude
|-heal|p1a: Zarude|79/100
|
|-heal|p2a: Umbreon|96/100|[from] move: Wish|[wisher] Umbreon
|upkeep
|turn|77
|
|t:|1615442049
|move|p1a: Zarude|Power Whip|p2a: Umbreon
|-damage|p2a: Umbreon|52/100
|move|p2a: Umbreon|Wish|p2a: Umbreon
|
|upkeep
|turn|78
|
|t:|1615442053
|move|p2a: Umbreon|Protect|p2a: Umbreon
|-singleturn|p2a: Umbreon|Protect
|move|p1a: Zarude|U-turn|p2a: Umbreon
|-activate|p2a: Umbreon|move: Protect
|
|-heal|p2a: Umbreon|100/100|[from] move: Wish|[wisher] Umbreon
|upkeep
|turn|79
|
|t:|1615442059
|move|p1a: Zarude|U-turn|p2a: Umbreon
|-supereffective|p2a: Umbreon
|-damage|p2a: Umbreon|64/100
|
|t:|1615442061
|switch|p1a: Raikou|Raikou|71/100|[from]move: U-turn
|-ability|p1a: Raikou|Pressure
|move|p2a: Umbreon|Wish|p2a: Umbreon
|
|upkeep
|turn|80
|
|t:|1615442064
|move|p1a: Raikou|Aura Sphere|p2a: Umbreon
|-supereffective|p2a: Umbreon
|-damage|p2a: Umbreon|40/100
|move|p2a: Umbreon|Foul Play|p1a: Raikou
|-damage|p1a: Raikou|41/100
|
|-heal|p2a: Umbreon|90/100|[from] move: Wish|[wisher] Umbreon
|upkeep
|turn|81
|
|t:|1615442070
|move|p1a: Raikou|Aura Sphere|p2a: Umbreon
|-supereffective|p2a: Umbreon
|-damage|p2a: Umbreon|63/100
|move|p2a: Umbreon|Wish|p2a: Umbreon
|
|upkeep
|turn|82
|
|t:|1615442074
|move|p1a: Raikou|Aura Sphere|p2a: Umbreon
|-supereffective|p2a: Umbreon
|-damage|p2a: Umbreon|38/100
|move|p2a: Umbreon|Foul Play|p1a: Raikou
|-damage|p1a: Raikou|14/100
|
|-heal|p2a: Umbreon|88/100|[from] move: Wish|[wisher] Umbreon
|upkeep
|turn|83
|
|t:|1615442079
|move|p1a: Raikou|Aura Sphere|p2a: Umbreon
|-supereffective|p2a: Umbreon
|-damage|p2a: Umbreon|63/100
|move|p2a: Umbreon|Wish|p2a: Umbreon
|
|upkeep
|turn|84
|
|t:|1615442083
|move|p1a: Raikou|Volt Switch|p2a: Umbreon
|-damage|p2a: Umbreon|44/100
|
|t:|1615442085
|switch|p1a: Zarude|Zarude|79/100|[from]move: Volt Switch
|move|p2a: Umbreon|Foul Play|p1a: Zarude
|-resisted|p1a: Zarude
|-damage|p1a: Zarude|57/100
|
|-heal|p2a: Umbreon|94/100|[from] move: Wish|[wisher] Umbreon
|upkeep
|turn|85
|
|t:|1615442090
|move|p2a: Umbreon|Protect|p2a: Umbreon
|-singleturn|p2a: Umbreon|Protect
|move|p1a: Zarude|U-turn|p2a: Umbreon
|-activate|p2a: Umbreon|move: Protect
|
|upkeep
|turn|86
|
|t:|1615442097
|move|p1a: Zarude|Power Whip|p2a: Umbreon
|-damage|p2a: Umbreon|47/100
|move|p2a: Umbreon|Wish|p2a: Umbreon
|
|upkeep
|turn|87
|
|t:|1615442105
|switch|p1a: Raikou|Raikou|14/100
|-ability|p1a: Raikou|Pressure
|move|p2a: Umbreon|Foul Play|p1a: Raikou
|-damage|p1a: Raikou|0 fnt
|faint|p1a: Raikou
|
|-heal|p2a: Umbreon|97/100|[from] move: Wish|[wisher] Umbreon
|upkeep
|
|t:|1615442109
|switch|p1a: Golisopod|Golisopod, M|38/100 tox
|turn|88
|
|t:|1615442119
|move|p2a: Umbreon|Protect|p2a: Umbreon
|-singleturn|p2a: Umbreon|Protect
|move|p1a: Golisopod|First Impression|p2a: Umbreon
|-activate|p2a: Umbreon|move: Protect
|
|-damage|p1a: Golisopod|32/100 tox|[from] psn
|upkeep
|turn|89
|
|t:|1615442123
|move|p2a: Umbreon|Foul Play|p1a: Golisopod
|-damage|p1a: Golisopod|0 fnt
|faint|p1a: Golisopod
|
|upkeep
|-message|Feliburn forfeited.
|
|win|based carnage
|n|☆Feliburn|feliburn
|n|☆based carnage|basedcarnage
|n|*Lady Monita|ladymonita
|n| sam jeffrin|samjeffrin
|n| Charuru|charuru
|n| dnooage|dnooage
|n| percy12321|percy12321
|n| 7-balu|7balu
|n| Edfggvc|edfggvc
