|html|<div class="broadcast-blue"><strong>[Gen 8] RU is currently suspecting Zygarde-10%! For information on how to participate check out the <a href="https://www.smogon.com/forums/threads/np-ru-stage-6-i-wanna-be-your-dog-zygarde-10-suspect-test.3679181/#post-8768959">suspect thread</a>.</strong></div>
|j|☆ruz9 locked up
|j|☆doc loleki
|t:|1615133939
|player|p1|ruz9 locked up|lucas|1481
|player|p2|doc loleki|guitarist|1489
|teamsize|p1|6
|teamsize|p2|6
|gametype|singles
|gen|8
|tier|[Gen 8] RU
|rated|
|clearpoke
|poke|p1|Togekiss, M|
|poke|p1|Zarude|
|poke|p1|Raikou|
|poke|p1|Registeel|
|poke|p1|Chandelure, M|
|poke|p1|Gastrodon, F|
|poke|p2|Roserade, M|
|poke|p2|Seismitoad, M|
|poke|p2|Togekiss, M|
|poke|p2|Reuniclus, M|
|poke|p2|Cobalion|
|poke|p2|Xurkitree|
|rule|Sleep Clause Mod: Limit one foe put to sleep
|rule|Species Clause: Limit one of each Pokémon
|rule|OHKO Clause: OHKO moves are banned
|rule|Evasion Moves Clause: Evasion moves are banned
|rule|Endless Battle Clause: Forcing endless battles is banned
|rule|HP Percentage Mod: HP is shown in percentages
|rule|Dynamax Clause: You cannot dynamax
|teampreview
|inactive|Battle timer is ON: inactive players will automatically lose when time's up. (requested by ruz9 locked up)
|
|t:|1615133987
|start
|switch|p1a: The Steel|Registeel|100/100
|switch|p2a: Xurkitree|Xurkitree|100/100
|turn|1
|
|t:|1615133995
|move|p2a: Xurkitree|Volt Switch|p1a: The Steel
|-damage|p1a: The Steel|79/100
|
|t:|1615133997
|switch|p2a: Seismitoad|Seismitoad, M|100/100|[from]move: Volt Switch
|move|p1a: The Steel|Toxic|p2a: Seismitoad
|-status|p2a: Seismitoad|tox
|
|-heal|p1a: The Steel|85/100|[from] item: Leftovers
|-damage|p2a: Seismitoad|94/100 tox|[from] psn
|upkeep
|turn|2
|
|t:|1615134001
|move|p2a: Seismitoad|Knock Off|p1a: The Steel
|-damage|p1a: The Steel|71/100
|-enditem|p1a: The Steel|Leftovers|[from] move: Knock Off|[of] p2a: Seismitoad
|move|p1a: The Steel|Stealth Rock|p2a: Seismitoad
|-sidestart|p2: doc loleki|move: Stealth Rock
|
|-heal|p2a: Seismitoad|100/100 tox|[from] item: Leftovers
|-damage|p2a: Seismitoad|88/100 tox|[from] psn
|upkeep
|turn|3
|
|t:|1615134005
|move|p2a: Seismitoad|Stealth Rock|p1a: The Steel
|-sidestart|p1: ruz9 locked up|move: Stealth Rock
|move|p1a: The Steel|Seismic Toss|p2a: Seismitoad
|-damage|p2a: Seismitoad|64/100 tox
|
|-heal|p2a: Seismitoad|70/100 tox|[from] item: Leftovers
|-damage|p2a: Seismitoad|52/100 tox|[from] psn
|upkeep
|turn|4
|
|t:|1615134008
|switch|p2a: Cobalion|Cobalion|100/100
|-damage|p2a: Cobalion|97/100|[from] Stealth Rock
|switch|p1a: The Dada|Zarude|100/100
|
|upkeep
|turn|5
|
|t:|1615134012
|switch|p1a: The Slug|Gastrodon, F|100/100
|move|p2a: Cobalion|Swords Dance|p2a: Cobalion
|-boost|p2a: Cobalion|atk|2
|
|upkeep
|turn|6
|
|t:|1615134015
|move|p2a: Cobalion|Iron Head|p1a: The Slug
|-resisted|p1a: The Slug
|-damage|p1a: The Slug|78/100
|move|p1a: The Slug|Earth Power|p2a: Cobalion
|-supereffective|p2a: Cobalion
|-damage|p2a: Cobalion|19/100
|
|upkeep
|turn|7
|
|t:|1615134020
|move|p2a: Cobalion|Close Combat|p1a: The Slug
|-damage|p1a: The Slug|0 fnt
|-unboost|p2a: Cobalion|def|1
|-unboost|p2a: Cobalion|spd|1
|faint|p1a: The Slug
|
|upkeep
|
|t:|1615134022
|switch|p1a: The Kou|Raikou|100/100
|-ability|p1a: The Kou|Pressure
|turn|8
|
|t:|1615134026
|switch|p2a: Seismitoad|Seismitoad, M|52/100 tox
|-damage|p2a: Seismitoad|46/100 tox|[from] Stealth Rock
|move|p1a: The Kou|Aura Sphere|p2a: Seismitoad
|-damage|p2a: Seismitoad|21/100 tox
|
|-heal|p2a: Seismitoad|27/100 tox|[from] item: Leftovers
|-damage|p2a: Seismitoad|21/100 tox|[from] psn
|upkeep
|turn|9
|
|t:|1615134032
|switch|p2a: Reuniclus|Reuniclus, M|100/100
|-damage|p2a: Reuniclus|88/100|[from] Stealth Rock
|move|p1a: The Kou|Aura Sphere|p2a: Reuniclus
|-resisted|p2a: Reuniclus
|-damage|p2a: Reuniclus|82/100
|
|upkeep
|turn|10
|
|t:|1615134043
|move|p1a: The Kou|Volt Switch|p2a: Reuniclus
|-damage|p2a: Reuniclus|66/100
|
|t:|1615134045
|switch|p1a: The Steel|Registeel|71/100|[from]move: Volt Switch
|-damage|p1a: The Steel|65/100|[from] Stealth Rock
|move|p2a: Reuniclus|Focus Blast|p1a: The Steel|[miss]
|-miss|p2a: Reuniclus|p1a: The Steel
|
|upkeep
|turn|11
|
|t:|1615134051
|move|p1a: The Steel|Toxic|p2a: Reuniclus
|-status|p2a: Reuniclus|tox
|move|p2a: Reuniclus|Focus Blast|p1a: The Steel|[miss]
|-miss|p2a: Reuniclus|p1a: The Steel
|
|-damage|p2a: Reuniclus|60/100 tox|[from] psn
|upkeep
|turn|12
|
|t:|1615134054
|move|p1a: The Steel|Seismic Toss|p2a: Reuniclus
|-damage|p2a: Reuniclus|36/100 tox
|move|p2a: Reuniclus|Focus Blast|p1a: The Steel
|-supereffective|p1a: The Steel
|-damage|p1a: The Steel|27/100
|
|-damage|p2a: Reuniclus|24/100 tox|[from] psn
|upkeep
|turn|13
|
|t:|1615134061
|switch|p2a: Togekiss|Togekiss, M|100/100
|move|p1a: The Steel|Thunder Wave|p2a: Togekiss
|-status|p2a: Togekiss|par
|
|upkeep
|turn|14
|
|t:|1615134067
|switch|p1a: The Kou|Raikou|100/100
|-ability|p1a: The Kou|Pressure
|move|p2a: Togekiss|Flamethrower|p1a: The Kou
|-damage|p1a: The Kou|68/100
|
|upkeep
|turn|15
|
|t:|1615134070
|move|p1a: The Kou|Thunderbolt|p2a: Togekiss
|-supereffective|p2a: Togekiss
|-damage|p2a: Togekiss|11/100 par
|cant|p2a: Togekiss|par
|
|upkeep
|turn|16
|
|t:|1615134076
|switch|p2a: Seismitoad|Seismitoad, M|21/100 tox
|-damage|p2a: Seismitoad|15/100 tox|[from] Stealth Rock
|move|p1a: The Kou|Volt Switch|p2a: Seismitoad
|-immune|p2a: Seismitoad
|
|-heal|p2a: Seismitoad|21/100 tox|[from] item: Leftovers
|-damage|p2a: Seismitoad|15/100 tox|[from] psn
|upkeep
|turn|17
|
|t:|1615134078
|switch|p2a: Reuniclus|Reuniclus, M|57/100 tox
|-damage|p2a: Reuniclus|45/100 tox|[from] Stealth Rock
|move|p1a: The Kou|Aura Sphere|p2a: Reuniclus
|-resisted|p2a: Reuniclus
|-damage|p2a: Reuniclus|38/100 tox
|
|-damage|p2a: Reuniclus|32/100 tox|[from] psn
|upkeep
|turn|18
|
|t:|1615134083
|move|p1a: The Kou|Thunderbolt|p2a: Reuniclus
|-damage|p2a: Reuniclus|9/100 tox
|move|p2a: Reuniclus|Focus Blast|p1a: The Kou
|-crit|p1a: The Kou
|-damage|p1a: The Kou|6/100
|
|-damage|p2a: Reuniclus|0 fnt|[from] psn
|faint|p2a: Reuniclus
|upkeep
|
|t:|1615134088
|switch|p2a: Xurkitree|Xurkitree|100/100
|-damage|p2a: Xurkitree|88/100|[from] Stealth Rock
|turn|19
|
|t:|1615134095
|switch|p1a: The Steel|Registeel|27/100
|-damage|p1a: The Steel|21/100|[from] Stealth Rock
|move|p2a: Xurkitree|Dazzling Gleam|p1a: The Steel
|-resisted|p1a: The Steel
|-damage|p1a: The Steel|12/100
|
|upkeep
|turn|20
|
|t:|1615134106
|switch|p2a: Roserade|Roserade, M|100/100
|-damage|p2a: Roserade|88/100|[from] Stealth Rock
|move|p1a: The Steel|Seismic Toss|p2a: Roserade
|-damage|p2a: Roserade|50/100
|
|-heal|p2a: Roserade|56/100|[from] item: Black Sludge
|upkeep
|turn|21
|
|t:|1615134110
|move|p2a: Roserade|Spikes|p1a: The Steel
|-sidestart|p1: ruz9 locked up|Spikes
|move|p1a: The Steel|Thunder Wave|p2a: Roserade
|-status|p2a: Roserade|par
|
|-heal|p2a: Roserade|62/100 par|[from] item: Black Sludge
|upkeep
|turn|22
|
|t:|1615134115
|switch|p1a: The Chandelier|Chandelure, M|100/100
|move|p2a: Roserade|Sludge Bomb|p1a: The Chandelier
|-resisted|p1a: The Chandelier
|-damage|p1a: The Chandelier|68/100
|
|-heal|p2a: Roserade|68/100 par|[from] item: Black Sludge
|upkeep
|turn|23
|
|t:|1615134124
|switch|p2a: Togekiss|Togekiss, M|11/100 par
|move|p1a: The Chandelier|Flamethrower|p2a: Togekiss
|-damage|p2a: Togekiss|0 fnt
|faint|p2a: Togekiss
|
|upkeep
|
|t:|1615134125
|switch|p2a: Xurkitree|Xurkitree|88/100
|-damage|p2a: Xurkitree|76/100|[from] Stealth Rock
|turn|24
|
|t:|1615134128
|switch|p1a: The Steel|Registeel|12/100
|-damage|p1a: The Steel|0 fnt|[from] Spikes
|faint|p1a: The Steel
|move|p2a: Xurkitree|Thunderbolt|p1: The Steel|[notarget]
|-fail|p2a: Xurkitree
|
|upkeep
|
|t:|1615134130
|switch|p1a: The Dada|Zarude|100/100
|turn|25
|
|t:|1615134134
|switch|p2a: Seismitoad|Seismitoad, M|15/100 tox
|-damage|p2a: Seismitoad|9/100 tox|[from] Stealth Rock
|move|p1a: The Dada|Darkest Lariat|p2a: Seismitoad
|-damage|p2a: Seismitoad|0 fnt
|faint|p2a: Seismitoad
|
|upkeep
|
|t:|1615134137
|switch|p2a: Cobalion|Cobalion|19/100
|-damage|p2a: Cobalion|16/100|[from] Stealth Rock
|turn|26
|
|t:|1615134149
|switch|p1a: The Flincher|Togekiss, M|100/100
|move|p2a: Cobalion|Close Combat|p1a: The Flincher
|-resisted|p1a: The Flincher
|-damage|p1a: The Flincher|91/100
|-unboost|p2a: Cobalion|def|1
|-unboost|p2a: Cobalion|spd|1
|
|upkeep
|turn|27
|
|t:|1615134152
|move|p2a: Cobalion|Iron Head|p1a: The Flincher
|-supereffective|p1a: The Flincher
|-damage|p1a: The Flincher|38/100
|move|p1a: The Flincher|Air Slash|p2a: Cobalion
|-damage|p2a: Cobalion|0 fnt
|faint|p2a: Cobalion
|
|upkeep
|
|t:|1615134156
|switch|p2a: Xurkitree|Xurkitree|76/100
|-damage|p2a: Xurkitree|63/100|[from] Stealth Rock
|turn|28
|
|t:|1615134159
|move|p2a: Xurkitree|Dazzling Gleam|p1a: The Flincher
|-damage|p1a: The Flincher|11/100
|move|p1a: The Flincher|Air Slash|p2a: Xurkitree
|-resisted|p2a: Xurkitree
|-damage|p2a: Xurkitree|40/100
|
|upkeep
|turn|29
|
|t:|1615134162
|move|p2a: Xurkitree|Dazzling Gleam|p1a: The Flincher
|-damage|p1a: The Flincher|0 fnt
|faint|p1a: The Flincher
|-ability|p2a: Xurkitree|Beast Boost|boost
|-boost|p2a: Xurkitree|spa|1
|
|upkeep
|
|t:|1615134165
|switch|p1a: The Chandelier|Chandelure, M|68/100
|turn|30
|
|t:|1615134167
|move|p2a: Xurkitree|Dazzling Gleam|p1a: The Chandelier
|-resisted|p1a: The Chandelier
|-damage|p1a: The Chandelier|30/100
|move|p1a: The Chandelier|Flamethrower|p2a: Xurkitree
|-damage|p2a: Xurkitree|0 fnt
|faint|p2a: Xurkitree
|
|upkeep
|
|t:|1615134170
|switch|p2a: Roserade|Roserade, M|68/100
|-damage|p2a: Roserade|56/100|[from] Stealth Rock
|turn|31
|
|t:|1615134172
|move|p2a: Roserade|Sludge Bomb|p1a: The Chandelier
|-resisted|p1a: The Chandelier
|-damage|p1a: The Chandelier|0 fnt
|faint|p1a: The Chandelier
|
|-heal|p2a: Roserade|62/100|[from] item: Black Sludge
|upkeep
|
|t:|1615134175
|switch|p1a: The Dada|Zarude|100/100
|turn|32
|
|t:|1615134181
|move|p1a: The Dada|U-turn|p2a: Roserade
|-damage|p2a: Roserade|21/100
|
|t:|1615134184
|switch|p1a: The Kou|Raikou|6/100|[from]move: U-turn
|-ability|p1a: The Kou|Pressure
|move|p2a: Roserade|Sludge Bomb|p1a: The Kou
|-damage|p1a: The Kou|0 fnt
|faint|p1a: The Kou
|
|-heal|p2a: Roserade|27/100|[from] item: Black Sludge
|upkeep
|
|t:|1615134185
|switch|p1a: The Dada|Zarude|100/100
|turn|33
|
|t:|1615134188
|move|p1a: The Dada|U-turn|p2a: Roserade
|-damage|p2a: Roserade|0 fnt
|faint|p2a: Roserade
|
|win|ruz9 locked up
|l|☆doc loleki
|j| HYDREIGON SPECS
|l| HYDREIGON SPECS
