|j|☆Johny Rafa_87
|j|☆epicowl10
|t:|1631660290
|gametype|singles
|player|p1|Johny Rafa_87|lucas-gen4pt|1319
|player|p2|epicowl10|lucas|1463
|teamsize|p1|6
|teamsize|p2|6
|gen|8
|tier|[Gen 8] RU
|rated|
|rule|Sleep Clause Mod: Limit one foe put to sleep
|rule|Species Clause: Limit one of each Pokémon
|rule|OHKO Clause: OHKO moves are banned
|rule|Evasion Moves Clause: Evasion moves are banned
|rule|Endless Battle Clause: Forcing endless battles is banned
|rule|HP Percentage Mod: HP is shown in percentages
|rule|Dynamax Clause: You cannot dynamax
|clearpoke
|poke|p1|Heracross, M|
|poke|p1|Crobat, M|
|poke|p1|Xurkitree|
|poke|p1|Milotic, F|
|poke|p1|Steelix, F|
|poke|p1|Darmanitan, M|
|poke|p2|Mimikyu, M|
|poke|p2|Darmanitan, F|
|poke|p2|Araquanid, M|
|poke|p2|Flygon, F|
|poke|p2|Regidrago|
|poke|p2|Toxtricity, F|
|teampreview
|
|t:|1631660315
|start
|switch|p1a: Darmanitan|Darmanitan, M|100/100
|switch|p2a: Toxtricity|Toxtricity, F|100/100
|turn|1
|
|t:|1631660321
|switch|p2a: Flygon|Flygon, F|100/100
|move|p1a: Darmanitan|Flare Blitz|p2a: Flygon
|-resisted|p2a: Flygon
|-damage|p2a: Flygon|64/100
|-damage|p1a: Darmanitan|84/100|[from] item: Rocky Helmet|[of] p2a: Flygon
|-damage|p1a: Darmanitan|71/100|[from] Recoil
|
|upkeep
|turn|2
|
|t:|1631660326
|switch|p1a: Milotic|Milotic, F|100/100
|move|p2a: Flygon|U-turn|p1a: Milotic
|-damage|p1a: Milotic|89/100
|
|t:|1631660334
|switch|p2a: Regidrago|Regidrago|100/100|[from]move: U-turn
|
|-status|p1a: Milotic|brn|[from] item: Flame Orb
|upkeep
|turn|3
|
|t:|1631660338
|switch|p1a: Steelix|Steelix, F|100/100
|move|p2a: Regidrago|Dragon Energy|p1a: Steelix
|-resisted|p1a: Steelix
|-damage|p1a: Steelix|31/100
|
|-heal|p1a: Steelix|38/100|[from] item: Leftovers
|upkeep
|turn|4
|
|t:|1631660346
|move|p2a: Regidrago|Dragon Energy|p1a: Steelix
|-resisted|p1a: Steelix
|-damage|p1a: Steelix|0 fnt
|faint|p1a: Steelix
|
|upkeep
|
|t:|1631660351
|switch|p1a: Heracross|Heracross, M|100/100
|turn|5
|
|t:|1631660365
|switch|p2a: Mimikyu|Mimikyu, M|100/100
|move|p1a: Heracross|Knock Off|p2a: Mimikyu
|-activate|p2a: Mimikyu|ability: Disguise
|-damage|p2a: Mimikyu|100/100
|-enditem|p2a: Mimikyu|Life Orb|[from] move: Knock Off|[of] p1a: Heracross
|detailschange|p2a: Mimikyu|Mimikyu-Busted, M
|-damage|p2a: Mimikyu|88/100|[from] pokemon: Mimikyu-Busted
|
|-status|p1a: Heracross|brn|[from] item: Flame Orb
|upkeep
|turn|6
|
|t:|1631660373
|switch|p1a: Milotic|Milotic, F|89/100 brn
|move|p2a: Mimikyu|Play Rough|p1a: Milotic
|-damage|p1a: Milotic|72/100 brn
|
|-damage|p1a: Milotic|66/100 brn|[from] brn
|upkeep
|turn|7
|inactive|Battle timer is ON: inactive players will automatically lose when time's up. (requested by Johny Rafa_87)
|
|t:|1631660413
|switch|p2a: Araquanid|Araquanid, M|100/100
|move|p1a: Milotic|Recover|p1a: Milotic
|-heal|p1a: Milotic|100/100 brn
|
|-damage|p1a: Milotic|94/100 brn|[from] brn
|upkeep
|turn|8
|
|t:|1631660417
|move|p1a: Milotic|Toxic|p2a: Araquanid
|-status|p2a: Araquanid|tox
|move|p2a: Araquanid|Sticky Web|p1a: Milotic
|-sidestart|p1: Johny Rafa_87|move: Sticky Web
|
|-damage|p2a: Araquanid|94/100 tox|[from] psn
|-damage|p1a: Milotic|88/100 brn|[from] brn
|upkeep
|turn|9
|
|t:|1631660424
|switch|p1a: Crobat|Crobat, M|100/100
|switch|p2a: Toxtricity|Toxtricity, F|100/100
|
|upkeep
|turn|10
|
|t:|1631660427
|move|p1a: Crobat|U-turn|p2a: Toxtricity
|-resisted|p2a: Toxtricity
|-damage|p2a: Toxtricity|88/100
|
|t:|1631660432
|switch|p1a: Xurkitree|Xurkitree|100/100|[from]move: U-turn
|move|p2a: Toxtricity|Shift Gear|p2a: Toxtricity
|-boost|p2a: Toxtricity|spe|2
|-boost|p2a: Toxtricity|atk|1
|
|upkeep
|turn|11
|
|t:|1631660437
|move|p2a: Toxtricity|Boomburst|p1a: Xurkitree
|-damage|p1a: Xurkitree|0 fnt
|faint|p1a: Xurkitree
|-damage|p2a: Toxtricity|79/100|[from] item: Life Orb
|
|upkeep
|-message|Johny Rafa_87 forfeited.
|
|win|epicowl10
|l|☆Johny Rafa_87
|raw|Johny Rafa_87's rating: 1319 &rarr; <strong>1307</strong><br />(-12 for losing)
|raw|epicowl10's rating: 1464 &rarr; <strong>1476</strong><br />(+12 for winning)
