|j|☆potabano
|j|☆NilsBoy
|t:|1631692992
|gametype|singles
|player|p1|potabano|worker-gen4|1324
|player|p2|NilsBoy|266|1344
|teamsize|p1|6
|teamsize|p2|6
|gen|8
|tier|[Gen 8] RU
|rated|
|rule|Sleep Clause Mod: Limit one foe put to sleep
|rule|Species Clause: Limit one of each Pokémon
|rule|OHKO Clause: OHKO moves are banned
|rule|Evasion Moves Clause: Evasion moves are banned
|rule|Endless Battle Clause: Forcing endless battles is banned
|rule|HP Percentage Mod: HP is shown in percentages
|rule|Dynamax Clause: You cannot dynamax
|clearpoke
|poke|p1|Heracross, M|
|poke|p1|Noivern, F|
|poke|p1|Incineroar, M|
|poke|p1|Mimikyu, F|
|poke|p1|Porygon2|
|poke|p1|Seismitoad, M|
|poke|p2|Klefki, F|
|poke|p2|Snorlax, M|
|poke|p2|Xurkitree|
|poke|p2|Cobalion|
|poke|p2|Volcanion|
|poke|p2|Heracross, M|
|teampreview
|
|t:|1631693004
|start
|switch|p1a: Incineroar|Incineroar, M|100/100
|switch|p2a: Klefki|Klefki, F|100/100
|-ability|p1a: Incineroar|Intimidate|boost
|-unboost|p2a: Klefki|atk|1
|turn|1
|inactive|Battle timer is ON: inactive players will automatically lose when time's up. (requested by NilsBoy)
|
|t:|1631693008
|switch|p2a: Volcanion|Volcanion|100/100
|move|p1a: Incineroar|Fake Out|p2a: Volcanion
|-damage|p2a: Volcanion|91/100
|
|upkeep
|turn|2
|
|t:|1631693014
|switch|p1a: Seismitoad|Seismitoad, M|100/100
|move|p2a: Volcanion|Steam Eruption|p1a: Seismitoad
|-immune|p1a: Seismitoad|[from] ability: Water Absorb
|
|upkeep
|turn|3
|
|t:|1631693018
|switch|p2a: Klefki|Klefki, F|100/100
|move|p1a: Seismitoad|Stealth Rock|p2a: Klefki
|-sidestart|p2: NilsBoy|move: Stealth Rock
|
|upkeep
|turn|4
|
|t:|1631693022
|move|p2a: Klefki|Switcheroo|p1a: Seismitoad
|-activate|p2a: Klefki|move: Trick|[of] p1a: Seismitoad
|-item|p1a: Seismitoad|Choice Scarf|[from] move: Switcheroo
|-item|p2a: Klefki|Leftovers|[from] move: Switcheroo
|move|p1a: Seismitoad|Earth Power|p2a: Klefki
|-supereffective|p2a: Klefki
|-damage|p2a: Klefki|36/100
|-unboost|p2a: Klefki|spd|1
|
|-heal|p2a: Klefki|42/100|[from] item: Leftovers
|upkeep
|turn|5
|
|t:|1631693036
|move|p2a: Klefki|Defog|p1a: Seismitoad
|-unboost|p1a: Seismitoad|evasion|1
|-sideend|p2: NilsBoy|Stealth Rock|[from] move: Defog|[of] p2a: Klefki
|move|p1a: Seismitoad|Earth Power|p2a: Klefki
|-supereffective|p2a: Klefki
|-damage|p2a: Klefki|0 fnt
|faint|p2a: Klefki
|
|upkeep
|
|t:|1631693041
|switch|p2a: Snorlax|Snorlax, M|100/100
|turn|6
|
|t:|1631693044
|switch|p1a: Incineroar|Incineroar, M|100/100
|-ability|p1a: Incineroar|Intimidate|boost
|-unboost|p2a: Snorlax|atk|1
|move|p2a: Snorlax|Body Slam|p1a: Incineroar
|-damage|p1a: Incineroar|69/100
|
|upkeep
|turn|7
|
|t:|1631693048
|switch|p2a: Cobalion|Cobalion|100/100
|move|p1a: Incineroar|Fake Out|p2a: Cobalion
|-resisted|p2a: Cobalion
|-damage|p2a: Cobalion|97/100
|-damage|p1a: Incineroar|52/100|[from] item: Rocky Helmet|[of] p2a: Cobalion
|
|upkeep
|turn|8
|
|t:|1631693053
|switch|p2a: Volcanion|Volcanion|91/100
|move|p1a: Incineroar|Parting Shot|p2a: Volcanion
|-unboost|p2a: Volcanion|atk|1
|-unboost|p2a: Volcanion|spa|1
|
|t:|1631693057
|switch|p1a: Seismitoad|Seismitoad, M|100/100|[from]move: Parting Shot
|
|upkeep
|turn|9
|
|t:|1631693062
|switch|p2a: Xurkitree|Xurkitree|100/100
|move|p1a: Seismitoad|Stealth Rock|p2a: Xurkitree
|-sidestart|p2: NilsBoy|move: Stealth Rock
|
|upkeep
|turn|10
|
|t:|1631693066
|switch|p1a: Porygon2|Porygon2|100/100
|move|p2a: Xurkitree|Substitute|p2a: Xurkitree
|-start|p2a: Xurkitree|Substitute
|-damage|p2a: Xurkitree|76/100
|
|-heal|p2a: Xurkitree|82/100|[from] item: Leftovers
|upkeep
|turn|11
|
|t:|1631693072
|move|p2a: Xurkitree|Calm Mind|p2a: Xurkitree
|-boost|p2a: Xurkitree|spa|1
|-boost|p2a: Xurkitree|spd|1
|move|p1a: Porygon2|Tri Attack|p2a: Xurkitree
|-end|p2a: Xurkitree|Substitute
|
|-heal|p2a: Xurkitree|88/100|[from] item: Leftovers
|upkeep
|turn|12
|
|t:|1631693078
|move|p2a: Xurkitree|Substitute|p2a: Xurkitree
|-start|p2a: Xurkitree|Substitute
|-damage|p2a: Xurkitree|63/100
|move|p1a: Porygon2|Tri Attack|p2a: Xurkitree
|-end|p2a: Xurkitree|Substitute
|
|-heal|p2a: Xurkitree|70/100|[from] item: Leftovers
|upkeep
|turn|13
|
|t:|1631693081
|move|p2a: Xurkitree|Calm Mind|p2a: Xurkitree
|-boost|p2a: Xurkitree|spa|1
|-boost|p2a: Xurkitree|spd|1
|move|p1a: Porygon2|Tri Attack|p2a: Xurkitree
|-damage|p2a: Xurkitree|43/100
|
|-heal|p2a: Xurkitree|49/100|[from] item: Leftovers
|upkeep
|turn|14
|
|t:|1631693085
|move|p2a: Xurkitree|Substitute|p2a: Xurkitree
|-start|p2a: Xurkitree|Substitute
|-damage|p2a: Xurkitree|24/100
|move|p1a: Porygon2|Tri Attack|p2a: Xurkitree
|-end|p2a: Xurkitree|Substitute
|
|-heal|p2a: Xurkitree|30/100|[from] item: Leftovers
|upkeep
|turn|15
|
|t:|1631693087
|move|p2a: Xurkitree|Calm Mind|p2a: Xurkitree
|-boost|p2a: Xurkitree|spa|1
|-boost|p2a: Xurkitree|spd|1
|move|p1a: Porygon2|Tri Attack|p2a: Xurkitree
|-damage|p2a: Xurkitree|8/100
|
|-heal|p2a: Xurkitree|14/100|[from] item: Leftovers
|upkeep
|turn|16
|
|t:|1631693091
|move|p2a: Xurkitree|Thunderbolt|p1a: Porygon2
|-damage|p1a: Porygon2|39/100
|move|p1a: Porygon2|Tri Attack|p2a: Xurkitree
|-damage|p2a: Xurkitree|0 fnt
|faint|p2a: Xurkitree
|
|upkeep
|
|t:|1631693096
|switch|p2a: Heracross|Heracross, M|100/100
|-damage|p2a: Heracross|88/100|[from] Stealth Rock
|turn|17
|
|t:|1631693103
|switch|p1a: Incineroar|Incineroar, M|52/100
|-ability|p1a: Incineroar|Intimidate|boost
|-unboost|p2a: Heracross|atk|1
|move|p2a: Heracross|Earthquake|p1a: Incineroar
|-supereffective|p1a: Incineroar
|-damage|p1a: Incineroar|1/100
|
|upkeep
|turn|18
|
|t:|1631693107
|switch|p2a: Cobalion|Cobalion|97/100
|-damage|p2a: Cobalion|94/100|[from] Stealth Rock
|move|p1a: Incineroar|Fake Out|p2a: Cobalion
|-resisted|p2a: Cobalion
|-damage|p2a: Cobalion|90/100
|-damage|p1a: Incineroar|0 fnt|[from] item: Rocky Helmet|[of] p2a: Cobalion
|faint|p1a: Incineroar
|
|upkeep
|
|t:|1631693110
|switch|p1a: Noivern|Noivern, F|100/100
|turn|19
|
|t:|1631693113
|move|p1a: Noivern|Boomburst|p2a: Cobalion
|-resisted|p2a: Cobalion
|-damage|p2a: Cobalion|65/100
|-enditem|p1a: Noivern|Throat Spray
|-boost|p1a: Noivern|spa|1|[from] item: Throat Spray
|move|p2a: Cobalion|Stealth Rock|p1a: Noivern
|-sidestart|p1: potabano|move: Stealth Rock
|
|upkeep
|turn|20
|
|t:|1631693116
|move|p1a: Noivern|Flamethrower|p2a: Cobalion
|-supereffective|p2a: Cobalion
|-damage|p2a: Cobalion|0 fnt
|faint|p2a: Cobalion
|
|upkeep
|
|t:|1631693121
|switch|p2a: Snorlax|Snorlax, M|100/100
|-damage|p2a: Snorlax|88/100|[from] Stealth Rock
|turn|21
|
|t:|1631693124
|move|p1a: Noivern|Draco Meteor|p2a: Snorlax
|-damage|p2a: Snorlax|57/100
|-unboost|p1a: Noivern|spa|2
|move|p2a: Snorlax|Ice Punch|p1a: Noivern
|-supereffective|p1a: Noivern
|-damage|p1a: Noivern|0 fnt
|faint|p1a: Noivern
|
|upkeep
|
|t:|1631693131
|switch|p1a: Mimikyu|Mimikyu, F|100/100
|-damage|p1a: Mimikyu|88/100|[from] Stealth Rock
|turn|22
|
|t:|1631693140
|move|p1a: Mimikyu|Swords Dance|p1a: Mimikyu
|-boost|p1a: Mimikyu|atk|2
|move|p2a: Snorlax|Earthquake|p1a: Mimikyu
|-activate|p1a: Mimikyu|ability: Disguise
|-damage|p1a: Mimikyu|88/100
|detailschange|p1a: Mimikyu|Mimikyu-Busted, F
|-damage|p1a: Mimikyu|76/100|[from] pokemon: Mimikyu-Busted
|
|upkeep
|turn|23
|
|t:|1631693144
|move|p1a: Mimikyu|Drain Punch|p2a: Snorlax
|-supereffective|p2a: Snorlax
|-damage|p2a: Snorlax|0 fnt
|-heal|p1a: Mimikyu|100/100|[from] drain|[of] p2a: Snorlax
|faint|p2a: Snorlax
|
|upkeep
|
|t:|1631693147
|switch|p2a: Volcanion|Volcanion|91/100
|turn|24
|
|t:|1631693150
|move|p1a: Mimikyu|Play Rough|p2a: Volcanion
|-resisted|p2a: Volcanion
|-damage|p2a: Volcanion|62/100
|move|p2a: Volcanion|Steam Eruption|p1a: Mimikyu
|-damage|p1a: Mimikyu|20/100
|
|upkeep
|turn|25
|
|t:|1631693153
|move|p1a: Mimikyu|Drain Punch|p2a: Volcanion
|-damage|p2a: Volcanion|27/100
|-heal|p1a: Mimikyu|46/100|[from] drain|[of] p2a: Volcanion
|move|p2a: Volcanion|Flamethrower|p1a: Mimikyu
|-damage|p1a: Mimikyu|0 fnt
|faint|p1a: Mimikyu
|
|upkeep
|
|t:|1631693159
|switch|p1a: Heracross|Heracross, M|100/100
|-damage|p1a: Heracross|88/100|[from] Stealth Rock
|turn|26
|
|t:|1631693162
|move|p1a: Heracross|Close Combat|p2a: Volcanion
|-damage|p2a: Volcanion|0 fnt
|-unboost|p1a: Heracross|def|1
|-unboost|p1a: Heracross|spd|1
|faint|p2a: Volcanion
|-ability|p1a: Heracross|Moxie|boost
|-boost|p1a: Heracross|atk|1
|
|upkeep
|
|t:|1631693165
|switch|p2a: Heracross|Heracross, M|88/100
|-damage|p2a: Heracross|76/100|[from] Stealth Rock
|turn|27
|
|t:|1631693168
|move|p2a: Heracross|Close Combat|p1a: Heracross
|-resisted|p1a: Heracross
|-damage|p1a: Heracross|24/100
|-unboost|p2a: Heracross|def|1
|-unboost|p2a: Heracross|spd|1
|move|p1a: Heracross|Close Combat|p2a: Heracross
|-resisted|p2a: Heracross
|-damage|p2a: Heracross|0 fnt
|-unboost|p1a: Heracross|def|1
|-unboost|p1a: Heracross|spd|1
|faint|p2a: Heracross
|
|win|potabano
|raw|potabano's rating: 1324 &rarr; <strong>1345</strong><br />(+21 for winning)
|raw|NilsBoy's rating: 1344 &rarr; <strong>1323</strong><br />(-21 for losing)
|l|☆NilsBoy
