|raw|<div class="broadcast-red"><strong>This battle is invite-only!</strong><br />Users must be invited with <code>/invite</code> (or be staff) to join</div>
|j|☆RULT4pm Aqua
|j|☆purple mountains
|t:|1598402553
|player|p1|RULT4pm Aqua|aetherfoundation|1432
|player|p2|purple mountains|teammagmagruntf-gen3|1508
|teamsize|p1|6
|teamsize|p2|6
|gametype|singles
|gen|8
|tier|[Gen 8] RU
|rated|
|clearpoke
|poke|p1|Steelix, F|
|poke|p1|Slowbro-Galar, F|
|poke|p1|Quagsire, M|
|poke|p1|Eldegoss, M|
|poke|p1|Mantine, F|
|poke|p1|Umbreon, F|
|poke|p2|Golurk|
|poke|p2|Rotom-Mow|
|poke|p2|Gardevoir, M|
|poke|p2|Copperajah, M|
|poke|p2|Golisopod, M|
|poke|p2|Drapion, F|
|rule|Sleep Clause Mod: Limit one foe put to sleep
|rule|Species Clause: Limit one of each Pokémon
|rule|OHKO Clause: OHKO moves are banned
|rule|Evasion Moves Clause: Evasion moves are banned
|rule|Endless Battle Clause: Forcing endless battles is banned
|rule|HP Percentage Mod: HP is shown in percentages
|rule|Dynamax Clause: You cannot dynamax
|teampreview
|c|☆RULT4pm Aqua|gl hf
|
|t:|1598402565
|start
|switch|p1a: Steelix|Steelix, F|100/100
|switch|p2a: Rotom|Rotom-Mow|100/100
|turn|1
|
|t:|1598402577
|switch|p2a: Copperajah|Copperajah, M|100/100
|switch|p1a: Slowbro|Slowbro-Galar, F|100/100
|
|upkeep
|turn|2
|
|t:|1598402581
|move|p2a: Copperajah|Stealth Rock|p1a: Slowbro
|-sidestart|p1: RULT4pm Aqua|move: Stealth Rock
|move|p1a: Slowbro|Trick|p2a: Copperajah
|-activate|p1a: Slowbro|move: Trick|[of] p2a: Copperajah
|-item|p2a: Copperajah|Black Sludge|[from] move: Trick
|-item|p1a: Slowbro|Leftovers|[from] move: Trick
|
|-damage|p2a: Copperajah|88/100|[from] item: Black Sludge
|upkeep
|turn|3
|
|t:|1598402591
|switch|p2a: Drapion|Drapion, F|100/100
|move|p1a: Slowbro|Sludge Bomb|p2a: Drapion
|-resisted|p2a: Drapion
|-damage|p2a: Drapion|76/100
|
|upkeep
|turn|4
|
|t:|1598402595
|switch|p1a: Quagsire|Quagsire, M|100/100
|-damage|p1a: Quagsire|94/100|[from] Stealth Rock
|move|p2a: Drapion|Knock Off|p1a: Quagsire
|-damage|p1a: Quagsire|60/100
|-enditem|p1a: Quagsire|Leftovers|[from] move: Knock Off|[of] p2a: Drapion
|
|upkeep
|turn|5
|
|t:|1598402616
|move|p2a: Drapion|Toxic Spikes|p1a: Quagsire
|-sidestart|p1: RULT4pm Aqua|move: Toxic Spikes
|move|p1a: Quagsire|Recover|p1a: Quagsire
|-heal|p1a: Quagsire|100/100
|
|upkeep
|turn|6
|
|t:|1598402622
|switch|p2a: Rotom|Rotom-Mow|100/100
|move|p1a: Quagsire|Toxic|p2a: Rotom
|-status|p2a: Rotom|tox
|
|-damage|p2a: Rotom|94/100 tox|[from] psn
|upkeep
|turn|7
|
|t:|1598402642
|switch|p1a: Slowbro|Slowbro-Galar, F|100/100
|-sideend|p1: RULT4pm Aqua|move: Toxic Spikes|[of] p1a: Slowbro
|-damage|p1a: Slowbro|88/100|[from] Stealth Rock
|move|p2a: Rotom|Leaf Storm|p1a: Slowbro
|-resisted|p1a: Slowbro
|-damage|p1a: Slowbro|53/100
|-unboost|p2a: Rotom|spa|2
|
|-heal|p2a: Rotom|100/100 tox|[from] item: Leftovers
|-heal|p1a: Slowbro|59/100|[from] item: Leftovers
|-damage|p2a: Rotom|88/100 tox|[from] psn
|upkeep
|turn|8
|
|t:|1598402652
|switch|p2a: Golurk|Golurk|100/100
|move|p1a: Slowbro|Slack Off|p1a: Slowbro
|-heal|p1a: Slowbro|100/100
|
|upkeep
|turn|9
|
|t:|1598402661
|switch|p1a: Eldegoss|Eldegoss, M|100/100
|-damage|p1a: Eldegoss|88/100|[from] Stealth Rock
|move|p2a: Golurk|Earthquake|p1a: Eldegoss
|-resisted|p1a: Eldegoss
|-damage|p1a: Eldegoss|51/100
|
|upkeep
|turn|10
|
|t:|1598402672
|switch|p2a: Golisopod|Golisopod, M|100/100
|move|p1a: Eldegoss|Giga Drain|p2a: Golisopod
|-damage|p2a: Golisopod|78/100
|-heal|p1a: Eldegoss|63/100|[from] drain|[of] p2a: Golisopod
|
|upkeep
|turn|11
|
|t:|1598402676
|switch|p1a: Mantine|Mantine, F|100/100
|switch|p2a: Rotom|Rotom-Mow|88/100 tox
|
|-heal|p2a: Rotom|94/100 tox|[from] item: Leftovers
|-damage|p2a: Rotom|88/100 tox|[from] psn
|upkeep
|turn|12
|
|t:|1598402682
|switch|p1a: Slowbro|Slowbro-Galar, F|100/100
|-damage|p1a: Slowbro|88/100|[from] Stealth Rock
|move|p2a: Rotom|Nasty Plot|p2a: Rotom
|-boost|p2a: Rotom|spa|2
|
|-heal|p2a: Rotom|94/100 tox|[from] item: Leftovers
|-heal|p1a: Slowbro|94/100|[from] item: Leftovers
|-damage|p2a: Rotom|82/100 tox|[from] psn
|upkeep
|turn|13
|
|t:|1598402690
|move|p2a: Rotom|Volt Switch|p1a: Slowbro
|-damage|p1a: Slowbro|22/100
|
|t:|1598402695
|switch|p2a: Golurk|Golurk|100/100|[from]move: Volt Switch
|move|p1a: Slowbro|Slack Off|p1a: Slowbro
|-heal|p1a: Slowbro|72/100
|
|-heal|p1a: Slowbro|78/100|[from] item: Leftovers
|upkeep
|turn|14
|
|t:|1598402705
|switch|p1a: Eldegoss|Eldegoss, M|96/100
|-damage|p1a: Eldegoss|84/100|[from] Stealth Rock
|move|p2a: Golurk|Poltergeist||[still]
|-fail|p2a: Golurk
|
|upkeep
|turn|15
|
|t:|1598402713
|switch|p2a: Drapion|Drapion, F|76/100
|move|p1a: Eldegoss|Rapid Spin|p2a: Drapion
|-damage|p2a: Drapion|70/100
|-boost|p1a: Eldegoss|spe|1
|-sideend|p1: RULT4pm Aqua|Stealth Rock|[from] move: Rapid Spin|[of] p1a: Eldegoss
|
|upkeep
|turn|16
|
|t:|1598402719
|switch|p1a: Quagsire|Quagsire, M|100/100
|move|p2a: Drapion|Toxic Spikes|p1a: Quagsire
|-sidestart|p1: RULT4pm Aqua|move: Toxic Spikes
|
|upkeep
|turn|17
|
|t:|1598402725
|switch|p2a: Rotom|Rotom-Mow|82/100 tox
|move|p1a: Quagsire|Earthquake|p2a: Rotom
|-immune|p2a: Rotom|[from] ability: Levitate
|
|-heal|p2a: Rotom|88/100 tox|[from] item: Leftovers
|-damage|p2a: Rotom|82/100 tox|[from] psn
|upkeep
|turn|18
|
|t:|1598402733
|switch|p2a: Golurk|Golurk|100/100
|switch|p1a: Slowbro|Slowbro-Galar, F|100/100
|-sideend|p1: RULT4pm Aqua|move: Toxic Spikes|[of] p1a: Slowbro
|
|upkeep
|turn|19
|
|t:|1598402743
|switch|p1a: Eldegoss|Eldegoss, M|100/100
|move|p2a: Golurk|Dynamic Punch|p1a: Eldegoss
|-damage|p1a: Eldegoss|48/100
|-start|p1a: Eldegoss|confusion
|
|upkeep
|turn|20
|c|☆RULT4pm Aqua|u rlly cant break this
|
|t:|1598402750
|switch|p1a: Slowbro|Slowbro-Galar, F|100/100
|move|p2a: Golurk|Dynamic Punch|p1a: Slowbro
|-resisted|p1a: Slowbro
|-damage|p1a: Slowbro|91/100
|-start|p1a: Slowbro|confusion
|
|-heal|p1a: Slowbro|97/100|[from] item: Leftovers
|upkeep
|turn|21
|
|t:|1598402770
|switch|p2a: Drapion|Drapion, F|70/100
|switch|p1a: Eldegoss|Eldegoss, M|82/100
|
|upkeep
|turn|22
|
|t:|1598402775
|switch|p1a: Quagsire|Quagsire, M|100/100
|move|p2a: Drapion|Toxic Spikes|p1a: Quagsire
|-sidestart|p1: RULT4pm Aqua|move: Toxic Spikes
|
|upkeep
|turn|23
|
|t:|1598402809
|switch|p2a: Golisopod|Golisopod, M|78/100
|move|p1a: Quagsire|Earthquake|p2a: Golisopod
|-resisted|p2a: Golisopod
|-damage|p2a: Golisopod|67/100
|
|upkeep
|turn|24
|
|t:|1598402823
|switch|p1a: Mantine|Mantine, F|100/100
|move|p2a: Golisopod|Spikes|p1a: Mantine
|-sidestart|p1: RULT4pm Aqua|Spikes
|
|upkeep
|turn|25
|
|t:|1598402828
|move|p1a: Mantine|Defog|p2a: Golisopod
|-unboost|p2a: Golisopod|evasion|1
|-sideend|p1: RULT4pm Aqua|Spikes|[from] move: Defog|[of] p1a: Mantine
|-sideend|p1: RULT4pm Aqua|Toxic Spikes|[from] move: Defog|[of] p1a: Mantine
|move|p2a: Golisopod|Leech Life|p1a: Mantine
|-resisted|p1a: Mantine
|-damage|p1a: Mantine|81/100
|-heal|p2a: Golisopod|78/100|[from] drain|[of] p1a: Mantine
|
|upkeep
|turn|26
|
|t:|1598402832
|move|p1a: Mantine|Scald|p2a: Golisopod
|-resisted|p2a: Golisopod
|-damage|p2a: Golisopod|65/100
|move|p2a: Golisopod|Spikes|p1a: Mantine
|-sidestart|p1: RULT4pm Aqua|Spikes
|
|upkeep
|turn|27
|
|t:|1598402837
|move|p1a: Mantine|Defog|p2a: Golisopod
|-unboost|p2a: Golisopod|evasion|1
|-sideend|p1: RULT4pm Aqua|Spikes|[from] move: Defog|[of] p1a: Mantine
|move|p2a: Golisopod|Leech Life|p1a: Mantine
|-resisted|p1a: Mantine
|-damage|p1a: Mantine|63/100
|-heal|p2a: Golisopod|75/100|[from] drain|[of] p1a: Mantine
|
|upkeep
|turn|28
|
|t:|1598402848
|switch|p2a: Rotom|Rotom-Mow|82/100 tox
|move|p1a: Mantine|Roost|p1a: Mantine
|-heal|p1a: Mantine|100/100
|-singleturn|p1a: Mantine|move: Roost
|
|-heal|p2a: Rotom|88/100 tox|[from] item: Leftovers
|-damage|p2a: Rotom|82/100 tox|[from] psn
|upkeep
|turn|29
|
|t:|1598402858
|switch|p1a: Eldegoss|Eldegoss, M|100/100
|move|p2a: Rotom|Nasty Plot|p2a: Rotom
|-boost|p2a: Rotom|spa|2
|
|-heal|p2a: Rotom|88/100 tox|[from] item: Leftovers
|-damage|p2a: Rotom|76/100 tox|[from] psn
|upkeep
|turn|30
|
|t:|1598402862
|move|p2a: Rotom|Volt Switch|p1a: Eldegoss
|-resisted|p1a: Eldegoss
|-damage|p1a: Eldegoss|75/100
|
|t:|1598402866
|switch|p2a: Drapion|Drapion, F|70/100|[from]move: Volt Switch
|move|p1a: Eldegoss|Pollen Puff|p2a: Drapion
|-damage|p2a: Drapion|43/100
|
|upkeep
|turn|31
|
|t:|1598402875
|switch|p2a: Rotom|Rotom-Mow|76/100 tox
|switch|p1a: Quagsire|Quagsire, M|100/100
|
|-heal|p2a: Rotom|82/100 tox|[from] item: Leftovers
|-damage|p2a: Rotom|76/100 tox|[from] psn
|upkeep
|turn|32
|
|t:|1598402879
|switch|p1a: Eldegoss|Eldegoss, M|100/100
|move|p2a: Rotom|Volt Switch|p1a: Eldegoss
|-resisted|p1a: Eldegoss
|-damage|p1a: Eldegoss|87/100
|
|t:|1598402885
|switch|p2a: Golisopod|Golisopod, M|75/100|[from]move: Volt Switch
|
|upkeep
|turn|33
|
|t:|1598402906
|switch|p1a: Mantine|Mantine, F|100/100
|move|p2a: Golisopod|Spikes|p1a: Mantine
|-sidestart|p1: RULT4pm Aqua|Spikes
|
|upkeep
|turn|34
|
|t:|1598402916
|move|p1a: Mantine|Defog|p2a: Golisopod
|-unboost|p2a: Golisopod|evasion|1
|-sideend|p1: RULT4pm Aqua|Spikes|[from] move: Defog|[of] p1a: Mantine
|move|p2a: Golisopod|Leech Life|p1a: Mantine
|-resisted|p1a: Mantine
|-damage|p1a: Mantine|81/100
|-heal|p2a: Golisopod|86/100|[from] drain|[of] p1a: Mantine
|
|upkeep
|turn|35
|
|t:|1598402918
|move|p1a: Mantine|Scald|p2a: Golisopod
|-resisted|p2a: Golisopod
|-damage|p2a: Golisopod|74/100
|-status|p2a: Golisopod|brn
|move|p2a: Golisopod|Leech Life|p1a: Mantine
|-resisted|p1a: Mantine
|-damage|p1a: Mantine|72/100
|-heal|p2a: Golisopod|79/100 brn|[from] drain|[of] p1a: Mantine
|
|-damage|p2a: Golisopod|73/100 brn|[from] brn
|upkeep
|turn|36
|
|t:|1598402924
|move|p1a: Mantine|Roost|p1a: Mantine
|-heal|p1a: Mantine|100/100
|-singleturn|p1a: Mantine|move: Roost
|move|p2a: Golisopod|Spikes|p1a: Mantine
|-sidestart|p1: RULT4pm Aqua|Spikes
|
|-damage|p2a: Golisopod|67/100 brn|[from] brn
|upkeep
|turn|37
|
|t:|1598402933
|switch|p2a: Rotom|Rotom-Mow|76/100 tox
|move|p1a: Mantine|Defog|p2a: Rotom
|-unboost|p2a: Rotom|evasion|1
|-sideend|p1: RULT4pm Aqua|Spikes|[from] move: Defog|[of] p1a: Mantine
|
|-heal|p2a: Rotom|82/100 tox|[from] item: Leftovers
|-damage|p2a: Rotom|76/100 tox|[from] psn
|upkeep
|turn|38
|
|t:|1598402950
|switch|p1a: Steelix|Steelix, F|100/100
|move|p2a: Rotom|Volt Switch|p1a: Steelix
|-immune|p1a: Steelix
|
|-heal|p2a: Rotom|82/100 tox|[from] item: Leftovers
|-damage|p2a: Rotom|69/100 tox|[from] psn
|upkeep
|turn|39
|
|t:|1598402957
|switch|p1a: Eldegoss|Eldegoss, M|100/100
|move|p2a: Rotom|Leaf Storm|p1a: Eldegoss
|-resisted|p1a: Eldegoss
|-damage|p1a: Eldegoss|75/100
|-unboost|p2a: Rotom|spa|2
|
|-heal|p2a: Rotom|76/100 tox|[from] item: Leftovers
|-damage|p2a: Rotom|57/100 tox|[from] psn
|upkeep
|turn|40
|
|t:|1598402960
|move|p2a: Rotom|Volt Switch|p1a: Eldegoss
|-resisted|p1a: Eldegoss
|-damage|p1a: Eldegoss|69/100
|
|t:|1598402963
|switch|p2a: Copperajah|Copperajah, M|88/100|[from]move: Volt Switch
|move|p1a: Eldegoss|Pollen Puff|p2a: Copperajah
|-resisted|p2a: Copperajah
|-damage|p2a: Copperajah|81/100
|
|-damage|p2a: Copperajah|69/100|[from] item: Black Sludge
|upkeep
|turn|41
|
|t:|1598402971
|switch|p1a: Mantine|Mantine, F|100/100
|move|p2a: Copperajah|Stealth Rock|p1a: Mantine
|-sidestart|p1: RULT4pm Aqua|move: Stealth Rock
|
|-damage|p2a: Copperajah|56/100|[from] item: Black Sludge
|upkeep
|turn|42
|
|t:|1598402976
|move|p1a: Mantine|Defog|p2a: Copperajah
|-unboost|p2a: Copperajah|evasion|1
|-sideend|p1: RULT4pm Aqua|Stealth Rock|[from] move: Defog|[of] p1a: Mantine
|move|p2a: Copperajah|Power Whip|p1a: Mantine
|-damage|p1a: Mantine|71/100
|
|-damage|p2a: Copperajah|44/100|[from] item: Black Sludge
|upkeep
|turn|43
|
|t:|1598402982
|move|p1a: Mantine|Scald|p2a: Copperajah
|-damage|p2a: Copperajah|25/100
|move|p2a: Copperajah|Power Whip|p1a: Mantine
|-damage|p1a: Mantine|42/100
|
|-damage|p2a: Copperajah|12/100|[from] item: Black Sludge
|upkeep
|turn|44
|c|☆RULT4pm Aqua|oop
|
|t:|1598402992
|switch|p2a: Rotom|Rotom-Mow|57/100 tox
|move|p1a: Mantine|Scald|p2a: Rotom
|-resisted|p2a: Rotom
|-damage|p2a: Rotom|42/100 tox
|
|-heal|p2a: Rotom|49/100 tox|[from] item: Leftovers
|-damage|p2a: Rotom|42/100 tox|[from] psn
|upkeep
|turn|45
|
|t:|1598403006
|switch|p1a: Eldegoss|Eldegoss, M|100/100
|move|p2a: Rotom|Volt Switch|p1a: Eldegoss
|-resisted|p1a: Eldegoss
|-damage|p1a: Eldegoss|88/100
|c|☆RULT4pm Aqua|out of all that u decide to keep ur copper
|c|☆RULT4pm Aqua|like what
|
|t:|1598403037
|switch|p2a: Gardevoir|Gardevoir, M|100/100|[from]move: Volt Switch
|-ability|p2a: Gardevoir|Regenerator|[from] ability: Trace|[of] p1a: Eldegoss
|
|upkeep
|turn|46
|raw|<div class="broadcast-blue"><strong>This room is no longer invite only!</strong><br />Anyone may now join.</div>
|c|☆RULT4pm Aqua|/log RULT4pm Aqua turned off modjoin.
|c|☆RULT4pm Aqua|/log RULT4pm Aqua made this room public.
|
|t:|1598403051
|switch|p1a: Slowbro|Slowbro-Galar, F|100/100
|move|p2a: Gardevoir|Trick|p1a: Slowbro
|-activate|p2a: Gardevoir|move: Trick|[of] p1a: Slowbro
|-item|p1a: Slowbro|Choice Scarf|[from] move: Trick
|-item|p2a: Gardevoir|Leftovers|[from] move: Trick
|
|upkeep
|turn|47
|
|t:|1598403061
|switch|p2a: Copperajah|Copperajah, M|12/100
|move|p1a: Slowbro|Sludge Bomb|p2a: Copperajah
|-immune|p2a: Copperajah
|
|-damage|p2a: Copperajah|0 fnt|[from] item: Black Sludge
|faint|p2a: Copperajah
|upkeep
|
|t:|1598403067
|switch|p2a: Golurk|Golurk|100/100
|turn|48
|c|☆RULT4pm Aqua|oopa
|
|t:|1598403075
|switch|p1a: Eldegoss|Eldegoss, M|100/100
|move|p2a: Golurk|Stone Edge|p1a: Eldegoss
|-damage|p1a: Eldegoss|51/100
|
|upkeep
|turn|49
|
|t:|1598403085
|switch|p2a: Gardevoir|Gardevoir, M|100/100
|-ability|p2a: Gardevoir|Regenerator|[from] ability: Trace|[of] p1a: Eldegoss
|switch|p1a: Quagsire|Quagsire, M|100/100
|
|upkeep
|turn|50
|
|t:|1598403093
|switch|p2a: Rotom|Rotom-Mow|42/100 tox
|switch|p1a: Steelix|Steelix, F|100/100
|
|-heal|p2a: Rotom|49/100 tox|[from] item: Leftovers
|-damage|p2a: Rotom|42/100 tox|[from] psn
|upkeep
|turn|51
|
|t:|1598403097
|switch|p1a: Eldegoss|Eldegoss, M|84/100
|move|p2a: Rotom|Leaf Storm|p1a: Eldegoss
|-resisted|p1a: Eldegoss
|-damage|p1a: Eldegoss|60/100
|-unboost|p2a: Rotom|spa|2
|
|-heal|p2a: Rotom|49/100 tox|[from] item: Leftovers
|-damage|p2a: Rotom|36/100 tox|[from] psn
|upkeep
|turn|52
|
|t:|1598403102
|switch|p1a: Steelix|Steelix, F|100/100
|move|p2a: Rotom|Volt Switch|p1a: Steelix
|-immune|p1a: Steelix
|
|-heal|p2a: Rotom|42/100 tox|[from] item: Leftovers
|-damage|p2a: Rotom|24/100 tox|[from] psn
|upkeep
|turn|53
|
|t:|1598403107
|switch|p2a: Golurk|Golurk|100/100
|switch|p1a: Eldegoss|Eldegoss, M|93/100
|
|upkeep
|turn|54
|
|t:|1598403114
|switch|p2a: Drapion|Drapion, F|43/100
|move|p1a: Eldegoss|Giga Drain|p2a: Drapion
|-resisted|p2a: Drapion
|-damage|p2a: Drapion|28/100
|-heal|p1a: Eldegoss|99/100|[from] drain|[of] p2a: Drapion
|
|upkeep
|turn|55
|
|t:|1598403122
|switch|p1a: Quagsire|Quagsire, M|100/100
|move|p2a: Drapion|Toxic Spikes|p1a: Quagsire
|-sidestart|p1: RULT4pm Aqua|move: Toxic Spikes
|
|upkeep
|turn|56
|
|t:|1598403142
|switch|p2a: Golisopod|Golisopod, M|67/100 brn
|move|p1a: Quagsire|Earthquake|p2a: Golisopod
|-resisted|p2a: Golisopod
|-damage|p2a: Golisopod|56/100 brn
|
|-damage|p2a: Golisopod|50/100 brn|[from] brn
|-activate|p2a: Golisopod|ability: Emergency Exit
|upkeep
|c|☆RULT4pm Aqua|uh
|
|t:|1598403146
|switch|p2a: Rotom|Rotom-Mow|24/100 tox
|turn|57
|
|t:|1598403152
|switch|p1a: Slowbro|Slowbro-Galar, F|100/100
|-sideend|p1: RULT4pm Aqua|move: Toxic Spikes|[of] p1a: Slowbro
|move|p2a: Rotom|Volt Switch|p1a: Slowbro
|-damage|p1a: Slowbro|65/100
|
|t:|1598403158
|switch|p2a: Golurk|Golurk|100/100|[from]move: Volt Switch
|
|upkeep
|turn|58
|
|t:|1598403168
|switch|p1a: Eldegoss|Eldegoss, M|100/100
|move|p2a: Golurk|Stone Edge|p1a: Eldegoss
|-damage|p1a: Eldegoss|49/100
|
|upkeep
|turn|59
|
|t:|1598403176
|switch|p2a: Gardevoir|Gardevoir, M|100/100
|-ability|p2a: Gardevoir|Regenerator|[from] ability: Trace|[of] p1a: Eldegoss
|switch|p1a: Steelix|Steelix, F|100/100
|
|upkeep
|turn|60
|
|t:|1598403188
|switch|p2a: Golurk|Golurk|100/100
|move|p1a: Steelix|Toxic|p2a: Golurk
|-status|p2a: Golurk|tox
|
|-damage|p2a: Golurk|95/100 tox|[from] psn
|upkeep
|turn|61
|
|t:|1598403197
|switch|p1a: Eldegoss|Eldegoss, M|83/100
|move|p2a: Golurk|Stone Edge|p1a: Eldegoss
|-crit|p1a: Eldegoss
|-damage|p1a: Eldegoss|8/100
|
|-damage|p2a: Golurk|83/100 tox|[from] psn
|upkeep
|turn|62
|
|t:|1598403211
|switch|p2a: Drapion|Drapion, F|28/100
|switch|p1a: Steelix|Steelix, F|100/100
|
|upkeep
|turn|63
|
|t:|1598403215
|switch|p1a: Quagsire|Quagsire, M|100/100
|move|p2a: Drapion|Knock Off|p1a: Quagsire
|-damage|p1a: Quagsire|80/100
|
|upkeep
|turn|64
|
|t:|1598403219
|switch|p2a: Golisopod|Golisopod, M|50/100 brn
|move|p1a: Quagsire|Earthquake|p2a: Golisopod
|-resisted|p2a: Golisopod
|-damage|p2a: Golisopod|39/100 brn
|
|-damage|p2a: Golisopod|33/100 brn|[from] brn
|upkeep
|turn|65
|
|t:|1598403226
|switch|p1a: Mantine|Mantine, F|42/100
|move|p2a: Golisopod|Spikes|p1a: Mantine
|-sidestart|p1: RULT4pm Aqua|Spikes
|
|-damage|p2a: Golisopod|27/100 brn|[from] brn
|upkeep
|turn|66
|
|t:|1598403229
|switch|p2a: Rotom|Rotom-Mow|24/100 tox
|move|p1a: Mantine|Defog|p2a: Rotom
|-unboost|p2a: Rotom|evasion|1
|-sideend|p1: RULT4pm Aqua|Spikes|[from] move: Defog|[of] p1a: Mantine
|
|-heal|p2a: Rotom|30/100 tox|[from] item: Leftovers
|-damage|p2a: Rotom|24/100 tox|[from] psn
|upkeep
|turn|67
|
|t:|1598403234
|switch|p2a: Golurk|Golurk|83/100 tox
|switch|p1a: Steelix|Steelix, F|100/100
|
|-damage|p2a: Golurk|77/100 tox|[from] psn
|upkeep
|turn|68
|
|t:|1598403243
|switch|p1a: Slowbro|Slowbro-Galar, F|99/100
|move|p2a: Golurk|Earthquake|p1a: Slowbro
|-supereffective|p1a: Slowbro
|-damage|p1a: Slowbro|0 fnt
|faint|p1a: Slowbro
|
|-damage|p2a: Golurk|65/100 tox|[from] psn
|upkeep
|
|t:|1598403246
|switch|p1a: Mantine|Mantine, F|42/100
|turn|69
|c|☆RULT4pm Aqua|i regret what i said
|l|☆RULT4pm Aqua
|player|p1|
|
|t:|1598403298
|switch|p2a: Gardevoir|Gardevoir, M|100/100
|-ability|p2a: Gardevoir|Water Absorb|[from] ability: Trace|[of] p1a: Mantine
|move|p1a: Mantine|Roost|p1a: Mantine
|-heal|p1a: Mantine|92/100
|-singleturn|p1a: Mantine|move: Roost
|
|upkeep
|turn|70
|j|☆RULT4pm Aqua
|player|p1|RULT4pm Aqua|aetherfoundation
|
|t:|1598403307
|move|p2a: Gardevoir|Moonblast|p1a: Mantine
|-damage|p1a: Mantine|57/100
|-unboost|p1a: Mantine|spa|1
|move|p1a: Mantine|Roost|p1a: Mantine
|-heal|p1a: Mantine|100/100
|-singleturn|p1a: Mantine|move: Roost
|
|upkeep
|turn|71
|
|t:|1598403314
|switch|p1a: Steelix|Steelix, F|100/100
|move|p2a: Gardevoir|Moonblast|p1a: Steelix
|-resisted|p1a: Steelix
|-damage|p1a: Steelix|80/100
|-unboost|p1a: Steelix|spa|1
|
|-heal|p1a: Steelix|86/100|[from] item: Leftovers
|upkeep
|turn|72
|
|t:|1598403330
|switch|p2a: Golisopod|Golisopod, M|27/100 brn
|move|p1a: Steelix|Head Smash|p2a: Golisopod
|-supereffective|p2a: Golisopod
|-damage|p2a: Golisopod|0 fnt
|faint|p2a: Golisopod
|
|-heal|p1a: Steelix|93/100|[from] item: Leftovers
|upkeep
|
|t:|1598403334
|switch|p2a: Golurk|Golurk|65/100 tox
|turn|73
|c|☆RULT4pm Aqua|oofs
|
|t:|1598403338
|switch|p1a: Quagsire|Quagsire, M|80/100
|move|p2a: Golurk|Dynamic Punch|p1a: Quagsire
|-damage|p1a: Quagsire|42/100
|-start|p1a: Quagsire|confusion
|
|-damage|p2a: Golurk|59/100 tox|[from] psn
|upkeep
|turn|74
|
|t:|1598403365
|switch|p2a: Drapion|Drapion, F|28/100
|switch|p1a: Mantine|Mantine, F|100/100
|
|upkeep
|turn|75
|
|t:|1598403373
|move|p2a: Drapion|Toxic Spikes|p1a: Mantine
|-sidestart|p1: RULT4pm Aqua|move: Toxic Spikes
|move|p1a: Mantine|Scald|p2a: Drapion
|-damage|p2a: Drapion|0 fnt
|faint|p2a: Drapion
|
|upkeep
|
|t:|1598403377
|switch|p2a: Rotom|Rotom-Mow|24/100 tox
|turn|76
|
|t:|1598403387
|switch|p2a: Gardevoir|Gardevoir, M|100/100
|-ability|p2a: Gardevoir|Water Absorb|[from] ability: Trace|[of] p1a: Mantine
|switch|p1a: Steelix|Steelix, F|93/100
|
|-heal|p1a: Steelix|99/100|[from] item: Leftovers
|upkeep
|turn|77
|
|t:|1598403392
|switch|p1a: Mantine|Mantine, F|100/100
|move|p2a: Gardevoir|Healing Wish|p2a: Gardevoir
|faint|p2a: Gardevoir
|
|upkeep
|
|t:|1598403397
|switch|p2a: Rotom|Rotom-Mow|24/100 tox
|-heal|p2a: Rotom|100/100|[from] move: Healing Wish
|turn|78
|c|☆RULT4pm Aqua|nooo
|c|☆RULT4pm Aqua|actually yessss
|
|t:|1598403406
|move|p2a: Rotom|Nasty Plot|p2a: Rotom
|-boost|p2a: Rotom|spa|2
|move|p1a: Mantine|Defog|p2a: Rotom
|-unboost|p2a: Rotom|evasion|1
|-sideend|p1: RULT4pm Aqua|Toxic Spikes|[from] move: Defog|[of] p1a: Mantine
|
|upkeep
|turn|79
|
|t:|1598403418
|switch|p1a: Eldegoss|Eldegoss, M|42/100
|move|p2a: Rotom|Nasty Plot|p2a: Rotom
|-boost|p2a: Rotom|spa|2
|
|upkeep
|turn|80
|
|t:|1598403425
|switch|p1a: Quagsire|Quagsire, M|42/100
|move|p2a: Rotom|Leaf Storm|p1a: Quagsire
|-supereffective|p1a: Quagsire
|-damage|p1a: Quagsire|0 fnt
|-unboost|p2a: Rotom|spa|2
|faint|p1a: Quagsire
|
|upkeep
|
|t:|1598403427
|switch|p1a: Eldegoss|Eldegoss, M|75/100
|turn|81
|
|t:|1598403438
|move|p2a: Rotom|Nasty Plot|p2a: Rotom
|-boost|p2a: Rotom|spa|2
|move|p1a: Eldegoss|Pollen Puff|p2a: Rotom
|-supereffective|p2a: Rotom
|-damage|p2a: Rotom|52/100
|
|-heal|p2a: Rotom|59/100|[from] item: Leftovers
|upkeep
|turn|82
|
|t:|1598403444
|move|p2a: Rotom|Leaf Storm|p1a: Eldegoss
|-resisted|p1a: Eldegoss
|-damage|p1a: Eldegoss|6/100
|-unboost|p2a: Rotom|spa|2
|move|p1a: Eldegoss|Pollen Puff|p2a: Rotom
|-supereffective|p2a: Rotom
|-damage|p2a: Rotom|15/100
|
|-heal|p2a: Rotom|22/100|[from] item: Leftovers
|upkeep
|turn|83
|
|t:|1598403452
|switch|p1a: Umbreon|Umbreon, F|100/100
|move|p2a: Rotom|Volt Switch|p1a: Umbreon
|-crit|p1a: Umbreon
|-damage|p1a: Umbreon|46/100
|
|t:|1598403458
|switch|p2a: Golurk|Golurk|59/100 tox|[from]move: Volt Switch
|
|-heal|p1a: Umbreon|53/100|[from] item: Leftovers
|-damage|p2a: Golurk|53/100 tox|[from] psn
|upkeep
|turn|84
|c|☆RULT4pm Aqua|oop
|
|t:|1598403461
|move|p1a: Umbreon|Protect|p1a: Umbreon
|-singleturn|p1a: Umbreon|Protect
|move|p2a: Golurk|Dynamic Punch|p1a: Umbreon
|-activate|p1a: Umbreon|move: Protect
|
|-heal|p1a: Umbreon|59/100|[from] item: Leftovers
|-damage|p2a: Golurk|41/100 tox|[from] psn
|upkeep
|turn|85
|
|t:|1598403468
|switch|p2a: Rotom|Rotom-Mow|22/100
|switch|p1a: Mantine|Mantine, F|100/100
|
|-heal|p2a: Rotom|28/100|[from] item: Leftovers
|upkeep
|turn|86
|
|t:|1598403473
|switch|p1a: Umbreon|Umbreon, F|59/100
|move|p2a: Rotom|Volt Switch|p1a: Umbreon
|-damage|p1a: Umbreon|42/100
|j| Oathkeepre
|
|t:|1598403478
|switch|p2a: Golurk|Golurk|41/100 tox|[from]move: Volt Switch
|
|-heal|p1a: Umbreon|48/100|[from] item: Leftovers
|-damage|p2a: Golurk|35/100 tox|[from] psn
|upkeep
|turn|87
|
|t:|1598403481
|move|p1a: Umbreon|Protect|p1a: Umbreon
|-singleturn|p1a: Umbreon|Protect
|move|p2a: Golurk|Dynamic Punch|p1a: Umbreon
|-activate|p1a: Umbreon|move: Protect
|
|-heal|p1a: Umbreon|54/100|[from] item: Leftovers
|-damage|p2a: Golurk|23/100 tox|[from] psn
|upkeep
|turn|88
|
|t:|1598403484
|switch|p2a: Rotom|Rotom-Mow|28/100
|switch|p1a: Mantine|Mantine, F|100/100
|
|-heal|p2a: Rotom|34/100|[from] item: Leftovers
|upkeep
|turn|89
|
|t:|1598403487
|switch|p1a: Steelix|Steelix, F|99/100
|move|p2a: Rotom|Volt Switch|p1a: Steelix
|-immune|p1a: Steelix
|
|-heal|p2a: Rotom|40/100|[from] item: Leftovers
|-heal|p1a: Steelix|100/100|[from] item: Leftovers
|upkeep
|turn|90
|
|t:|1598403498
|move|p2a: Rotom|Nasty Plot|p2a: Rotom
|-boost|p2a: Rotom|spa|2
|move|p1a: Steelix|Body Press|p2a: Rotom
|-crit|p2a: Rotom
|-damage|p2a: Rotom|0 fnt
|faint|p2a: Rotom
|
|upkeep
|
|t:|1598403501
|switch|p2a: Golurk|Golurk|23/100 tox
|turn|91
|c|☆RULT4pm Aqua|sorry
|
|t:|1598403506
|move|p2a: Golurk|Earthquake|p1a: Steelix
|-supereffective|p1a: Steelix
|-damage|p1a: Steelix|13/100
|move|p1a: Steelix|Stealth Rock|p2a: Golurk
|-sidestart|p2: purple mountains|move: Stealth Rock
|
|-heal|p1a: Steelix|20/100|[from] item: Leftovers
|-damage|p2a: Golurk|17/100 tox|[from] psn
|upkeep
|turn|92
|j| isabela200
|
|t:|1598403511
|move|p2a: Golurk|Earthquake|p1a: Steelix
|-supereffective|p1a: Steelix
|-damage|p1a: Steelix|0 fnt
|faint|p1a: Steelix
|
|-damage|p2a: Golurk|5/100 tox|[from] psn
|upkeep
|
|t:|1598403514
|switch|p1a: Eldegoss|Eldegoss, M|40/100
|turn|93
|l| isabela200
|c|☆RULT4pm Aqua|gg
|c|☆RULT4pm Aqua|tbh idt
|c|☆RULT4pm Aqua|the crit mattered
|c|☆RULT4pm Aqua|lol
|c|☆RULT4pm Aqua|cuz i would force u to leaf storm
|c|☆RULT4pm Aqua|then u would be forced to volt switch or sack
|c|☆RULT4pm Aqua|and if u sacked
|inactive|Battle timer is ON: inactive players will automatically lose when time's up. (requested by purple mountains)
|c|☆RULT4pm Aqua|i could sack both my remaing mons
|c| Oathkeepre|Aqua
|c|☆RULT4pm Aqua|to get eldegoss to max hp
|c| Oathkeepre|just finish
|c| Oathkeepre|the game's over
|c|☆RULT4pm Aqua|so then
|c|☆RULT4pm Aqua|it didnt matter
|c|☆RULT4pm Aqua|BOP
|
|t:|1598403567
|move|p2a: Golurk|Earthquake|p1a: Eldegoss
|-resisted|p1a: Eldegoss
|-damage|p1a: Eldegoss|1/100
|move|p1a: Eldegoss|Giga Drain|p2a: Golurk
|-supereffective|p2a: Golurk
|-damage|p2a: Golurk|0 fnt
|-heal|p1a: Eldegoss|3/100|[from] drain|[of] p2a: Golurk
|faint|p2a: Golurk
|
|win|RULT4pm Aqua
|c|☆RULT4pm Aqua|lol
|l| Oathkeepre
|l|☆purple mountains
|c|☆RULT4pm Aqua|idk why i did that
|raw|RULT4pm Aqua's rating: 1441 &rarr; <strong>1465</strong><br />(+24 for winning)
|raw|purple mountains's rating: 1508 &rarr; <strong>1484</strong><br />(-24 for losing)
|j| Parnstar
