|j|☆zeeLitium
|j|☆Kla0Trixx
|t:|1659566732
|gametype|singles
|player|p1|zeeLitium|lillie-masters|1425
|player|p2|Kla0Trixx|170|1501
|teamsize|p1|6
|teamsize|p2|6
|gen|8
|tier|[Gen 8] RU
|rated|
|rule|Sleep Clause Mod: Limit one foe put to sleep
|rule|Species Clause: Limit one of each Pokémon
|rule|OHKO Clause: OHKO moves are banned
|rule|Evasion Moves Clause: Evasion moves are banned
|rule|Endless Battle Clause: Forcing endless battles is banned
|rule|HP Percentage Mod: HP is shown in percentages
|rule|Dynamax Clause: You cannot dynamax
|clearpoke
|poke|p1|Nidoqueen, F|
|poke|p1|Rotom-Mow|
|poke|p1|Registeel|
|poke|p1|Crobat, F|
|poke|p1|Milotic, M|
|poke|p1|Heracross, F|
|poke|p2|Bronzong|
|poke|p2|Gastrodon, M|
|poke|p2|Incineroar, F|
|poke|p2|Weezing-Galar, M|
|poke|p2|Togekiss, F|
|poke|p2|Heliolisk, F|
|teampreview
|
|t:|1659566749
|start
|switch|p1a: Nidoqueen|Nidoqueen, F|100/100
|switch|p2a: Togekiss|Togekiss, F|100/100
|turn|1
|
|t:|1659566760
|move|p2a: Togekiss|Air Slash|p1a: Nidoqueen
|-damage|p1a: Nidoqueen|55/100
|cant|p1a: Nidoqueen|flinch
|
|upkeep
|turn|2
|
|t:|1659566767
|move|p2a: Togekiss|Air Slash|p1a: Nidoqueen
|-damage|p1a: Nidoqueen|13/100
|cant|p1a: Nidoqueen|flinch
|
|upkeep
|turn|3
|
|t:|1659566772
|switch|p1a: Registeel|Registeel, shiny|100/100
|move|p2a: Togekiss|Air Slash|p1a: Registeel
|-resisted|p1a: Registeel
|-damage|p1a: Registeel|91/100
|
|-heal|p1a: Registeel|97/100|[from] item: Leftovers
|upkeep
|turn|4
|
|t:|1659566780
|switch|p2a: Incineroar|Incineroar, F|100/100
|-ability|p2a: Incineroar|Intimidate|boost
|-fail|p1a: Registeel|unboost|[from] ability: Clear Body|[of] p1a: Registeel
|switch|p1a: Nidoqueen|Nidoqueen, F|13/100
|
|upkeep
|turn|5
|
|t:|1659566786
|switch|p2a: Togekiss|Togekiss, F|100/100
|move|p1a: Nidoqueen|Earth Power|p2a: Togekiss
|-immune|p2a: Togekiss
|
|upkeep
|turn|6
|
|t:|1659566792
|move|p2a: Togekiss|Air Slash|p1a: Nidoqueen|[miss]
|-miss|p2a: Togekiss|p1a: Nidoqueen
|move|p1a: Nidoqueen|Sludge Wave|p2a: Togekiss
|-supereffective|p2a: Togekiss
|-damage|p2a: Togekiss|0 fnt
|faint|p2a: Togekiss
|
|upkeep
|
|t:|1659566798
|switch|p2a: Heliolisk|Heliolisk, F|100/100
|turn|7
|
|t:|1659566804
|switch|p1a: Registeel|Registeel, shiny|97/100
|move|p2a: Heliolisk|Hyper Voice|p1a: Registeel
|-resisted|p1a: Registeel
|-damage|p1a: Registeel|82/100
|
|-heal|p1a: Registeel|88/100|[from] item: Leftovers
|upkeep
|turn|8
|
|t:|1659566839
|switch|p2a: Incineroar|Incineroar, F|100/100
|-ability|p2a: Incineroar|Intimidate|boost
|-fail|p1a: Registeel|unboost|[from] ability: Clear Body|[of] p1a: Registeel
|move|p1a: Registeel|Iron Defense|p1a: Registeel
|-boost|p1a: Registeel|def|2
|
|-heal|p1a: Registeel|94/100|[from] item: Leftovers
|upkeep
|turn|9
|
|t:|1659566845
|move|p2a: Incineroar|Knock Off|p1a: Registeel
|-damage|p1a: Registeel|78/100
|-enditem|p1a: Registeel|Leftovers|[from] move: Knock Off|[of] p2a: Incineroar
|move|p1a: Registeel|Body Press|p2a: Incineroar
|-supereffective|p2a: Incineroar
|-damage|p2a: Incineroar|0 fnt
|faint|p2a: Incineroar
|
|upkeep
|
|t:|1659566856
|switch|p2a: Gastrodon|Gastrodon, M|100/100
|turn|10
|
|t:|1659566863
|move|p1a: Registeel|Iron Defense|p1a: Registeel
|-boost|p1a: Registeel|def|2
|move|p2a: Gastrodon|Earth Power|p1a: Registeel
|-supereffective|p1a: Registeel
|-damage|p1a: Registeel|51/100
|
|upkeep
|turn|11
|
|t:|1659566868
|move|p1a: Registeel|Iron Defense|p1a: Registeel
|-boost|p1a: Registeel|def|2
|move|p2a: Gastrodon|Earth Power|p1a: Registeel
|-supereffective|p1a: Registeel
|-damage|p1a: Registeel|23/100
|
|upkeep
|turn|12
|
|t:|1659566872
|move|p1a: Registeel|Rest|p1a: Registeel
|-status|p1a: Registeel|slp|[from] move: Rest
|-heal|p1a: Registeel|100/100 slp|[silent]
|move|p2a: Gastrodon|Earth Power|p1a: Registeel
|-supereffective|p1a: Registeel
|-damage|p1a: Registeel|69/100 slp
|
|upkeep
|turn|13
|
|t:|1659566876
|cant|p1a: Registeel|slp
|move|p2a: Gastrodon|Earth Power|p1a: Registeel
|-supereffective|p1a: Registeel
|-damage|p1a: Registeel|42/100 slp
|
|upkeep
|turn|14
|
|t:|1659566879
|cant|p1a: Registeel|slp
|move|p2a: Gastrodon|Earth Power|p1a: Registeel
|-supereffective|p1a: Registeel
|-damage|p1a: Registeel|11/100 slp
|
|upkeep
|turn|15
|
|t:|1659566890
|-curestatus|p1a: Registeel|slp|[msg]
|move|p1a: Registeel|Rest|p1a: Registeel
|-status|p1a: Registeel|slp|[from] move: Rest
|-heal|p1a: Registeel|100/100 slp|[silent]
|move|p2a: Gastrodon|Earth Power|p1a: Registeel
|-supereffective|p1a: Registeel
|-damage|p1a: Registeel|74/100 slp
|
|upkeep
|turn|16
|
|t:|1659566894
|switch|p1a: Milotic|Milotic, M|100/100
|move|p2a: Gastrodon|Earth Power|p1a: Milotic
|-damage|p1a: Milotic|78/100
|
|-heal|p1a: Milotic|85/100|[from] item: Leftovers
|upkeep
|turn|17
|
|t:|1659566901
|switch|p2a: Heliolisk|Heliolisk, F|100/100
|move|p1a: Milotic|Toxic|p2a: Heliolisk
|-status|p2a: Heliolisk|tox
|
|-heal|p1a: Milotic|91/100|[from] item: Leftovers
|-damage|p2a: Heliolisk|94/100 tox|[from] psn
|upkeep
|turn|18
|
|t:|1659566908
|switch|p1a: Nidoqueen|Nidoqueen, F|13/100
|move|p2a: Heliolisk|Volt Switch|p1a: Nidoqueen
|-immune|p1a: Nidoqueen
|
|-damage|p2a: Heliolisk|82/100 tox|[from] psn
|upkeep
|turn|19
|
|t:|1659566916
|switch|p2a: Bronzong|Bronzong|100/100
|move|p1a: Nidoqueen|Stealth Rock|p2a: Bronzong
|-sidestart|p2: Kla0Trixx|move: Stealth Rock
|
|upkeep
|turn|20
|
|t:|1659566924
|switch|p1a: Rotom|Rotom-Mow, shiny|100/100
|move|p2a: Bronzong|Stealth Rock|p1a: Rotom
|-sidestart|p1: zeeLitium|move: Stealth Rock
|
|upkeep
|turn|21
|
|t:|1659566930
|move|p1a: Rotom|Trick|p2a: Bronzong
|-activate|p1a: Rotom|move: Trick|[of] p2a: Bronzong
|-item|p2a: Bronzong|Choice Scarf|[from] move: Trick
|-item|p1a: Rotom|Leftovers|[from] move: Trick
|move|p2a: Bronzong|Toxic|p1a: Rotom
|-status|p1a: Rotom|tox
|
|-damage|p1a: Rotom|94/100 tox|[from] psn
|upkeep
|turn|22
|
|t:|1659566937
|move|p1a: Rotom|Volt Switch|p2a: Bronzong
|-damage|p2a: Bronzong|80/100
|
|t:|1659566944
|switch|p1a: Registeel|Registeel, shiny|74/100 slp|[from]move: Volt Switch
|-damage|p1a: Registeel|68/100 slp|[from] Stealth Rock
|move|p2a: Bronzong|Toxic||[still]
|-fail|p2a: Bronzong
|
|upkeep
|turn|23
|
|t:|1659566950
|switch|p2a: Gastrodon|Gastrodon, M|100/100
|-damage|p2a: Gastrodon|94/100|[from] Stealth Rock
|cant|p1a: Registeel|slp
|
|-heal|p2a: Gastrodon|100/100|[from] item: Leftovers
|upkeep
|turn|24
|
|t:|1659566963
|switch|p1a: Milotic|Milotic, M|91/100
|-damage|p1a: Milotic|78/100|[from] Stealth Rock
|move|p2a: Gastrodon|Earth Power|p1a: Milotic
|-crit|p1a: Milotic
|-damage|p1a: Milotic|49/100
|
|-heal|p1a: Milotic|55/100|[from] item: Leftovers
|upkeep
|turn|25
|
|t:|1659566969
|switch|p2a: Heliolisk|Heliolisk, F|82/100 tox
|-damage|p2a: Heliolisk|70/100 tox|[from] Stealth Rock
|move|p1a: Milotic|Recover|p1a: Milotic
|-heal|p1a: Milotic|100/100
|
|-damage|p2a: Heliolisk|64/100 tox|[from] psn
|upkeep
|turn|26
|
|t:|1659566975
|switch|p1a: Registeel|Registeel, shiny|68/100 slp
|-damage|p1a: Registeel|61/100 slp|[from] Stealth Rock
|move|p2a: Heliolisk|Volt Switch|p1a: Registeel
|-damage|p1a: Registeel|38/100 slp
|
|t:|1659566980
|switch|p2a: Weezing|Weezing-Galar, M|100/100|[from]move: Volt Switch
|-damage|p2a: Weezing|88/100|[from] Stealth Rock
|
|upkeep
|turn|27
|
|t:|1659566990
|switch|p1a: Milotic|Milotic, M|100/100
|-damage|p1a: Milotic|88/100|[from] Stealth Rock
|move|p2a: Weezing|Toxic Spikes|p1a: Milotic
|-sidestart|p1: zeeLitium|move: Toxic Spikes
|
|-heal|p1a: Milotic|94/100|[from] item: Leftovers
|upkeep
|turn|28
|
|t:|1659567001
|switch|p2a: Heliolisk|Heliolisk, F|64/100 tox
|-damage|p2a: Heliolisk|51/100 tox|[from] Stealth Rock
|move|p1a: Milotic|Scald|p2a: Heliolisk
|-heal|p2a: Heliolisk|76/100 tox|[from] ability: Dry Skin|[of] p1a: Milotic
|
|-heal|p1a: Milotic|99/100|[from] item: Leftovers
|-damage|p2a: Heliolisk|70/100 tox|[from] psn
|upkeep
|turn|29
|
|t:|1659567010
|switch|p1a: Nidoqueen|Nidoqueen, F|13/100
|-damage|p1a: Nidoqueen|7/100|[from] Stealth Rock
|-sideend|p1: zeeLitium|move: Toxic Spikes|[of] p1a: Nidoqueen
|move|p2a: Heliolisk|Hyper Voice|p1a: Nidoqueen
|-damage|p1a: Nidoqueen|0 fnt
|faint|p1a: Nidoqueen
|
|-damage|p2a: Heliolisk|58/100 tox|[from] psn
|upkeep
|
|t:|1659567019
|switch|p1a: Registeel|Registeel, shiny|38/100 slp
|-damage|p1a: Registeel|32/100 slp|[from] Stealth Rock
|turn|30
|
|t:|1659567024
|switch|p2a: Gastrodon|Gastrodon, M|100/100
|-damage|p2a: Gastrodon|94/100|[from] Stealth Rock
|cant|p1a: Registeel|slp
|
|-heal|p2a: Gastrodon|100/100|[from] item: Leftovers
|upkeep
|turn|31
|
|t:|1659567030
|-curestatus|p1a: Registeel|slp|[msg]
|move|p1a: Registeel|Rest|p1a: Registeel
|-status|p1a: Registeel|slp|[from] move: Rest
|-heal|p1a: Registeel|100/100 slp|[silent]
|move|p2a: Gastrodon|Toxic||[still]
|-fail|p2a: Gastrodon
|
|upkeep
|turn|32
|
|t:|1659567041
|switch|p1a: Milotic|Milotic, M|99/100
|-damage|p1a: Milotic|88/100|[from] Stealth Rock
|switch|p2a: Weezing|Weezing-Galar, M|88/100
|-damage|p2a: Weezing|76/100|[from] Stealth Rock
|
|-heal|p1a: Milotic|94/100|[from] item: Leftovers
|upkeep
|turn|33
|
|t:|1659567062
|switch|p1a: Registeel|Registeel, shiny|100/100 slp
|-damage|p1a: Registeel|94/100 slp|[from] Stealth Rock
|move|p2a: Weezing|Defog|p1a: Registeel
|-fail|p1a: Registeel|unboost|[from] ability: Clear Body|[of] p1a: Registeel
|-sideend|p1: zeeLitium|Stealth Rock|[from] move: Defog|[of] p2a: Weezing
|-sideend|p2: Kla0Trixx|Stealth Rock|[from] move: Defog|[of] p2a: Weezing
|
|upkeep
|turn|34
|
|t:|1659567070
|move|p2a: Weezing|Toxic Spikes|p1a: Registeel
|-sidestart|p1: zeeLitium|move: Toxic Spikes
|cant|p1a: Registeel|slp
|
|upkeep
|turn|35
|
|t:|1659567077
|switch|p2a: Bronzong|Bronzong|80/100
|cant|p1a: Registeel|slp
|
|upkeep
|turn|36
|
|t:|1659567081
|move|p2a: Bronzong|Stealth Rock|p1a: Registeel
|-sidestart|p1: zeeLitium|move: Stealth Rock
|-curestatus|p1a: Registeel|slp|[msg]
|move|p1a: Registeel|Iron Defense|p1a: Registeel
|-boost|p1a: Registeel|def|2
|
|upkeep
|turn|37
|
|t:|1659567084
|switch|p2a: Gastrodon|Gastrodon, M|100/100
|move|p1a: Registeel|Iron Defense|p1a: Registeel
|-boost|p1a: Registeel|def|2
|
|upkeep
|turn|38
|
|t:|1659567090
|move|p1a: Registeel|Body Press|p2a: Gastrodon
|-damage|p2a: Gastrodon|46/100
|move|p2a: Gastrodon|Earth Power|p1a: Registeel
|-supereffective|p1a: Registeel
|-damage|p1a: Registeel|63/100
|
|-heal|p2a: Gastrodon|52/100|[from] item: Leftovers
|upkeep
|turn|39
|
|t:|1659567102
|switch|p2a: Weezing|Weezing-Galar, M|76/100
|move|p1a: Registeel|Body Press|p2a: Weezing
|-resisted|p2a: Weezing
|-damage|p2a: Weezing|63/100
|-damage|p1a: Registeel|47/100|[from] item: Rocky Helmet|[of] p2a: Weezing
|
|upkeep
|turn|40
|
|t:|1659567117
|move|p2a: Weezing|Fire Blast|p1a: Registeel|[miss]
|-miss|p2a: Weezing|p1a: Registeel
|move|p1a: Registeel|Heavy Slam|p2a: Weezing
|-supereffective|p2a: Weezing
|-damage|p2a: Weezing|23/100
|-damage|p1a: Registeel|30/100|[from] item: Rocky Helmet|[of] p2a: Weezing
|
|upkeep
|turn|41
|
|t:|1659567131
|switch|p1a: Crobat|Crobat, F, shiny|100/100
|move|p2a: Weezing|Fire Blast|p1a: Crobat
|-damage|p1a: Crobat|76/100
|
|upkeep
|turn|42
|
|t:|1659567140
|switch|p2a: Gastrodon|Gastrodon, M|52/100
|move|p1a: Crobat|Brave Bird|p2a: Gastrodon
|-damage|p2a: Gastrodon|22/100
|-damage|p1a: Crobat|65/100|[from] Recoil
|
|-heal|p2a: Gastrodon|28/100|[from] item: Leftovers
|upkeep
|turn|43
|
|t:|1659567148
|switch|p2a: Bronzong|Bronzong|80/100
|move|p1a: Crobat|Brave Bird|p2a: Bronzong
|-resisted|p2a: Bronzong
|-damage|p2a: Bronzong|64/100
|-damage|p1a: Crobat|60/100|[from] Recoil
|
|upkeep
|turn|44
|
|t:|1659567153
|move|p1a: Crobat|Roost|p1a: Crobat
|-heal|p1a: Crobat|100/100
|-singleturn|p1a: Crobat|move: Roost
|move|p2a: Bronzong|Heavy Slam|p1a: Crobat
|-damage|p1a: Crobat|80/100
|
|upkeep
|turn|45
|
|t:|1659567157
|move|p1a: Crobat|Defog|p2a: Bronzong
|-unboost|p2a: Bronzong|evasion|1
|-sideend|p1: zeeLitium|Toxic Spikes|[from] move: Defog|[of] p1a: Crobat
|-sideend|p1: zeeLitium|Stealth Rock|[from] move: Defog|[of] p1a: Crobat
|move|p2a: Bronzong|Heavy Slam|p1a: Crobat
|-damage|p1a: Crobat|60/100
|
|upkeep
|turn|46
|
|t:|1659567162
|switch|p1a: Registeel|Registeel, shiny|30/100
|switch|p2a: Gastrodon|Gastrodon, M|28/100
|
|-heal|p2a: Gastrodon|34/100|[from] item: Leftovers
|upkeep
|turn|47
|
|t:|1659567176
|move|p1a: Registeel|Iron Defense|p1a: Registeel
|-boost|p1a: Registeel|def|2
|move|p2a: Gastrodon|Recover|p2a: Gastrodon
|-heal|p2a: Gastrodon|84/100
|
|-heal|p2a: Gastrodon|91/100|[from] item: Leftovers
|upkeep
|turn|48
|
|t:|1659567186
|move|p1a: Registeel|Rest|p1a: Registeel
|-status|p1a: Registeel|slp|[from] move: Rest
|-heal|p1a: Registeel|100/100 slp|[silent]
|move|p2a: Gastrodon|Earth Power|p1a: Registeel
|-supereffective|p1a: Registeel
|-damage|p1a: Registeel|72/100 slp
|
|-heal|p2a: Gastrodon|97/100|[from] item: Leftovers
|upkeep
|turn|49
|
|t:|1659567198
|switch|p1a: Rotom|Rotom-Mow, shiny|94/100 tox
|move|p2a: Gastrodon|Earth Power|p1a: Rotom
|-immune|p1a: Rotom|[from] ability: Levitate
|
|-heal|p1a: Rotom|100/100 tox|[from] item: Leftovers
|-heal|p2a: Gastrodon|100/100|[from] item: Leftovers
|-damage|p1a: Rotom|94/100 tox|[from] psn
|upkeep
|turn|50
|
|t:|1659567203
|switch|p2a: Bronzong|Bronzong|64/100
|move|p1a: Rotom|Volt Switch|p2a: Bronzong
|-damage|p2a: Bronzong|44/100
|
|t:|1659567206
|switch|p1a: Heracross|Heracross, F, shiny|100/100|[from]move: Volt Switch
|
|-status|p1a: Heracross|brn|[from] item: Flame Orb
|upkeep
|turn|51
|
|t:|1659567212
|move|p1a: Heracross|Facade|p2a: Bronzong
|-resisted|p2a: Bronzong
|-damage|p2a: Bronzong|13/100
|move|p2a: Bronzong|Stealth Rock|p1a: Heracross
|-sidestart|p1: zeeLitium|move: Stealth Rock
|
|-damage|p1a: Heracross|95/100 brn|[from] brn
|upkeep
|turn|52
|
|t:|1659567219
|move|p1a: Heracross|Knock Off|p2a: Bronzong
|-supereffective|p2a: Bronzong
|-damage|p2a: Bronzong|0 fnt
|-enditem|p2a: Bronzong|Choice Scarf|[from] move: Knock Off|[of] p1a: Heracross
|faint|p2a: Bronzong
|
|-damage|p1a: Heracross|89/100 brn|[from] brn
|upkeep
|
|t:|1659567224
|switch|p2a: Gastrodon|Gastrodon, M|100/100
|turn|53
|
|t:|1659567248
|switch|p1a: Rotom|Rotom-Mow, shiny|94/100 tox
|-damage|p1a: Rotom|82/100 tox|[from] Stealth Rock
|switch|p2a: Weezing|Weezing-Galar, M|23/100
|
|-heal|p1a: Rotom|88/100 tox|[from] item: Leftovers
|-damage|p1a: Rotom|82/100 tox|[from] psn
|upkeep
|turn|54
|
|t:|1659567260
|switch|p2a: Gastrodon|Gastrodon, M|100/100
|move|p1a: Rotom|Thunderbolt|p2a: Gastrodon
|-immune|p2a: Gastrodon
|
|-heal|p1a: Rotom|88/100 tox|[from] item: Leftovers
|-damage|p1a: Rotom|76/100 tox|[from] psn
|upkeep
|turn|55
|
|t:|1659567269
|switch|p2a: Weezing|Weezing-Galar, M|23/100
|move|p1a: Rotom|Leaf Storm|p2a: Weezing
|-resisted|p2a: Weezing
|-damage|p2a: Weezing|0 fnt
|-unboost|p1a: Rotom|spa|2
|faint|p2a: Weezing
|
|-heal|p1a: Rotom|82/100 tox|[from] item: Leftovers
|-damage|p1a: Rotom|63/100 tox|[from] psn
|upkeep
|
|t:|1659567274
|switch|p2a: Heliolisk|Heliolisk, F|58/100 tox
|turn|56
|
|t:|1659567278
|switch|p1a: Registeel|Registeel, shiny|72/100 slp
|-damage|p1a: Registeel|66/100 slp|[from] Stealth Rock
|move|p2a: Heliolisk|Thunderbolt|p1a: Registeel
|-damage|p1a: Registeel|33/100 slp
|
|-damage|p2a: Heliolisk|52/100 tox|[from] psn
|upkeep
|turn|57
|
|t:|1659567283
|move|p2a: Heliolisk|Thunderbolt|p1a: Registeel
|-damage|p1a: Registeel|0 fnt
|faint|p1a: Registeel
|
|-damage|p2a: Heliolisk|40/100 tox|[from] psn
|upkeep
|
|t:|1659567290
|switch|p1a: Crobat|Crobat, F, shiny|60/100
|turn|58
|
|t:|1659567294
|switch|p2a: Gastrodon|Gastrodon, M|100/100
|move|p1a: Crobat|Brave Bird|p2a: Gastrodon
|-damage|p2a: Gastrodon|73/100
|-damage|p1a: Crobat|50/100|[from] Recoil
|
|-heal|p2a: Gastrodon|79/100|[from] item: Leftovers
|upkeep
|turn|59
|
|t:|1659567302
|move|p1a: Crobat|Roost|p1a: Crobat
|-heal|p1a: Crobat|99/100
|-singleturn|p1a: Crobat|move: Roost
|move|p2a: Gastrodon|Scald|p1a: Crobat
|-damage|p1a: Crobat|69/100
|
|-heal|p2a: Gastrodon|85/100|[from] item: Leftovers
|upkeep
|turn|60
|
|t:|1659567310
|move|p1a: Crobat|U-turn|p2a: Gastrodon
|-damage|p2a: Gastrodon|75/100
|
|t:|1659567313
|switch|p1a: Heracross|Heracross, F, shiny|89/100 brn|[from]move: U-turn
|-damage|p1a: Heracross|76/100 brn|[from] Stealth Rock
|move|p2a: Gastrodon|Scald|p1a: Heracross
|-damage|p1a: Heracross|44/100 brn
|
|-heal|p2a: Gastrodon|81/100|[from] item: Leftovers
|-damage|p1a: Heracross|38/100 brn|[from] brn
|upkeep
|turn|61
|
|t:|1659567321
|move|p1a: Heracross|Close Combat|p2a: Gastrodon
|-damage|p2a: Gastrodon|18/100
|-unboost|p1a: Heracross|def|1
|-unboost|p1a: Heracross|spd|1
|move|p2a: Gastrodon|Scald|p1a: Heracross
|-damage|p1a: Heracross|0 fnt
|faint|p1a: Heracross
|
|-heal|p2a: Gastrodon|24/100|[from] item: Leftovers
|upkeep
|
|t:|1659567329
|switch|p1a: Rotom|Rotom-Mow, shiny|63/100 tox
|-damage|p1a: Rotom|51/100 tox|[from] Stealth Rock
|turn|62
|
|t:|1659567334
|move|p1a: Rotom|Leaf Storm|p2a: Gastrodon
|-supereffective|p2a: Gastrodon
|-damage|p2a: Gastrodon|0 fnt
|-unboost|p1a: Rotom|spa|2
|faint|p2a: Gastrodon
|
|-heal|p1a: Rotom|57/100 tox|[from] item: Leftovers
|-damage|p1a: Rotom|51/100 tox|[from] psn
|upkeep
|
|t:|1659567336
|switch|p2a: Heliolisk|Heliolisk, F|40/100 tox
|turn|63
|
|t:|1659567340
|move|p2a: Heliolisk|Hyper Voice|p1a: Rotom
|-damage|p1a: Rotom|0 fnt
|faint|p1a: Rotom
|
|-damage|p2a: Heliolisk|34/100 tox|[from] psn
|upkeep
|
|t:|1659567344
|switch|p1a: Milotic|Milotic, M|94/100
|-damage|p1a: Milotic|81/100|[from] Stealth Rock
|turn|64
|
|t:|1659567350
|move|p2a: Heliolisk|Hyper Voice|p1a: Milotic
|-damage|p1a: Milotic|37/100
|move|p1a: Milotic|Recover|p1a: Milotic
|-heal|p1a: Milotic|87/100
|
|-heal|p1a: Milotic|93/100|[from] item: Leftovers
|-damage|p2a: Heliolisk|22/100 tox|[from] psn
|upkeep
|turn|65
|-message|Kla0Trixx forfeited.
|
|win|zeeLitium
|raw|zeeLitium's rating: 1425 &rarr; <strong>1449</strong><br />(+24 for winning)
|raw|Kla0Trixx's rating: 1501 &rarr; <strong>1477</strong><br />(-24 for losing)
|l|☆Kla0Trixx
||Ladder isn't responding, score probably updated but might not have (Request timeout).
