|j|☆Beraldinhoo
|j|☆whistling
|inactive|Battle timer is ON: inactive players will automatically lose when time's up.
|t:|1665530997
|gametype|singles
|player|p1|Beraldinhoo|#zuplivbutterfree|
|player|p2|whistling|red|
|teamsize|p1|6
|teamsize|p2|6
|gen|8
|tier|[Gen 8] RU
|rated|Tournament battle
|rule|Sleep Clause Mod: Limit one foe put to sleep
|rule|Species Clause: Limit one of each Pokémon
|rule|OHKO Clause: OHKO moves are banned
|rule|Evasion Items Clause: Evasion items are banned
|rule|Evasion Moves Clause: Evasion moves are banned
|rule|Endless Battle Clause: Forcing endless battles is banned
|rule|HP Percentage Mod: HP is shown in percentages
|rule|Dynamax Clause: You cannot dynamax
|clearpoke
|poke|p1|Entei|
|poke|p1|Nidoqueen, F|
|poke|p1|Starmie|
|poke|p1|Crobat, F|
|poke|p1|Guzzlord|
|poke|p1|Klefki, M|
|poke|p2|Ninetales, M|
|poke|p2|Flygon, M|
|poke|p2|Charizard, M|
|poke|p2|Klefki, F|
|poke|p2|Shiftry, M|
|poke|p2|Vileplume, F|
|teampreview
|c|☆Beraldinhoo|godo team
|j|%odr
|c|☆whistling|hf...
|c|☆Beraldinhoo|good
|c|☆Beraldinhoo|hf.
|j|%yOuRwElCoMeThAnk
|
|t:|1665531020
|start
|switch|p1a: Entei|Entei|100/100
|switch|p2a: Flygon|Flygon, M|100/100
|-ability|p1a: Entei|Pressure
|turn|1
|
|t:|1665531027
|move|p2a: Flygon|Earthquake|p1a: Entei
|-supereffective|p1a: Entei
|-damage|p1a: Entei|9/100
|move|p1a: Entei|Lava Plume|p2a: Flygon
|-resisted|p2a: Flygon
|-damage|p2a: Flygon|80/100
|
|-heal|p1a: Entei|16/100|[from] item: Leftovers
|upkeep
|turn|2
|c|☆Beraldinhoo|ofc
|c|%odr|hello whyd you stay
|c|%odr|this wins
|c|☆Beraldinhoo|idk
|c|☆whistling|it did
|c|☆Beraldinhoo|i want burn
|
|t:|1665531044
|move|p2a: Flygon|U-turn|p1a: Entei
|-resisted|p1a: Entei
|-damage|p1a: Entei|5/100
|
|t:|1665531046
|switch|p2a: Ninetales|Ninetales, M|100/100|[from]move: U-turn
|-weather|SunnyDay|[from] ability: Drought|[of] p2a: Ninetales
|move|p1a: Entei|Lava Plume|p2a: Ninetales
|-resisted|p2a: Ninetales
|-damage|p2a: Ninetales|74/100
|
|-weather|SunnyDay|[upkeep]
|-heal|p1a: Entei|11/100|[from] item: Leftovers
|upkeep
|turn|3
|
|t:|1665531052
|move|p1a: Entei|Protect|p1a: Entei
|-singleturn|p1a: Entei|Protect
|move|p2a: Ninetales|Fire Blast|p1a: Entei
|-activate|p1a: Entei|move: Protect
|
|-weather|SunnyDay|[upkeep]
|-heal|p1a: Entei|17/100|[from] item: Leftovers
|upkeep
|turn|4
|
|t:|1665531064
|switch|p1a: Guzzlord|Guzzlord|100/100
|move|p2a: Ninetales|Fire Blast|p1a: Guzzlord
|-resisted|p1a: Guzzlord
|-damage|p1a: Guzzlord|79/100
|
|-weather|SunnyDay|[upkeep]
|-heal|p1a: Guzzlord|85/100|[from] item: Leftovers
|upkeep
|turn|5
|j|+Ajna
|
|t:|1665531071
|switch|p2a: Vileplume|Vileplume, F|100/100
|move|p1a: Guzzlord|Knock Off|p2a: Vileplume
|-damage|p2a: Vileplume|58/100
|-enditem|p2a: Vileplume|Black Sludge|[from] move: Knock Off|[of] p1a: Guzzlord
|
|-weather|SunnyDay|[upkeep]
|-heal|p1a: Guzzlord|91/100|[from] item: Leftovers
|upkeep
|turn|6
|c|%yOuRwElCoMeThAnk|heat crash guzz rn
|
|t:|1665531082
|switch|p1a: Nidoqueen|Nidoqueen, F|100/100
|move|p2a: Vileplume|Sludge Bomb|p1a: Nidoqueen
|-resisted|p1a: Nidoqueen
|-damage|p1a: Nidoqueen|86/100
|
|-weather|SunnyDay|[upkeep]
|upkeep
|turn|7
|
|t:|1665531087
|switch|p2a: Charizard|Charizard, M|100/100
|move|p1a: Nidoqueen|Stealth Rock|p2a: Charizard
|-sidestart|p2: whistling|move: Stealth Rock
|
|-weather|SunnyDay|[upkeep]
|-damage|p2a: Charizard|88/100|[from] ability: Solar Power|[of] p2a: Charizard
|upkeep
|turn|8
|c|%yOuRwElCoMeThAnk|no heat crash?
|
|t:|1665531092
|switch|p1a: Guzzlord|Guzzlord|91/100
|move|p2a: Charizard|Weather Ball|p1a: Guzzlord
|-resisted|p1a: Guzzlord
|-damage|p1a: Guzzlord|36/100
|
|-weather|SunnyDay|[upkeep]
|-damage|p2a: Charizard|76/100|[from] ability: Solar Power|[of] p2a: Charizard
|-heal|p1a: Guzzlord|43/100|[from] item: Leftovers
|upkeep
|turn|9
|
|t:|1665531098
|move|p1a: Guzzlord|Protect|p1a: Guzzlord
|-singleturn|p1a: Guzzlord|Protect
|move|p2a: Charizard|Weather Ball|p1a: Guzzlord
|-activate|p1a: Guzzlord|move: Protect
|
|-weather|none
|-heal|p1a: Guzzlord|49/100|[from] item: Leftovers
|upkeep
|turn|10
|c|%yOuRwElCoMeThAnk|yep
|
|t:|1665531106
|switch|p2a: Klefki|Klefki, F|100/100
|-damage|p2a: Klefki|95/100|[from] Stealth Rock
|move|p1a: Guzzlord|Draco Meteor|p2a: Klefki
|-immune|p2a: Klefki
|
|-heal|p1a: Guzzlord|55/100|[from] item: Leftovers
|upkeep
|turn|11
|c|☆whistling|?
|c|☆Beraldinhoo|ok like
|c|☆Beraldinhoo|don't ask me
|
|t:|1665531123
|switch|p1a: Nidoqueen|Nidoqueen, F|86/100
|move|p2a: Klefki|Spikes|p1a: Nidoqueen
|-sidestart|p1: Beraldinhoo|Spikes
|
|upkeep
|turn|12
|c|%yOuRwElCoMeThAnk|Beraldo, why isn't it Heat Crash?
|c|☆Beraldinhoo|I DON'T KNOW
|
|t:|1665531144
|move|p2a: Klefki|Spikes|p1a: Nidoqueen
|-sidestart|p1: Beraldinhoo|Spikes
|move|p1a: Nidoqueen|Earth Power|p2a: Klefki
|-supereffective|p2a: Klefki
|-damage|p2a: Klefki|20/100
|
|upkeep
|turn|13
|
|t:|1665531161
|move|p2a: Klefki|Sunny Day|p2a: Klefki
|-weather|SunnyDay
|move|p1a: Nidoqueen|Thunderbolt|p2a: Klefki
|-damage|p2a: Klefki|0 fnt
|faint|p2a: Klefki
|
|-weather|SunnyDay|[upkeep]
|upkeep
|
|t:|1665531167
|switch|p2a: Charizard|Charizard, M|76/100
|-damage|p2a: Charizard|26/100|[from] Stealth Rock
|turn|14
|
|t:|1665531173
|switch|p1a: Entei|Entei|17/100
|-damage|p1a: Entei|1/100|[from] Spikes
|-ability|p1a: Entei|Pressure
|move|p2a: Charizard|Weather Ball|p1a: Entei
|-resisted|p1a: Entei
|-damage|p1a: Entei|0 fnt
|faint|p1a: Entei
|
|-weather|SunnyDay|[upkeep]
|-damage|p2a: Charizard|13/100|[from] ability: Solar Power|[of] p2a: Charizard
|upkeep
|
|t:|1665531181
|switch|p1a: Starmie|Starmie|100/100
|turn|15
|
|t:|1665531183
|move|p1a: Starmie|Rapid Spin|p2a: Charizard
|-damage|p2a: Charizard|2/100
|-boost|p1a: Starmie|spe|1
|-sideend|p1: Beraldinhoo|Spikes|[from] move: Rapid Spin|[of] p1a: Starmie
|move|p2a: Charizard|Weather Ball|p1a: Starmie
|-resisted|p1a: Starmie
|-damage|p1a: Starmie|11/100
|
|-weather|SunnyDay|[upkeep]
|-damage|p2a: Charizard|0 fnt|[from] ability: Solar Power|[of] p2a: Charizard
|faint|p2a: Charizard
|upkeep
|
|t:|1665531188
|switch|p2a: Shiftry|Shiftry, M|100/100
|-damage|p2a: Shiftry|88/100|[from] Stealth Rock
|turn|16
|
|t:|1665531192
|move|p1a: Starmie|Ice Beam|p2a: Shiftry
|-supereffective|p2a: Shiftry
|-damage|p2a: Shiftry|17/100
|move|p2a: Shiftry|Knock Off|p1a: Starmie
|-supereffective|p1a: Starmie
|-damage|p1a: Starmie|0 fnt
|-enditem|p1a: Starmie|Heavy-Duty Boots|[from] move: Knock Off|[of] p2a: Shiftry
|faint|p1a: Starmie
|-damage|p2a: Shiftry|7/100|[from] item: Life Orb
|
|-weather|SunnyDay|[upkeep]
|upkeep
|c|+Ajna|specs zard w no removal
|c|+Ajna|incredible teambuilding
|c|☆Beraldinhoo|that's defog flygon
|c|☆Beraldinhoo|trust
|c|%yOuRwElCoMeThAnk|is the flygon not fog
|c|☆whistling|I'm jus tusing
|c|☆whistling|the team this man in front of me
|c|☆whistling|built vs me..
|c|☆Beraldinhoo|right...
|c|%yOuRwElCoMeThAnk|dw
|c|☆Beraldinhoo|but it wasn't
|c|☆Beraldinhoo|specs zard
|inactive|Beraldinhoo has 120 seconds left.
|c|☆whistling|I know
|c|☆whistling|but
|c|%odr|lame final
|c|☆Beraldinhoo|and the shiftry set
|c|☆whistling|it made more sense
|c|☆Beraldinhoo|is wrong.
|c|%yOuRwElCoMeThAnk|what's wrong with the Shiftry
|
|t:|1665531241
|switch|p1a: Guzzlord|Guzzlord|55/100
|turn|17
|
|t:|1665531245
|move|p2a: Shiftry|Knock Off|p1a: Guzzlord
|-resisted|p1a: Guzzlord
|-damage|p1a: Guzzlord|37/100
|-enditem|p1a: Guzzlord|Leftovers|[from] move: Knock Off|[of] p2a: Shiftry
|-damage|p2a: Shiftry|0 fnt|[from] item: Life Orb
|faint|p2a: Shiftry
|move|p1a: Guzzlord|Knock Off|p2: Shiftry|[notarget]
|-fail|p1a: Guzzlord
|
|-weather|none
|upkeep
|c|%yOuRwElCoMeThAnk|it hasn't even revealed its moves
|
|t:|1665531249
|switch|p2a: Ninetales|Ninetales, M|74/100
|-damage|p2a: Ninetales|50/100|[from] Stealth Rock
|-weather|SunnyDay|[from] ability: Drought|[of] p2a: Ninetales
|turn|18
|c|☆Beraldinhoo|yep.
|c|%yOuRwElCoMeThAnk|no low kick
|inactive|Beraldinhoo has 120 seconds left.
|c|☆Beraldinhoo|no I mean
|c|☆Beraldinhoo|the version I made
|c|☆Beraldinhoo|was knockless
|c|☆Beraldinhoo|shiftry
|c|☆Beraldinhoo|LOL
|
|t:|1665531274
|move|p2a: Ninetales|Fire Blast|p1a: Guzzlord
|-resisted|p1a: Guzzlord
|-damage|p1a: Guzzlord|13/100
|move|p1a: Guzzlord|Knock Off|p2a: Ninetales
|-damage|p2a: Ninetales|0 fnt
|-enditem|p2a: Ninetales|Heat Rock|[from] move: Knock Off|[of] p1a: Guzzlord
|faint|p2a: Ninetales
|-ability|p1a: Guzzlord|Beast Boost|boost
|-boost|p1a: Guzzlord|atk|1
|
|-weather|SunnyDay|[upkeep]
|upkeep
|
|t:|1665531278
|switch|p2a: Flygon|Flygon, M|80/100
|-damage|p2a: Flygon|74/100|[from] Stealth Rock
|turn|19
|
|t:|1665531283
|move|p2a: Flygon|Earthquake|p1a: Guzzlord
|-damage|p1a: Guzzlord|0 fnt
|faint|p1a: Guzzlord
|
|-weather|SunnyDay|[upkeep]
|upkeep
|
|t:|1665531286
|switch|p1a: Nidoqueen|Nidoqueen, F|86/100
|turn|20
|
|t:|1665531288
|move|p2a: Flygon|Earthquake|p1a: Nidoqueen
|-supereffective|p1a: Nidoqueen
|-enditem|p1a: Nidoqueen|Shuca Berry|[eat]
|-enditem|p1a: Nidoqueen|Shuca Berry|[weaken]
|-damage|p1a: Nidoqueen|34/100
|move|p1a: Nidoqueen|Ice Beam|p2a: Flygon
|-supereffective|p2a: Flygon
|-damage|p2a: Flygon|0 fnt
|faint|p2a: Flygon
|
|-weather|SunnyDay|[upkeep]
|upkeep
|
|t:|1665531291
|switch|p2a: Vileplume|Vileplume, F|58/100
|-damage|p2a: Vileplume|45/100|[from] Stealth Rock
|turn|21
|c|☆Beraldinhoo|gg
|j| Hyper5pace
|
|t:|1665531293
|move|p2a: Vileplume|Giga Drain|p1a: Nidoqueen
|-damage|p1a: Nidoqueen|0 fnt
|-heal|p2a: Vileplume|63/100|[from] drain|[of] p1a: Nidoqueen
|faint|p1a: Nidoqueen
|
|-weather|SunnyDay|[upkeep]
|upkeep
|
|t:|1665531296
|switch|p1a: Crobat|Crobat, F|100/100
|turn|22
|c|+Ajna|oh?
|c|+Ajna|offensive gg?
|c|☆Beraldinhoo|yes!
|c|%odr|sleep this shit rn
|c|☆whistling|this plume is
|
|t:|1665531307
|move|p1a: Crobat|Brave Bird|p2a: Vileplume
|-supereffective|p2a: Vileplume
|-damage|p2a: Vileplume|0 fnt
|faint|p2a: Vileplume
|-damage|p1a: Crobat|80/100|[from] Recoil
|
|win|Beraldinhoo
|n|☆Beraldinhoo|beraldinhoo
|n|☆whistling|whistling
|n| odr|odr
|n| yOuRwElCoMeThAnk|yourwelcomethank
|n| Ajna|ajna
|n| Hyper5pace|hyper5pace
