|raw|<div class="broadcast-red"><strong>This battle is invite-only!</strong><br />Users must be invited with <code>/invite</code> (or be staff) to join</div>
|j|☆Decem
|j|☆LethalHobo723
|t:|1610850004
|player|p1|Decem|cheryl|
|player|p2|LethalHobo723|1|
|teamsize|p1|6
|teamsize|p2|6
|gametype|singles
|gen|8
|tier|[Gen 8] RU
|clearpoke
|poke|p1|Ditto|
|poke|p1|Suicune|
|poke|p1|Cobalion|
|poke|p1|Roserade, F|
|poke|p1|Zygarde-10%|
|poke|p1|Togekiss, F|
|poke|p2|Heracross, F|
|poke|p2|Rhyperior, F|
|poke|p2|Vaporeon, F|
|poke|p2|Togekiss, F|
|poke|p2|Durant, F|
|poke|p2|Raikou|
|rule|Sleep Clause Mod: Limit one foe put to sleep
|rule|Species Clause: Limit one of each Pokémon
|rule|OHKO Clause: OHKO moves are banned
|rule|Evasion Moves Clause: Evasion moves are banned
|rule|Endless Battle Clause: Forcing endless battles is banned
|rule|HP Percentage Mod: HP is shown in percentages
|rule|Dynamax Clause: You cannot dynamax
|teampreview
|c|☆Decem|hf
|c|☆LethalHobo723|u2
|raw|<div class="broadcast-blue"><strong>This room is no longer invite only!</strong><br />Anyone may now join.</div>
|c|☆Decem|/log Decem turned off modjoin.
|c|☆LethalHobo723|/log LethalHobo723 made this room public.
|c|☆Decem|ty
|inactive|Battle timer is ON: inactive players will automatically lose when time's up. (requested by Decem)
|j| itsrotten
|l|☆Decem
|inactive|Decem disconnected and has 300 seconds to reconnect!
|player|p1|
|j|☆Decem
|inactive|Decem reconnected and has 280 seconds left.
|player|p1|Decem|cheryl
|inactive|Decem has 270 seconds left.
|c|☆LethalHobo723|Do you wanna turn timer off if you are having internet problems?
|c|☆Decem|nah just the weird thing was popping up
|c|☆Decem|im good now
|c|☆LethalHobo723|ah alright
|inactive|Decem has 240 seconds left.
|
|t:|1610850114
|start
|switch|p1a: Suicune|Suicune|100/100
|switch|p2a: Durant|Durant, F|100/100
|-ability|p1a: Suicune|Pressure
|turn|1
|
|t:|1610850129
|switch|p2a: Raikou|Raikou|100/100
|-ability|p2a: Raikou|Pressure
|switch|p1a: Cobalion|Cobalion|100/100
|
|upkeep
|turn|2
|
|t:|1610850134
|switch|p1a: Zygarde|Zygarde-10%|100/100
|-ability|p1a: Zygarde|Aura Break
|move|p2a: Raikou|Volt Switch|p1a: Zygarde
|-immune|p1a: Zygarde
|
|upkeep
|turn|3
|
|t:|1610850140
|switch|p2a: Togekiss|Togekiss, F|100/100
|move|p1a: Zygarde|Thousand Arrows|p2a: Togekiss
|-damage|p2a: Togekiss|60/100
|-start|p2a: Togekiss|Smack Down
|
|upkeep
|turn|4
|
|t:|1610850145
|switch|p1a: Cobalion|Cobalion|100/100
|move|p2a: Togekiss|Roost|p2a: Togekiss
|-heal|p2a: Togekiss|100/100
|-singleturn|p2a: Togekiss|move: Roost
|
|upkeep
|turn|5
|
|t:|1610850150
|move|p1a: Cobalion|Stealth Rock|p2a: Togekiss
|-sidestart|p2: LethalHobo723|move: Stealth Rock
|move|p2a: Togekiss|Thunder Wave|p1a: Cobalion
|-status|p1a: Cobalion|par
|
|upkeep
|turn|6
|
|t:|1610850155
|move|p2a: Togekiss|Defog|p1a: Cobalion
|-unboost|p1a: Cobalion|evasion|1
|-sideend|p2: LethalHobo723|Stealth Rock|[from] move: Defog|[of] p2a: Togekiss
|move|p1a: Cobalion|Iron Head|p2a: Togekiss
|-supereffective|p2a: Togekiss
|-damage|p2a: Togekiss|64/100
|
|upkeep
|turn|7
|
|t:|1610850160
|move|p2a: Togekiss|Air Slash|p1a: Cobalion
|-damage|p1a: Cobalion|63/100 par
|move|p1a: Cobalion|Volt Switch|p2a: Togekiss
|-supereffective|p2a: Togekiss
|-damage|p2a: Togekiss|41/100
|j| Aquarius Ghost ❤
|
|t:|1610850164
|switch|p1a: Roserade|Roserade, F|100/100|[from]move: Volt Switch
|
|upkeep
|turn|8
|
|t:|1610850169
|switch|p2a: Durant|Durant, F|100/100
|move|p1a: Roserade|Spikes|p2a: Durant
|-sidestart|p2: LethalHobo723|Spikes
|
|upkeep
|turn|9
|
|t:|1610850174
|switch|p1a: Suicune|Suicune|100/100
|-ability|p1a: Suicune|Pressure
|move|p2a: Durant|First Impression|p1a: Suicune|[miss]
|-miss|p2a: Durant|p1a: Suicune
|
|upkeep
|turn|10
|
|t:|1610850182
|switch|p2a: Togekiss|Togekiss, F|41/100
|switch|p1a: Roserade|Roserade, F|100/100
|
|upkeep
|turn|11
|
|t:|1610850187
|switch|p2a: Durant|Durant, F|100/100
|-damage|p2a: Durant|88/100|[from] Spikes
|move|p1a: Roserade|Sludge Bomb|p2a: Durant
|-immune|p2a: Durant
|
|upkeep
|turn|12
|
|t:|1610850192
|switch|p1a: Cobalion|Cobalion|63/100 par
|move|p2a: Durant|First Impression|p1a: Cobalion|[miss]
|-miss|p2a: Durant|p1a: Cobalion
|
|upkeep
|turn|13
|c|☆Decem|mb
|
|t:|1610850197
|switch|p1a: Togekiss|Togekiss, F|100/100
|move|p2a: Durant|Superpower|p1a: Togekiss|[miss]
|-miss|p2a: Durant|p1a: Togekiss
|
|upkeep
|turn|14
|c|☆LethalHobo723|All good
|c| Aquarius Ghost ❤|lol
|
|t:|1610850205
|switch|p1a: Suicune|Suicune|100/100
|-ability|p1a: Suicune|Pressure
|move|p2a: Durant|Iron Head|p1a: Suicune|[miss]
|-miss|p2a: Durant|p1a: Suicune
|
|upkeep
|turn|15
|c| Aquarius Ghost ❤|wow
|
|t:|1610850217
|switch|p2a: Togekiss|Togekiss, F|41/100
|move|p1a: Suicune|Scald|p2a: Togekiss
|-damage|p2a: Togekiss|19/100
|-status|p2a: Togekiss|brn
|
|-damage|p2a: Togekiss|13/100 brn|[from] brn
|upkeep
|turn|16
|
|t:|1610850221
|move|p1a: Suicune|Scald|p2a: Togekiss
|-damage|p2a: Togekiss|0 fnt
|faint|p2a: Togekiss
|
|upkeep
|
|t:|1610850223
|switch|p2a: Raikou|Raikou|100/100
|-damage|p2a: Raikou|88/100|[from] Spikes
|-ability|p2a: Raikou|Pressure
|turn|17
|
|t:|1610850226
|move|p1a: Suicune|Protect|p1a: Suicune
|-singleturn|p1a: Suicune|Protect
|move|p2a: Raikou|Scald|p1a: Suicune
|-activate|p1a: Suicune|move: Protect
|
|upkeep
|turn|18
|
|t:|1610850242
|switch|p2a: Heracross|Heracross, F|100/100
|-damage|p2a: Heracross|88/100|[from] Spikes
|switch|p1a: Roserade|Roserade, F|100/100
|
|upkeep
|turn|19
|
|t:|1610850247
|switch|p1a: Cobalion|Cobalion|63/100 par
|move|p2a: Heracross|Knock Off|p1a: Cobalion
|-resisted|p1a: Cobalion
|-damage|p1a: Cobalion|52/100 par
|-damage|p2a: Heracross|72/100|[from] item: Rocky Helmet|[of] p1a: Cobalion
|-ability|p1a: Cobalion|Justified|boost
|-boost|p1a: Cobalion|atk|1
|-enditem|p1a: Cobalion|Rocky Helmet|[from] move: Knock Off|[of] p2a: Heracross
|
|upkeep
|turn|20
|
|t:|1610850252
|move|p2a: Heracross|Close Combat|p1a: Cobalion
|-supereffective|p1a: Cobalion
|-damage|p1a: Cobalion|0 fnt
|-unboost|p2a: Heracross|def|1
|-unboost|p2a: Heracross|spd|1
|faint|p1a: Cobalion
|-ability|p2a: Heracross|Moxie|boost
|-boost|p2a: Heracross|atk|1
|
|upkeep
|
|t:|1610850255
|switch|p1a: Ditto|Ditto|100/100
|-transform|p1a: Ditto|p2a: Heracross|[from] ability: Imposter
|turn|21
|
|t:|1610850262
|move|p1a: Ditto|Close Combat|p2a: Heracross
|-resisted|p2a: Heracross
|-damage|p2a: Heracross|0 fnt
|-unboost|p1a: Ditto|def|1
|-unboost|p1a: Ditto|spd|1
|faint|p2a: Heracross
|-ability|p1a: Ditto|Moxie|boost
|-boost|p1a: Ditto|atk|1
|
|upkeep
|
|t:|1610850273
|switch|p2a: Durant|Durant, F|88/100
|-damage|p2a: Durant|76/100|[from] Spikes
|turn|22
|
|t:|1610850276
|switch|p1a: Togekiss|Togekiss, F|100/100
|move|p2a: Durant|First Impression|p1a: Togekiss
|-resisted|p1a: Togekiss
|-damage|p1a: Togekiss|84/100
|-damage|p2a: Durant|66/100|[from] item: Life Orb
|
|upkeep
|turn|23
|
|t:|1610850279
|switch|p1a: Suicune|Suicune|100/100
|-ability|p1a: Suicune|Pressure
|move|p2a: Durant|Iron Head|p1a: Suicune
|-resisted|p1a: Suicune
|-damage|p1a: Suicune|75/100
|-damage|p2a: Durant|56/100|[from] item: Life Orb
|
|-heal|p1a: Suicune|81/100|[from] item: Leftovers
|upkeep
|turn|24
|
|t:|1610850283
|switch|p2a: Raikou|Raikou|88/100
|-damage|p2a: Raikou|76/100|[from] Spikes
|-ability|p2a: Raikou|Pressure
|move|p1a: Suicune|Scald|p2a: Raikou
|-damage|p2a: Raikou|51/100
|-status|p2a: Raikou|brn
|
|-heal|p1a: Suicune|87/100|[from] item: Leftovers
|-damage|p2a: Raikou|45/100 brn|[from] brn
|upkeep
|turn|25
|
|t:|1610850288
|move|p1a: Suicune|Protect|p1a: Suicune
|-singleturn|p1a: Suicune|Protect
|move|p2a: Raikou|Thunderbolt|p1a: Suicune
|-activate|p1a: Suicune|move: Protect
|
|-heal|p1a: Suicune|93/100|[from] item: Leftovers
|-damage|p2a: Raikou|39/100 brn|[from] brn
|upkeep
|turn|26
|
|t:|1610850291
|switch|p1a: Zygarde|Zygarde-10%|100/100
|-ability|p1a: Zygarde|Aura Break
|move|p2a: Raikou|Thunderbolt|p1a: Zygarde
|-immune|p1a: Zygarde
|
|-damage|p2a: Raikou|32/100 brn|[from] brn
|upkeep
|turn|27
|
|t:|1610850293
|switch|p2a: Vaporeon|Vaporeon, F|100/100
|-damage|p2a: Vaporeon|88/100|[from] Spikes
|move|p1a: Zygarde|Thousand Arrows|p2a: Vaporeon
|-damage|p2a: Vaporeon|44/100
|
|-heal|p2a: Vaporeon|50/100|[from] item: Leftovers
|upkeep
|turn|28
|
|t:|1610850297
|switch|p1a: Roserade|Roserade, F|100/100
|move|p2a: Vaporeon|Wish|p2a: Vaporeon
|
|-heal|p2a: Vaporeon|56/100|[from] item: Leftovers
|upkeep
|turn|29
|
|t:|1610850300
|switch|p2a: Durant|Durant, F|56/100
|-damage|p2a: Durant|44/100|[from] Spikes
|move|p1a: Roserade|Spikes|p2a: Durant
|-sidestart|p2: LethalHobo723|Spikes
|
|-heal|p2a: Durant|100/100|[from] move: Wish|[wisher] Vaporeon
|upkeep
|turn|30
|
|t:|1610850304
|switch|p1a: Suicune|Suicune|93/100
|-ability|p1a: Suicune|Pressure
|move|p2a: Durant|First Impression|p1a: Suicune
|-damage|p1a: Suicune|38/100
|-damage|p2a: Durant|91/100|[from] item: Life Orb
|
|-heal|p1a: Suicune|45/100|[from] item: Leftovers
|upkeep
|turn|31
|
|t:|1610850307
|move|p1a: Suicune|Protect|p1a: Suicune
|-singleturn|p1a: Suicune|Protect
|move|p2a: Durant|Iron Head|p1a: Suicune
|-activate|p1a: Suicune|move: Protect
|
|-heal|p1a: Suicune|51/100|[from] item: Leftovers
|upkeep
|turn|32
|
|t:|1610850312
|move|p2a: Durant|Iron Head|p1a: Suicune
|-resisted|p1a: Suicune
|-damage|p1a: Suicune|24/100
|-damage|p2a: Durant|81/100|[from] item: Life Orb
|cant|p1a: Suicune|flinch
|
|-heal|p1a: Suicune|30/100|[from] item: Leftovers
|upkeep
|turn|33
|
|t:|1610850323
|move|p1a: Suicune|Protect|p1a: Suicune
|-singleturn|p1a: Suicune|Protect
|move|p2a: Durant|Superpower|p1a: Suicune
|-activate|p1a: Suicune|move: Protect
|
|-heal|p1a: Suicune|36/100|[from] item: Leftovers
|upkeep
|turn|34
|
|t:|1610850326
|move|p2a: Durant|Iron Head|p1a: Suicune|[miss]
|-miss|p2a: Durant|p1a: Suicune
|move|p1a: Suicune|Scald|p2a: Durant
|-damage|p2a: Durant|19/100
|
|-heal|p1a: Suicune|43/100|[from] item: Leftovers
|upkeep
|turn|35
|
|t:|1610850328
|move|p1a: Suicune|Protect|p1a: Suicune
|-singleturn|p1a: Suicune|Protect
|move|p2a: Durant|Iron Head|p1a: Suicune
|-activate|p1a: Suicune|move: Protect
|
|-heal|p1a: Suicune|49/100|[from] item: Leftovers
|upkeep
|turn|36
|
|t:|1610850331
|move|p2a: Durant|Superpower|p1a: Suicune
|-damage|p1a: Suicune|0 fnt
|-unboost|p2a: Durant|atk|1
|-unboost|p2a: Durant|def|1
|-damage|p2a: Durant|9/100|[from] item: Life Orb
|faint|p1a: Suicune
|
|upkeep
|
|t:|1610850335
|switch|p1a: Zygarde|Zygarde-10%|100/100
|-ability|p1a: Zygarde|Aura Break
|turn|37
|
|t:|1610850340
|switch|p2a: Raikou|Raikou|32/100 brn
|-damage|p2a: Raikou|16/100 brn|[from] Spikes
|-ability|p2a: Raikou|Pressure
|move|p1a: Zygarde|Thousand Arrows|p2a: Raikou
|-supereffective|p2a: Raikou
|-damage|p2a: Raikou|0 fnt
|faint|p2a: Raikou
|
|upkeep
|
|t:|1610850344
|switch|p2a: Rhyperior|Rhyperior, F|100/100
|-damage|p2a: Rhyperior|84/100|[from] Spikes
|turn|38
|
|t:|1610850346
|move|p1a: Zygarde|Thousand Arrows|p2a: Rhyperior
|-supereffective|p2a: Rhyperior
|-damage|p2a: Rhyperior|26/100
|move|p2a: Rhyperior|Earthquake|p1a: Zygarde
|-damage|p1a: Zygarde|10/100
|
|-heal|p2a: Rhyperior|32/100|[from] item: Leftovers
|upkeep
|turn|39
|
|t:|1610850349
|move|p1a: Zygarde|Thousand Arrows|p2a: Rhyperior
|-supereffective|p2a: Rhyperior
|-damage|p2a: Rhyperior|0 fnt
|faint|p2a: Rhyperior
|
|upkeep
|c|☆LethalHobo723|Gg
|c|☆Decem|gg
|
|t:|1610850353
|switch|p2a: Vaporeon|Vaporeon, F|56/100
|-damage|p2a: Vaporeon|40/100|[from] Spikes
|turn|40
|
|t:|1610850356
|move|p2a: Vaporeon|Protect|p2a: Vaporeon
|-singleturn|p2a: Vaporeon|Protect
|move|p1a: Zygarde|Thousand Arrows|p2a: Vaporeon
|-activate|p2a: Vaporeon|move: Protect
|
|-heal|p2a: Vaporeon|46/100|[from] item: Leftovers
|upkeep
|turn|41
|
|t:|1610850358
|move|p2a: Vaporeon|Protect||[still]
|-fail|p2a: Vaporeon
|move|p1a: Zygarde|Thousand Arrows|p2a: Vaporeon
|-damage|p2a: Vaporeon|0 fnt
|faint|p2a: Vaporeon
|
|upkeep
|
|t:|1610850360
|switch|p2a: Durant|Durant, F|9/100
|-damage|p2a: Durant|0 fnt|[from] Spikes
|faint|p2a: Durant
|
|win|Decem
