|j|☆Yahoo12
|j|☆eifo
|t:|1668274363
|gametype|singles
|player|p1|Yahoo12|benga|1222
|player|p2|eifo|#ssdivmambas|1511
|teamsize|p1|6
|teamsize|p2|6
|gen|8
|tier|[Gen 8] RU
|rated|
|rule|Sleep Clause Mod: Limit one foe put to sleep
|rule|Species Clause: Limit one of each Pokémon
|rule|OHKO Clause: OHKO moves are banned
|rule|Evasion Items Clause: Evasion items are banned
|rule|Evasion Moves Clause: Evasion moves are banned
|rule|Endless Battle Clause: Forcing endless battles is banned
|rule|HP Percentage Mod: HP is shown in percentages
|rule|Dynamax Clause: You cannot dynamax
|clearpoke
|poke|p1|Incineroar, M|
|poke|p1|Toxtricity, M|
|poke|p1|Roserade, F|
|poke|p1|Milotic, F|
|poke|p1|Noivern, M|
|poke|p1|Steelix, M|
|poke|p2|Suicune|
|poke|p2|Vileplume, F|
|poke|p2|Togekiss, M|
|poke|p2|Flygon, M|
|poke|p2|Raikou|
|poke|p2|Metagross|
|teampreview
|inactive|Battle timer is ON: inactive players will automatically lose when time's up. (requested by Yahoo12)
|
|t:|1668274380
|start
|switch|p1a: Incineroar|Incineroar, M|100/100
|switch|p2a: Flygon|Flygon, M|100/100
|-ability|p1a: Incineroar|Intimidate|boost
|-unboost|p2a: Flygon|atk|1
|turn|1
|
|t:|1668274393
|switch|p1a: Milotic|Milotic, F|100/100
|move|p2a: Flygon|Earthquake|p1a: Milotic
|-damage|p1a: Milotic|81/100
|
|-heal|p1a: Milotic|87/100|[from] item: Leftovers
|upkeep
|turn|2
|inactive|eifo has 120 seconds left.
|
|t:|1668274426
|switch|p2a: Metagross|Metagross|100/100
|move|p1a: Milotic|Flip Turn|p2a: Metagross
|-damage|p2a: Metagross|92/100
|inactive|Yahoo12 has 120 seconds left.
|
|t:|1668274452
|switch|p1a: Incineroar|Incineroar, M|100/100|[from]move: Flip Turn
|-ability|p1a: Incineroar|Intimidate|boost
|-fail|p2a: Metagross|unboost|[from] ability: Clear Body|[of] p2a: Metagross
|
|-heal|p2a: Metagross|98/100|[from] item: Leftovers
|upkeep
|turn|3
|
|t:|1668274461
|switch|p2a: Flygon|Flygon, M|100/100
|move|p1a: Incineroar|U-turn|p2a: Flygon
|-damage|p2a: Flygon|71/100
|
|t:|1668274467
|switch|p1a: Milotic|Milotic, F|87/100|[from]move: U-turn
|
|-heal|p1a: Milotic|93/100|[from] item: Leftovers
|upkeep
|turn|4
|
|t:|1668274474
|move|p2a: Flygon|U-turn|p1a: Milotic
|-damage|p1a: Milotic|78/100
|
|t:|1668274476
|switch|p2a: Metagross|Metagross|98/100|[from]move: U-turn
|move|p1a: Milotic|Flip Turn|p2a: Metagross
|-damage|p2a: Metagross|90/100
|
|t:|1668274483
|switch|p1a: Incineroar|Incineroar, M|100/100|[from]move: Flip Turn
|-ability|p1a: Incineroar|Intimidate|boost
|-fail|p2a: Metagross|unboost|[from] ability: Clear Body|[of] p2a: Metagross
|
|-heal|p2a: Metagross|96/100|[from] item: Leftovers
|upkeep
|turn|5
|
|t:|1668274494
|move|p2a: Metagross|Earthquake|p1a: Incineroar
|-supereffective|p1a: Incineroar
|-damage|p1a: Incineroar|27/100
|move|p1a: Incineroar|Knock Off|p2a: Metagross
|-supereffective|p2a: Metagross
|-damage|p2a: Metagross|20/100
|-enditem|p2a: Metagross|Leftovers|[from] move: Knock Off|[of] p1a: Incineroar
|
|upkeep
|turn|6
|
|t:|1668274506
|move|p2a: Metagross|Stealth Rock|p1a: Incineroar
|-sidestart|p1: Yahoo12|move: Stealth Rock
|move|p1a: Incineroar|Knock Off|p2a: Metagross
|-supereffective|p2a: Metagross
|-damage|p2a: Metagross|0 fnt
|faint|p2a: Metagross
|
|upkeep
|inactive|eifo has 120 seconds left.
|inactive|eifo has 90 seconds left.
|
|t:|1668274569
|switch|p2a: Togekiss|Togekiss, M|100/100
|turn|7
|
|t:|1668274574
|move|p2a: Togekiss|Air Slash|p1a: Incineroar
|-crit|p1a: Incineroar
|-damage|p1a: Incineroar|0 fnt
|faint|p1a: Incineroar
|
|upkeep
|
|t:|1668274583
|switch|p1a: Toxtricity|Toxtricity, M|100/100
|-damage|p1a: Toxtricity|88/100|[from] Stealth Rock
|turn|8
|inactive|eifo has 90 seconds left.
|
|t:|1668274614
|move|p2a: Togekiss|Air Slash|p1a: Toxtricity
|-resisted|p1a: Toxtricity
|-damage|p1a: Toxtricity|64/100
|cant|p1a: Toxtricity|flinch
|
|upkeep
|turn|9
|inactive|eifo has 90 seconds left.
|
|t:|1668274620
|switch|p2a: Flygon|Flygon, M|71/100
|move|p1a: Toxtricity|Boomburst|p2a: Flygon
|-damage|p2a: Flygon|0 fnt
|faint|p2a: Flygon
|
|upkeep
|inactive|eifo has 90 seconds left.
|
|t:|1668274627
|switch|p2a: Togekiss|Togekiss, M|100/100
|turn|10
|
|t:|1668274630
|move|p2a: Togekiss|Nasty Plot|p2a: Togekiss
|-boost|p2a: Togekiss|spa|2
|move|p1a: Toxtricity|Boomburst|p2a: Togekiss
|-damage|p2a: Togekiss|19/100
|
|upkeep
|turn|11
|
|t:|1668274636
|move|p2a: Togekiss|Air Slash|p1a: Toxtricity
|-resisted|p1a: Toxtricity
|-damage|p1a: Toxtricity|21/100
|move|p1a: Toxtricity|Boomburst|p2a: Togekiss
|-damage|p2a: Togekiss|0 fnt
|faint|p2a: Togekiss
|
|upkeep
|
|t:|1668274651
|switch|p2a: Suicune|Suicune|100/100
|-ability|p2a: Suicune|Pressure
|turn|12
|
|t:|1668274661
|move|p1a: Toxtricity|Boomburst|p2a: Suicune
|-damage|p2a: Suicune|32/100
|move|p2a: Suicune|Calm Mind|p2a: Suicune
|-boost|p2a: Suicune|spa|1
|-boost|p2a: Suicune|spd|1
|
|-heal|p2a: Suicune|38/100|[from] item: Leftovers
|upkeep
|turn|13
|-message|eifo forfeited.
|
|win|Yahoo12
|raw|Yahoo12's rating: 1222 &rarr; <strong>1264</strong><br />(+42 for winning)
|raw|eifo's rating: 1511 &rarr; <strong>1477</strong><br />(-34 for losing)
|l|☆eifo
