|j|☆CasualGabberz
|j|☆pult94d somalia
|inactive|Battle timer is ON: inactive players will automatically lose when time's up.
|t:|1630246283
|gametype|singles
|player|p1|CasualGabberz|lucas|
|player|p2|pult94d somalia|hilbert|
|teamsize|p1|6
|teamsize|p2|6
|gen|8
|tier|[Gen 8] RU
|rated|Tournament battle
|rule|Sleep Clause Mod: Limit one foe put to sleep
|rule|Species Clause: Limit one of each Pokémon
|rule|OHKO Clause: OHKO moves are banned
|rule|Evasion Moves Clause: Evasion moves are banned
|rule|Endless Battle Clause: Forcing endless battles is banned
|rule|HP Percentage Mod: HP is shown in percentages
|rule|Dynamax Clause: You cannot dynamax
|clearpoke
|poke|p1|Suicune|
|poke|p1|Weezing-Galar, M|
|poke|p1|Bronzong|
|poke|p1|Zoroark, M|
|poke|p1|Darmanitan, M|
|poke|p1|Togekiss, F|
|poke|p2|Regidrago|
|poke|p2|Heracross, F|
|poke|p2|Crobat, M|
|poke|p2|Raikou|
|poke|p2|Mimikyu, F|
|poke|p2|Metagross|
|teampreview
|
|t:|1630246309
|start
|switch|p1a: Bronzong|Bronzong|100/100
|switch|p2a: BOOMER KUWANGER|Crobat, M, shiny|100/100
|turn|1
|
|t:|1630246315
|move|p2a: BOOMER KUWANGER|U-turn|p1a: Bronzong
|-damage|p1a: Bronzong|87/100
|
|t:|1630246318
|switch|p2a: ARMORED ARMADILLO|Metagross, shiny|100/100|[from]move: U-turn
|move|p1a: Bronzong|Stealth Rock|p2a: ARMORED ARMADILLO
|-sidestart|p2: pult94d somalia|move: Stealth Rock
|
|-heal|p1a: Bronzong|93/100|[from] item: Leftovers
|upkeep
|turn|2
|
|t:|1630246337
|switch|p1a: Darmanitan|Darmanitan, M|100/100
|move|p2a: ARMORED ARMADILLO|Stealth Rock|p1a: Darmanitan
|-sidestart|p1: CasualGabberz|move: Stealth Rock
|
|upkeep
|turn|3
|
|t:|1630246343
|move|p1a: Darmanitan|Flare Blitz|p2a: ARMORED ARMADILLO
|-supereffective|p2a: ARMORED ARMADILLO
|-enditem|p2a: ARMORED ARMADILLO|Occa Berry|[eat]
|-enditem|p2a: ARMORED ARMADILLO|Occa Berry|[weaken]
|-damage|p2a: ARMORED ARMADILLO|29/100
|-damage|p1a: Darmanitan|78/100|[from] Recoil
|move|p2a: ARMORED ARMADILLO|Earthquake|p1a: Darmanitan
|-supereffective|p1a: Darmanitan
|-damage|p1a: Darmanitan|0 fnt
|faint|p1a: Darmanitan
|
|upkeep
|
|t:|1630246354
|switch|p1a: Suicune|Suicune|100/100
|-damage|p1a: Suicune|88/100|[from] Stealth Rock
|-ability|p1a: Suicune|Pressure
|turn|4
|j| dimitrisfinance
|inactive|pult94d somalia has 120 seconds left.
|c|☆CasualGabberz|nice tech tho*
|inactive|pult94d somalia has 90 seconds left.
|
|t:|1630246436
|switch|p2a: STAGE START|Raikou|100/100
|-damage|p2a: STAGE START|88/100|[from] Stealth Rock
|-ability|p2a: STAGE START|Pressure
|move|p1a: Suicune|Substitute|p1a: Suicune
|-start|p1a: Suicune|Substitute
|-damage|p1a: Suicune|63/100
|
|-heal|p1a: Suicune|69/100|[from] item: Leftovers
|upkeep
|turn|5
|
|t:|1630246446
|move|p1a: Suicune|Protect|p1a: Suicune
|-singleturn|p1a: Suicune|Protect
|move|p2a: STAGE START|Calm Mind|p2a: STAGE START
|-boost|p2a: STAGE START|spa|1
|-boost|p2a: STAGE START|spd|1
|
|-heal|p1a: Suicune|75/100|[from] item: Leftovers
|upkeep
|turn|6
|
|t:|1630246458
|move|p2a: STAGE START|Thunderbolt|p1a: Suicune
|-supereffective|p1a: Suicune
|-end|p1a: Suicune|Substitute
|move|p1a: Suicune|Scald|p2a: STAGE START
|-damage|p2a: STAGE START|72/100
|-status|p2a: STAGE START|brn
|
|-heal|p1a: Suicune|82/100|[from] item: Leftovers
|-damage|p2a: STAGE START|66/100 brn|[from] brn
|upkeep
|turn|7
|
|t:|1630246468
|switch|p1a: Bronzong|Bronzong|93/100
|-damage|p1a: Bronzong|87/100|[from] Stealth Rock
|move|p2a: STAGE START|Thunderbolt|p1a: Bronzong
|-damage|p1a: Bronzong|52/100
|
|-heal|p1a: Bronzong|58/100|[from] item: Leftovers
|-damage|p2a: STAGE START|60/100 brn|[from] brn
|upkeep
|turn|8
|inactive|pult94d somalia has 90 seconds left.
|
|t:|1630246479
|switch|p2a: ARMORED ARMADILLO|Metagross, shiny|29/100
|-damage|p2a: ARMORED ARMADILLO|23/100|[from] Stealth Rock
|move|p1a: Bronzong|Protect||[still]
|-fail|p1a: Bronzong
|
|-heal|p1a: Bronzong|64/100|[from] item: Leftovers
|upkeep
|turn|9
|inactive|pult94d somalia has 90 seconds left.
|
|t:|1630246487
|move|p1a: Bronzong|Protect|p1a: Bronzong
|-singleturn|p1a: Bronzong|Protect
|move|p2a: ARMORED ARMADILLO|Meteor Mash|p1a: Bronzong
|-activate|p1a: Bronzong|move: Protect
|
|-heal|p1a: Bronzong|70/100|[from] item: Leftovers
|upkeep
|turn|10
|
|t:|1630246497
|switch|p1a: Suicune|Suicune|82/100
|-damage|p1a: Suicune|69/100|[from] Stealth Rock
|-ability|p1a: Suicune|Pressure
|move|p2a: ARMORED ARMADILLO|Explosion|p1a: Suicune
|-damage|p1a: Suicune|7/100
|faint|p2a: ARMORED ARMADILLO
|
|-heal|p1a: Suicune|13/100|[from] item: Leftovers
|upkeep
|
|t:|1630246509
|switch|p2a: BOOMER KUWANGER|Crobat, M, shiny|100/100
|turn|11
|l| dimitrisfinance
|
|t:|1630246515
|move|p1a: Suicune|Protect|p1a: Suicune
|-singleturn|p1a: Suicune|Protect
|move|p2a: BOOMER KUWANGER|Brave Bird|p1a: Suicune
|-activate|p1a: Suicune|move: Protect
|
|-heal|p1a: Suicune|19/100|[from] item: Leftovers
|upkeep
|turn|12
|
|t:|1630246531
|move|p2a: BOOMER KUWANGER|Brave Bird|p1a: Suicune
|-damage|p1a: Suicune|0 fnt
|faint|p1a: Suicune
|-damage|p2a: BOOMER KUWANGER|94/100|[from] Recoil
|
|upkeep
|
|t:|1630246545
|switch|p1a: Weezing|Weezing-Galar, M|100/100
|-ability|p1a: Weezing|Neutralizing Gas
|-damage|p1a: Weezing|88/100|[from] Stealth Rock
|turn|13
|j| Voyagar
|inactive|pult94d somalia has 120 seconds left.
|
|t:|1630246560
|move|p2a: BOOMER KUWANGER|U-turn|p1a: Weezing
|-resisted|p1a: Weezing
|-damage|p1a: Weezing|86/100
|
|t:|1630246568
|switch|p2a: STAGE START|Raikou|60/100 brn|[from]move: U-turn
|-damage|p2a: STAGE START|47/100 brn|[from] Stealth Rock
|move|p1a: Weezing|Strange Steam|p2a: STAGE START
|-damage|p2a: STAGE START|23/100 brn
|
|-heal|p1a: Weezing|92/100|[from] item: Black Sludge
|-damage|p2a: STAGE START|16/100 brn|[from] brn
|upkeep
|turn|14
|j| 85percent
|
|t:|1630246591
|-end|p1a: Weezing|ability: Neutralizing Gas
|-ability|p2a: STAGE START|Pressure
|switch|p1a: Bronzong|Bronzong|70/100
|-damage|p1a: Bronzong|64/100|[from] Stealth Rock
|move|p2a: STAGE START|Rest|p2a: STAGE START
|-status|p2a: STAGE START|slp|[from] move: Rest
|-heal|p2a: STAGE START|100/100 slp|[silent]
|-enditem|p2a: STAGE START|Chesto Berry|[eat]
|-curestatus|p2a: STAGE START|slp|[msg]
|
|-heal|p1a: Bronzong|70/100|[from] item: Leftovers
|upkeep
|turn|15
|
|t:|1630246608
|switch|p2a: SPARK MANDRILL|Heracross, F|100/100
|-damage|p2a: SPARK MANDRILL|88/100|[from] Stealth Rock
|move|p1a: Bronzong|Psychic|p2a: SPARK MANDRILL
|-supereffective|p2a: SPARK MANDRILL
|-damage|p2a: SPARK MANDRILL|26/100
|
|-heal|p1a: Bronzong|77/100|[from] item: Leftovers
|-status|p2a: SPARK MANDRILL|brn|[from] item: Flame Orb
|upkeep
|turn|16
|
|t:|1630246615
|move|p1a: Bronzong|Protect|p1a: Bronzong
|-singleturn|p1a: Bronzong|Protect
|move|p2a: SPARK MANDRILL|Close Combat|p1a: Bronzong
|-activate|p1a: Bronzong|move: Protect
|
|-heal|p1a: Bronzong|83/100|[from] item: Leftovers
|-damage|p2a: SPARK MANDRILL|20/100 brn|[from] brn
|upkeep
|turn|17
|
|t:|1630246634
|switch|p1a: Weezing|Weezing-Galar, M|92/100
|-ability|p1a: Weezing|Neutralizing Gas
|-damage|p1a: Weezing|80/100|[from] Stealth Rock
|move|p2a: SPARK MANDRILL|Knock Off|p1a: Weezing
|-resisted|p1a: Weezing
|-damage|p1a: Weezing|74/100
|-enditem|p1a: Weezing|Black Sludge|[from] move: Knock Off|[of] p2a: SPARK MANDRILL
|
|-damage|p2a: SPARK MANDRILL|14/100 brn|[from] brn
|upkeep
|turn|18
|
|t:|1630246644
|move|p2a: SPARK MANDRILL|Facade|p1a: Weezing
|-crit|p1a: Weezing
|-damage|p1a: Weezing|25/100
|move|p1a: Weezing|Toxic Spikes|p2a: SPARK MANDRILL
|-sidestart|p2: pult94d somalia|move: Toxic Spikes
|
|-damage|p2a: SPARK MANDRILL|8/100 brn|[from] brn
|upkeep
|turn|19
|
|t:|1630246653
|move|p2a: SPARK MANDRILL|Facade|p1a: Weezing
|-damage|p1a: Weezing|0 fnt
|faint|p1a: Weezing
|-end|p1a: Weezing|ability: Neutralizing Gas
|
|-damage|p2a: SPARK MANDRILL|2/100 brn|[from] brn
|upkeep
|
|t:|1630246657
|switch|p1a: Togekiss|Togekiss, F|100/100
|-damage|p1a: Togekiss|88/100|[from] Stealth Rock
|turn|20
|
|t:|1630246668
|move|p1a: Togekiss|Dark Pulse|p2a: SPARK MANDRILL
|-resisted|p2a: SPARK MANDRILL
|-damage|p2a: SPARK MANDRILL|0 fnt
|faint|p2a: SPARK MANDRILL
|-damage|p1a: Togekiss|78/100|[from] item: Life Orb
|
|upkeep
|inactive|pult94d somalia has 120 seconds left.
|
|t:|1630246714
|switch|p2a: BOOMER KUWANGER|Crobat, M, shiny|94/100
|turn|21
|
|t:|1630246730
|switch|p1a: Togekiss|Togekiss, F|100/100
|move|p2a: BOOMER KUWANGER|U-turn|p1a: Togekiss
|-resisted|p1a: Togekiss
|-damage|p1a: Togekiss|98/100
|inactive|pult94d somalia has 90 seconds left.
|
|t:|1630246746
|switch|p2a: STAGE START|Raikou|100/100|[from]move: U-turn
|-status|p2a: STAGE START|psn
|-damage|p2a: STAGE START|88/100 psn|[from] Stealth Rock
|-ability|p2a: STAGE START|Pressure
|
|-damage|p2a: STAGE START|75/100 psn|[from] psn
|upkeep
|turn|22
|
|t:|1630246759
|switch|p1a: Bronzong|Bronzong|83/100
|-damage|p1a: Bronzong|77/100|[from] Stealth Rock
|move|p2a: STAGE START|Calm Mind|p2a: STAGE START
|-boost|p2a: STAGE START|spa|1
|-boost|p2a: STAGE START|spd|1
|
|-heal|p1a: Bronzong|83/100|[from] item: Leftovers
|-damage|p2a: STAGE START|63/100 psn|[from] psn
|upkeep
|turn|23
|
|t:|1630246783
|move|p2a: STAGE START|Thunderbolt|p1a: Bronzong
|-damage|p1a: Bronzong|43/100
|move|p1a: Bronzong|Iron Head|p2a: STAGE START
|-resisted|p2a: STAGE START
|-crit|p2a: STAGE START
|-damage|p2a: STAGE START|42/100 psn
|
|-heal|p1a: Bronzong|49/100|[from] item: Leftovers
|-damage|p2a: STAGE START|29/100 psn|[from] psn
|upkeep
|turn|24
|
|t:|1630246793
|switch|p1a: Bronzong|Bronzong|78/100
|-damage|p1a: Bronzong|66/100|[from] Stealth Rock
|move|p2a: STAGE START|Rest|p2a: STAGE START
|-status|p2a: STAGE START|slp|[from] move: Rest
|-heal|p2a: STAGE START|100/100 slp|[silent]
|
|upkeep
|turn|25
|
|t:|1630246805
|switch|p2a: CHILL PENGUIN|Mimikyu, F|100/100
|-damage|p2a: CHILL PENGUIN|88/100|[from] Stealth Rock
|-status|p2a: CHILL PENGUIN|psn
|move|p1a: Bronzong|Nasty Plot|p1a: Bronzong
|-boost|p1a: Bronzong|spa|2
|
|-damage|p2a: CHILL PENGUIN|76/100 psn|[from] psn
|upkeep
|turn|26
|
|t:|1630246813
|move|p1a: Bronzong|Dark Pulse|p2a: CHILL PENGUIN
|-activate|p2a: CHILL PENGUIN|ability: Disguise
|-damage|p2a: CHILL PENGUIN|76/100 psn
|detailschange|p2a: CHILL PENGUIN|Mimikyu-Busted, F
|-damage|p2a: CHILL PENGUIN|63/100 psn|[from] pokemon: Mimikyu-Busted
|-damage|p1a: Bronzong|56/100|[from] item: Life Orb
|move|p2a: CHILL PENGUIN|Play Rough|p1a: Bronzong
|-supereffective|p1a: Bronzong
|-damage|p1a: Bronzong|0 fnt
|replace|p1a: Zoroark|Zoroark, M
|-end|p1a: Zoroark|Illusion
|faint|p1a: Zoroark
|-damage|p2a: CHILL PENGUIN|53/100 psn|[from] item: Life Orb
|
|-damage|p2a: CHILL PENGUIN|41/100 psn|[from] psn
|upkeep
|c|☆CasualGabberz|gg
|-message|CasualGabberz forfeited.
|
|win|pult94d somalia
|n|☆CasualGabberz|casualgabberz
|n|☆pult94d somalia|pult94dsomalia
|n| Voyagar|voyagar
|n| 85percent|85percent
