|j|☆p‽apapole
|j|☆70to90gxe
|t:|1610330944
|player|p1|p‽apapole|266|
|player|p2|70to90gxe|2|
|teamsize|p1|6
|teamsize|p2|6
|gametype|singles
|gen|8
|tier|[Gen 8] RU
|clearpoke
|poke|p1|Raikou|
|poke|p1|Tangela, M|
|poke|p1|Slowbro-Galar, M|
|poke|p1|Seismitoad, M|
|poke|p1|Cobalion|
|poke|p1|Noivern, M|
|poke|p2|Crobat, M|
|poke|p2|Suicune|
|poke|p2|Zarude|
|poke|p2|Zygarde-10%|
|poke|p2|Registeel|
|poke|p2|Dragalge, F|
|rule|Sleep Clause Mod: Limit one foe put to sleep
|rule|Species Clause: Limit one of each Pokémon
|rule|OHKO Clause: OHKO moves are banned
|rule|Evasion Moves Clause: Evasion moves are banned
|rule|Endless Battle Clause: Forcing endless battles is banned
|rule|HP Percentage Mod: HP is shown in percentages
|rule|Dynamax Clause: You cannot dynamax
|teampreview
|c|☆70to90gxe|hf
|inactive|Battle timer is ON: inactive players will automatically lose when time's up. (requested by p‽apapole)
|j| PokeArt2004❤
|c|☆p‽apapole|hf
|j| Pussaby
|j| AcquiretheQuagsire
|j| FatFighter2
|j| kythr
|inactive|p‽apapole has 270 seconds left.
|j| Drop a draco
|j| PkmnChampionZinnia
|j| Axgwd ♪
|inactive|70to90gxe has 270 seconds left.
|inactive|p‽apapole has 240 seconds left.
|j| Stitch the Glaceon
|
|t:|1610331027
|start
|switch|p1a: Noivern|Noivern, M|100/100
|switch|p2a: Registeel|Registeel|100/100
|turn|1
|j| Sificon~
|
|t:|1610331049
|move|p1a: Noivern|U-turn|p2a: Registeel
|-resisted|p2a: Registeel
|-damage|p2a: Registeel|97/100
|
|t:|1610331052
|switch|p1a: Cobalion|Cobalion|100/100|[from]move: U-turn
|move|p2a: Registeel|Stealth Rock|p1a: Cobalion
|-sidestart|p1: p‽apapole|move: Stealth Rock
|
|-heal|p2a: Registeel|100/100|[from] item: Leftovers
|upkeep
|turn|2
|
|t:|1610331060
|switch|p2a: Suicune|Suicune|100/100
|-ability|p2a: Suicune|Pressure
|move|p1a: Cobalion|Swords Dance|p1a: Cobalion
|-boost|p1a: Cobalion|atk|2
|
|upkeep
|turn|3
|
|t:|1610331075
|move|p1a: Cobalion|Close Combat|p2a: Suicune
|-damage|p2a: Suicune|27/100
|-unboost|p1a: Cobalion|def|1
|-unboost|p1a: Cobalion|spd|1
|move|p2a: Suicune|Scald|p1a: Cobalion
|-damage|p1a: Cobalion|45/100
|
|-heal|p2a: Suicune|33/100|[from] item: Leftovers
|upkeep
|turn|4
|
|t:|1610331086
|move|p1a: Cobalion|Stone Edge|p2a: Suicune
|-damage|p2a: Suicune|0 fnt
|faint|p2a: Suicune
|
|upkeep
|
|t:|1610331091
|switch|p2a: Crobat|Crobat, M|100/100
|turn|5
|j| OUTWeedy
|inactive|p‽apapole has 270 seconds left.
|
|t:|1610331117
|switch|p1a: Seismitoad|Seismitoad, M|100/100
|-damage|p1a: Seismitoad|94/100|[from] Stealth Rock
|move|p2a: Crobat|U-turn|p1a: Seismitoad
|-damage|p1a: Seismitoad|83/100
|
|t:|1610331120
|switch|p2a: Zarude|Zarude|100/100|[from]move: U-turn
|
|-heal|p1a: Seismitoad|89/100|[from] item: Leftovers
|upkeep
|turn|6
|inactive|p‽apapole has 270 seconds left.
|j| Roginald
|c| Roginald|go
|c| Roginald|!
|inactive|p‽apapole has 240 seconds left.
|l|outweedy
|
|t:|1610331172
|switch|p1a: Noivern|Noivern, M|100/100
|move|p2a: Zarude|U-turn|p1a: Noivern
|-resisted|p1a: Noivern
|-damage|p1a: Noivern|86/100
|
|t:|1610331175
|switch|p2a: Dragalge|Dragalge, F|100/100|[from]move: U-turn
|
|upkeep
|turn|7
|inactive|p‽apapole has 240 seconds left.
|
|t:|1610331205
|move|p1a: Noivern|Draco Meteor|p2a: Dragalge
|-supereffective|p2a: Dragalge
|-damage|p2a: Dragalge|8/100
|-unboost|p1a: Noivern|spa|2
|move|p2a: Dragalge|Draco Meteor|p1a: Noivern
|-supereffective|p1a: Noivern
|-damage|p1a: Noivern|0 fnt
|-unboost|p2a: Dragalge|spa|2
|faint|p1a: Noivern
|
|upkeep
|inactive|p‽apapole has 210 seconds left.
|
|t:|1610331227
|switch|p1a: Raikou|Raikou|100/100
|-ability|p1a: Raikou|Pressure
|turn|8
|
|t:|1610331229
|switch|p2a: Registeel|Registeel|100/100
|move|p1a: Raikou|Aura Sphere|p2a: Registeel
|-supereffective|p2a: Registeel
|-damage|p2a: Registeel|74/100
|
|-heal|p2a: Registeel|80/100|[from] item: Leftovers
|upkeep
|turn|9
|
|t:|1610331234
|move|p1a: Raikou|Volt Switch|p2a: Registeel
|-damage|p2a: Registeel|63/100
|inactive|p‽apapole has 210 seconds left.
|
|t:|1610331263
|switch|p1a: Slowbro|Slowbro-Galar, M|100/100|[from]move: Volt Switch
|-damage|p1a: Slowbro|88/100|[from] Stealth Rock
|move|p2a: Registeel|Seismic Toss|p1a: Slowbro
|-damage|p1a: Slowbro|63/100
|
|-heal|p2a: Registeel|69/100|[from] item: Leftovers
|upkeep
|turn|10
|
|t:|1610331276
|switch|p2a: Zygarde|Zygarde-10%|100/100
|-ability|p2a: Zygarde|Aura Break
|move|p1a: Slowbro|Scald|p2a: Zygarde
|-damage|p2a: Zygarde|71/100
|
|upkeep
|turn|11
|inactive|p‽apapole has 210 seconds left.
|
|t:|1610331302
|switch|p2a: Dragalge|Dragalge, F|8/100
|switch|p1a: Seismitoad|Seismitoad, M|89/100
|-damage|p1a: Seismitoad|83/100|[from] Stealth Rock
|
|-heal|p1a: Seismitoad|89/100|[from] item: Leftovers
|upkeep
|turn|12
|inactive|p‽apapole has 210 seconds left.
|
|t:|1610331315
|switch|p2a: Zarude|Zarude|100/100
|move|p1a: Seismitoad|Stealth Rock|p2a: Zarude
|-sidestart|p2: 70to90gxe|move: Stealth Rock
|
|-heal|p1a: Seismitoad|95/100|[from] item: Leftovers
|upkeep
|turn|13
|inactive|p‽apapole has 210 seconds left.
|l| Sificon~
|j| RICEMAN
|j| Sificon~
|inactive|p‽apapole has 180 seconds left.
|l| Sificon~
|
|t:|1610331377
|switch|p1a: Cobalion|Cobalion|45/100
|-damage|p1a: Cobalion|42/100|[from] Stealth Rock
|move|p2a: Zarude|U-turn|p1a: Cobalion
|-resisted|p1a: Cobalion
|-damage|p1a: Cobalion|38/100
|-damage|p2a: Zarude|84/100|[from] item: Rocky Helmet|[of] p1a: Cobalion
|
|t:|1610331380
|switch|p2a: Crobat|Crobat, M|100/100|[from]move: U-turn
|
|upkeep
|turn|14
|
|t:|1610331391
|switch|p1a: Raikou|Raikou|100/100
|-ability|p1a: Raikou|Pressure
|move|p2a: Crobat|Brave Bird|p1a: Raikou
|-resisted|p1a: Raikou
|-damage|p1a: Raikou|75/100
|-damage|p2a: Crobat|93/100|[from] Recoil
|
|upkeep
|turn|15
|
|t:|1610331403
|move|p2a: Crobat|U-turn|p1a: Raikou
|-damage|p1a: Raikou|57/100
|
|t:|1610331406
|switch|p2a: Registeel|Registeel|69/100|[from]move: U-turn
|-damage|p2a: Registeel|63/100|[from] Stealth Rock
|move|p1a: Raikou|Aura Sphere|p2a: Registeel
|-supereffective|p2a: Registeel
|-damage|p2a: Registeel|34/100
|
|-heal|p2a: Registeel|40/100|[from] item: Leftovers
|upkeep
|turn|16
|
|t:|1610331409
|move|p1a: Raikou|Volt Switch|p2a: Registeel
|-damage|p2a: Registeel|24/100
|
|t:|1610331416
|switch|p1a: Slowbro|Slowbro-Galar, M|96/100|[from]move: Volt Switch
|-damage|p1a: Slowbro|83/100|[from] Stealth Rock
|move|p2a: Registeel|Seismic Toss|p1a: Slowbro
|-damage|p1a: Slowbro|58/100
|
|-heal|p2a: Registeel|30/100|[from] item: Leftovers
|upkeep
|turn|17
|
|t:|1610331419
|switch|p2a: Zarude|Zarude|84/100
|move|p1a: Slowbro|Scald|p2a: Zarude
|-resisted|p2a: Zarude
|-damage|p2a: Zarude|75/100
|
|upkeep
|turn|18
|
|t:|1610331428
|move|p2a: Zarude|U-turn|p1a: Slowbro
|-damage|p1a: Slowbro|43/100
|
|t:|1610331436
|switch|p2a: Registeel|Registeel|30/100|[from]move: U-turn
|-damage|p2a: Registeel|24/100|[from] Stealth Rock
|move|p1a: Slowbro|Sludge Bomb|p2a: Registeel
|-immune|p2a: Registeel
|
|-heal|p2a: Registeel|30/100|[from] item: Leftovers
|upkeep
|turn|19
|j| sjneider
|
|t:|1610331444
|move|p2a: Registeel|Seismic Toss|p1a: Slowbro
|-damage|p1a: Slowbro|17/100
|move|p1a: Slowbro|Slack Off|p1a: Slowbro
|-heal|p1a: Slowbro|67/100
|
|-heal|p2a: Registeel|36/100|[from] item: Leftovers
|upkeep
|turn|20
|
|t:|1610331450
|move|p2a: Registeel|Seismic Toss|p1a: Slowbro
|-damage|p1a: Slowbro|42/100
|move|p1a: Slowbro|Scald|p2a: Registeel
|-damage|p2a: Registeel|26/100
|
|-heal|p2a: Registeel|32/100|[from] item: Leftovers
|upkeep
|turn|21
|
|t:|1610331453
|switch|p2a: Zygarde|Zygarde-10%|71/100
|-damage|p2a: Zygarde|65/100|[from] Stealth Rock
|-ability|p2a: Zygarde|Aura Break
|move|p1a: Slowbro|Slack Off|p1a: Slowbro
|-heal|p1a: Slowbro|92/100
|
|upkeep
|turn|22
|inactive|p‽apapole has 210 seconds left.
|inactive|70to90gxe has 270 seconds left.
|n| qjajsbauixod|stitchtheglaceon
|
|t:|1610331502
|switch|p1a: Seismitoad|Seismitoad, M|95/100
|-damage|p1a: Seismitoad|89/100|[from] Stealth Rock
|move|p2a: Zygarde|Thousand Arrows|p1a: Seismitoad
|-damage|p1a: Seismitoad|43/100
|
|-heal|p1a: Seismitoad|50/100|[from] item: Leftovers
|upkeep
|turn|23
|
|t:|1610331510
|switch|p2a: Zarude|Zarude|75/100
|move|p1a: Seismitoad|Earthquake|p2a: Zarude
|-resisted|p2a: Zarude
|-damage|p2a: Zarude|60/100
|
|-heal|p1a: Seismitoad|56/100|[from] item: Leftovers
|upkeep
|turn|24
|
|t:|1610331517
|switch|p1a: Cobalion|Cobalion|38/100
|-damage|p1a: Cobalion|35/100|[from] Stealth Rock
|move|p2a: Zarude|Power Whip|p1a: Cobalion
|-resisted|p1a: Cobalion
|-damage|p1a: Cobalion|10/100
|-damage|p2a: Zarude|43/100|[from] item: Rocky Helmet|[of] p1a: Cobalion
|
|upkeep
|turn|25
|inactive|p‽apapole has 210 seconds left.
|
|t:|1610331526
|switch|p2a: Crobat|Crobat, M|93/100
|move|p1a: Cobalion|Stone Edge|p2a: Crobat
|-supereffective|p2a: Crobat
|-damage|p2a: Crobat|42/100
|
|upkeep
|turn|26
|
|t:|1610331532
|switch|p1a: Raikou|Raikou|57/100
|-ability|p1a: Raikou|Pressure
|move|p2a: Crobat|Roost|p2a: Crobat
|-heal|p2a: Crobat|92/100
|-singleturn|p2a: Crobat|move: Roost
|
|upkeep
|turn|27
|
|t:|1610331540
|move|p2a: Crobat|U-turn|p1a: Raikou
|-damage|p1a: Raikou|36/100
|n| Stitch u_u|qjajsbauixod
|
|t:|1610331543
|switch|p2a: Registeel|Registeel|32/100|[from]move: U-turn
|-damage|p2a: Registeel|26/100|[from] Stealth Rock
|move|p1a: Raikou|Aura Sphere|p2a: Registeel
|-supereffective|p2a: Registeel
|-damage|p2a: Registeel|1/100
|
|-heal|p2a: Registeel|7/100|[from] item: Leftovers
|upkeep
|turn|28
|
|t:|1610331547
|move|p2a: Registeel|Protect|p2a: Registeel
|-singleturn|p2a: Registeel|Protect
|move|p1a: Raikou|Aura Sphere|p2a: Registeel
|-activate|p2a: Registeel|move: Protect
|
|-heal|p2a: Registeel|13/100|[from] item: Leftovers
|upkeep
|turn|29
|inactive|p‽apapole has 240 seconds left.
|
|t:|1610331567
|move|p1a: Raikou|Aura Sphere|p2a: Registeel
|-supereffective|p2a: Registeel
|-crit|p2a: Registeel
|-damage|p2a: Registeel|0 fnt
|faint|p2a: Registeel
|
|upkeep
|
|t:|1610331573
|switch|p2a: Zygarde|Zygarde-10%|65/100
|-damage|p2a: Zygarde|59/100|[from] Stealth Rock
|-ability|p2a: Zygarde|Aura Break
|turn|30
|
|t:|1610331579
|switch|p1a: Tangela|Tangela, M|100/100
|-damage|p1a: Tangela|88/100|[from] Stealth Rock
|move|p2a: Zygarde|Skitter Smack|p1a: Tangela|[miss]
|-miss|p2a: Zygarde|p1a: Tangela
|
|upkeep
|turn|31
|
|t:|1610331597
|switch|p2a: Dragalge|Dragalge, F|8/100
|move|p1a: Tangela|Knock Off|p2a: Dragalge
|-damage|p2a: Dragalge|0 fnt
|-enditem|p2a: Dragalge|Heavy-Duty Boots|[from] move: Knock Off|[of] p1a: Tangela
|faint|p2a: Dragalge
|
|upkeep
|
|t:|1610331602
|switch|p2a: Zarude|Zarude|43/100
|turn|32
|
|t:|1610331605
|move|p2a: Zarude|Jungle Healing|p2a: Zarude
|-heal|p2a: Zarude|68/100
|move|p1a: Tangela|Sludge Bomb|p2a: Zarude
|-supereffective|p2a: Zarude
|-damage|p2a: Zarude|25/100
|
|upkeep
|turn|33
|
|t:|1610331608
|move|p2a: Zarude|U-turn|p1a: Tangela
|-supereffective|p1a: Tangela
|-damage|p1a: Tangela|68/100
|
|t:|1610331610
|switch|p2a: Crobat|Crobat, M|92/100|[from]move: U-turn
|move|p1a: Tangela|Sludge Bomb|p2a: Crobat
|-resisted|p2a: Crobat
|-damage|p2a: Crobat|81/100
|
|upkeep
|turn|34
|
|t:|1610331615
|switch|p1a: Slowbro|Slowbro-Galar, M|100/100
|-damage|p1a: Slowbro|88/100|[from] Stealth Rock
|move|p2a: Crobat|Brave Bird|p1a: Slowbro
|-damage|p1a: Slowbro|62/100
|-damage|p2a: Crobat|72/100|[from] Recoil
|
|upkeep
|turn|35
|
|t:|1610331619
|move|p2a: Crobat|U-turn|p1a: Slowbro
|-damage|p1a: Slowbro|53/100
|
|t:|1610331624
|switch|p2a: Zarude|Zarude|25/100|[from]move: U-turn
|move|p1a: Slowbro|Scald|p2a: Zarude
|-resisted|p2a: Zarude
|-crit|p2a: Zarude
|-damage|p2a: Zarude|12/100
|
|upkeep
|turn|36
|
|t:|1610331629
|move|p2a: Zarude|Jungle Healing|p2a: Zarude
|-heal|p2a: Zarude|37/100
|move|p1a: Slowbro|Sludge Bomb|p2a: Zarude
|-supereffective|p2a: Zarude
|-damage|p2a: Zarude|0 fnt
|faint|p2a: Zarude
|
|upkeep
|
|t:|1610331634
|switch|p2a: Zygarde|Zygarde-10%|59/100
|-damage|p2a: Zygarde|53/100|[from] Stealth Rock
|-ability|p2a: Zygarde|Aura Break
|turn|37
|
|t:|1610331639
|switch|p1a: Cobalion|Cobalion|10/100
|-damage|p1a: Cobalion|7/100|[from] Stealth Rock
|move|p2a: Zygarde|Outrage|p1a: Cobalion
|-resisted|p1a: Cobalion
|-damage|p1a: Cobalion|0 fnt
|-damage|p2a: Zygarde|37/100|[from] item: Rocky Helmet|[of] p1a: Cobalion
|faint|p1a: Cobalion
|
|upkeep
|
|t:|1610331643
|switch|p1a: Tangela|Tangela, M|100/100
|-damage|p1a: Tangela|88/100|[from] Stealth Rock
|turn|38
|
|t:|1610331644
|move|p2a: Zygarde|Outrage|p1a: Tangela|[from]lockedmove
|-damage|p1a: Tangela|53/100
|move|p1a: Tangela|Giga Drain|p2a: Zygarde
|-damage|p2a: Zygarde|0 fnt
|-heal|p1a: Tangela|66/100|[from] drain|[of] p2a: Zygarde
|faint|p2a: Zygarde
|
|upkeep
|
|t:|1610331646
|switch|p2a: Crobat|Crobat, M|72/100
|turn|39
|
|t:|1610331648
|move|p2a: Crobat|Brave Bird|p1a: Tangela
|-supereffective|p1a: Tangela
|-damage|p1a: Tangela|34/100
|-damage|p2a: Crobat|62/100|[from] Recoil
|move|p1a: Tangela|Sleep Powder|p2a: Crobat
|-status|p2a: Crobat|slp|[from] move: Sleep Powder
|
|upkeep
|turn|40
|
|t:|1610331652
|switch|p1a: Raikou|Raikou|36/100
|-ability|p1a: Raikou|Pressure
|cant|p2a: Crobat|slp
|
|upkeep
|turn|41
|
|t:|1610331654
|-curestatus|p2a: Crobat|slp|[msg]
|move|p2a: Crobat|Brave Bird|p1a: Raikou
|-resisted|p1a: Raikou
|-damage|p1a: Raikou|12/100
|-damage|p2a: Crobat|56/100|[from] Recoil
|move|p1a: Raikou|Thunderbolt|p2a: Crobat
|-supereffective|p2a: Crobat
|-damage|p2a: Crobat|0 fnt
|faint|p2a: Crobat
|
|win|p‽apapole
|c|☆70to90gxe|gg
|c|☆p‽apapole|ggs
|l| Pussaby
|l| Stitch u_u
|l| PkmnChampionZinnia
|l| Drop a draco
|l| Roginald
|j| Sificon~
|l| Sificon~
