|j|☆la crocs
|j|☆Zorkthar
|t:|1618190219
|gametype|singles
|player|p1|la crocs|benga|1204
|player|p2|Zorkthar|pokekid|1401
|teamsize|p1|6
|teamsize|p2|6
|gen|8
|tier|[Gen 8] RU
|rated|
|clearpoke
|poke|p1|Cobalion|
|poke|p1|Vaporeon, F|
|poke|p1|Roserade, M|
|poke|p1|Incineroar, F|
|poke|p1|Crobat, F|
|poke|p1|Flygon, F|
|poke|p2|Sharpedo, M|
|poke|p2|Aerodactyl, M|
|poke|p2|Metagross|
|poke|p2|Mimikyu, F|
|poke|p2|Zarude-Dada|
|poke|p2|Heracross, F|
|rule|Sleep Clause Mod: Limit one foe put to sleep
|rule|Species Clause: Limit one of each Pokémon
|rule|OHKO Clause: OHKO moves are banned
|rule|Evasion Moves Clause: Evasion moves are banned
|rule|Endless Battle Clause: Forcing endless battles is banned
|rule|HP Percentage Mod: HP is shown in percentages
|rule|Dynamax Clause: You cannot dynamax
|teampreview
|
|t:|1618190230
|start
|switch|p1a: Cobalion|Cobalion|100/100
|switch|p2a: Heracross|Heracross, F, shiny|100/100
|turn|1
|
|t:|1618190247
|switch|p1a: Crobat|Crobat, F|100/100
|move|p2a: Heracross|Close Combat|p1a: Crobat
|-resisted|p1a: Crobat
|-damage|p1a: Crobat|84/100
|-unboost|p2a: Heracross|def|1
|-unboost|p2a: Heracross|spd|1
|
|upkeep
|turn|2
|
|t:|1618190254
|move|p1a: Crobat|Brave Bird|p2a: Heracross
|-supereffective|p2a: Heracross
|-enditem|p2a: Heracross|Focus Sash
|-damage|p2a: Heracross|1/100
|-damage|p1a: Crobat|57/100|[from] Recoil
|move|p2a: Heracross|Stone Edge|p1a: Crobat
|-supereffective|p1a: Crobat
|-damage|p1a: Crobat|0 fnt
|faint|p1a: Crobat
|
|upkeep
|
|t:|1618190270
|switch|p1a: Flygon|Flygon, F|100/100
|turn|3
|
|t:|1618190276
|move|p1a: Flygon|U-turn|p2a: Heracross
|-resisted|p2a: Heracross
|-damage|p2a: Heracross|0 fnt
|faint|p2a: Heracross
|
|t:|1618190283
|switch|p1a: Cobalion|Cobalion|100/100|[from]move: U-turn
|
|upkeep
|inactive|Battle timer is ON: inactive players will automatically lose when time's up. (requested by la crocs)
|
|t:|1618190333
|switch|p2a: Metagross|Metagross|100/100
|turn|4
|
|t:|1618190341
|move|p1a: Cobalion|Stealth Rock|p2a: Metagross
|-sidestart|p2: Zorkthar|move: Stealth Rock
|move|p2a: Metagross|Earthquake|p1a: Cobalion
|-supereffective|p1a: Cobalion
|-damage|p1a: Cobalion|30/100
|
|upkeep
|turn|5
|
|t:|1618190348
|move|p1a: Cobalion|Volt Switch|p2a: Metagross
|-damage|p2a: Metagross|88/100
|
|t:|1618190363
|switch|p1a: Incineroar|Incineroar, F|100/100|[from]move: Volt Switch
|-ability|p1a: Incineroar|Intimidate|boost
|-fail|p2a: Metagross|unboost|[from] ability: Clear Body|[of] p2a: Metagross
|move|p2a: Metagross|Stealth Rock|p1a: Incineroar
|-sidestart|p1: la crocs|move: Stealth Rock
|
|upkeep
|turn|6
|
|t:|1618190371
|move|p2a: Metagross|Earthquake|p1a: Incineroar
|-supereffective|p1a: Incineroar
|-damage|p1a: Incineroar|32/100
|move|p1a: Incineroar|Knock Off|p2a: Metagross
|-supereffective|p2a: Metagross
|-damage|p2a: Metagross|25/100
|-enditem|p2a: Metagross|Custap Berry|[from] move: Knock Off|[of] p1a: Incineroar
|
|upkeep
|turn|7
|
|t:|1618190380
|switch|p1a: Flygon|Flygon, F|100/100
|-damage|p1a: Flygon|95/100|[from] Stealth Rock
|move|p2a: Metagross|Earthquake|p1a: Flygon
|-immune|p1a: Flygon|[from] ability: Levitate
|
|upkeep
|turn|8
|
|t:|1618190386
|move|p2a: Metagross|Endure|p2a: Metagross
|-singleturn|p2a: Metagross|move: Endure
|move|p1a: Flygon|U-turn|p2a: Metagross
|-damage|p2a: Metagross|11/100
|
|t:|1618190392
|switch|p1a: Vaporeon|Vaporeon, F|100/100|[from]move: U-turn
|
|upkeep
|turn|9
|
|t:|1618190397
|move|p2a: Metagross|Earthquake|p1a: Vaporeon
|-damage|p1a: Vaporeon|72/100
|move|p1a: Vaporeon|Flip Turn|p2a: Metagross
|-damage|p2a: Metagross|0 fnt
|faint|p2a: Metagross
|
|t:|1618190404
|switch|p1a: Flygon|Flygon, F|95/100|[from]move: Flip Turn
|-damage|p1a: Flygon|89/100|[from] Stealth Rock
|
|upkeep
|
|t:|1618190412
|switch|p2a: Mimikyu|Mimikyu, F|100/100
|-damage|p2a: Mimikyu|88/100|[from] Stealth Rock
|turn|10
|
|t:|1618190416
|move|p1a: Flygon|U-turn|p2a: Mimikyu
|-activate|p2a: Mimikyu|ability: Disguise
|-damage|p2a: Mimikyu|88/100
|detailschange|p2a: Mimikyu|Mimikyu-Busted, F
|-damage|p2a: Mimikyu|76/100|[from] pokemon: Mimikyu-Busted
|
|t:|1618190421
|switch|p1a: Vaporeon|Vaporeon, F|72/100|[from]move: U-turn
|move|p2a: Mimikyu|Swords Dance|p2a: Mimikyu
|-boost|p2a: Mimikyu|atk|2
|
|upkeep
|turn|11
|
|t:|1618190425
|move|p2a: Mimikyu|Play Rough|p1a: Vaporeon|[miss]
|-miss|p2a: Mimikyu|p1a: Vaporeon
|move|p1a: Vaporeon|Wish|p1a: Vaporeon
|
|upkeep
|turn|12
|
|t:|1618190428
|move|p2a: Mimikyu|Play Rough|p1a: Vaporeon
|-damage|p1a: Vaporeon|8/100
|-damage|p2a: Mimikyu|66/100|[from] item: Life Orb
|move|p1a: Vaporeon|Flip Turn|p2a: Mimikyu
|-damage|p2a: Mimikyu|43/100
|
|t:|1618190443
|switch|p1a: Cobalion|Cobalion|30/100|[from]move: Flip Turn
|-damage|p1a: Cobalion|27/100|[from] Stealth Rock
|
|-heal|p1a: Cobalion|99/100|[from] move: Wish|[wisher] Vaporeon
|upkeep
|turn|13
|
|t:|1618190451
|move|p2a: Mimikyu|Shadow Sneak|p1a: Cobalion
|-damage|p1a: Cobalion|64/100
|-damage|p2a: Mimikyu|27/100|[from] item: Rocky Helmet|[of] p1a: Cobalion
|-damage|p2a: Mimikyu|17/100|[from] item: Life Orb
|move|p1a: Cobalion|Iron Head|p2a: Mimikyu
|-supereffective|p2a: Mimikyu
|-damage|p2a: Mimikyu|0 fnt
|faint|p2a: Mimikyu
|
|upkeep
|
|t:|1618190457
|switch|p2a: Aerodactyl|Aerodactyl, M, shiny|100/100
|-ability|p2a: Aerodactyl|Unnerve
|-damage|p2a: Aerodactyl|76/100|[from] Stealth Rock
|turn|14
|
|t:|1618190461
|move|p2a: Aerodactyl|Dragon Dance|p2a: Aerodactyl
|-boost|p2a: Aerodactyl|atk|1
|-boost|p2a: Aerodactyl|spe|1
|move|p1a: Cobalion|Iron Head|p2a: Aerodactyl
|-supereffective|p2a: Aerodactyl
|-damage|p2a: Aerodactyl|0 fnt
|faint|p2a: Aerodactyl
|
|upkeep
|-message|Zorkthar forfeited.
|
|win|la crocs
|raw|la crocs's rating: 1204 &rarr; <strong>1242</strong><br />(+38 for winning)
|raw|Zorkthar's rating: 1401 &rarr; <strong>1371</strong><br />(-30 for losing)
|l|☆Zorkthar
