|j|☆Splashinganteater
|j|☆HonchTheConch
|inactive|Battle timer is ON: inactive players will automatically lose when time's up.
|t:|1611205809
|player|p1|Splashinganteater|palmer|
|player|p2|HonchTheConch|birdkeeper-gen4dp|
|teamsize|p1|6
|teamsize|p2|6
|gametype|singles
|gen|8
|tier|[Gen 8] RU
|rated|Tournament battle
|clearpoke
|poke|p1|Noivern, M|
|poke|p1|Golurk|
|poke|p1|Raikou|
|poke|p1|Incineroar, M|
|poke|p1|Seismitoad, M|
|poke|p1|Togekiss, F|
|poke|p2|Mienshao, M|
|poke|p2|Vanilluxe, M|
|poke|p2|Togekiss, F|
|poke|p2|Arctozolt|
|poke|p2|Barbaracle, F|
|poke|p2|Tornadus, M|
|rule|Sleep Clause Mod: Limit one foe put to sleep
|rule|Species Clause: Limit one of each Pokémon
|rule|OHKO Clause: OHKO moves are banned
|rule|Evasion Moves Clause: Evasion moves are banned
|rule|Endless Battle Clause: Forcing endless battles is banned
|rule|HP Percentage Mod: HP is shown in percentages
|rule|Dynamax Clause: You cannot dynamax
|teampreview
|j|+Sputnikk
|
|t:|1611205821
|start
|switch|p1a: Incineroar|Incineroar, M|100/100
|switch|p2a: Vanilluxe|Vanilluxe, M|100/100
|-weather|Hail|[from] ability: Snow Warning|[of] p2a: Vanilluxe
|-ability|p1a: Incineroar|Intimidate|boost
|-unboost|p2a: Vanilluxe|atk|1
|turn|1
|
|t:|1611205828
|move|p2a: Vanilluxe|Aurora Veil|p2a: Vanilluxe
|-sidestart|p2: HonchTheConch|move: Aurora Veil
|move|p1a: Incineroar|Overheat|p2a: Vanilluxe
|-supereffective|p2a: Vanilluxe
|-damage|p2a: Vanilluxe|52/100
|-unboost|p1a: Incineroar|spa|2
|
|-weather|Hail|[upkeep]
|-damage|p1a: Incineroar|94/100|[from] Hail
|upkeep
|turn|2
|j|+Oathkeepre
|
|t:|1611205839
|switch|p2a: Tornadus|Tornadus, M|100/100
|move|p1a: Incineroar|Toxic|p2a: Tornadus
|-status|p2a: Tornadus|tox
|
|-weather|Hail|[upkeep]
|-damage|p2a: Tornadus|94/100 tox|[from] Hail
|-damage|p1a: Incineroar|88/100|[from] Hail
|-damage|p2a: Tornadus|88/100 tox|[from] psn
|upkeep
|turn|3
|j| flareblitzkreig
|l| flareblitzkreig
|
|t:|1611205857
|switch|p1a: Raikou|Raikou|100/100
|-ability|p1a: Raikou|Pressure
|move|p2a: Tornadus|Nasty Plot|p2a: Tornadus
|-boost|p2a: Tornadus|spa|2
|
|-weather|Hail|[upkeep]
|-damage|p1a: Raikou|94/100|[from] Hail
|-damage|p2a: Tornadus|82/100 tox|[from] Hail
|-heal|p1a: Raikou|100/100|[from] item: Leftovers
|-damage|p2a: Tornadus|70/100 tox|[from] psn
|upkeep
|turn|4
|
|t:|1611205868
|move|p1a: Raikou|Substitute|p1a: Raikou
|-start|p1a: Raikou|Substitute
|-damage|p1a: Raikou|76/100
|move|p2a: Tornadus|Weather Ball|p1a: Raikou
|-end|p1a: Raikou|Substitute
|
|-weather|Hail|[upkeep]
|-damage|p1a: Raikou|69/100|[from] Hail
|-damage|p2a: Tornadus|64/100 tox|[from] Hail
|-heal|p1a: Raikou|76/100|[from] item: Leftovers
|-damage|p2a: Tornadus|46/100 tox|[from] psn
|upkeep
|turn|5
|
|t:|1611205880
|switch|p2a: Arctozolt|Arctozolt|100/100
|move|p1a: Raikou|Thunderbolt|p2a: Arctozolt
|-resisted|p2a: Arctozolt
|-damage|p2a: Arctozolt|85/100
|
|-weather|none
|-heal|p1a: Raikou|82/100|[from] item: Leftovers
|upkeep
|turn|6
|
|t:|1611205892
|switch|p2a: Vanilluxe|Vanilluxe, M|52/100
|-weather|Hail|[from] ability: Snow Warning|[of] p2a: Vanilluxe
|move|p1a: Raikou|Substitute|p1a: Raikou
|-start|p1a: Raikou|Substitute
|-damage|p1a: Raikou|57/100
|
|-weather|Hail|[upkeep]
|-damage|p1a: Raikou|51/100|[from] Hail
|-heal|p1a: Raikou|57/100|[from] item: Leftovers
|upkeep
|turn|7
|
|t:|1611205901
|move|p1a: Raikou|Calm Mind|p1a: Raikou
|-boost|p1a: Raikou|spa|1
|-boost|p1a: Raikou|spd|1
|move|p2a: Vanilluxe|Blizzard|p1a: Raikou
|-end|p1a: Raikou|Substitute
|
|-weather|Hail|[upkeep]
|-damage|p1a: Raikou|51/100|[from] Hail
|-heal|p1a: Raikou|57/100|[from] item: Leftovers
|upkeep
|turn|8
|
|t:|1611205910
|move|p1a: Raikou|Thunderbolt|p2a: Vanilluxe
|-damage|p2a: Vanilluxe|8/100
|move|p2a: Vanilluxe|Blizzard|p1a: Raikou
|-damage|p1a: Raikou|22/100
|
|-weather|Hail|[upkeep]
|-damage|p1a: Raikou|16/100|[from] Hail
|-heal|p1a: Raikou|22/100|[from] item: Leftovers
|-sideend|p2: HonchTheConch|move: Aurora Veil
|upkeep
|turn|9
|
|t:|1611205919
|switch|p2a: Arctozolt|Arctozolt|85/100
|move|p1a: Raikou|Scald|p2a: Arctozolt
|-crit|p2a: Arctozolt
|-damage|p2a: Arctozolt|9/100
|
|-weather|Hail|[upkeep]
|-damage|p1a: Raikou|16/100|[from] Hail
|-heal|p1a: Raikou|22/100|[from] item: Leftovers
|upkeep
|turn|10
|
|t:|1611205937
|switch|p1a: Incineroar|Incineroar, M|88/100
|-ability|p1a: Incineroar|Intimidate|boost
|-unboost|p2a: Arctozolt|atk|1
|move|p2a: Arctozolt|Blizzard|p1a: Incineroar
|-resisted|p1a: Incineroar
|-damage|p1a: Incineroar|68/100
|-damage|p2a: Arctozolt|0 fnt|[from] item: Life Orb
|faint|p2a: Arctozolt
|
|-weather|none
|upkeep
|
|t:|1611205948
|switch|p2a: Mienshao|Mienshao, M|100/100
|turn|11
|
|t:|1611205955
|move|p2a: Mienshao|U-turn|p1a: Incineroar
|-damage|p1a: Incineroar|47/100
|
|t:|1611205968
|switch|p2a: Togekiss|Togekiss, F|100/100|[from]move: U-turn
|move|p1a: Incineroar|Parting Shot|p2a: Togekiss
|-unboost|p2a: Togekiss|atk|1
|-unboost|p2a: Togekiss|spa|1
|
|t:|1611205973
|switch|p1a: Raikou|Raikou|22/100|[from]move: Parting Shot
|-ability|p1a: Raikou|Pressure
|
|-heal|p1a: Raikou|29/100|[from] item: Leftovers
|upkeep
|turn|12
|
|t:|1611205984
|move|p1a: Raikou|Thunderbolt|p2a: Togekiss
|-supereffective|p2a: Togekiss
|-damage|p2a: Togekiss|27/100
|move|p2a: Togekiss|Air Slash|p1a: Raikou
|-resisted|p1a: Raikou
|-damage|p1a: Raikou|18/100
|
|-heal|p1a: Raikou|24/100|[from] item: Leftovers
|upkeep
|turn|13
|
|t:|1611205995
|switch|p2a: Mienshao|Mienshao, M|100/100
|move|p1a: Raikou|Thunderbolt|p2a: Mienshao
|-crit|p2a: Mienshao
|-damage|p2a: Mienshao|0 fnt
|faint|p2a: Mienshao
|
|-heal|p1a: Raikou|30/100|[from] item: Leftovers
|upkeep
|
|t:|1611206012
|switch|p2a: Tornadus|Tornadus, M|46/100 tox
|turn|14
|c|☆HonchTheConch|didnt realize how terribly defensive this was
|
|t:|1611206029
|move|p1a: Raikou|Thunderbolt|p2a: Tornadus
|-supereffective|p2a: Tornadus
|-damage|p2a: Tornadus|0 fnt
|faint|p2a: Tornadus
|
|-heal|p1a: Raikou|37/100|[from] item: Leftovers
|upkeep
|inactive|HonchTheConch has 120 seconds left.
|
|t:|1611206040
|switch|p2a: Vanilluxe|Vanilluxe, M|8/100
|-weather|Hail|[from] ability: Snow Warning|[of] p2a: Vanilluxe
|turn|15
|
|t:|1611206044
|move|p1a: Raikou|Thunderbolt|p2a: Vanilluxe
|-damage|p2a: Vanilluxe|0 fnt
|faint|p2a: Vanilluxe
|
|-weather|Hail|[upkeep]
|-damage|p1a: Raikou|30/100|[from] Hail
|-heal|p1a: Raikou|37/100|[from] item: Leftovers
|upkeep
|
|t:|1611206051
|switch|p2a: Barbaracle|Barbaracle, F|100/100
|turn|16
|j|+gorex
|
|t:|1611206063
|switch|p1a: Incineroar|Incineroar, M|47/100
|-ability|p1a: Incineroar|Intimidate|boost
|-unboost|p2a: Barbaracle|atk|1
|-enditem|p2a: Barbaracle|White Herb
|-clearnegativeboost|p2a: Barbaracle|[silent]
|move|p2a: Barbaracle|Shell Smash|p2a: Barbaracle
|-unboost|p2a: Barbaracle|def|1
|-unboost|p2a: Barbaracle|spd|1
|-boost|p2a: Barbaracle|atk|2
|-boost|p2a: Barbaracle|spa|2
|-boost|p2a: Barbaracle|spe|2
|
|-weather|Hail|[upkeep]
|-damage|p2a: Barbaracle|94/100|[from] Hail
|-damage|p1a: Incineroar|41/100|[from] Hail
|upkeep
|turn|17
|
|t:|1611206075
|switch|p1a: Seismitoad|Seismitoad, M|100/100
|move|p2a: Barbaracle|Liquidation|p1a: Seismitoad
|-immune|p1a: Seismitoad|[from] ability: Water Absorb
|
|-weather|Hail|[upkeep]
|-damage|p2a: Barbaracle|88/100|[from] Hail
|-damage|p1a: Seismitoad|94/100|[from] Hail
|-heal|p1a: Seismitoad|100/100|[from] item: Leftovers
|upkeep
|turn|18
|
|t:|1611206089
|move|p2a: Barbaracle|Low Kick|p1a: Seismitoad
|-damage|p1a: Seismitoad|57/100
|move|p1a: Seismitoad|Scald|p2a: Barbaracle
|-damage|p2a: Barbaracle|39/100
|-status|p2a: Barbaracle|brn
|
|-weather|Hail|[upkeep]
|-damage|p2a: Barbaracle|33/100 brn|[from] Hail
|-damage|p1a: Seismitoad|51/100|[from] Hail
|-heal|p1a: Seismitoad|57/100|[from] item: Leftovers
|-damage|p2a: Barbaracle|26/100 brn|[from] brn
|upkeep
|turn|19
|
|t:|1611206100
|move|p2a: Barbaracle|Low Kick|p1a: Seismitoad
|-damage|p1a: Seismitoad|35/100
|move|p1a: Seismitoad|Scald|p2a: Barbaracle
|-damage|p2a: Barbaracle|0 fnt
|faint|p2a: Barbaracle
|
|-weather|none
|-heal|p1a: Seismitoad|41/100|[from] item: Leftovers
|upkeep
|
|t:|1611206107
|switch|p2a: Togekiss|Togekiss, F|27/100
|turn|20
|
|t:|1611206127
|switch|p1a: Raikou|Raikou|37/100
|-ability|p1a: Raikou|Pressure
|move|p2a: Togekiss|Roost|p2a: Togekiss
|-heal|p2a: Togekiss|77/100
|-singleturn|p2a: Togekiss|move: Roost
|
|-heal|p1a: Raikou|43/100|[from] item: Leftovers
|upkeep
|turn|21
|
|t:|1611206136
|move|p1a: Raikou|Thunderbolt|p2a: Togekiss
|-supereffective|p2a: Togekiss
|-damage|p2a: Togekiss|1/100
|-status|p2a: Togekiss|par
|move|p2a: Togekiss|Air Slash|p1a: Raikou
|-resisted|p1a: Raikou
|-damage|p1a: Raikou|26/100
|
|-heal|p1a: Raikou|33/100|[from] item: Leftovers
|upkeep
|turn|22
|
|t:|1611206145
|move|p1a: Raikou|Thunderbolt|p2a: Togekiss
|-supereffective|p2a: Togekiss
|-damage|p2a: Togekiss|0 fnt
|faint|p2a: Togekiss
|
|win|Splashinganteater
|n|☆Splashinganteater|splashinganteater
|n|☆HonchTheConch|honchtheconch
|n|+Sputnikk|sputnikk
|n| Oathkeepre|oathkeepre
|n| gorex|gorex
