|j|☆Splashinganteater
|j|☆appletun is op
|t:|1609788403
|player|p1|Splashinganteater|palmer|1327
|player|p2|appletun is op|unknown|1324
|teamsize|p1|6
|teamsize|p2|6
|gametype|singles
|gen|8
|tier|[Gen 8] RU
|rated|
|clearpoke
|poke|p1|Noivern, M|
|poke|p1|Metagross|
|poke|p1|Raikou|
|poke|p1|Incineroar, M|
|poke|p1|Seismitoad, M|
|poke|p1|Togekiss, F|
|poke|p2|Golisopod, F|
|poke|p2|Zarude-Dada|
|poke|p2|Toxtricity, F|
|poke|p2|Zygarde-10%|
|poke|p2|Togekiss, F|
|poke|p2|Darmanitan, F|
|rule|Sleep Clause Mod: Limit one foe put to sleep
|rule|Species Clause: Limit one of each Pokémon
|rule|OHKO Clause: OHKO moves are banned
|rule|Evasion Moves Clause: Evasion moves are banned
|rule|Endless Battle Clause: Forcing endless battles is banned
|rule|HP Percentage Mod: HP is shown in percentages
|rule|Dynamax Clause: You cannot dynamax
|teampreview
|c|☆appletun is op|hf!
|inactive|Battle timer is ON: inactive players will automatically lose when time's up. (requested by appletun is op)
|
|t:|1609788421
|start
|switch|p1a: Togekiss|Togekiss, F|100/100
|switch|p2a: Zarude|Zarude-Dada|100/100
|turn|1
|
|t:|1609788437
|move|p2a: Zarude|U-turn|p1a: Togekiss
|-resisted|p1a: Togekiss
|-damage|p1a: Togekiss|96/100
|
|t:|1609788440
|switch|p2a: Toxtricity|Toxtricity, F|100/100|[from]move: U-turn
|move|p1a: Togekiss|Air Slash|p2a: Toxtricity
|-resisted|p2a: Toxtricity
|-damage|p2a: Toxtricity|79/100
|
|upkeep
|turn|2
|
|t:|1609788452
|switch|p1a: Seismitoad|Seismitoad, M|100/100
|move|p2a: Toxtricity|Boomburst|p1a: Seismitoad
|-damage|p1a: Seismitoad|6/100
|
|-heal|p1a: Seismitoad|12/100|[from] item: Leftovers
|upkeep
|turn|3
|
|t:|1609788459
|switch|p1a: Metagross|Metagross, shiny|100/100
|move|p2a: Toxtricity|Boomburst|p1a: Metagross
|-resisted|p1a: Metagross
|-damage|p1a: Metagross|37/100
|
|upkeep
|turn|4
|
|t:|1609788465
|switch|p2a: Zarude|Zarude-Dada|100/100
|move|p1a: Metagross|Bullet Punch|p2a: Zarude
|-damage|p2a: Zarude|67/100
|
|upkeep
|turn|5
|
|t:|1609788474
|switch|p1a: Incineroar|Incineroar, M|100/100
|-ability|p1a: Incineroar|Intimidate|boost
|-unboost|p2a: Zarude|atk|1
|move|p2a: Zarude|U-turn|p1a: Incineroar
|-damage|p1a: Incineroar|86/100
|
|t:|1609788480
|switch|p2a: Toxtricity|Toxtricity, F|79/100|[from]move: U-turn
|
|upkeep
|turn|6
|
|t:|1609788500
|move|p2a: Toxtricity|Boomburst|p1a: Incineroar
|-damage|p1a: Incineroar|16/100
|move|p1a: Incineroar|Parting Shot|p2a: Toxtricity
|-unboost|p2a: Toxtricity|atk|1
|-unboost|p2a: Toxtricity|spa|1
|
|t:|1609788504
|switch|p1a: Noivern|Noivern, M|100/100|[from]move: Parting Shot
|
|upkeep
|turn|7
|
|t:|1609788509
|switch|p2a: Togekiss|Togekiss, F|100/100
|move|p1a: Noivern|Draco Meteor|p2a: Togekiss
|-immune|p2a: Togekiss
|
|upkeep
|turn|8
|
|t:|1609788515
|switch|p2a: Zygarde|Zygarde-10%|100/100
|-ability|p2a: Zygarde|Aura Break
|move|p1a: Noivern|U-turn|p2a: Zygarde
|-damage|p2a: Zygarde|81/100
|
|t:|1609788522
|switch|p1a: Togekiss|Togekiss, F|96/100|[from]move: U-turn
|
|upkeep
|turn|9
|
|t:|1609788538
|switch|p2a: Darmanitan|Darmanitan, F|100/100
|switch|p1a: Metagross|Metagross, shiny|37/100
|
|upkeep
|turn|10
|
|t:|1609788555
|switch|p1a: Seismitoad|Seismitoad, M|12/100
|move|p2a: Darmanitan|Flare Blitz|p1a: Seismitoad
|-resisted|p1a: Seismitoad
|-damage|p1a: Seismitoad|0 fnt
|-damage|p2a: Darmanitan|96/100|[from] Recoil
|faint|p1a: Seismitoad
|
|upkeep
|
|t:|1609788561
|switch|p1a: Togekiss|Togekiss, F|96/100
|turn|11
|
|t:|1609788565
|switch|p2a: Toxtricity|Toxtricity, F|79/100
|move|p1a: Togekiss|Air Slash|p2a: Toxtricity
|-resisted|p2a: Toxtricity
|-damage|p2a: Toxtricity|54/100
|
|upkeep
|turn|12
|-message|Splashinganteater forfeited.
|
|win|appletun is op
|l|☆Splashinganteater
||Ladder (probably) updated, but score could not be retrieved (Request timeout).
