|j|☆Glidinganteater
|j|☆InTheGames
|t:|1620651314
|gametype|singles
|player|p1|Glidinganteater|palmer|1385
|player|p2|InTheGames|170|1293
|teamsize|p1|6
|teamsize|p2|6
|gen|8
|tier|[Gen 8] RU
|rated|
|rule|Sleep Clause Mod: Limit one foe put to sleep
|rule|Species Clause: Limit one of each Pokémon
|rule|OHKO Clause: OHKO moves are banned
|rule|Evasion Moves Clause: Evasion moves are banned
|rule|Endless Battle Clause: Forcing endless battles is banned
|rule|HP Percentage Mod: HP is shown in percentages
|rule|Dynamax Clause: You cannot dynamax
|clearpoke
|poke|p1|Dragalge, M|
|poke|p1|Zarude|
|poke|p1|Steelix, M|
|poke|p1|Mienshao, M|
|poke|p1|Togekiss, F|
|poke|p1|Volcanion|
|poke|p2|Gastrodon, F|
|poke|p2|Obstagoon, M|
|poke|p2|Mienshao, M|
|poke|p2|Klefki, F|
|poke|p2|Noivern, M|
|poke|p2|Necrozma|
|teampreview
|inactive|Battle timer is ON: inactive players will automatically lose when time's up. (requested by InTheGames)
|inactive|InTheGames has 120 seconds left.
|
|t:|1620651347
|start
|switch|p1a: Zarude|Zarude|100/100
|switch|p2a: Klefki|Klefki, F|100/100
|turn|1
|
|t:|1620651356
|move|p2a: Klefki|Spikes|p1a: Zarude
|-sidestart|p1: Glidinganteater|Spikes
|move|p1a: Zarude|U-turn|p2a: Klefki
|-resisted|p2a: Klefki
|-damage|p2a: Klefki|94/100
|
|t:|1620651360
|switch|p1a: Volcanion|Volcanion|100/100|[from]move: U-turn
|
|-heal|p2a: Klefki|99/100|[from] item: Leftovers
|upkeep
|turn|2
|
|t:|1620651367
|move|p2a: Klefki|Thunder Wave|p1a: Volcanion
|-status|p1a: Volcanion|par
|move|p1a: Volcanion|Toxic|p2a: Klefki
|-immune|p2a: Klefki
|
|-heal|p2a: Klefki|100/100|[from] item: Leftovers
|upkeep
|turn|3
|
|t:|1620651372
|switch|p2a: Gastrodon|Gastrodon, F|100/100
|move|p1a: Volcanion|Defog|p2a: Gastrodon
|-unboost|p2a: Gastrodon|evasion|1
|-sideend|p1: Glidinganteater|Spikes|[from] move: Defog|[of] p1a: Volcanion
|
|upkeep
|turn|4
|
|t:|1620651380
|switch|p1a: Zarude|Zarude|100/100
|switch|p2a: Necrozma|Necrozma|100/100
|
|upkeep
|turn|5
|
|t:|1620651386
|switch|p2a: Noivern|Noivern, M|100/100
|move|p1a: Zarude|Power Whip|p2a: Noivern
|-resisted|p2a: Noivern
|-damage|p2a: Noivern|82/100
|
|upkeep
|turn|6
|
|t:|1620651391
|switch|p1a: Togekiss|Togekiss, F|100/100
|move|p2a: Noivern|U-turn|p1a: Togekiss
|-resisted|p1a: Togekiss
|-damage|p1a: Togekiss|99/100
|
|t:|1620651396
|switch|p2a: Necrozma|Necrozma|100/100|[from]move: U-turn
|
|upkeep
|turn|7
|
|t:|1620651399
|move|p2a: Necrozma|Meteor Beam||[still]
|-prepare|p2a: Necrozma|Meteor Beam
|-boost|p2a: Necrozma|spa|1
|-enditem|p2a: Necrozma|Power Herb
|-anim|p2a: Necrozma|Meteor Beam|p1a: Togekiss
|-supereffective|p1a: Togekiss
|-damage|p1a: Togekiss|7/100
|move|p1a: Togekiss|Thunder Wave|p2a: Necrozma
|-status|p2a: Necrozma|par
|
|upkeep
|turn|8
|
|t:|1620651419
|move|p1a: Togekiss|Air Slash|p2a: Necrozma
|-damage|p2a: Necrozma|69/100 par
|cant|p2a: Necrozma|flinch
|
|upkeep
|turn|9
|
|t:|1620651425
|move|p1a: Togekiss|Air Slash|p2a: Necrozma
|-damage|p2a: Necrozma|38/100 par
|cant|p2a: Necrozma|flinch
|
|upkeep
|turn|10
|
|t:|1620651435
|move|p1a: Togekiss|Air Slash|p2a: Necrozma
|-damage|p2a: Necrozma|4/100 par
|cant|p2a: Necrozma|flinch
|
|upkeep
|turn|11
|
|t:|1620651444
|move|p1a: Togekiss|Air Slash|p2a: Necrozma
|-damage|p2a: Necrozma|0 fnt
|faint|p2a: Necrozma
|
|upkeep
|
|t:|1620651445
|switch|p2a: Obstagoon|Obstagoon, M|100/100
|turn|12
|
|t:|1620651450
|switch|p1a: Steelix|Steelix, M|100/100
|move|p2a: Obstagoon|Knock Off|p1a: Steelix
|-damage|p1a: Steelix|80/100
|-enditem|p1a: Steelix|Leftovers|[from] move: Knock Off|[of] p2a: Obstagoon
|
|-status|p2a: Obstagoon|brn|[from] item: Flame Orb
|upkeep
|turn|13
|
|t:|1620651459
|switch|p2a: Gastrodon|Gastrodon, F|100/100
|move|p1a: Steelix|Heavy Slam|p2a: Gastrodon
|-resisted|p2a: Gastrodon
|-damage|p2a: Gastrodon|88/100
|
|upkeep
|turn|14
|
|t:|1620651472
|switch|p1a: Zarude|Zarude|100/100
|move|p2a: Gastrodon|Earth Power|p1a: Zarude
|-resisted|p1a: Zarude
|-damage|p1a: Zarude|85/100
|
|upkeep
|turn|15
|
|t:|1620651485
|switch|p2a: Klefki|Klefki, F|100/100
|move|p1a: Zarude|Darkest Lariat|p2a: Klefki
|-resisted|p2a: Klefki
|-damage|p2a: Klefki|76/100
|
|-heal|p2a: Klefki|82/100|[from] item: Leftovers
|upkeep
|turn|16
|
|t:|1620651491
|switch|p1a: Togekiss|Togekiss, F|7/100
|move|p2a: Klefki|Spikes|p1a: Togekiss
|-sidestart|p1: Glidinganteater|Spikes
|
|-heal|p2a: Klefki|88/100|[from] item: Leftovers
|upkeep
|turn|17
|
|t:|1620651493
|move|p2a: Klefki|Toxic|p1a: Togekiss
|-status|p1a: Togekiss|tox
|move|p1a: Togekiss|Roost|p1a: Togekiss
|-heal|p1a: Togekiss|57/100 tox
|-singleturn|p1a: Togekiss|move: Roost
|
|-heal|p2a: Klefki|94/100|[from] item: Leftovers
|-damage|p1a: Togekiss|51/100 tox|[from] psn
|upkeep
|turn|18
|
|t:|1620651499
|switch|p1a: Volcanion|Volcanion|100/100 par
|move|p2a: Klefki|Spikes|p1a: Volcanion
|-sidestart|p1: Glidinganteater|Spikes
|
|-heal|p2a: Klefki|99/100|[from] item: Leftovers
|upkeep
|turn|19
|
|t:|1620651503
|switch|p2a: Obstagoon|Obstagoon, M|100/100 brn
|move|p1a: Volcanion|Defog|p2a: Obstagoon
|-unboost|p2a: Obstagoon|evasion|1
|-sideend|p1: Glidinganteater|Spikes|[from] move: Defog|[of] p1a: Volcanion
|
|-damage|p2a: Obstagoon|94/100 brn|[from] brn
|upkeep
|turn|20
|
|t:|1620651530
|switch|p1a: Steelix|Steelix, M|80/100
|move|p2a: Obstagoon|Facade|p1a: Steelix
|-resisted|p1a: Steelix
|-damage|p1a: Steelix|59/100
|
|-damage|p2a: Obstagoon|88/100 brn|[from] brn
|upkeep
|turn|21
|inactive|InTheGames has 120 seconds left.
|
|t:|1620651575
|switch|p2a: Gastrodon|Gastrodon, F|88/100
|move|p1a: Steelix|Stealth Rock|p2a: Gastrodon
|-sidestart|p2: InTheGames|move: Stealth Rock
|
|upkeep
|turn|22
|
|t:|1620651588
|switch|p1a: Zarude|Zarude|85/100
|move|p2a: Gastrodon|Ice Beam|p1a: Zarude
|-supereffective|p1a: Zarude
|-damage|p1a: Zarude|44/100
|
|upkeep
|turn|23
|
|t:|1620651594
|switch|p2a: Noivern|Noivern, M|82/100
|move|p1a: Zarude|Jungle Healing|p1a: Zarude
|-heal|p1a: Zarude|69/100
|
|upkeep
|turn|24
|
|t:|1620651606
|switch|p1a: Togekiss|Togekiss, F|51/100 tox
|move|p2a: Noivern|U-turn|p1a: Togekiss
|-resisted|p1a: Togekiss
|-damage|p1a: Togekiss|49/100 tox
|
|t:|1620651611
|switch|p2a: Klefki|Klefki, F|99/100|[from]move: U-turn
|-damage|p2a: Klefki|94/100|[from] Stealth Rock
|
|-heal|p2a: Klefki|99/100|[from] item: Leftovers
|-damage|p1a: Togekiss|43/100 tox|[from] psn
|upkeep
|turn|25
|
|t:|1620651625
|switch|p1a: Volcanion|Volcanion|100/100 par
|move|p2a: Klefki|Spikes|p1a: Volcanion
|-sidestart|p1: Glidinganteater|Spikes
|
|-heal|p2a: Klefki|100/100|[from] item: Leftovers
|upkeep
|turn|26
|
|t:|1620651630
|switch|p2a: Gastrodon|Gastrodon, F|88/100
|move|p1a: Volcanion|Toxic|p2a: Gastrodon
|-status|p2a: Gastrodon|tox
|
|-damage|p2a: Gastrodon|82/100 tox|[from] psn
|upkeep
|turn|27
|
|t:|1620651643
|switch|p1a: Dragalge|Dragalge, M, shiny|100/100
|-damage|p1a: Dragalge|88/100|[from] Spikes
|move|p2a: Gastrodon|Toxic|p1a: Dragalge
|-immune|p1a: Dragalge
|
|-heal|p1a: Dragalge|94/100|[from] item: Black Sludge
|-damage|p2a: Gastrodon|70/100 tox|[from] psn
|upkeep
|turn|28
|
|t:|1620651653
|switch|p2a: Klefki|Klefki, F|100/100
|-damage|p2a: Klefki|95/100|[from] Stealth Rock
|move|p1a: Dragalge|Flip Turn|p2a: Klefki
|-crit|p2a: Klefki
|-damage|p2a: Klefki|78/100
|
|t:|1620651658
|switch|p1a: Volcanion|Volcanion|100/100 par|[from]move: Flip Turn
|
|-heal|p2a: Klefki|84/100|[from] item: Leftovers
|upkeep
|turn|29
|
|t:|1620651667
|switch|p2a: Gastrodon|Gastrodon, F|70/100 tox
|move|p1a: Volcanion|Flamethrower|p2a: Gastrodon
|-resisted|p2a: Gastrodon
|-damage|p2a: Gastrodon|46/100 tox
|
|-damage|p2a: Gastrodon|40/100 tox|[from] psn
|upkeep
|turn|30
|
|t:|1620651688
|move|p1a: Volcanion|Flamethrower|p2a: Gastrodon
|-resisted|p2a: Gastrodon
|-crit|p2a: Gastrodon
|-damage|p2a: Gastrodon|6/100 tox
|move|p2a: Gastrodon|Recover|p2a: Gastrodon
|-heal|p2a: Gastrodon|56/100 tox
|
|-damage|p2a: Gastrodon|44/100 tox|[from] psn
|upkeep
|turn|31
|j| Friedolin
|
|t:|1620651699
|switch|p1a: Zarude|Zarude|69/100
|move|p2a: Gastrodon|Recover|p2a: Gastrodon
|-heal|p2a: Gastrodon|94/100 tox
|
|-damage|p2a: Gastrodon|76/100 tox|[from] psn
|upkeep
|turn|32
|
|t:|1620651707
|switch|p2a: Noivern|Noivern, M|82/100
|move|p1a: Zarude|Jungle Healing|p1a: Zarude
|-heal|p1a: Zarude|94/100
|
|upkeep
|turn|33
|
|t:|1620651725
|switch|p1a: Togekiss|Togekiss, F|43/100 tox
|move|p2a: Noivern|U-turn|p1a: Togekiss
|-resisted|p1a: Togekiss
|-damage|p1a: Togekiss|41/100 tox
|
|t:|1620651728
|switch|p2a: Obstagoon|Obstagoon, M|88/100 brn|[from]move: U-turn
|-damage|p2a: Obstagoon|76/100 brn|[from] Stealth Rock
|
|-damage|p2a: Obstagoon|70/100 brn|[from] brn
|-damage|p1a: Togekiss|35/100 tox|[from] psn
|upkeep
|turn|34
|
|t:|1620651735
|switch|p1a: Steelix|Steelix, M|59/100
|-damage|p1a: Steelix|47/100|[from] Spikes
|move|p2a: Obstagoon|Facade|p1a: Steelix
|-resisted|p1a: Steelix
|-damage|p1a: Steelix|24/100
|
|-damage|p2a: Obstagoon|64/100 brn|[from] brn
|upkeep
|turn|35
|
|t:|1620651744
|move|p2a: Obstagoon|Close Combat|p1a: Steelix
|-supereffective|p1a: Steelix
|-damage|p1a: Steelix|0 fnt
|-unboost|p2a: Obstagoon|def|1
|-unboost|p2a: Obstagoon|spd|1
|faint|p1a: Steelix
|
|-damage|p2a: Obstagoon|58/100 brn|[from] brn
|upkeep
|
|t:|1620651754
|switch|p1a: Mienshao|Mienshao, M|100/100
|-damage|p1a: Mienshao|88/100|[from] Spikes
|turn|36
|
|t:|1620651760
|switch|p2a: Gastrodon|Gastrodon, F|76/100 tox
|move|p1a: Mienshao|U-turn|p2a: Gastrodon
|-damage|p2a: Gastrodon|58/100 tox
|
|t:|1620651767
|switch|p1a: Zarude|Zarude|94/100|[from]move: U-turn
|
|-damage|p2a: Gastrodon|52/100 tox|[from] psn
|upkeep
|turn|37
|
|t:|1620651790
|switch|p2a: Klefki|Klefki, F|84/100
|-damage|p2a: Klefki|78/100|[from] Stealth Rock
|move|p1a: Zarude|Darkest Lariat|p2a: Klefki
|-resisted|p2a: Klefki
|-damage|p2a: Klefki|52/100
|
|-heal|p2a: Klefki|58/100|[from] item: Leftovers
|upkeep
|turn|38
|
|t:|1620651802
|move|p1a: Zarude|U-turn|p2a: Klefki
|-resisted|p2a: Klefki
|-damage|p2a: Klefki|52/100
|
|t:|1620651805
|switch|p1a: Volcanion|Volcanion|100/100 par|[from]move: U-turn
|move|p2a: Klefki|Dazzling Gleam|p1a: Volcanion
|-resisted|p1a: Volcanion
|-damage|p1a: Volcanion|87/100 par
|
|-heal|p2a: Klefki|58/100|[from] item: Leftovers
|upkeep
|turn|39
|
|t:|1620651815
|switch|p2a: Noivern|Noivern, M|82/100
|cant|p1a: Volcanion|par
|
|upkeep
|turn|40
|
|t:|1620651821
|move|p2a: Noivern|Draco Meteor|p1a: Volcanion
|-damage|p1a: Volcanion|22/100 par
|-unboost|p2a: Noivern|spa|2
|cant|p1a: Volcanion|par
|
|upkeep
|turn|41
|
|t:|1620651832
|move|p2a: Noivern|Draco Meteor|p1a: Volcanion
|-damage|p1a: Volcanion|0 fnt
|-unboost|p2a: Noivern|spa|2
|faint|p1a: Volcanion
|
|upkeep
|
|t:|1620651837
|switch|p1a: Dragalge|Dragalge, M, shiny|94/100
|-damage|p1a: Dragalge|82/100|[from] Spikes
|turn|42
|-message|Glidinganteater forfeited.
|
|win|InTheGames
|raw|Glidinganteater's rating: 1385 &rarr; <strong>1360</strong><br />(-25 for losing)
|raw|InTheGames's rating: 1293 &rarr; <strong>1324</strong><br />(+31 for winning)
|l|☆Glidinganteater
||Ladder isn't responding, score probably updated but might not have (Request timeout).
