|j|☆Shiro is awesome
|j|☆Tintincpajouer
|t:|1617367936
|gametype|singles
|player|p1|Shiro is awesome|red|1146
|player|p2|Tintincpajouer|102|1202
|teamsize|p1|6
|teamsize|p2|6
|gen|8
|tier|[Gen 8] RU
|rated|
|clearpoke
|poke|p1|Barraskewda, M|
|poke|p1|Politoed, F|
|poke|p1|Poliwrath, M|
|poke|p1|Toxtricity, M|
|poke|p1|Volcanion|
|poke|p1|Togekiss, F|
|poke|p2|Shuckle, F|
|poke|p2|Toxicroak, F|
|poke|p2|Obstagoon, F|
|poke|p2|Regidrago|
|poke|p2|Togekiss, F|
|poke|p2|Milotic, M|
|rule|Sleep Clause Mod: Limit one foe put to sleep
|rule|Species Clause: Limit one of each Pokémon
|rule|OHKO Clause: OHKO moves are banned
|rule|Evasion Moves Clause: Evasion moves are banned
|rule|Endless Battle Clause: Forcing endless battles is banned
|rule|HP Percentage Mod: HP is shown in percentages
|rule|Dynamax Clause: You cannot dynamax
|teampreview
|inactive|Battle timer is ON: inactive players will automatically lose when time's up. (requested by Shiro is awesome)
|
|t:|1617367948
|start
|switch|p1a: Politoed|Politoed, F|100/100
|switch|p2a: Shuckle|Shuckle, F|100/100
|-weather|RainDance|[from] ability: Drizzle|[of] p1a: Politoed
|turn|1
|
|t:|1617367958
|switch|p1a: Poliwrath|Poliwrath, M|100/100
|move|p2a: Shuckle|Sticky Web|p1a: Poliwrath
|-sidestart|p1: Shiro is awesome|move: Sticky Web
|
|-weather|RainDance|[upkeep]
|upkeep
|turn|2
|
|t:|1617367965
|move|p1a: Poliwrath|Belly Drum|p1a: Poliwrath
|-damage|p1a: Poliwrath|50/100
|-setboost|p1a: Poliwrath|atk|6|[from] move: Belly Drum
|-enditem|p1a: Poliwrath|Sitrus Berry|[eat]
|-heal|p1a: Poliwrath|75/100|[from] item: Sitrus Berry
|move|p2a: Shuckle|Encore|p1a: Poliwrath
|-start|p1a: Poliwrath|Encore
|
|-weather|RainDance|[upkeep]
|upkeep
|turn|3
|
|t:|1617367976
|move|p1a: Poliwrath|Belly Drum||[still]
|-fail|p1a: Poliwrath
|move|p2a: Shuckle|Stealth Rock|p1a: Poliwrath
|-sidestart|p1: Shiro is awesome|move: Stealth Rock
|
|-weather|RainDance|[upkeep]
|upkeep
|turn|4
|
|t:|1617368002
|switch|p2a: Regidrago|Regidrago|100/100
|move|p1a: Poliwrath|Belly Drum||[still]
|-fail|p1a: Poliwrath
|
|-weather|RainDance|[upkeep]
|upkeep
|turn|5
|
|t:|1617368011
|switch|p1a: Togekiss|Togekiss, F|100/100
|move|p2a: Regidrago|Dragon Energy|p1a: Togekiss
|-immune|p1a: Togekiss
|
|-weather|RainDance|[upkeep]
|upkeep
|turn|6
|
|t:|1617368020
|switch|p2a: Milotic|Milotic, M|100/100
|move|p1a: Togekiss|Defog|p2a: Milotic
|-unboost|p2a: Milotic|evasion|1
|-sideend|p1: Shiro is awesome|Stealth Rock|[from] move: Defog|[of] p1a: Togekiss
|-sideend|p1: Shiro is awesome|Sticky Web|[from] move: Defog|[of] p1a: Togekiss
|
|-weather|RainDance|[upkeep]
|upkeep
|turn|7
|
|t:|1617368032
|move|p1a: Togekiss|Air Slash|p2a: Milotic
|-crit|p2a: Milotic
|-damage|p2a: Milotic|73/100
|cant|p2a: Milotic|flinch
|
|-weather|RainDance|[upkeep]
|-heal|p2a: Milotic|79/100|[from] item: Leftovers
|upkeep
|turn|8
|
|t:|1617368040
|move|p1a: Togekiss|Thunder Wave|p2a: Milotic
|-status|p2a: Milotic|par
|move|p2a: Milotic|Toxic|p1a: Togekiss
|-status|p1a: Togekiss|tox
|
|-weather|none
|-heal|p2a: Milotic|85/100 par|[from] item: Leftovers
|-damage|p1a: Togekiss|94/100 tox|[from] psn
|upkeep
|turn|9
|
|t:|1617368051
|switch|p1a: Politoed|Politoed, F|100/100
|-weather|RainDance|[from] ability: Drizzle|[of] p1a: Politoed
|move|p2a: Milotic|Flip Turn|p1a: Politoed
|-resisted|p1a: Politoed
|-damage|p1a: Politoed|93/100
|
|t:|1617368059
|switch|p2a: Shuckle|Shuckle, F|100/100|[from]move: Flip Turn
|
|-weather|RainDance|[upkeep]
|upkeep
|turn|10
|c|☆Shiro is awesome|it knows flip turn
|c|☆Shiro is awesome|:O
|
|t:|1617368067
|switch|p1a: Poliwrath|Poliwrath, M|75/100
|move|p2a: Shuckle|Sticky Web|p1a: Poliwrath
|-sidestart|p1: Shiro is awesome|move: Sticky Web
|
|-weather|RainDance|[upkeep]
|upkeep
|turn|11
|
|t:|1617368075
|move|p1a: Poliwrath|Liquidation|p2a: Shuckle
|-supereffective|p2a: Shuckle
|-damage|p2a: Shuckle|38/100
|move|p2a: Shuckle|Encore|p1a: Poliwrath
|-start|p1a: Poliwrath|Encore
|
|-weather|RainDance|[upkeep]
|upkeep
|turn|12
|
|t:|1617368083
|switch|p1a: Togekiss|Togekiss, F|94/100 tox
|switch|p2a: Toxicroak|Toxicroak, F|100/100
|
|-weather|RainDance|[upkeep]
|-damage|p1a: Togekiss|88/100 tox|[from] psn
|upkeep
|turn|13
|
|t:|1617368094
|move|p2a: Toxicroak|Gunk Shot|p1a: Togekiss|[miss]
|-miss|p2a: Toxicroak|p1a: Togekiss
|move|p1a: Togekiss|Thunder Wave|p2a: Toxicroak
|-status|p2a: Toxicroak|par
|
|-weather|RainDance|[upkeep]
|-damage|p1a: Togekiss|76/100 tox|[from] psn
|upkeep
|turn|14
|
|t:|1617368104
|move|p1a: Togekiss|Defog|p2a: Toxicroak
|-unboost|p2a: Toxicroak|evasion|1
|-sideend|p1: Shiro is awesome|Sticky Web|[from] move: Defog|[of] p1a: Togekiss
|move|p2a: Toxicroak|Swords Dance|p2a: Toxicroak
|-boost|p2a: Toxicroak|atk|2
|
|-weather|RainDance|[upkeep]
|-damage|p1a: Togekiss|58/100 tox|[from] psn
|upkeep
|turn|15
|
|t:|1617368114
|move|p1a: Togekiss|Air Slash|p2a: Toxicroak
|-supereffective|p2a: Toxicroak
|-damage|p2a: Toxicroak|0 fnt
|faint|p2a: Toxicroak
|
|-weather|RainDance|[upkeep]
|-damage|p1a: Togekiss|33/100 tox|[from] psn
|upkeep
|c|☆Shiro is awesome|for a min
|c|☆Shiro is awesome|i thought it had defiant
|c|☆Shiro is awesome|lmao
|
|t:|1617368138
|switch|p2a: Milotic|Milotic, M|85/100 par
|turn|16
|
|t:|1617368144
|move|p1a: Togekiss|Air Slash|p2a: Milotic
|-damage|p2a: Milotic|63/100 par
|cant|p2a: Milotic|flinch
|
|-weather|none
|-heal|p2a: Milotic|70/100 par|[from] item: Leftovers
|-damage|p1a: Togekiss|3/100 tox|[from] psn
|upkeep
|turn|17
|
|t:|1617368153
|move|p1a: Togekiss|Air Slash|p2a: Milotic
|-damage|p2a: Milotic|49/100 par
|move|p2a: Milotic|Flip Turn|p1a: Togekiss
|-damage|p1a: Togekiss|0 fnt
|faint|p1a: Togekiss
|
|t:|1617368161
|switch|p2a: Regidrago|Regidrago|100/100|[from]move: Flip Turn
|
|upkeep
|
|t:|1617368172
|switch|p1a: Politoed|Politoed, F|93/100
|-weather|RainDance|[from] ability: Drizzle|[of] p1a: Politoed
|turn|18
|
|t:|1617368179
|move|p2a: Regidrago|Dragon Energy|p1a: Politoed
|-damage|p1a: Politoed|0 fnt
|faint|p1a: Politoed
|
|-weather|RainDance|[upkeep]
|upkeep
|
|t:|1617368184
|switch|p1a: Poliwrath|Poliwrath, M|75/100
|turn|19
|
|t:|1617368189
|switch|p2a: Milotic|Milotic, M|49/100 par
|move|p1a: Poliwrath|Earthquake|p2a: Milotic
|-crit|p2a: Milotic
|-damage|p2a: Milotic|0 fnt
|faint|p2a: Milotic
|
|-weather|RainDance|[upkeep]
|upkeep
|
|t:|1617368204
|switch|p2a: Togekiss|Togekiss, F|100/100
|turn|20
|
|t:|1617368209
|move|p1a: Poliwrath|Liquidation|p2a: Togekiss
|-damage|p2a: Togekiss|61/100
|-unboost|p2a: Togekiss|def|1
|move|p2a: Togekiss|Reflect|p2a: Togekiss
|-sidestart|p2: Tintincpajouer|Reflect
|
|-weather|RainDance|[upkeep]
|upkeep
|turn|21
|
|t:|1617368218
|move|p1a: Poliwrath|Belly Drum|p1a: Poliwrath
|-damage|p1a: Poliwrath|25/100
|-setboost|p1a: Poliwrath|atk|6|[from] move: Belly Drum
|move|p2a: Togekiss|Air Slash|p1a: Poliwrath
|-supereffective|p1a: Poliwrath
|-damage|p1a: Poliwrath|0 fnt
|faint|p1a: Poliwrath
|
|-weather|RainDance|[upkeep]
|upkeep
|
|t:|1617368222
|switch|p1a: Toxtricity|Toxtricity, M|100/100
|turn|22
|
|t:|1617368241
|switch|p2a: Shuckle|Shuckle, F|38/100
|move|p1a: Toxtricity|Shift Gear|p1a: Toxtricity
|-boost|p1a: Toxtricity|spe|2
|-boost|p1a: Toxtricity|atk|1
|
|-weather|RainDance|[upkeep]
|upkeep
|turn|23
|
|t:|1617368250
|move|p1a: Toxtricity|Overdrive|p2a: Shuckle
|-damage|p2a: Shuckle|0 fnt
|-damage|p1a: Toxtricity|91/100|[from] item: Life Orb
|faint|p2a: Shuckle
|
|-weather|RainDance|[upkeep]
|upkeep
|
|t:|1617368260
|switch|p2a: Regidrago|Regidrago|100/100
|turn|24
|
|t:|1617368264
|move|p1a: Toxtricity|Boomburst|p2a: Regidrago
|-damage|p2a: Regidrago|6/100
|-damage|p1a: Toxtricity|81/100|[from] item: Life Orb
|move|p2a: Regidrago|Draco Meteor|p1a: Toxtricity
|-damage|p1a: Toxtricity|0 fnt
|-unboost|p2a: Regidrago|spa|2
|faint|p1a: Toxtricity
|
|-weather|RainDance|[upkeep]
|-sideend|p2: Tintincpajouer|Reflect
|upkeep
|
|t:|1617368271
|switch|p1a: Barraskewda|Barraskewda, M|100/100
|turn|25
|
|t:|1617368290
|switch|p2a: Togekiss|Togekiss, F|61/100
|move|p1a: Barraskewda|Liquidation|p2a: Togekiss
|-damage|p2a: Togekiss|0 fnt
|faint|p2a: Togekiss
|
|-weather|none
|upkeep
|
|t:|1617368299
|switch|p2a: Obstagoon|Obstagoon, F|100/100
|turn|26
|
|t:|1617368314
|move|p2a: Obstagoon|Obstruct|p2a: Obstagoon
|-singleturn|p2a: Obstagoon|Protect
|move|p1a: Barraskewda|Liquidation|p2a: Obstagoon
|-activate|p2a: Obstagoon|move: Protect
|-unboost|p1a: Barraskewda|def|2
|
|-status|p2a: Obstagoon|brn|[from] item: Flame Orb
|upkeep
|turn|27
|
|t:|1617368324
|move|p1a: Barraskewda|Liquidation|p2a: Obstagoon
|-damage|p2a: Obstagoon|23/100 brn
|move|p2a: Obstagoon|Knock Off|p1a: Barraskewda
|-damage|p1a: Barraskewda|0 fnt
|-enditem|p1a: Barraskewda|Choice Band|[from] move: Knock Off|[of] p2a: Obstagoon
|faint|p1a: Barraskewda
|
|-damage|p2a: Obstagoon|17/100 brn|[from] brn
|upkeep
|
|t:|1617368328
|switch|p1a: Volcanion|Volcanion|100/100
|turn|28
|
|t:|1617368345
|move|p2a: Obstagoon|Knock Off|p1a: Volcanion
|-damage|p1a: Volcanion|52/100
|-enditem|p1a: Volcanion|Leftovers|[from] move: Knock Off|[of] p2a: Obstagoon
|move|p1a: Volcanion|Earth Power|p2a: Obstagoon
|-damage|p2a: Obstagoon|0 fnt
|faint|p2a: Obstagoon
|
|upkeep
|
|t:|1617368354
|switch|p2a: Regidrago|Regidrago|6/100
|turn|29
|c|☆Shiro is awesome|gg u win
|
|t:|1617368363
|move|p2a: Regidrago|Draco Meteor|p1a: Volcanion
|-damage|p1a: Volcanion|0 fnt
|-unboost|p2a: Regidrago|spa|2
|faint|p1a: Volcanion
|
|win|Tintincpajouer
|raw|Shiro is awesome's rating: 1146 &rarr; <strong>1125</strong><br />(-21 for losing)
|raw|Tintincpajouer's rating: 1202 &rarr; <strong>1223</strong><br />(+21 for winning)
|c|☆Tintincpajouer|Gg
