|j|☆Blue.Moon.Cheese
|j|☆pecanbegone
|player|p1|Blue.Moon.Cheese|lusamine-nihilego|1328
|player|p2|pecanbegone|lusamine-nihilego|1186
|teamsize|p1|6
|teamsize|p2|6
|gametype|singles
|gen|8
|tier|[Gen 8] RU
|rated|
|clearpoke
|poke|p1|Gigalith, M|
|poke|p1|Quagsire, M|
|poke|p1|Gurdurr, F|
|poke|p1|Snorlax, F|
|poke|p1|Goodra, F|
|poke|p1|Alcremie, F|
|poke|p2|Pincurchin, F|
|poke|p2|Galvantula, M|
|poke|p2|Arctozolt|
|poke|p2|Rotom|
|poke|p2|Hitmonlee, M|
|poke|p2|Vileplume, F|
|rule|Sleep Clause Mod: Limit one foe put to sleep
|rule|Species Clause: Limit one of each Pokémon
|rule|OHKO Clause: OHKO moves are banned
|rule|Evasion Moves Clause: Evasion moves are banned
|rule|Endless Battle Clause: Forcing endless battles is banned
|rule|HP Percentage Mod: HP is shown in percentages
|rule|Dynamax Clause: You cannot dynamax
|teampreview
|inactive|Battle timer is ON: inactive players will automatically lose when time's up. (requested by pecanbegone)
|inactive|Blue.Moon.Cheese has 120 seconds left.
|inactive|Blue.Moon.Cheese has 90 seconds left.
|
|start
|switch|p1a: Quagsire|Quagsire, M|100/100
|switch|p2a: Gavin|Galvantula, M|100/100
|-ability|p2a: Gavin|Unnerve|p1: Blue.Moon.Cheese
|turn|1
|
|move|p2a: Gavin|Sticky Web|p1a: Quagsire
|-sidestart|p1: Blue.Moon.Cheese|move: Sticky Web
|move|p1a: Quagsire|Toxic|p2a: Gavin
|-status|p2a: Gavin|tox
|
|-damage|p2a: Gavin|94/100 tox|[from] psn
|upkeep
|turn|2
|
|switch|p1a: Snorlax|Snorlax, F|100/100
|-activate|p1a: Snorlax|move: Sticky Web
|-unboost|p1a: Snorlax|spe|1
|move|p2a: Gavin|Energy Ball|p1a: Snorlax
|-damage|p1a: Snorlax|90/100
|
|-heal|p1a: Snorlax|96/100|[from] item: Leftovers
|-damage|p2a: Gavin|82/100 tox|[from] psn
|upkeep
|turn|3
|
|move|p2a: Gavin|Volt Switch|p1a: Snorlax
|-damage|p1a: Snorlax|83/100
|
|switch|p2a: Pinprick|Pincurchin, F|100/100|[from]move: Volt Switch
|-fieldstart|move: Electric Terrain|[from] ability: Electric Surge|[of] p2a: Pinprick
|move|p1a: Snorlax|Curse|p1a: Snorlax
|-unboost|p1a: Snorlax|spe|1
|-boost|p1a: Snorlax|atk|1
|-boost|p1a: Snorlax|def|1
|
|-heal|p1a: Snorlax|89/100|[from] item: Leftovers
|upkeep
|turn|4
|
|move|p2a: Pinprick|Memento|p1a: Snorlax
|-unboost|p1a: Snorlax|atk|2
|-unboost|p1a: Snorlax|spa|2
|faint|p2a: Pinprick
|move|p1a: Snorlax|Curse|p1a: Snorlax
|-unboost|p1a: Snorlax|spe|1
|-boost|p1a: Snorlax|atk|1
|-boost|p1a: Snorlax|def|1
|
|-heal|p1a: Snorlax|95/100|[from] item: Leftovers
|upkeep
|
|switch|p2a: Achoo|Arctozolt|100/100
|turn|5
|
|move|p2a: Achoo|Bolt Beak|p1a: Snorlax
|-damage|p1a: Snorlax|52/100
|move|p1a: Snorlax|Curse|p1a: Snorlax
|-unboost|p1a: Snorlax|spe|1
|-boost|p1a: Snorlax|atk|1
|-boost|p1a: Snorlax|def|1
|
|-heal|p1a: Snorlax|58/100|[from] item: Leftovers
|upkeep
|turn|6
|
|move|p2a: Achoo|Bolt Beak|p1a: Snorlax
|-damage|p1a: Snorlax|25/100
|move|p1a: Snorlax|Rest||[still]
|-activate|p1a: Snorlax|move: Electric Terrain
|-fail|p1a: Snorlax
|
|-heal|p1a: Snorlax|31/100|[from] item: Leftovers
|upkeep
|turn|7
|
|move|p2a: Achoo|Bolt Beak|p1a: Snorlax
|-damage|p1a: Snorlax|0 fnt
|faint|p1a: Snorlax
|
|upkeep
|
|switch|p1a: Quagsire|Quagsire, M|100/100
|-activate|p1a: Quagsire|move: Sticky Web
|-unboost|p1a: Quagsire|spe|1
|turn|8
|
|switch|p2a: Violet|Vileplume, F|100/100
|move|p1a: Quagsire|Toxic|p2a: Violet
|-immune|p2a: Violet
|
|upkeep
|turn|9
|
|switch|p1a: Goodra|Goodra, F|100/100
|-activate|p1a: Goodra|move: Sticky Web
|-unboost|p1a: Goodra|spe|1
|move|p2a: Violet|Toxic|p1a: Goodra
|-status|p1a: Goodra|tox
|
|-damage|p1a: Goodra|94/100 tox|[from] psn
|upkeep
|turn|10
|
|move|p2a: Violet|Sludge Bomb|p1a: Goodra
|-damage|p1a: Goodra|80/100 tox
|move|p1a: Goodra|Fire Blast|p2a: Violet|[miss]
|-miss|p1a: Goodra|p2a: Violet
|
|-damage|p1a: Goodra|68/100 tox|[from] psn
|-fieldend|move: Electric Terrain
|upkeep
|turn|11
|
|switch|p2a: Gavin|Galvantula, M|82/100 tox
|-ability|p2a: Gavin|Unnerve|p1: Blue.Moon.Cheese
|move|p1a: Goodra|Fire Blast|p2a: Gavin
|-supereffective|p2a: Gavin
|-damage|p2a: Gavin|0 fnt
|faint|p2a: Gavin
|
|-damage|p1a: Goodra|50/100 tox|[from] psn
|upkeep
|inactive|pecanbegone has 120 seconds left.
|
|switch|p2a: Leg Day|Hitmonlee, M|100/100
|turn|12
|
|move|p2a: Leg Day|High Jump Kick|p1a: Goodra
|-damage|p1a: Goodra|0 fnt
|-ability|p1a: Goodra|Gooey
|-unboost|p2a: Leg Day|spe|1
|faint|p1a: Goodra
|
|upkeep
|
|switch|p1a: Gurdurr|Gurdurr, F|100/100
|-activate|p1a: Gurdurr|move: Sticky Web
|-unboost|p1a: Gurdurr|spe|1
|turn|13
|inactive|pecanbegone has 120 seconds left.
|
|switch|p2a: Violet|Vileplume, F|100/100
|move|p1a: Gurdurr|Bulk Up|p1a: Gurdurr
|-boost|p1a: Gurdurr|atk|1
|-boost|p1a: Gurdurr|def|1
|
|upkeep
|turn|14
|
|move|p2a: Violet|Toxic|p1a: Gurdurr
|-status|p1a: Gurdurr|tox
|move|p1a: Gurdurr|Knock Off|p2a: Violet
|-damage|p2a: Violet|52/100
|-enditem|p2a: Violet|Black Sludge|[from] move: Knock Off|[of] p1a: Gurdurr
|
|-damage|p1a: Gurdurr|94/100 tox|[from] psn
|upkeep
|turn|15
|
|move|p2a: Violet|Strength Sap|p1a: Gurdurr
|-unboost|p1a: Gurdurr|atk|1
|-heal|p2a: Violet|100/100
|move|p1a: Gurdurr|Bulk Up|p1a: Gurdurr
|-boost|p1a: Gurdurr|atk|1
|-boost|p1a: Gurdurr|def|1
|
|-damage|p1a: Gurdurr|82/100 tox|[from] psn
|upkeep
|turn|16
|
|move|p2a: Violet|Sludge Bomb|p1a: Gurdurr
|-damage|p1a: Gurdurr|46/100 tox
|move|p1a: Gurdurr|Knock Off|p2a: Violet
|-damage|p2a: Violet|64/100
|
|-damage|p1a: Gurdurr|28/100 tox|[from] psn
|upkeep
|turn|17
|
|move|p2a: Violet|Strength Sap|p1a: Gurdurr
|-unboost|p1a: Gurdurr|atk|1
|-heal|p2a: Violet|100/100
|move|p1a: Gurdurr|Knock Off|p2a: Violet
|-damage|p2a: Violet|76/100
|
|-damage|p1a: Gurdurr|3/100 tox|[from] psn
|upkeep
|turn|18
|
|move|p2a: Violet|Giga Drain|p1a: Gurdurr
|-damage|p1a: Gurdurr|0 fnt
|-heal|p2a: Violet|77/100|[from] drain|[of] p1a: Gurdurr
|faint|p1a: Gurdurr
|
|upkeep
|
|switch|p1a: Alcremie|Alcremie, F|100/100
|-activate|p1a: Alcremie|move: Sticky Web
|-unboost|p1a: Alcremie|spe|1
|turn|19
|
|move|p2a: Violet|Toxic|p1a: Alcremie
|-status|p1a: Alcremie|tox
|move|p1a: Alcremie|Calm Mind|p1a: Alcremie
|-boost|p1a: Alcremie|spa|1
|-boost|p1a: Alcremie|spd|1
|
|-damage|p1a: Alcremie|95/100 tox|[from] psn
|upkeep
|turn|20
|
|switch|p2a: Achoo|Arctozolt|100/100
|move|p1a: Alcremie|Calm Mind|p1a: Alcremie
|-boost|p1a: Alcremie|spa|1
|-boost|p1a: Alcremie|spd|1
|
|-heal|p1a: Alcremie|100/100 tox|[from] item: Leftovers
|-damage|p1a: Alcremie|89/100 tox|[from] psn
|upkeep
|turn|21
|
|switch|p1a: Quagsire|Quagsire, M|100/100
|-activate|p1a: Quagsire|move: Sticky Web
|-unboost|p1a: Quagsire|spe|1
|move|p2a: Achoo|Bolt Beak|p1a: Quagsire
|-immune|p1a: Quagsire
|
|upkeep
|turn|22
|
|switch|p2a: Violet|Vileplume, F|77/100
|move|p1a: Quagsire|Scald|p2a: Violet
|-resisted|p2a: Violet
|-damage|p2a: Violet|70/100
|
|upkeep
|turn|23
|
|move|p2a: Violet|Giga Drain|p1a: Quagsire
|-supereffective|p1a: Quagsire
|-damage|p1a: Quagsire|0 fnt
|-heal|p2a: Violet|100/100|[from] drain|[of] p1a: Quagsire
|faint|p1a: Quagsire
|
|upkeep
|
|switch|p1a: Alcremie|Alcremie, F|89/100 tox
|-activate|p1a: Alcremie|move: Sticky Web
|-unboost|p1a: Alcremie|spe|1
|turn|24
|
|move|p2a: Violet|Sludge Bomb|p1a: Alcremie
|-supereffective|p1a: Alcremie
|-damage|p1a: Alcremie|39/100 tox
|move|p1a: Alcremie|Calm Mind|p1a: Alcremie
|-boost|p1a: Alcremie|spa|1
|-boost|p1a: Alcremie|spd|1
|
|-heal|p1a: Alcremie|45/100 tox|[from] item: Leftovers
|-damage|p1a: Alcremie|39/100 tox|[from] psn
|upkeep
|turn|25
|
|move|p2a: Violet|Sludge Bomb|p1a: Alcremie
|-supereffective|p1a: Alcremie
|-damage|p1a: Alcremie|7/100 tox
|move|p1a: Alcremie|Draining Kiss|p2a: Violet
|-resisted|p2a: Violet
|-damage|p2a: Violet|91/100
|-heal|p1a: Alcremie|15/100 tox|[from] drain|[of] p2a: Violet
|
|-heal|p1a: Alcremie|21/100 tox|[from] item: Leftovers
|-damage|p1a: Alcremie|9/100 tox|[from] psn
|upkeep
|turn|26
|-message|Blue.Moon.Cheese forfeited.
|
|win|pecanbegone
|l|☆Blue.Moon.Cheese
|raw|Blue.Moon.Cheese's rating: 1328 &rarr; <strong>1300</strong><br />(-28 for losing)
|raw|pecanbegone's rating: 1186 &rarr; <strong>1221</strong><br />(+35 for winning)
