|j|☆iamnotagenius
|j|☆Kingston9629
|inactive|Battle timer is ON: inactive players will automatically lose when time's up.
|t:|1636555340
|gametype|singles
|player|p1|iamnotagenius|265|
|player|p2|Kingston9629|1|
|teamsize|p1|6
|teamsize|p2|6
|gen|8
|tier|[Gen 8] RU
|rated|Tournament battle
|rule|Sleep Clause Mod: Limit one foe put to sleep
|rule|Species Clause: Limit one of each Pokémon
|rule|OHKO Clause: OHKO moves are banned
|rule|Evasion Moves Clause: Evasion moves are banned
|rule|Endless Battle Clause: Forcing endless battles is banned
|rule|HP Percentage Mod: HP is shown in percentages
|rule|Dynamax Clause: You cannot dynamax
|clearpoke
|poke|p1|Vanilluxe, F|
|poke|p1|Arctovish|
|poke|p1|Xatu, M|
|poke|p1|Flygon, F|
|poke|p1|Cobalion|
|poke|p1|Mimikyu, F|
|poke|p2|Chandelure, M|
|poke|p2|Nidoqueen, F|
|poke|p2|Bronzong|
|poke|p2|Togekiss, M|
|poke|p2|Golisopod, F|
|poke|p2|Flygon, F|
|teampreview
|j|*Lady Monita ☽
|c|☆Kingston9629|gl hf!
|c|☆iamnotagenius|hf
|
|t:|1636555365
|start
|switch|p1a: Vanilluxe|Vanilluxe, F|100/100
|switch|p2a: Chandelure|Chandelure, M, shiny|100/100
|-weather|Hail|[from] ability: Snow Warning|[of] p1a: Vanilluxe
|turn|1
|
|t:|1636555377
|switch|p1a: Mimikyu|Mimikyu, F|100/100
|move|p2a: Chandelure|Flamethrower|p1a: Mimikyu
|-activate|p1a: Mimikyu|ability: Disguise
|-damage|p1a: Mimikyu|100/100
|detailschange|p1a: Mimikyu|Mimikyu-Busted, F
|-damage|p1a: Mimikyu|88/100|[from] pokemon: Mimikyu-Busted
|
|-weather|Hail|[upkeep]
|-damage|p1a: Mimikyu|82/100|[from] Hail
|-damage|p2a: Chandelure|94/100|[from] Hail
|upkeep
|turn|2
|j| bestgijljhkhas45
|
|t:|1636555393
|switch|p2a: Golisopod|Golisopod, F, shiny|100/100
|move|p1a: Mimikyu|Shadow Claw|p2a: Golisopod
|-crit|p2a: Golisopod
|-damage|p2a: Golisopod|57/100
|-damage|p1a: Mimikyu|72/100|[from] item: Life Orb
|
|-weather|Hail|[upkeep]
|-damage|p1a: Mimikyu|66/100|[from] Hail
|-damage|p2a: Golisopod|51/100|[from] Hail
|upkeep
|turn|3
|
|t:|1636555398
|move|p2a: Golisopod|First Impression|p1a: Mimikyu
|-resisted|p1a: Mimikyu
|-damage|p1a: Mimikyu|45/100
|move|p1a: Mimikyu|Shadow Sneak|p2a: Golisopod
|-damage|p2a: Golisopod|35/100
|-activate|p2a: Golisopod|ability: Emergency Exit
|-damage|p1a: Mimikyu|35/100|[from] item: Life Orb
|
|t:|1636555405
|switch|p2a: Togekiss|Togekiss, M|100/100
|
|-weather|Hail|[upkeep]
|-damage|p2a: Togekiss|94/100|[from] Hail
|-damage|p1a: Mimikyu|29/100|[from] Hail
|upkeep
|turn|4
|
|t:|1636555410
|switch|p1a: Cobalion|Cobalion|100/100
|move|p2a: Togekiss|Air Slash|p1a: Cobalion
|-damage|p1a: Cobalion|49/100
|
|-weather|Hail|[upkeep]
|-damage|p2a: Togekiss|88/100|[from] Hail
|-damage|p1a: Cobalion|43/100|[from] Hail
|upkeep
|turn|5
|
|t:|1636555414
|move|p2a: Togekiss|Air Slash|p1a: Cobalion
|-damage|p1a: Cobalion|0 fnt
|faint|p1a: Cobalion
|
|-weather|none
|upkeep
|
|t:|1636555416
|switch|p1a: Vanilluxe|Vanilluxe, F|100/100
|-weather|Hail|[from] ability: Snow Warning|[of] p1a: Vanilluxe
|turn|6
|
|t:|1636555422
|switch|p2a: Bronzong|Bronzong|100/100
|move|p1a: Vanilluxe|Aurora Veil|p1a: Vanilluxe
|-sidestart|p1: iamnotagenius|move: Aurora Veil
|
|-weather|Hail|[upkeep]
|-damage|p2a: Bronzong|94/100|[from] Hail
|-heal|p2a: Bronzong|100/100|[from] item: Leftovers
|upkeep
|turn|7
|
|t:|1636555432
|switch|p1a: Arctovish|Arctovish|100/100
|move|p2a: Bronzong|Toxic|p1a: Arctovish
|-status|p1a: Arctovish|tox
|
|-weather|Hail|[upkeep]
|-damage|p2a: Bronzong|94/100|[from] Hail
|-heal|p2a: Bronzong|100/100|[from] item: Leftovers
|-damage|p1a: Arctovish|94/100 tox|[from] psn
|upkeep
|turn|8
|
|t:|1636555446
|switch|p2a: Flygon|Flygon, F, shiny|100/100
|move|p1a: Arctovish|Fishious Rend|p2a: Flygon
|-damage|p2a: Flygon|0 fnt
|faint|p2a: Flygon
|
|-weather|Hail|[upkeep]
|-damage|p1a: Arctovish|82/100 tox|[from] psn
|upkeep
|
|t:|1636555451
|switch|p2a: Golisopod|Golisopod, F, shiny|35/100
|turn|9
|
|t:|1636555453
|move|p2a: Golisopod|First Impression|p1a: Arctovish
|-damage|p1a: Arctovish|55/100 tox
|move|p1a: Arctovish|Fishious Rend|p2a: Golisopod
|-resisted|p2a: Golisopod
|-damage|p2a: Golisopod|14/100
|
|-weather|Hail|[upkeep]
|-damage|p2a: Golisopod|8/100|[from] Hail
|-damage|p1a: Arctovish|37/100 tox|[from] psn
|upkeep
|turn|10
|
|t:|1636555457
|move|p1a: Arctovish|Fishious Rend|p2a: Golisopod
|-resisted|p2a: Golisopod
|-damage|p2a: Golisopod|0 fnt
|faint|p2a: Golisopod
|
|-weather|none
|-damage|p1a: Arctovish|12/100 tox|[from] psn
|-sideend|p1: iamnotagenius|move: Aurora Veil
|upkeep
|
|t:|1636555471
|switch|p2a: Nidoqueen|Nidoqueen, F|100/100
|turn|11
|
|t:|1636555475
|switch|p1a: Xatu|Xatu, M|100/100
|move|p2a: Nidoqueen|Sludge Wave|p1a: Xatu
|-damage|p1a: Xatu|20/100
|
|upkeep
|turn|12
|
|t:|1636555482
|move|p2a: Nidoqueen|Ice Beam|p1a: Xatu
|-supereffective|p1a: Xatu
|-damage|p1a: Xatu|0 fnt
|faint|p1a: Xatu
|
|upkeep
|
|t:|1636555485
|switch|p1a: Vanilluxe|Vanilluxe, F|100/100
|-weather|Hail|[from] ability: Snow Warning|[of] p1a: Vanilluxe
|turn|13
|
|t:|1636555491
|switch|p1a: Mimikyu|Mimikyu-Busted, F|29/100
|move|p2a: Nidoqueen|Focus Blast|p1a: Mimikyu
|-immune|p1a: Mimikyu
|
|-weather|Hail|[upkeep]
|-damage|p1a: Mimikyu|23/100|[from] Hail
|-damage|p2a: Nidoqueen|94/100|[from] Hail
|upkeep
|turn|14
|
|t:|1636555498
|move|p1a: Mimikyu|Shadow Claw|p2a: Nidoqueen
|-crit|p2a: Nidoqueen
|-damage|p2a: Nidoqueen|29/100
|-damage|p1a: Mimikyu|13/100|[from] item: Life Orb
|move|p2a: Nidoqueen|Sludge Wave|p1a: Mimikyu
|-damage|p1a: Mimikyu|0 fnt
|faint|p1a: Mimikyu
|
|-weather|Hail|[upkeep]
|-damage|p2a: Nidoqueen|23/100|[from] Hail
|upkeep
|
|t:|1636555501
|switch|p1a: Vanilluxe|Vanilluxe, F|100/100
|turn|15
|
|t:|1636555505
|move|p1a: Vanilluxe|Blizzard|p2a: Nidoqueen
|-supereffective|p2a: Nidoqueen
|-damage|p2a: Nidoqueen|0 fnt
|faint|p2a: Nidoqueen
|
|-weather|Hail|[upkeep]
|upkeep
|
|t:|1636555508
|switch|p2a: Chandelure|Chandelure, M, shiny|94/100
|turn|16
|
|t:|1636555514
|move|p2a: Chandelure|Shadow Ball|p1a: Vanilluxe
|-damage|p1a: Vanilluxe|20/100
|move|p1a: Vanilluxe|Blizzard|p2a: Chandelure
|-resisted|p2a: Chandelure
|-damage|p2a: Chandelure|40/100
|
|-weather|Hail|[upkeep]
|-damage|p2a: Chandelure|34/100|[from] Hail
|upkeep
|turn|17
|
|t:|1636555517
|move|p2a: Chandelure|Shadow Ball|p1a: Vanilluxe
|-damage|p1a: Vanilluxe|0 fnt
|faint|p1a: Vanilluxe
|
|-weather|none
|upkeep
|
|t:|1636555520
|switch|p1a: Flygon|Flygon, F|100/100
|turn|18
|
|t:|1636555526
|move|p1a: Flygon|Stone Edge|p2a: Chandelure
|-supereffective|p2a: Chandelure
|-damage|p2a: Chandelure|0 fnt
|faint|p2a: Chandelure
|
|upkeep
|
|t:|1636555529
|switch|p2a: Bronzong|Bronzong|100/100
|turn|19
|
|t:|1636555532
|switch|p1a: Arctovish|Arctovish|12/100 tox
|move|p2a: Bronzong|Heavy Slam|p1a: Arctovish
|-damage|p1a: Arctovish|0 fnt
|faint|p1a: Arctovish
|
|upkeep
|
|t:|1636555534
|switch|p1a: Flygon|Flygon, F|100/100
|turn|20
|c|☆iamnotagenius|gg
|-message|iamnotagenius forfeited.
|
|win|Kingston9629
|n|☆iamnotagenius|iamnotagenius
|n|☆Kingston9629|kingston9629
|n|*Lady Monita ☽|ladymonita
|n| bestgijljhkhas45|bestgijljhkhas45
|l|*Lady Monita ☽
|c|☆Kingston9629|gg
|l|☆iamnotagenius
|l|☆Kingston9629
