|j|☆Glidinganteater
|j|☆Live da crail
|t:|1620956718
|gametype|singles
|player|p1|Glidinganteater|palmer|1395
|player|p2|Live da crail|erika|1460
|teamsize|p1|6
|teamsize|p2|6
|gen|8
|tier|[Gen 8] RU
|rated|
|rule|Sleep Clause Mod: Limit one foe put to sleep
|rule|Species Clause: Limit one of each Pokémon
|rule|OHKO Clause: OHKO moves are banned
|rule|Evasion Moves Clause: Evasion moves are banned
|rule|Endless Battle Clause: Forcing endless battles is banned
|rule|HP Percentage Mod: HP is shown in percentages
|rule|Dynamax Clause: You cannot dynamax
|clearpoke
|poke|p1|Dragalge, M|
|poke|p1|Zarude|
|poke|p1|Steelix, M|
|poke|p1|Mienshao, M|
|poke|p1|Togekiss, F|
|poke|p1|Volcanion|
|poke|p2|Xurkitree|
|poke|p2|Snorlax, F|
|poke|p2|Weezing-Galar, F|
|poke|p2|Steelix, F|
|poke|p2|Mienshao, M|
|poke|p2|Talonflame, M|
|teampreview
|
|t:|1620956777
|start
|switch|p1a: Mienshao|Mienshao, M|100/100
|switch|p2a: Talonflame|Talonflame, M|100/100
|turn|1
|inactive|Battle timer is ON: inactive players will automatically lose when time's up. (requested by Live da crail)
|
|t:|1620956786
|switch|p2a: Weezing|Weezing-Galar, F|100/100
|move|p1a: Mienshao|Stone Edge|p2a: Weezing
|-damage|p2a: Weezing|78/100
|
|-heal|p2a: Weezing|84/100|[from] item: Black Sludge
|upkeep
|turn|2
|
|t:|1620956795
|switch|p1a: Dragalge|Dragalge, M, shiny|100/100
|move|p2a: Weezing|Will-O-Wisp|p1a: Dragalge
|-status|p1a: Dragalge|brn
|
|-heal|p2a: Weezing|90/100|[from] item: Black Sludge
|-damage|p1a: Dragalge|95/100 brn|[from] brn
|upkeep
|turn|3
|
|t:|1620956800
|switch|p2a: Steelix|Steelix, F|100/100
|move|p1a: Dragalge|Flip Turn|p2a: Steelix
|-supereffective|p2a: Steelix
|-damage|p2a: Steelix|95/100
|
|t:|1620956802
|switch|p1a: Volcanion|Volcanion|100/100|[from]move: Flip Turn
|
|-heal|p2a: Steelix|100/100|[from] item: Leftovers
|upkeep
|turn|4
|
|t:|1620956809
|move|p1a: Volcanion|Steam Eruption|p2a: Steelix
|-supereffective|p2a: Steelix
|-ability|p2a: Steelix|Sturdy
|-damage|p2a: Steelix|1/100
|-status|p2a: Steelix|brn
|move|p2a: Steelix|Stealth Rock|p1a: Volcanion
|-sidestart|p1: Glidinganteater|move: Stealth Rock
|
|-heal|p2a: Steelix|7/100 brn|[from] item: Leftovers
|-damage|p2a: Steelix|1/100 brn|[from] brn
|upkeep
|turn|5
|
|t:|1620956821
|move|p1a: Volcanion|Defog|p2a: Steelix
|-unboost|p2a: Steelix|evasion|1
|-sideend|p1: Glidinganteater|Stealth Rock|[from] move: Defog|[of] p1a: Volcanion
|move|p2a: Steelix|Earthquake|p1a: Volcanion
|-supereffective|p1a: Volcanion
|-damage|p1a: Volcanion|72/100
|
|-heal|p2a: Steelix|7/100 brn|[from] item: Leftovers
|-damage|p2a: Steelix|1/100 brn|[from] brn
|upkeep
|turn|6
|
|t:|1620956825
|move|p1a: Volcanion|Flamethrower|p2a: Steelix
|-supereffective|p2a: Steelix
|-damage|p2a: Steelix|0 fnt
|faint|p2a: Steelix
|
|upkeep
|
|t:|1620956829
|switch|p2a: Xurkitree|Xurkitree|100/100
|turn|7
|
|t:|1620956836
|switch|p2a: Snorlax|Snorlax, F|100/100
|switch|p1a: Steelix|Steelix, M|100/100
|
|upkeep
|turn|8
|
|t:|1620956839
|move|p2a: Snorlax|Curse|p2a: Snorlax
|-unboost|p2a: Snorlax|spe|1
|-boost|p2a: Snorlax|atk|1
|-boost|p2a: Snorlax|def|1
|move|p1a: Steelix|Roar|p2a: Snorlax
|drag|p2a: Weezing|Weezing-Galar, F|90/100
|
|-heal|p2a: Weezing|96/100|[from] item: Black Sludge
|upkeep
|turn|9
|
|t:|1620956846
|switch|p1a: Volcanion|Volcanion|72/100
|move|p2a: Weezing|Will-O-Wisp|p1a: Volcanion|[miss]
|-miss|p2a: Weezing|p1a: Volcanion
|
|-heal|p2a: Weezing|100/100|[from] item: Black Sludge
|upkeep
|turn|10
|
|t:|1620956851
|move|p1a: Volcanion|Steam Eruption|p2a: Weezing
|-damage|p2a: Weezing|25/100
|move|p2a: Weezing|Sludge Bomb|p1a: Volcanion
|-damage|p1a: Volcanion|38/100
|-status|p1a: Volcanion|psn
|
|-heal|p2a: Weezing|31/100|[from] item: Black Sludge
|-damage|p1a: Volcanion|25/100 psn|[from] psn
|upkeep
|turn|11
|
|t:|1620956858
|move|p1a: Volcanion|Steam Eruption|p2a: Weezing
|-damage|p2a: Weezing|0 fnt
|faint|p2a: Weezing
|
|-damage|p1a: Volcanion|13/100 psn|[from] psn
|upkeep
|
|t:|1620956865
|switch|p2a: Mienshao|Mienshao, M|100/100
|turn|12
|
|t:|1620956873
|move|p2a: Mienshao|Knock Off|p1a: Volcanion
|-damage|p1a: Volcanion|0 fnt
|-enditem|p1a: Volcanion|Heavy-Duty Boots|[from] move: Knock Off|[of] p2a: Mienshao
|faint|p1a: Volcanion
|-damage|p2a: Mienshao|91/100|[from] item: Life Orb
|
|upkeep
|
|t:|1620956886
|switch|p1a: Togekiss|Togekiss, F|100/100
|turn|13
|
|t:|1620956894
|move|p2a: Mienshao|Stone Edge|p1a: Togekiss
|-supereffective|p1a: Togekiss
|-damage|p1a: Togekiss|44/100
|-damage|p2a: Mienshao|81/100|[from] item: Life Orb
|move|p1a: Togekiss|Air Slash|p2a: Mienshao
|-supereffective|p2a: Mienshao
|-damage|p2a: Mienshao|0 fnt
|faint|p2a: Mienshao
|
|upkeep
|
|t:|1620956896
|switch|p2a: Snorlax|Snorlax, F|100/100
|turn|14
|
|t:|1620956906
|switch|p1a: Zarude|Zarude|100/100
|move|p2a: Snorlax|Curse|p2a: Snorlax
|-unboost|p2a: Snorlax|spe|1
|-boost|p2a: Snorlax|atk|1
|-boost|p2a: Snorlax|def|1
|
|upkeep
|turn|15
|
|t:|1620956909
|move|p1a: Zarude|Darkest Lariat|p2a: Snorlax
|-damage|p2a: Snorlax|71/100
|move|p2a: Snorlax|Body Slam|p1a: Zarude
|-damage|p1a: Zarude|53/100
|
|-heal|p2a: Snorlax|77/100|[from] item: Leftovers
|upkeep
|turn|16
|
|t:|1620956913
|move|p1a: Zarude|Darkest Lariat|p2a: Snorlax
|-damage|p2a: Snorlax|46/100
|move|p2a: Snorlax|Earthquake|p1a: Zarude
|-resisted|p1a: Zarude
|-damage|p1a: Zarude|37/100
|
|-heal|p2a: Snorlax|53/100|[from] item: Leftovers
|upkeep
|turn|17
|
|t:|1620956918
|move|p1a: Zarude|Darkest Lariat|p2a: Snorlax
|-damage|p2a: Snorlax|20/100
|move|p2a: Snorlax|Body Slam|p1a: Zarude
|-damage|p1a: Zarude|0 fnt
|faint|p1a: Zarude
|
|-heal|p2a: Snorlax|26/100|[from] item: Leftovers
|upkeep
|
|t:|1620956928
|switch|p1a: Mienshao|Mienshao, M|100/100
|turn|18
|
|t:|1620956935
|switch|p2a: Talonflame|Talonflame, M|100/100
|move|p1a: Mienshao|Close Combat|p2a: Talonflame
|-resisted|p2a: Talonflame
|-damage|p2a: Talonflame|60/100
|-unboost|p1a: Mienshao|def|1
|-unboost|p1a: Mienshao|spd|1
|
|upkeep
|turn|19
|
|t:|1620956942
|switch|p1a: Togekiss|Togekiss, F|44/100
|move|p2a: Talonflame|Roost|p2a: Talonflame
|-heal|p2a: Talonflame|100/100
|-singleturn|p2a: Talonflame|move: Roost
|
|upkeep
|turn|20
|
|t:|1620956946
|move|p2a: Talonflame|U-turn|p1a: Togekiss
|-resisted|p1a: Togekiss
|-damage|p1a: Togekiss|41/100
|
|t:|1620956948
|switch|p2a: Xurkitree|Xurkitree|100/100|[from]move: U-turn
|move|p1a: Togekiss|Thunder Wave|p2a: Xurkitree
|-immune|p2a: Xurkitree
|
|upkeep
|turn|21
|
|t:|1620956956
|switch|p2a: Snorlax|Snorlax, F|26/100
|switch|p1a: Dragalge|Dragalge, M, shiny|95/100 brn
|
|-heal|p1a: Dragalge|100/100 brn|[from] item: Black Sludge
|-heal|p2a: Snorlax|32/100|[from] item: Leftovers
|-damage|p1a: Dragalge|95/100 brn|[from] brn
|upkeep
|turn|22
|
|t:|1620956962
|move|p1a: Dragalge|Draco Meteor|p2a: Snorlax|[miss]
|-miss|p1a: Dragalge|p2a: Snorlax
|move|p2a: Snorlax|Rest|p2a: Snorlax
|-status|p2a: Snorlax|slp|[from] move: Rest
|-heal|p2a: Snorlax|100/100 slp|[silent]
|
|-heal|p1a: Dragalge|100/100 brn|[from] item: Black Sludge
|-damage|p1a: Dragalge|95/100 brn|[from] brn
|upkeep
|turn|23
|
|t:|1620956965
|move|p1a: Dragalge|Flip Turn|p2a: Snorlax
|-damage|p2a: Snorlax|97/100 slp
|
|t:|1620956969
|switch|p1a: Mienshao|Mienshao, M|100/100|[from]move: Flip Turn
|cant|p2a: Snorlax|slp
|
|-heal|p2a: Snorlax|100/100 slp|[from] item: Leftovers
|upkeep
|turn|24
|
|t:|1620956976
|move|p1a: Mienshao|Close Combat|p2a: Snorlax
|-supereffective|p2a: Snorlax
|-damage|p2a: Snorlax|14/100 slp
|-unboost|p1a: Mienshao|def|1
|-unboost|p1a: Mienshao|spd|1
|cant|p2a: Snorlax|slp
|
|-heal|p2a: Snorlax|20/100 slp|[from] item: Leftovers
|upkeep
|turn|25
|
|t:|1620956984
|switch|p1a: Dragalge|Dragalge, M, shiny|95/100 brn
|switch|p2a: Talonflame|Talonflame, M|100/100
|
|-heal|p1a: Dragalge|100/100 brn|[from] item: Black Sludge
|-damage|p1a: Dragalge|95/100 brn|[from] brn
|upkeep
|turn|26
|
|t:|1620956988
|move|p2a: Talonflame|U-turn|p1a: Dragalge
|-resisted|p1a: Dragalge
|-damage|p1a: Dragalge|86/100 brn
|
|t:|1620956991
|switch|p2a: Snorlax|Snorlax, F|20/100 slp|[from]move: U-turn
|move|p1a: Dragalge|Sludge Bomb|p2a: Snorlax
|-damage|p2a: Snorlax|0 fnt
|faint|p2a: Snorlax
|
|-heal|p1a: Dragalge|92/100 brn|[from] item: Black Sludge
|-damage|p1a: Dragalge|86/100 brn|[from] brn
|upkeep
|
|t:|1620956994
|switch|p2a: Xurkitree|Xurkitree|100/100
|turn|27
|
|t:|1620956997
|move|p2a: Xurkitree|Energy Ball|p1a: Dragalge
|-resisted|p1a: Dragalge
|-damage|p1a: Dragalge|78/100 brn
|move|p1a: Dragalge|Draco Meteor|p2a: Xurkitree
|-damage|p2a: Xurkitree|0 fnt
|-unboost|p1a: Dragalge|spa|2
|faint|p2a: Xurkitree
|
|-heal|p1a: Dragalge|84/100 brn|[from] item: Black Sludge
|-damage|p1a: Dragalge|78/100 brn|[from] brn
|upkeep
|
|t:|1620956999
|switch|p2a: Talonflame|Talonflame, M|100/100
|turn|28
|
|t:|1620957001
|move|p2a: Talonflame|Brave Bird|p1a: Dragalge
|-damage|p1a: Dragalge|30/100 brn
|-damage|p2a: Talonflame|84/100|[from] Recoil
|move|p1a: Dragalge|Haze|p1a: Dragalge
|-clearallboost
|
|-heal|p1a: Dragalge|36/100 brn|[from] item: Black Sludge
|-damage|p1a: Dragalge|30/100 brn|[from] brn
|upkeep
|turn|29
|
|t:|1620957007
|move|p2a: Talonflame|Brave Bird|p1a: Dragalge
|-damage|p1a: Dragalge|0 fnt
|faint|p1a: Dragalge
|-damage|p2a: Talonflame|75/100|[from] Recoil
|
|upkeep
|
|t:|1620957012
|switch|p1a: Mienshao|Mienshao, M|100/100
|turn|30
|
|t:|1620957013
|move|p1a: Mienshao|Stone Edge|p2a: Talonflame
|-supereffective|p2a: Talonflame
|-damage|p2a: Talonflame|0 fnt
|faint|p2a: Talonflame
|
|win|Glidinganteater
|raw|Glidinganteater's rating: 1395 &rarr; <strong>1419</strong><br />(+24 for winning)
|raw|Live da crail's rating: 1460 &rarr; <strong>1436</strong><br />(-24 for losing)
|c|☆Glidinganteater|Gg
|c|☆Live da crail|wp
|c|☆Glidinganteater|U2
|l|☆Glidinganteater
