|j|☆canaan3
|j|☆ChrisL) Zapador
|player|p1|canaan3|169|1468
|player|p2|ChrisL) Zapador|wally|1429
|teamsize|p1|6
|teamsize|p2|6
|gametype|singles
|gen|8
|tier|[Gen 8] RU
|rated|
|clearpoke
|poke|p1|Pinsir, F|
|poke|p1|Porygon2|
|poke|p1|Machamp, M|
|poke|p1|Rotom-Mow|
|poke|p1|Xatu, F|
|poke|p1|Vaporeon, M|
|poke|p2|Porygon2|
|poke|p2|Silvally-*|
|poke|p2|Drapion, F|
|poke|p2|Machamp, F|
|poke|p2|Vaporeon, M|
|poke|p2|Rotom-Mow|
|rule|Sleep Clause Mod: Limit one foe put to sleep
|rule|Species Clause: Limit one of each Pokémon
|rule|OHKO Clause: OHKO moves are banned
|rule|Evasion Moves Clause: Evasion moves are banned
|rule|Endless Battle Clause: Forcing endless battles is banned
|rule|HP Percentage Mod: HP is shown in percentages
|rule|Dynamax Clause: You cannot dynamax
|teampreview
|
|start
|switch|p1a: Machamp|Machamp, M|100/100
|switch|p2a: Machamp|Machamp, F|100/100
|turn|1
|
|switch|p1a: Xatu|Xatu, F|100/100
|move|p2a: Machamp|Dynamic Punch|p1a: Xatu
|-resisted|p1a: Xatu
|-damage|p1a: Xatu|81/100
|-start|p1a: Xatu|confusion
|-damage|p2a: Machamp|84/100|[from] item: Rocky Helmet|[of] p1a: Xatu
|
|upkeep
|turn|2
|
|switch|p1a: Machamp|Machamp, M|100/100
|switch|p2a: Drapion|Drapion, F|100/100
|
|-status|p1a: Machamp|brn|[from] item: Flame Orb
|upkeep
|turn|3
|
|switch|p2a: Silvally|Silvally-Fairy|100/100
|move|p1a: Machamp|Close Combat|p2a: Silvally
|-resisted|p2a: Silvally
|-damage|p2a: Silvally|47/100
|-unboost|p1a: Machamp|def|1
|-unboost|p1a: Machamp|spd|1
|
|-damage|p1a: Machamp|94/100 brn|[from] brn
|upkeep
|turn|4
|
|move|p1a: Machamp|Bullet Punch|p2a: Silvally
|-supereffective|p2a: Silvally
|-damage|p2a: Silvally|0 fnt
|faint|p2a: Silvally
|
|-damage|p1a: Machamp|88/100 brn|[from] brn
|upkeep
|
|switch|p2a: Rotom|Rotom-Mow|100/100
|turn|5
|
|switch|p1a: Porygon2|Porygon2|100/100
|-ability|p1a: Porygon2|Levitate|[from] ability: Trace|[of] p2a: Rotom
|move|p2a: Rotom|Leaf Storm|p1a: Porygon2
|-damage|p1a: Porygon2|72/100
|-unboost|p2a: Rotom|spa|2
|
|upkeep
|turn|6
|
|move|p2a: Rotom|Volt Switch|p1a: Porygon2
|-damage|p1a: Porygon2|65/100
|
|switch|p2a: Drapion|Drapion, F|100/100|[from]move: Volt Switch
|move|p1a: Porygon2|Teleport|p1a: Porygon2
|
|switch|p1a: Machamp|Machamp, M|88/100 brn|[from]move: Teleport
|
|-damage|p1a: Machamp|82/100 brn|[from] brn
|upkeep
|turn|7
|
|move|p2a: Drapion|Poison Jab|p1a: Machamp
|-crit|p1a: Machamp
|-damage|p1a: Machamp|23/100 brn
|move|p1a: Machamp|Close Combat|p2a: Drapion
|-damage|p2a: Drapion|0 fnt
|-unboost|p1a: Machamp|def|1
|-unboost|p1a: Machamp|spd|1
|faint|p2a: Drapion
|
|-damage|p1a: Machamp|16/100 brn|[from] brn
|upkeep
|
|switch|p2a: Rotom|Rotom-Mow|100/100
|turn|8
|
|switch|p1a: Rotom|Rotom-Mow|100/100
|move|p2a: Rotom|Volt Switch|p1a: Rotom
|-resisted|p1a: Rotom
|-damage|p1a: Rotom|92/100
|
|switch|p2a: Porygon2|Porygon2|100/100|[from]move: Volt Switch
|-ability|p2a: Porygon2|Levitate|[from] ability: Trace|[of] p1a: Rotom
|
|-heal|p1a: Rotom|98/100|[from] item: Leftovers
|upkeep
|turn|9
|
|switch|p1a: Porygon2|Porygon2|65/100
|-ability|p1a: Porygon2|Levitate|[from] ability: Trace|[of] p2a: Porygon2
|move|p2a: Porygon2|Ice Beam|p1a: Porygon2
|-damage|p1a: Porygon2|54/100
|
|upkeep
|turn|10
|
|switch|p2a: Machamp|Machamp, F|84/100
|move|p1a: Porygon2|Recover|p1a: Porygon2
|-heal|p1a: Porygon2|100/100
|
|upkeep
|turn|11
|
|switch|p1a: Vaporeon|Vaporeon, M|100/100
|move|p2a: Machamp|Knock Off|p1a: Vaporeon
|-damage|p1a: Vaporeon|54/100
|-enditem|p1a: Vaporeon|Leftovers|[from] move: Knock Off|[of] p2a: Machamp
|
|upkeep
|turn|12
|
|switch|p2a: Rotom|Rotom-Mow|100/100
|switch|p1a: Pinsir|Pinsir, F|100/100
|-ability|p1a: Pinsir|Mold Breaker
|
|upkeep
|turn|13
|
|move|p2a: Rotom|Volt Switch|p1a: Pinsir
|-damage|p1a: Pinsir|48/100
|
|switch|p2a: Vaporeon|Vaporeon, M|100/100|[from]move: Volt Switch
|move|p1a: Pinsir|Knock Off|p2a: Vaporeon
|-damage|p2a: Vaporeon|79/100
|-enditem|p2a: Vaporeon|Leftovers|[from] move: Knock Off|[of] p1a: Pinsir
|
|upkeep
|turn|14
|
|move|p1a: Pinsir|Stealth Rock|p2a: Vaporeon
|-sidestart|p2: ChrisL) Zapador|move: Stealth Rock
|move|p2a: Vaporeon|Scald|p1a: Pinsir
|-damage|p1a: Pinsir|0 fnt
|faint|p1a: Pinsir
|
|upkeep
|
|switch|p1a: Machamp|Machamp, M|16/100 brn
|turn|15
|
|move|p2a: Vaporeon|Protect|p2a: Vaporeon
|-singleturn|p2a: Vaporeon|Protect
|move|p1a: Machamp|Close Combat|p2a: Vaporeon
|-activate|p2a: Vaporeon|move: Protect
|
|-damage|p1a: Machamp|10/100 brn|[from] brn
|upkeep
|turn|16
|
|switch|p1a: Rotom|Rotom-Mow|98/100
|move|p2a: Vaporeon|Wish|p2a: Vaporeon
|
|-heal|p1a: Rotom|100/100|[from] item: Leftovers
|upkeep
|turn|17
|
|switch|p2a: Rotom|Rotom-Mow|100/100
|-damage|p2a: Rotom|88/100|[from] Stealth Rock
|move|p1a: Rotom|Substitute|p1a: Rotom
|-start|p1a: Rotom|Substitute
|-damage|p1a: Rotom|76/100
|
|-heal|p2a: Rotom|100/100|[from] move: Wish|[wisher] Vaporeon
|-heal|p1a: Rotom|82/100|[from] item: Leftovers
|upkeep
|turn|18
|
|move|p2a: Rotom|Volt Switch|p1a: Rotom
|-resisted|p1a: Rotom
|-activate|p1a: Rotom|move: Substitute|[damage]
|
|switch|p2a: Porygon2|Porygon2|100/100|[from]move: Volt Switch
|-damage|p2a: Porygon2|88/100|[from] Stealth Rock
|-ability|p2a: Porygon2|Levitate|[from] ability: Trace|[of] p1a: Rotom
|move|p1a: Rotom|Nasty Plot|p1a: Rotom
|-boost|p1a: Rotom|spa|2
|
|-heal|p1a: Rotom|88/100|[from] item: Leftovers
|upkeep
|turn|19
|
|move|p1a: Rotom|Discharge|p2a: Porygon2
|-damage|p2a: Porygon2|59/100
|-status|p2a: Porygon2|par
|move|p2a: Porygon2|Ice Beam|p1a: Rotom
|-supereffective|p1a: Rotom
|-end|p1a: Rotom|Substitute
|
|-heal|p1a: Rotom|94/100|[from] item: Leftovers
|upkeep
|turn|20
|
|move|p1a: Rotom|Leaf Storm|p2a: Porygon2
|-damage|p2a: Porygon2|16/100 par
|-unboost|p1a: Rotom|spa|2
|move|p2a: Porygon2|Ice Beam|p1a: Rotom
|-supereffective|p1a: Rotom
|-crit|p1a: Rotom
|-damage|p1a: Rotom|20/100
|
|-heal|p1a: Rotom|26/100|[from] item: Leftovers
|upkeep
|turn|21
|
|switch|p2a: Rotom|Rotom-Mow|100/100
|-damage|p2a: Rotom|88/100|[from] Stealth Rock
|move|p1a: Rotom|Discharge|p2a: Rotom
|-resisted|p2a: Rotom
|-damage|p2a: Rotom|79/100
|
|-heal|p1a: Rotom|32/100|[from] item: Leftovers
|-heal|p2a: Rotom|85/100|[from] item: Leftovers
|upkeep
|turn|22
|
|switch|p1a: Porygon2|Porygon2|100/100
|-ability|p1a: Porygon2|Levitate|[from] ability: Trace|[of] p2a: Rotom
|move|p2a: Rotom|Leaf Storm|p1a: Porygon2
|-damage|p1a: Porygon2|71/100
|-unboost|p2a: Rotom|spa|2
|
|-heal|p2a: Rotom|91/100|[from] item: Leftovers
|upkeep
|turn|23
|
|move|p2a: Rotom|Volt Switch|p1a: Porygon2
|-damage|p1a: Porygon2|64/100
|
|switch|p2a: Machamp|Machamp, F|84/100|[from]move: Volt Switch
|-damage|p2a: Machamp|78/100|[from] Stealth Rock
|move|p1a: Porygon2|Teleport|p1a: Porygon2
|
|switch|p1a: Xatu|Xatu, F|81/100|[from]move: Teleport
|
|upkeep
|turn|24
|
|move|p1a: Xatu|Dazzling Gleam|p2a: Machamp
|-supereffective|p2a: Machamp
|-crit|p2a: Machamp
|-damage|p2a: Machamp|14/100
|move|p2a: Machamp|Stone Edge|p1a: Xatu
|-supereffective|p1a: Xatu
|-crit|p1a: Xatu
|-damage|p1a: Xatu|0 fnt
|faint|p1a: Xatu
|
|upkeep
|
|switch|p1a: Rotom|Rotom-Mow|32/100
|turn|25
|
|switch|p2a: Rotom|Rotom-Mow|91/100
|-damage|p2a: Rotom|79/100|[from] Stealth Rock
|move|p1a: Rotom|Discharge|p2a: Rotom
|-resisted|p2a: Rotom
|-damage|p2a: Rotom|70/100
|
|-heal|p1a: Rotom|39/100|[from] item: Leftovers
|-heal|p2a: Rotom|76/100|[from] item: Leftovers
|upkeep
|turn|26
|
|move|p2a: Rotom|Defog|p1a: Rotom
|-unboost|p1a: Rotom|evasion|1
|-sideend|p2: ChrisL) Zapador|Stealth Rock|[from] move: Defog|[of] p2a: Rotom
|move|p1a: Rotom|Discharge|p2a: Rotom
|-resisted|p2a: Rotom
|-damage|p2a: Rotom|67/100
|
|-heal|p1a: Rotom|45/100|[from] item: Leftovers
|-heal|p2a: Rotom|73/100|[from] item: Leftovers
|upkeep
|turn|27
|
|move|p1a: Rotom|Discharge|p2a: Rotom
|-resisted|p2a: Rotom
|-damage|p2a: Rotom|64/100
|move|p2a: Rotom|Will-O-Wisp|p1a: Rotom
|-status|p1a: Rotom|brn
|
|-heal|p1a: Rotom|51/100 brn|[from] item: Leftovers
|-heal|p2a: Rotom|70/100|[from] item: Leftovers
|-damage|p1a: Rotom|45/100 brn|[from] brn
|upkeep
|turn|28
|
|move|p2a: Rotom|Leaf Storm|p1a: Rotom
|-resisted|p1a: Rotom
|-damage|p1a: Rotom|14/100 brn
|-unboost|p2a: Rotom|spa|2
|move|p1a: Rotom|Leaf Storm|p2a: Rotom
|-resisted|p2a: Rotom
|-damage|p2a: Rotom|36/100
|-unboost|p1a: Rotom|spa|2
|
|-heal|p1a: Rotom|20/100 brn|[from] item: Leftovers
|-heal|p2a: Rotom|42/100|[from] item: Leftovers
|-damage|p1a: Rotom|14/100 brn|[from] brn
|upkeep
|turn|29
|
|switch|p1a: Vaporeon|Vaporeon, M|54/100
|move|p2a: Rotom|Volt Switch|p1a: Vaporeon
|-supereffective|p1a: Vaporeon
|-crit|p1a: Vaporeon
|-damage|p1a: Vaporeon|0 fnt
|faint|p1a: Vaporeon
|j| Ysuufuufufhf
|
|switch|p2a: Machamp|Machamp, F|14/100|[from]move: Volt Switch
|
|upkeep
|l| Ysuufuufufhf
|c|☆canaan3|jesus christ crit crit crit
|
|switch|p1a: Machamp|Machamp, M|10/100 brn
|turn|30
|
|switch|p2a: Vaporeon|Vaporeon, M|79/100
|move|p1a: Machamp|Close Combat|p2a: Vaporeon
|-damage|p2a: Vaporeon|7/100
|-unboost|p1a: Machamp|def|1
|-unboost|p1a: Machamp|spd|1
|
|-damage|p1a: Machamp|4/100 brn|[from] brn
|upkeep
|turn|31
|
|switch|p1a: Porygon2|Porygon2|64/100
|-ability|p1a: Porygon2|Water Absorb|[from] ability: Trace|[of] p2a: Vaporeon
|move|p2a: Vaporeon|Wish|p2a: Vaporeon
|
|upkeep
|turn|32
|
|move|p2a: Vaporeon|Protect|p2a: Vaporeon
|-singleturn|p2a: Vaporeon|Protect
|move|p1a: Porygon2|Discharge|p2a: Vaporeon
|-activate|p2a: Vaporeon|move: Protect
|
|-heal|p2a: Vaporeon|57/100|[from] move: Wish|[wisher] Vaporeon
|upkeep
|turn|33
|
|move|p2a: Vaporeon|Wish|p2a: Vaporeon
|move|p1a: Porygon2|Recover|p1a: Porygon2
|-heal|p1a: Porygon2|100/100
|
|upkeep
|turn|34
|
|move|p2a: Vaporeon|Heal Bell|p2a: Vaporeon
|-activate|p2a: Vaporeon|move: Heal Bell
|-curestatus|p2: Porygon2|par|[msg]
|move|p1a: Porygon2|Discharge|p2a: Vaporeon
|-supereffective|p2a: Vaporeon
|-damage|p2a: Vaporeon|29/100
|
|-heal|p2a: Vaporeon|79/100|[from] move: Wish|[wisher] Vaporeon
|upkeep
|turn|35
|
|move|p2a: Vaporeon|Wish|p2a: Vaporeon
|move|p1a: Porygon2|Toxic|p2a: Vaporeon
|-status|p2a: Vaporeon|tox
|
|-damage|p2a: Vaporeon|72/100 tox|[from] psn
|upkeep
|turn|36
|
|switch|p2a: Rotom|Rotom-Mow|42/100
|move|p1a: Porygon2|Discharge|p2a: Rotom
|-resisted|p2a: Rotom
|-damage|p2a: Rotom|37/100
|
|-heal|p2a: Rotom|100/100|[from] move: Wish|[wisher] Vaporeon
|upkeep
|turn|37
|
|move|p2a: Rotom|Will-O-Wisp|p1a: Porygon2
|-status|p1a: Porygon2|brn
|move|p1a: Porygon2|Discharge|p2a: Rotom
|-resisted|p2a: Rotom
|-damage|p2a: Rotom|95/100
|
|-heal|p2a: Rotom|100/100|[from] item: Leftovers
|-damage|p1a: Porygon2|94/100 brn|[from] brn
|upkeep
|turn|38
|
|move|p2a: Rotom|Defog|p1a: Porygon2
|-unboost|p1a: Porygon2|evasion|1
|move|p1a: Porygon2|Discharge|p2a: Rotom
|-resisted|p2a: Rotom
|-damage|p2a: Rotom|94/100
|
|-heal|p2a: Rotom|99/100|[from] item: Leftovers
|-damage|p1a: Porygon2|88/100 brn|[from] brn
|upkeep
|turn|39
|
|move|p2a: Rotom|Defog|p1a: Porygon2
|-unboost|p1a: Porygon2|evasion|1
|move|p1a: Porygon2|Toxic|p2a: Rotom
|-status|p2a: Rotom|tox
|
|-heal|p2a: Rotom|100/100 tox|[from] item: Leftovers
|-damage|p2a: Rotom|94/100 tox|[from] psn
|-damage|p1a: Porygon2|82/100 brn|[from] brn
|upkeep
|turn|40
|
|move|p2a: Rotom|Defog|p1a: Porygon2
|-unboost|p1a: Porygon2|evasion|1
|move|p1a: Porygon2|Discharge|p2a: Rotom
|-resisted|p2a: Rotom
|-damage|p2a: Rotom|88/100 tox
|
|-heal|p2a: Rotom|95/100 tox|[from] item: Leftovers
|-damage|p2a: Rotom|82/100 tox|[from] psn
|-damage|p1a: Porygon2|76/100 brn|[from] brn
|upkeep
|turn|41
|
|move|p2a: Rotom|Volt Switch|p1a: Porygon2
|-damage|p1a: Porygon2|62/100 brn
|
|switch|p2a: Porygon2|Porygon2|16/100|[from]move: Volt Switch
|-ability|p2a: Porygon2|Water Absorb|[from] ability: Trace|[of] p1a: Porygon2
|move|p1a: Porygon2|Discharge|p2a: Porygon2
|-damage|p2a: Porygon2|6/100
|-status|p2a: Porygon2|par
|
|-damage|p1a: Porygon2|56/100 brn|[from] brn
|upkeep
|turn|42
|
|move|p1a: Porygon2|Recover|p1a: Porygon2
|-heal|p1a: Porygon2|100/100 brn
|move|p2a: Porygon2|Ice Beam|p1a: Porygon2
|-damage|p1a: Porygon2|91/100 brn
|
|-damage|p1a: Porygon2|85/100 brn|[from] brn
|upkeep
|turn|43
|
|move|p1a: Porygon2|Discharge|p2a: Porygon2
|-damage|p2a: Porygon2|0 fnt
|faint|p2a: Porygon2
|
|-damage|p1a: Porygon2|79/100 brn|[from] brn
|upkeep
|
|switch|p2a: Machamp|Machamp, F|14/100
|turn|44
|
|move|p2a: Machamp|Dynamic Punch|p1a: Porygon2
|-supereffective|p1a: Porygon2
|-damage|p1a: Porygon2|0 fnt
|faint|p1a: Porygon2
|
|upkeep
|n|!canaan3|canaan3
|-message|canaan3 forfeited.
|
|win|ChrisL) Zapador
|l|!canaan3
|l|☆ChrisL) Zapador
