|j|☆rurkitree
|j|☆Glidinganteater
|t:|1619366493
|gametype|singles
|player|p1|rurkitree|266|1233
|player|p2|Glidinganteater|palmer|1377
|teamsize|p1|6
|teamsize|p2|6
|gen|8
|tier|[Gen 8] RU
|rated|
|clearpoke
|poke|p1|Xurkitree|
|poke|p1|Darmanitan, M|
|poke|p1|Zarude-Dada|
|poke|p1|Rhyperior, F|
|poke|p1|Doublade, M|
|poke|p1|Golisopod, M|
|poke|p2|Roserade, F|
|poke|p2|Rhyperior, M|
|poke|p2|Noivern, M|
|poke|p2|Cobalion|
|poke|p2|Starmie|
|poke|p2|Xurkitree|
|rule|Sleep Clause Mod: Limit one foe put to sleep
|rule|Species Clause: Limit one of each Pokémon
|rule|OHKO Clause: OHKO moves are banned
|rule|Evasion Moves Clause: Evasion moves are banned
|rule|Endless Battle Clause: Forcing endless battles is banned
|rule|HP Percentage Mod: HP is shown in percentages
|rule|Dynamax Clause: You cannot dynamax
|teampreview
|
|t:|1619366505
|start
|switch|p1a: Xurkitree|Xurkitree|100/100
|switch|p2a: Noivern|Noivern, M|100/100
|turn|1
|
|t:|1619366513
|switch|p2a: Roserade|Roserade, F, shiny|100/100
|move|p1a: Xurkitree|Volt Switch|p2a: Roserade
|-resisted|p2a: Roserade
|-damage|p2a: Roserade|71/100
|
|t:|1619366519
|switch|p1a: Darmanitan|Darmanitan, M|100/100|[from]move: Volt Switch
|
|-heal|p2a: Roserade|78/100|[from] item: Black Sludge
|upkeep
|turn|2
|
|t:|1619366536
|switch|p2a: Noivern|Noivern, M|100/100
|move|p1a: Darmanitan|Toxic|p2a: Noivern
|-status|p2a: Noivern|tox
|
|-damage|p2a: Noivern|94/100 tox|[from] psn
|upkeep
|turn|3
|
|t:|1619366545
|switch|p1a: Rhyperior|Rhyperior, F|100/100
|move|p2a: Noivern|Draco Meteor|p1a: Rhyperior
|-damage|p1a: Rhyperior|45/100
|-unboost|p2a: Noivern|spa|2
|
|-heal|p1a: Rhyperior|51/100|[from] item: Leftovers
|-damage|p2a: Noivern|82/100 tox|[from] psn
|upkeep
|turn|4
|
|t:|1619366554
|move|p2a: Noivern|U-turn|p1a: Rhyperior
|-damage|p1a: Rhyperior|44/100
|
|t:|1619366556
|switch|p2a: Starmie|Starmie|100/100|[from]move: U-turn
|move|p1a: Rhyperior|Stealth Rock|p2a: Starmie
|-sidestart|p2: Glidinganteater|move: Stealth Rock
|
|-heal|p1a: Rhyperior|50/100|[from] item: Leftovers
|upkeep
|turn|5
|
|t:|1619366565
|switch|p1a: Zarude|Zarude-Dada|100/100
|move|p2a: Starmie|Scald|p1a: Zarude
|-resisted|p1a: Zarude
|-damage|p1a: Zarude|77/100
|
|upkeep
|turn|6
|
|t:|1619366574
|switch|p2a: Cobalion|Cobalion|100/100
|-damage|p2a: Cobalion|97/100|[from] Stealth Rock
|move|p1a: Zarude|Power Whip|p2a: Cobalion|[miss]
|-miss|p1a: Zarude|p2a: Cobalion
|
|upkeep
|turn|7
|
|t:|1619366584
|switch|p1a: Doublade|Doublade, M|100/100
|move|p2a: Cobalion|Volt Switch|p1a: Doublade
|-damage|p1a: Doublade|83/100
|
|t:|1619366588
|switch|p2a: Rhyperior|Rhyperior, M|100/100|[from]move: Volt Switch
|-damage|p2a: Rhyperior|94/100|[from] Stealth Rock
|
|-heal|p2a: Rhyperior|100/100|[from] item: Leftovers
|upkeep
|turn|8
|
|t:|1619366598
|switch|p1a: Zarude|Zarude-Dada|77/100
|move|p2a: Rhyperior|Stealth Rock|p1a: Zarude
|-sidestart|p1: rurkitree|move: Stealth Rock
|
|upkeep
|turn|9
|
|t:|1619366609
|switch|p2a: Cobalion|Cobalion|97/100
|-damage|p2a: Cobalion|94/100|[from] Stealth Rock
|move|p1a: Zarude|U-turn|p2a: Cobalion
|-resisted|p2a: Cobalion
|-damage|p2a: Cobalion|89/100
|-damage|p1a: Zarude|60/100|[from] item: Rocky Helmet|[of] p2a: Cobalion
|
|t:|1619366618
|switch|p1a: Doublade|Doublade, M|83/100|[from]move: U-turn
|-damage|p1a: Doublade|77/100|[from] Stealth Rock
|
|upkeep
|turn|10
|
|t:|1619366623
|move|p2a: Cobalion|Volt Switch|p1a: Doublade
|-damage|p1a: Doublade|60/100
|
|t:|1619366626
|switch|p2a: Rhyperior|Rhyperior, M|100/100|[from]move: Volt Switch
|-damage|p2a: Rhyperior|94/100|[from] Stealth Rock
|move|p1a: Doublade|Swords Dance|p1a: Doublade
|-boost|p1a: Doublade|atk|2
|
|-heal|p2a: Rhyperior|100/100|[from] item: Leftovers
|upkeep
|turn|11
|
|t:|1619366644
|move|p2a: Rhyperior|Earthquake|p1a: Doublade
|-supereffective|p1a: Doublade
|-damage|p1a: Doublade|11/100
|move|p1a: Doublade|Iron Head|p2a: Rhyperior
|-supereffective|p2a: Rhyperior
|-damage|p2a: Rhyperior|26/100
|
|-heal|p2a: Rhyperior|32/100|[from] item: Leftovers
|upkeep
|turn|12
|
|t:|1619366651
|move|p1a: Doublade|Shadow Sneak|p2a: Rhyperior
|-damage|p2a: Rhyperior|9/100
|move|p2a: Rhyperior|Earthquake|p1a: Doublade
|-supereffective|p1a: Doublade
|-damage|p1a: Doublade|0 fnt
|faint|p1a: Doublade
|
|-heal|p2a: Rhyperior|15/100|[from] item: Leftovers
|upkeep
|
|t:|1619366682
|switch|p1a: Zarude|Zarude-Dada|60/100
|turn|13
|
|t:|1619366695
|switch|p2a: Cobalion|Cobalion|89/100
|-damage|p2a: Cobalion|86/100|[from] Stealth Rock
|move|p1a: Zarude|Power Whip|p2a: Cobalion
|-resisted|p2a: Cobalion
|-damage|p2a: Cobalion|63/100
|-damage|p1a: Zarude|44/100|[from] item: Rocky Helmet|[of] p2a: Cobalion
|
|upkeep
|turn|14
|
|t:|1619366705
|switch|p1a: Golisopod|Golisopod, M|100/100
|move|p2a: Cobalion|Close Combat|p1a: Golisopod
|-resisted|p1a: Golisopod
|-damage|p1a: Golisopod|84/100
|-unboost|p2a: Cobalion|def|1
|-unboost|p2a: Cobalion|spd|1
|
|upkeep
|turn|15
|
|t:|1619366721
|move|p2a: Cobalion|Volt Switch|p1a: Golisopod
|-supereffective|p1a: Golisopod
|-damage|p1a: Golisopod|55/100
|
|t:|1619366726
|switch|p2a: Noivern|Noivern, M|82/100 tox|[from]move: Volt Switch
|move|p1a: Golisopod|Knock Off|p2a: Noivern
|-damage|p2a: Noivern|37/100 tox
|-enditem|p2a: Noivern|Heavy-Duty Boots|[from] move: Knock Off|[of] p1a: Golisopod
|
|-damage|p2a: Noivern|31/100 tox|[from] psn
|upkeep
|turn|16
|
|t:|1619366767
|switch|p1a: Rhyperior|Rhyperior, F|50/100
|-damage|p1a: Rhyperior|44/100|[from] Stealth Rock
|move|p2a: Noivern|Roost|p2a: Noivern
|-heal|p2a: Noivern|81/100 tox
|-singleturn|p2a: Noivern|move: Roost
|
|-heal|p1a: Rhyperior|50/100|[from] item: Leftovers
|-damage|p2a: Noivern|69/100 tox|[from] psn
|upkeep
|turn|17
|
|t:|1619366776
|move|p2a: Noivern|Draco Meteor|p1a: Rhyperior
|-damage|p1a: Rhyperior|0 fnt
|-unboost|p2a: Noivern|spa|2
|faint|p1a: Rhyperior
|
|-damage|p2a: Noivern|51/100 tox|[from] psn
|upkeep
|
|t:|1619366784
|switch|p1a: Darmanitan|Darmanitan, M|100/100
|turn|18
|
|t:|1619366789
|move|p2a: Noivern|U-turn|p1a: Darmanitan
|-resisted|p1a: Darmanitan
|-damage|p1a: Darmanitan|93/100
|
|t:|1619366796
|switch|p2a: Rhyperior|Rhyperior, M|15/100|[from]move: U-turn
|-damage|p2a: Rhyperior|9/100|[from] Stealth Rock
|move|p1a: Darmanitan|Flare Blitz|p2a: Rhyperior
|-resisted|p2a: Rhyperior
|-damage|p2a: Rhyperior|0 fnt
|-damage|p1a: Darmanitan|89/100|[from] Recoil
|faint|p2a: Rhyperior
|
|upkeep
|
|t:|1619366798
|switch|p2a: Starmie|Starmie|100/100
|turn|19
|
|t:|1619366805
|move|p2a: Starmie|Rapid Spin|p1a: Darmanitan
|-damage|p1a: Darmanitan|79/100
|-boost|p2a: Starmie|spe|1
|-sideend|p2: Glidinganteater|Stealth Rock|[from] move: Rapid Spin|[of] p2a: Starmie
|move|p1a: Darmanitan|U-turn|p2a: Starmie
|-supereffective|p2a: Starmie
|-damage|p2a: Starmie|19/100
|
|t:|1619366813
|switch|p1a: Golisopod|Golisopod, M|55/100|[from]move: U-turn
|
|upkeep
|turn|20
|
|t:|1619366817
|switch|p2a: Cobalion|Cobalion|63/100
|move|p1a: Golisopod|First Impression|p2a: Cobalion
|-resisted|p2a: Cobalion
|-damage|p2a: Cobalion|52/100
|-damage|p1a: Golisopod|38/100|[from] item: Rocky Helmet|[of] p2a: Cobalion
|-activate|p1a: Golisopod|ability: Emergency Exit
|
|t:|1619366824
|switch|p1a: Xurkitree|Xurkitree|100/100
|-damage|p1a: Xurkitree|88/100|[from] Stealth Rock
|
|upkeep
|turn|21
|
|t:|1619366841
|switch|p2a: Xurkitree|Xurkitree|100/100
|move|p1a: Xurkitree|Volt Switch|p2a: Xurkitree
|-resisted|p2a: Xurkitree
|-damage|p2a: Xurkitree|66/100
|
|t:|1619366865
|switch|p1a: Golisopod|Golisopod, M|38/100|[from]move: Volt Switch
|
|upkeep
|turn|22
|
|t:|1619366872
|switch|p2a: Cobalion|Cobalion|52/100
|switch|p1a: Xurkitree|Xurkitree|88/100
|-damage|p1a: Xurkitree|76/100|[from] Stealth Rock
|
|upkeep
|turn|23
|
|t:|1619366876
|switch|p2a: Xurkitree|Xurkitree|66/100
|move|p1a: Xurkitree|Thunderbolt|p2a: Xurkitree
|-resisted|p2a: Xurkitree
|-damage|p2a: Xurkitree|23/100
|
|upkeep
|turn|24
|
|t:|1619366884
|move|p1a: Xurkitree|Thunderbolt|p2a: Xurkitree
|-resisted|p2a: Xurkitree
|-damage|p2a: Xurkitree|0 fnt
|faint|p2a: Xurkitree
|-ability|p1a: Xurkitree|Beast Boost|boost
|-boost|p1a: Xurkitree|spa|1
|
|upkeep
|
|t:|1619366886
|switch|p2a: Roserade|Roserade, F, shiny|78/100
|turn|25
|
|t:|1619366898
|switch|p1a: Zarude|Zarude-Dada|44/100
|move|p2a: Roserade|Sleep Powder|p1a: Zarude
|-immune|p1a: Zarude
|
|-heal|p2a: Roserade|84/100|[from] item: Black Sludge
|upkeep
|turn|26
|
|t:|1619366910
|switch|p2a: Starmie|Starmie|19/100
|move|p1a: Zarude|Darkest Lariat|p2a: Starmie
|-supereffective|p2a: Starmie
|-damage|p2a: Starmie|0 fnt
|faint|p2a: Starmie
|
|upkeep
|
|t:|1619366913
|switch|p2a: Cobalion|Cobalion|52/100
|turn|27
|
|t:|1619366934
|switch|p1a: Golisopod|Golisopod, M|38/100
|move|p2a: Cobalion|Swords Dance|p2a: Cobalion
|-boost|p2a: Cobalion|atk|2
|
|upkeep
|turn|28
|
|t:|1619366938
|move|p1a: Golisopod|Aqua Jet|p2a: Cobalion
|-damage|p2a: Cobalion|32/100
|-damage|p1a: Golisopod|22/100|[from] item: Rocky Helmet|[of] p2a: Cobalion
|move|p2a: Cobalion|Iron Head|p1a: Golisopod
|-resisted|p1a: Golisopod
|-damage|p1a: Golisopod|0 fnt
|faint|p1a: Golisopod
|
|upkeep
|
|t:|1619366942
|switch|p1a: Xurkitree|Xurkitree|76/100
|-damage|p1a: Xurkitree|63/100|[from] Stealth Rock
|turn|29
|
|t:|1619366949
|switch|p2a: Roserade|Roserade, F, shiny|84/100
|move|p1a: Xurkitree|Thunderbolt|p2a: Roserade
|-resisted|p2a: Roserade
|-damage|p2a: Roserade|48/100
|
|-heal|p2a: Roserade|54/100|[from] item: Black Sludge
|upkeep
|turn|30
|
|t:|1619366962
|switch|p1a: Zarude|Zarude-Dada|44/100
|move|p2a: Roserade|Giga Drain|p1a: Zarude
|-resisted|p1a: Zarude
|-damage|p1a: Zarude|24/100
|-heal|p2a: Roserade|67/100|[from] drain|[of] p1a: Zarude
|
|-heal|p2a: Roserade|73/100|[from] item: Black Sludge
|upkeep
|turn|31
|
|t:|1619366970
|switch|p2a: Cobalion|Cobalion|32/100
|move|p1a: Zarude|U-turn|p2a: Cobalion
|-resisted|p2a: Cobalion
|-damage|p2a: Cobalion|27/100
|-damage|p1a: Zarude|7/100|[from] item: Rocky Helmet|[of] p2a: Cobalion
|
|t:|1619366972
|switch|p1a: Xurkitree|Xurkitree|63/100|[from]move: U-turn
|-damage|p1a: Xurkitree|51/100|[from] Stealth Rock
|
|upkeep
|turn|32
|
|t:|1619366986
|move|p1a: Xurkitree|Thunderbolt|p2a: Cobalion
|-damage|p2a: Cobalion|0 fnt
|faint|p2a: Cobalion
|-ability|p1a: Xurkitree|Beast Boost|boost
|-boost|p1a: Xurkitree|spa|1
|
|upkeep
|
|t:|1619366988
|switch|p2a: Roserade|Roserade, F, shiny|73/100
|turn|33
|
|t:|1619367002
|switch|p1a: Zarude|Zarude-Dada|7/100
|move|p2a: Roserade|Sludge Bomb|p1a: Zarude
|-supereffective|p1a: Zarude
|-crit|p1a: Zarude
|-damage|p1a: Zarude|0 fnt
|faint|p1a: Zarude
|
|-heal|p2a: Roserade|79/100|[from] item: Black Sludge
|upkeep
|
|t:|1619367005
|switch|p1a: Darmanitan|Darmanitan, M|79/100
|turn|34
|
|t:|1619367010
|switch|p2a: Noivern|Noivern, M|51/100 tox
|move|p1a: Darmanitan|Flare Blitz|p2a: Noivern
|-resisted|p2a: Noivern
|-damage|p2a: Noivern|0 fnt
|-damage|p1a: Darmanitan|64/100|[from] Recoil
|faint|p2a: Noivern
|
|upkeep
|-message|Glidinganteater forfeited.
|
|win|rurkitree
|raw|rurkitree's rating: 1233 &rarr; <strong>1268</strong><br />(+35 for winning)
|raw|Glidinganteater's rating: 1377 &rarr; <strong>1349</strong><br />(-28 for losing)
|l|☆Glidinganteater
|c|☆rurkitree|GG
