|j|☆PepeDuce
|j|☆chchchchcherrybomb
|player|p1|PepeDuce|archie-gen3|1314
|player|p2|chchchchcherrybomb|guitarist|1411
|teamsize|p1|6
|teamsize|p2|6
|gametype|singles
|gen|8
|tier|[Gen 8] RU
|rated|
|clearpoke
|poke|p1|Coalossal, F|
|poke|p1|Lanturn, F|
|poke|p1|Haunter, M|
|poke|p1|Silvally-*|
|poke|p1|Vileplume, M|
|poke|p1|Passimian, F|
|poke|p2|Drampa, M|
|poke|p2|Rotom|
|poke|p2|Rhydon, F|
|poke|p2|Mantine, M|
|poke|p2|Vileplume, M|
|poke|p2|Silvally-*|
|rule|Sleep Clause Mod: Limit one foe put to sleep
|rule|Species Clause: Limit one of each Pokémon
|rule|OHKO Clause: OHKO moves are banned
|rule|Evasion Moves Clause: Evasion moves are banned
|rule|Endless Battle Clause: Forcing endless battles is banned
|rule|HP Percentage Mod: HP is shown in percentages
|rule|Dynamax Clause: You cannot dynamax
|teampreview
|j| yedla
|
|start
|switch|p1a: Vileplume|Vileplume, M|100/100
|switch|p2a: Rhydon|Rhydon, F|100/100
|turn|1
|
|switch|p2a: Drampa|Drampa, M|100/100
|move|p1a: Vileplume|Sludge Bomb|p2a: Drampa
|-damage|p2a: Drampa|63/100
|
|upkeep
|turn|2
|
|switch|p1a: Coalossal|Coalossal, F|100/100
|move|p2a: Drampa|Draco Meteor|p1a: Coalossal
|-damage|p1a: Coalossal|0 fnt
|-unboost|p2a: Drampa|spa|2
|faint|p1a: Coalossal
|
|upkeep
|
|switch|p1a: Passimian|Passimian, F|100/100
|turn|3
|
|switch|p1a: Haunter|Haunter, M|100/100
|switch|p2a: Vileplume|Vileplume, M|100/100
|
|upkeep
|turn|4
|
|switch|p2a: Mantine|Mantine, M|100/100
|move|p1a: Haunter|Trick|p2a: Mantine
|-activate|p1a: Haunter|move: Trick|[of] p2a: Mantine
|-item|p2a: Mantine|Choice Specs|[from] move: Trick
|-item|p1a: Haunter|Heavy-Duty Boots|[from] move: Trick
|
|upkeep
|turn|5
|
|switch|p1a: Lanturn|Lanturn, F|100/100
|switch|p2a: Rhydon|Rhydon, F|100/100
|
|upkeep
|turn|6
|j| RSQ
|
|move|p1a: Lanturn|Scald|p2a: Rhydon
|-supereffective|p2a: Rhydon
|-damage|p2a: Rhydon|0 fnt
|faint|p2a: Rhydon
|
|upkeep
|
|switch|p2a: Drampa|Drampa, M|63/100
|turn|7
|
|move|p1a: Lanturn|Protect|p1a: Lanturn
|-singleturn|p1a: Lanturn|Protect
|move|p2a: Drampa|Draco Meteor|p1a: Lanturn
|-activate|p1a: Lanturn|move: Protect
|
|upkeep
|turn|8
|
|move|p1a: Lanturn|Volt Switch|p2a: Drampa
|-resisted|p2a: Drampa
|-crit|p2a: Drampa
|-damage|p2a: Drampa|46/100
|-ability|p2a: Drampa|Berserk|boost
|-boost|p2a: Drampa|spa|1
|
|switch|p1a: Silvally|Silvally-Steel|100/100|[from]move: Volt Switch
|move|p2a: Drampa|Draco Meteor|p1a: Silvally
|-resisted|p1a: Silvally
|-damage|p1a: Silvally|44/100
|-unboost|p2a: Drampa|spa|2
|
|upkeep
|turn|9
|l| RSQ
|
|switch|p2a: Silvally|Silvally-Steel|100/100
|move|p1a: Silvally|Multi-Attack|p2a: Silvally
|-resisted|p2a: Silvally
|-damage|p2a: Silvally|81/100
|
|upkeep
|turn|10
|
|move|p2a: Silvally|Swords Dance|p2a: Silvally
|-boost|p2a: Silvally|atk|2
|move|p1a: Silvally|U-turn|p2a: Silvally
|-resisted|p2a: Silvally
|-damage|p2a: Silvally|74/100
|
|switch|p1a: Passimian|Passimian, F|100/100|[from]move: U-turn
|
|upkeep
|turn|11
|
|move|p1a: Passimian|Close Combat|p2a: Silvally
|-supereffective|p2a: Silvally
|-damage|p2a: Silvally|0 fnt
|-unboost|p1a: Passimian|def|1
|-unboost|p1a: Passimian|spd|1
|faint|p2a: Silvally
|
|upkeep
|
|switch|p2a: Vileplume|Vileplume, M|100/100
|turn|12
|
|switch|p1a: Vileplume|Vileplume, M|100/100
|switch|p2a: Drampa|Drampa, M|46/100
|
|upkeep
|turn|13
|
|switch|p1a: Silvally|Silvally-Steel|44/100
|move|p2a: Drampa|Draco Meteor|p1a: Silvally
|-resisted|p1a: Silvally
|-damage|p1a: Silvally|4/100
|-unboost|p2a: Drampa|spa|2
|
|upkeep
|turn|14
|
|switch|p2a: Rotom|Rotom|100/100
|move|p1a: Silvally|U-turn|p2a: Rotom
|-resisted|p2a: Rotom
|-damage|p2a: Rotom|86/100
|
|switch|p1a: Haunter|Haunter, M|100/100|[from]move: U-turn
|
|upkeep
|turn|15
|
|move|p2a: Rotom|Shadow Ball|p1a: Haunter
|-supereffective|p1a: Haunter
|-damage|p1a: Haunter|0 fnt
|faint|p1a: Haunter
|
|upkeep
|
|switch|p1a: Lanturn|Lanturn, F|100/100
|turn|16
|
|switch|p2a: Vileplume|Vileplume, M|100/100
|move|p1a: Lanturn|Volt Switch|p2a: Vileplume
|-resisted|p2a: Vileplume
|-damage|p2a: Vileplume|90/100
|
|switch|p1a: Vileplume|Vileplume, M|100/100|[from]move: Volt Switch
|
|-heal|p2a: Vileplume|96/100|[from] item: Black Sludge
|upkeep
|turn|17
|j| OmniPuff
|
|move|p2a: Vileplume|Growth|p2a: Vileplume
|-boost|p2a: Vileplume|atk|1
|-boost|p2a: Vileplume|spa|1
|move|p1a: Vileplume|Sludge Bomb|p2a: Vileplume
|-damage|p2a: Vileplume|59/100
|
|-heal|p2a: Vileplume|66/100|[from] item: Black Sludge
|upkeep
|turn|18
|
|move|p2a: Vileplume|Sludge Bomb|p1a: Vileplume
|-damage|p1a: Vileplume|48/100
|move|p1a: Vileplume|Sludge Bomb|p2a: Vileplume
|-damage|p2a: Vileplume|27/100
|
|-heal|p2a: Vileplume|34/100|[from] item: Black Sludge
|-heal|p1a: Vileplume|54/100|[from] item: Black Sludge
|upkeep
|turn|19
|
|switch|p1a: Passimian|Passimian, F|100/100
|move|p2a: Vileplume|Strength Sap|p1a: Passimian
|-unboost|p1a: Passimian|atk|1
|-ability|p1a: Passimian|Defiant
|-boost|p1a: Passimian|atk|2
|-heal|p2a: Vileplume|100/100
|
|upkeep
|turn|20
|
|move|p1a: Passimian|Knock Off|p2a: Vileplume
|-damage|p2a: Vileplume|61/100
|-enditem|p2a: Vileplume|Black Sludge|[from] move: Knock Off|[of] p1a: Passimian
|move|p2a: Vileplume|Giga Drain|p1a: Passimian
|-damage|p1a: Passimian|32/100
|-heal|p2a: Vileplume|94/100|[from] drain|[of] p1a: Passimian
|
|upkeep
|turn|21
|
|switch|p1a: Vileplume|Vileplume, M|54/100
|move|p2a: Vileplume|Giga Drain|p1a: Vileplume
|-resisted|p1a: Vileplume
|-damage|p1a: Vileplume|42/100
|-heal|p2a: Vileplume|99/100|[from] drain|[of] p1a: Vileplume
|
|-heal|p1a: Vileplume|48/100|[from] item: Black Sludge
|upkeep
|turn|22
|
|move|p2a: Vileplume|Sludge Bomb|p1a: Vileplume
|-crit|p1a: Vileplume
|-damage|p1a: Vileplume|0 fnt
|faint|p1a: Vileplume
|
|upkeep
|-message|PepeDuce forfeited.
|
|win|chchchchcherrybomb
|l|☆PepeDuce
