|j|☆funky8787
|j|☆Steven Davis
|t:|1651413143
|gametype|singles
|player|p1|funky8787|winona-gen6|1329
|player|p2|Steven Davis|steven|1493
|teamsize|p1|6
|teamsize|p2|6
|gen|8
|tier|[Gen 8] RU
|rated|
|rule|Sleep Clause Mod: Limit one foe put to sleep
|rule|Species Clause: Limit one of each Pokémon
|rule|OHKO Clause: OHKO moves are banned
|rule|Evasion Moves Clause: Evasion moves are banned
|rule|Endless Battle Clause: Forcing endless battles is banned
|rule|HP Percentage Mod: HP is shown in percentages
|rule|Dynamax Clause: You cannot dynamax
|clearpoke
|poke|p1|Metagross|
|poke|p1|Togekiss, F|
|poke|p1|Suicune|
|poke|p1|Flygon, F|
|poke|p1|Nidoqueen, F|
|poke|p1|Tornadus, M|
|poke|p2|Weezing-Galar, M|
|poke|p2|Registeel|
|poke|p2|Reuniclus, M|
|poke|p2|Flygon, M|
|poke|p2|Golisopod, M|
|poke|p2|Chandelure, M|
|teampreview
|
|t:|1651413160
|start
|switch|p1a: Flygon|Flygon, F|100/100
|switch|p2a: Chandelure|Chandelure, M, shiny|100/100
|turn|1
|
|t:|1651413166
|switch|p2a: Weezing|Weezing-Galar, M|100/100
|move|p1a: Flygon|Stone Edge|p2a: Weezing
|-damage|p2a: Weezing|76/100
|-damage|p1a: Flygon|91/100|[from] item: Life Orb
|
|upkeep
|turn|2
|
|t:|1651413174
|move|p1a: Flygon|Earthquake|p2a: Weezing
|-immune|p2a: Weezing|[from] ability: Levitate
|move|p2a: Weezing|Will-O-Wisp|p1a: Flygon|[miss]
|-miss|p2a: Weezing|p1a: Flygon
|
|upkeep
|turn|3
|
|t:|1651413183
|switch|p1a: Suicune|Suicune|100/100
|-ability|p1a: Suicune|Pressure
|move|p2a: Weezing|Will-O-Wisp|p1a: Suicune
|-status|p1a: Suicune|brn
|
|-damage|p1a: Suicune|94/100 brn|[from] brn
|upkeep
|turn|4
|
|t:|1651413190
|switch|p2a: Reuniclus|Reuniclus, M, shiny|100/100
|move|p1a: Suicune|Substitute|p1a: Suicune
|-start|p1a: Suicune|Substitute
|-damage|p1a: Suicune|69/100 brn
|
|-heal|p1a: Suicune|75/100 brn|[from] item: Leftovers
|-damage|p1a: Suicune|69/100 brn|[from] brn
|upkeep
|turn|5
|
|t:|1651413194
|move|p1a: Suicune|Calm Mind|p1a: Suicune
|-boost|p1a: Suicune|spa|1
|-boost|p1a: Suicune|spd|1
|move|p2a: Reuniclus|Calm Mind|p2a: Reuniclus
|-boost|p2a: Reuniclus|spa|1
|-boost|p2a: Reuniclus|spd|1
|
|-heal|p1a: Suicune|75/100 brn|[from] item: Leftovers
|-damage|p1a: Suicune|69/100 brn|[from] brn
|upkeep
|turn|6
|
|t:|1651413195
|move|p1a: Suicune|Calm Mind|p1a: Suicune
|-boost|p1a: Suicune|spa|1
|-boost|p1a: Suicune|spd|1
|move|p2a: Reuniclus|Calm Mind|p2a: Reuniclus
|-boost|p2a: Reuniclus|spa|1
|-boost|p2a: Reuniclus|spd|1
|
|-heal|p1a: Suicune|75/100 brn|[from] item: Leftovers
|-damage|p1a: Suicune|69/100 brn|[from] brn
|upkeep
|turn|7
|
|t:|1651413197
|move|p1a: Suicune|Scald|p2a: Reuniclus
|-damage|p2a: Reuniclus|78/100
|-status|p2a: Reuniclus|brn
|move|p2a: Reuniclus|Calm Mind|p2a: Reuniclus
|-boost|p2a: Reuniclus|spa|1
|-boost|p2a: Reuniclus|spd|1
|
|-heal|p1a: Suicune|75/100 brn|[from] item: Leftovers
|-heal|p2a: Reuniclus|84/100 brn|[from] item: Leftovers
|-damage|p1a: Suicune|69/100 brn|[from] brn
|upkeep
|turn|8
|
|t:|1651413202
|move|p1a: Suicune|Scald|p2a: Reuniclus
|-damage|p2a: Reuniclus|67/100 brn
|move|p2a: Reuniclus|Calm Mind|p2a: Reuniclus
|-boost|p2a: Reuniclus|spa|1
|-boost|p2a: Reuniclus|spd|1
|
|-heal|p1a: Suicune|75/100 brn|[from] item: Leftovers
|-heal|p2a: Reuniclus|73/100 brn|[from] item: Leftovers
|-damage|p1a: Suicune|69/100 brn|[from] brn
|upkeep
|turn|9
|
|t:|1651413208
|switch|p1a: Metagross|Metagross|100/100
|move|p2a: Reuniclus|Calm Mind|p2a: Reuniclus
|-boost|p2a: Reuniclus|spa|1
|-boost|p2a: Reuniclus|spd|1
|
|-heal|p2a: Reuniclus|79/100 brn|[from] item: Leftovers
|upkeep
|turn|10
|
|t:|1651413212
|move|p1a: Metagross|Trick|p2a: Reuniclus
|-activate|p1a: Metagross|move: Trick|[of] p2a: Reuniclus
|-item|p2a: Reuniclus|Choice Scarf|[from] move: Trick
|-item|p1a: Metagross|Leftovers|[from] move: Trick
|move|p2a: Reuniclus|Recover|p2a: Reuniclus
|-heal|p2a: Reuniclus|100/100 brn
|
|upkeep
|turn|11
|
|t:|1651413226
|switch|p2a: Golisopod|Golisopod, M, shiny|100/100
|move|p1a: Metagross|Meteor Mash|p2a: Golisopod
|-resisted|p2a: Golisopod
|-crit|p2a: Golisopod
|-damage|p2a: Golisopod|70/100
|-boost|p1a: Metagross|atk|1
|
|upkeep
|turn|12
|
|t:|1651413233
|move|p2a: Golisopod|First Impression|p1a: Metagross
|-damage|p1a: Metagross|58/100
|move|p1a: Metagross|Earthquake|p2a: Golisopod
|-resisted|p2a: Golisopod
|-damage|p2a: Golisopod|50/100
|-activate|p2a: Golisopod|ability: Emergency Exit
|
|t:|1651413238
|switch|p2a: Chandelure|Chandelure, M, shiny|100/100
|
|-heal|p1a: Metagross|64/100|[from] item: Leftovers
|upkeep
|turn|13
|
|t:|1651413244
|switch|p1a: Suicune|Suicune|69/100 brn
|-ability|p1a: Suicune|Pressure
|move|p2a: Chandelure|Shadow Ball|p1a: Suicune
|-damage|p1a: Suicune|19/100 brn
|
|-heal|p1a: Suicune|25/100 brn|[from] item: Leftovers
|-damage|p1a: Suicune|19/100 brn|[from] brn
|upkeep
|turn|14
|
|t:|1651413253
|move|p1a: Suicune|Scald|p2a: Chandelure
|-supereffective|p2a: Chandelure
|-damage|p2a: Chandelure|32/100
|move|p2a: Chandelure|Shadow Ball|p1a: Suicune
|-damage|p1a: Suicune|0 fnt
|faint|p1a: Suicune
|
|upkeep
|
|t:|1651413275
|switch|p1a: Tornadus|Tornadus, M|100/100
|turn|15
|
|t:|1651413279
|switch|p2a: Weezing|Weezing-Galar, M|76/100
|move|p1a: Tornadus|Hurricane|p2a: Weezing
|-damage|p2a: Weezing|0 fnt
|faint|p2a: Weezing
|
|upkeep
|
|t:|1651413284
|switch|p2a: Registeel|Registeel|100/100
|turn|16
|
|t:|1651413289
|move|p1a: Tornadus|U-turn|p2a: Registeel
|-resisted|p2a: Registeel
|-damage|p2a: Registeel|95/100
|
|t:|1651413290
|switch|p1a: Nidoqueen|Nidoqueen, F|100/100|[from]move: U-turn
|move|p2a: Registeel|Stealth Rock|p1a: Nidoqueen
|-sidestart|p1: funky8787|move: Stealth Rock
|
|-heal|p2a: Registeel|100/100|[from] item: Leftovers
|upkeep
|turn|17
|
|t:|1651413297
|switch|p2a: Reuniclus|Reuniclus, M, shiny|100/100 brn
|move|p1a: Nidoqueen|Ice Beam|p2a: Reuniclus
|-damage|p2a: Reuniclus|66/100 brn
|
|upkeep
|turn|18
|inactive|Battle timer is ON: inactive players will automatically lose when time's up. (requested by funky8787)
|
|t:|1651413313
|switch|p1a: Metagross|Metagross|64/100
|-damage|p1a: Metagross|58/100|[from] Stealth Rock
|switch|p2a: Flygon|Flygon, M|100/100
|
|-heal|p1a: Metagross|64/100|[from] item: Leftovers
|upkeep
|turn|19
|
|t:|1651413324
|switch|p1a: Flygon|Flygon, F|91/100
|-damage|p1a: Flygon|85/100|[from] Stealth Rock
|move|p2a: Flygon|U-turn|p1a: Flygon
|-damage|p1a: Flygon|56/100
|
|t:|1651413335
|switch|p2a: Golisopod|Golisopod, M, shiny|50/100|[from]move: U-turn
|
|upkeep
|turn|20
|
|t:|1651413343
|move|p1a: Flygon|Stone Edge|p2a: Golisopod
|-supereffective|p2a: Golisopod
|-damage|p2a: Golisopod|0 fnt
|faint|p2a: Golisopod
|-damage|p1a: Flygon|46/100|[from] item: Life Orb
|
|upkeep
|
|t:|1651413348
|switch|p2a: Flygon|Flygon, M|100/100
|turn|21
|
|t:|1651413353
|switch|p1a: Togekiss|Togekiss, F|100/100
|move|p2a: Flygon|Dragon Claw|p1a: Togekiss
|-immune|p1a: Togekiss
|
|upkeep
|turn|22
|
|t:|1651413356
|switch|p2a: Registeel|Registeel|100/100
|move|p1a: Togekiss|Air Slash|p2a: Registeel
|-resisted|p2a: Registeel
|-damage|p2a: Registeel|93/100
|
|-heal|p2a: Registeel|99/100|[from] item: Leftovers
|upkeep
|turn|23
|
|t:|1651413363
|switch|p1a: Tornadus|Tornadus, M|100/100
|move|p2a: Registeel|Seismic Toss|p1a: Tornadus
|-damage|p1a: Tornadus|67/100
|
|-heal|p2a: Registeel|100/100|[from] item: Leftovers
|upkeep
|turn|24
|
|t:|1651413366
|move|p1a: Tornadus|Defog|p2a: Registeel
|-fail|p2a: Registeel|unboost|[from] ability: Clear Body|[of] p2a: Registeel
|-sideend|p1: funky8787|Stealth Rock|[from] move: Defog|[of] p1a: Tornadus
|move|p2a: Registeel|Seismic Toss|p1a: Tornadus
|-damage|p1a: Tornadus|34/100
|
|upkeep
|turn|25
|
|t:|1651413370
|move|p1a: Tornadus|Heat Wave|p2a: Registeel
|-supereffective|p2a: Registeel
|-damage|p2a: Registeel|70/100
|move|p2a: Registeel|Stealth Rock|p1a: Tornadus
|-sidestart|p1: funky8787|move: Stealth Rock
|
|-heal|p2a: Registeel|76/100|[from] item: Leftovers
|upkeep
|turn|26
|
|t:|1651413376
|move|p1a: Tornadus|U-turn|p2a: Registeel
|-resisted|p2a: Registeel
|-damage|p2a: Registeel|71/100
|
|t:|1651413379
|switch|p1a: Metagross|Metagross|64/100|[from]move: U-turn
|-damage|p1a: Metagross|58/100|[from] Stealth Rock
|move|p2a: Registeel|Toxic|p1a: Metagross
|-immune|p1a: Metagross
|
|-heal|p1a: Metagross|64/100|[from] item: Leftovers
|-heal|p2a: Registeel|77/100|[from] item: Leftovers
|upkeep
|turn|27
|
|t:|1651413390
|switch|p2a: Chandelure|Chandelure, M, shiny|32/100
|move|p1a: Metagross|Earthquake|p2a: Chandelure
|-supereffective|p2a: Chandelure
|-damage|p2a: Chandelure|0 fnt
|faint|p2a: Chandelure
|
|-heal|p1a: Metagross|70/100|[from] item: Leftovers
|upkeep
|
|t:|1651413393
|switch|p2a: Flygon|Flygon, M|100/100
|turn|28
|
|t:|1651413397
|switch|p1a: Tornadus|Tornadus, M|34/100
|move|p2a: Flygon|U-turn|p1a: Tornadus
|-resisted|p1a: Tornadus
|-damage|p1a: Tornadus|19/100
|
|t:|1651413401
|switch|p2a: Registeel|Registeel|77/100|[from]move: U-turn
|
|-heal|p2a: Registeel|83/100|[from] item: Leftovers
|upkeep
|turn|29
|
|t:|1651413406
|move|p1a: Tornadus|U-turn|p2a: Registeel
|-resisted|p2a: Registeel
|-damage|p2a: Registeel|78/100
|
|t:|1651413408
|switch|p1a: Togekiss|Togekiss, F|100/100|[from]move: U-turn
|move|p2a: Registeel|Seismic Toss|p1a: Togekiss
|-damage|p1a: Togekiss|74/100
|
|-heal|p2a: Registeel|84/100|[from] item: Leftovers
|upkeep
|turn|30
|
|t:|1651413411
|move|p1a: Togekiss|Flamethrower|p2a: Registeel
|-supereffective|p2a: Registeel
|-damage|p2a: Registeel|60/100
|move|p2a: Registeel|Heavy Slam|p1a: Togekiss
|-supereffective|p1a: Togekiss
|-damage|p1a: Togekiss|16/100
|
|-heal|p2a: Registeel|66/100|[from] item: Leftovers
|upkeep
|turn|31
|
|t:|1651413424
|move|p1a: Togekiss|Flamethrower|p2a: Registeel
|-supereffective|p2a: Registeel
|-damage|p2a: Registeel|39/100
|move|p2a: Registeel|Heavy Slam|p1a: Togekiss
|-supereffective|p1a: Togekiss
|-damage|p1a: Togekiss|0 fnt
|faint|p1a: Togekiss
|
|-heal|p2a: Registeel|45/100|[from] item: Leftovers
|upkeep
|
|t:|1651413434
|switch|p1a: Nidoqueen|Nidoqueen, F|100/100
|-damage|p1a: Nidoqueen|94/100|[from] Stealth Rock
|turn|32
|
|t:|1651413451
|switch|p2a: Reuniclus|Reuniclus, M, shiny|66/100 brn
|move|p1a: Nidoqueen|Earth Power|p2a: Reuniclus
|-damage|p2a: Reuniclus|20/100 brn
|
|upkeep
|turn|33
|
|t:|1651413457
|move|p1a: Nidoqueen|Ice Beam|p2a: Reuniclus
|-damage|p2a: Reuniclus|0 fnt
|faint|p2a: Reuniclus
|
|upkeep
|
|t:|1651413463
|switch|p2a: Flygon|Flygon, M|100/100
|turn|34
|
|t:|1651413471
|move|p2a: Flygon|Dragon Claw|p1a: Nidoqueen
|-damage|p1a: Nidoqueen|55/100
|move|p1a: Nidoqueen|Ice Beam|p2a: Flygon
|-supereffective|p2a: Flygon
|-damage|p2a: Flygon|0 fnt
|faint|p2a: Flygon
|
|upkeep
|c|☆funky8787|gg
|-message|Steven Davis forfeited.
|
|win|funky8787
|raw|funky8787's rating: 1329 &rarr; <strong>1358</strong><br />(+29 for winning)
|raw|Steven Davis's rating: 1493 &rarr; <strong>1464</strong><br />(-29 for losing)
|l|☆Steven Davis
