|raw|<div class="broadcast-blue"><strong>This battle is required to be public due to a player having a name starting with 'rult70'.</div>
|j|☆Rult70B evidith
|j|☆rult70d cem
|t:|1626901023
|gametype|singles
|player|p1|Rult70B evidith|lass-gen4dp|1528
|player|p2|rult70d cem|lucas|1518
|teamsize|p1|6
|teamsize|p2|6
|gen|8
|tier|[Gen 8] RU
|rated|
|rule|Sleep Clause Mod: Limit one foe put to sleep
|rule|Species Clause: Limit one of each Pokémon
|rule|OHKO Clause: OHKO moves are banned
|rule|Evasion Moves Clause: Evasion moves are banned
|rule|Endless Battle Clause: Forcing endless battles is banned
|rule|HP Percentage Mod: HP is shown in percentages
|rule|Dynamax Clause: You cannot dynamax
|clearpoke
|poke|p1|Lucario, F|
|poke|p1|Necrozma|
|poke|p1|Mimikyu, M|
|poke|p1|Xurkitree|
|poke|p1|Silvally-*|
|poke|p1|Gardevoir, M|
|poke|p2|Klefki, M|
|poke|p2|Mimikyu, F|
|poke|p2|Seismitoad, F|
|poke|p2|Cobalion|
|poke|p2|Ninetales-Alola, F|
|poke|p2|Noivern, M|
|teampreview
|inactive|Battle timer is ON: inactive players will automatically lose when time's up. (requested by rult70d cem)
|j| eebsofresh
|j| rult70z punny
|j|+Feliburn
|j| Its oyster time
|inactive|Rult70B evidith has 120 seconds left.
|j|&Teclis
|
|t:|1626901068
|start
|switch|p1a: Necrozma|Necrozma|100/100
|switch|p2a: Ninetales|Ninetales-Alola, F|100/100
|-weather|Hail|[from] ability: Snow Warning|[of] p2a: Ninetales
|turn|1
|
|t:|1626901072
|switch|p2a: Seismitoad|Seismitoad, F|100/100
|move|p1a: Necrozma|Meteor Beam||[still]
|-prepare|p1a: Necrozma|Meteor Beam
|-boost|p1a: Necrozma|spa|1
|-enditem|p1a: Necrozma|Power Herb
|-anim|p1a: Necrozma|Meteor Beam|p2a: Seismitoad
|-resisted|p2a: Seismitoad
|-damage|p2a: Seismitoad|77/100
|
|-weather|Hail|[upkeep]
|-damage|p1a: Necrozma|95/100|[from] Hail
|-damage|p2a: Seismitoad|71/100|[from] Hail
|-heal|p2a: Seismitoad|77/100|[from] item: Leftovers
|upkeep
|turn|2
|j| Boulicrok
|l|&Teclis
|j| pult61a turt
|l| pult61a turt
|inactive|Rult70B evidith has 120 seconds left.
|
|t:|1626901104
|switch|p2a: Klefki|Klefki, M|100/100
|move|p1a: Necrozma|Photon Geyser|p2a: Klefki
|-resisted|p2a: Klefki
|-damage|p2a: Klefki|70/100
|
|-weather|Hail|[upkeep]
|-damage|p1a: Necrozma|89/100|[from] Hail
|-damage|p2a: Klefki|64/100|[from] Hail
|-heal|p2a: Klefki|70/100|[from] item: Leftovers
|upkeep
|turn|3
|
|t:|1626901112
|move|p2a: Klefki|Toxic|p1a: Necrozma
|-status|p1a: Necrozma|tox
|move|p1a: Necrozma|Stealth Rock|p2a: Klefki
|-sidestart|p2: rult70d cem|move: Stealth Rock
|
|-weather|Hail|[upkeep]
|-damage|p1a: Necrozma|83/100 tox|[from] Hail
|-damage|p2a: Klefki|64/100|[from] Hail
|-heal|p2a: Klefki|70/100|[from] item: Leftovers
|-damage|p1a: Necrozma|77/100 tox|[from] psn
|upkeep
|turn|4
|inactive|Rult70B evidith has 120 seconds left.
|
|t:|1626901136
|move|p2a: Klefki|Spikes|p1a: Necrozma
|-sidestart|p1: Rult70B evidith|Spikes
|move|p1a: Necrozma|Earth Power|p2a: Klefki
|-supereffective|p2a: Klefki
|-damage|p2a: Klefki|0 fnt
|faint|p2a: Klefki
|
|-weather|Hail|[upkeep]
|-damage|p1a: Necrozma|71/100 tox|[from] Hail
|-damage|p1a: Necrozma|59/100 tox|[from] psn
|upkeep
|
|t:|1626901148
|switch|p2a: Seismitoad|Seismitoad, F|77/100
|-damage|p2a: Seismitoad|71/100|[from] Stealth Rock
|turn|5
|
|t:|1626901155
|move|p1a: Necrozma|Photon Geyser|p2a: Seismitoad
|-damage|p2a: Seismitoad|17/100
|move|p2a: Seismitoad|Stealth Rock|p1a: Necrozma
|-sidestart|p1: Rult70B evidith|move: Stealth Rock
|
|-weather|none
|-heal|p2a: Seismitoad|23/100|[from] item: Leftovers
|-damage|p1a: Necrozma|41/100 tox|[from] psn
|upkeep
|turn|6
|
|t:|1626901158
|move|p1a: Necrozma|Photon Geyser|p2a: Seismitoad
|-damage|p2a: Seismitoad|0 fnt
|faint|p2a: Seismitoad
|
|-damage|p1a: Necrozma|17/100 tox|[from] psn
|upkeep
|
|t:|1626901161
|switch|p2a: Ninetales|Ninetales-Alola, F|100/100
|-weather|Hail|[from] ability: Snow Warning|[of] p2a: Ninetales
|turn|7
|inactive|Rult70B evidith has 120 seconds left.
|l| eebsofresh
|inactive|Rult70B evidith has 90 seconds left.
|
|t:|1626901229
|move|p2a: Ninetales|Blizzard|p1a: Necrozma
|-damage|p1a: Necrozma|0 fnt
|faint|p1a: Necrozma
|
|-weather|Hail|[upkeep]
|upkeep
|n| Lopunny kicks|rult70zpunny
|
|t:|1626901233
|switch|p1a: Lucario|Lucario, F|100/100
|-damage|p1a: Lucario|98/100|[from] Stealth Rock
|-damage|p1a: Lucario|85/100|[from] Spikes
|turn|8
|c|☆rult70d cem|its over
|c|☆rult70d cem|gg
|-message|rult70d cem forfeited.
|
|win|Rult70B evidith
|raw|Rult70B evidith's rating: 1510 &rarr; <strong>1533</strong><br />(+23 for winning)
|raw|rult70d cem's rating: 1558 &rarr; <strong>1535</strong><br />(-23 for losing)
|l|☆Rult70B evidith
|l|☆rult70d cem
