|j|‽GuyTessier
|j|☆whistling
|inactive|Battle timer is ON: inactive players will automatically lose when time's up.
|t:|1644614959
|gametype|singles
|player|p1|GuyTessier|picnicker|
|player|p2|whistling|red|
|teamsize|p1|6
|teamsize|p2|6
|gen|8
|tier|[Gen 8] RU
|rated|Tournament battle
|rule|Sleep Clause Mod: Limit one foe put to sleep
|rule|Species Clause: Limit one of each Pokémon
|rule|OHKO Clause: OHKO moves are banned
|rule|Evasion Moves Clause: Evasion moves are banned
|rule|Endless Battle Clause: Forcing endless battles is banned
|rule|HP Percentage Mod: HP is shown in percentages
|rule|Dynamax Clause: You cannot dynamax
|clearpoke
|poke|p1|Golurk|
|poke|p1|Inteleon, F|
|poke|p1|Espeon, M|
|poke|p1|Goodra, M|
|poke|p1|Vileplume, F|
|poke|p1|Pangoro, M|
|poke|p2|Silvally-*|
|poke|p2|Aerodactyl, M|
|poke|p2|Grimmsnarl, M|
|poke|p2|Steelix, M|
|poke|p2|Starmie|
|poke|p2|Roserade, F|
|teampreview
|c|☆whistling|hf
|j| A floor mat
|
|t:|1644614975
|start
|switch|p1a: Inteleon|Inteleon, F, shiny|100/100
|switch|p2a: Roserade|Roserade, F|100/100
|turn|1
|
|t:|1644614983
|move|p1a: Inteleon|Substitute|p1a: Inteleon
|-start|p1a: Inteleon|Substitute
|-damage|p1a: Inteleon|75/100
|move|p2a: Roserade|Grass Knot|p1a: Inteleon
|-supereffective|p1a: Inteleon
|-end|p1a: Inteleon|Substitute
|
|upkeep
|turn|2
|
|t:|1644614989
|switch|p1a: Goodra|Goodra, M, shiny|100/100
|move|p2a: Roserade|Sludge Bomb|p1a: Goodra
|-damage|p1a: Goodra|85/100
|
|upkeep
|turn|3
|
|t:|1644614993
|switch|p2a: Grimmsnarl|Grimmsnarl, M|100/100
|-item|p1a: Goodra|Assault Vest|[from] ability: Frisk|[of] p2a: Grimmsnarl|[identify]
|move|p1a: Goodra|Flamethrower|p2a: Grimmsnarl
|-damage|p2a: Grimmsnarl|79/100
|
|upkeep
|turn|4
|
|t:|1644614999
|move|p1a: Goodra|Sludge Bomb|p2a: Grimmsnarl
|-supereffective|p2a: Grimmsnarl
|-damage|p2a: Grimmsnarl|36/100
|move|p2a: Grimmsnarl|Darkest Lariat|p1a: Goodra
|-damage|p1a: Goodra|35/100
|
|upkeep
|turn|5
|
|t:|1644615006
|move|p2a: Grimmsnarl|Sucker Punch|p1a: Goodra
|-damage|p1a: Goodra|0 fnt
|faint|p1a: Goodra
|
|upkeep
|
|t:|1644615015
|switch|p1a: Pangoro|Pangoro, M|100/100
|turn|6
|
|t:|1644615027
|switch|p2a: Silvally|Silvally-Electric|100/100
|move|p1a: Pangoro|Drain Punch|p2a: Silvally
|-crit|p2a: Silvally
|-damage|p2a: Silvally|0 fnt
|faint|p2a: Silvally
|-damage|p1a: Pangoro|91/100|[from] item: Life Orb
|
|upkeep
|
|t:|1644615034
|switch|p2a: Roserade|Roserade, F|100/100
|turn|7
|
|t:|1644615039
|switch|p1a: Espeon|Espeon, M, shiny|100/100
|move|p2a: Roserade|Sludge Bomb|p1a: Espeon
|-damage|p1a: Espeon|63/100
|
|-heal|p1a: Espeon|69/100|[from] item: Leftovers
|upkeep
|turn|8
|
|t:|1644615046
|switch|p2a: Grimmsnarl|Grimmsnarl, M|36/100
|-item|p1a: Espeon|Leftovers|[from] ability: Frisk|[of] p2a: Grimmsnarl|[identify]
|move|p1a: Espeon|Wish|p1a: Espeon
|
|-heal|p1a: Espeon|75/100|[from] item: Leftovers
|upkeep
|turn|9
|
|t:|1644615055
|switch|p1a: Inteleon|Inteleon, F, shiny|75/100
|move|p2a: Grimmsnarl|Play Rough|p1a: Inteleon
|-damage|p1a: Inteleon|0 fnt
|faint|p1a: Inteleon
|
|upkeep
|
|t:|1644615062
|switch|p1a: Pangoro|Pangoro, M|91/100
|turn|10
|
|t:|1644615068
|move|p1a: Pangoro|Bullet Punch|p2a: Grimmsnarl
|-supereffective|p2a: Grimmsnarl
|-damage|p2a: Grimmsnarl|0 fnt
|faint|p2a: Grimmsnarl
|-damage|p1a: Pangoro|81/100|[from] item: Life Orb
|
|upkeep
|
|t:|1644615072
|switch|p2a: Roserade|Roserade, F|100/100
|turn|11
|
|t:|1644615077
|move|p2a: Roserade|Sludge Bomb|p1a: Pangoro
|-damage|p1a: Pangoro|27/100
|move|p1a: Pangoro|Knock Off|p2a: Roserade
|-damage|p2a: Roserade|28/100
|-status|p1a: Pangoro|psn|[from] ability: Poison Point|[of] p2a: Roserade
|-enditem|p2a: Roserade|Heavy-Duty Boots|[from] move: Knock Off|[of] p1a: Pangoro
|-damage|p1a: Pangoro|17/100 psn|[from] item: Life Orb
|
|-damage|p1a: Pangoro|4/100 psn|[from] psn
|upkeep
|turn|12
|
|t:|1644615088
|switch|p2a: Steelix|Steelix, M|100/100
|switch|p1a: Espeon|Espeon, M, shiny|75/100
|
|-heal|p1a: Espeon|81/100|[from] item: Leftovers
|upkeep
|turn|13
|
|t:|1644615099
|move|p1a: Espeon|Wish|p1a: Espeon
|move|p2a: Steelix|Gyro Ball|p1a: Espeon
|-damage|p1a: Espeon|7/100
|
|-heal|p1a: Espeon|13/100|[from] item: Leftovers
|upkeep
|turn|14
|
|t:|1644615102
|switch|p1a: Golurk|Golurk, shiny|100/100
|move|p2a: Steelix|Gyro Ball|p1a: Golurk
|-damage|p1a: Golurk|68/100
|
|-heal|p1a: Golurk|100/100|[from] move: Wish|[wisher] Espeon
|upkeep
|turn|15
|
|t:|1644615110
|move|p1a: Golurk|Dynamic Punch|p2a: Steelix
|-supereffective|p2a: Steelix
|-damage|p2a: Steelix|64/100
|-start|p2a: Steelix|confusion
|-activate|p2a: Steelix|confusion
|move|p2a: Steelix|Stealth Rock|p1a: Golurk
|-sidestart|p1: GuyTessier|move: Stealth Rock
|
|-heal|p2a: Steelix|70/100|[from] item: Leftovers
|upkeep
|turn|16
|
|t:|1644615119
|move|p1a: Golurk|Poltergeist|p2a: Steelix
|-activate|p2a: Steelix|move: Poltergeist|Leftovers
|-damage|p2a: Steelix|43/100
|-end|p2a: Steelix|confusion
|move|p2a: Steelix|Dragon Tail|p1a: Golurk
|-damage|p1a: Golurk|84/100
|drag|p1a: Espeon|Espeon, M, shiny|13/100
|-damage|p1a: Espeon|0 fnt|[from] Stealth Rock
|faint|p1a: Espeon
|
|-heal|p2a: Steelix|49/100|[from] item: Leftovers
|upkeep
|j|+Guldkatt
|
|t:|1644615132
|switch|p1a: Vileplume|Vileplume, F, shiny|100/100
|-damage|p1a: Vileplume|88/100|[from] Stealth Rock
|turn|17
|
|t:|1644615135
|move|p1a: Vileplume|Leech Seed|p2a: Steelix
|-start|p2a: Steelix|move: Leech Seed
|move|p2a: Steelix|Dragon Tail|p1a: Vileplume
|-damage|p1a: Vileplume|79/100
|drag|p1a: Pangoro|Pangoro, M|4/100 psn
|-damage|p1a: Pangoro|0 fnt|[from] Stealth Rock
|faint|p1a: Pangoro
|
|-heal|p2a: Steelix|55/100|[from] item: Leftovers
|upkeep
|
|t:|1644615142
|switch|p1a: Golurk|Golurk, shiny|84/100
|-damage|p1a: Golurk|78/100|[from] Stealth Rock
|turn|18
|
|t:|1644615145
|switch|p2a: Aerodactyl|Aerodactyl, M|100/100
|-ability|p2a: Aerodactyl|Unnerve
|move|p1a: Golurk|Earthquake|p2a: Aerodactyl
|-immune|p2a: Aerodactyl
|
|upkeep
|turn|19
|
|t:|1644615148
|move|p2a: Aerodactyl|Ice Fang|p1a: Golurk
|-supereffective|p1a: Golurk
|-damage|p1a: Golurk|23/100
|move|p1a: Golurk|Poltergeist|p2a: Aerodactyl
|-activate|p2a: Aerodactyl|move: Poltergeist|Heavy-Duty Boots
|-damage|p2a: Aerodactyl|7/100
|
|upkeep
|turn|20
|
|t:|1644615158
|move|p2a: Aerodactyl|Earthquake|p1a: Golurk
|-damage|p1a: Golurk|0 fnt
|faint|p1a: Golurk
|
|upkeep
|
|t:|1644615161
|switch|p1a: Vileplume|Vileplume, F, shiny|79/100
|-damage|p1a: Vileplume|67/100|[from] Stealth Rock
|turn|21
|
|t:|1644615164
|move|p2a: Aerodactyl|Stone Edge|p1a: Vileplume|[miss]
|-miss|p2a: Aerodactyl|p1a: Vileplume
|move|p1a: Vileplume|Strength Sap|p2a: Aerodactyl
|-unboost|p2a: Aerodactyl|atk|1
|-heal|p1a: Vileplume|100/100
|
|upkeep
|turn|22
|
|t:|1644615168
|move|p2a: Aerodactyl|Earthquake|p1a: Vileplume
|-damage|p1a: Vileplume|86/100
|move|p1a: Vileplume|Strength Sap|p2a: Aerodactyl
|-unboost|p2a: Aerodactyl|atk|1
|-heal|p1a: Vileplume|100/100
|
|upkeep
|turn|23
|
|t:|1644615171
|move|p2a: Aerodactyl|Taunt|p1a: Vileplume
|-start|p1a: Vileplume|move: Taunt
|move|p1a: Vileplume|Giga Drain|p2a: Aerodactyl
|-damage|p2a: Aerodactyl|0 fnt
|faint|p2a: Aerodactyl
|
|upkeep
|
|t:|1644615179
|switch|p2a: Roserade|Roserade, F|28/100
|turn|24
|
|t:|1644615181
|move|p2a: Roserade|Sludge Bomb|p1a: Vileplume
|-damage|p1a: Vileplume|61/100
|move|p1a: Vileplume|Moonblast|p2a: Roserade
|-resisted|p2a: Roserade
|-damage|p2a: Roserade|15/100
|
|-heal|p1a: Vileplume|67/100|[from] item: Black Sludge
|upkeep
|turn|25
|
|t:|1644615191
|move|p2a: Roserade|Sludge Bomb|p1a: Vileplume
|-damage|p1a: Vileplume|30/100
|move|p1a: Vileplume|Moonblast|p2a: Roserade
|-resisted|p2a: Roserade
|-damage|p2a: Roserade|1/100
|
|-heal|p1a: Vileplume|36/100|[from] item: Black Sludge
|-end|p1a: Vileplume|move: Taunt
|upkeep
|turn|26
|
|t:|1644615195
|move|p2a: Roserade|Sludge Bomb|p1a: Vileplume
|-damage|p1a: Vileplume|0 fnt
|faint|p1a: Vileplume
|
|win|whistling
|n|‽GuyTessier|guytessier
|n|☆whistling|whistling
|n| A floor mat|afloormat
|n| Guldkatt|guldkatt
