|j|☆Rekall
|j|☆RWRU4 Sectonia
|player|p1|Rekall|shadowtriad|1431
|player|p2|RWRU4 Sectonia|preschoolers|1315
|teamsize|p1|6
|teamsize|p2|6
|gametype|singles
|gen|8
|tier|[Gen 8] RU
|rated|
|clearpoke
|poke|p1|Vikavolt, F|
|poke|p1|Indeedee, M|
|poke|p1|Vaporeon, M|
|poke|p1|Steelix, M|
|poke|p1|Whimsicott, F|
|poke|p1|Silvally-*|
|poke|p2|Snorlax, F|
|poke|p2|Xatu, F|
|poke|p2|Gastrodon-East, M|
|poke|p2|Vileplume, M|
|poke|p2|Ninetales, F|
|poke|p2|Passimian, M|
|rule|Sleep Clause Mod: Limit one foe put to sleep
|rule|Species Clause: Limit one of each Pokémon
|rule|OHKO Clause: OHKO moves are banned
|rule|Evasion Moves Clause: Evasion moves are banned
|rule|Endless Battle Clause: Forcing endless battles is banned
|rule|HP Percentage Mod: HP is shown in percentages
|rule|Dynamax Clause: You cannot dynamax
|teampreview
|
|start
|switch|p1a: Indeedee|Indeedee, M|100/100
|switch|p2a: Passimian|Passimian, M|100/100
|-fieldstart|move: Psychic Terrain|[from] ability: Psychic Surge|[of] p1a: Indeedee
|turn|1
|
|switch|p2a: the superior form|Gastrodon-East, M|100/100
|move|p1a: Indeedee|Psychic|p2a: the superior form
|-damage|p2a: the superior form|67/100
|
|-heal|p2a: the superior form|74/100|[from] item: Leftovers
|upkeep
|turn|2
|
|switch|p1a: Whimsicott|Whimsicott, F|100/100
|move|p2a: the superior form|Toxic|p1a: Whimsicott
|-status|p1a: Whimsicott|tox
|
|-heal|p2a: the superior form|80/100|[from] item: Leftovers
|-damage|p1a: Whimsicott|94/100 tox|[from] psn
|upkeep
|turn|3
|
|switch|p2a: Vileplume|Vileplume, M|100/100
|move|p1a: Whimsicott|Hurricane|p2a: Vileplume
|-supereffective|p2a: Vileplume
|-damage|p2a: Vileplume|45/100
|
|-heal|p2a: Vileplume|51/100|[from] item: Black Sludge
|-damage|p1a: Whimsicott|82/100 tox|[from] psn
|upkeep
|turn|4
|
|switch|p1a: Steelix|Steelix, M|100/100
|switch|p2a: Snorlax|Snorlax, F|100/100
|
|upkeep
|turn|5
|
|switch|p2a: Vileplume|Vileplume, M|51/100
|move|p1a: Steelix|Curse|p1a: Steelix
|-unboost|p1a: Steelix|spe|1
|-boost|p1a: Steelix|atk|1
|-boost|p1a: Steelix|def|1
|
|-heal|p2a: Vileplume|58/100|[from] item: Black Sludge
|-fieldend|move: Psychic Terrain
|upkeep
|turn|6
|
|move|p2a: Vileplume|Strength Sap|p1a: Steelix
|-unboost|p1a: Steelix|atk|1
|-heal|p2a: Vileplume|100/100
|move|p1a: Steelix|Head Smash|p2a: Vileplume
|-damage|p2a: Vileplume|78/100
|-status|p1a: Steelix|slp|[from] ability: Effect Spore|[of] p2a: Vileplume
|
|-heal|p2a: Vileplume|84/100|[from] item: Black Sludge
|upkeep
|turn|7
|
|move|p2a: Vileplume|Giga Drain|p1a: Steelix
|-damage|p1a: Steelix|73/100 slp
|-heal|p2a: Vileplume|98/100|[from] drain|[of] p1a: Steelix
|cant|p1a: Steelix|slp
|
|-heal|p2a: Vileplume|100/100|[from] item: Black Sludge
|-heal|p1a: Steelix|80/100 slp|[from] item: Leftovers
|upkeep
|turn|8
|
|move|p2a: Vileplume|Giga Drain|p1a: Steelix
|-damage|p1a: Steelix|52/100 slp
|cant|p1a: Steelix|slp
|
|-heal|p1a: Steelix|58/100 slp|[from] item: Leftovers
|upkeep
|turn|9
|
|move|p2a: Vileplume|Giga Drain|p1a: Steelix
|-damage|p1a: Steelix|33/100 slp
|-curestatus|p1a: Steelix|slp|[msg]
|move|p1a: Steelix|Stealth Rock|p2a: Vileplume
|-sidestart|p2: RWRU4 Sectonia|move: Stealth Rock
|
|-heal|p1a: Steelix|40/100|[from] item: Leftovers
|upkeep
|turn|10
|
|switch|p1a: Vikavolt|Vikavolt, F|100/100
|move|p2a: Vileplume|Giga Drain|p1a: Vikavolt
|-resisted|p1a: Vikavolt
|-damage|p1a: Vikavolt|81/100
|
|upkeep
|turn|11
|
|switch|p2a: Snorlax|Snorlax, F|100/100
|-damage|p2a: Snorlax|88/100|[from] Stealth Rock
|move|p1a: Vikavolt|Volt Switch|p2a: Snorlax
|-damage|p2a: Snorlax|64/100
|
|switch|p1a: Steelix|Steelix, M|40/100|[from]move: Volt Switch
|
|-heal|p1a: Steelix|46/100|[from] item: Leftovers
|upkeep
|turn|12
|
|switch|p2a: Vileplume|Vileplume, M|100/100
|-damage|p2a: Vileplume|88/100|[from] Stealth Rock
|move|p1a: Steelix|Head Smash|p2a: Vileplume
|-damage|p2a: Vileplume|67/100
|-status|p1a: Steelix|par|[from] ability: Effect Spore|[of] p2a: Vileplume
|
|-heal|p2a: Vileplume|73/100|[from] item: Black Sludge
|-heal|p1a: Steelix|52/100 par|[from] item: Leftovers
|upkeep
|turn|13
|
|switch|p1a: Vikavolt|Vikavolt, F|81/100
|move|p2a: Vileplume|Sludge Bomb|p1a: Vikavolt
|-damage|p1a: Vikavolt|32/100
|
|-heal|p2a: Vileplume|79/100|[from] item: Black Sludge
|upkeep
|turn|14
|
|move|p1a: Vikavolt|Volt Switch|p2a: Vileplume
|-resisted|p2a: Vileplume
|-damage|p2a: Vileplume|56/100
|
|switch|p1a: Indeedee|Indeedee, M|100/100|[from]move: Volt Switch
|-fieldstart|move: Psychic Terrain|[from] ability: Psychic Surge|[of] p1a: Indeedee
|move|p2a: Vileplume|Sludge Bomb|p1a: Indeedee
|-damage|p1a: Indeedee|54/100
|-status|p1a: Indeedee|psn
|
|-heal|p2a: Vileplume|62/100|[from] item: Black Sludge
|-damage|p1a: Indeedee|42/100 psn|[from] psn
|upkeep
|turn|15
|
|switch|p2a: Xatu|Xatu, F|100/100
|-damage|p2a: Xatu|76/100|[from] Stealth Rock
|move|p1a: Indeedee|Trick|p2a: Xatu
|-activate|p1a: Indeedee|move: Trick|[of] p2a: Xatu
|-item|p2a: Xatu|Choice Scarf|[from] move: Trick
|-item|p1a: Indeedee|Rocky Helmet|[from] move: Trick
|
|-damage|p1a: Indeedee|30/100 psn|[from] psn
|upkeep
|turn|16
|
|move|p2a: Xatu|Defog|p1a: Indeedee
|-unboost|p1a: Indeedee|evasion|1
|-sideend|p2: RWRU4 Sectonia|Stealth Rock|[from] move: Defog|[of] p2a: Xatu
|-fieldend|move: Psychic Terrain
|move|p1a: Indeedee|Psychic|p2a: Xatu
|-resisted|p2a: Xatu
|-damage|p2a: Xatu|49/100
|
|-damage|p1a: Indeedee|17/100 psn|[from] psn
|upkeep
|turn|17
|
|move|p2a: Xatu|Defog|p1a: Indeedee
|-unboost|p1a: Indeedee|evasion|1
|move|p1a: Indeedee|Trick|p2a: Xatu
|-activate|p1a: Indeedee|move: Trick|[of] p2a: Xatu
|-item|p2a: Xatu|Rocky Helmet|[from] move: Trick
|-item|p1a: Indeedee|Choice Scarf|[from] move: Trick
|
|-damage|p1a: Indeedee|5/100 psn|[from] psn
|upkeep
|turn|18
|
|move|p1a: Indeedee|Trick|p2a: Xatu
|-activate|p1a: Indeedee|move: Trick|[of] p2a: Xatu
|-item|p2a: Xatu|Choice Scarf|[from] move: Trick
|-item|p1a: Indeedee|Rocky Helmet|[from] move: Trick
|move|p2a: Xatu|Roost|p2a: Xatu
|-heal|p2a: Xatu|99/100
|-singleturn|p2a: Xatu|move: Roost
|
|-damage|p1a: Indeedee|0 fnt|[from] psn
|faint|p1a: Indeedee
|upkeep
|
|switch|p1a: Silvally|Silvally-Ghost|100/100
|turn|19
|
|switch|p2a: Snorlax|Snorlax, F|64/100
|move|p1a: Silvally|Swords Dance|p1a: Silvally
|-boost|p1a: Silvally|atk|2
|
|upkeep
|turn|20
|
|move|p1a: Silvally|Aerial Ace|p2a: Snorlax
|-damage|p2a: Snorlax|32/100
|move|p2a: Snorlax|Darkest Lariat|p1a: Silvally
|-supereffective|p1a: Silvally
|-damage|p1a: Silvally|5/100
|
|upkeep
|turn|21
|
|move|p1a: Silvally|Aerial Ace|p2a: Snorlax
|-damage|p2a: Snorlax|3/100
|move|p2a: Snorlax|Darkest Lariat|p1a: Silvally
|-supereffective|p1a: Silvally
|-damage|p1a: Silvally|0 fnt
|faint|p1a: Silvally
|
|upkeep
|-message|Rekall forfeited.
|
|win|RWRU4 Sectonia
|l|☆Rekall
