|raw|<div class="broadcast-blue"><strong>This battle is required to be public due to a player having a name starting with 'rult50'.</div>
|j|‽beast under moon
|j|☆RULT50Z Rampage
|t:|1625735254
|gametype|singles
|player|p1|beast under moon|hiker-gen4|1000
|player|p2|RULT50Z Rampage|oak-gen1rb|1207
|teamsize|p1|6
|teamsize|p2|6
|gen|8
|tier|[Gen 8] RU
|rated|
|rule|Sleep Clause Mod: Limit one foe put to sleep
|rule|Species Clause: Limit one of each Pokémon
|rule|OHKO Clause: OHKO moves are banned
|rule|Evasion Moves Clause: Evasion moves are banned
|rule|Endless Battle Clause: Forcing endless battles is banned
|rule|HP Percentage Mod: HP is shown in percentages
|rule|Dynamax Clause: You cannot dynamax
|clearpoke
|poke|p1|Reuniclus, M|
|poke|p1|Doublade, F|
|poke|p1|Togekiss, M|
|poke|p1|Umbreon, F|
|poke|p1|Stakataka|
|poke|p1|Gastrodon, F|
|poke|p2|Bronzong|
|poke|p2|Flygon, M|
|poke|p2|Incineroar, M|
|poke|p2|Golisopod, M|
|poke|p2|Raikou|
|poke|p2|Vileplume, M|
|teampreview
|
|t:|1625735287
|start
|switch|p1a: Stakataka|Stakataka|100/100
|switch|p2a: Incineroar|Incineroar, M|100/100
|-ability|p2a: Incineroar|Intimidate|boost
|-unboost|p1a: Stakataka|atk|1
|turn|1
|
|t:|1625735293
|move|p2a: Incineroar|Parting Shot|p1a: Stakataka
|-unboost|p1a: Stakataka|atk|1
|-unboost|p1a: Stakataka|spa|1
|
|t:|1625735296
|switch|p2a: Bronzong|Bronzong|100/100|[from]move: Parting Shot
|move|p1a: Stakataka|Toxic|p2a: Bronzong
|-immune|p2a: Bronzong
|
|upkeep
|turn|2
|
|t:|1625735299
|move|p2a: Bronzong|Stealth Rock|p1a: Stakataka
|-sidestart|p1: beast under moon|move: Stealth Rock
|move|p1a: Stakataka|Stealth Rock|p2a: Bronzong
|-sidestart|p2: RULT50Z Rampage|move: Stealth Rock
|
|upkeep
|turn|3
|
|t:|1625735304
|switch|p1a: Doublade|Doublade, F|100/100
|-damage|p1a: Doublade|94/100|[from] Stealth Rock
|move|p2a: Bronzong|Earthquake|p1a: Doublade
|-supereffective|p1a: Doublade
|-damage|p1a: Doublade|71/100
|
|upkeep
|turn|4
|
|t:|1625735309
|switch|p1a: Reuniclus|Reuniclus, M|100/100
|-damage|p1a: Reuniclus|88/100|[from] Stealth Rock
|switch|p2a: Incineroar|Incineroar, M|100/100
|-ability|p2a: Incineroar|Intimidate|boost
|-unboost|p1a: Reuniclus|atk|1
|
|upkeep
|turn|5
|
|t:|1625735315
|switch|p1a: Gastrodon|Gastrodon, F|100/100
|move|p2a: Incineroar|Knock Off|p1a: Gastrodon
|-damage|p1a: Gastrodon|73/100
|-enditem|p1a: Gastrodon|Heavy-Duty Boots|[from] move: Knock Off|[of] p2a: Incineroar
|
|upkeep
|turn|6
|
|t:|1625735319
|move|p2a: Incineroar|Parting Shot|p1a: Gastrodon
|-unboost|p1a: Gastrodon|atk|1
|-unboost|p1a: Gastrodon|spa|1
|
|t:|1625735320
|switch|p2a: Vileplume|Vileplume, M|100/100|[from]move: Parting Shot
|move|p1a: Gastrodon|Recover|p1a: Gastrodon
|-heal|p1a: Gastrodon|100/100
|
|upkeep
|turn|7
|
|t:|1625735324
|switch|p1a: Reuniclus|Reuniclus, M|100/100
|-damage|p1a: Reuniclus|88/100|[from] Stealth Rock
|move|p2a: Vileplume|Corrosive Gas|p1a: Reuniclus
|-enditem|p1a: Reuniclus|Assault Vest|[from] move: Corrosive Gas|[of] p2a: Vileplume
|
|upkeep
|turn|8
|
|t:|1625735330
|switch|p2a: Bronzong|Bronzong|100/100
|-damage|p2a: Bronzong|94/100|[from] Stealth Rock
|move|p1a: Reuniclus|Knock Off|p2a: Bronzong
|-supereffective|p2a: Bronzong
|-damage|p2a: Bronzong|67/100
|-enditem|p2a: Bronzong|Leftovers|[from] move: Knock Off|[of] p1a: Reuniclus
|
|upkeep
|turn|9
|
|t:|1625735340
|move|p2a: Bronzong|Earthquake|p1a: Reuniclus
|-damage|p1a: Reuniclus|68/100
|move|p1a: Reuniclus|Future Sight|p2a: Bronzong
|-start|p1a: Reuniclus|move: Future Sight
|
|upkeep
|turn|10
|
|t:|1625735343
|switch|p1a: Gastrodon|Gastrodon, F|100/100
|-damage|p1a: Gastrodon|94/100|[from] Stealth Rock
|move|p2a: Bronzong|Toxic|p1a: Gastrodon
|-status|p1a: Gastrodon|tox
|
|-damage|p1a: Gastrodon|88/100 tox|[from] psn
|upkeep
|turn|11
|
|t:|1625735350
|move|p1a: Gastrodon|Scald|p2a: Bronzong
|-damage|p2a: Bronzong|49/100
|move|p2a: Bronzong|Earthquake|p1a: Gastrodon
|-damage|p1a: Gastrodon|74/100 tox
|
|-end|p2a: Bronzong|move: Future Sight
|-resisted|p2a: Bronzong
|-damage|p2a: Bronzong|42/100
|-damage|p1a: Gastrodon|62/100 tox|[from] psn
|upkeep
|turn|12
|
|t:|1625735355
|switch|p2a: Vileplume|Vileplume, M|100/100
|move|p1a: Gastrodon|Recover|p1a: Gastrodon
|-heal|p1a: Gastrodon|100/100 tox
|
|-damage|p1a: Gastrodon|82/100 tox|[from] psn
|upkeep
|turn|13
|
|t:|1625735359
|switch|p1a: Reuniclus|Reuniclus, M|100/100
|-damage|p1a: Reuniclus|88/100|[from] Stealth Rock
|move|p2a: Vileplume|Sludge Bomb|p1a: Reuniclus
|-damage|p1a: Reuniclus|67/100
|
|upkeep
|turn|14
|
|t:|1625735365
|switch|p2a: Incineroar|Incineroar, M|100/100
|-ability|p2a: Incineroar|Intimidate|boost
|-unboost|p1a: Reuniclus|atk|1
|move|p1a: Reuniclus|Future Sight|p2a: Incineroar
|-start|p1a: Reuniclus|move: Future Sight
|
|upkeep
|turn|15
|
|t:|1625735371
|switch|p1a: Gastrodon|Gastrodon, F|82/100 tox
|-damage|p1a: Gastrodon|76/100 tox|[from] Stealth Rock
|move|p2a: Incineroar|Parting Shot|p1a: Gastrodon
|-unboost|p1a: Gastrodon|atk|1
|-unboost|p1a: Gastrodon|spa|1
|
|t:|1625735381
|switch|p2a: Golisopod|Golisopod, M|100/100|[from]move: Parting Shot
|
|-damage|p1a: Gastrodon|70/100 tox|[from] psn
|upkeep
|turn|16
|
|t:|1625735391
|move|p2a: Golisopod|Spikes|p1a: Gastrodon
|-sidestart|p1: beast under moon|Spikes
|move|p1a: Gastrodon|Recover|p1a: Gastrodon
|-heal|p1a: Gastrodon|100/100 tox
|
|-end|p2a: Golisopod|move: Future Sight
|-damage|p2a: Golisopod|43/100
|-activate|p2a: Golisopod|ability: Emergency Exit
|-damage|p1a: Gastrodon|88/100 tox|[from] psn
|upkeep
|
|t:|1625735399
|switch|p2a: Vileplume|Vileplume, M|100/100
|turn|17
|
|t:|1625735404
|switch|p1a: Umbreon|Umbreon, F|100/100
|-damage|p1a: Umbreon|88/100|[from] Stealth Rock
|-damage|p1a: Umbreon|76/100|[from] Spikes
|move|p2a: Vileplume|Sludge Bomb|p1a: Umbreon
|-damage|p1a: Umbreon|56/100
|-status|p1a: Umbreon|psn
|-activate|p1a: Umbreon|ability: Synchronize
|-immune|p2a: Vileplume
|
|-heal|p1a: Umbreon|62/100 psn|[from] item: Leftovers
|-damage|p1a: Umbreon|50/100 psn|[from] psn
|upkeep
|turn|18
|
|t:|1625735412
|move|p1a: Umbreon|Heal Bell|p1a: Umbreon
|-activate|p1a: Umbreon|move: Heal Bell
|-curestatus|p1a: Umbreon|psn|[msg]
|-curestatus|p1: Gastrodon|tox|[msg]
|move|p2a: Vileplume|Corrosive Gas|p1a: Umbreon
|-enditem|p1a: Umbreon|Leftovers|[from] move: Corrosive Gas|[of] p2a: Vileplume
|
|upkeep
|turn|19
|
|t:|1625735416
|move|p1a: Umbreon|Wish|p1a: Umbreon
|move|p2a: Vileplume|Sludge Bomb|p1a: Umbreon
|-damage|p1a: Umbreon|31/100
|
|upkeep
|turn|20
|
|t:|1625735420
|move|p1a: Umbreon|Protect|p1a: Umbreon
|-singleturn|p1a: Umbreon|Protect
|move|p2a: Vileplume|Sludge Bomb|p1a: Umbreon
|-activate|p1a: Umbreon|move: Protect
|
|-heal|p1a: Umbreon|81/100|[from] move: Wish|[wisher] Umbreon
|upkeep
|turn|21
|
|t:|1625735422
|move|p1a: Umbreon|Wish|p1a: Umbreon
|move|p2a: Vileplume|Sludge Bomb|p1a: Umbreon
|-damage|p1a: Umbreon|62/100
|
|upkeep
|turn|22
|
|t:|1625735427
|switch|p1a: Doublade|Doublade, F|71/100
|-damage|p1a: Doublade|59/100|[from] Spikes
|-damage|p1a: Doublade|53/100|[from] Stealth Rock
|move|p2a: Vileplume|Sludge Bomb|p1a: Doublade
|-immune|p1a: Doublade
|
|-heal|p1a: Doublade|100/100|[from] move: Wish|[wisher] Umbreon
|upkeep
|turn|23
|
|t:|1625735436
|switch|p1a: Reuniclus|Reuniclus, M|99/100
|-damage|p1a: Reuniclus|88/100|[from] Stealth Rock
|-damage|p1a: Reuniclus|76/100|[from] Spikes
|move|p2a: Vileplume|Corrosive Gas|p1a: Reuniclus
|-fail|p1a: Reuniclus|move: Corrosive Gas
|
|upkeep
|turn|24
|
|t:|1625735441
|switch|p2a: Incineroar|Incineroar, M|100/100
|-ability|p2a: Incineroar|Intimidate|boost
|-unboost|p1a: Reuniclus|atk|1
|move|p1a: Reuniclus|Knock Off|p2a: Incineroar
|-resisted|p2a: Incineroar
|-damage|p2a: Incineroar|96/100
|-enditem|p2a: Incineroar|Heavy-Duty Boots|[from] move: Knock Off|[of] p1a: Reuniclus
|
|upkeep
|turn|25
|
|t:|1625735450
|switch|p1a: Togekiss|Togekiss, M|100/100
|move|p2a: Incineroar|Toxic|p1a: Togekiss|[miss]
|-miss|p2a: Incineroar|p1a: Togekiss
|
|upkeep
|turn|26
|
|t:|1625735453
|move|p1a: Togekiss|Air Slash|p2a: Incineroar
|-damage|p2a: Incineroar|72/100
|cant|p2a: Incineroar|flinch
|
|upkeep
|turn|27
|
|t:|1625735457
|switch|p2a: Raikou|Raikou|100/100
|-ability|p2a: Raikou|Pressure
|move|p1a: Togekiss|Air Slash|p2a: Raikou
|-resisted|p2a: Raikou
|-damage|p2a: Raikou|85/100
|
|upkeep
|turn|28
|
|t:|1625735461
|switch|p1a: Gastrodon|Gastrodon, F|88/100
|-damage|p1a: Gastrodon|82/100|[from] Stealth Rock
|-damage|p1a: Gastrodon|70/100|[from] Spikes
|move|p2a: Raikou|Toxic|p1a: Gastrodon
|-status|p1a: Gastrodon|tox
|
|-damage|p1a: Gastrodon|64/100 tox|[from] psn
|upkeep
|turn|29
|
|t:|1625735466
|switch|p2a: Vileplume|Vileplume, M|100/100
|move|p1a: Gastrodon|Recover|p1a: Gastrodon
|-heal|p1a: Gastrodon|100/100 tox
|
|-damage|p1a: Gastrodon|88/100 tox|[from] psn
|upkeep
|turn|30
|
|t:|1625735472
|switch|p2a: Incineroar|Incineroar, M|72/100
|-damage|p2a: Incineroar|47/100|[from] Stealth Rock
|-ability|p2a: Incineroar|Intimidate|boost
|-unboost|p1a: Gastrodon|atk|1
|switch|p1a: Reuniclus|Reuniclus, M|100/100
|-damage|p1a: Reuniclus|88/100|[from] Spikes
|-damage|p1a: Reuniclus|76/100|[from] Stealth Rock
|
|upkeep
|turn|31
|
|t:|1625735480
|switch|p1a: Stakataka|Stakataka|100/100
|-damage|p1a: Stakataka|88/100|[from] Spikes
|-damage|p1a: Stakataka|82/100|[from] Stealth Rock
|move|p2a: Incineroar|Parting Shot|p1a: Stakataka
|-unboost|p1a: Stakataka|atk|1
|-unboost|p1a: Stakataka|spa|1
|
|t:|1625735492
|switch|p2a: Raikou|Raikou|85/100|[from]move: Parting Shot
|-ability|p2a: Raikou|Pressure
|
|-heal|p1a: Stakataka|88/100|[from] item: Leftovers
|upkeep
|turn|32
|
|t:|1625735497
|switch|p1a: Reuniclus|Reuniclus, M|100/100
|-damage|p1a: Reuniclus|88/100|[from] Spikes
|-damage|p1a: Reuniclus|76/100|[from] Stealth Rock
|move|p2a: Raikou|Aura Sphere|p1a: Reuniclus
|-resisted|p1a: Reuniclus
|-damage|p1a: Reuniclus|67/100
|
|upkeep
|turn|33
|
|t:|1625735500
|move|p2a: Raikou|Volt Switch|p1a: Reuniclus
|-damage|p1a: Reuniclus|46/100
|
|t:|1625735507
|switch|p2a: Bronzong|Bronzong|42/100|[from]move: Volt Switch
|-damage|p2a: Bronzong|35/100|[from] Stealth Rock
|move|p1a: Reuniclus|Future Sight|p2a: Bronzong
|-start|p1a: Reuniclus|move: Future Sight
|
|upkeep
|turn|34
|
|t:|1625735516
|switch|p1a: Doublade|Doublade, F|100/100
|-damage|p1a: Doublade|94/100|[from] Stealth Rock
|-damage|p1a: Doublade|82/100|[from] Spikes
|move|p2a: Bronzong|Toxic|p1a: Doublade
|-immune|p1a: Doublade
|
|upkeep
|turn|35
|
|t:|1625735528
|move|p1a: Doublade|Shadow Sneak|p2a: Bronzong
|-supereffective|p2a: Bronzong
|-crit|p2a: Bronzong
|-damage|p2a: Bronzong|0 fnt
|faint|p2a: Bronzong
|
|-hint|Future Sight did not hit because the target is fainted.
|upkeep
|
|t:|1625735531
|switch|p2a: Vileplume|Vileplume, M|100/100
|turn|36
|
|t:|1625735542
|switch|p2a: Golisopod|Golisopod, M|43/100
|switch|p1a: Reuniclus|Reuniclus, M|79/100
|-damage|p1a: Reuniclus|67/100|[from] Stealth Rock
|-damage|p1a: Reuniclus|55/100|[from] Spikes
|
|upkeep
|turn|37
|
|t:|1625735549
|switch|p1a: Togekiss|Togekiss, M|100/100
|move|p2a: Golisopod|Spikes|p1a: Togekiss
|-sidestart|p1: beast under moon|Spikes
|
|upkeep
|turn|38
|
|t:|1625735552
|switch|p2a: Raikou|Raikou|85/100
|-ability|p2a: Raikou|Pressure
|move|p1a: Togekiss|Defog|p2a: Raikou
|-unboost|p2a: Raikou|evasion|1
|-sideend|p2: RULT50Z Rampage|Stealth Rock|[from] move: Defog|[of] p1a: Togekiss
|-sideend|p1: beast under moon|Spikes|[from] move: Defog|[of] p1a: Togekiss
|-sideend|p1: beast under moon|Stealth Rock|[from] move: Defog|[of] p1a: Togekiss
|
|upkeep
|turn|39
|
|t:|1625735561
|switch|p2a: Golisopod|Golisopod, M|43/100
|switch|p1a: Reuniclus|Reuniclus, M|88/100
|
|upkeep
|turn|40
|
|t:|1625735566
|switch|p1a: Togekiss|Togekiss, M|100/100
|move|p2a: Golisopod|First Impression|p1a: Togekiss
|-resisted|p1a: Togekiss
|-damage|p1a: Togekiss|92/100
|
|upkeep
|turn|41
|
|t:|1625735572
|switch|p1a: Reuniclus|Reuniclus, M|100/100
|switch|p2a: Raikou|Raikou|85/100
|-ability|p2a: Raikou|Pressure
|
|upkeep
|turn|42
|
|t:|1625735579
|move|p2a: Raikou|Toxic|p1a: Reuniclus
|-status|p1a: Reuniclus|tox
|move|p1a: Reuniclus|Focus Blast|p2a: Raikou|[miss]
|-miss|p1a: Reuniclus|p2a: Raikou
|
|-damage|p1a: Reuniclus|94/100 tox|[from] psn
|upkeep
|turn|43
|
|t:|1625735584
|move|p2a: Raikou|Volt Switch|p1a: Reuniclus
|-damage|p1a: Reuniclus|73/100 tox
|
|t:|1625735587
|switch|p2a: Incineroar|Incineroar, M|47/100|[from]move: Volt Switch
|-ability|p2a: Incineroar|Intimidate|boost
|-unboost|p1a: Reuniclus|atk|1
|move|p1a: Reuniclus|Focus Blast|p2a: Incineroar
|-supereffective|p2a: Incineroar
|-damage|p2a: Incineroar|0 fnt
|faint|p2a: Incineroar
|
|-damage|p1a: Reuniclus|61/100 tox|[from] psn
|upkeep
|
|t:|1625735595
|switch|p2a: Golisopod|Golisopod, M|43/100
|turn|44
|
|t:|1625735601
|switch|p1a: Togekiss|Togekiss, M|92/100
|move|p2a: Golisopod|Spikes|p1a: Togekiss
|-sidestart|p1: beast under moon|Spikes
|
|upkeep
|turn|45
|
|t:|1625735606
|switch|p2a: Raikou|Raikou|85/100
|-ability|p2a: Raikou|Pressure
|move|p1a: Togekiss|Defog|p2a: Raikou
|-unboost|p2a: Raikou|evasion|1
|-sideend|p1: beast under moon|Spikes|[from] move: Defog|[of] p1a: Togekiss
|
|upkeep
|turn|46
|
|t:|1625735611
|switch|p1a: Gastrodon|Gastrodon, F|88/100 tox
|move|p2a: Raikou|Aura Sphere|p1a: Gastrodon
|-damage|p1a: Gastrodon|63/100 tox
|
|-damage|p1a: Gastrodon|57/100 tox|[from] psn
|upkeep
|turn|47
|
|t:|1625735614
|switch|p2a: Golisopod|Golisopod, M|43/100
|move|p1a: Gastrodon|Recover|p1a: Gastrodon
|-heal|p1a: Gastrodon|100/100 tox
|
|-damage|p1a: Gastrodon|88/100 tox|[from] psn
|upkeep
|turn|48
|
|t:|1625735617
|switch|p1a: Togekiss|Togekiss, M|92/100
|move|p2a: Golisopod|Spikes|p1a: Togekiss
|-sidestart|p1: beast under moon|Spikes
|
|upkeep
|turn|49
|
|t:|1625735619
|switch|p2a: Raikou|Raikou|85/100
|-ability|p2a: Raikou|Pressure
|move|p1a: Togekiss|Defog|p2a: Raikou
|-unboost|p2a: Raikou|evasion|1
|-sideend|p1: beast under moon|Spikes|[from] move: Defog|[of] p1a: Togekiss
|
|upkeep
|turn|50
|
|t:|1625735626
|switch|p1a: Reuniclus|Reuniclus, M|94/100 tox
|move|p2a: Raikou|Thunderbolt|p1a: Reuniclus
|-damage|p1a: Reuniclus|66/100 tox
|
|-damage|p1a: Reuniclus|60/100 tox|[from] psn
|upkeep
|turn|51
|
|t:|1625735630
|move|p2a: Raikou|Thunderbolt|p1a: Reuniclus
|-damage|p1a: Reuniclus|33/100 tox
|move|p1a: Reuniclus|Future Sight|p2a: Raikou
|-start|p1a: Reuniclus|move: Future Sight
|
|-damage|p1a: Reuniclus|21/100 tox|[from] psn
|upkeep
|turn|52
|
|t:|1625735638
|switch|p1a: Gastrodon|Gastrodon, F|88/100 tox
|move|p2a: Raikou|Aura Sphere|p1a: Gastrodon
|-damage|p1a: Gastrodon|63/100 tox
|
|-damage|p1a: Gastrodon|57/100 tox|[from] psn
|upkeep
|turn|53
|
|t:|1625735645
|switch|p2a: Golisopod|Golisopod, M|43/100
|move|p1a: Gastrodon|Recover|p1a: Gastrodon
|-heal|p1a: Gastrodon|100/100 tox
|
|-end|p2a: Golisopod|move: Future Sight
|-damage|p2a: Golisopod|0 fnt
|faint|p2a: Golisopod
|-damage|p1a: Gastrodon|88/100 tox|[from] psn
|upkeep
|
|t:|1625735647
|switch|p2a: Vileplume|Vileplume, M|100/100
|turn|54
|
|t:|1625735660
|switch|p1a: Stakataka|Stakataka|88/100
|move|p2a: Vileplume|Sludge Bomb|p1a: Stakataka
|-immune|p1a: Stakataka
|
|-heal|p1a: Stakataka|94/100|[from] item: Leftovers
|upkeep
|turn|55
|
|t:|1625735664
|switch|p1a: Reuniclus|Reuniclus, M|54/100 tox
|move|p2a: Vileplume|Corrosive Gas|p1a: Reuniclus
|-fail|p1a: Reuniclus|move: Corrosive Gas
|
|-damage|p1a: Reuniclus|48/100 tox|[from] psn
|upkeep
|turn|56
|
|t:|1625735667
|switch|p1a: Stakataka|Stakataka|94/100
|move|p2a: Vileplume|Sludge Bomb|p1a: Stakataka
|-immune|p1a: Stakataka
|
|-heal|p1a: Stakataka|100/100|[from] item: Leftovers
|upkeep
|turn|57
|
|t:|1625735670
|switch|p1a: Reuniclus|Reuniclus, M|81/100 tox
|move|p2a: Vileplume|Corrosive Gas|p1a: Reuniclus
|-fail|p1a: Reuniclus|move: Corrosive Gas
|
|-damage|p1a: Reuniclus|75/100 tox|[from] psn
|upkeep
|turn|58
|
|t:|1625735674
|move|p2a: Vileplume|Sludge Bomb|p1a: Reuniclus
|-damage|p1a: Reuniclus|52/100 tox
|move|p1a: Reuniclus|Future Sight|p2a: Vileplume
|-start|p1a: Reuniclus|move: Future Sight
|
|-damage|p1a: Reuniclus|40/100 tox|[from] psn
|upkeep
|turn|59
|
|t:|1625735680
|switch|p1a: Stakataka|Stakataka|100/100
|move|p2a: Vileplume|Corrosive Gas|p1a: Stakataka
|-enditem|p1a: Stakataka|Leftovers|[from] move: Corrosive Gas|[of] p2a: Vileplume
|
|upkeep
|turn|60
|
|t:|1625735686
|move|p2a: Vileplume|Strength Sap|p1a: Stakataka
|-unboost|p1a: Stakataka|atk|1
|move|p1a: Stakataka|Gyro Ball|p2a: Vileplume
|-damage|p2a: Vileplume|73/100
|
|-end|p2a: Vileplume|move: Future Sight
|-supereffective|p2a: Vileplume
|-damage|p2a: Vileplume|0 fnt
|faint|p2a: Vileplume
|upkeep
|
|t:|1625735689
|switch|p2a: Raikou|Raikou|85/100
|-ability|p2a: Raikou|Pressure
|turn|61
|
|t:|1625735694
|switch|p1a: Gastrodon|Gastrodon, F|88/100 tox
|move|p2a: Raikou|Aura Sphere|p1a: Gastrodon
|-damage|p1a: Gastrodon|66/100 tox
|
|-damage|p1a: Gastrodon|60/100 tox|[from] psn
|upkeep
|turn|62
|inactive|Battle timer is ON: inactive players will automatically lose when time's up. (requested by RULT50Z Rampage)
|
|t:|1625735705
|switch|p2a: Flygon|Flygon, M|100/100
|move|p1a: Gastrodon|Recover|p1a: Gastrodon
|-heal|p1a: Gastrodon|100/100 tox
|
|-damage|p1a: Gastrodon|88/100 tox|[from] psn
|upkeep
|turn|63
|
|t:|1625735710
|switch|p1a: Togekiss|Togekiss, M|92/100
|move|p2a: Flygon|U-turn|p1a: Togekiss
|-resisted|p1a: Togekiss
|-damage|p1a: Togekiss|88/100
|
|t:|1625735713
|switch|p2a: Raikou|Raikou|85/100|[from]move: U-turn
|-ability|p2a: Raikou|Pressure
|
|upkeep
|turn|64
|
|t:|1625735716
|switch|p1a: Reuniclus|Reuniclus, M|73/100 tox
|move|p2a: Raikou|Thunderbolt|p1a: Reuniclus
|-damage|p1a: Reuniclus|43/100 tox
|
|-damage|p1a: Reuniclus|36/100 tox|[from] psn
|upkeep
|turn|65
|
|t:|1625735720
|switch|p1a: Gastrodon|Gastrodon, F|88/100 tox
|move|p2a: Raikou|Thunderbolt|p1a: Gastrodon
|-immune|p1a: Gastrodon
|
|-damage|p1a: Gastrodon|82/100 tox|[from] psn
|upkeep
|turn|66
|
|t:|1625735725
|move|p2a: Raikou|Aura Sphere|p1a: Gastrodon
|-damage|p1a: Gastrodon|57/100 tox
|move|p1a: Gastrodon|Toxic|p2a: Raikou
|-status|p2a: Raikou|tox
|
|-damage|p2a: Raikou|79/100 tox|[from] psn
|-damage|p1a: Gastrodon|45/100 tox|[from] psn
|upkeep
|turn|67
|
|t:|1625735732
|switch|p2a: Flygon|Flygon, M|100/100
|move|p1a: Gastrodon|Recover|p1a: Gastrodon
|-heal|p1a: Gastrodon|95/100 tox
|
|-damage|p1a: Gastrodon|77/100 tox|[from] psn
|upkeep
|turn|68
|
|t:|1625735751
|switch|p1a: Togekiss|Togekiss, M|88/100
|move|p2a: Flygon|U-turn|p1a: Togekiss
|-resisted|p1a: Togekiss
|-damage|p1a: Togekiss|85/100
|
|t:|1625735753
|switch|p2a: Raikou|Raikou|79/100 tox|[from]move: U-turn
|-ability|p2a: Raikou|Pressure
|
|-damage|p2a: Raikou|73/100 tox|[from] psn
|upkeep
|turn|69
|
|t:|1625735755
|switch|p1a: Reuniclus|Reuniclus, M|70/100 tox
|move|p2a: Raikou|Thunderbolt|p1a: Reuniclus
|-damage|p1a: Reuniclus|43/100 tox
|
|-damage|p2a: Raikou|60/100 tox|[from] psn
|-damage|p1a: Reuniclus|36/100 tox|[from] psn
|upkeep
|turn|70
|-message|RULT50Z Rampage forfeited.
|
|win|beast under moon
|l|☆RULT50Z Rampage
|raw|beast under moon's rating: 1000 &rarr; <strong>1061</strong><br />(+61 for winning)
|raw|RULT50Z Rampage's rating: 1207 &rarr; <strong>1169</strong><br />(-38 for losing)
|n|‽beast under moon|beastundermoon
|n|‽beast under moon|beastundermoon
||Ladder isn't responding, score probably updated but might not have (Request timeout).
