|j|☆lighthouses
|j|☆Dollainthewoods
|player|p1|lighthouses|greta-gen3|1508
|player|p2|Dollainthewoods|pokekid|1562
|teamsize|p1|6
|teamsize|p2|6
|gametype|singles
|gen|8
|tier|[Gen 8] RU
|rated|
|clearpoke
|poke|p1|Salazzle, F|
|poke|p1|Sigilyph, F|
|poke|p1|Gurdurr, F|
|poke|p1|Gigalith, M|
|poke|p1|Whimsicott, F|
|poke|p1|Rotom|
|poke|p2|Vileplume, F|
|poke|p2|Gigalith, M|
|poke|p2|Sableye, F|
|poke|p2|Vaporeon, F|
|poke|p2|Salazzle, F|
|poke|p2|Xatu, F|
|rule|Sleep Clause Mod: Limit one foe put to sleep
|rule|Species Clause: Limit one of each Pokémon
|rule|OHKO Clause: OHKO moves are banned
|rule|Evasion Moves Clause: Evasion moves are banned
|rule|Endless Battle Clause: Forcing endless battles is banned
|rule|HP Percentage Mod: HP is shown in percentages
|rule|Dynamax Clause: You cannot dynamax
|teampreview
|c|☆Dollainthewoods|aight
|inactive|Battle timer is ON: inactive players will automatically lose when time's up. (requested by Dollainthewoods)
|c|☆lighthouses|thats a hard ass counter team
|c|☆lighthouses|im fricked
|c|☆Dollainthewoods|no
|c|☆Dollainthewoods|sorry
|c|☆Dollainthewoods|i was just
|c|☆lighthouses|o not as in
|c|☆Dollainthewoods|using this team
|c|☆lighthouses|u made it on purppose
|c|☆Dollainthewoods|oh lol
|c|☆Dollainthewoods|yeah naw
|inactive|lighthouses has 120 seconds left.
|
|start
|switch|p1a: Salazzle|Salazzle, F|100/100
|switch|p2a: Vileplume|Vileplume, F|100/100
|turn|1
|j|+Feliburn
|c|☆Dollainthewoods|this shit has tore apart the ladder
|
|switch|p2a: Xatu|Xatu, F|100/100
|move|p1a: Salazzle|Toxic|p2a: Xatu
|move|p2a: Xatu|Toxic|p1a: Salazzle|[from]Magic Bounce
|-immune|p1a: Salazzle
|
|upkeep
|turn|2
|c|☆lighthouses|looks like it would
|
|move|p1a: Salazzle|Fire Blast|p2a: Xatu
|-damage|p2a: Xatu|32/100
|move|p2a: Xatu|U-turn|p1a: Salazzle
|-resisted|p1a: Salazzle
|-damage|p1a: Salazzle|95/100
|
|switch|p2a: Gigalith|Gigalith, M|100/100|[from]move: U-turn
|-weather|Sandstorm|[from] ability: Sand Stream|[of] p2a: Gigalith
|
|-weather|Sandstorm|[upkeep]
|-damage|p1a: Salazzle|89/100|[from] Sandstorm
|upkeep
|turn|3
|
|move|p1a: Salazzle|Toxic|p2a: Gigalith
|-status|p2a: Gigalith|tox
|move|p2a: Gigalith|Stealth Rock|p1a: Salazzle
|-sidestart|p1: lighthouses|move: Stealth Rock
|
|-weather|Sandstorm|[upkeep]
|-damage|p1a: Salazzle|83/100|[from] Sandstorm
|-damage|p2a: Gigalith|94/100 tox|[from] psn
|upkeep
|turn|4
|
|switch|p1a: Gurdurr|Gurdurr, F|100/100
|-damage|p1a: Gurdurr|94/100|[from] Stealth Rock
|move|p2a: Gigalith|Earthquake|p1a: Gurdurr
|-damage|p1a: Gurdurr|75/100
|
|-weather|Sandstorm|[upkeep]
|-damage|p1a: Gurdurr|68/100|[from] Sandstorm
|-heal|p2a: Gigalith|100/100 tox|[from] item: Leftovers
|-damage|p2a: Gigalith|88/100 tox|[from] psn
|upkeep
|turn|5
|
|switch|p2a: Xatu|Xatu, F|32/100
|move|p1a: Gurdurr|Defog|p2a: Xatu
|move|p2a: Xatu|Defog|p1a: Gurdurr|[from]Magic Bounce
|-unboost|p1a: Gurdurr|evasion|1
|-sideend|p1: lighthouses|Stealth Rock|[from] move: Defog|[of] p2a: Xatu
|
|-weather|Sandstorm|[upkeep]
|-damage|p2a: Xatu|26/100|[from] Sandstorm
|-damage|p1a: Gurdurr|62/100|[from] Sandstorm
|upkeep
|turn|6
|
|switch|p1a: Sigilyph|Sigilyph, F|100/100
|move|p2a: Xatu|Psychic|p1a: Sigilyph
|-resisted|p1a: Sigilyph
|-damage|p1a: Sigilyph|79/100
|
|-weather|none
|upkeep
|turn|7
|
|switch|p2a: Vaporeon|Vaporeon, F|100/100
|move|p1a: Sigilyph|Dark Pulse|p2a: Vaporeon
|-crit|p2a: Vaporeon
|-damage|p2a: Vaporeon|73/100
|
|-heal|p2a: Vaporeon|80/100|[from] item: Leftovers
|upkeep
|turn|8
|
|move|p1a: Sigilyph|Psyshock|p2a: Vaporeon
|-damage|p2a: Vaporeon|27/100
|move|p2a: Vaporeon|Wish|p2a: Vaporeon
|
|-heal|p2a: Vaporeon|34/100|[from] item: Leftovers
|upkeep
|turn|9
|
|switch|p1a: Gigalith|Gigalith, M|100/100
|-weather|Sandstorm|[from] ability: Sand Stream|[of] p1a: Gigalith
|move|p2a: Vaporeon|Protect||[still]
|-fail|p2a: Vaporeon
|
|-weather|Sandstorm|[upkeep]
|-damage|p2a: Vaporeon|27/100|[from] Sandstorm
|-heal|p2a: Vaporeon|77/100|[from] move: Wish|[wisher] Vaporeon
|-heal|p2a: Vaporeon|84/100|[from] item: Leftovers
|upkeep
|turn|10
|
|move|p2a: Vaporeon|Wish|p2a: Vaporeon
|move|p1a: Gigalith|Stone Edge|p2a: Vaporeon
|-damage|p2a: Vaporeon|25/100
|
|-weather|Sandstorm|[upkeep]
|-damage|p2a: Vaporeon|18/100|[from] Sandstorm
|-heal|p2a: Vaporeon|25/100|[from] item: Leftovers
|upkeep
|turn|11
|
|move|p2a: Vaporeon|Protect|p2a: Vaporeon
|-singleturn|p2a: Vaporeon|Protect
|move|p1a: Gigalith|Stealth Rock|p2a: Vaporeon
|-sidestart|p2: Dollainthewoods|move: Stealth Rock
|
|-weather|Sandstorm|[upkeep]
|-damage|p2a: Vaporeon|18/100|[from] Sandstorm
|-heal|p2a: Vaporeon|68/100|[from] move: Wish|[wisher] Vaporeon
|-heal|p2a: Vaporeon|75/100|[from] item: Leftovers
|upkeep
|turn|12
|
|move|p2a: Vaporeon|Wish|p2a: Vaporeon
|move|p1a: Gigalith|Stone Edge|p2a: Vaporeon
|-damage|p2a: Vaporeon|15/100
|
|-weather|Sandstorm|[upkeep]
|-damage|p2a: Vaporeon|8/100|[from] Sandstorm
|-heal|p2a: Vaporeon|15/100|[from] item: Leftovers
|upkeep
|turn|13
|
|switch|p1a: Rotom|Rotom|100/100
|move|p2a: Vaporeon|Protect||[still]
|-fail|p2a: Vaporeon
|
|-weather|none
|-heal|p2a: Vaporeon|65/100|[from] move: Wish|[wisher] Vaporeon
|-heal|p2a: Vaporeon|71/100|[from] item: Leftovers
|upkeep
|turn|14
|
|move|p2a: Vaporeon|Protect|p2a: Vaporeon
|-singleturn|p2a: Vaporeon|Protect
|move|p1a: Rotom|Thunderbolt|p2a: Vaporeon
|-activate|p2a: Vaporeon|move: Protect
|
|-heal|p2a: Vaporeon|77/100|[from] item: Leftovers
|upkeep
|turn|15
|
|switch|p2a: Vileplume|Vileplume, F|100/100
|-damage|p2a: Vileplume|88/100|[from] Stealth Rock
|move|p1a: Rotom|Thunderbolt|p2a: Vileplume
|-resisted|p2a: Vileplume
|-crit|p2a: Vileplume
|-damage|p2a: Vileplume|57/100
|
|-heal|p2a: Vileplume|63/100|[from] item: Black Sludge
|upkeep
|turn|16
|
|switch|p1a: Salazzle|Salazzle, F|83/100
|move|p2a: Vileplume|Sleep Powder|p1a: Salazzle
|-status|p1a: Salazzle|slp|[from] move: Sleep Powder
|
|-heal|p2a: Vileplume|69/100|[from] item: Black Sludge
|upkeep
|turn|17
|c|+Feliburn|damn diogo vs diogo
|
|switch|p1a: Sigilyph|Sigilyph, F|79/100
|move|p2a: Vileplume|Sludge Bomb|p1a: Sigilyph
|-damage|p1a: Sigilyph|32/100
|-status|p1a: Sigilyph|psn
|
|-heal|p2a: Vileplume|75/100|[from] item: Black Sludge
|upkeep
|turn|18
|
|switch|p2a: Sableye|Sableye, F|100/100
|-damage|p2a: Sableye|88/100|[from] Stealth Rock
|move|p1a: Sigilyph|Roost|p1a: Sigilyph
|-heal|p1a: Sigilyph|82/100 psn
|-singleturn|p1a: Sigilyph|move: Roost
|
|-heal|p2a: Sableye|94/100|[from] item: Leftovers
|upkeep
|turn|19
|
|switch|p1a: Gurdurr|Gurdurr, F|62/100
|move|p2a: Sableye|Knock Off|p1a: Gurdurr
|-resisted|p1a: Gurdurr
|-damage|p1a: Gurdurr|53/100
|-enditem|p1a: Gurdurr|Eviolite|[from] move: Knock Off|[of] p2a: Sableye
|
|-heal|p2a: Sableye|100/100|[from] item: Leftovers
|upkeep
|turn|20
|
|move|p2a: Sableye|Will-O-Wisp|p1a: Gurdurr|[miss]
|-miss|p2a: Sableye|p1a: Gurdurr
|move|p1a: Gurdurr|Stone Edge|p2a: Sableye|[miss]
|-miss|p1a: Gurdurr|p2a: Sableye
|
|upkeep
|turn|21
|
|move|p2a: Sableye|Encore|p1a: Gurdurr
|-start|p1a: Gurdurr|Encore
|move|p1a: Gurdurr|Stone Edge|p2a: Sableye
|-damage|p2a: Sableye|65/100
|
|-heal|p2a: Sableye|71/100|[from] item: Leftovers
|upkeep
|turn|22
|j| dracovishisbroken
|
|switch|p1a: Whimsicott|Whimsicott, F|100/100
|move|p2a: Sableye|Knock Off|p1a: Whimsicott
|-resisted|p1a: Whimsicott
|-damage|p1a: Whimsicott|81/100
|-enditem|p1a: Whimsicott|Leftovers|[from] move: Knock Off|[of] p2a: Sableye
|
|-heal|p2a: Sableye|77/100|[from] item: Leftovers
|upkeep
|turn|23
|
|switch|p2a: Vaporeon|Vaporeon, F|77/100
|-damage|p2a: Vaporeon|65/100|[from] Stealth Rock
|move|p1a: Whimsicott|Hurricane|p2a: Vaporeon|[miss]
|-miss|p1a: Whimsicott|p2a: Vaporeon
|
|-heal|p2a: Vaporeon|71/100|[from] item: Leftovers
|upkeep
|turn|24
|j| radioactivekittens
|
|move|p1a: Whimsicott|Giga Drain|p2a: Vaporeon
|-supereffective|p2a: Vaporeon
|-damage|p2a: Vaporeon|37/100
|-heal|p1a: Whimsicott|100/100|[from] drain|[of] p2a: Vaporeon
|move|p2a: Vaporeon|Wish|p2a: Vaporeon
|
|-heal|p2a: Vaporeon|43/100|[from] item: Leftovers
|upkeep
|turn|25
|j|%EviGaro
|
|switch|p1a: Sigilyph|Sigilyph, F|82/100 psn
|move|p2a: Vaporeon|Scald|p1a: Sigilyph
|-damage|p1a: Sigilyph|40/100 psn
|
|-heal|p2a: Vaporeon|93/100|[from] move: Wish|[wisher] Vaporeon
|-heal|p2a: Vaporeon|99/100|[from] item: Leftovers
|upkeep
|turn|26
|
|move|p1a: Sigilyph|Roost|p1a: Sigilyph
|-heal|p1a: Sigilyph|90/100 psn
|-singleturn|p1a: Sigilyph|move: Roost
|move|p2a: Vaporeon|Wish|p2a: Vaporeon
|
|-heal|p2a: Vaporeon|100/100|[from] item: Leftovers
|upkeep
|turn|27
|j| retorno
|
|switch|p2a: Gigalith|Gigalith, M|88/100 tox
|-damage|p2a: Gigalith|76/100 tox|[from] Stealth Rock
|-weather|Sandstorm|[from] ability: Sand Stream|[of] p2a: Gigalith
|move|p1a: Sigilyph|Psyshock|p2a: Gigalith
|-damage|p2a: Gigalith|45/100 tox
|
|-weather|Sandstorm|[upkeep]
|-heal|p2a: Gigalith|100/100 tox|[from] move: Wish|[wisher] Vaporeon
|-damage|p2a: Gigalith|94/100 tox|[from] psn
|upkeep
|turn|28
|
|switch|p1a: Gurdurr|Gurdurr, F|53/100
|move|p2a: Gigalith|Stealth Rock|p1a: Gurdurr
|-sidestart|p1: lighthouses|move: Stealth Rock
|
|-weather|Sandstorm|[upkeep]
|-damage|p1a: Gurdurr|47/100|[from] Sandstorm
|-heal|p2a: Gigalith|100/100 tox|[from] item: Leftovers
|-damage|p2a: Gigalith|88/100 tox|[from] psn
|upkeep
|turn|29
|l| retorno
|j| Odd Della Robbia
|
|switch|p1a: Gigalith|Gigalith, M|100/100
|-damage|p1a: Gigalith|88/100|[from] Stealth Rock
|switch|p2a: Sableye|Sableye, F|77/100
|-damage|p2a: Sableye|65/100|[from] Stealth Rock
|
|-weather|Sandstorm|[upkeep]
|-damage|p2a: Sableye|59/100|[from] Sandstorm
|-heal|p2a: Sableye|65/100|[from] item: Leftovers
|-heal|p1a: Gigalith|94/100|[from] item: Leftovers
|upkeep
|turn|30
|
|switch|p1a: Whimsicott|Whimsicott, F|100/100
|-damage|p1a: Whimsicott|88/100|[from] Stealth Rock
|move|p2a: Sableye|Will-O-Wisp|p1a: Whimsicott
|-status|p1a: Whimsicott|brn
|
|-weather|Sandstorm|[upkeep]
|-damage|p1a: Whimsicott|82/100 brn|[from] Sandstorm
|-damage|p2a: Sableye|59/100|[from] Sandstorm
|-heal|p2a: Sableye|65/100|[from] item: Leftovers
|-damage|p1a: Whimsicott|76/100 brn|[from] brn
|upkeep
|turn|31
|
|switch|p2a: Vaporeon|Vaporeon, F|100/100
|-damage|p2a: Vaporeon|88/100|[from] Stealth Rock
|move|p1a: Whimsicott|Moonblast|p2a: Vaporeon
|-damage|p2a: Vaporeon|68/100
|-unboost|p2a: Vaporeon|spa|1
|
|-weather|none
|-heal|p2a: Vaporeon|74/100|[from] item: Leftovers
|-damage|p1a: Whimsicott|70/100 brn|[from] brn
|upkeep
|turn|32
|
|move|p1a: Whimsicott|Giga Drain|p2a: Vaporeon
|-supereffective|p2a: Vaporeon
|-damage|p2a: Vaporeon|43/100
|-heal|p1a: Whimsicott|97/100 brn|[from] drain|[of] p2a: Vaporeon
|move|p2a: Vaporeon|Wish|p2a: Vaporeon
|
|-heal|p2a: Vaporeon|49/100|[from] item: Leftovers
|-damage|p1a: Whimsicott|91/100 brn|[from] brn
|upkeep
|turn|33
|
|move|p1a: Whimsicott|Giga Drain|p2a: Vaporeon
|-supereffective|p2a: Vaporeon
|-damage|p2a: Vaporeon|18/100
|-heal|p1a: Whimsicott|100/100 brn|[from] drain|[of] p2a: Vaporeon
|move|p2a: Vaporeon|Haze|p2a: Vaporeon
|-clearallboost
|
|-heal|p2a: Vaporeon|68/100|[from] move: Wish|[wisher] Vaporeon
|-heal|p2a: Vaporeon|75/100|[from] item: Leftovers
|-damage|p1a: Whimsicott|94/100 brn|[from] brn
|upkeep
|turn|34
|
|move|p1a: Whimsicott|Giga Drain|p2a: Vaporeon
|-supereffective|p2a: Vaporeon
|-damage|p2a: Vaporeon|41/100
|-heal|p1a: Whimsicott|100/100 brn|[from] drain|[of] p2a: Vaporeon
|move|p2a: Vaporeon|Wish|p2a: Vaporeon
|
|-heal|p2a: Vaporeon|47/100|[from] item: Leftovers
|-damage|p1a: Whimsicott|94/100 brn|[from] brn
|upkeep
|turn|35
|
|move|p2a: Vaporeon|Protect|p2a: Vaporeon
|-singleturn|p2a: Vaporeon|Protect
|move|p1a: Whimsicott|Moonblast|p2a: Vaporeon
|-activate|p2a: Vaporeon|move: Protect
|
|-heal|p2a: Vaporeon|97/100|[from] move: Wish|[wisher] Vaporeon
|-heal|p2a: Vaporeon|100/100|[from] item: Leftovers
|-damage|p1a: Whimsicott|88/100 brn|[from] brn
|upkeep
|turn|36
|
|move|p1a: Whimsicott|U-turn|p2a: Vaporeon
|-damage|p2a: Vaporeon|95/100
|
|switch|p1a: Sigilyph|Sigilyph, F|90/100 psn|[from]move: U-turn
|move|p2a: Vaporeon|Wish|p2a: Vaporeon
|
|-heal|p2a: Vaporeon|100/100|[from] item: Leftovers
|upkeep
|turn|37
|j| tgdhhshhsshghsg
|inactive|Dollainthewoods has 120 seconds left.
|
|switch|p1a: Whimsicott|Whimsicott, F|88/100 brn
|-damage|p1a: Whimsicott|76/100 brn|[from] Stealth Rock
|move|p2a: Vaporeon|Scald|p1a: Whimsicott
|-resisted|p1a: Whimsicott
|-damage|p1a: Whimsicott|52/100 brn
|
|-damage|p1a: Whimsicott|46/100 brn|[from] brn
|upkeep
|turn|38
|
|move|p2a: Vaporeon|Protect|p2a: Vaporeon
|-singleturn|p2a: Vaporeon|Protect
|move|p1a: Whimsicott|Giga Drain|p2a: Vaporeon
|-activate|p2a: Vaporeon|move: Protect
|
|-damage|p1a: Whimsicott|40/100 brn|[from] brn
|upkeep
|turn|39
|
|switch|p2a: Salazzle|Salazzle, F|100/100
|move|p1a: Whimsicott|Giga Drain|p2a: Salazzle
|-resisted|p2a: Salazzle
|-damage|p2a: Salazzle|91/100
|-heal|p1a: Whimsicott|46/100 brn|[from] drain|[of] p2a: Salazzle
|
|-damage|p1a: Whimsicott|40/100 brn|[from] brn
|upkeep
|turn|40
|
|switch|p1a: Salazzle|Salazzle, F|83/100 slp
|move|p2a: Salazzle|Flamethrower|p1a: Salazzle
|-resisted|p1a: Salazzle
|-damage|p1a: Salazzle|53/100 slp
|
|upkeep
|turn|41
|
|switch|p1a: Gigalith|Gigalith, M|94/100
|-damage|p1a: Gigalith|82/100|[from] Stealth Rock
|-weather|Sandstorm|[from] ability: Sand Stream|[of] p1a: Gigalith
|move|p2a: Salazzle|Flamethrower|p1a: Gigalith
|-resisted|p1a: Gigalith
|-damage|p1a: Gigalith|69/100
|
|-weather|Sandstorm|[upkeep]
|-damage|p2a: Salazzle|85/100|[from] Sandstorm
|-heal|p1a: Gigalith|75/100|[from] item: Leftovers
|upkeep
|turn|42
|
|switch|p2a: Xatu|Xatu, F|26/100
|-damage|p2a: Xatu|1/100|[from] Stealth Rock
|move|p1a: Gigalith|Stone Edge|p2a: Xatu
|-supereffective|p2a: Xatu
|-crit|p2a: Xatu
|-damage|p2a: Xatu|0 fnt
|faint|p2a: Xatu
|
|-weather|Sandstorm|[upkeep]
|-heal|p1a: Gigalith|81/100|[from] item: Leftovers
|upkeep
|
|switch|p2a: Sableye|Sableye, F|65/100
|-damage|p2a: Sableye|52/100|[from] Stealth Rock
|turn|43
|
|move|p2a: Sableye|Recover|p2a: Sableye
|-heal|p2a: Sableye|100/100
|move|p1a: Gigalith|Stone Edge|p2a: Sableye
|-damage|p2a: Sableye|35/100
|
|-weather|Sandstorm|[upkeep]
|-damage|p2a: Sableye|29/100|[from] Sandstorm
|-heal|p2a: Sableye|35/100|[from] item: Leftovers
|-heal|p1a: Gigalith|87/100|[from] item: Leftovers
|upkeep
|turn|44
|j| retorno
|
|move|p2a: Sableye|Recover|p2a: Sableye
|-heal|p2a: Sableye|85/100
|move|p1a: Gigalith|Stone Edge|p2a: Sableye
|-damage|p2a: Sableye|21/100
|
|-weather|Sandstorm|[upkeep]
|-damage|p2a: Sableye|15/100|[from] Sandstorm
|-heal|p2a: Sableye|21/100|[from] item: Leftovers
|-heal|p1a: Gigalith|93/100|[from] item: Leftovers
|upkeep
|turn|45
|
|move|p2a: Sableye|Recover|p2a: Sableye
|-heal|p2a: Sableye|71/100
|move|p1a: Gigalith|Stone Edge|p2a: Sableye
|-damage|p2a: Sableye|4/100
|
|-weather|none
|-heal|p2a: Sableye|10/100|[from] item: Leftovers
|-heal|p1a: Gigalith|99/100|[from] item: Leftovers
|upkeep
|turn|46
|c| retorno|da wow
|c| retorno|po
|
|move|p2a: Sableye|Recover|p2a: Sableye
|-heal|p2a: Sableye|60/100
|move|p1a: Gigalith|Stone Edge|p2a: Sableye
|-damage|p2a: Sableye|0 fnt
|faint|p2a: Sableye
|
|-heal|p1a: Gigalith|100/100|[from] item: Leftovers
|upkeep
|c| retorno|n vai missar
|
|switch|p2a: Vaporeon|Vaporeon, F|100/100
|-damage|p2a: Vaporeon|88/100|[from] Stealth Rock
|turn|47
|
|switch|p1a: Sigilyph|Sigilyph, F|90/100 psn
|move|p2a: Vaporeon|Scald|p1a: Sigilyph
|-damage|p1a: Sigilyph|47/100 psn
|
|-heal|p2a: Vaporeon|94/100|[from] item: Leftovers
|upkeep
|turn|48
|
|move|p1a: Sigilyph|Roost|p1a: Sigilyph
|-heal|p1a: Sigilyph|97/100 psn
|-singleturn|p1a: Sigilyph|move: Roost
|move|p2a: Vaporeon|Scald|p1a: Sigilyph
|-damage|p1a: Sigilyph|51/100 psn
|
|-heal|p2a: Vaporeon|100/100|[from] item: Leftovers
|upkeep
|turn|49
|
|move|p1a: Sigilyph|Psyshock|p2a: Vaporeon
|-damage|p2a: Vaporeon|49/100
|move|p2a: Vaporeon|Wish|p2a: Vaporeon
|
|-heal|p2a: Vaporeon|55/100|[from] item: Leftovers
|upkeep
|turn|50
|
|move|p1a: Sigilyph|Roost|p1a: Sigilyph
|-heal|p1a: Sigilyph|100/100 psn
|-singleturn|p1a: Sigilyph|move: Roost
|move|p2a: Vaporeon|Scald|p1a: Sigilyph
|-damage|p1a: Sigilyph|54/100 psn
|
|-heal|p2a: Vaporeon|100/100|[from] move: Wish|[wisher] Vaporeon
|upkeep
|turn|51
|
|move|p1a: Sigilyph|Psyshock|p2a: Vaporeon
|-damage|p2a: Vaporeon|51/100
|move|p2a: Vaporeon|Wish|p2a: Vaporeon
|
|-heal|p2a: Vaporeon|57/100|[from] item: Leftovers
|upkeep
|turn|52
|
|move|p1a: Sigilyph|Psyshock|p2a: Vaporeon
|-damage|p2a: Vaporeon|9/100
|move|p2a: Vaporeon|Scald|p1a: Sigilyph
|-damage|p1a: Sigilyph|10/100 psn
|
|-heal|p2a: Vaporeon|59/100|[from] move: Wish|[wisher] Vaporeon
|-heal|p2a: Vaporeon|65/100|[from] item: Leftovers
|upkeep
|turn|53
|
|move|p1a: Sigilyph|Psyshock|p2a: Vaporeon
|-damage|p2a: Vaporeon|13/100
|move|p2a: Vaporeon|Wish|p2a: Vaporeon
|
|-heal|p2a: Vaporeon|19/100|[from] item: Leftovers
|upkeep
|turn|54
|j| READY 4 WHATEVER
|
|move|p2a: Vaporeon|Protect|p2a: Vaporeon
|-singleturn|p2a: Vaporeon|Protect
|move|p1a: Sigilyph|Psyshock|p2a: Vaporeon
|-activate|p2a: Vaporeon|move: Protect
|
|-heal|p2a: Vaporeon|69/100|[from] move: Wish|[wisher] Vaporeon
|-heal|p2a: Vaporeon|76/100|[from] item: Leftovers
|upkeep
|turn|55
|
|move|p1a: Sigilyph|Psyshock|p2a: Vaporeon
|-crit|p2a: Vaporeon
|-damage|p2a: Vaporeon|1/100
|move|p2a: Vaporeon|Wish|p2a: Vaporeon
|
|-heal|p2a: Vaporeon|7/100|[from] item: Leftovers
|upkeep
|turn|56
|
|move|p2a: Vaporeon|Protect|p2a: Vaporeon
|-singleturn|p2a: Vaporeon|Protect
|move|p1a: Sigilyph|Roost|p1a: Sigilyph
|-heal|p1a: Sigilyph|60/100 psn
|-singleturn|p1a: Sigilyph|move: Roost
|
|-heal|p2a: Vaporeon|57/100|[from] move: Wish|[wisher] Vaporeon
|-heal|p2a: Vaporeon|63/100|[from] item: Leftovers
|upkeep
|turn|57
|
|move|p1a: Sigilyph|Psyshock|p2a: Vaporeon
|-damage|p2a: Vaporeon|16/100
|move|p2a: Vaporeon|Wish|p2a: Vaporeon
|
|-heal|p2a: Vaporeon|22/100|[from] item: Leftovers
|upkeep
|turn|58
|
|move|p2a: Vaporeon|Protect|p2a: Vaporeon
|-singleturn|p2a: Vaporeon|Protect
|move|p1a: Sigilyph|Dark Pulse|p2a: Vaporeon
|-activate|p2a: Vaporeon|move: Protect
|
|-heal|p2a: Vaporeon|72/100|[from] move: Wish|[wisher] Vaporeon
|-heal|p2a: Vaporeon|78/100|[from] item: Leftovers
|upkeep
|turn|59
|
|switch|p2a: Gigalith|Gigalith, M|88/100 tox
|-damage|p2a: Gigalith|76/100 tox|[from] Stealth Rock
|-weather|Sandstorm|[from] ability: Sand Stream|[of] p2a: Gigalith
|move|p1a: Sigilyph|Psyshock|p2a: Gigalith
|-damage|p2a: Gigalith|44/100 tox
|
|-weather|Sandstorm|[upkeep]
|-heal|p2a: Gigalith|50/100 tox|[from] item: Leftovers
|-damage|p2a: Gigalith|44/100 tox|[from] psn
|upkeep
|turn|60
|
|move|p1a: Sigilyph|Roost|p1a: Sigilyph
|-heal|p1a: Sigilyph|100/100 psn
|-singleturn|p1a: Sigilyph|move: Roost
|move|p2a: Gigalith|Stone Edge|p1a: Sigilyph
|-damage|p1a: Sigilyph|40/100 psn
|
|-weather|Sandstorm|[upkeep]
|-heal|p2a: Gigalith|50/100 tox|[from] item: Leftovers
|-damage|p2a: Gigalith|38/100 tox|[from] psn
|upkeep
|turn|61
|
|switch|p1a: Gigalith|Gigalith, M|100/100
|-damage|p1a: Gigalith|88/100|[from] Stealth Rock
|move|p2a: Gigalith|Stone Edge|p1a: Gigalith
|-damage|p1a: Gigalith|51/100
|
|-weather|Sandstorm|[upkeep]
|-heal|p1a: Gigalith|57/100|[from] item: Leftovers
|-heal|p2a: Gigalith|44/100 tox|[from] item: Leftovers
|-damage|p2a: Gigalith|26/100 tox|[from] psn
|upkeep
|turn|62
|
|move|p1a: Gigalith|Protect|p1a: Gigalith
|-singleturn|p1a: Gigalith|Protect
|move|p2a: Gigalith|Earthquake|p1a: Gigalith
|-activate|p1a: Gigalith|move: Protect
|
|-weather|Sandstorm|[upkeep]
|-heal|p1a: Gigalith|63/100|[from] item: Leftovers
|-heal|p2a: Gigalith|32/100 tox|[from] item: Leftovers
|-damage|p2a: Gigalith|7/100 tox|[from] psn
|upkeep
|turn|63
|
|move|p1a: Gigalith|Superpower|p2a: Gigalith
|-supereffective|p2a: Gigalith
|-damage|p2a: Gigalith|0 fnt
|-unboost|p1a: Gigalith|atk|1
|-unboost|p1a: Gigalith|def|1
|faint|p2a: Gigalith
|
|-weather|none
|-heal|p1a: Gigalith|69/100|[from] item: Leftovers
|upkeep
|
|switch|p2a: Vileplume|Vileplume, F|75/100
|-damage|p2a: Vileplume|63/100|[from] Stealth Rock
|turn|64
|
|switch|p1a: Gurdurr|Gurdurr, F|47/100
|-damage|p1a: Gurdurr|41/100|[from] Stealth Rock
|move|p2a: Vileplume|Sludge Bomb|p1a: Gurdurr
|-damage|p1a: Gurdurr|0 fnt
|faint|p1a: Gurdurr
|
|-heal|p2a: Vileplume|69/100|[from] item: Black Sludge
|upkeep
|
|switch|p1a: Sigilyph|Sigilyph, F|40/100 psn
|turn|65
|
|switch|p2a: Salazzle|Salazzle, F|85/100
|move|p1a: Sigilyph|Psyshock|p2a: Salazzle
|-supereffective|p2a: Salazzle
|-crit|p2a: Salazzle
|-damage|p2a: Salazzle|0 fnt
|faint|p2a: Salazzle
|
|upkeep
|
|switch|p2a: Vaporeon|Vaporeon, F|78/100
|-damage|p2a: Vaporeon|66/100|[from] Stealth Rock
|turn|66
|
|move|p1a: Sigilyph|Psyshock|p2a: Vaporeon
|-damage|p2a: Vaporeon|19/100
|move|p2a: Vaporeon|Scald|p1a: Sigilyph
|-damage|p1a: Sigilyph|0 fnt
|faint|p1a: Sigilyph
|
|-heal|p2a: Vaporeon|25/100|[from] item: Leftovers
|upkeep
|
|switch|p1a: Whimsicott|Whimsicott, F|40/100 brn
|-damage|p1a: Whimsicott|28/100 brn|[from] Stealth Rock
|turn|67
|
|move|p2a: Vaporeon|Protect|p2a: Vaporeon
|-singleturn|p2a: Vaporeon|Protect
|move|p1a: Whimsicott|Giga Drain|p2a: Vaporeon
|-activate|p2a: Vaporeon|move: Protect
|
|-heal|p2a: Vaporeon|31/100|[from] item: Leftovers
|-damage|p1a: Whimsicott|22/100 brn|[from] brn
|upkeep
|turn|68
|
|move|p1a: Whimsicott|Giga Drain|p2a: Vaporeon
|-supereffective|p2a: Vaporeon
|-damage|p2a: Vaporeon|0 fnt
|-heal|p1a: Whimsicott|50/100 brn|[from] drain|[of] p2a: Vaporeon
|faint|p2a: Vaporeon
|
|-damage|p1a: Whimsicott|43/100 brn|[from] brn
|upkeep
|
|switch|p2a: Vileplume|Vileplume, F|69/100
|-damage|p2a: Vileplume|57/100|[from] Stealth Rock
|turn|69
|
|move|p1a: Whimsicott|Hurricane|p2a: Vileplume|[miss]
|-miss|p1a: Whimsicott|p2a: Vileplume
|move|p2a: Vileplume|Sludge Bomb|p1a: Whimsicott
|-supereffective|p1a: Whimsicott
|-damage|p1a: Whimsicott|0 fnt
|faint|p1a: Whimsicott
|
|-heal|p2a: Vileplume|63/100|[from] item: Black Sludge
|upkeep
|
|switch|p1a: Rotom|Rotom|100/100
|-damage|p1a: Rotom|88/100|[from] Stealth Rock
|turn|70
|
|move|p1a: Rotom|Trick|p2a: Vileplume
|-activate|p1a: Rotom|move: Trick|[of] p2a: Vileplume
|-item|p2a: Vileplume|Choice Scarf|[from] move: Trick
|-item|p1a: Rotom|Black Sludge|[from] move: Trick
|move|p2a: Vileplume|Strength Sap|p1a: Rotom
|-unboost|p1a: Rotom|atk|1
|-heal|p2a: Vileplume|89/100
|
|-damage|p1a: Rotom|76/100|[from] item: Black Sludge
|upkeep
|turn|71
|
|move|p1a: Rotom|Shadow Ball|p2a: Vileplume
|-damage|p2a: Vileplume|56/100
|move|p2a: Vileplume|Strength Sap|p1a: Rotom
|-unboost|p1a: Rotom|atk|1
|-heal|p2a: Vileplume|73/100
|
|-damage|p1a: Rotom|63/100|[from] item: Black Sludge
|upkeep
|turn|72
|
|move|p1a: Rotom|Shadow Ball|p2a: Vileplume
|-damage|p2a: Vileplume|40/100
|move|p2a: Vileplume|Strength Sap|p1a: Rotom
|-unboost|p1a: Rotom|atk|1
|-heal|p2a: Vileplume|53/100
|
|-damage|p1a: Rotom|51/100|[from] item: Black Sludge
|upkeep
|turn|73
|
|move|p1a: Rotom|Shadow Ball|p2a: Vileplume
|-damage|p2a: Vileplume|19/100
|-unboost|p2a: Vileplume|spd|1
|move|p2a: Vileplume|Strength Sap|p1a: Rotom
|-unboost|p1a: Rotom|atk|1
|-heal|p2a: Vileplume|30/100
|
|-damage|p1a: Rotom|38/100|[from] item: Black Sludge
|upkeep
|turn|74
|
|move|p1a: Rotom|Shadow Ball|p2a: Vileplume
|-damage|p2a: Vileplume|0 fnt
|faint|p2a: Vileplume
|
|win|lighthouses
|c|☆lighthouses|gg
|l|%EviGaro
|c|☆Dollainthewoods|i choked
|raw|lighthouses's rating: 1508 &rarr; <strong>1531</strong><br />(+23 for winning)
|raw|Dollainthewoods's rating: 1562 &rarr; <strong>1539</strong><br />(-23 for losing)
|c|☆Dollainthewoods|bad
|c|☆Dollainthewoods|gg
|l|☆lighthouses
|l|☆Dollainthewoods
