|j|☆Tintincpajouer
|j|☆DigoZB
|t:|1629463473
|gametype|singles
|player|p1|Tintincpajouer|265|1305
|player|p2|DigoZB|brycen|1213
|teamsize|p1|6
|teamsize|p2|6
|gen|8
|tier|[Gen 8] RU
|rated|
|rule|Sleep Clause Mod: Limit one foe put to sleep
|rule|Species Clause: Limit one of each Pokémon
|rule|OHKO Clause: OHKO moves are banned
|rule|Evasion Moves Clause: Evasion moves are banned
|rule|Endless Battle Clause: Forcing endless battles is banned
|rule|HP Percentage Mod: HP is shown in percentages
|rule|Dynamax Clause: You cannot dynamax
|clearpoke
|poke|p1|Porygon-Z|
|poke|p1|Cobalion|
|poke|p1|Mimikyu, M|
|poke|p1|Shuckle, F|
|poke|p1|Xurkitree|
|poke|p1|Crobat, F|
|poke|p2|Necrozma|
|poke|p2|Ribombee, M|
|poke|p2|Barraskewda, M|
|poke|p2|Xurkitree|
|poke|p2|Golbat, M|
|poke|p2|Darmanitan, F|
|teampreview
|
|t:|1629463481
|start
|switch|p1a: Shuckle|Shuckle, F|100/100
|switch|p2a: Barraskewda|Barraskewda, M|100/100
|turn|1
|
|t:|1629463494
|move|p2a: Barraskewda|Liquidation|p1a: Shuckle
|-supereffective|p1a: Shuckle
|-damage|p1a: Shuckle|28/100
|move|p1a: Shuckle|Sticky Web|p2a: Barraskewda
|-sidestart|p2: DigoZB|move: Sticky Web
|
|upkeep
|turn|2
|
|t:|1629463500
|move|p2a: Barraskewda|Liquidation|p1a: Shuckle
|-supereffective|p1a: Shuckle
|-damage|p1a: Shuckle|0 fnt
|faint|p1a: Shuckle
|
|upkeep
|
|t:|1629463511
|switch|p1a: Xurkitree|Xurkitree|100/100
|turn|3
|
|t:|1629463517
|move|p1a: Xurkitree|Thunderbolt|p2a: Barraskewda
|-supereffective|p2a: Barraskewda
|-damage|p2a: Barraskewda|0 fnt
|faint|p2a: Barraskewda
|-ability|p1a: Xurkitree|Beast Boost|boost
|-boost|p1a: Xurkitree|spa|1
|
|upkeep
|inactive|Battle timer is ON: inactive players will automatically lose when time's up. (requested by Tintincpajouer)
|
|t:|1629463534
|switch|p2a: Necrozma|Necrozma|100/100
|-activate|p2a: Necrozma|move: Sticky Web
|-unboost|p2a: Necrozma|spe|1
|turn|4
|
|t:|1629463538
|move|p1a: Xurkitree|Thunderbolt|p2a: Necrozma
|-damage|p2a: Necrozma|3/100
|move|p2a: Necrozma|Meteor Beam||[still]
|-prepare|p2a: Necrozma|Meteor Beam
|-boost|p2a: Necrozma|spa|1
|-enditem|p2a: Necrozma|Power Herb
|-anim|p2a: Necrozma|Meteor Beam|p1a: Xurkitree
|-damage|p1a: Xurkitree|0 fnt
|faint|p1a: Xurkitree
|
|upkeep
|
|t:|1629463550
|switch|p1a: Mimikyu|Mimikyu, M|100/100
|turn|5
|
|t:|1629463553
|move|p1a: Mimikyu|Shadow Sneak|p2a: Necrozma
|-supereffective|p2a: Necrozma
|-damage|p2a: Necrozma|0 fnt
|faint|p2a: Necrozma
|-damage|p1a: Mimikyu|91/100|[from] item: Life Orb
|
|upkeep
|
|t:|1629463556
|switch|p2a: Golbat|Golbat, M|100/100
|turn|6
|
|t:|1629463563
|move|p1a: Mimikyu|Swords Dance|p1a: Mimikyu
|-boost|p1a: Mimikyu|atk|2
|move|p2a: Golbat|Defog|p1a: Mimikyu
|-unboost|p1a: Mimikyu|evasion|1
|-sideend|p2: DigoZB|Sticky Web|[from] move: Defog|[of] p2a: Golbat
|
|upkeep
|turn|7
|
|t:|1629463575
|move|p1a: Mimikyu|Shadow Claw|p2a: Golbat
|-damage|p2a: Golbat|34/100
|-damage|p1a: Mimikyu|81/100|[from] item: Life Orb
|move|p2a: Golbat|Roost|p2a: Golbat
|-heal|p2a: Golbat|84/100
|-singleturn|p2a: Golbat|move: Roost
|
|upkeep
|turn|8
|
|t:|1629463588
|move|p1a: Mimikyu|Shadow Claw|p2a: Golbat
|-damage|p2a: Golbat|15/100
|-damage|p1a: Mimikyu|71/100|[from] item: Life Orb
|move|p2a: Golbat|Toxic|p1a: Mimikyu
|-status|p1a: Mimikyu|tox
|
|-damage|p1a: Mimikyu|65/100 tox|[from] psn
|upkeep
|turn|9
|
|t:|1629463611
|move|p1a: Mimikyu|Shadow Claw|p2a: Golbat
|-damage|p2a: Golbat|0 fnt
|faint|p2a: Golbat
|-damage|p1a: Mimikyu|55/100 tox|[from] item: Life Orb
|
|-damage|p1a: Mimikyu|43/100 tox|[from] psn
|upkeep
|
|t:|1629463614
|switch|p2a: Ribombee|Ribombee, M|100/100
|turn|10
|
|t:|1629463621
|move|p2a: Ribombee|Sticky Web|p1a: Mimikyu
|-sidestart|p1: Tintincpajouer|move: Sticky Web
|move|p1a: Mimikyu|Shadow Claw|p2a: Ribombee
|-enditem|p2a: Ribombee|Focus Sash
|-damage|p2a: Ribombee|1/100
|-damage|p1a: Mimikyu|33/100 tox|[from] item: Life Orb
|
|-damage|p1a: Mimikyu|15/100 tox|[from] psn
|upkeep
|turn|11
|
|t:|1629463631
|move|p1a: Mimikyu|Shadow Sneak|p2a: Ribombee
|-damage|p2a: Ribombee|0 fnt
|faint|p2a: Ribombee
|-damage|p1a: Mimikyu|5/100 tox|[from] item: Life Orb
|
|-damage|p1a: Mimikyu|0 fnt|[from] psn
|faint|p1a: Mimikyu
|upkeep
|
|t:|1629463642
|switch|p2a: Xurkitree|Xurkitree|100/100
|switch|p1a: Crobat|Crobat, F|100/100
|turn|12
|
|t:|1629463649
|move|p2a: Xurkitree|Thunderbolt|p1a: Crobat
|-supereffective|p1a: Crobat
|-damage|p1a: Crobat|0 fnt
|faint|p1a: Crobat
|-ability|p2a: Xurkitree|Beast Boost|boost
|-boost|p2a: Xurkitree|spa|1
|
|upkeep
|
|t:|1629463656
|switch|p1a: Porygon-Z|Porygon-Z|100/100
|-activate|p1a: Porygon-Z|move: Sticky Web
|-unboost|p1a: Porygon-Z|spe|1
|turn|13
|
|t:|1629463672
|move|p2a: Xurkitree|Thunderbolt|p1a: Porygon-Z
|-damage|p1a: Porygon-Z|0 fnt
|faint|p1a: Porygon-Z
|-ability|p2a: Xurkitree|Beast Boost|boost
|-boost|p2a: Xurkitree|spa|1
|
|upkeep
|
|t:|1629463678
|switch|p1a: Cobalion|Cobalion|100/100
|-activate|p1a: Cobalion|move: Sticky Web
|-unboost|p1a: Cobalion|spe|1
|turn|14
|c|☆Tintincpajouer|Gg
|c|☆DigoZB|gg
|inactive|DigoZB has 120 seconds left.
|
|t:|1629463713
|move|p2a: Xurkitree|Thunderbolt|p1a: Cobalion
|-crit|p1a: Cobalion
|-damage|p1a: Cobalion|0 fnt
|faint|p1a: Cobalion
|
|win|DigoZB
|raw|Tintincpajouer's rating: 1305 &rarr; <strong>1280</strong><br />(-25 for losing)
|raw|DigoZB's rating: 1213 &rarr; <strong>1244</strong><br />(+31 for winning)
|l|☆Tintincpajouer
