|j|☆ash lovers
|j|☆Macandchees3
|player|p1|ash lovers|flannery|
|player|p2|Macandchees3|279|
|teamsize|p1|6
|teamsize|p2|6
|gametype|singles
|gen|8
|tier|[Gen 8] RU
|clearpoke
|poke|p1|Braviary, M|
|poke|p1|Hattrem, F|
|poke|p1|Ninetales, M|
|poke|p1|Whimsicott, F|
|poke|p1|Mudsdale, F|
|poke|p1|Salazzle, F|
|poke|p2|Bewear, M|
|poke|p2|Rotom-Mow|
|poke|p2|Ferroseed, M|
|poke|p2|Toxicroak, M|
|poke|p2|Xatu, M|
|poke|p2|Vaporeon, F|
|rule|Sleep Clause Mod: Limit one foe put to sleep
|rule|Species Clause: Limit one of each Pokémon
|rule|OHKO Clause: OHKO moves are banned
|rule|Evasion Moves Clause: Evasion moves are banned
|rule|Endless Battle Clause: Forcing endless battles is banned
|rule|HP Percentage Mod: HP is shown in percentages
|rule|Dynamax Clause: You cannot dynamax
|teampreview
|c|☆ash lovers|hf
|
|start
|switch|p1a: 海棠亚树|Ninetales, M|100/100
|switch|p2a: Rotom|Rotom-Mow|100/100
|-weather|SunnyDay|[from] ability: Drought|[of] p1a: 海棠亚树
|turn|1
|
|move|p2a: Rotom|Volt Switch|p1a: 海棠亚树
|-damage|p1a: 海棠亚树|66/100
|
|switch|p2a: Vaporeon|Vaporeon, F|100/100|[from]move: Volt Switch
|move|p1a: 海棠亚树|Toxic|p2a: Vaporeon
|-status|p2a: Vaporeon|tox
|
|-weather|SunnyDay|[upkeep]
|-damage|p2a: Vaporeon|94/100 tox|[from] psn
|upkeep
|turn|2
|
|switch|p1a: 海棠晴|Braviary, M|100/100
|move|p2a: Vaporeon|Heal Bell|p2a: Vaporeon
|-activate|p2a: Vaporeon|move: Heal Bell
|-curestatus|p2a: Vaporeon|tox|[msg]
|
|-weather|SunnyDay|[upkeep]
|-heal|p2a: Vaporeon|100/100|[from] item: Leftovers
|upkeep
|turn|3
|c|☆Macandchees3|u2
|
|move|p2a: Vaporeon|Protect|p2a: Vaporeon
|-singleturn|p2a: Vaporeon|Protect
|move|p1a: 海棠晴|Brave Bird|p2a: Vaporeon
|-activate|p2a: Vaporeon|move: Protect
|
|-weather|SunnyDay|[upkeep]
|upkeep
|turn|4
|
|move|p1a: 海棠晴|Brave Bird|p2a: Vaporeon
|-damage|p2a: Vaporeon|28/100
|-damage|p1a: 海棠晴|68/100|[from] Recoil
|move|p2a: Vaporeon|Wish|p2a: Vaporeon
|
|-weather|SunnyDay|[upkeep]
|-heal|p2a: Vaporeon|34/100|[from] item: Leftovers
|upkeep
|turn|5
|
|switch|p1a: 海棠亚树|Ninetales, M|66/100
|move|p2a: Vaporeon|Protect||[still]
|-fail|p2a: Vaporeon
|
|-weather|SunnyDay|[upkeep]
|-heal|p2a: Vaporeon|84/100|[from] move: Wish|[wisher] Vaporeon
|-heal|p2a: Vaporeon|90/100|[from] item: Leftovers
|upkeep
|turn|6
|
|move|p2a: Vaporeon|Protect|p2a: Vaporeon
|-singleturn|p2a: Vaporeon|Protect
|move|p1a: 海棠亚树|Encore|p2a: Vaporeon
|-activate|p2a: Vaporeon|move: Protect
|
|-weather|SunnyDay|[upkeep]
|-heal|p2a: Vaporeon|97/100|[from] item: Leftovers
|upkeep
|turn|7
|
|move|p1a: 海棠亚树|Toxic|p2a: Vaporeon|[miss]
|-miss|p1a: 海棠亚树|p2a: Vaporeon
|move|p2a: Vaporeon|Scald|p1a: 海棠亚树
|-supereffective|p1a: 海棠亚树
|-damage|p1a: 海棠亚树|33/100
|
|-weather|SunnyDay|[upkeep]
|-heal|p2a: Vaporeon|100/100|[from] item: Leftovers
|upkeep
|turn|8
|
|switch|p1a: 海棠花子|Hattrem, F|100/100
|move|p2a: Vaporeon|Scald|p1a: 海棠花子
|-damage|p1a: 海棠花子|90/100
|
|-weather|none
|upkeep
|turn|9
|
|switch|p2a: Rotom|Rotom-Mow|100/100
|move|p1a: 海棠花子|Nuzzle|p2a: Rotom
|-resisted|p2a: Rotom
|-damage|p2a: Rotom|99/100
|
|upkeep
|turn|10
|
|move|p2a: Rotom|Trick|p1a: 海棠花子
|-activate|p2a: Rotom|move: Trick|[of] p1a: 海棠花子
|-item|p1a: 海棠花子|Choice Scarf|[from] move: Trick
|-item|p2a: Rotom|Eviolite|[from] move: Trick
|move|p1a: 海棠花子|Mystical Fire|p2a: Rotom
|-supereffective|p2a: Rotom
|-damage|p2a: Rotom|58/100
|-unboost|p2a: Rotom|spa|1
|
|upkeep
|turn|11
|
|move|p2a: Rotom|Volt Switch|p1a: 海棠花子
|-damage|p1a: 海棠花子|68/100
|
|switch|p2a: Vaporeon|Vaporeon, F|100/100|[from]move: Volt Switch
|move|p1a: 海棠花子|Mystical Fire|p2a: Vaporeon
|-resisted|p2a: Vaporeon
|-damage|p2a: Vaporeon|95/100
|-unboost|p2a: Vaporeon|spa|1
|
|-heal|p2a: Vaporeon|100/100|[from] item: Leftovers
|upkeep
|turn|12
|
|switch|p1a: 海棠亚树|Ninetales, M|33/100
|-weather|SunnyDay|[from] ability: Drought|[of] p1a: 海棠亚树
|move|p2a: Vaporeon|Scald|p1a: 海棠亚树
|-supereffective|p1a: 海棠亚树
|-damage|p1a: 海棠亚树|11/100
|
|-weather|SunnyDay|[upkeep]
|upkeep
|turn|13
|
|switch|p1a: 海棠零|Whimsicott, F|100/100
|move|p2a: Vaporeon|Scald|p1a: 海棠零
|-resisted|p1a: 海棠零
|-damage|p1a: 海棠零|93/100
|
|-weather|SunnyDay|[upkeep]
|upkeep
|turn|14
|
|switch|p1a: 海棠夏生|Salazzle, F|100/100
|switch|p2a: Ferroseed|Ferroseed, M|100/100
|
|-weather|SunnyDay|[upkeep]
|upkeep
|turn|15
|
|switch|p2a: Vaporeon|Vaporeon, F|100/100
|move|p1a: 海棠夏生|Knock Off|p2a: Vaporeon
|-damage|p2a: Vaporeon|90/100
|-enditem|p2a: Vaporeon|Leftovers|[from] move: Knock Off|[of] p1a: 海棠夏生
|
|-weather|SunnyDay|[upkeep]
|upkeep
|turn|16
|
|switch|p1a: 海棠零|Whimsicott, F|93/100
|move|p2a: Vaporeon|Scald|p1a: 海棠零
|-resisted|p1a: 海棠零
|-damage|p1a: 海棠零|82/100
|
|-weather|SunnyDay|[upkeep]
|upkeep
|turn|17
|
|switch|p2a: Ferroseed|Ferroseed, M|100/100
|move|p1a: 海棠零|Giga Drain|p2a: Ferroseed
|-resisted|p2a: Ferroseed
|-damage|p2a: Ferroseed|94/100
|-heal|p1a: 海棠零|85/100|[from] drain|[of] p2a: Ferroseed
|-damage|p1a: 海棠零|75/100|[from] item: Life Orb
|
|-weather|SunnyDay|[upkeep]
|upkeep
|turn|18
|
|switch|p1a: 海棠花子|Hattrem, F|68/100
|move|p2a: Ferroseed|Stealth Rock|p1a: 海棠花子
|move|p1a: 海棠花子|Stealth Rock|p2a: Ferroseed|[from]Magic Bounce
|-sidestart|p2: Macandchees3|move: Stealth Rock
|
|-weather|SunnyDay|[upkeep]
|upkeep
|turn|19
|
|switch|p2a: Vaporeon|Vaporeon, F|90/100
|-damage|p2a: Vaporeon|78/100|[from] Stealth Rock
|move|p1a: 海棠花子|Mystical Fire|p2a: Vaporeon
|-resisted|p2a: Vaporeon
|-damage|p2a: Vaporeon|69/100
|-unboost|p2a: Vaporeon|spa|1
|
|-weather|none
|upkeep
|turn|20
|
|switch|p1a: 海棠晴|Braviary, M|68/100
|move|p2a: Vaporeon|Wish|p2a: Vaporeon
|
|upkeep
|turn|21
|
|switch|p2a: Ferroseed|Ferroseed, M|94/100
|-damage|p2a: Ferroseed|88/100|[from] Stealth Rock
|move|p1a: 海棠晴|Brave Bird|p2a: Ferroseed
|-damage|p2a: Ferroseed|17/100
|-damage|p1a: 海棠晴|56/100|[from] ability: Iron Barbs|[of] p2a: Ferroseed
|-damage|p1a: 海棠晴|35/100|[from] Recoil
|
|-heal|p2a: Ferroseed|96/100|[from] move: Wish|[wisher] Vaporeon
|upkeep
|turn|22
|
|switch|p1a: 海棠花子|Hattrem, F|68/100
|move|p2a: Ferroseed|Stealth Rock|p1a: 海棠花子
|move|p1a: 海棠花子|Stealth Rock||[from]Magic Bounce|[still]
|-fail|p1a: 海棠花子
|
|upkeep
|turn|23
|
|switch|p2a: Xatu|Xatu, M|100/100
|move|p1a: 海棠花子|Healing Wish|p1a: 海棠花子
|faint|p1a: 海棠花子
|
|upkeep
|
|switch|p1a: 海棠晴|Braviary, M|35/100
|-heal|p1a: 海棠晴|100/100|[from] move: Healing Wish
|turn|24
|
|move|p1a: 海棠晴|Brave Bird|p2a: Xatu
|-damage|p2a: Xatu|9/100
|-damage|p1a: 海棠晴|71/100|[from] Recoil
|move|p2a: Xatu|Psychic|p1a: 海棠晴
|-damage|p1a: 海棠晴|35/100
|
|upkeep
|turn|25
|
|move|p1a: 海棠晴|Brave Bird|p2a: Xatu
|-damage|p2a: Xatu|0 fnt
|-damage|p1a: 海棠晴|32/100|[from] Recoil
|faint|p2a: Xatu
|
|upkeep
|
|switch|p2a: Toxicroak|Toxicroak, M|100/100
|-damage|p2a: Toxicroak|94/100|[from] Stealth Rock
|turn|26
|
|switch|p1a: 海棠莳蔴|Mudsdale, F|100/100
|move|p2a: Toxicroak|Sludge Bomb|p1a: 海棠莳蔴
|-resisted|p1a: 海棠莳蔴
|-damage|p1a: 海棠莳蔴|80/100
|-ability|p1a: 海棠莳蔴|Stamina|boost
|-boost|p1a: 海棠莳蔴|def|1
|-damage|p2a: Toxicroak|85/100|[from] item: Life Orb
|
|-heal|p1a: 海棠莳蔴|87/100|[from] item: Leftovers
|upkeep
|turn|27
|
|move|p2a: Toxicroak|Focus Blast|p1a: 海棠莳蔴
|-damage|p1a: 海棠莳蔴|35/100
|-ability|p1a: 海棠莳蔴|Stamina|boost
|-boost|p1a: 海棠莳蔴|def|1
|-damage|p2a: Toxicroak|75/100|[from] item: Life Orb
|move|p1a: 海棠莳蔴|Rock Tomb|p2a: Toxicroak
|-resisted|p2a: Toxicroak
|-damage|p2a: Toxicroak|63/100
|-unboost|p2a: Toxicroak|spe|1
|
|-heal|p1a: 海棠莳蔴|41/100|[from] item: Leftovers
|upkeep
|turn|28
|
|move|p2a: Toxicroak|Focus Blast|p1a: 海棠莳蔴
|-damage|p1a: 海棠莳蔴|0 fnt
|-damage|p2a: Toxicroak|53/100|[from] item: Life Orb
|faint|p1a: 海棠莳蔴
|
|upkeep
|
|switch|p1a: 海棠晴|Braviary, M|32/100
|turn|29
|
|switch|p2a: Ferroseed|Ferroseed, M|96/100
|-damage|p2a: Ferroseed|90/100|[from] Stealth Rock
|move|p1a: 海棠晴|Brave Bird|p2a: Ferroseed
|-damage|p2a: Ferroseed|16/100
|-damage|p1a: 海棠晴|20/100|[from] ability: Iron Barbs|[of] p2a: Ferroseed
|-damage|p1a: 海棠晴|0 fnt|[from] Recoil
|faint|p1a: 海棠晴
|
|upkeep
|
|switch|p1a: 海棠亚树|Ninetales, M|11/100
|-weather|SunnyDay|[from] ability: Drought|[of] p1a: 海棠亚树
|turn|30
|
|move|p1a: 海棠亚树|Solar Beam||[still]
|-prepare|p1a: 海棠亚树|Solar Beam|p2a: Ferroseed
|-anim|p1a: 海棠亚树|Solar Beam|p2a: Ferroseed
|-resisted|p2a: Ferroseed
|-damage|p2a: Ferroseed|12/100
|move|p2a: Ferroseed|Knock Off|p1a: 海棠亚树
|-damage|p1a: 海棠亚树|0 fnt
|-enditem|p1a: 海棠亚树|Heat Rock|[from] move: Knock Off|[of] p2a: Ferroseed
|faint|p1a: 海棠亚树
|
|-weather|SunnyDay|[upkeep]
|upkeep
|
|switch|p1a: 海棠零|Whimsicott, F|75/100
|turn|31
|
|move|p1a: 海棠零|Growth|p1a: 海棠零
|-boost|p1a: 海棠零|atk|2
|-boost|p1a: 海棠零|spa|2
|move|p2a: Ferroseed|Stealth Rock|p1a: 海棠零
|-sidestart|p1: ash lovers|move: Stealth Rock
|
|-weather|SunnyDay|[upkeep]
|upkeep
|turn|32
|
|move|p1a: 海棠零|Moonblast|p2a: Ferroseed
|-resisted|p2a: Ferroseed
|-damage|p2a: Ferroseed|0 fnt
|-damage|p1a: 海棠零|65/100|[from] item: Life Orb
|faint|p2a: Ferroseed
|
|-weather|SunnyDay|[upkeep]
|upkeep
|c|☆Macandchees3|huh
|c|☆Macandchees3|thats cool
|c|☆Macandchees3|gg
|
|switch|p2a: Rotom|Rotom-Mow|58/100
|-damage|p2a: Rotom|45/100|[from] Stealth Rock
|turn|33
|
|move|p1a: 海棠零|Moonblast|p2a: Rotom
|-damage|p2a: Rotom|0 fnt
|-damage|p1a: 海棠零|56/100|[from] item: Life Orb
|faint|p2a: Rotom
|
|-weather|SunnyDay|[upkeep]
|upkeep
|
|switch|p2a: Toxicroak|Toxicroak, M|53/100
|-damage|p2a: Toxicroak|47/100|[from] Stealth Rock
|turn|34
|
|move|p1a: 海棠零|Psychic|p2a: Toxicroak
|-supereffective|p2a: Toxicroak
|-damage|p2a: Toxicroak|0 fnt
|-damage|p1a: 海棠零|46/100|[from] item: Life Orb
|faint|p2a: Toxicroak
|
|-weather|SunnyDay|[upkeep]
|upkeep
|
|switch|p2a: Bewear|Bewear, M|100/100
|-damage|p2a: Bewear|94/100|[from] Stealth Rock
|turn|35
|
|move|p1a: 海棠零|Moonblast|p2a: Bewear
|-supereffective|p2a: Bewear
|-damage|p2a: Bewear|0 fnt
|-damage|p1a: 海棠零|36/100|[from] item: Life Orb
|faint|p2a: Bewear
|
|-weather|SunnyDay|[upkeep]
|upkeep
|
|switch|p2a: Vaporeon|Vaporeon, F|69/100
|-damage|p2a: Vaporeon|56/100|[from] Stealth Rock
|turn|36
|
|move|p1a: 海棠零|Giga Drain|p2a: Vaporeon
|-supereffective|p2a: Vaporeon
|-damage|p2a: Vaporeon|0 fnt
|-heal|p1a: 海棠零|80/100|[from] drain|[of] p2a: Vaporeon
|-damage|p1a: 海棠零|70/100|[from] item: Life Orb
|faint|p2a: Vaporeon
|
|win|ash lovers
|c|☆Macandchees3|gg
|c|☆ash lovers|thanks
