|raw|<div class="broadcast-blue"><strong>This battle is required to be public due to a player having a name starting with 'rult70'.</div>
|j|☆Rult70B evidith
|j|☆rult70m mac3 ✝
|t:|1626897623
|gametype|singles
|player|p1|Rult70B evidith|lass-gen4dp|1427
|player|p2|rult70m mac3 ✝|roxie|1579
|teamsize|p1|6
|teamsize|p2|6
|gen|8
|tier|[Gen 8] RU
|rated|
|rule|Sleep Clause Mod: Limit one foe put to sleep
|rule|Species Clause: Limit one of each Pokémon
|rule|OHKO Clause: OHKO moves are banned
|rule|Evasion Moves Clause: Evasion moves are banned
|rule|Endless Battle Clause: Forcing endless battles is banned
|rule|HP Percentage Mod: HP is shown in percentages
|rule|Dynamax Clause: You cannot dynamax
|clearpoke
|poke|p1|Indeedee, M|
|poke|p1|Mienshao, F|
|poke|p1|Whimsicott, M|
|poke|p1|Marowak-Alola, F|
|poke|p1|Starmie|
|poke|p1|Escavalier, M|
|poke|p2|Necrozma|
|poke|p2|Cobalion|
|poke|p2|Diancie|
|poke|p2|Flygon, M|
|poke|p2|Vaporeon, F|
|poke|p2|Durant, M|
|teampreview
|j| kwdkdwkdwkdkw
|j| rult70z punny
|j| rult70rabbit
|inactive|Battle timer is ON: inactive players will automatically lose when time's up. (requested by rult70m mac3 ✝)
|
|t:|1626897700
|start
|switch|p1a: Mienshao|Mienshao, F|100/100
|switch|p2a: Durant|Durant, M|100/100
|turn|1
|
|t:|1626897712
|move|p1a: Mienshao|U-turn|p2a: Durant
|-resisted|p2a: Durant
|-damage|p2a: Durant|85/100
|
|t:|1626897716
|switch|p1a: Starmie|Starmie|100/100|[from]move: U-turn
|move|p2a: Durant|Iron Head|p1a: Starmie
|-resisted|p1a: Starmie
|-damage|p1a: Starmie|60/100
|-damage|p2a: Durant|76/100|[from] item: Life Orb
|
|upkeep
|turn|2
|
|t:|1626897725
|switch|p2a: Vaporeon|Vaporeon, F|100/100
|move|p1a: Starmie|Scald|p2a: Vaporeon
|-immune|p2a: Vaporeon|[from] ability: Water Absorb
|
|upkeep
|turn|3
|
|t:|1626897735
|move|p1a: Starmie|Toxic|p2a: Vaporeon
|-status|p2a: Vaporeon|tox
|move|p2a: Vaporeon|Wish|p2a: Vaporeon
|
|-damage|p2a: Vaporeon|94/100 tox|[from] psn
|upkeep
|turn|4
|
|t:|1626897738
|move|p1a: Starmie|Recover|p1a: Starmie
|-heal|p1a: Starmie|100/100
|move|p2a: Vaporeon|Flip Turn|p1a: Starmie
|-resisted|p1a: Starmie
|-damage|p1a: Starmie|92/100
|j|+Feliburn
|
|t:|1626897740
|switch|p2a: Durant|Durant, M|76/100|[from]move: Flip Turn
|
|-heal|p2a: Durant|100/100|[from] move: Wish|[wisher] Vaporeon
|upkeep
|turn|5
|
|t:|1626897744
|switch|p1a: Escavalier|Escavalier, M|100/100
|move|p2a: Durant|Iron Head|p1a: Escavalier
|-resisted|p1a: Escavalier
|-damage|p1a: Escavalier|69/100
|-damage|p2a: Durant|91/100|[from] item: Life Orb
|
|upkeep
|turn|6
|j| tlenit
|
|t:|1626897763
|switch|p2a: Cobalion|Cobalion|100/100
|switch|p1a: Starmie|Starmie|92/100
|
|upkeep
|turn|7
|
|t:|1626897772
|switch|p1a: Indeedee|Indeedee, M|100/100
|-fieldstart|move: Psychic Terrain|[from] ability: Psychic Surge|[of] p1a: Indeedee
|switch|p2a: Vaporeon|Vaporeon, F|94/100 tox
|
|-heal|p2a: Vaporeon|100/100 tox|[from] item: Leftovers
|-damage|p2a: Vaporeon|94/100 tox|[from] psn
|upkeep
|turn|8
|
|t:|1626897777
|switch|p2a: Necrozma|Necrozma|100/100
|move|p1a: Indeedee|Expanding Force|p2a: Necrozma
|-resisted|p2a: Necrozma
|-damage|p2a: Necrozma|55/100
|
|-heal|p2a: Necrozma|61/100|[from] item: Leftovers
|upkeep
|turn|9
|
|t:|1626897784
|move|p1a: Indeedee|Expanding Force|p2a: Necrozma
|-resisted|p2a: Necrozma
|-damage|p2a: Necrozma|11/100
|move|p2a: Necrozma|Moonlight|p2a: Necrozma
|-heal|p2a: Necrozma|61/100
|
|-heal|p2a: Necrozma|67/100|[from] item: Leftovers
|upkeep
|turn|10
|
|t:|1626897790
|switch|p1a: Starmie|Starmie|92/100
|move|p2a: Necrozma|Moonlight|p2a: Necrozma
|-heal|p2a: Necrozma|100/100
|
|upkeep
|turn|11
|
|t:|1626897797
|switch|p2a: Vaporeon|Vaporeon, F|94/100 tox
|move|p1a: Starmie|Toxic|p2a: Vaporeon
|-fail|p2a: Vaporeon|tox
|
|-heal|p2a: Vaporeon|100/100 tox|[from] item: Leftovers
|-damage|p2a: Vaporeon|94/100 tox|[from] psn
|-fieldend|move: Psychic Terrain
|upkeep
|turn|12
|
|t:|1626897810
|switch|p1a: Whimsicott|Whimsicott, M|100/100
|move|p2a: Vaporeon|Wish|p2a: Vaporeon
|
|-heal|p2a: Vaporeon|100/100 tox|[from] item: Leftovers
|-damage|p2a: Vaporeon|88/100 tox|[from] psn
|upkeep
|turn|13
|
|t:|1626897816
|switch|p2a: Durant|Durant, M|91/100
|move|p1a: Whimsicott|Knock Off|p2a: Durant
|-damage|p2a: Durant|74/100
|-enditem|p2a: Durant|Life Orb|[from] move: Knock Off|[of] p1a: Whimsicott
|
|-heal|p2a: Durant|100/100|[from] move: Wish|[wisher] Vaporeon
|upkeep
|turn|14
|
|t:|1626897828
|move|p1a: Whimsicott|Stun Spore|p2a: Durant
|-status|p2a: Durant|par
|move|p2a: Durant|Stomping Tantrum|p1a: Whimsicott
|-resisted|p1a: Whimsicott
|-damage|p1a: Whimsicott|76/100
|
|upkeep
|turn|15
|
|t:|1626897838
|move|p1a: Whimsicott|Moonblast|p2a: Durant
|-resisted|p2a: Durant
|-damage|p2a: Durant|59/100 par
|cant|p2a: Durant|par
|
|upkeep
|turn|16
|
|t:|1626897844
|switch|p1a: Starmie|Starmie|92/100
|switch|p2a: Diancie|Diancie|100/100
|
|upkeep
|turn|17
|
|t:|1626897847
|move|p1a: Starmie|Scald|p2a: Diancie
|-supereffective|p2a: Diancie
|-damage|p2a: Diancie|68/100
|move|p2a: Diancie|Heal Bell|p2a: Diancie
|-activate|p2a: Diancie|move: Heal Bell
|-curestatus|p2: Vaporeon|tox|[msg]
|-curestatus|p2: Durant|par|[msg]
|
|-heal|p2a: Diancie|74/100|[from] item: Leftovers
|upkeep
|turn|18
|
|t:|1626897856
|move|p1a: Starmie|Toxic|p2a: Diancie
|-status|p2a: Diancie|tox
|move|p2a: Diancie|Stealth Rock|p1a: Starmie
|-sidestart|p1: Rult70B evidith|move: Stealth Rock
|
|-heal|p2a: Diancie|80/100 tox|[from] item: Leftovers
|-damage|p2a: Diancie|74/100 tox|[from] psn
|upkeep
|turn|19
|
|t:|1626897860
|switch|p2a: Vaporeon|Vaporeon, F|88/100
|move|p1a: Starmie|Rapid Spin|p2a: Vaporeon
|-damage|p2a: Vaporeon|82/100
|-boost|p1a: Starmie|spe|1
|-sideend|p1: Rult70B evidith|Stealth Rock|[from] move: Rapid Spin|[of] p1a: Starmie
|
|-heal|p2a: Vaporeon|89/100|[from] item: Leftovers
|upkeep
|turn|20
|
|t:|1626897865
|move|p1a: Starmie|Toxic|p2a: Vaporeon
|-status|p2a: Vaporeon|tox
|move|p2a: Vaporeon|Wish|p2a: Vaporeon
|
|-heal|p2a: Vaporeon|95/100 tox|[from] item: Leftovers
|-damage|p2a: Vaporeon|89/100 tox|[from] psn
|upkeep
|turn|21
|
|t:|1626897872
|switch|p1a: Mienshao|Mienshao, F|100/100
|move|p2a: Vaporeon|Flip Turn|p1a: Mienshao
|-damage|p1a: Mienshao|76/100
|
|t:|1626897885
|switch|p2a: Durant|Durant, M|59/100|[from]move: Flip Turn
|
|-heal|p2a: Durant|100/100|[from] move: Wish|[wisher] Vaporeon
|upkeep
|turn|22
|
|t:|1626897908
|move|p2a: Durant|First Impression|p1a: Mienshao
|-resisted|p1a: Mienshao
|-damage|p1a: Mienshao|13/100
|move|p1a: Mienshao|U-turn|p2a: Durant
|-resisted|p2a: Durant
|-damage|p2a: Durant|87/100
|
|t:|1626897911
|switch|p1a: Marowak|Marowak-Alola, F|100/100|[from]move: U-turn
|
|upkeep
|turn|23
|
|t:|1626897914
|switch|p2a: Flygon|Flygon, M|100/100
|move|p1a: Marowak|Fire Punch|p2a: Flygon
|-resisted|p2a: Flygon
|-damage|p2a: Flygon|70/100
|
|upkeep
|turn|24
|
|t:|1626897924
|move|p2a: Flygon|Earthquake|p1a: Marowak
|-supereffective|p1a: Marowak
|-damage|p1a: Marowak|37/100
|move|p1a: Marowak|Poltergeist||[still]
|-fail|p1a: Marowak
|
|upkeep
|turn|25
|
|t:|1626897933
|switch|p1a: Starmie|Starmie|92/100
|move|p2a: Flygon|Earthquake|p1a: Starmie
|-damage|p1a: Starmie|50/100
|
|upkeep
|turn|26
|
|t:|1626897937
|move|p1a: Starmie|Recover|p1a: Starmie
|-heal|p1a: Starmie|99/100
|move|p2a: Flygon|U-turn|p1a: Starmie
|-supereffective|p1a: Starmie
|-damage|p1a: Starmie|60/100
|
|t:|1626897939
|switch|p2a: Durant|Durant, M|87/100|[from]move: U-turn
|
|upkeep
|turn|27
|
|t:|1626897946
|move|p2a: Durant|First Impression|p1a: Starmie
|-supereffective|p1a: Starmie
|-damage|p1a: Starmie|0 fnt
|faint|p1a: Starmie
|
|upkeep
|
|t:|1626897953
|switch|p1a: Indeedee|Indeedee, M|100/100
|-fieldstart|move: Psychic Terrain|[from] ability: Psychic Surge|[of] p1a: Indeedee
|turn|28
|
|t:|1626897959
|switch|p2a: Necrozma|Necrozma|100/100
|move|p1a: Indeedee|Expanding Force|p2a: Necrozma
|-resisted|p2a: Necrozma
|-crit|p2a: Necrozma
|-damage|p2a: Necrozma|31/100
|
|-heal|p2a: Necrozma|37/100|[from] item: Leftovers
|upkeep
|turn|29
|j| sabers at dawn
|
|t:|1626897984
|switch|p2a: Diancie|Diancie|74/100 tox
|move|p1a: Indeedee|Expanding Force|p2a: Diancie
|-damage|p2a: Diancie|12/100 tox
|
|-heal|p2a: Diancie|18/100 tox|[from] item: Leftovers
|-damage|p2a: Diancie|12/100 tox|[from] psn
|upkeep
|turn|30
|
|t:|1626897992
|move|p1a: Indeedee|Expanding Force|p2a: Diancie
|-damage|p2a: Diancie|0 fnt
|faint|p2a: Diancie
|
|upkeep
|
|t:|1626898003
|switch|p2a: Vaporeon|Vaporeon, F|89/100 tox
|turn|31
|
|t:|1626898008
|move|p2a: Vaporeon|Protect|p2a: Vaporeon
|-singleturn|p2a: Vaporeon|Protect
|move|p1a: Indeedee|Expanding Force|p2a: Vaporeon
|-activate|p2a: Vaporeon|move: Protect
|
|-heal|p2a: Vaporeon|95/100 tox|[from] item: Leftovers
|-damage|p2a: Vaporeon|89/100 tox|[from] psn
|upkeep
|turn|32
|
|t:|1626898011
|move|p1a: Indeedee|Expanding Force|p2a: Vaporeon
|-damage|p2a: Vaporeon|4/100 tox
|move|p2a: Vaporeon|Wish|p2a: Vaporeon
|
|-heal|p2a: Vaporeon|11/100 tox|[from] item: Leftovers
|-damage|p2a: Vaporeon|0 fnt|[from] psn
|faint|p2a: Vaporeon
|-fieldend|move: Psychic Terrain
|upkeep
|
|t:|1626898025
|switch|p2a: Necrozma|Necrozma|37/100
|turn|33
|raw|<div class="broadcast-red"><b>The server is restarting soon.</b><br />Please finish your battles quickly. No new battles can be started until the server resets in a few minutes.</div>
|inactive|staff also wants the timer to be on.
|raw|<div class="broadcast-red"><b>Moderated chat was set to +!</b><br />Only users of rank + and higher can talk.</div>
|inactive|Rult70B evidith has 120 seconds left.
|inactive|Rult70B evidith has 90 seconds left.
|
|t:|1626898088
|switch|p1a: Whimsicott|Whimsicott, M|76/100
|move|p2a: Necrozma|Calm Mind|p2a: Necrozma
|-boost|p2a: Necrozma|spa|1
|-boost|p2a: Necrozma|spd|1
|
|-heal|p2a: Necrozma|93/100|[from] move: Wish|[wisher] Vaporeon
|-heal|p2a: Necrozma|99/100|[from] item: Leftovers
|upkeep
|turn|34
|
|t:|1626898095
|move|p1a: Whimsicott|Stun Spore|p2a: Necrozma|[miss]
|-miss|p1a: Whimsicott|p2a: Necrozma
|move|p2a: Necrozma|Photon Geyser|p1a: Whimsicott
|-damage|p1a: Whimsicott|0 fnt
|faint|p1a: Whimsicott
|
|-heal|p2a: Necrozma|100/100|[from] item: Leftovers
|upkeep
|
|t:|1626898104
|switch|p1a: Indeedee|Indeedee, M|100/100
|-fieldstart|move: Psychic Terrain|[from] ability: Psychic Surge|[of] p1a: Indeedee
|turn|35
|
|t:|1626898110
|move|p1a: Indeedee|Tri Attack|p2a: Necrozma
|-damage|p2a: Necrozma|69/100
|move|p2a: Necrozma|Photon Geyser|p1a: Indeedee
|-resisted|p1a: Indeedee
|-damage|p1a: Indeedee|43/100
|
|-heal|p2a: Necrozma|75/100|[from] item: Leftovers
|upkeep
|turn|36
|
|t:|1626898117
|move|p1a: Indeedee|Tri Attack|p2a: Necrozma
|-damage|p2a: Necrozma|42/100
|move|p2a: Necrozma|Photon Geyser|p1a: Indeedee
|-resisted|p1a: Indeedee
|-damage|p1a: Indeedee|0 fnt
|faint|p1a: Indeedee
|
|-heal|p2a: Necrozma|48/100|[from] item: Leftovers
|upkeep
|c|☆Rult70B evidith|congrats
|-message|Rult70B evidith forfeited.
|
|win|rult70m mac3 ✝
|l|☆Rult70B evidith
|raw|Rult70B evidith's rating: 1453 &rarr; <strong>1440</strong><br />(-13 for losing)
|raw|rult70m mac3 ✝'s rating: 1580 &rarr; <strong>1593</strong><br />(+13 for winning)
|l|☆rult70m mac3 ✝
||Ladder isn't responding, score probably updated but might not have (Request timeout).
