|raw|<div class="broadcast-blue"><strong>This battle is required to be public due to a player having a name starting with 'rult70'.</div>
|j|☆rult70e ifo
|j|☆Rult70B evidith
|t:|1626900621
|gametype|singles
|player|p1|rult70e ifo|hiker-gen4|1576
|player|p2|Rult70B evidith|lass-gen4dp|1528
|teamsize|p1|6
|teamsize|p2|6
|gen|8
|tier|[Gen 8] RU
|rated|
|rule|Sleep Clause Mod: Limit one foe put to sleep
|rule|Species Clause: Limit one of each Pokémon
|rule|OHKO Clause: OHKO moves are banned
|rule|Evasion Moves Clause: Evasion moves are banned
|rule|Endless Battle Clause: Forcing endless battles is banned
|rule|HP Percentage Mod: HP is shown in percentages
|rule|Dynamax Clause: You cannot dynamax
|clearpoke
|poke|p1|Cobalion|
|poke|p1|Mimikyu, F|
|poke|p1|Sharpedo, M|
|poke|p1|Necrozma|
|poke|p1|Golisopod, F|
|poke|p1|Flygon, M|
|poke|p2|Lucario, M|
|poke|p2|Necrozma|
|poke|p2|Mimikyu, F|
|poke|p2|Xurkitree|
|poke|p2|Silvally-*|
|poke|p2|Gardevoir, M|
|teampreview
|j|+Feliburn
|j| hjkhj
|j| rult70m mac3 ✝
|c|☆Rult70B evidith|oh no
|j| pult61a spades
|j| tlenit
|c|+Feliburn|what is this
|c|☆Rult70B evidith|LMAO
|c|☆Rult70B evidith|dude it's heat omg
|j| toinha ♫♪
|j| ansiedade
|c|☆Rult70B evidith|he has the one counter to my entire team tho
|c|+Feliburn|rocks???
|j| rult70rabbit
|c|☆Rult70B evidith|ok
|j| rult70z punny
|
|t:|1626900679
|start
|switch|p1a: Cobalion|Cobalion|100/100
|switch|p2a: Necrozma|Necrozma|100/100
|turn|1
|c|☆Rult70B evidith|he has the TWO counters to my entire team
|
|t:|1626900688
|move|p1a: Cobalion|Iron Head|p2a: Necrozma
|-damage|p2a: Necrozma|70/100
|move|p2a: Necrozma|Photon Geyser|p1a: Cobalion
|-damage|p1a: Cobalion|33/100
|
|upkeep
|turn|2
|
|t:|1626900700
|move|p1a: Cobalion|Stealth Rock|p2a: Necrozma
|-sidestart|p2: Rult70B evidith|move: Stealth Rock
|move|p2a: Necrozma|Stealth Rock|p1a: Cobalion
|-sidestart|p1: rult70e ifo|move: Stealth Rock
|
|upkeep
|turn|3
|j| xXcrossbowXx
|
|t:|1626900705
|move|p1a: Cobalion|Iron Head|p2a: Necrozma
|-damage|p2a: Necrozma|39/100
|move|p2a: Necrozma|Photon Geyser|p1a: Cobalion
|-damage|p1a: Cobalion|0 fnt
|faint|p1a: Cobalion
|
|upkeep
|
|t:|1626900721
|switch|p1a: Sharpedo|Sharpedo, M|100/100
|-damage|p1a: Sharpedo|88/100|[from] Stealth Rock
|turn|4
|l| rult70m mac3 ✝
|
|t:|1626900770
|move|p1a: Sharpedo|Dark Pulse|p2a: Necrozma
|-supereffective|p2a: Necrozma
|-damage|p2a: Necrozma|0 fnt
|faint|p2a: Necrozma
|-damage|p1a: Sharpedo|78/100|[from] item: Life Orb
|
|-ability|p1a: Sharpedo|Speed Boost|boost
|-boost|p1a: Sharpedo|spe|1
|upkeep
|
|t:|1626900780
|switch|p2a: Lucario|Lucario, M|100/100
|-damage|p2a: Lucario|98/100|[from] Stealth Rock
|turn|5
|
|t:|1626900794
|switch|p1a: Golisopod|Golisopod, F|100/100
|move|p2a: Lucario|Meteor Mash|p1a: Golisopod
|-resisted|p1a: Golisopod
|-damage|p1a: Golisopod|79/100
|-damage|p2a: Lucario|88/100|[from] item: Life Orb
|
|upkeep
|turn|6
|j| MAc3 ✝
|
|t:|1626900801
|move|p2a: Lucario|Close Combat|p1a: Golisopod
|-resisted|p1a: Golisopod
|-damage|p1a: Golisopod|52/100
|-unboost|p2a: Lucario|def|1
|-unboost|p2a: Lucario|spd|1
|-damage|p2a: Lucario|78/100|[from] item: Life Orb
|move|p1a: Golisopod|Liquidation|p2a: Lucario
|-damage|p2a: Lucario|0 fnt
|faint|p2a: Lucario
|
|upkeep
|
|t:|1626900814
|switch|p2a: Xurkitree|Xurkitree|100/100
|turn|7
|
|t:|1626900834
|switch|p1a: Flygon|Flygon, M|100/100
|-damage|p1a: Flygon|95/100|[from] Stealth Rock
|move|p2a: Xurkitree|Thunderbolt|p1a: Flygon
|-immune|p1a: Flygon
|
|upkeep
|turn|8
|j| eebsofresh
|
|t:|1626900849
|switch|p2a: Gardevoir|Gardevoir, M|100/100
|-damage|p2a: Gardevoir|88/100|[from] Stealth Rock
|-ability|p2a: Gardevoir|Levitate|[from] ability: Trace|[of] p1a: Flygon
|move|p1a: Flygon|Stone Edge|p2a: Gardevoir
|-damage|p2a: Gardevoir|38/100
|
|upkeep
|turn|9
|
|t:|1626900883
|switch|p1a: Golisopod|Golisopod, F|52/100
|move|p2a: Gardevoir|Moonblast|p1a: Golisopod
|-damage|p1a: Golisopod|0 fnt
|faint|p1a: Golisopod
|
|upkeep
|
|t:|1626900889
|switch|p1a: Mimikyu|Mimikyu, F|100/100
|-damage|p1a: Mimikyu|88/100|[from] Stealth Rock
|turn|10
|
|t:|1626900893
|move|p1a: Mimikyu|Shadow Sneak|p2a: Gardevoir
|-supereffective|p2a: Gardevoir
|-damage|p2a: Gardevoir|0 fnt
|faint|p2a: Gardevoir
|-damage|p1a: Mimikyu|78/100|[from] item: Life Orb
|
|upkeep
|
|t:|1626900897
|switch|p2a: Silvally|Silvally-Ground|100/100
|-damage|p2a: Silvally|94/100|[from] Stealth Rock
|turn|11
|c|☆Rult70B evidith|ok he's in
|j| Wedjene
|
|t:|1626900934
|move|p1a: Mimikyu|Swords Dance|p1a: Mimikyu
|-boost|p1a: Mimikyu|atk|2
|move|p2a: Silvally|Flame Charge|p1a: Mimikyu
|-activate|p1a: Mimikyu|ability: Disguise
|-damage|p1a: Mimikyu|78/100
|-boost|p2a: Silvally|spe|1
|detailschange|p1a: Mimikyu|Mimikyu-Busted, F
|-damage|p1a: Mimikyu|66/100|[from] pokemon: Mimikyu-Busted
|
|upkeep
|turn|12
|
|t:|1626900939
|move|p1a: Mimikyu|Shadow Sneak|p2a: Silvally
|-damage|p2a: Silvally|48/100
|-damage|p1a: Mimikyu|56/100|[from] item: Life Orb
|move|p2a: Silvally|Multi-Attack|p1a: Mimikyu
|-damage|p1a: Mimikyu|0 fnt
|faint|p1a: Mimikyu
|
|upkeep
|
|t:|1626900942
|switch|p1a: Flygon|Flygon, M|95/100
|-damage|p1a: Flygon|89/100|[from] Stealth Rock
|turn|13
|
|t:|1626900947
|move|p2a: Silvally|Ice Fang|p1a: Flygon|[miss]
|-miss|p2a: Silvally|p1a: Flygon
|move|p1a: Flygon|Earthquake|p2a: Silvally
|-damage|p2a: Silvally|0 fnt
|faint|p2a: Silvally
|
|upkeep
|c|☆Rult70B evidith|NOOOOO
|c|☆Rult70B evidith|are you
|c|☆Rult70B evidith|omg
|c| toinha ♫♪|EIFO PLOT ARMOR
|c| toinha ♫♪|LETS GO
|j| RULT70A GK
|
|t:|1626900981
|switch|p2a: Mimikyu|Mimikyu, F|100/100
|-damage|p2a: Mimikyu|88/100|[from] Stealth Rock
|turn|14
|
|t:|1626901039
|move|p1a: Flygon|Earthquake|p2a: Mimikyu
|-activate|p2a: Mimikyu|ability: Disguise
|-damage|p2a: Mimikyu|88/100
|detailschange|p2a: Mimikyu|Mimikyu-Busted, F
|-damage|p2a: Mimikyu|76/100|[from] pokemon: Mimikyu-Busted
|move|p2a: Mimikyu|Swords Dance|p2a: Mimikyu
|-boost|p2a: Mimikyu|atk|2
|
|upkeep
|turn|15
|
|t:|1626901069
|move|p1a: Flygon|Earthquake|p2a: Mimikyu
|-damage|p2a: Mimikyu|5/100
|move|p2a: Mimikyu|Drain Punch|p1a: Flygon
|-damage|p1a: Flygon|11/100
|-heal|p2a: Mimikyu|52/100|[from] drain|[of] p1a: Flygon
|-damage|p2a: Mimikyu|42/100|[from] item: Life Orb
|
|upkeep
|turn|16
|c|☆Rult70B evidith|hold
|c|☆Rult70B evidith|hold
|
|t:|1626901080
|move|p2a: Mimikyu|Shadow Sneak|p1a: Flygon
|-damage|p1a: Flygon|0 fnt
|faint|p1a: Flygon
|-damage|p2a: Mimikyu|32/100|[from] item: Life Orb
|
|upkeep
|
|t:|1626901095
|switch|p1a: Sharpedo|Sharpedo, M|78/100
|-damage|p1a: Sharpedo|66/100|[from] Stealth Rock
|turn|17
|
|t:|1626901102
|move|p1a: Sharpedo|Protect|p1a: Sharpedo
|-singleturn|p1a: Sharpedo|Protect
|move|p2a: Mimikyu|Shadow Sneak|p1a: Sharpedo
|-activate|p1a: Sharpedo|move: Protect
|
|-ability|p1a: Sharpedo|Speed Boost|boost
|-boost|p1a: Sharpedo|spe|1
|upkeep
|turn|18
|
|t:|1626901111
|move|p2a: Mimikyu|Shadow Sneak|p1a: Sharpedo
|-resisted|p1a: Sharpedo
|-damage|p1a: Sharpedo|11/100
|-damage|p2a: Mimikyu|22/100|[from] item: Life Orb
|move|p1a: Sharpedo|Dark Pulse|p2a: Mimikyu
|-damage|p2a: Mimikyu|0 fnt
|faint|p2a: Mimikyu
|-damage|p1a: Sharpedo|1/100|[from] item: Life Orb
|
|-ability|p1a: Sharpedo|Speed Boost|boost
|-boost|p1a: Sharpedo|spe|1
|upkeep
|
|t:|1626901113
|switch|p2a: Xurkitree|Xurkitree|100/100
|turn|19
|
|t:|1626901147
|move|p1a: Sharpedo|Hydro Pump|p2a: Xurkitree
|-damage|p2a: Xurkitree|0 fnt
|faint|p2a: Xurkitree
|-damage|p1a: Sharpedo|0 fnt|[from] item: Life Orb
|faint|p1a: Sharpedo
|
|win|rult70e ifo
|raw|rult70e ifo's rating: 1554 &rarr; <strong>1573</strong><br />(+19 for winning)
|raw|Rult70B evidith's rating: 1528 &rarr; <strong>1509</strong><br />(-19 for losing)
|l|☆Rult70B evidith
|l|☆rult70e ifo
|l| ansiedade
|l| MAc3 ✝
|l| rult70z punny
|l|+Feliburn
|l| Wedjene
|l| toinha ♫♪
|l| xXcrossbowXx
