|j|☆literallyfreemoney
|j|☆R3d_VGC
|t:|1664705724
|gametype|singles
|player|p1|literallyfreemoney|pokemonbreeder-gen4|1477
|player|p2|R3d_VGC|1|1505
|teamsize|p1|6
|teamsize|p2|6
|gen|8
|tier|[Gen 8] RU
|rated|
|rule|Sleep Clause Mod: Limit one foe put to sleep
|rule|Species Clause: Limit one of each Pokémon
|rule|OHKO Clause: OHKO moves are banned
|rule|Evasion Items Clause: Evasion items are banned
|rule|Evasion Moves Clause: Evasion moves are banned
|rule|Endless Battle Clause: Forcing endless battles is banned
|rule|HP Percentage Mod: HP is shown in percentages
|rule|Dynamax Clause: You cannot dynamax
|clearpoke
|poke|p1|Gardevoir, F|
|poke|p1|Golisopod, M|
|poke|p1|Flygon, F|
|poke|p1|Nidoqueen, F|
|poke|p1|Raikou|
|poke|p1|Silvally-*|
|poke|p2|Lucario, F|
|poke|p2|Slurpuff, M|
|poke|p2|Incineroar, F|
|poke|p2|Milotic, M|
|poke|p2|Tsareena, F|
|poke|p2|Polteageist|
|teampreview
|
|t:|1664705745
|start
|switch|p1a: BELLA DONNA!!!!!!!|Gardevoir, F|100/100
|switch|p2a: Milotic|Milotic, M|100/100
|-ability|p1a: BELLA DONNA!!!!!!!|Competitive|[from] ability: Trace|[of] p2a: Milotic
|turn|1
|
|t:|1664705747
|move|p1a: BELLA DONNA!!!!!!!|Moonblast|p2a: Milotic
|-damage|p2a: Milotic|50/100
|-unboost|p2a: Milotic|spa|1
|-ability|p2a: Milotic|Competitive
|-boost|p2a: Milotic|spa|2
|move|p2a: Milotic|Flip Turn|p1a: BELLA DONNA!!!!!!!
|-damage|p1a: BELLA DONNA!!!!!!!|78/100
|
|t:|1664705752
|switch|p2a: Lucario|Lucario, F|100/100|[from]move: Flip Turn
|
|upkeep
|turn|2
|
|t:|1664705754
|move|p2a: Lucario|Meteor Mash|p1a: BELLA DONNA!!!!!!!
|-supereffective|p1a: BELLA DONNA!!!!!!!
|-damage|p1a: BELLA DONNA!!!!!!!|0 fnt
|faint|p1a: BELLA DONNA!!!!!!!
|-damage|p2a: Lucario|91/100|[from] item: Life Orb
|
|upkeep
|
|t:|1664705757
|switch|p1a: Just U-Turn 5head|Flygon, F|100/100
|turn|3
|
|t:|1664705762
|switch|p2a: Incineroar|Incineroar, F|100/100
|-ability|p2a: Incineroar|Intimidate|boost
|-unboost|p1a: Just U-Turn 5head|atk|1
|move|p1a: Just U-Turn 5head|U-turn|p2a: Incineroar
|-damage|p2a: Incineroar|88/100
|
|t:|1664705770
|switch|p1a: Rising Superstar|Nidoqueen, F|100/100|[from]move: U-turn
|
|-heal|p2a: Incineroar|94/100|[from] item: Leftovers
|upkeep
|turn|4
|
|t:|1664705772
|move|p1a: Rising Superstar|Earth Power|p2a: Incineroar
|-supereffective|p2a: Incineroar
|-crit|p2a: Incineroar
|-damage|p2a: Incineroar|0 fnt
|faint|p2a: Incineroar
|
|upkeep
|
|t:|1664705778
|switch|p2a: Milotic|Milotic, M|50/100
|turn|5
|
|t:|1664705783
|move|p1a: Rising Superstar|Stealth Rock|p2a: Milotic
|-sidestart|p2: R3d_VGC|move: Stealth Rock
|move|p2a: Milotic|Recover|p2a: Milotic
|-heal|p2a: Milotic|99/100
|
|upkeep
|turn|6
|
|t:|1664705786
|move|p1a: Rising Superstar|Sludge Wave|p2a: Milotic
|-damage|p2a: Milotic|66/100
|move|p2a: Milotic|Scald|p1a: Rising Superstar
|-supereffective|p1a: Rising Superstar
|-damage|p1a: Rising Superstar|16/100
|
|-heal|p1a: Rising Superstar|23/100|[from] item: Black Sludge
|upkeep
|turn|7
|
|t:|1664705791
|switch|p1a: luckyStar|Raikou|100/100
|-ability|p1a: luckyStar|Pressure
|move|p2a: Milotic|Flip Turn|p1a: luckyStar
|-damage|p1a: luckyStar|83/100
|
|t:|1664705794
|switch|p2a: Tsareena|Tsareena, F|100/100|[from]move: Flip Turn
|
|-heal|p1a: luckyStar|90/100|[from] item: Leftovers
|upkeep
|turn|8
|
|t:|1664705796
|move|p1a: luckyStar|Scald|p2a: Tsareena
|-resisted|p2a: Tsareena
|-damage|p2a: Tsareena|88/100
|-status|p2a: Tsareena|brn
|move|p2a: Tsareena|Rapid Spin|p1a: luckyStar
|-damage|p1a: luckyStar|79/100
|-boost|p2a: Tsareena|spe|1
|-sideend|p2: R3d_VGC|Stealth Rock|[from] move: Rapid Spin|[of] p2a: Tsareena
|
|-heal|p1a: luckyStar|86/100|[from] item: Leftovers
|-damage|p2a: Tsareena|82/100 brn|[from] brn
|upkeep
|turn|9
|
|t:|1664705806
|move|p1a: luckyStar|Calm Mind|p1a: luckyStar
|-boost|p1a: luckyStar|spa|1
|-boost|p1a: luckyStar|spd|1
|move|p2a: Tsareena|U-turn|p1a: luckyStar
|-damage|p1a: luckyStar|71/100
|
|t:|1664705815
|switch|p2a: Slurpuff|Slurpuff, M|100/100|[from]move: U-turn
|
|-heal|p1a: luckyStar|77/100|[from] item: Leftovers
|upkeep
|turn|10
|
|t:|1664705821
|move|p1a: luckyStar|Substitute|p1a: luckyStar
|-start|p1a: luckyStar|Substitute
|-damage|p1a: luckyStar|52/100
|move|p2a: Slurpuff|Play Rough|p1a: luckyStar|[miss]
|-miss|p2a: Slurpuff|p1a: luckyStar
|
|-heal|p1a: luckyStar|58/100|[from] item: Leftovers
|upkeep
|turn|11
|
|t:|1664705825
|move|p1a: luckyStar|Thunderbolt|p2a: Slurpuff
|-damage|p2a: Slurpuff|29/100
|-enditem|p2a: Slurpuff|Sitrus Berry|[eat]
|-heal|p2a: Slurpuff|54/100|[from] item: Sitrus Berry
|move|p2a: Slurpuff|Play Rough|p1a: luckyStar
|-end|p1a: luckyStar|Substitute
|
|-heal|p1a: luckyStar|64/100|[from] item: Leftovers
|upkeep
|turn|12
|
|t:|1664705828
|move|p2a: Slurpuff|Play Rough|p1a: luckyStar
|-damage|p1a: luckyStar|21/100
|move|p1a: luckyStar|Thunderbolt|p2a: Slurpuff
|-damage|p2a: Slurpuff|0 fnt
|faint|p2a: Slurpuff
|
|-heal|p1a: luckyStar|28/100|[from] item: Leftovers
|upkeep
|
|t:|1664705833
|switch|p2a: Lucario|Lucario, F|91/100
|turn|13
|
|t:|1664705835
|move|p2a: Lucario|Extreme Speed|p1a: luckyStar
|-damage|p1a: luckyStar|0 fnt
|faint|p1a: luckyStar
|-damage|p2a: Lucario|81/100|[from] item: Life Orb
|
|upkeep
|
|t:|1664705847
|switch|p1a: *w*G O A L I E*w*|Golisopod, M|100/100
|turn|14
|
|t:|1664705850
|switch|p2a: Milotic|Milotic, M|66/100
|move|p1a: *w*G O A L I E*w*|Liquidation|p2a: Milotic
|-resisted|p2a: Milotic
|-damage|p2a: Milotic|43/100
|-unboost|p2a: Milotic|def|1
|-ability|p2a: Milotic|Competitive
|-boost|p2a: Milotic|spa|2
|-damage|p1a: *w*G O A L I E*w*|84/100|[from] item: Rocky Helmet|[of] p2a: Milotic
|
|upkeep
|turn|15
|
|t:|1664705856
|move|p2a: Milotic|Recover|p2a: Milotic
|-heal|p2a: Milotic|93/100
|move|p1a: *w*G O A L I E*w*|Spikes|p2a: Milotic
|-sidestart|p2: R3d_VGC|Spikes
|
|upkeep
|turn|16
|
|t:|1664705859
|move|p2a: Milotic|Scald|p1a: *w*G O A L I E*w*
|-resisted|p1a: *w*G O A L I E*w*
|-damage|p1a: *w*G O A L I E*w*|44/100
|-activate|p1a: *w*G O A L I E*w*|ability: Emergency Exit
|
|t:|1664705865
|switch|p1a: Arceu5 Steel|Silvally-Dragon|100/100
|
|upkeep
|turn|17
|
|t:|1664705868
|move|p1a: Arceu5 Steel|Toxic|p2a: Milotic
|-status|p2a: Milotic|tox
|move|p2a: Milotic|Ice Beam|p1a: Arceu5 Steel
|-supereffective|p1a: Arceu5 Steel
|-damage|p1a: Arceu5 Steel|0 fnt
|faint|p1a: Arceu5 Steel
|
|-damage|p2a: Milotic|87/100 tox|[from] psn
|upkeep
|
|t:|1664705876
|switch|p1a: *w*G O A L I E*w*|Golisopod, M|44/100
|turn|18
|
|t:|1664705878
|move|p1a: *w*G O A L I E*w*|First Impression|p2a: Milotic
|-damage|p2a: Milotic|18/100 tox
|-damage|p1a: *w*G O A L I E*w*|28/100|[from] item: Rocky Helmet|[of] p2a: Milotic
|move|p2a: Milotic|Scald|p1a: *w*G O A L I E*w*
|-resisted|p1a: *w*G O A L I E*w*
|-damage|p1a: *w*G O A L I E*w*|0 fnt
|faint|p1a: *w*G O A L I E*w*
|
|-damage|p2a: Milotic|6/100 tox|[from] psn
|upkeep
|
|t:|1664705892
|switch|p1a: Just U-Turn 5head|Flygon, F|100/100
|turn|19
|
|t:|1664705896
|move|p1a: Just U-Turn 5head|U-turn|p2a: Milotic
|-damage|p2a: Milotic|0 fnt
|-damage|p1a: Just U-Turn 5head|84/100|[from] item: Rocky Helmet|[of] p2a: Milotic
|faint|p2a: Milotic
|
|t:|1664705898
|switch|p1a: Rising Superstar|Nidoqueen, F|23/100|[from]move: U-turn
|
|-heal|p1a: Rising Superstar|29/100|[from] item: Black Sludge
|upkeep
|
|t:|1664705908
|switch|p2a: Lucario|Lucario, F|81/100
|-damage|p2a: Lucario|68/100|[from] Spikes
|turn|20
|
|t:|1664705911
|move|p2a: Lucario|Meteor Mash|p1a: Rising Superstar
|-damage|p1a: Rising Superstar|0 fnt
|faint|p1a: Rising Superstar
|-damage|p2a: Lucario|58/100|[from] item: Life Orb
|
|upkeep
|
|t:|1664705913
|switch|p1a: Just U-Turn 5head|Flygon, F|84/100
|turn|21
|
|t:|1664705917
|move|p2a: Lucario|Extreme Speed|p1a: Just U-Turn 5head
|-damage|p1a: Just U-Turn 5head|40/100
|-damage|p2a: Lucario|48/100|[from] item: Life Orb
|move|p1a: Just U-Turn 5head|Earthquake|p2a: Lucario
|-supereffective|p2a: Lucario
|-damage|p2a: Lucario|0 fnt
|faint|p2a: Lucario
|
|upkeep
|
|t:|1664705922
|switch|p2a: Tsareena|Tsareena, F|82/100 brn
|turn|22
|
|t:|1664705924
|move|p1a: Just U-Turn 5head|Earthquake|p2a: Tsareena
|-resisted|p2a: Tsareena
|-damage|p2a: Tsareena|59/100 brn
|move|p2a: Tsareena|Rapid Spin|p1a: Just U-Turn 5head
|-damage|p1a: Just U-Turn 5head|28/100
|-boost|p2a: Tsareena|spe|1
|-sideend|p2: R3d_VGC|Spikes|[from] move: Rapid Spin|[of] p2a: Tsareena
|
|-damage|p2a: Tsareena|53/100 brn|[from] brn
|upkeep
|turn|23
|c|☆literallyfreemoney|gg
|-message|literallyfreemoney forfeited.
|
|win|R3d_VGC
|raw|literallyfreemoney's rating: 1477 &rarr; <strong>1459</strong><br />(-18 for losing)
|raw|R3d_VGC's rating: 1505 &rarr; <strong>1523</strong><br />(+18 for winning)
|l|☆literallyfreemoney
|c|☆R3d_VGC|gg
