|j|☆Fartman Esq.
|j|☆yovan33321 ¯\_(ツ)
|t:|1633483292
|gametype|singles
|player|p1|Fartman Esq.|firebreather|1483
|player|p2|yovan33321 ¯\_(ツ)|ghetsis|1700
|teamsize|p1|6
|teamsize|p2|6
|gen|8
|tier|[Gen 8] RU
|rated|
|rule|Sleep Clause Mod: Limit one foe put to sleep
|rule|Species Clause: Limit one of each Pokémon
|rule|OHKO Clause: OHKO moves are banned
|rule|Evasion Moves Clause: Evasion moves are banned
|rule|Endless Battle Clause: Forcing endless battles is banned
|rule|HP Percentage Mod: HP is shown in percentages
|rule|Dynamax Clause: You cannot dynamax
|clearpoke
|poke|p1|Politoed, F|
|poke|p1|Kingdra, M|
|poke|p1|Goodra, F|
|poke|p1|Cobalion|
|poke|p1|Umbreon, M|
|poke|p1|Weezing-Galar, M|
|poke|p2|Grimmsnarl, M|
|poke|p2|Weezing-Galar, F|
|poke|p2|Nidoqueen, F|
|poke|p2|Jellicent, M|
|poke|p2|Toxicroak, M|
|poke|p2|Umbreon, M|
|teampreview
|inactive|Battle timer is ON: inactive players will automatically lose when time's up. (requested by yovan33321 ¯\_(ツ))
|
|t:|1633483314
|start
|switch|p1a: Politoed|Politoed, F|100/100
|switch|p2a: Nidoqueen|Nidoqueen, F|100/100
|-weather|RainDance|[from] ability: Drizzle|[of] p1a: Politoed
|turn|1
|
|t:|1633483317
|switch|p2a: Jellicent|Jellicent, M|100/100
|move|p1a: Politoed|Scald|p2a: Jellicent
|-immune|p2a: Jellicent|[from] ability: Water Absorb
|
|-weather|RainDance|[upkeep]
|upkeep
|turn|2
|
|t:|1633483322
|switch|p2a: Nidoqueen|Nidoqueen, F|100/100
|move|p1a: Politoed|Toxic|p2a: Nidoqueen
|-immune|p2a: Nidoqueen
|
|-weather|RainDance|[upkeep]
|upkeep
|turn|3
|
|t:|1633483326
|switch|p2a: Toxicroak|Toxicroak, M|100/100
|move|p1a: Politoed|Scald|p2a: Toxicroak
|-immune|p2a: Toxicroak|[from] ability: Dry Skin
|
|-weather|RainDance|[upkeep]
|upkeep
|turn|4
|
|t:|1633483340
|switch|p1a: Kingdra|Kingdra, M|100/100
|move|p2a: Toxicroak|Swords Dance|p2a: Toxicroak
|-boost|p2a: Toxicroak|atk|2
|
|-weather|RainDance|[upkeep]
|upkeep
|turn|5
|
|t:|1633483348
|switch|p2a: Umbreon|Umbreon, M|100/100
|move|p1a: Kingdra|Hurricane|p2a: Umbreon
|-damage|p2a: Umbreon|75/100
|-start|p2a: Umbreon|confusion
|
|-weather|RainDance|[upkeep]
|-heal|p2a: Umbreon|81/100|[from] item: Leftovers
|upkeep
|turn|6
|
|t:|1633483357
|switch|p1a: Cobalion|Cobalion|100/100
|switch|p2a: Nidoqueen|Nidoqueen, F|100/100
|
|-weather|RainDance|[upkeep]
|upkeep
|turn|7
|
|t:|1633483367
|move|p1a: Cobalion|Stealth Rock|p2a: Nidoqueen
|-sidestart|p2: yovan33321 ¯\_(ツ)|move: Stealth Rock
|move|p2a: Nidoqueen|Stealth Rock|p1a: Cobalion
|-sidestart|p1: Fartman Esq.|move: Stealth Rock
|
|-weather|RainDance|[upkeep]
|upkeep
|turn|8
|
|t:|1633483373
|switch|p1a: Goodra|Goodra, F|100/100
|-damage|p1a: Goodra|88/100|[from] Stealth Rock
|move|p2a: Nidoqueen|Toxic Spikes|p1a: Goodra
|-sidestart|p1: Fartman Esq.|move: Toxic Spikes
|
|-weather|none
|-heal|p1a: Goodra|94/100|[from] item: Leftovers
|upkeep
|turn|9
|
|t:|1633483386
|move|p1a: Goodra|Earthquake|p2a: Nidoqueen
|-supereffective|p2a: Nidoqueen
|-damage|p2a: Nidoqueen|67/100
|move|p2a: Nidoqueen|Ice Beam|p1a: Goodra
|-supereffective|p1a: Goodra
|-damage|p1a: Goodra|74/100
|
|-heal|p1a: Goodra|80/100|[from] item: Leftovers
|-heal|p2a: Nidoqueen|73/100|[from] item: Black Sludge
|upkeep
|turn|10
|
|t:|1633483394
|switch|p2a: Umbreon|Umbreon, M|81/100
|-damage|p2a: Umbreon|69/100|[from] Stealth Rock
|move|p1a: Goodra|Earthquake|p2a: Umbreon
|-damage|p2a: Umbreon|48/100
|
|-heal|p1a: Goodra|86/100|[from] item: Leftovers
|-heal|p2a: Umbreon|55/100|[from] item: Leftovers
|upkeep
|turn|11
|
|t:|1633483402
|switch|p1a: Cobalion|Cobalion|100/100
|-damage|p1a: Cobalion|97/100|[from] Stealth Rock
|move|p2a: Umbreon|Wish|p2a: Umbreon
|
|-heal|p1a: Cobalion|100/100|[from] item: Leftovers
|-heal|p2a: Umbreon|61/100|[from] item: Leftovers
|upkeep
|turn|12
|
|t:|1633483407
|move|p2a: Umbreon|Protect|p2a: Umbreon
|-singleturn|p2a: Umbreon|Protect
|move|p1a: Cobalion|Iron Head|p2a: Umbreon
|-activate|p2a: Umbreon|move: Protect
|
|-heal|p2a: Umbreon|100/100|[from] move: Wish|[wisher] Umbreon
|upkeep
|turn|13
|
|t:|1633483410
|switch|p2a: Jellicent|Jellicent, M|100/100
|move|p1a: Cobalion|Volt Switch|p2a: Jellicent
|-supereffective|p2a: Jellicent
|-damage|p2a: Jellicent|81/100
|
|t:|1633483418
|switch|p1a: Weezing|Weezing-Galar, M|100/100|[from]move: Volt Switch
|-damage|p1a: Weezing|88/100|[from] Stealth Rock
|
|upkeep
|turn|14
|
|t:|1633483423
|move|p2a: Jellicent|Taunt|p1a: Weezing
|-start|p1a: Weezing|move: Taunt
|cant|p1a: Weezing|move: Taunt|Defog
|
|upkeep
|turn|15
|
|t:|1633483430
|switch|p1a: Cobalion|Cobalion|100/100
|-damage|p1a: Cobalion|97/100|[from] Stealth Rock
|move|p2a: Jellicent|Hex|p1a: Cobalion
|-damage|p1a: Cobalion|72/100
|
|-heal|p1a: Cobalion|78/100|[from] item: Leftovers
|upkeep
|turn|16
|
|t:|1633483437
|move|p1a: Cobalion|Volt Switch|p2a: Jellicent
|-supereffective|p2a: Jellicent
|-damage|p2a: Jellicent|64/100
|
|t:|1633483443
|switch|p1a: Politoed|Politoed, F|100/100|[from]move: Volt Switch
|-status|p1a: Politoed|psn
|-damage|p1a: Politoed|88/100 psn|[from] Stealth Rock
|-weather|RainDance|[from] ability: Drizzle|[of] p1a: Politoed
|move|p2a: Jellicent|Will-O-Wisp||[still]
|-fail|p2a: Jellicent
|
|-weather|RainDance|[upkeep]
|-damage|p1a: Politoed|76/100 psn|[from] psn
|upkeep
|turn|17
|
|t:|1633483446
|move|p1a: Politoed|Encore|p2a: Jellicent
|-start|p2a: Jellicent|Encore
|move|p2a: Jellicent|Will-O-Wisp||[still]
|-fail|p2a: Jellicent
|
|-weather|RainDance|[upkeep]
|-damage|p1a: Politoed|64/100 psn|[from] psn
|upkeep
|turn|18
|
|t:|1633483462
|switch|p1a: Goodra|Goodra, F|86/100
|-status|p1a: Goodra|psn
|-damage|p1a: Goodra|74/100 psn|[from] Stealth Rock
|switch|p2a: Toxicroak|Toxicroak, M|100/100
|-damage|p2a: Toxicroak|94/100|[from] Stealth Rock
|
|-weather|RainDance|[upkeep]
|-heal|p2a: Toxicroak|100/100|[from] ability: Dry Skin
|-activate|p1a: Goodra|ability: Hydration
|-curestatus|p1a: Goodra|psn|[msg]
|-heal|p1a: Goodra|80/100|[from] item: Leftovers
|upkeep
|turn|19
|inactive|yovan33321 ¯\_(ツ) has 120 seconds left.
|inactive|yovan33321 ¯\_(ツ) has 90 seconds left.
|
|t:|1633483543
|switch|p2a: Umbreon|Umbreon, M|100/100
|-damage|p2a: Umbreon|88/100|[from] Stealth Rock
|switch|p1a: Weezing|Weezing-Galar, M|88/100
|-damage|p1a: Weezing|76/100|[from] Stealth Rock
|
|-weather|RainDance|[upkeep]
|-heal|p2a: Umbreon|94/100|[from] item: Leftovers
|upkeep
|turn|20
|
|t:|1633483554
|switch|p2a: Jellicent|Jellicent, M|64/100
|move|p1a: Weezing|Defog|p2a: Jellicent
|-unboost|p2a: Jellicent|evasion|1
|-sideend|p2: yovan33321 ¯\_(ツ)|Stealth Rock|[from] move: Defog|[of] p1a: Weezing
|-sideend|p1: Fartman Esq.|Toxic Spikes|[from] move: Defog|[of] p1a: Weezing
|-sideend|p1: Fartman Esq.|Stealth Rock|[from] move: Defog|[of] p1a: Weezing
|
|-weather|RainDance|[upkeep]
|upkeep
|turn|21
|
|t:|1633483566
|switch|p1a: Goodra|Goodra, F|80/100
|move|p2a: Jellicent|Recover|p2a: Jellicent
|-heal|p2a: Jellicent|100/100
|
|-weather|RainDance|[upkeep]
|-heal|p1a: Goodra|86/100|[from] item: Leftovers
|upkeep
|turn|22
|
|t:|1633483581
|switch|p2a: Umbreon|Umbreon, M|94/100
|move|p1a: Goodra|Curse|p1a: Goodra
|-unboost|p1a: Goodra|spe|1
|-boost|p1a: Goodra|atk|1
|-boost|p1a: Goodra|def|1
|
|-weather|RainDance|[upkeep]
|-heal|p2a: Umbreon|99/100|[from] item: Leftovers
|-heal|p1a: Goodra|93/100|[from] item: Leftovers
|upkeep
|turn|23
|
|t:|1633483591
|switch|p1a: Cobalion|Cobalion|78/100
|move|p2a: Umbreon|Wish|p2a: Umbreon
|
|-weather|none
|-heal|p1a: Cobalion|84/100|[from] item: Leftovers
|-heal|p2a: Umbreon|100/100|[from] item: Leftovers
|upkeep
|turn|24
|
|t:|1633483602
|switch|p1a: Politoed|Politoed, F|64/100 psn
|-weather|RainDance|[from] ability: Drizzle|[of] p1a: Politoed
|switch|p2a: Nidoqueen|Nidoqueen, F|73/100
|
|-weather|RainDance|[upkeep]
|-heal|p2a: Nidoqueen|100/100|[from] move: Wish|[wisher] Umbreon
|-damage|p1a: Politoed|51/100 psn|[from] psn
|upkeep
|turn|25
|
|t:|1633483607
|move|p2a: Nidoqueen|Earth Power|p1a: Politoed
|-damage|p1a: Politoed|23/100 psn
|move|p1a: Politoed|Scald|p2a: Nidoqueen
|-supereffective|p2a: Nidoqueen
|-damage|p2a: Nidoqueen|12/100
|-status|p2a: Nidoqueen|brn
|
|-weather|RainDance|[upkeep]
|-heal|p2a: Nidoqueen|19/100 brn|[from] item: Black Sludge
|-damage|p1a: Politoed|11/100 psn|[from] psn
|-damage|p2a: Nidoqueen|12/100 brn|[from] brn
|upkeep
|turn|26
|
|t:|1633483615
|switch|p1a: Cobalion|Cobalion|84/100
|move|p2a: Nidoqueen|Stealth Rock|p1a: Cobalion
|-sidestart|p1: Fartman Esq.|move: Stealth Rock
|
|-weather|RainDance|[upkeep]
|-heal|p1a: Cobalion|91/100|[from] item: Leftovers
|-heal|p2a: Nidoqueen|19/100 brn|[from] item: Black Sludge
|-damage|p2a: Nidoqueen|12/100 brn|[from] brn
|upkeep
|turn|27
|
|t:|1633483631
|switch|p2a: Jellicent|Jellicent, M|100/100
|move|p1a: Cobalion|Iron Head|p2a: Jellicent
|-resisted|p2a: Jellicent
|-damage|p2a: Jellicent|86/100
|
|-weather|RainDance|[upkeep]
|-heal|p1a: Cobalion|97/100|[from] item: Leftovers
|upkeep
|turn|28
|
|t:|1633483636
|move|p1a: Cobalion|Volt Switch|p2a: Jellicent
|-supereffective|p2a: Jellicent
|-damage|p2a: Jellicent|66/100
|
|t:|1633483639
|switch|p1a: Weezing|Weezing-Galar, M|76/100|[from]move: Volt Switch
|-damage|p1a: Weezing|64/100|[from] Stealth Rock
|move|p2a: Jellicent|Will-O-Wisp|p1a: Weezing
|-status|p1a: Weezing|brn
|
|-weather|RainDance|[upkeep]
|-damage|p1a: Weezing|58/100 brn|[from] brn
|upkeep
|turn|29
|
|t:|1633483645
|move|p2a: Jellicent|Taunt|p1a: Weezing
|-start|p1a: Weezing|move: Taunt
|cant|p1a: Weezing|move: Taunt|Defog
|
|-weather|RainDance|[upkeep]
|-damage|p1a: Weezing|52/100 brn|[from] brn
|upkeep
|turn|30
|
|t:|1633483654
|switch|p1a: Goodra|Goodra, F|93/100
|-damage|p1a: Goodra|80/100|[from] Stealth Rock
|move|p2a: Jellicent|Hex|p1a: Goodra
|-damage|p1a: Goodra|72/100
|
|-weather|RainDance|[upkeep]
|-heal|p1a: Goodra|78/100|[from] item: Leftovers
|upkeep
|turn|31
|
|t:|1633483661
|switch|p2a: Grimmsnarl|Grimmsnarl, M|100/100
|move|p1a: Goodra|Curse|p1a: Goodra
|-unboost|p1a: Goodra|spe|1
|-boost|p1a: Goodra|atk|1
|-boost|p1a: Goodra|def|1
|
|-weather|none
|-heal|p1a: Goodra|84/100|[from] item: Leftovers
|upkeep
|turn|32
|
|t:|1633483671
|switch|p1a: Weezing|Weezing-Galar, M|52/100 brn
|-damage|p1a: Weezing|39/100 brn|[from] Stealth Rock
|move|p2a: Grimmsnarl|Play Rough|p1a: Weezing|[miss]
|-miss|p2a: Grimmsnarl|p1a: Weezing
|
|-damage|p1a: Weezing|33/100 brn|[from] brn
|upkeep
|turn|33
|
|t:|1633483682
|switch|p2a: Nidoqueen|Nidoqueen, F|12/100 brn
|move|p1a: Weezing|Defog|p2a: Nidoqueen
|-unboost|p2a: Nidoqueen|evasion|1
|-sideend|p1: Fartman Esq.|Stealth Rock|[from] move: Defog|[of] p1a: Weezing
|
|-heal|p2a: Nidoqueen|19/100 brn|[from] item: Black Sludge
|-damage|p2a: Nidoqueen|12/100 brn|[from] brn
|-damage|p1a: Weezing|27/100 brn|[from] brn
|upkeep
|turn|34
|
|t:|1633483688
|move|p2a: Nidoqueen|Stealth Rock|p1a: Weezing
|-sidestart|p1: Fartman Esq.|move: Stealth Rock
|move|p1a: Weezing|Strange Steam|p2a: Nidoqueen
|-resisted|p2a: Nidoqueen
|-damage|p2a: Nidoqueen|0 fnt
|faint|p2a: Nidoqueen
|
|-damage|p1a: Weezing|21/100 brn|[from] brn
|upkeep
|
|t:|1633483692
|switch|p2a: Grimmsnarl|Grimmsnarl, M|100/100
|turn|35
|
|t:|1633483703
|move|p2a: Grimmsnarl|Play Rough|p1a: Weezing
|-resisted|p1a: Weezing
|-damage|p1a: Weezing|0 fnt
|-damage|p2a: Grimmsnarl|84/100|[from] item: Rocky Helmet|[of] p1a: Weezing
|faint|p1a: Weezing
|
|upkeep
|
|t:|1633483724
|switch|p1a: Cobalion|Cobalion|97/100
|-damage|p1a: Cobalion|94/100|[from] Stealth Rock
|turn|36
|
|t:|1633483728
|switch|p2a: Jellicent|Jellicent, M|66/100
|move|p1a: Cobalion|Stealth Rock|p2a: Jellicent
|-sidestart|p2: yovan33321 ¯\_(ツ)|move: Stealth Rock
|
|-heal|p1a: Cobalion|99/100|[from] item: Leftovers
|upkeep
|turn|37
|
|t:|1633483733
|move|p1a: Cobalion|Volt Switch|p2a: Jellicent
|-supereffective|p2a: Jellicent
|-damage|p2a: Jellicent|49/100
|
|t:|1633483737
|switch|p1a: Politoed|Politoed, F|11/100 psn|[from]move: Volt Switch
|-damage|p1a: Politoed|0 fnt|[from] Stealth Rock
|faint|p1a: Politoed
|move|p2a: Jellicent|Recover|p2a: Jellicent
|-heal|p2a: Jellicent|99/100
|
|upkeep
|
|t:|1633483743
|switch|p1a: Goodra|Goodra, F|84/100
|-damage|p1a: Goodra|72/100|[from] Stealth Rock
|turn|38
|
|t:|1633483747
|move|p1a: Goodra|Curse|p1a: Goodra
|-unboost|p1a: Goodra|spe|1
|-boost|p1a: Goodra|atk|1
|-boost|p1a: Goodra|def|1
|move|p2a: Jellicent|Will-O-Wisp|p1a: Goodra
|-status|p1a: Goodra|brn
|
|-heal|p1a: Goodra|78/100 brn|[from] item: Leftovers
|-damage|p1a: Goodra|72/100 brn|[from] brn
|upkeep
|turn|39
|
|t:|1633483755
|move|p2a: Jellicent|Taunt|p1a: Goodra
|-start|p1a: Goodra|move: Taunt
|cant|p1a: Goodra|move: Taunt|Curse
|
|-heal|p1a: Goodra|78/100 brn|[from] item: Leftovers
|-damage|p1a: Goodra|72/100 brn|[from] brn
|upkeep
|turn|40
|
|t:|1633483760
|move|p2a: Jellicent|Hex|p1a: Goodra
|-damage|p1a: Goodra|54/100 brn
|move|p1a: Goodra|Earthquake|p2a: Jellicent
|-damage|p2a: Jellicent|83/100
|
|-heal|p1a: Goodra|60/100 brn|[from] item: Leftovers
|-damage|p1a: Goodra|54/100 brn|[from] brn
|upkeep
|turn|41
|
|t:|1633483770
|move|p2a: Jellicent|Hex|p1a: Goodra
|-damage|p1a: Goodra|34/100 brn
|move|p1a: Goodra|Earthquake|p2a: Jellicent
|-damage|p2a: Jellicent|67/100
|
|-heal|p1a: Goodra|41/100 brn|[from] item: Leftovers
|-damage|p1a: Goodra|34/100 brn|[from] brn
|-end|p1a: Goodra|move: Taunt
|upkeep
|turn|42
|
|t:|1633483778
|switch|p1a: Kingdra|Kingdra, M|100/100
|-damage|p1a: Kingdra|88/100|[from] Stealth Rock
|move|p2a: Jellicent|Taunt|p1a: Kingdra
|-start|p1a: Kingdra|move: Taunt
|
|upkeep
|turn|43
|
|t:|1633483783
|switch|p2a: Umbreon|Umbreon, M|100/100
|-damage|p2a: Umbreon|88/100|[from] Stealth Rock
|move|p1a: Kingdra|Hurricane|p2a: Umbreon
|-damage|p2a: Umbreon|63/100
|-start|p2a: Umbreon|confusion
|
|-heal|p2a: Umbreon|69/100|[from] item: Leftovers
|upkeep
|turn|44
|
|t:|1633483789
|switch|p1a: Goodra|Goodra, F|34/100 brn
|-damage|p1a: Goodra|22/100 brn|[from] Stealth Rock
|-activate|p2a: Umbreon|confusion
|move|p2a: Umbreon|Wish|p2a: Umbreon
|
|-heal|p1a: Goodra|28/100 brn|[from] item: Leftovers
|-heal|p2a: Umbreon|75/100|[from] item: Leftovers
|-damage|p1a: Goodra|22/100 brn|[from] brn
|upkeep
|turn|45
|
|t:|1633483796
|move|p1a: Goodra|Rest|p1a: Goodra
|-status|p1a: Goodra|slp|[from] move: Rest
|-heal|p1a: Goodra|100/100 slp|[silent]
|-end|p2a: Umbreon|confusion
|move|p2a: Umbreon|Foul Play|p1a: Goodra
|-damage|p1a: Goodra|60/100 slp
|
|-heal|p2a: Umbreon|100/100|[from] move: Wish|[wisher] Umbreon
|-heal|p1a: Goodra|66/100 slp|[from] item: Leftovers
|upkeep
|turn|46
|
|t:|1633483802
|switch|p1a: Cobalion|Cobalion|99/100
|-damage|p1a: Cobalion|97/100|[from] Stealth Rock
|move|p2a: Umbreon|Wish|p2a: Umbreon
|
|-heal|p1a: Cobalion|100/100|[from] item: Leftovers
|upkeep
|turn|47
|
|t:|1633483807
|switch|p2a: Jellicent|Jellicent, M|67/100
|move|p1a: Cobalion|Volt Switch|p2a: Jellicent
|-supereffective|p2a: Jellicent
|-damage|p2a: Jellicent|47/100
|
|t:|1633483813
|switch|p1a: Kingdra|Kingdra, M|88/100|[from]move: Volt Switch
|-damage|p1a: Kingdra|76/100|[from] Stealth Rock
|
|-heal|p2a: Jellicent|96/100|[from] move: Wish|[wisher] Umbreon
|upkeep
|turn|48
|
|t:|1633483818
|switch|p2a: Umbreon|Umbreon, M|100/100
|-damage|p2a: Umbreon|88/100|[from] Stealth Rock
|move|p1a: Kingdra|Hurricane|p2a: Umbreon
|-damage|p2a: Umbreon|61/100
|
|-heal|p2a: Umbreon|67/100|[from] item: Leftovers
|upkeep
|turn|49
|
|t:|1633483822
|switch|p1a: Cobalion|Cobalion|100/100
|-damage|p1a: Cobalion|97/100|[from] Stealth Rock
|move|p2a: Umbreon|Foul Play|p1a: Cobalion
|-resisted|p1a: Cobalion
|-damage|p1a: Cobalion|82/100
|-ability|p1a: Cobalion|Justified|boost
|-boost|p1a: Cobalion|atk|1
|
|-heal|p1a: Cobalion|88/100|[from] item: Leftovers
|-heal|p2a: Umbreon|73/100|[from] item: Leftovers
|upkeep
|turn|50
|
|t:|1633483832
|switch|p2a: Jellicent|Jellicent, M|96/100
|move|p1a: Cobalion|Iron Head|p2a: Jellicent
|-resisted|p2a: Jellicent
|-damage|p2a: Jellicent|75/100
|
|-heal|p1a: Cobalion|94/100|[from] item: Leftovers
|upkeep
|turn|51
|
|t:|1633483844
|move|p1a: Cobalion|Volt Switch|p2a: Jellicent
|-supereffective|p2a: Jellicent
|-damage|p2a: Jellicent|57/100
|
|t:|1633483848
|switch|p1a: Umbreon|Umbreon, M|100/100|[from]move: Volt Switch
|-damage|p1a: Umbreon|88/100|[from] Stealth Rock
|move|p2a: Jellicent|Will-O-Wisp|p1a: Umbreon
|-status|p1a: Umbreon|brn
|-activate|p1a: Umbreon|ability: Synchronize
|-status|p2a: Jellicent|brn
|
|-heal|p1a: Umbreon|94/100 brn|[from] item: Leftovers
|-damage|p1a: Umbreon|88/100 brn|[from] brn
|-damage|p2a: Jellicent|51/100 brn|[from] brn
|upkeep
|turn|52
|
|t:|1633483854
|switch|p2a: Toxicroak|Toxicroak, M|100/100
|-damage|p2a: Toxicroak|94/100|[from] Stealth Rock
|move|p1a: Umbreon|Wish|p1a: Umbreon
|
|-heal|p1a: Umbreon|94/100 brn|[from] item: Leftovers
|-damage|p1a: Umbreon|88/100 brn|[from] brn
|upkeep
|turn|53
|
|t:|1633483874
|switch|p1a: Kingdra|Kingdra, M|76/100
|-damage|p1a: Kingdra|63/100|[from] Stealth Rock
|move|p2a: Toxicroak|Gunk Shot|p1a: Kingdra
|-damage|p1a: Kingdra|0 fnt
|faint|p1a: Kingdra
|-damage|p2a: Toxicroak|85/100|[from] item: Life Orb
|
|upkeep
|-message|Fartman Esq. forfeited.
|
|win|yovan33321 ¯\_(ツ)
|raw|Fartman Esq.'s rating: 1483 &rarr; <strong>1474</strong><br />(-9 for losing)
|raw|yovan33321 ¯\_(ツ)'s rating: 1700 &rarr; <strong>1709</strong><br />(+9 for winning)
|l|☆Fartman Esq.
