|j|☆OUATIA
|j|☆guille14
|inactive|Battle timer is ON: inactive players will automatically lose when time's up.
|t:|1657478594
|gametype|singles
|player|p1|OUATIA|2|
|player|p2|guille14|#ptpl3medicham|
|teamsize|p1|6
|teamsize|p2|6
|gen|8
|tier|[Gen 8] RU
|rated|Tournament battle
|rule|Sleep Clause Mod: Limit one foe put to sleep
|rule|Species Clause: Limit one of each Pokémon
|rule|OHKO Clause: OHKO moves are banned
|rule|Evasion Moves Clause: Evasion moves are banned
|rule|Endless Battle Clause: Forcing endless battles is banned
|rule|HP Percentage Mod: HP is shown in percentages
|rule|Dynamax Clause: You cannot dynamax
|clearpoke
|poke|p1|Umbreon, F|
|poke|p1|Weezing-Galar, M|
|poke|p1|Lucario, M|
|poke|p1|Metagross|
|poke|p1|Seismitoad, M|
|poke|p1|Grimmsnarl, M|
|poke|p2|Gigalith, F|
|poke|p2|Lycanroc, M|
|poke|p2|Rotom-Mow|
|poke|p2|Sylveon, F|
|poke|p2|Claydol|
|poke|p2|Salazzle, F|
|teampreview
|c|☆guille14|hf
|j|%yOuRwElCoMeThAnk
|c|☆OUATIA|thanks
|c|☆OUATIA|you too
|
|t:|1657478609
|start
|switch|p1a: Metagross|Metagross|100/100
|switch|p2a: Rotom|Rotom-Mow|100/100
|turn|1
|
|t:|1657478618
|move|p2a: Rotom|Nasty Plot|p2a: Rotom
|-boost|p2a: Rotom|spa|2
|move|p1a: Metagross|Earthquake|p2a: Rotom
|-immune|p2a: Rotom|[from] ability: Levitate
|
|upkeep
|turn|2
|
|t:|1657478624
|move|p2a: Rotom|Nasty Plot|p2a: Rotom
|-boost|p2a: Rotom|spa|2
|move|p1a: Metagross|Psycho Cut|p2a: Rotom
|-damage|p2a: Rotom|48/100
|
|-heal|p2a: Rotom|54/100|[from] item: Leftovers
|upkeep
|turn|3
|
|t:|1657478630
|move|p2a: Rotom|Pain Split|p1a: Metagross
|-sethp|p1a: Metagross|68/100|[from] move: Pain Split|[silent]
|-sethp|p2a: Rotom|100/100|[from] move: Pain Split
|move|p1a: Metagross|Psycho Cut|p2a: Rotom
|-crit|p2a: Rotom
|-damage|p2a: Rotom|10/100
|
|-heal|p2a: Rotom|17/100|[from] item: Leftovers
|upkeep
|turn|4
|
|t:|1657478639
|move|p1a: Metagross|Bullet Punch|p2a: Rotom
|-resisted|p2a: Rotom
|-damage|p2a: Rotom|0 fnt
|faint|p2a: Rotom
|
|upkeep
|
|t:|1657478644
|switch|p2a: Salazzle|Salazzle, F|100/100
|turn|5
|
|t:|1657478647
|move|p2a: Salazzle|Toxic|p1a: Metagross
|-status|p1a: Metagross|tox
|move|p1a: Metagross|Earthquake|p2a: Salazzle
|-supereffective|p2a: Salazzle
|-damage|p2a: Salazzle|0 fnt
|faint|p2a: Salazzle
|
|-damage|p1a: Metagross|62/100 tox|[from] psn
|upkeep
|
|t:|1657478651
|switch|p2a: Claydol|Claydol|100/100
|turn|6
|
|t:|1657478658
|switch|p1a: Grimmsnarl|Grimmsnarl, M|100/100
|-item|p2a: Claydol|Leftovers|[from] ability: Frisk|[of] p1a: Grimmsnarl|[identify]
|move|p2a: Claydol|Teleport|p2a: Claydol
|
|t:|1657478661
|switch|p2a: Gigalith|Gigalith, F|100/100|[from]move: Teleport
|-weather|Sandstorm|[from] ability: Sand Stream|[of] p2a: Gigalith
|
|-weather|Sandstorm|[upkeep]
|-damage|p1a: Grimmsnarl|94/100|[from] Sandstorm
|upkeep
|turn|7
|
|t:|1657478669
|switch|p1a: Weezing|Weezing-Galar, M|100/100
|move|p2a: Gigalith|Toxic|p1a: Weezing
|-immune|p1a: Weezing
|
|-weather|Sandstorm|[upkeep]
|-damage|p1a: Weezing|94/100|[from] Sandstorm
|upkeep
|turn|8
|
|t:|1657478675
|move|p1a: Weezing|Strange Steam|p2a: Gigalith
|-damage|p2a: Gigalith|88/100
|-start|p2a: Gigalith|confusion
|-activate|p2a: Gigalith|confusion
|-damage|p2a: Gigalith|78/100|[from] confusion
|
|-weather|Sandstorm|[upkeep]
|-damage|p1a: Weezing|88/100|[from] Sandstorm
|-heal|p2a: Gigalith|84/100|[from] item: Leftovers
|upkeep
|turn|9
|
|t:|1657478684
|move|p1a: Weezing|Strange Steam|p2a: Gigalith
|-damage|p2a: Gigalith|71/100
|-end|p2a: Gigalith|confusion
|move|p2a: Gigalith|Rock Blast|p1a: Weezing
|-damage|p1a: Weezing|80/100
|-damage|p1a: Weezing|73/100
|-damage|p1a: Weezing|65/100
|-hitcount|p1a: Weezing|3
|
|-weather|Sandstorm|[upkeep]
|-damage|p1a: Weezing|59/100|[from] Sandstorm
|-heal|p2a: Gigalith|77/100|[from] item: Leftovers
|upkeep
|turn|10
|
|t:|1657478695
|move|p1a: Weezing|Strange Steam|p2a: Gigalith|[miss]
|-miss|p1a: Weezing|p2a: Gigalith
|move|p2a: Gigalith|Stealth Rock|p1a: Weezing
|-sidestart|p1: OUATIA|move: Stealth Rock
|
|-weather|none
|-heal|p2a: Gigalith|83/100|[from] item: Leftovers
|upkeep
|turn|11
|
|t:|1657478702
|move|p1a: Weezing|Defog|p2a: Gigalith
|-unboost|p2a: Gigalith|evasion|1
|-sideend|p1: OUATIA|Stealth Rock|[from] move: Defog|[of] p1a: Weezing
|move|p2a: Gigalith|Rock Blast|p1a: Weezing|[miss]
|-miss|p2a: Gigalith|p1a: Weezing
|
|-heal|p2a: Gigalith|89/100|[from] item: Leftovers
|upkeep
|turn|12
|
|t:|1657478709
|move|p1a: Weezing|Strange Steam|p2a: Gigalith
|-damage|p2a: Gigalith|69/100
|move|p2a: Gigalith|Rock Blast|p1a: Weezing
|-damage|p1a: Weezing|51/100
|-damage|p1a: Weezing|43/100
|-hitcount|p1a: Weezing|2
|
|-heal|p2a: Gigalith|75/100|[from] item: Leftovers
|upkeep
|turn|13
|
|t:|1657478717
|move|p1a: Weezing|Strange Steam|p2a: Gigalith
|-damage|p2a: Gigalith|53/100
|-start|p2a: Gigalith|confusion
|-activate|p2a: Gigalith|confusion
|move|p2a: Gigalith|Stealth Rock|p1a: Weezing
|-sidestart|p1: OUATIA|move: Stealth Rock
|
|-heal|p2a: Gigalith|59/100|[from] item: Leftovers
|upkeep
|turn|14
|
|t:|1657478724
|switch|p2a: Claydol|Claydol|100/100
|move|p1a: Weezing|Defog|p2a: Claydol
|-unboost|p2a: Claydol|evasion|1
|-sideend|p1: OUATIA|Stealth Rock|[from] move: Defog|[of] p1a: Weezing
|
|upkeep
|turn|15
|
|t:|1657478732
|switch|p1a: Umbreon|Umbreon, F|100/100
|move|p2a: Claydol|Teleport|p2a: Claydol
|
|t:|1657478736
|switch|p2a: Gigalith|Gigalith, F|59/100|[from]move: Teleport
|-weather|Sandstorm|[from] ability: Sand Stream|[of] p2a: Gigalith
|
|-weather|Sandstorm|[upkeep]
|-damage|p1a: Umbreon|94/100|[from] Sandstorm
|-heal|p1a: Umbreon|100/100|[from] item: Leftovers
|-heal|p2a: Gigalith|65/100|[from] item: Leftovers
|upkeep
|turn|16
|
|t:|1657478746
|switch|p1a: Weezing|Weezing-Galar, M|43/100
|move|p2a: Gigalith|Stealth Rock|p1a: Weezing
|-sidestart|p1: OUATIA|move: Stealth Rock
|
|-weather|Sandstorm|[upkeep]
|-damage|p1a: Weezing|37/100|[from] Sandstorm
|-heal|p2a: Gigalith|71/100|[from] item: Leftovers
|upkeep
|turn|17
|
|t:|1657478753
|switch|p2a: Lycanroc|Lycanroc, M|100/100
|move|p1a: Weezing|Defog|p2a: Lycanroc
|-unboost|p2a: Lycanroc|evasion|1
|-sideend|p1: OUATIA|Stealth Rock|[from] move: Defog|[of] p1a: Weezing
|
|-weather|Sandstorm|[upkeep]
|-damage|p1a: Weezing|31/100|[from] Sandstorm
|upkeep
|turn|18
|
|t:|1657478761
|move|p2a: Lycanroc|Stone Edge|p1a: Weezing|[miss]
|-miss|p2a: Lycanroc|p1a: Weezing
|move|p1a: Weezing|Pain Split|p2a: Lycanroc
|-sethp|p2a: Lycanroc|68/100|[from] move: Pain Split|[silent]
|-sethp|p1a: Weezing|61/100|[from] move: Pain Split
|
|-weather|Sandstorm|[upkeep]
|-damage|p1a: Weezing|55/100|[from] Sandstorm
|upkeep
|turn|19
|
|t:|1657478769
|move|p2a: Lycanroc|Stone Edge|p1a: Weezing
|-damage|p1a: Weezing|9/100
|-damage|p2a: Lycanroc|58/100|[from] item: Life Orb
|move|p1a: Weezing|Strange Steam|p2a: Lycanroc
|-crit|p2a: Lycanroc
|-damage|p2a: Lycanroc|10/100
|
|-weather|none
|upkeep
|turn|20
|
|t:|1657478777
|switch|p2a: Claydol|Claydol|100/100
|move|p1a: Weezing|Strange Steam|p2a: Claydol
|-damage|p2a: Claydol|77/100
|
|-heal|p2a: Claydol|83/100|[from] item: Leftovers
|upkeep
|turn|21
|
|t:|1657478784
|move|p2a: Claydol|Ice Beam|p1a: Weezing
|-damage|p1a: Weezing|0 fnt
|faint|p1a: Weezing
|
|-heal|p2a: Claydol|89/100|[from] item: Leftovers
|upkeep
|
|t:|1657478790
|switch|p1a: Grimmsnarl|Grimmsnarl, M|94/100
|-item|p2a: Claydol|Leftovers|[from] ability: Frisk|[of] p1a: Grimmsnarl|[identify]
|turn|22
|
|t:|1657478795
|switch|p2a: Sylveon|Sylveon, F|100/100
|move|p1a: Grimmsnarl|Play Rough|p2a: Sylveon
|-damage|p2a: Sylveon|42/100
|
|-heal|p2a: Sylveon|48/100|[from] item: Leftovers
|upkeep
|turn|23
|
|t:|1657478803
|move|p2a: Sylveon|Protect|p2a: Sylveon
|-singleturn|p2a: Sylveon|Protect
|move|p1a: Grimmsnarl|Play Rough|p2a: Sylveon
|-activate|p2a: Sylveon|move: Protect
|
|-heal|p2a: Sylveon|54/100|[from] item: Leftovers
|upkeep
|turn|24
|
|t:|1657478811
|switch|p2a: Gigalith|Gigalith, F|71/100
|-weather|Sandstorm|[from] ability: Sand Stream|[of] p2a: Gigalith
|move|p1a: Grimmsnarl|Play Rough|p2a: Gigalith
|-damage|p2a: Gigalith|20/100
|
|-weather|Sandstorm|[upkeep]
|-damage|p1a: Grimmsnarl|88/100|[from] Sandstorm
|-heal|p2a: Gigalith|26/100|[from] item: Leftovers
|upkeep
|turn|25
|
|t:|1657478821
|move|p1a: Grimmsnarl|Play Rough|p2a: Gigalith
|-damage|p2a: Gigalith|0 fnt
|faint|p2a: Gigalith
|
|-weather|Sandstorm|[upkeep]
|-damage|p1a: Grimmsnarl|82/100|[from] Sandstorm
|upkeep
|
|t:|1657478823
|switch|p2a: Lycanroc|Lycanroc, M|10/100
|turn|26
|
|t:|1657478830
|switch|p1a: Umbreon|Umbreon, F|100/100
|move|p2a: Lycanroc|Close Combat|p1a: Umbreon
|-supereffective|p1a: Umbreon
|-damage|p1a: Umbreon|18/100
|-unboost|p2a: Lycanroc|def|1
|-unboost|p2a: Lycanroc|spd|1
|-damage|p2a: Lycanroc|0 fnt|[from] item: Life Orb
|faint|p2a: Lycanroc
|
|-weather|Sandstorm|[upkeep]
|-damage|p1a: Umbreon|12/100|[from] Sandstorm
|-heal|p1a: Umbreon|18/100|[from] item: Leftovers
|upkeep
|
|t:|1657478833
|switch|p2a: Sylveon|Sylveon, F|54/100
|turn|27
|
|t:|1657478844
|move|p1a: Umbreon|Wish|p1a: Umbreon
|move|p2a: Sylveon|Wish|p2a: Sylveon
|
|-weather|Sandstorm|[upkeep]
|-damage|p1a: Umbreon|12/100|[from] Sandstorm
|-damage|p2a: Sylveon|48/100|[from] Sandstorm
|-heal|p1a: Umbreon|18/100|[from] item: Leftovers
|-heal|p2a: Sylveon|54/100|[from] item: Leftovers
|upkeep
|turn|28
|
|t:|1657478851
|move|p1a: Umbreon|Heal Bell|p1a: Umbreon
|-activate|p1a: Umbreon|move: Heal Bell
|-curestatus|p1: Metagross|tox|[msg]
|move|p2a: Sylveon|Hyper Voice|p1a: Umbreon
|-supereffective|p1a: Umbreon
|-damage|p1a: Umbreon|0 fnt
|faint|p1a: Umbreon
|
|-weather|none
|-heal|p2a: Sylveon|100/100|[from] move: Wish|[wisher] Sylveon
|upkeep
|
|t:|1657478860
|switch|p1a: Metagross|Metagross|62/100
|turn|29
|
|t:|1657478863
|switch|p2a: Claydol|Claydol|89/100
|move|p1a: Metagross|Meteor Mash|p2a: Claydol
|-damage|p2a: Claydol|48/100
|
|-heal|p2a: Claydol|55/100|[from] item: Leftovers
|upkeep
|turn|30
|
|t:|1657478870
|switch|p1a: Seismitoad|Seismitoad, M|100/100
|move|p2a: Claydol|Scorching Sands|p1a: Seismitoad
|-crit|p1a: Seismitoad
|-damage|p1a: Seismitoad|68/100
|
|-heal|p2a: Claydol|61/100|[from] item: Leftovers
|upkeep
|turn|31
|
|t:|1657478878
|switch|p2a: Sylveon|Sylveon, F|100/100
|move|p1a: Seismitoad|Knock Off|p2a: Sylveon
|-resisted|p2a: Sylveon
|-damage|p2a: Sylveon|88/100
|-enditem|p2a: Sylveon|Leftovers|[from] move: Knock Off|[of] p1a: Seismitoad
|
|upkeep
|turn|32
|
|t:|1657478885
|switch|p1a: Metagross|Metagross|62/100
|move|p2a: Sylveon|Wish|p2a: Sylveon
|
|upkeep
|turn|33
|
|t:|1657478890
|switch|p2a: Claydol|Claydol|61/100
|move|p1a: Metagross|Meteor Mash|p2a: Claydol
|-damage|p2a: Claydol|23/100
|
|-heal|p2a: Claydol|84/100|[from] move: Wish|[wisher] Sylveon
|-heal|p2a: Claydol|90/100|[from] item: Leftovers
|upkeep
|turn|34
|
|t:|1657478901
|switch|p1a: Seismitoad|Seismitoad, M|68/100
|move|p2a: Claydol|Scorching Sands|p1a: Seismitoad
|-damage|p1a: Seismitoad|45/100
|
|-heal|p2a: Claydol|96/100|[from] item: Leftovers
|upkeep
|turn|35
|
|t:|1657478907
|switch|p2a: Sylveon|Sylveon, F|88/100
|move|p1a: Seismitoad|Stealth Rock|p2a: Sylveon
|-sidestart|p2: guille14|move: Stealth Rock
|
|upkeep
|turn|36
|
|t:|1657478912
|move|p1a: Seismitoad|Earthquake|p2a: Sylveon
|-damage|p2a: Sylveon|53/100
|move|p2a: Sylveon|Wish|p2a: Sylveon
|
|upkeep
|turn|37
|
|t:|1657478919
|switch|p1a: Metagross|Metagross|62/100
|move|p2a: Sylveon|Hyper Voice|p1a: Metagross
|-resisted|p1a: Metagross
|-damage|p1a: Metagross|48/100
|
|-heal|p2a: Sylveon|100/100|[from] move: Wish|[wisher] Sylveon
|upkeep
|turn|38
|
|t:|1657478927
|move|p2a: Sylveon|Protect|p2a: Sylveon
|-singleturn|p2a: Sylveon|Protect
|move|p1a: Metagross|Meteor Mash|p2a: Sylveon
|-activate|p2a: Sylveon|move: Protect
|
|upkeep
|turn|39
|
|t:|1657478932
|switch|p2a: Claydol|Claydol|96/100
|-damage|p2a: Claydol|90/100|[from] Stealth Rock
|move|p1a: Metagross|Meteor Mash|p2a: Claydol
|-damage|p2a: Claydol|53/100
|
|-heal|p2a: Claydol|59/100|[from] item: Leftovers
|upkeep
|turn|40
|
|t:|1657478940
|move|p2a: Claydol|Rapid Spin|p1a: Metagross
|-resisted|p1a: Metagross
|-damage|p1a: Metagross|45/100
|-boost|p2a: Claydol|spe|1
|-sideend|p2: guille14|Stealth Rock|[from] move: Rapid Spin|[of] p2a: Claydol
|move|p1a: Metagross|Meteor Mash|p2a: Claydol
|-damage|p2a: Claydol|20/100
|
|-heal|p2a: Claydol|26/100|[from] item: Leftovers
|upkeep
|turn|41
|
|t:|1657478951
|move|p2a: Claydol|Scorching Sands|p1a: Metagross
|-supereffective|p1a: Metagross
|-damage|p1a: Metagross|21/100
|-status|p1a: Metagross|brn
|move|p1a: Metagross|Meteor Mash|p2a: Claydol
|-damage|p2a: Claydol|8/100
|
|-heal|p2a: Claydol|14/100|[from] item: Leftovers
|-damage|p1a: Metagross|15/100 brn|[from] brn
|upkeep
|turn|42
|
|t:|1657478971
|move|p1a: Metagross|Bullet Punch|p2a: Claydol
|-damage|p2a: Claydol|5/100
|move|p2a: Claydol|Teleport|p2a: Claydol
|
|t:|1657478973
|switch|p2a: Sylveon|Sylveon, F|100/100|[from]move: Teleport
|
|-damage|p1a: Metagross|8/100 brn|[from] brn
|upkeep
|turn|43
|
|t:|1657478978
|move|p1a: Metagross|Meteor Mash|p2a: Sylveon
|-supereffective|p2a: Sylveon
|-damage|p2a: Sylveon|61/100
|move|p2a: Sylveon|Wish|p2a: Sylveon
|
|-damage|p1a: Metagross|2/100 brn|[from] brn
|upkeep
|turn|44
|
|t:|1657478985
|move|p2a: Sylveon|Protect|p2a: Sylveon
|-singleturn|p2a: Sylveon|Protect
|move|p1a: Metagross|Meteor Mash|p2a: Sylveon
|-activate|p2a: Sylveon|move: Protect
|
|-heal|p2a: Sylveon|100/100|[from] move: Wish|[wisher] Sylveon
|-damage|p1a: Metagross|0 fnt|[from] brn
|faint|p1a: Metagross
|upkeep
|inactive|OUATIA has 120 seconds left.
|
|t:|1657479027
|switch|p1a: Lucario|Lucario, M|100/100
|turn|45
|
|t:|1657479031
|move|p1a: Lucario|Nasty Plot|p1a: Lucario
|-boost|p1a: Lucario|spa|2
|move|p2a: Sylveon|Hyper Voice|p1a: Lucario
|-damage|p1a: Lucario|32/100
|
|upkeep
|turn|46
|
|t:|1657479037
|move|p1a: Lucario|Flash Cannon|p2a: Sylveon
|-supereffective|p2a: Sylveon
|-crit|p2a: Sylveon
|-damage|p2a: Sylveon|0 fnt
|faint|p2a: Sylveon
|-damage|p1a: Lucario|22/100|[from] item: Life Orb
|
|upkeep
|c|☆guille14|gg
|c|☆OUATIA|gg
|c|☆OUATIA|wp
|c|☆guille14|u2
|
|t:|1657479052
|switch|p2a: Claydol|Claydol|5/100
|turn|47
|
|t:|1657479056
|move|p1a: Lucario|Vacuum Wave|p2a: Claydol
|-resisted|p2a: Claydol
|-damage|p2a: Claydol|0 fnt
|faint|p2a: Claydol
|-damage|p1a: Lucario|12/100|[from] item: Life Orb
|
|win|OUATIA
|n|☆OUATIA|ouatia
|n|☆guille14|guille14
|n| yOuRwElCoMeThAnk|yourwelcomethank
