|j|☆ms. vish
|j|☆Guybackstage
|t:|1646332710
|gametype|singles
|player|p1|ms. vish|parasollady|1148
|player|p2|Guybackstage|cameraman|1318
|teamsize|p1|6
|teamsize|p2|6
|gen|8
|tier|[Gen 8] RU
|rated|
|rule|Sleep Clause Mod: Limit one foe put to sleep
|rule|Species Clause: Limit one of each Pokémon
|rule|OHKO Clause: OHKO moves are banned
|rule|Evasion Moves Clause: Evasion moves are banned
|rule|Endless Battle Clause: Forcing endless battles is banned
|rule|HP Percentage Mod: HP is shown in percentages
|rule|Dynamax Clause: You cannot dynamax
|clearpoke
|poke|p1|Arctovish|
|poke|p1|Vanilluxe, M|
|poke|p1|Nidoqueen, F|
|poke|p1|Raikou|
|poke|p1|Dhelmise|
|poke|p1|Grimmsnarl, M|
|poke|p2|Natu, F|
|poke|p2|Snorlax, M|
|poke|p2|Marowak-Alola, M|
|poke|p2|Porygon2|
|poke|p2|Pangoro, F|
|poke|p2|Whimsicott, F|
|teampreview
|
|t:|1646332726
|start
|switch|p1a: Arctovish|Arctovish|100/100
|switch|p2a: Natu|Natu, F|100/100
|turn|1
|
|t:|1646332733
|move|p1a: Arctovish|Fishious Rend|p2a: Natu
|-enditem|p2a: Natu|Focus Sash
|-damage|p2a: Natu|1/100
|-damage|p1a: Arctovish|91/100|[from] item: Life Orb
|move|p2a: Natu|Trick Room|p2a: Natu
|-fieldstart|move: Trick Room|[of] p2a: Natu
|
|upkeep
|turn|2
|
|t:|1646332740
|switch|p1a: Vanilluxe|Vanilluxe, M|100/100
|-weather|Hail|[from] ability: Snow Warning|[of] p1a: Vanilluxe
|move|p2a: Natu|Teleport|p2a: Natu
|inactive|Battle timer is ON: inactive players will automatically lose when time's up. (requested by ms. vish)
|
|t:|1646332745
|switch|p2a: Marowak|Marowak-Alola, M|100/100|[from]move: Teleport
|
|-weather|Hail|[upkeep]
|-damage|p2a: Marowak|94/100|[from] Hail
|upkeep
|turn|3
|
|t:|1646332753
|move|p2a: Marowak|Flare Blitz|p1a: Vanilluxe
|-supereffective|p1a: Vanilluxe
|-damage|p1a: Vanilluxe|0 fnt
|faint|p1a: Vanilluxe
|
|-weather|Hail|[upkeep]
|-damage|p2a: Marowak|88/100|[from] Hail
|upkeep
|
|t:|1646332759
|switch|p1a: Grimmsnarl|Grimmsnarl, M|100/100
|turn|4
|
|t:|1646332764
|move|p2a: Marowak|Flare Blitz|p1a: Grimmsnarl
|-crit|p1a: Grimmsnarl
|-damage|p1a: Grimmsnarl|0 fnt
|-damage|p2a: Marowak|72/100|[from] item: Rocky Helmet|[of] p1a: Grimmsnarl
|faint|p1a: Grimmsnarl
|
|-weather|Hail|[upkeep]
|-damage|p2a: Marowak|66/100|[from] Hail
|upkeep
|
|t:|1646332783
|switch|p1a: Raikou|Raikou|100/100
|-ability|p1a: Raikou|Pressure
|turn|5
|
|t:|1646332788
|move|p2a: Marowak|Flare Blitz|p1a: Raikou
|-damage|p1a: Raikou|0 fnt
|faint|p1a: Raikou
|
|-weather|Hail|[upkeep]
|-damage|p2a: Marowak|59/100|[from] Hail
|-fieldend|move: Trick Room
|upkeep
|
|t:|1646332791
|switch|p1a: Arctovish|Arctovish|91/100
|turn|6
|
|t:|1646332798
|switch|p2a: Natu|Natu, F|1/100
|move|p1a: Arctovish|Fishious Rend|p2a: Natu
|-damage|p2a: Natu|0 fnt
|faint|p2a: Natu
|-damage|p1a: Arctovish|81/100|[from] item: Life Orb
|
|-weather|Hail|[upkeep]
|upkeep
|
|t:|1646332810
|switch|p2a: Porygon2|Porygon2, shiny|100/100
|-ability|p2a: Porygon2|Slush Rush|[from] ability: Trace|[of] p1a: Arctovish
|turn|7
|
|t:|1646332815
|move|p1a: Arctovish|Fishious Rend|p2a: Porygon2
|-damage|p2a: Porygon2|49/100
|-damage|p1a: Arctovish|71/100|[from] item: Life Orb
|move|p2a: Porygon2|Trick Room|p2a: Porygon2
|-fieldstart|move: Trick Room|[of] p2a: Porygon2
|
|-weather|Hail|[upkeep]
|-damage|p2a: Porygon2|43/100|[from] Hail
|upkeep
|turn|8
|
|t:|1646332823
|move|p1a: Arctovish|Fishious Rend|p2a: Porygon2
|-damage|p2a: Porygon2|0 fnt
|faint|p2a: Porygon2
|-damage|p1a: Arctovish|61/100|[from] item: Life Orb
|
|-weather|Hail|[upkeep]
|upkeep
|
|t:|1646332830
|switch|p2a: Marowak|Marowak-Alola, M|59/100
|turn|9
|
|t:|1646332846
|switch|p1a: Dhelmise|Dhelmise|100/100
|move|p2a: Marowak|Flare Blitz|p1a: Dhelmise
|-supereffective|p1a: Dhelmise
|-crit|p1a: Dhelmise
|-damage|p1a: Dhelmise|0 fnt
|faint|p1a: Dhelmise
|
|-weather|none
|upkeep
|
|t:|1646332847
|switch|p1a: Nidoqueen|Nidoqueen, F|100/100
|turn|10
|
|t:|1646332858
|move|p2a: Marowak|Bonemerang|p1a: Nidoqueen
|-supereffective|p1a: Nidoqueen
|-damage|p1a: Nidoqueen|33/100
|-supereffective|p1a: Nidoqueen
|-damage|p1a: Nidoqueen|0 fnt
|faint|p1a: Nidoqueen
|-hitcount|p1: Nidoqueen|2
|
|upkeep
|
|t:|1646332860
|switch|p1a: Arctovish|Arctovish|61/100
|turn|11
|
|t:|1646332867
|move|p2a: Marowak|Flare Blitz|p1a: Arctovish
|-damage|p1a: Arctovish|0 fnt
|faint|p1a: Arctovish
|
|win|Guybackstage
|raw|ms. vish's rating: 1148 &rarr; <strong>1134</strong><br />(-14 for losing)
|raw|Guybackstage's rating: 1318 &rarr; <strong>1329</strong><br />(+11 for winning)
|l|☆ms. vish
||Ladder isn't responding, score probably updated but might not have (Request timeout).
