|raw|<div class="broadcast-blue"><strong>This battle is required to be public due to a player having a name starting with 'rult70'.</div>
|j|‽RULT70Z RW
|j|‽toxrus1
|t:|1626603345
|gametype|singles
|player|p1|RULT70Z RW|oak-gen1rb|1450
|player|p2|toxrus1|beauty-gen4dp|1416
|teamsize|p1|6
|teamsize|p2|6
|gen|8
|tier|[Gen 8] RU
|rated|
|rule|Sleep Clause Mod: Limit one foe put to sleep
|rule|Species Clause: Limit one of each Pokémon
|rule|OHKO Clause: OHKO moves are banned
|rule|Evasion Moves Clause: Evasion moves are banned
|rule|Endless Battle Clause: Forcing endless battles is banned
|rule|HP Percentage Mod: HP is shown in percentages
|rule|Dynamax Clause: You cannot dynamax
|clearpoke
|poke|p1|Xurkitree|
|poke|p1|Gastrodon, M|
|poke|p1|Mienshao, M|
|poke|p1|Stakataka|
|poke|p1|Crobat, M|
|poke|p1|Roserade, M|
|poke|p2|Gastrodon, M|
|poke|p2|Ditto|
|poke|p2|Umbreon, F|
|poke|p2|Stakataka|
|poke|p2|Reuniclus, F|
|poke|p2|Togekiss, M|
|teampreview
|inactive|Battle timer is ON: inactive players will automatically lose when time's up. (requested by RULT70Z RW)
|
|t:|1626603362
|start
|switch|p1a: Mienshao|Mienshao, M|100/100
|switch|p2a: Reuniclus|Reuniclus, F, shiny|100/100
|turn|1
|
|t:|1626603369
|move|p1a: Mienshao|U-turn|p2a: Reuniclus
|-supereffective|p2a: Reuniclus
|-damage|p2a: Reuniclus|40/100
|-damage|p1a: Mienshao|91/100|[from] item: Life Orb
|
|t:|1626603374
|switch|p1a: Gastrodon|Gastrodon, M|100/100|[from]move: U-turn
|move|p2a: Reuniclus|Psyshock|p1a: Gastrodon
|-damage|p1a: Gastrodon|71/100
|
|upkeep
|turn|2
|
|t:|1626603380
|move|p1a: Gastrodon|Recover|p1a: Gastrodon
|-heal|p1a: Gastrodon|100/100
|move|p2a: Reuniclus|Knock Off|p1a: Gastrodon
|-damage|p1a: Gastrodon|91/100
|-enditem|p1a: Gastrodon|Heavy-Duty Boots|[from] move: Knock Off|[of] p2a: Reuniclus
|
|upkeep
|turn|3
|
|t:|1626603396
|move|p1a: Gastrodon|Ice Beam|p2a: Reuniclus
|-damage|p2a: Reuniclus|31/100
|move|p2a: Reuniclus|Future Sight|p1a: Gastrodon
|-start|p2a: Reuniclus|move: Future Sight
|
|upkeep
|turn|4
|
|t:|1626603406
|switch|p2a: Gastrodon|Gastrodon, M|100/100
|move|p1a: Gastrodon|Ice Beam|p2a: Gastrodon
|-damage|p2a: Gastrodon|82/100
|
|-heal|p2a: Gastrodon|89/100|[from] item: Leftovers
|upkeep
|turn|5
|
|t:|1626603417
|move|p1a: Gastrodon|Earth Power|p2a: Gastrodon
|-damage|p2a: Gastrodon|62/100
|move|p2a: Gastrodon|Toxic|p1a: Gastrodon
|-status|p1a: Gastrodon|tox
|
|-end|p1a: Gastrodon|move: Future Sight
|-damage|p1a: Gastrodon|40/100 tox
|-heal|p2a: Gastrodon|69/100|[from] item: Leftovers
|-damage|p1a: Gastrodon|34/100 tox|[from] psn
|upkeep
|turn|6
|j| odr
|
|t:|1626603430
|move|p2a: Gastrodon|Earthquake|p1a: Gastrodon
|-damage|p1a: Gastrodon|11/100 tox
|move|p1a: Gastrodon|Recover|p1a: Gastrodon
|-heal|p1a: Gastrodon|61/100 tox
|
|-heal|p2a: Gastrodon|75/100|[from] item: Leftovers
|-damage|p1a: Gastrodon|49/100 tox|[from] psn
|upkeep
|turn|7
|
|t:|1626603439
|switch|p1a: Roserade|Roserade, M|100/100
|switch|p2a: Reuniclus|Reuniclus, F, shiny|64/100
|
|upkeep
|turn|8
|
|t:|1626603464
|switch|p1a: Gastrodon|Gastrodon, M|49/100 tox
|switch|p2a: Gastrodon|Gastrodon, M|75/100
|
|-heal|p2a: Gastrodon|81/100|[from] item: Leftovers
|-damage|p1a: Gastrodon|43/100 tox|[from] psn
|upkeep
|turn|9
|
|t:|1626603489
|move|p1a: Gastrodon|Recover|p1a: Gastrodon
|-heal|p1a: Gastrodon|93/100 tox
|move|p2a: Gastrodon|Earthquake|p1a: Gastrodon
|-damage|p1a: Gastrodon|72/100 tox
|
|-heal|p2a: Gastrodon|87/100|[from] item: Leftovers
|-damage|p1a: Gastrodon|60/100 tox|[from] psn
|upkeep
|turn|10
|
|t:|1626603496
|switch|p2a: Reuniclus|Reuniclus, F, shiny|98/100
|switch|p1a: Roserade|Roserade, M|100/100
|
|upkeep
|turn|11
|
|t:|1626603511
|switch|p1a: Stakataka|Stakataka|100/100
|move|p2a: Reuniclus|Future Sight|p1a: Stakataka
|-start|p2a: Reuniclus|move: Future Sight
|
|upkeep
|turn|12
|
|t:|1626603517
|move|p2a: Reuniclus|Focus Blast|p1a: Stakataka|[miss]
|-miss|p2a: Reuniclus|p1a: Stakataka
|move|p1a: Stakataka|Toxic|p2a: Reuniclus
|-status|p2a: Reuniclus|tox
|
|-damage|p2a: Reuniclus|92/100 tox|[from] psn
|upkeep
|turn|13
|
|t:|1626603528
|switch|p1a: Gastrodon|Gastrodon, M|60/100 tox
|move|p2a: Reuniclus|Focus Blast|p1a: Gastrodon|[miss]
|-miss|p2a: Reuniclus|p1a: Gastrodon
|
|-end|p1a: Gastrodon|move: Future Sight
|-damage|p1a: Gastrodon|10/100 tox
|-damage|p1a: Gastrodon|4/100 tox|[from] psn
|-damage|p2a: Reuniclus|79/100 tox|[from] psn
|upkeep
|turn|14
|
|t:|1626603536
|switch|p2a: Umbreon|Umbreon, F|100/100
|move|p1a: Gastrodon|Recover|p1a: Gastrodon
|-heal|p1a: Gastrodon|54/100 tox
|
|-damage|p1a: Gastrodon|41/100 tox|[from] psn
|upkeep
|turn|15
|
|t:|1626603540
|switch|p1a: Stakataka|Stakataka|100/100
|move|p2a: Umbreon|Heal Bell|p2a: Umbreon
|-activate|p2a: Umbreon|move: Heal Bell
|-curestatus|p2: Reuniclus|tox|[msg]
|
|upkeep
|turn|16
|
|t:|1626603553
|switch|p2a: Reuniclus|Reuniclus, F, shiny|100/100
|move|p1a: Stakataka|Stealth Rock|p2a: Reuniclus
|-sidestart|p2: toxrus1|move: Stealth Rock
|
|upkeep
|turn|17
|
|t:|1626603560
|switch|p1a: Mienshao|Mienshao, M|100/100
|move|p2a: Reuniclus|Future Sight|p1a: Mienshao
|-start|p2a: Reuniclus|move: Future Sight
|
|upkeep
|turn|18
|
|t:|1626603568
|switch|p2a: Togekiss|Togekiss, M|100/100
|move|p1a: Mienshao|U-turn|p2a: Togekiss
|-resisted|p2a: Togekiss
|-damage|p2a: Togekiss|95/100
|-damage|p1a: Mienshao|91/100|[from] item: Life Orb
|
|t:|1626603572
|switch|p1a: Stakataka|Stakataka|100/100|[from]move: U-turn
|
|upkeep
|turn|19
|
|t:|1626603579
|switch|p2a: Stakataka|Stakataka|100/100
|-damage|p2a: Stakataka|94/100|[from] Stealth Rock
|move|p1a: Stakataka|Gyro Ball|p2a: Stakataka
|-damage|p2a: Stakataka|88/100
|
|-end|p1a: Stakataka|move: Future Sight
|-resisted|p1a: Stakataka
|-damage|p1a: Stakataka|81/100
|-heal|p1a: Stakataka|87/100|[from] item: Leftovers
|-heal|p2a: Stakataka|94/100|[from] item: Leftovers
|upkeep
|turn|20
|
|t:|1626603600
|switch|p2a: Reuniclus|Reuniclus, F, shiny|100/100
|-damage|p2a: Reuniclus|88/100|[from] Stealth Rock
|move|p1a: Stakataka|Body Press|p2a: Reuniclus
|-resisted|p2a: Reuniclus
|-damage|p2a: Reuniclus|71/100
|
|-heal|p1a: Stakataka|93/100|[from] item: Leftovers
|upkeep
|turn|21
|
|t:|1626603608
|switch|p1a: Gastrodon|Gastrodon, M|41/100 tox
|move|p2a: Reuniclus|Focus Blast|p1a: Gastrodon
|-damage|p1a: Gastrodon|8/100 tox
|
|-damage|p1a: Gastrodon|2/100 tox|[from] psn
|upkeep
|turn|22
|
|t:|1626603618
|move|p1a: Gastrodon|Earth Power|p2a: Reuniclus
|-damage|p2a: Reuniclus|57/100
|move|p2a: Reuniclus|Future Sight|p1a: Gastrodon
|-start|p2a: Reuniclus|move: Future Sight
|
|-damage|p1a: Gastrodon|0 fnt|[from] psn
|faint|p1a: Gastrodon
|upkeep
|
|t:|1626603622
|switch|p1a: Mienshao|Mienshao, M|100/100
|turn|23
|
|t:|1626603630
|switch|p2a: Togekiss|Togekiss, M|95/100
|move|p1a: Mienshao|Stone Edge|p2a: Togekiss|[miss]
|-miss|p1a: Mienshao|p2a: Togekiss
|
|upkeep
|turn|24
|
|t:|1626603639
|move|p1a: Mienshao|U-turn|p2a: Togekiss
|-resisted|p2a: Togekiss
|-damage|p2a: Togekiss|90/100
|-damage|p1a: Mienshao|91/100|[from] item: Life Orb
|
|t:|1626603641
|switch|p1a: Stakataka|Stakataka|93/100|[from]move: U-turn
|move|p2a: Togekiss|Defog|p1a: Stakataka
|-unboost|p1a: Stakataka|evasion|1
|-sideend|p2: toxrus1|Stealth Rock|[from] move: Defog|[of] p2a: Togekiss
|
|-end|p1a: Stakataka|move: Future Sight
|-resisted|p1a: Stakataka
|-damage|p1a: Stakataka|72/100
|-heal|p1a: Stakataka|78/100|[from] item: Leftovers
|upkeep
|turn|25
|
|t:|1626603647
|move|p2a: Togekiss|Thunder Wave|p1a: Stakataka
|-status|p1a: Stakataka|par
|move|p1a: Stakataka|Stealth Rock|p2a: Togekiss
|-sidestart|p2: toxrus1|move: Stealth Rock
|
|-heal|p1a: Stakataka|84/100 par|[from] item: Leftovers
|upkeep
|turn|26
|
|t:|1626603660
|switch|p2a: Stakataka|Stakataka|94/100
|-damage|p2a: Stakataka|88/100|[from] Stealth Rock
|cant|p1a: Stakataka|par
|
|-heal|p2a: Stakataka|94/100|[from] item: Leftovers
|-heal|p1a: Stakataka|90/100 par|[from] item: Leftovers
|upkeep
|turn|27
|
|t:|1626603665
|switch|p1a: Mienshao|Mienshao, M|100/100
|move|p2a: Stakataka|Body Press|p1a: Mienshao
|-damage|p1a: Mienshao|31/100
|
|-heal|p2a: Stakataka|99/100|[from] item: Leftovers
|upkeep
|turn|28
|
|t:|1626603676
|move|p1a: Mienshao|Knock Off|p2a: Stakataka
|-damage|p2a: Stakataka|75/100
|-enditem|p2a: Stakataka|Leftovers|[from] move: Knock Off|[of] p1a: Mienshao
|-damage|p1a: Mienshao|21/100|[from] item: Life Orb
|move|p2a: Stakataka|Stealth Rock|p1a: Mienshao
|-sidestart|p1: RULT70Z RW|move: Stealth Rock
|
|upkeep
|turn|29
|-message|RULT70Z RW forfeited.
|
|win|toxrus1
|raw|RULT70Z RW's rating: 1450 &rarr; <strong>1428</strong><br />(-22 for losing)
|raw|toxrus1's rating: 1416 &rarr; <strong>1438</strong><br />(+22 for winning)
|l|‽RULT70Z RW
