|j|☆Kman343
|j|☆Testinganteater
|t:|1664502892
|gametype|singles
|player|p1|Kman343|guzma|1420
|player|p2|Testinganteater|harlequin|1479
|teamsize|p1|6
|teamsize|p2|6
|gen|8
|tier|[Gen 8] RU
|rated|
|rule|Sleep Clause Mod: Limit one foe put to sleep
|rule|Species Clause: Limit one of each Pokémon
|rule|OHKO Clause: OHKO moves are banned
|rule|Evasion Items Clause: Evasion items are banned
|rule|Evasion Moves Clause: Evasion moves are banned
|rule|Endless Battle Clause: Forcing endless battles is banned
|rule|HP Percentage Mod: HP is shown in percentages
|rule|Dynamax Clause: You cannot dynamax
|clearpoke
|poke|p1|Suicune|
|poke|p1|Hitmontop, M|
|poke|p1|Nidoqueen, F|
|poke|p1|Registeel|
|poke|p1|Umbreon, M|
|poke|p1|Marowak-Alola, F|
|poke|p2|Golisopod, M|
|poke|p2|Steelix, M|
|poke|p2|Noivern, M|
|poke|p2|Tsareena, F|
|poke|p2|Bewear, M|
|poke|p2|Chandelure, M|
|teampreview
|c|☆Kman343|gl hf
|
|t:|1664502917
|start
|switch|p1a: Marowak|Marowak-Alola, F|100/100
|switch|p2a: Steelix|Steelix, M|100/100
|turn|1
|
|t:|1664502923
|move|p1a: Marowak|Flare Blitz|p2a: Steelix
|-supereffective|p2a: Steelix
|-ability|p2a: Steelix|Sturdy
|-damage|p2a: Steelix|1/100
|move|p2a: Steelix|Earthquake|p1a: Marowak
|-supereffective|p1a: Marowak
|-crit|p1a: Marowak
|-damage|p1a: Marowak|0 fnt
|faint|p1a: Marowak
|
|-heal|p2a: Steelix|7/100|[from] item: Leftovers
|upkeep
|
|t:|1664502930
|switch|p1a: Suicune|Suicune|100/100
|-ability|p1a: Suicune|Pressure
|turn|2
|
|t:|1664502935
|move|p1a: Suicune|Scald|p2a: Steelix
|-supereffective|p2a: Steelix
|-damage|p2a: Steelix|0 fnt
|faint|p2a: Steelix
|
|upkeep
|
|t:|1664502937
|switch|p2a: Tsareena|Tsareena, F|100/100
|turn|3
|
|t:|1664502943
|switch|p1a: Nidoqueen|Nidoqueen, F|100/100
|move|p2a: Tsareena|Knock Off|p1a: Nidoqueen
|-damage|p1a: Nidoqueen|69/100
|-enditem|p1a: Nidoqueen|Black Sludge|[from] move: Knock Off|[of] p2a: Tsareena
|
|upkeep
|turn|4
|
|t:|1664502961
|switch|p2a: Golisopod|Golisopod, M|100/100
|move|p1a: Nidoqueen|Stealth Rock|p2a: Golisopod
|-sidestart|p2: Testinganteater|move: Stealth Rock
|
|upkeep
|turn|5
|
|t:|1664502966
|switch|p1a: Suicune|Suicune|100/100
|-ability|p1a: Suicune|Pressure
|move|p2a: Golisopod|First Impression|p1a: Suicune
|-damage|p1a: Suicune|74/100
|
|-heal|p1a: Suicune|80/100|[from] item: Leftovers
|upkeep
|turn|6
|
|t:|1664502969
|move|p1a: Suicune|Calm Mind|p1a: Suicune
|-boost|p1a: Suicune|spa|1
|-boost|p1a: Suicune|spd|1
|move|p2a: Golisopod|Knock Off|p1a: Suicune
|-damage|p1a: Suicune|59/100
|-enditem|p1a: Suicune|Leftovers|[from] move: Knock Off|[of] p2a: Golisopod
|
|upkeep
|turn|7
|
|t:|1664502975
|move|p1a: Suicune|Scald|p2a: Golisopod
|-resisted|p2a: Golisopod
|-damage|p2a: Golisopod|81/100
|move|p2a: Golisopod|Leech Life|p1a: Suicune
|-damage|p1a: Suicune|33/100
|-heal|p2a: Golisopod|97/100|[from] drain|[of] p1a: Suicune
|
|upkeep
|turn|8
|
|t:|1664502982
|switch|p2a: Tsareena|Tsareena, F|100/100
|move|p1a: Suicune|Scald|p2a: Tsareena
|-resisted|p2a: Tsareena
|-damage|p2a: Tsareena|77/100
|
|upkeep
|turn|9
|
|t:|1664502988
|switch|p1a: Umbreon|Umbreon, M|100/100
|move|p2a: Tsareena|Rapid Spin|p1a: Umbreon
|-damage|p1a: Umbreon|91/100
|-boost|p2a: Tsareena|spe|1
|-sideend|p2: Testinganteater|Stealth Rock|[from] move: Rapid Spin|[of] p2a: Tsareena
|
|-heal|p1a: Umbreon|97/100|[from] item: Leftovers
|upkeep
|turn|10
|
|t:|1664502999
|switch|p2a: Bewear|Bewear, M|100/100
|move|p1a: Umbreon|Foul Play|p2a: Bewear
|-resisted|p2a: Bewear
|-damage|p2a: Bewear|88/100
|
|-heal|p1a: Umbreon|100/100|[from] item: Leftovers
|upkeep
|turn|11
|
|t:|1664503013
|switch|p1a: Nidoqueen|Nidoqueen, F|69/100
|move|p2a: Bewear|Swords Dance|p2a: Bewear
|-boost|p2a: Bewear|atk|2
|
|upkeep
|turn|12
|
|t:|1664503023
|switch|p2a: Golisopod|Golisopod, M|97/100
|move|p1a: Nidoqueen|Sludge Wave|p2a: Golisopod
|-damage|p2a: Golisopod|59/100
|
|upkeep
|turn|13
|
|t:|1664503031
|move|p2a: Golisopod|First Impression|p1a: Nidoqueen
|-resisted|p1a: Nidoqueen
|-damage|p1a: Nidoqueen|44/100
|move|p1a: Nidoqueen|Sludge Wave|p2a: Golisopod
|-damage|p2a: Golisopod|21/100
|
|upkeep
|turn|14
|c|☆Kman343|right i forgot sheer force is stupid
|
|t:|1664503057
|move|p1a: Nidoqueen|Sludge Wave|p2a: Golisopod
|-damage|p2a: Golisopod|0 fnt
|faint|p2a: Golisopod
|
|upkeep
|
|t:|1664503065
|switch|p2a: Noivern|Noivern, M|100/100
|turn|15
|
|t:|1664503070
|switch|p1a: Umbreon|Umbreon, M|100/100
|move|p2a: Noivern|Draco Meteor|p1a: Umbreon
|-damage|p1a: Umbreon|61/100
|-unboost|p2a: Noivern|spa|2
|
|-heal|p1a: Umbreon|68/100|[from] item: Leftovers
|upkeep
|turn|16
|
|t:|1664503073
|move|p2a: Noivern|U-turn|p1a: Umbreon
|-supereffective|p1a: Umbreon
|-damage|p1a: Umbreon|54/100
|
|t:|1664503076
|switch|p2a: Bewear|Bewear, M|88/100|[from]move: U-turn
|move|p1a: Umbreon|Wish|p1a: Umbreon
|
|-heal|p1a: Umbreon|60/100|[from] item: Leftovers
|upkeep
|turn|17
|
|t:|1664503079
|switch|p1a: Suicune|Suicune|33/100
|-ability|p1a: Suicune|Pressure
|move|p2a: Bewear|Double-Edge|p1a: Suicune
|-damage|p1a: Suicune|0 fnt
|faint|p1a: Suicune
|-damage|p2a: Bewear|76/100|[from] Recoil
|
|upkeep
|
|t:|1664503087
|switch|p1a: schmovin|Hitmontop, M|100/100
|turn|18
|
|t:|1664503108
|switch|p2a: Chandelure|Chandelure, M, shiny|100/100
|move|p1a: schmovin|Close Combat|p2a: Chandelure
|-immune|p2a: Chandelure
|
|upkeep
|turn|19
|
|t:|1664503115
|move|p2a: Chandelure|Fire Blast|p1a: schmovin
|-damage|p1a: schmovin|58/100
|move|p1a: schmovin|Brutal Swing|p2a: Chandelure
|-supereffective|p2a: Chandelure
|-damage|p2a: Chandelure|19/100
|
|upkeep
|turn|20
|
|t:|1664503122
|move|p2a: Chandelure|Fire Blast|p1a: schmovin
|-crit|p1a: schmovin
|-damage|p1a: schmovin|0 fnt
|faint|p1a: schmovin
|
|upkeep
|
|t:|1664503127
|switch|p1a: Umbreon|Umbreon, M|60/100
|turn|21
|
|t:|1664503130
|switch|p2a: Bewear|Bewear, M|76/100
|move|p1a: Umbreon|Wish|p1a: Umbreon
|
|-heal|p1a: Umbreon|66/100|[from] item: Leftovers
|upkeep
|turn|22
|
|t:|1664503136
|switch|p1a: Nidoqueen|Nidoqueen, F|44/100
|move|p2a: Bewear|Double-Edge|p1a: Nidoqueen
|-damage|p1a: Nidoqueen|0 fnt
|faint|p1a: Nidoqueen
|-damage|p2a: Bewear|62/100|[from] Recoil
|
|upkeep
|
|t:|1664503141
|switch|p1a: Registeel|Registeel|100/100
|turn|23
|
|t:|1664503144
|move|p2a: Bewear|Swords Dance|p2a: Bewear
|-boost|p2a: Bewear|atk|2
|move|p1a: Registeel|Iron Defense|p1a: Registeel
|-boost|p1a: Registeel|def|2
|
|upkeep
|turn|24
|
|t:|1664503154
|move|p2a: Bewear|Swords Dance|p2a: Bewear
|-boost|p2a: Bewear|atk|2
|move|p1a: Registeel|Body Press|p2a: Bewear
|-supereffective|p2a: Bewear
|-enditem|p2a: Bewear|Chople Berry|[eat]
|-enditem|p2a: Bewear|Chople Berry|[weaken]
|-damage|p2a: Bewear|28/100
|
|upkeep
|turn|25
|
|t:|1664503157
|move|p2a: Bewear|Drain Punch|p1a: Registeel
|-supereffective|p1a: Registeel
|-damage|p1a: Registeel|38/100
|-heal|p2a: Bewear|57/100|[from] drain|[of] p1a: Registeel
|move|p1a: Registeel|Body Press|p2a: Bewear
|-supereffective|p2a: Bewear
|-damage|p2a: Bewear|0 fnt
|faint|p2a: Bewear
|
|-heal|p1a: Registeel|44/100|[from] item: Leftovers
|upkeep
|
|t:|1664503163
|switch|p2a: Chandelure|Chandelure, M, shiny|19/100
|turn|26
|
|t:|1664503170
|move|p2a: Chandelure|Trick|p1a: Registeel
|-activate|p2a: Chandelure|move: Trick|[of] p1a: Registeel
|-item|p1a: Registeel|Choice Scarf|[from] move: Trick
|-item|p2a: Chandelure|Leftovers|[from] move: Trick
|move|p1a: Registeel|Amnesia|p1a: Registeel
|-boost|p1a: Registeel|spd|2
|
|-heal|p2a: Chandelure|25/100|[from] item: Leftovers
|upkeep
|turn|27
|
|t:|1664503180
|move|p2a: Chandelure|Fire Blast|p1a: Registeel
|-supereffective|p1a: Registeel
|-damage|p1a: Registeel|3/100
|move|p1a: Registeel|Amnesia|p1a: Registeel
|-boost|p1a: Registeel|spd|2
|
|-heal|p2a: Chandelure|31/100|[from] item: Leftovers
|upkeep
|turn|28
|
|t:|1664503187
|move|p2a: Chandelure|Fire Blast|p1a: Registeel
|-supereffective|p1a: Registeel
|-damage|p1a: Registeel|0 fnt
|faint|p1a: Registeel
|
|-heal|p2a: Chandelure|37/100|[from] item: Leftovers
|upkeep
|
|t:|1664503191
|switch|p1a: Umbreon|Umbreon, M|66/100
|turn|29
|
|t:|1664503201
|move|p2a: Chandelure|Fire Blast|p1a: Umbreon
|-damage|p1a: Umbreon|19/100
|move|p1a: Umbreon|Wish|p1a: Umbreon
|
|-heal|p2a: Chandelure|43/100|[from] item: Leftovers
|-heal|p1a: Umbreon|25/100|[from] item: Leftovers
|upkeep
|turn|30
|
|t:|1664503206
|switch|p2a: Tsareena|Tsareena, F|77/100
|move|p1a: Umbreon|Protect||[still]
|-fail|p1a: Umbreon
|
|-heal|p1a: Umbreon|75/100|[from] move: Wish|[wisher] Umbreon
|-heal|p1a: Umbreon|81/100|[from] item: Leftovers
|upkeep
|turn|31
|
|t:|1664503211
|move|p1a: Umbreon|Protect|p1a: Umbreon
|-singleturn|p1a: Umbreon|Protect
|move|p2a: Tsareena|Knock Off|p1a: Umbreon
|-activate|p1a: Umbreon|move: Protect
|
|-heal|p1a: Umbreon|88/100|[from] item: Leftovers
|upkeep
|turn|32
|
|t:|1664503215
|move|p2a: Tsareena|Knock Off|p1a: Umbreon
|-resisted|p1a: Umbreon
|-damage|p1a: Umbreon|78/100
|-enditem|p1a: Umbreon|Leftovers|[from] move: Knock Off|[of] p2a: Tsareena
|move|p1a: Umbreon|Toxic|p2a: Tsareena
|-status|p2a: Tsareena|tox
|
|-damage|p2a: Tsareena|71/100 tox|[from] psn
|upkeep
|turn|33
|
|t:|1664503228
|switch|p2a: Chandelure|Chandelure, M, shiny|43/100
|move|p1a: Umbreon|Wish|p1a: Umbreon
|
|-heal|p2a: Chandelure|49/100|[from] item: Leftovers
|upkeep
|turn|34
|
|t:|1664503235
|move|p2a: Chandelure|Fire Blast|p1a: Umbreon
|-damage|p1a: Umbreon|33/100
|move|p1a: Umbreon|Foul Play|p2a: Chandelure
|-supereffective|p2a: Chandelure
|-crit|p2a: Chandelure
|-damage|p2a: Chandelure|0 fnt
|faint|p2a: Chandelure
|
|-heal|p1a: Umbreon|83/100|[from] move: Wish|[wisher] Umbreon
|upkeep
|
|t:|1664503243
|switch|p2a: Noivern|Noivern, M|100/100
|turn|35
|
|t:|1664503252
|move|p2a: Noivern|U-turn|p1a: Umbreon
|-supereffective|p1a: Umbreon
|-damage|p1a: Umbreon|71/100
|
|t:|1664503255
|switch|p2a: Tsareena|Tsareena, F|71/100 tox|[from]move: U-turn
|move|p1a: Umbreon|Wish|p1a: Umbreon
|
|-damage|p2a: Tsareena|65/100 tox|[from] psn
|upkeep
|turn|36
|
|t:|1664503262
|move|p2a: Tsareena|Power Whip|p1a: Umbreon
|-damage|p1a: Umbreon|35/100
|move|p1a: Umbreon|Foul Play|p2a: Tsareena
|-damage|p2a: Tsareena|9/100 tox
|
|-heal|p1a: Umbreon|85/100|[from] move: Wish|[wisher] Umbreon
|-damage|p2a: Tsareena|0 fnt|[from] psn
|faint|p2a: Tsareena
|upkeep
|
|t:|1664503266
|switch|p2a: Noivern|Noivern, M|100/100
|turn|37
|
|t:|1664503273
|move|p2a: Noivern|Flamethrower|p1a: Umbreon
|-damage|p1a: Umbreon|65/100
|move|p1a: Umbreon|Wish|p1a: Umbreon
|
|upkeep
|turn|38
|
|t:|1664503278
|move|p2a: Noivern|Flamethrower|p1a: Umbreon
|-damage|p1a: Umbreon|47/100
|move|p1a: Umbreon|Toxic|p2a: Noivern
|-status|p2a: Noivern|tox
|
|-heal|p1a: Umbreon|97/100|[from] move: Wish|[wisher] Umbreon
|-damage|p2a: Noivern|94/100 tox|[from] psn
|upkeep
|turn|39
|
|t:|1664503283
|move|p2a: Noivern|Flamethrower|p1a: Umbreon
|-damage|p1a: Umbreon|79/100
|-status|p1a: Umbreon|brn
|move|p1a: Umbreon|Wish|p1a: Umbreon
|
|-damage|p2a: Noivern|82/100 tox|[from] psn
|-damage|p1a: Umbreon|73/100 brn|[from] brn
|upkeep
|turn|40
|
|t:|1664503292
|move|p2a: Noivern|Flamethrower|p1a: Umbreon
|-damage|p1a: Umbreon|54/100 brn
|move|p1a: Umbreon|Foul Play|p2a: Noivern
|-crit|p2a: Noivern
|-damage|p2a: Noivern|60/100 tox
|
|-heal|p1a: Umbreon|100/100 brn|[from] move: Wish|[wisher] Umbreon
|-damage|p2a: Noivern|42/100 tox|[from] psn
|-damage|p1a: Umbreon|94/100 brn|[from] brn
|upkeep
|turn|41
|
|t:|1664503299
|move|p2a: Noivern|Draco Meteor|p1a: Umbreon
|-damage|p1a: Umbreon|59/100 brn
|-unboost|p2a: Noivern|spa|2
|move|p1a: Umbreon|Wish|p1a: Umbreon
|
|-damage|p2a: Noivern|17/100 tox|[from] psn
|-damage|p1a: Umbreon|53/100 brn|[from] brn
|upkeep
|turn|42
|
|t:|1664503302
|move|p1a: Umbreon|Protect|p1a: Umbreon
|-singleturn|p1a: Umbreon|Protect
|move|p2a: Noivern|Draco Meteor|p1a: Umbreon
|-activate|p1a: Umbreon|move: Protect
|
|-heal|p1a: Umbreon|100/100 brn|[from] move: Wish|[wisher] Umbreon
|-damage|p2a: Noivern|0 fnt|[from] psn
|faint|p2a: Noivern
|
|win|Kman343
|upkeep
|raw|Kman343's rating: 1420 &rarr; <strong>1443</strong><br />(+23 for winning)
|raw|Testinganteater's rating: 1479 &rarr; <strong>1456</strong><br />(-23 for losing)
|l|☆Testinganteater
|c|☆Kman343|gg
||Ladder isn't responding, score probably updated but might not have (Request timeout).
