|html|<div class="broadcast-blue"><strong>[Gen 8] RU is currently suspecting Zygarde-10%! For information on how to participate check out the <a href="https://www.smogon.com/forums/threads/np-ru-stage-6-i-wanna-be-your-dog-zygarde-10-suspect-test.3679181/#post-8768959">suspect thread</a>.</strong></div>
|j|☆Gatorboy
|j|☆RUZ9 taibei
|t:|1615069707
|player|p1|Gatorboy|darach|1465
|player|p2|RUZ9 taibei|ninjaboy|1427
|teamsize|p1|6
|teamsize|p2|6
|gametype|singles
|gen|8
|tier|[Gen 8] RU
|rated|
|clearpoke
|poke|p1|Chandelure, M|
|poke|p1|Seismitoad, M|
|poke|p1|Zarude|
|poke|p1|Togekiss, M|
|poke|p1|Metagross|
|poke|p1|Mienshao, F|
|poke|p2|Zygarde-10%|
|poke|p2|Raikou|
|poke|p2|Golisopod, M|
|poke|p2|Doublade, F|
|poke|p2|Diancie|
|poke|p2|Noivern, F|
|rule|Sleep Clause Mod: Limit one foe put to sleep
|rule|Species Clause: Limit one of each Pokémon
|rule|OHKO Clause: OHKO moves are banned
|rule|Evasion Moves Clause: Evasion moves are banned
|rule|Endless Battle Clause: Forcing endless battles is banned
|rule|HP Percentage Mod: HP is shown in percentages
|rule|Dynamax Clause: You cannot dynamax
|teampreview
|
|t:|1615069733
|start
|switch|p1a: Chandelure|Chandelure, M|100/100
|switch|p2a: Golisopod|Golisopod, M|100/100
|turn|1
|c|☆Gatorboy|you know what you gonna vote
|
|t:|1615069750
|switch|p2a: Diancie|Diancie|100/100
|move|p1a: Chandelure|Fire Blast|p2a: Diancie
|-resisted|p2a: Diancie
|-damage|p2a: Diancie|82/100
|
|-heal|p2a: Diancie|88/100|[from] item: Leftovers
|upkeep
|turn|2
|c|☆RUZ9 taibei|Yes sir, ban
|c|☆RUZ9 taibei|Also hi Gatorboy it's Snorlax
|c|☆RUZ9 taibei|Just saw it was you
|c|☆Gatorboy|ohh hey whats up lol
|
|t:|1615069783
|switch|p1a: Metagross|Metagross|100/100
|move|p2a: Diancie|Stealth Rock|p1a: Metagross
|-sidestart|p1: Gatorboy|move: Stealth Rock
|
|-heal|p2a: Diancie|94/100|[from] item: Leftovers
|upkeep
|turn|3
|
|t:|1615069804
|switch|p2a: Golisopod|Golisopod, M|100/100
|move|p1a: Metagross|Zen Headbutt|p2a: Golisopod
|-damage|p2a: Golisopod|48/100
|-activate|p2a: Golisopod|ability: Emergency Exit
|
|t:|1615069811
|switch|p2a: Zygarde|Zygarde-10%|100/100
|-ability|p2a: Zygarde|Aura Break
|
|upkeep
|turn|4
|c|☆Gatorboy|I would be on my alt, but im a little under the influence rn haha
|c|☆RUZ9 taibei|Under the influence as in drinking?
|
|t:|1615069847
|switch|p1a: Zarude|Zarude|100/100
|move|p2a: Zygarde|Stone Edge|p1a: Zarude
|-damage|p1a: Zarude|58/100
|
|upkeep
|turn|5
|
|t:|1615069886
|switch|p2a: Noivern|Noivern, F|100/100
|move|p1a: Zarude|U-turn|p2a: Noivern
|-resisted|p2a: Noivern
|-damage|p2a: Noivern|86/100
|c|☆Gatorboy|as in the mary jane actually haha
|j| A floor mat
|
|t:|1615069927
|switch|p1a: Metagross|Metagross|100/100|[from]move: U-turn
|-damage|p1a: Metagross|95/100|[from] Stealth Rock
|
|upkeep
|turn|6
|c|☆RUZ9 taibei|Danggg lol
|
|t:|1615069941
|switch|p2a: Golisopod|Golisopod, M|48/100
|switch|p1a: Seismitoad|Seismitoad, M|100/100
|-damage|p1a: Seismitoad|94/100|[from] Stealth Rock
|
|-heal|p1a: Seismitoad|100/100|[from] item: Leftovers
|upkeep
|turn|7
|
|t:|1615069949
|move|p1a: Seismitoad|Stealth Rock|p2a: Golisopod
|-sidestart|p2: RUZ9 taibei|move: Stealth Rock
|move|p2a: Golisopod|Leech Life|p1a: Seismitoad
|-damage|p1a: Seismitoad|58/100
|-heal|p2a: Golisopod|75/100|[from] drain|[of] p1a: Seismitoad
|
|-heal|p1a: Seismitoad|64/100|[from] item: Leftovers
|upkeep
|turn|8
|
|t:|1615069957
|switch|p1a: Togekiss|Togekiss, M|100/100
|move|p2a: Golisopod|Knock Off|p1a: Togekiss
|-resisted|p1a: Togekiss
|-damage|p1a: Togekiss|88/100
|-enditem|p1a: Togekiss|Heavy-Duty Boots|[from] move: Knock Off|[of] p2a: Golisopod
|
|upkeep
|turn|9
|
|t:|1615069974
|switch|p2a: Diancie|Diancie|94/100
|-damage|p2a: Diancie|82/100|[from] Stealth Rock
|move|p1a: Togekiss|Thunder Wave|p2a: Diancie
|-status|p2a: Diancie|par
|
|-heal|p2a: Diancie|88/100 par|[from] item: Leftovers
|upkeep
|turn|10
|
|t:|1615069986
|switch|p1a: Metagross|Metagross|95/100
|-damage|p1a: Metagross|89/100|[from] Stealth Rock
|switch|p2a: Golisopod|Golisopod, M|75/100
|
|upkeep
|turn|11
|
|t:|1615070011
|switch|p1a: Chandelure|Chandelure, M|100/100
|move|p2a: Golisopod|First Impression|p1a: Chandelure
|-resisted|p1a: Chandelure
|-damage|p1a: Chandelure|82/100
|
|upkeep
|turn|12
|
|t:|1615070019
|switch|p2a: Diancie|Diancie|88/100 par
|-damage|p2a: Diancie|76/100 par|[from] Stealth Rock
|move|p1a: Chandelure|Hex|p2a: Diancie
|-damage|p2a: Diancie|34/100 par
|
|-heal|p2a: Diancie|40/100 par|[from] item: Leftovers
|upkeep
|turn|13
|c|☆Gatorboy|chandy is one of my favs mons rn
|c|☆Gatorboy|no lie
|
|t:|1615070038
|switch|p2a: Zygarde|Zygarde-10%|100/100
|-damage|p2a: Zygarde|94/100|[from] Stealth Rock
|-ability|p2a: Zygarde|Aura Break
|move|p1a: Chandelure|Hex|p2a: Zygarde
|-damage|p2a: Zygarde|37/100
|
|upkeep
|turn|14
|c|☆RUZ9 taibei|Chandy is so good
|c|☆RUZ9 taibei|Even when there's an Incineroar
|c| A floor mat|it always has been gator lol
|
|t:|1615070052
|move|p1a: Chandelure|Protect|p1a: Chandelure
|-singleturn|p1a: Chandelure|Protect
|move|p2a: Zygarde|Thousand Arrows|p1a: Chandelure
|-activate|p1a: Chandelure|move: Protect
|
|upkeep
|turn|15
|
|t:|1615070058
|switch|p1a: Zarude|Zarude|58/100
|move|p2a: Zygarde|Thousand Arrows|p1a: Zarude
|-resisted|p1a: Zarude
|-damage|p1a: Zarude|31/100
|
|upkeep
|turn|16
|
|t:|1615070085
|switch|p2a: Golisopod|Golisopod, M|75/100
|move|p1a: Zarude|U-turn|p2a: Golisopod
|-damage|p2a: Golisopod|57/100
|
|t:|1615070099
|switch|p1a: Chandelure|Chandelure, M|82/100|[from]move: U-turn
|
|upkeep
|turn|17
|
|t:|1615070104
|switch|p2a: Diancie|Diancie|40/100 par
|-damage|p2a: Diancie|28/100 par|[from] Stealth Rock
|move|p1a: Chandelure|Hex|p2a: Diancie
|-damage|p2a: Diancie|0 fnt
|faint|p2a: Diancie
|
|upkeep
|
|t:|1615070113
|switch|p2a: Zygarde|Zygarde-10%|37/100
|-damage|p2a: Zygarde|31/100|[from] Stealth Rock
|-ability|p2a: Zygarde|Aura Break
|turn|18
|
|t:|1615070120
|move|p1a: Chandelure|Protect|p1a: Chandelure
|-singleturn|p1a: Chandelure|Protect
|move|p2a: Zygarde|Thousand Arrows|p1a: Chandelure
|-activate|p1a: Chandelure|move: Protect
|
|upkeep
|turn|19
|
|t:|1615070126
|switch|p1a: Togekiss|Togekiss, M|88/100
|-damage|p1a: Togekiss|63/100|[from] Stealth Rock
|move|p2a: Zygarde|Thousand Arrows|p1a: Togekiss
|-damage|p1a: Togekiss|23/100
|-start|p1a: Togekiss|Smack Down
|
|upkeep
|turn|20
|
|t:|1615070133
|move|p2a: Zygarde|Thousand Arrows|p1a: Togekiss
|-damage|p1a: Togekiss|0 fnt
|faint|p1a: Togekiss
|
|upkeep
|
|t:|1615070146
|switch|p1a: Mienshao|Mienshao, F|100/100
|-damage|p1a: Mienshao|95/100|[from] Stealth Rock
|turn|21
|
|t:|1615070159
|switch|p2a: Noivern|Noivern, F|86/100
|move|p1a: Mienshao|Knock Off|p2a: Noivern
|-damage|p2a: Noivern|44/100
|-enditem|p2a: Noivern|Heavy-Duty Boots|[from] move: Knock Off|[of] p1a: Mienshao
|
|upkeep
|turn|22
|
|t:|1615070194
|switch|p1a: Metagross|Metagross|89/100
|-damage|p1a: Metagross|83/100|[from] Stealth Rock
|move|p2a: Noivern|Flamethrower|p1a: Metagross
|-supereffective|p1a: Metagross
|-damage|p1a: Metagross|17/100
|
|upkeep
|turn|23
|
|t:|1615070205
|move|p1a: Metagross|Bullet Punch|p2a: Noivern
|-damage|p2a: Noivern|0 fnt
|faint|p2a: Noivern
|
|upkeep
|c| A floor mat|that did alot nl
|
|t:|1615070239
|switch|p2a: Doublade|Doublade, F|100/100
|-damage|p2a: Doublade|95/100|[from] Stealth Rock
|turn|24
|
|t:|1615070259
|switch|p1a: Seismitoad|Seismitoad, M|64/100
|-damage|p1a: Seismitoad|58/100|[from] Stealth Rock
|move|p2a: Doublade|Close Combat|p1a: Seismitoad
|-damage|p1a: Seismitoad|20/100
|-unboost|p2a: Doublade|def|1
|-unboost|p2a: Doublade|spd|1
|
|-heal|p1a: Seismitoad|26/100|[from] item: Leftovers
|upkeep
|turn|25
|
|t:|1615070269
|switch|p2a: Golisopod|Golisopod, M|57/100
|move|p1a: Seismitoad|Knock Off|p2a: Golisopod
|-damage|p2a: Golisopod|39/100
|-enditem|p2a: Golisopod|Heavy-Duty Boots|[from] move: Knock Off|[of] p1a: Seismitoad
|-activate|p2a: Golisopod|ability: Emergency Exit
|
|t:|1615070278
|switch|p2a: Zygarde|Zygarde-10%|31/100
|-damage|p2a: Zygarde|25/100|[from] Stealth Rock
|-ability|p2a: Zygarde|Aura Break
|
|-heal|p1a: Seismitoad|32/100|[from] item: Leftovers
|upkeep
|turn|26
|
|t:|1615070315
|move|p2a: Zygarde|Thousand Arrows|p1a: Seismitoad
|-damage|p1a: Seismitoad|0 fnt
|faint|p1a: Seismitoad
|
|upkeep
|
|t:|1615070351
|switch|p1a: Mienshao|Mienshao, F|100/100
|-damage|p1a: Mienshao|95/100|[from] Stealth Rock
|turn|27
|
|t:|1615070362
|switch|p2a: Golisopod|Golisopod, M|39/100
|-damage|p2a: Golisopod|14/100|[from] Stealth Rock
|move|p1a: Mienshao|Knock Off|p2a: Golisopod
|-damage|p2a: Golisopod|0 fnt
|faint|p2a: Golisopod
|
|upkeep
|
|t:|1615070373
|switch|p2a: Raikou|Raikou|100/100
|-ability|p2a: Raikou|Pressure
|turn|28
|
|t:|1615070380
|switch|p1a: Zarude|Zarude|31/100
|move|p2a: Raikou|Thunderbolt|p1a: Zarude
|-resisted|p1a: Zarude
|-damage|p1a: Zarude|8/100
|
|upkeep
|turn|29
|
|t:|1615070390
|move|p2a: Raikou|Aura Sphere|p1a: Zarude
|-supereffective|p1a: Zarude
|-damage|p1a: Zarude|0 fnt
|faint|p1a: Zarude
|
|upkeep
|
|t:|1615070399
|switch|p1a: Mienshao|Mienshao, F|100/100
|-damage|p1a: Mienshao|95/100|[from] Stealth Rock
|turn|30
|
|t:|1615070410
|move|p1a: Mienshao|U-turn|p2a: Raikou
|-damage|p2a: Raikou|67/100
|
|t:|1615070421
|switch|p1a: Metagross|Metagross|17/100|[from]move: U-turn
|-damage|p1a: Metagross|11/100|[from] Stealth Rock
|move|p2a: Raikou|Thunderbolt|p1a: Metagross
|-damage|p1a: Metagross|0 fnt
|faint|p1a: Metagross
|
|upkeep
|c|☆RUZ9 taibei|gg
|
|t:|1615070439
|switch|p1a: Mienshao|Mienshao, F|100/100
|-damage|p1a: Mienshao|95/100|[from] Stealth Rock
|turn|31
|c|☆RUZ9 taibei|Was a rough matchup for you
|c|☆Gatorboy|yeah
|
|t:|1615070456
|move|p1a: Mienshao|Close Combat|p2a: Raikou
|-damage|p2a: Raikou|0 fnt
|-unboost|p1a: Mienshao|def|1
|-unboost|p1a: Mienshao|spd|1
|faint|p2a: Raikou
|
|upkeep
|
|t:|1615070461
|switch|p2a: Doublade|Doublade, F|95/100
|-damage|p2a: Doublade|89/100|[from] Stealth Rock
|turn|32
|
|t:|1615070465
|switch|p1a: Chandelure|Chandelure, M|82/100
|move|p2a: Doublade|Swords Dance|p2a: Doublade
|-boost|p2a: Doublade|atk|2
|
|upkeep
|turn|33
|
|t:|1615070469
|move|p2a: Doublade|Shadow Sneak|p1a: Chandelure
|-supereffective|p1a: Chandelure
|-damage|p1a: Chandelure|0 fnt
|faint|p1a: Chandelure
|
|upkeep
|
|t:|1615070473
|switch|p1a: Mienshao|Mienshao, F|100/100
|-damage|p1a: Mienshao|95/100|[from] Stealth Rock
|turn|34
|
|t:|1615070476
|move|p1a: Mienshao|Knock Off|p2a: Doublade
|-supereffective|p2a: Doublade
|-damage|p2a: Doublade|53/100
|-enditem|p2a: Doublade|Eviolite|[from] move: Knock Off|[of] p1a: Mienshao
|move|p2a: Doublade|Shadow Claw|p1a: Mienshao
|-damage|p1a: Mienshao|0 fnt
|faint|p1a: Mienshao
|
|win|RUZ9 taibei
|c| A floor mat|wp guys!
|c|☆RUZ9 taibei|thx
|c|☆RUZ9 taibei|Good fight
|l|☆Gatorboy
|l| A floor mat
||Ladder (probably) updated, but score could not be retrieved (Request timeout).
