|html|<div class="broadcast-blue"><strong>[Gen 8] RU is currently suspecting Zygarde-10%! For information on how to participate check out the <a href="https://www.smogon.com/forums/threads/np-ru-stage-6-i-wanna-be-your-dog-zygarde-10-suspect-test.3679181/#post-8768959">suspect thread</a>.</strong></div>
|j|‽ruz9 locked up
|j|☆James Large
|t:|1614878726
|player|p1|ruz9 locked up|lucas|1507
|player|p2|James Large|hiker-gen4|1274
|teamsize|p1|6
|teamsize|p2|6
|gametype|singles
|gen|8
|tier|[Gen 8] RU
|rated|
|clearpoke
|poke|p1|Togekiss, M|
|poke|p1|Zarude|
|poke|p1|Raikou|
|poke|p1|Registeel|
|poke|p1|Chandelure, F|
|poke|p1|Gastrodon, M|
|poke|p2|Obstagoon, M|
|poke|p2|Chandelure, F|
|poke|p2|Metagross|
|poke|p2|Galvantula, M|
|poke|p2|Heracross, M|
|poke|p2|Gardevoir, F|
|rule|Sleep Clause Mod: Limit one foe put to sleep
|rule|Species Clause: Limit one of each Pokémon
|rule|OHKO Clause: OHKO moves are banned
|rule|Evasion Moves Clause: Evasion moves are banned
|rule|Endless Battle Clause: Forcing endless battles is banned
|rule|HP Percentage Mod: HP is shown in percentages
|rule|Dynamax Clause: You cannot dynamax
|teampreview
|inactive|Battle timer is ON: inactive players will automatically lose when time's up. (requested by ruz9 locked up)
|
|t:|1614878754
|start
|switch|p1a: Raikou|Raikou|100/100
|switch|p2a: Chandelure|Chandelure, F|100/100
|-ability|p1a: Raikou|Pressure
|turn|1
|
|t:|1614878765
|move|p1a: Raikou|Volt Switch|p2a: Chandelure
|-damage|p2a: Chandelure|53/100
|
|t:|1614878769
|switch|p1a: Zarude|Zarude|100/100|[from]move: Volt Switch
|move|p2a: Chandelure|Shadow Ball|p1a: Zarude
|-resisted|p1a: Zarude
|-damage|p1a: Zarude|67/100
|
|upkeep
|turn|2
|
|t:|1614878784
|switch|p2a: Galvantula|Galvantula, M|100/100
|move|p1a: Zarude|U-turn|p2a: Galvantula
|-damage|p2a: Galvantula|59/100
|
|t:|1614878788
|switch|p1a: Raikou|Raikou|100/100|[from]move: U-turn
|-ability|p1a: Raikou|Pressure
|
|upkeep
|turn|3
|
|t:|1614878796
|move|p1a: Raikou|Scald|p2a: Galvantula
|-damage|p2a: Galvantula|11/100
|move|p2a: Galvantula|Sticky Web|p1a: Raikou
|-sidestart|p1: ruz9 locked up|move: Sticky Web
|
|upkeep
|turn|4
|
|t:|1614878805
|switch|p2a: Gardevoir|Gardevoir, F|100/100
|move|p1a: Raikou|Thunderbolt|p2a: Gardevoir
|-damage|p2a: Gardevoir|74/100
|
|-heal|p2a: Gardevoir|80/100|[from] item: Leftovers
|upkeep
|turn|5
|
|t:|1614878812
|move|p1a: Raikou|Volt Switch|p2a: Gardevoir
|-damage|p2a: Gardevoir|56/100
|
|t:|1614878816
|switch|p1a: Registeel|Registeel|100/100|[from]move: Volt Switch
|-activate|p1a: Registeel|move: Sticky Web
|-fail|p1a: Registeel|unboost|[from] ability: Clear Body|[of] p1a: Registeel
|move|p2a: Gardevoir|Teleport|p2a: Gardevoir
|
|t:|1614878826
|switch|p2a: Chandelure|Chandelure, F|53/100|[from]move: Teleport
|
|upkeep
|turn|6
|
|t:|1614878830
|move|p2a: Chandelure|Shadow Ball|p1a: Registeel
|-damage|p1a: Registeel|66/100
|move|p1a: Registeel|Thunder Wave|p2a: Chandelure
|-status|p2a: Chandelure|par
|
|-heal|p1a: Registeel|72/100|[from] item: Leftovers
|upkeep
|turn|7
|
|t:|1614878835
|move|p2a: Chandelure|Shadow Ball|p1a: Registeel
|-damage|p1a: Registeel|37/100
|move|p1a: Registeel|Stealth Rock|p2a: Chandelure
|-sidestart|p2: James Large|move: Stealth Rock
|
|-heal|p1a: Registeel|43/100|[from] item: Leftovers
|upkeep
|turn|8
|
|t:|1614878839
|switch|p1a: Zarude|Zarude|67/100
|cant|p2a: Chandelure|par
|
|upkeep
|turn|9
|
|t:|1614878845
|switch|p2a: Heracross|Heracross, M|100/100
|-damage|p2a: Heracross|88/100|[from] Stealth Rock
|move|p1a: Zarude|Darkest Lariat|p2a: Heracross
|-resisted|p2a: Heracross
|-damage|p2a: Heracross|56/100
|
|upkeep
|turn|10
|
|t:|1614878853
|switch|p1a: Togekiss|Togekiss, M|100/100
|move|p2a: Heracross|Knock Off|p1a: Togekiss
|-resisted|p1a: Togekiss
|-damage|p1a: Togekiss|87/100
|-enditem|p1a: Togekiss|Heavy-Duty Boots|[from] move: Knock Off|[of] p2a: Heracross
|
|upkeep
|turn|11
|
|t:|1614878860
|switch|p2a: Gardevoir|Gardevoir, F|56/100
|-damage|p2a: Gardevoir|44/100|[from] Stealth Rock
|move|p1a: Togekiss|Thunder Wave|p2a: Gardevoir
|-status|p2a: Gardevoir|par
|-activate|p2a: Gardevoir|ability: Synchronize
|-status|p1a: Togekiss|par
|
|-heal|p2a: Gardevoir|50/100 par|[from] item: Leftovers
|upkeep
|turn|12
|
|t:|1614878866
|move|p1a: Togekiss|Heal Bell|p1a: Togekiss
|-activate|p1a: Togekiss|move: Heal Bell
|-curestatus|p1a: Togekiss|par|[msg]
|move|p2a: Gardevoir|Heal Bell|p2a: Gardevoir
|-activate|p2a: Gardevoir|move: Heal Bell
|-curestatus|p2a: Gardevoir|par|[msg]
|-curestatus|p2: Chandelure|par|[msg]
|
|-heal|p2a: Gardevoir|56/100|[from] item: Leftovers
|upkeep
|turn|13
|
|t:|1614878872
|move|p1a: Togekiss|Air Slash|p2a: Gardevoir
|-damage|p2a: Gardevoir|35/100
|move|p2a: Gardevoir|Wish|p2a: Gardevoir
|
|-heal|p2a: Gardevoir|41/100|[from] item: Leftovers
|upkeep
|turn|14
|
|t:|1614878878
|move|p1a: Togekiss|Air Slash|p2a: Gardevoir
|-damage|p2a: Gardevoir|23/100
|move|p2a: Gardevoir|Teleport|p2a: Gardevoir
|
|t:|1614878890
|switch|p2a: Chandelure|Chandelure, F|53/100|[from]move: Teleport
|-damage|p2a: Chandelure|28/100|[from] Stealth Rock
|
|-heal|p2a: Chandelure|93/100|[from] move: Wish|[wisher] Gardevoir
|upkeep
|turn|15
|j| SkipTheDripBayless
|
|t:|1614878901
|move|p2a: Chandelure|Overheat|p1a: Togekiss
|-damage|p1a: Togekiss|0 fnt
|-unboost|p2a: Chandelure|spa|2
|faint|p1a: Togekiss
|
|upkeep
|
|t:|1614878916
|switch|p1a: Raikou|Raikou|100/100
|-ability|p1a: Raikou|Pressure
|turn|16
|inactive|James Large has 120 seconds left.
|
|t:|1614878948
|switch|p2a: Metagross|Metagross|100/100
|-damage|p2a: Metagross|94/100|[from] Stealth Rock
|move|p1a: Raikou|Thunderbolt|p2a: Metagross
|-damage|p2a: Metagross|50/100
|
|-heal|p2a: Metagross|57/100|[from] item: Leftovers
|upkeep
|turn|17
|
|t:|1614878955
|move|p1a: Raikou|Volt Switch|p2a: Metagross
|-damage|p2a: Metagross|20/100
|
|t:|1614878961
|switch|p1a: Gastrodon|Gastrodon, M|100/100|[from]move: Volt Switch
|move|p2a: Metagross|Stealth Rock|p1a: Gastrodon
|-sidestart|p1: ruz9 locked up|move: Stealth Rock
|
|-heal|p2a: Metagross|26/100|[from] item: Leftovers
|upkeep
|turn|18
|
|t:|1614878964
|move|p2a: Metagross|Toxic|p1a: Gastrodon
|-status|p1a: Gastrodon|tox
|move|p1a: Gastrodon|Earth Power|p2a: Metagross
|-supereffective|p2a: Metagross
|-damage|p2a: Metagross|0 fnt
|faint|p2a: Metagross
|
|-damage|p1a: Gastrodon|94/100 tox|[from] psn
|upkeep
|inactive|James Large has 120 seconds left.
|
|t:|1614879008
|switch|p2a: Chandelure|Chandelure, F|93/100
|-damage|p2a: Chandelure|68/100|[from] Stealth Rock
|turn|19
|
|t:|1614879021
|switch|p2a: Obstagoon|Obstagoon, M|100/100
|-damage|p2a: Obstagoon|88/100|[from] Stealth Rock
|move|p1a: Gastrodon|Earth Power|p2a: Obstagoon
|-crit|p2a: Obstagoon
|-damage|p2a: Obstagoon|30/100
|
|-damage|p1a: Gastrodon|82/100 tox|[from] psn
|-status|p2a: Obstagoon|brn|[from] item: Flame Orb
|upkeep
|turn|20
|
|t:|1614879031
|move|p2a: Obstagoon|Facade|p1a: Gastrodon
|-damage|p1a: Gastrodon|13/100 tox
|move|p1a: Gastrodon|Earth Power|p2a: Obstagoon
|-damage|p2a: Obstagoon|0 fnt
|faint|p2a: Obstagoon
|
|-damage|p1a: Gastrodon|0 fnt|[from] psn
|faint|p1a: Gastrodon
|upkeep
|inactive|James Large has 120 seconds left.
|
|t:|1614879046
|switch|p2a: Chandelure|Chandelure, F|68/100
|switch|p1a: Raikou|Raikou|100/100
|-ability|p1a: Raikou|Pressure
|-damage|p2a: Chandelure|43/100|[from] Stealth Rock
|turn|21
|inactive|James Large has 120 seconds left.
|
|t:|1614879056
|move|p1a: Raikou|Thunderbolt|p2a: Chandelure
|-damage|p2a: Chandelure|0 fnt
|faint|p2a: Chandelure
|
|upkeep
|inactive|James Large has 120 seconds left.
|
|t:|1614879067
|switch|p2a: Heracross|Heracross, M|56/100
|-damage|p2a: Heracross|44/100|[from] Stealth Rock
|turn|22
|
|t:|1614879076
|move|p2a: Heracross|Knock Off|p1a: Raikou
|-damage|p1a: Raikou|59/100
|-enditem|p1a: Raikou|Heavy-Duty Boots|[from] move: Knock Off|[of] p2a: Heracross
|move|p1a: Raikou|Thunderbolt|p2a: Heracross
|-damage|p2a: Heracross|0 fnt
|faint|p2a: Heracross
|
|upkeep
|-message|James Large forfeited.
|
|win|ruz9 locked up
|l|☆James Large
