|j|☆falcu
|j|☆literallyfreemoney
|t:|1651698517
|gametype|singles
|player|p1|falcu|giovanni|1428
|player|p2|literallyfreemoney|pokemonbreeder-gen4|1454
|teamsize|p1|6
|teamsize|p2|6
|gen|8
|tier|[Gen 8] RU
|rated|
|rule|Sleep Clause Mod: Limit one foe put to sleep
|rule|Species Clause: Limit one of each Pokémon
|rule|OHKO Clause: OHKO moves are banned
|rule|Evasion Moves Clause: Evasion moves are banned
|rule|Endless Battle Clause: Forcing endless battles is banned
|rule|HP Percentage Mod: HP is shown in percentages
|rule|Dynamax Clause: You cannot dynamax
|clearpoke
|poke|p1|Indeedee, M|
|poke|p1|Sceptile, F|
|poke|p1|Espeon, M|
|poke|p1|Starmie|
|poke|p1|Incineroar, F|
|poke|p1|Flygon, M|
|poke|p2|Salazzle, F|
|poke|p2|Steelix, F|
|poke|p2|Golisopod, M|
|poke|p2|Crobat, F|
|poke|p2|Metagross|
|poke|p2|Zoroark, M|
|teampreview
|inactive|Battle timer is ON: inactive players will automatically lose when time's up. (requested by falcu)
|
|t:|1651698535
|start
|switch|p1a: Incineroar|Incineroar, F|100/100
|switch|p2a: Salazzle|Salazzle, F|100/100
|-ability|p1a: Incineroar|Intimidate|boost
|-unboost|p2a: Salazzle|atk|1
|turn|1
|
|t:|1651698540
|switch|p2a: Steelix|Steelix, F|100/100
|move|p1a: Incineroar|Knock Off|p2a: Steelix
|-damage|p2a: Steelix|86/100
|-enditem|p2a: Steelix|Leftovers|[from] move: Knock Off|[of] p1a: Incineroar
|
|upkeep
|turn|2
|
|t:|1651698545
|move|p1a: Incineroar|Flare Blitz|p2a: Steelix
|-supereffective|p2a: Steelix
|-damage|p2a: Steelix|49/100
|-damage|p1a: Incineroar|89/100|[from] Recoil
|move|p2a: Steelix|Earthquake|p1a: Incineroar
|-supereffective|p1a: Incineroar
|-damage|p1a: Incineroar|35/100
|
|upkeep
|turn|3
|
|t:|1651698554
|switch|p1a: Starmie|Starmie|100/100
|move|p2a: Steelix|Earthquake|p1a: Starmie
|-damage|p1a: Starmie|54/100
|
|upkeep
|turn|4
|
|t:|1651698559
|switch|p2a: Golisopod|Golisopod, M|100/100
|move|p1a: Starmie|Scald|p2a: Golisopod
|-resisted|p2a: Golisopod
|-damage|p2a: Golisopod|61/100
|-damage|p1a: Starmie|44/100|[from] item: Life Orb
|
|upkeep
|turn|5
|
|t:|1651698567
|switch|p1a: Indeedee|Indeedee, M|100/100
|-fieldstart|move: Psychic Terrain|[from] ability: Psychic Surge|[of] p1a: Indeedee
|move|p2a: Golisopod|Knock Off|p1a: Indeedee
|-supereffective|p1a: Indeedee
|-damage|p1a: Indeedee|0 fnt
|-enditem|p1a: Indeedee|Terrain Extender|[from] move: Knock Off|[of] p2a: Golisopod
|faint|p1a: Indeedee
|
|upkeep
|
|t:|1651698574
|switch|p1a: Starmie|Starmie|44/100
|turn|6
|
|t:|1651698580
|switch|p2a: Salazzle|Salazzle, F|100/100
|move|p1a: Starmie|Thunderbolt|p2a: Salazzle
|-damage|p2a: Salazzle|6/100
|replace|p2a: Zoroark|Zoroark, M
|-end|p2a: Zoroark|Illusion
|-damage|p1a: Starmie|34/100|[from] item: Life Orb
|
|upkeep
|turn|7
|
|t:|1651698589
|switch|p2a: Steelix|Steelix, F|49/100
|move|p1a: Starmie|Scald|p2a: Steelix
|-supereffective|p2a: Steelix
|-damage|p2a: Steelix|0 fnt
|faint|p2a: Steelix
|-damage|p1a: Starmie|24/100|[from] item: Life Orb
|
|upkeep
|
|t:|1651698594
|switch|p2a: Metagross|Metagross|100/100
|turn|8
|
|t:|1651698602
|move|p2a: Metagross|Bullet Punch|p1a: Starmie
|-activate|p1a: Starmie|move: Psychic Terrain
|move|p1a: Starmie|Scald|p2a: Metagross
|-damage|p2a: Metagross|23/100
|-status|p2a: Metagross|brn
|-damage|p1a: Starmie|14/100|[from] item: Life Orb
|
|-damage|p2a: Metagross|17/100 brn|[from] brn
|upkeep
|turn|9
|-message|literallyfreemoney forfeited.
|
|win|falcu
|raw|falcu's rating: 1428 &rarr; <strong>1449</strong><br />(+21 for winning)
|raw|literallyfreemoney's rating: 1454 &rarr; <strong>1433</strong><br />(-21 for losing)
|l|☆literallyfreemoney
||Ladder isn't responding, score probably updated but might not have (Request timeout).
