|j|☆whistling
|j|☆Standard Ice
|t:|1609269995
|player|p1|whistling|proton|1533
|player|p2|Standard Ice|rocketgrunt|1360
|teamsize|p1|6
|teamsize|p2|6
|gametype|singles
|gen|8
|tier|[Gen 8] RU
|rated|
|clearpoke
|poke|p1|Obstagoon, M|
|poke|p1|Thundurus, M|
|poke|p1|Seismitoad, M|
|poke|p1|Noivern, M|
|poke|p1|Klefki, F|
|poke|p1|Zarude|
|poke|p2|Thundurus, M|
|poke|p2|Seismitoad, M|
|poke|p2|Cresselia, F|
|poke|p2|Porygon2|
|poke|p2|Lucario, F|
|poke|p2|Flygon, M|
|rule|Sleep Clause Mod: Limit one foe put to sleep
|rule|Species Clause: Limit one of each Pokémon
|rule|OHKO Clause: OHKO moves are banned
|rule|Evasion Moves Clause: Evasion moves are banned
|rule|Endless Battle Clause: Forcing endless battles is banned
|rule|HP Percentage Mod: HP is shown in percentages
|rule|Dynamax Clause: You cannot dynamax
|teampreview
|
|t:|1609270032
|start
|switch|p1a: Thundurus|Thundurus, M|100/100
|switch|p2a: Flygon|Flygon, M|100/100
|turn|1
|
|t:|1609270038
|move|p2a: Flygon|U-turn|p1a: Thundurus
|-resisted|p1a: Thundurus
|-damage|p1a: Thundurus|86/100
|
|t:|1609270042
|switch|p2a: Cresselia|Cresselia, F|100/100|[from]move: U-turn
|move|p1a: Thundurus|Knock Off|p2a: Cresselia
|-supereffective|p2a: Cresselia
|-enditem|p2a: Cresselia|Colbur Berry|[eat]
|-enditem|p2a: Cresselia|Colbur Berry|[weaken]
|-damage|p2a: Cresselia|89/100
|
|upkeep
|turn|2
|
|t:|1609270050
|move|p1a: Thundurus|U-turn|p2a: Cresselia
|-supereffective|p2a: Cresselia
|-damage|p2a: Cresselia|71/100
|
|t:|1609270053
|switch|p1a: Klefki|Klefki, F|100/100|[from]move: U-turn
|move|p2a: Cresselia|Moonblast|p1a: Klefki
|-resisted|p1a: Klefki
|-damage|p1a: Klefki|93/100
|-unboost|p1a: Klefki|spa|1
|
|-heal|p1a: Klefki|99/100|[from] item: Leftovers
|upkeep
|turn|3
|
|t:|1609270063
|switch|p2a: Seismitoad|Seismitoad, M|100/100
|move|p1a: Klefki|Toxic|p2a: Seismitoad
|-status|p2a: Seismitoad|tox
|
|-heal|p1a: Klefki|100/100|[from] item: Leftovers
|-damage|p2a: Seismitoad|94/100 tox|[from] psn
|upkeep
|turn|4
|
|t:|1609270070
|switch|p1a: Thundurus|Thundurus, M|86/100
|move|p2a: Seismitoad|Stealth Rock|p1a: Thundurus
|-sidestart|p1: whistling|move: Stealth Rock
|
|-damage|p2a: Seismitoad|82/100 tox|[from] psn
|upkeep
|turn|5
|
|t:|1609270082
|move|p1a: Thundurus|Knock Off|p2a: Seismitoad
|-damage|p2a: Seismitoad|64/100 tox
|-damage|p1a: Thundurus|70/100|[from] item: Rocky Helmet|[of] p2a: Seismitoad
|-enditem|p2a: Seismitoad|Rocky Helmet|[from] move: Knock Off|[of] p1a: Thundurus
|move|p2a: Seismitoad|Knock Off|p1a: Thundurus
|-damage|p1a: Thundurus|43/100
|-enditem|p1a: Thundurus|Heavy-Duty Boots|[from] move: Knock Off|[of] p2a: Seismitoad
|
|-damage|p2a: Seismitoad|46/100 tox|[from] psn
|upkeep
|turn|6
|j| sparrow's tail
|
|t:|1609270094
|move|p1a: Thundurus|Grass Knot|p2a: Seismitoad
|-supereffective|p2a: Seismitoad
|-damage|p2a: Seismitoad|0 fnt
|faint|p2a: Seismitoad
|
|upkeep
|
|t:|1609270106
|switch|p2a: Thundurus|Thundurus, M|100/100
|turn|7
|
|t:|1609270116
|switch|p1a: Klefki|Klefki, F|100/100
|-damage|p1a: Klefki|95/100|[from] Stealth Rock
|move|p2a: Thundurus|Thunderbolt|p1a: Klefki
|-damage|p1a: Klefki|53/100
|
|-heal|p1a: Klefki|59/100|[from] item: Leftovers
|upkeep
|turn|8
|
|t:|1609270123
|move|p2a: Thundurus|Substitute|p2a: Thundurus
|-start|p2a: Thundurus|Substitute
|-damage|p2a: Thundurus|75/100
|move|p1a: Klefki|Toxic||[still]
|-fail|p1a: Klefki
|
|-heal|p1a: Klefki|65/100|[from] item: Leftovers
|upkeep
|turn|9
|
|t:|1609270130
|move|p2a: Thundurus|Nasty Plot|p2a: Thundurus
|-boost|p2a: Thundurus|spa|2
|move|p1a: Klefki|Dazzling Gleam|p2a: Thundurus
|-end|p2a: Thundurus|Substitute
|
|-heal|p1a: Klefki|71/100|[from] item: Leftovers
|upkeep
|turn|10
|j|+EonX
|
|t:|1609270137
|switch|p1a: Noivern|Noivern, M|100/100
|move|p2a: Thundurus|Thunderbolt|p1a: Noivern
|-damage|p1a: Noivern|0 fnt
|faint|p1a: Noivern
|
|upkeep
|
|t:|1609270140
|switch|p1a: Zarude|Zarude|100/100
|-damage|p1a: Zarude|88/100|[from] Stealth Rock
|turn|11
|
|t:|1609270152
|switch|p2a: Cresselia|Cresselia, F|71/100
|move|p1a: Zarude|Rock Slide|p2a: Cresselia
|-damage|p2a: Cresselia|58/100
|
|upkeep
|turn|12
|
|t:|1609270158
|switch|p1a: Klefki|Klefki, F|71/100
|-damage|p1a: Klefki|65/100|[from] Stealth Rock
|move|p2a: Cresselia|Moonblast|p1a: Klefki
|-resisted|p1a: Klefki
|-damage|p1a: Klefki|58/100
|
|-heal|p1a: Klefki|64/100|[from] item: Leftovers
|upkeep
|turn|13
|
|t:|1609270166
|switch|p2a: Lucario|Lucario, F|100/100
|move|p1a: Klefki|Spikes|p2a: Lucario
|-sidestart|p2: Standard Ice|Spikes
|
|-heal|p1a: Klefki|70/100|[from] item: Leftovers
|upkeep
|turn|14
|
|t:|1609270172
|move|p1a: Klefki|Thunder Wave|p2a: Lucario
|-status|p2a: Lucario|par
|move|p2a: Lucario|Aura Sphere|p1a: Klefki
|-damage|p1a: Klefki|14/100
|
|-heal|p1a: Klefki|20/100|[from] item: Leftovers
|upkeep
|turn|15
|
|t:|1609270179
|move|p1a: Klefki|Dazzling Gleam|p2a: Lucario
|-damage|p2a: Lucario|62/100 par
|move|p2a: Lucario|Aura Sphere|p1a: Klefki
|-damage|p1a: Klefki|0 fnt
|faint|p1a: Klefki
|
|upkeep
|
|t:|1609270186
|switch|p1a: Seismitoad|Seismitoad, M|100/100
|-damage|p1a: Seismitoad|94/100|[from] Stealth Rock
|turn|16
|
|t:|1609270204
|switch|p2a: Cresselia|Cresselia, F|58/100
|move|p1a: Seismitoad|Stealth Rock|p2a: Cresselia
|-sidestart|p2: Standard Ice|move: Stealth Rock
|
|-heal|p1a: Seismitoad|100/100|[from] item: Leftovers
|upkeep
|turn|17
|
|t:|1609270211
|move|p1a: Seismitoad|Toxic|p2a: Cresselia
|-status|p2a: Cresselia|tox
|move|p2a: Cresselia|Toxic|p1a: Seismitoad
|-status|p1a: Seismitoad|tox
|
|-damage|p1a: Seismitoad|94/100 tox|[from] psn
|-damage|p2a: Cresselia|52/100 tox|[from] psn
|upkeep
|turn|18
|
|t:|1609270218
|switch|p1a: Obstagoon|Obstagoon, M|100/100
|-damage|p1a: Obstagoon|88/100|[from] Stealth Rock
|move|p2a: Cresselia|Moonlight|p2a: Cresselia
|-heal|p2a: Cresselia|100/100 tox
|
|-damage|p2a: Cresselia|88/100 tox|[from] psn
|-status|p1a: Obstagoon|brn|[from] item: Flame Orb
|upkeep
|turn|19
|
|t:|1609270227
|move|p1a: Obstagoon|Facade|p2a: Cresselia
|-damage|p2a: Cresselia|45/100 tox
|move|p2a: Cresselia|Moonblast|p1a: Obstagoon
|-supereffective|p1a: Obstagoon
|-damage|p1a: Obstagoon|42/100 brn
|-unboost|p1a: Obstagoon|spa|1
|
|-damage|p1a: Obstagoon|36/100 brn|[from] brn
|-damage|p2a: Cresselia|27/100 tox|[from] psn
|upkeep
|turn|20
|
|t:|1609270237
|move|p1a: Obstagoon|Facade|p2a: Cresselia
|-damage|p2a: Cresselia|0 fnt
|faint|p2a: Cresselia
|
|-damage|p1a: Obstagoon|30/100 brn|[from] brn
|upkeep
|
|t:|1609270247
|switch|p2a: Flygon|Flygon, M|100/100
|-damage|p2a: Flygon|95/100|[from] Stealth Rock
|turn|21
|
|t:|1609270251
|move|p2a: Flygon|U-turn|p1a: Obstagoon
|-supereffective|p1a: Obstagoon
|-damage|p1a: Obstagoon|0 fnt
|faint|p1a: Obstagoon
|
|t:|1609270262
|switch|p2a: Lucario|Lucario, F|62/100 par|[from]move: U-turn
|-damage|p2a: Lucario|59/100 par|[from] Stealth Rock
|-damage|p2a: Lucario|47/100 par|[from] Spikes
|
|upkeep
|
|t:|1609270265
|switch|p1a: Seismitoad|Seismitoad, M|94/100 tox
|-damage|p1a: Seismitoad|88/100 tox|[from] Stealth Rock
|turn|22
|l| sparrow's tail
|
|t:|1609270270
|switch|p2a: Porygon2|Porygon2|100/100
|-damage|p2a: Porygon2|88/100|[from] Stealth Rock
|-damage|p2a: Porygon2|76/100|[from] Spikes
|-ability|p2a: Porygon2|Water Absorb|[from] ability: Trace|[of] p1a: Seismitoad
|move|p1a: Seismitoad|Earthquake|p2a: Porygon2
|-damage|p2a: Porygon2|54/100
|
|-heal|p1a: Seismitoad|94/100 tox|[from] item: Leftovers
|-damage|p1a: Seismitoad|88/100 tox|[from] psn
|upkeep
|turn|23
|
|t:|1609270286
|move|p1a: Seismitoad|Knock Off|p2a: Porygon2
|-damage|p2a: Porygon2|41/100
|-enditem|p2a: Porygon2|Eviolite|[from] move: Knock Off|[of] p1a: Seismitoad
|move|p2a: Porygon2|Recover|p2a: Porygon2
|-heal|p2a: Porygon2|91/100
|
|-heal|p1a: Seismitoad|94/100 tox|[from] item: Leftovers
|-damage|p1a: Seismitoad|82/100 tox|[from] psn
|upkeep
|turn|24
|
|t:|1609270296
|move|p1a: Seismitoad|Toxic|p2a: Porygon2
|-status|p2a: Porygon2|tox
|move|p2a: Porygon2|Foul Play|p1a: Seismitoad
|-damage|p1a: Seismitoad|58/100 tox
|
|-heal|p1a: Seismitoad|65/100 tox|[from] item: Leftovers
|-damage|p1a: Seismitoad|46/100 tox|[from] psn
|-damage|p2a: Porygon2|85/100 tox|[from] psn
|upkeep
|turn|25
|
|t:|1609270304
|move|p1a: Seismitoad|Earthquake|p2a: Porygon2
|-damage|p2a: Porygon2|54/100 tox
|move|p2a: Porygon2|Foul Play|p1a: Seismitoad
|-damage|p1a: Seismitoad|25/100 tox
|
|-heal|p1a: Seismitoad|31/100 tox|[from] item: Leftovers
|-damage|p1a: Seismitoad|7/100 tox|[from] psn
|-damage|p2a: Porygon2|42/100 tox|[from] psn
|upkeep
|turn|26
|
|t:|1609270313
|move|p1a: Seismitoad|Earthquake|p2a: Porygon2
|-damage|p2a: Porygon2|9/100 tox
|move|p2a: Porygon2|Recover|p2a: Porygon2
|-heal|p2a: Porygon2|59/100 tox
|
|-heal|p1a: Seismitoad|13/100 tox|[from] item: Leftovers
|-damage|p1a: Seismitoad|0 fnt|[from] psn
|faint|p1a: Seismitoad
|-damage|p2a: Porygon2|40/100 tox|[from] psn
|upkeep
|
|t:|1609270316
|switch|p1a: Thundurus|Thundurus, M|43/100
|-damage|p1a: Thundurus|18/100|[from] Stealth Rock
|turn|27
|
|t:|1609270325
|move|p1a: Thundurus|Thunderbolt|p2a: Porygon2
|-damage|p2a: Porygon2|8/100 tox
|move|p2a: Porygon2|Foul Play|p1a: Thundurus
|-damage|p1a: Thundurus|0 fnt
|faint|p1a: Thundurus
|
|-damage|p2a: Porygon2|0 fnt|[from] psn
|faint|p2a: Porygon2
|upkeep
|
|t:|1609270334
|switch|p1a: Zarude|Zarude|88/100
|switch|p2a: Thundurus|Thundurus, M|75/100
|-damage|p1a: Zarude|76/100|[from] Stealth Rock
|-damage|p2a: Thundurus|50/100|[from] Stealth Rock
|turn|28
|
|t:|1609270367
|move|p2a: Thundurus|Substitute|p2a: Thundurus
|-start|p2a: Thundurus|Substitute
|-damage|p2a: Thundurus|25/100
|-enditem|p2a: Thundurus|Iapapa Berry|[eat]
|-heal|p2a: Thundurus|58/100|[from] item: Iapapa Berry
|move|p1a: Zarude|Power Whip|p2a: Thundurus
|-resisted|p2a: Thundurus
|-end|p2a: Thundurus|Substitute
|
|upkeep
|turn|29
|
|t:|1609270374
|move|p1a: Zarude|Power Whip|p2a: Thundurus
|-resisted|p2a: Thundurus
|-damage|p2a: Thundurus|9/100
|move|p2a: Thundurus|Thunderbolt|p1a: Zarude
|-resisted|p1a: Zarude
|-damage|p1a: Zarude|51/100
|
|upkeep
|turn|30
|
|t:|1609270382
|move|p2a: Thundurus|Nasty Plot|p2a: Thundurus
|-boost|p2a: Thundurus|spa|2
|move|p1a: Zarude|Power Whip|p2a: Thundurus
|-resisted|p2a: Thundurus
|-damage|p2a: Thundurus|0 fnt
|faint|p2a: Thundurus
|
|upkeep
|
|t:|1609270389
|switch|p2a: Lucario|Lucario, F|47/100 par
|-damage|p2a: Lucario|34/100 par|[from] Spikes
|-damage|p2a: Lucario|31/100 par|[from] Stealth Rock
|turn|31
|
|t:|1609270394
|cant|p2a: Lucario|par
|move|p1a: Zarude|Power Whip|p2a: Lucario
|-resisted|p2a: Lucario
|-damage|p2a: Lucario|0 fnt
|faint|p2a: Lucario
|
|upkeep
|
|t:|1609270400
|switch|p2a: Flygon|Flygon, M|95/100
|-damage|p2a: Flygon|89/100|[from] Stealth Rock
|turn|32
|
|t:|1609270403
|move|p1a: Zarude|Power Whip|p2a: Flygon
|-damage|p2a: Flygon|12/100
|move|p2a: Flygon|U-turn|p1a: Zarude
|-supereffective|p1a: Zarude
|-damage|p1a: Zarude|0 fnt
|faint|p1a: Zarude
|
|win|Standard Ice
|l|☆whistling
|l|+EonX
