|raw|<div class="broadcast-blue"><strong>This battle is required to be public due to a player having a name starting with 'rult70'.</div>
|j|☆rult70rabbit
|j|☆rult70m mac3 ✝
|t:|1626890132
|gametype|singles
|player|p1|rult70rabbit|102|1595
|player|p2|rult70m mac3 ✝|roxie|1552
|teamsize|p1|6
|teamsize|p2|6
|gen|8
|tier|[Gen 8] RU
|rated|
|rule|Sleep Clause Mod: Limit one foe put to sleep
|rule|Species Clause: Limit one of each Pokémon
|rule|OHKO Clause: OHKO moves are banned
|rule|Evasion Moves Clause: Evasion moves are banned
|rule|Endless Battle Clause: Forcing endless battles is banned
|rule|HP Percentage Mod: HP is shown in percentages
|rule|Dynamax Clause: You cannot dynamax
|clearpoke
|poke|p1|Mienshao, M|
|poke|p1|Stakataka|
|poke|p1|Golisopod, M|
|poke|p1|Gastrodon-East, M|
|poke|p1|Roserade, F|
|poke|p1|Noivern, M|
|poke|p2|Necrozma|
|poke|p2|Cobalion|
|poke|p2|Diancie|
|poke|p2|Flygon, F|
|poke|p2|Vaporeon, F|
|poke|p2|Durant, F|
|teampreview
|j| RULT70A GK
|j|+Feliburn
|j| tlenit
|c|☆rult70rabbit|heh
|c|☆rult70m mac3 ✝|hf
|c|+Feliburn|are my teams always epic..
|c|☆rult70rabbit|same
|j| rult70e ifo
|j| toinha ♫♪
|c|☆rult70rabbit|im p sure ur team is
|c|☆rult70rabbit|unepic
|c|☆rult70rabbit|in this case
|c|☆rult70rabbit|look at the durant
|j| djjjdjdjdjdjdjdjdj
|c|+Feliburn|u got the waters
|c|+Feliburn|ur good
|c|☆rult70rabbit|true
|c|☆rult70m mac3 ✝|famous last words?
|c|☆rult70rabbit|yup
|c|☆rult70rabbit|famous last words
|c|+Feliburn|yep
|
|t:|1626890207
|start
|switch|p1a: Golisopod|Golisopod, M|100/100
|switch|p2a: Necrozma|Necrozma|100/100
|turn|1
|
|t:|1626890219
|switch|p2a: Cobalion|Cobalion|100/100
|switch|p1a: Stakataka|Stakataka|100/100
|
|upkeep
|turn|2
|
|t:|1626890228
|switch|p1a: Gastrodon|Gastrodon-East, M|100/100
|move|p2a: Cobalion|Swords Dance|p2a: Cobalion
|-boost|p2a: Cobalion|atk|2
|
|upkeep
|turn|3
|
|t:|1626890233
|move|p2a: Cobalion|Magnet Rise|p2a: Cobalion
|-start|p2a: Cobalion|Magnet Rise
|move|p1a: Gastrodon|Earth Power|p2a: Cobalion
|-immune|p2a: Cobalion
|
|upkeep
|turn|4
|c| toinha ♫♪|LMAO
|c| rult70e ifo|it finally worked
|
|t:|1626890243
|move|p2a: Cobalion|Iron Head|p1a: Gastrodon
|-resisted|p1a: Gastrodon
|-damage|p1a: Gastrodon|78/100
|cant|p1a: Gastrodon|flinch
|
|upkeep
|turn|5
|c| rult70e ifo|after 60 games or whatever
|
|t:|1626890248
|move|p2a: Cobalion|Iron Head|p1a: Gastrodon
|-resisted|p1a: Gastrodon
|-crit|p1a: Gastrodon
|-damage|p1a: Gastrodon|42/100
|move|p1a: Gastrodon|Ice Beam|p2a: Cobalion
|-resisted|p2a: Cobalion
|-damage|p2a: Cobalion|87/100
|
|upkeep
|turn|6
|
|t:|1626890258
|move|p2a: Cobalion|Close Combat|p1a: Gastrodon
|-damage|p1a: Gastrodon|0 fnt
|-unboost|p2a: Cobalion|def|1
|-unboost|p2a: Cobalion|spd|1
|faint|p1a: Gastrodon
|
|upkeep
|
|t:|1626890262
|switch|p1a: Noivern|Noivern, M|100/100
|turn|7
|
|t:|1626890266
|switch|p2a: Diancie|Diancie|100/100
|move|p1a: Noivern|U-turn|p2a: Diancie
|-resisted|p2a: Diancie
|-damage|p2a: Diancie|96/100
|
|t:|1626890270
|switch|p1a: Roserade|Roserade, F|100/100|[from]move: U-turn
|
|-heal|p2a: Diancie|100/100|[from] item: Leftovers
|upkeep
|turn|8
|
|t:|1626890275
|switch|p2a: Durant|Durant, F|100/100
|move|p1a: Roserade|Sleep Powder|p2a: Durant
|-status|p2a: Durant|slp|[from] move: Sleep Powder
|
|upkeep
|turn|9
|
|t:|1626890284
|switch|p2a: Necrozma|Necrozma|100/100
|move|p1a: Roserade|Spikes|p2a: Necrozma
|-sidestart|p2: rult70m mac3 ✝|Spikes
|
|upkeep
|turn|10
|
|t:|1626890289
|switch|p1a: Stakataka|Stakataka|100/100
|move|p2a: Necrozma|Calm Mind|p2a: Necrozma
|-boost|p2a: Necrozma|spa|1
|-boost|p2a: Necrozma|spd|1
|
|upkeep
|turn|11
|
|t:|1626890293
|move|p2a: Necrozma|Earth Power|p1a: Stakataka
|-supereffective|p1a: Stakataka
|-damage|p1a: Stakataka|0 fnt
|faint|p1a: Stakataka
|
|upkeep
|
|t:|1626890297
|switch|p1a: Golisopod|Golisopod, M|100/100
|turn|12
|c|+Feliburn|hard ass ct
|
|t:|1626890305
|move|p1a: Golisopod|First Impression|p2a: Necrozma
|-supereffective|p2a: Necrozma
|-damage|p2a: Necrozma|53/100
|move|p2a: Necrozma|Moonlight|p2a: Necrozma
|-heal|p2a: Necrozma|100/100
|
|upkeep
|turn|13
|c|+Feliburn|wait how did gastro die
|c| rult70e ifo|coba
|c|☆rult70rabbit|he was
|c|☆rult70rabbit|magnet rise
|c|☆rult70rabbit|coba
|c|☆rult70m mac3 ✝|i swear
|
|t:|1626890320
|move|p2a: Necrozma|Photon Geyser|p1a: Golisopod
|-damage|p1a: Golisopod|29/100
|-activate|p1a: Golisopod|ability: Emergency Exit
|c|☆rult70m mac3 ✝|i didnt ct
|c|+Feliburn|did u never go vern
|
|t:|1626890325
|switch|p1a: Roserade|Roserade, F|100/100
|
|upkeep
|turn|14
|c|+Feliburn|or pod
|c|+Feliburn|LMFAO
|
|t:|1626890331
|move|p1a: Roserade|Sludge Bomb|p2a: Necrozma
|-damage|p2a: Necrozma|74/100
|move|p2a: Necrozma|Photon Geyser|p1a: Roserade
|-supereffective|p1a: Roserade
|-damage|p1a: Roserade|0 fnt
|faint|p1a: Roserade
|
|-heal|p2a: Necrozma|80/100|[from] item: Leftovers
|upkeep
|c| rult70e ifo|no
|c|☆rult70rabbit|i mean i lose
|c|☆rult70rabbit|anyway
|
|t:|1626890341
|switch|p1a: Mienshao|Mienshao, M|100/100
|turn|15
|c| toinha ♫♪|he was schoked
|c| rult70e ifo|ye this mu is bleak
|c| rult70e ifo|broken necro
|c|☆rult70rabbit|like vs
|c|☆rult70rabbit|epower necro
|c|☆rult70rabbit|i just lose
|
|t:|1626890363
|move|p1a: Mienshao|Knock Off|p2a: Necrozma
|-supereffective|p2a: Necrozma
|-damage|p2a: Necrozma|35/100
|-enditem|p2a: Necrozma|Leftovers|[from] move: Knock Off|[of] p1a: Mienshao
|-damage|p1a: Mienshao|91/100|[from] item: Life Orb
|move|p2a: Necrozma|Photon Geyser|p1a: Mienshao
|-supereffective|p1a: Mienshao
|-damage|p1a: Mienshao|0 fnt
|faint|p1a: Mienshao
|
|upkeep
|
|t:|1626890367
|switch|p1a: Golisopod|Golisopod, M|29/100
|turn|16
|
|t:|1626890382
|switch|p2a: Vaporeon|Vaporeon, F|100/100
|-damage|p2a: Vaporeon|88/100|[from] Spikes
|move|p1a: Golisopod|First Impression|p2a: Vaporeon
|-damage|p2a: Vaporeon|48/100
|
|-heal|p2a: Vaporeon|54/100|[from] item: Leftovers
|upkeep
|turn|17
|
|t:|1626890388
|move|p2a: Vaporeon|Wish|p2a: Vaporeon
|move|p1a: Golisopod|Knock Off|p2a: Vaporeon
|-damage|p2a: Vaporeon|25/100
|-enditem|p2a: Vaporeon|Leftovers|[from] move: Knock Off|[of] p1a: Golisopod
|
|upkeep
|turn|18
|
|t:|1626890393
|move|p2a: Vaporeon|Scald|p1a: Golisopod
|-resisted|p1a: Golisopod
|-damage|p1a: Golisopod|12/100
|move|p1a: Golisopod|Close Combat|p2a: Vaporeon
|-damage|p2a: Vaporeon|0 fnt
|-unboost|p1a: Golisopod|def|1
|-unboost|p1a: Golisopod|spd|1
|faint|p2a: Vaporeon
|
|upkeep
|
|t:|1626890404
|switch|p2a: Flygon|Flygon, F|100/100
|turn|19
|
|t:|1626890407
|switch|p1a: Noivern|Noivern, M|100/100
|move|p2a: Flygon|U-turn|p1a: Noivern
|-resisted|p1a: Noivern
|-damage|p1a: Noivern|90/100
|
|t:|1626890410
|switch|p2a: Diancie|Diancie|100/100|[from]move: U-turn
|-damage|p2a: Diancie|88/100|[from] Spikes
|
|-heal|p2a: Diancie|94/100|[from] item: Leftovers
|upkeep
|turn|20
|
|t:|1626890416
|move|p1a: Noivern|U-turn|p2a: Diancie
|-resisted|p2a: Diancie
|-damage|p2a: Diancie|90/100
|
|t:|1626890418
|switch|p1a: Golisopod|Golisopod, M|12/100|[from]move: U-turn
|move|p2a: Diancie|Diamond Storm|p1a: Golisopod
|-supereffective|p1a: Golisopod
|-damage|p1a: Golisopod|0 fnt
|faint|p1a: Golisopod
|
|-heal|p2a: Diancie|96/100|[from] item: Leftovers
|upkeep
|c|☆rult70rabbit|gg
|-message|rult70rabbit forfeited.
|
|win|rult70m mac3 ✝
|raw|rult70rabbit's rating: 1595 &rarr; <strong>1573</strong><br />(-22 for losing)
|raw|rult70m mac3 ✝'s rating: 1553 &rarr; <strong>1575</strong><br />(+22 for winning)
|c|☆rult70m mac3 ✝|gg
|l|☆rult70rabbit
