|j|☆zerqaq
|j|☆Dancanmanfan
|t:|1651239544
|gametype|singles
|player|p1|zerqaq|265|1385
|player|p2|Dancanmanfan|clay|1288
|teamsize|p1|6
|teamsize|p2|6
|gen|8
|tier|[Gen 8] RU
|rated|
|rule|Sleep Clause Mod: Limit one foe put to sleep
|rule|Species Clause: Limit one of each Pokémon
|rule|OHKO Clause: OHKO moves are banned
|rule|Evasion Moves Clause: Evasion moves are banned
|rule|Endless Battle Clause: Forcing endless battles is banned
|rule|HP Percentage Mod: HP is shown in percentages
|rule|Dynamax Clause: You cannot dynamax
|clearpoke
|poke|p1|Aurorus, F|
|poke|p1|Sandslash-Alola, M|
|poke|p1|Arctovish|
|poke|p1|Flygon, F|
|poke|p1|Doublade, F|
|poke|p1|Abomasnow, M|
|poke|p2|Sirfetch’d, F|
|poke|p2|Heracross, M|
|poke|p2|Machamp, F|
|poke|p2|Scrafty, F|
|poke|p2|Hitmonlee, M|
|poke|p2|Passimian, M|
|teampreview
|
|t:|1651239568
|start
|switch|p1a: Aurorus|Aurorus, F|100/100
|switch|p2a: Passimian|Passimian, M|100/100
|-weather|Hail|[from] ability: Snow Warning|[of] p1a: Aurorus
|turn|1
|
|t:|1651239589
|move|p2a: Passimian|Knock Off|p1a: Aurorus
|-damage|p1a: Aurorus|61/100
|-enditem|p1a: Aurorus|Focus Sash|[from] move: Knock Off|[of] p2a: Passimian
|move|p1a: Aurorus|Stealth Rock|p2a: Passimian
|-sidestart|p2: Dancanmanfan|move: Stealth Rock
|
|-weather|Hail|[upkeep]
|-damage|p2a: Passimian|94/100|[from] Hail
|upkeep
|turn|2
|
|t:|1651239598
|switch|p2a: Machamp|Machamp, F|100/100
|-damage|p2a: Machamp|95/100|[from] Stealth Rock
|move|p1a: Aurorus|Blizzard|p2a: Machamp
|-damage|p2a: Machamp|44/100
|
|-weather|Hail|[upkeep]
|-damage|p2a: Machamp|38/100|[from] Hail
|-status|p2a: Machamp|brn|[from] item: Flame Orb
|upkeep
|turn|3
|
|t:|1651239610
|move|p2a: Machamp|Bullet Punch|p1a: Aurorus
|-supereffective|p1a: Aurorus
|-damage|p1a: Aurorus|0 fnt
|faint|p1a: Aurorus
|
|-weather|Hail|[upkeep]
|-damage|p2a: Machamp|32/100 brn|[from] Hail
|-damage|p2a: Machamp|26/100 brn|[from] brn
|upkeep
|
|t:|1651239622
|switch|p1a: Arctovish|Arctovish|100/100
|turn|4
|
|t:|1651239628
|move|p2a: Machamp|Bullet Punch|p1a: Arctovish
|-damage|p1a: Arctovish|77/100
|move|p1a: Arctovish|Fishious Rend|p2a: Machamp
|-damage|p2a: Machamp|0 fnt
|faint|p2a: Machamp
|
|-weather|Hail|[upkeep]
|upkeep
|
|t:|1651239641
|switch|p2a: Passimian|Passimian, M|94/100
|-damage|p2a: Passimian|88/100|[from] Stealth Rock
|turn|5
|
|t:|1651239663
|switch|p1a: Doublade|Doublade, F|100/100
|move|p2a: Passimian|Close Combat|p1a: Doublade
|-immune|p1a: Doublade
|
|-weather|none
|upkeep
|turn|6
|
|t:|1651239673
|switch|p2a: Scrafty|Scrafty, F|100/100
|-damage|p2a: Scrafty|95/100|[from] Stealth Rock
|move|p1a: Doublade|Close Combat|p2a: Scrafty
|-supereffective|p2a: Scrafty
|-damage|p2a: Scrafty|20/100
|-unboost|p1a: Doublade|def|1
|-unboost|p1a: Doublade|spd|1
|
|-heal|p2a: Scrafty|26/100|[from] item: Leftovers
|upkeep
|turn|7
|
|t:|1651239690
|switch|p1a: Flygon|Flygon, F|100/100
|move|p2a: Scrafty|Knock Off|p1a: Flygon
|-damage|p1a: Flygon|57/100
|-damage|p2a: Scrafty|9/100|[from] item: Rocky Helmet|[of] p1a: Flygon
|-enditem|p1a: Flygon|Rocky Helmet|[from] move: Knock Off|[of] p2a: Scrafty
|
|-heal|p2a: Scrafty|15/100|[from] item: Leftovers
|upkeep
|turn|8
|
|t:|1651239705
|move|p1a: Flygon|Earthquake|p2a: Scrafty
|-damage|p2a: Scrafty|0 fnt
|faint|p2a: Scrafty
|
|upkeep
|
|t:|1651239712
|switch|p2a: Heracross|Heracross, M|100/100
|-damage|p2a: Heracross|88/100|[from] Stealth Rock
|turn|9
|
|t:|1651239732
|move|p1a: Flygon|U-turn|p2a: Heracross
|-resisted|p2a: Heracross
|-damage|p2a: Heracross|76/100
|
|t:|1651239742
|switch|p1a: Abomasnow|Abomasnow, M|100/100|[from]move: U-turn
|-weather|Hail|[from] ability: Snow Warning|[of] p1a: Abomasnow
|move|p2a: Heracross|Knock Off|p1a: Abomasnow
|-damage|p1a: Abomasnow|57/100
|-enditem|p1a: Abomasnow|Icy Rock|[from] move: Knock Off|[of] p2a: Heracross
|
|-weather|Hail|[upkeep]
|-damage|p2a: Heracross|70/100|[from] Hail
|-status|p2a: Heracross|brn|[from] item: Flame Orb
|upkeep
|turn|10
|
|t:|1651239762
|switch|p1a: Flygon|Flygon, F|57/100
|move|p2a: Heracross|Close Combat|p1a: Flygon
|-damage|p1a: Flygon|0 fnt
|-unboost|p2a: Heracross|def|1
|-unboost|p2a: Heracross|spd|1
|faint|p1a: Flygon
|
|-weather|Hail|[upkeep]
|-damage|p2a: Heracross|64/100 brn|[from] Hail
|-damage|p2a: Heracross|58/100 brn|[from] brn
|upkeep
|
|t:|1651239775
|switch|p1a: Sandslash|Sandslash-Alola, M|100/100
|turn|11
|
|t:|1651239780
|move|p1a: Sandslash|Triple Axel|p2a: Heracross
|-damage|p2a: Heracross|40/100 brn
|-damage|p2a: Heracross|0 fnt
|faint|p2a: Heracross
|-hitcount|p2: Heracross|2
|
|-weather|Hail|[upkeep]
|upkeep
|
|t:|1651239793
|switch|p2a: Sirfetch’d|Sirfetch’d, F|100/100
|-damage|p2a: Sirfetch’d|94/100|[from] Stealth Rock
|turn|12
|
|t:|1651239806
|move|p1a: Sandslash|Triple Axel|p2a: Sirfetch’d
|-damage|p2a: Sirfetch’d|82/100
|-damage|p2a: Sirfetch’d|60/100
|-damage|p2a: Sirfetch’d|22/100
|-hitcount|p2a: Sirfetch’d|3
|move|p2a: Sirfetch’d|Close Combat|p1a: Sandslash
|-supereffective|p1a: Sandslash
|-damage|p1a: Sandslash|0 fnt
|-unboost|p2a: Sirfetch’d|def|1
|-unboost|p2a: Sirfetch’d|spd|1
|faint|p1a: Sandslash
|
|-weather|Hail|[upkeep]
|-damage|p2a: Sirfetch’d|16/100|[from] Hail
|upkeep
|
|t:|1651239835
|switch|p1a: Doublade|Doublade, F|100/100
|turn|13
|
|t:|1651239839
|move|p1a: Doublade|Shadow Sneak|p2a: Sirfetch’d
|-damage|p2a: Sirfetch’d|0 fnt
|faint|p2a: Sirfetch’d
|
|-weather|Hail|[upkeep]
|-damage|p1a: Doublade|94/100|[from] Hail
|upkeep
|
|t:|1651239843
|switch|p2a: Passimian|Passimian, M|88/100
|-damage|p2a: Passimian|82/100|[from] Stealth Rock
|turn|14
|
|t:|1651239861
|switch|p1a: Abomasnow|Abomasnow, M|57/100
|move|p2a: Passimian|Knock Off|p1a: Abomasnow
|-damage|p1a: Abomasnow|25/100
|
|-weather|Hail|[upkeep]
|-damage|p2a: Passimian|76/100|[from] Hail
|upkeep
|turn|15
|
|t:|1651239873
|move|p1a: Abomasnow|Ice Shard|p2a: Passimian
|-damage|p2a: Passimian|57/100
|move|p2a: Passimian|Knock Off|p1a: Abomasnow
|-damage|p1a: Abomasnow|0 fnt
|faint|p1a: Abomasnow
|
|-weather|Hail|[upkeep]
|-damage|p2a: Passimian|51/100|[from] Hail
|upkeep
|
|t:|1651239884
|switch|p1a: Arctovish|Arctovish|77/100
|turn|16
|
|t:|1651239894
|move|p2a: Passimian|Knock Off|p1a: Arctovish
|-damage|p1a: Arctovish|43/100
|-enditem|p1a: Arctovish|Choice Band|[from] move: Knock Off|[of] p2a: Passimian
|move|p1a: Arctovish|Fishious Rend|p2a: Passimian
|-crit|p2a: Passimian
|-damage|p2a: Passimian|0 fnt
|faint|p2a: Passimian
|
|-weather|none
|upkeep
|
|t:|1651239897
|switch|p2a: Hitmonlee|Hitmonlee, M|100/100
|-damage|p2a: Hitmonlee|94/100|[from] Stealth Rock
|turn|17
|
|t:|1651239909
|move|p2a: Hitmonlee|Stone Edge|p1a: Arctovish
|-supereffective|p1a: Arctovish
|-damage|p1a: Arctovish|0 fnt
|faint|p1a: Arctovish
|
|upkeep
|
|t:|1651239916
|switch|p1a: Doublade|Doublade, F|94/100
|turn|18
|
|t:|1651239921
|move|p2a: Hitmonlee|Knock Off|p1a: Doublade
|-supereffective|p1a: Doublade
|-damage|p1a: Doublade|55/100
|-enditem|p1a: Doublade|Eviolite|[from] move: Knock Off|[of] p2a: Hitmonlee
|move|p1a: Doublade|Close Combat|p2a: Hitmonlee
|-damage|p2a: Hitmonlee|5/100
|-unboost|p1a: Doublade|def|1
|-unboost|p1a: Doublade|spd|1
|-enditem|p2a: Hitmonlee|Liechi Berry|[eat]
|-boost|p2a: Hitmonlee|atk|1|[from] item: Liechi Berry
|
|upkeep
|turn|19
|
|t:|1651239932
|move|p2a: Hitmonlee|Endure|p2a: Hitmonlee
|-singleturn|p2a: Hitmonlee|move: Endure
|move|p1a: Doublade|Shadow Sneak|p2a: Hitmonlee
|-activate|p2a: Hitmonlee|move: Endure
|-damage|p2a: Hitmonlee|1/100
|
|upkeep
|turn|20
|
|t:|1651239939
|move|p1a: Doublade|Shadow Sneak|p2a: Hitmonlee
|-damage|p2a: Hitmonlee|0 fnt
|faint|p2a: Hitmonlee
|
|win|zerqaq
|raw|zerqaq's rating: 1385 &rarr; <strong>1400</strong><br />(+15 for winning)
|raw|Dancanmanfan's rating: 1288 &rarr; <strong>1270</strong><br />(-18 for losing)
|c|☆Dancanmanfan|gg
|l|☆Dancanmanfan
||Ladder isn't responding, score probably updated but might not have (Request timeout).
