|j|☆Drrunk Nun
|j|☆Yobrotag
|player|p1|Drrunk Nun|lusamine-nihilego|1437
|player|p2|Yobrotag|darach|1302
|teamsize|p1|6
|teamsize|p2|6
|gametype|singles
|gen|8
|tier|[Gen 8] RU
|rated|
|clearpoke
|poke|p1|Vileplume, M|
|poke|p1|Snorlax, M|
|poke|p1|Ferroseed, M|
|poke|p1|Xatu, M|
|poke|p1|Quagsire, F|
|poke|p1|Coalossal, F|
|poke|p2|Copperajah, F|
|poke|p2|Clefairy, F|
|poke|p2|Salazzle, F|
|poke|p2|Barraskewda, F|
|poke|p2|Unfezant, M|
|poke|p2|Scrafty, F|
|rule|Sleep Clause Mod: Limit one foe put to sleep
|rule|Species Clause: Limit one of each Pokémon
|rule|OHKO Clause: OHKO moves are banned
|rule|Evasion Moves Clause: Evasion moves are banned
|rule|Endless Battle Clause: Forcing endless battles is banned
|rule|HP Percentage Mod: HP is shown in percentages
|rule|Dynamax Clause: You cannot dynamax
|teampreview
|inactive|Battle timer is ON: inactive players will automatically lose when time's up. (requested by Yobrotag)
|
|start
|switch|p1a: Vileplume|Vileplume, M|100/100
|switch|p2a: Salazzle|Salazzle, F|100/100
|turn|1
|inactive|Yobrotag has 120 seconds left.
|
|switch|p1a: Coalossal|Coalossal, F|100/100
|move|p2a: Salazzle|Substitute|p2a: Salazzle
|-start|p2a: Salazzle|Substitute
|-damage|p2a: Salazzle|76/100
|
|-heal|p2a: Salazzle|82/100|[from] item: Black Sludge
|upkeep
|turn|2
|inactive|Yobrotag has 120 seconds left.
|
|switch|p2a: Copperajah|Copperajah, F|100/100
|move|p1a: Coalossal|Rock Blast|p2a: Copperajah
|-resisted|p2a: Copperajah
|-damage|p2a: Copperajah|97/100
|-resisted|p2a: Copperajah
|-damage|p2a: Copperajah|93/100
|-hitcount|p2a: Copperajah|2
|
|upkeep
|turn|3
|
|switch|p1a: Vileplume|Vileplume, M|100/100
|move|p2a: Copperajah|Earthquake|p1a: Vileplume
|-damage|p1a: Vileplume|72/100
|
|-heal|p1a: Vileplume|78/100|[from] item: Black Sludge
|upkeep
|turn|4
|
|move|p1a: Vileplume|Strength Sap|p2a: Copperajah
|-unboost|p2a: Copperajah|atk|1
|-heal|p1a: Vileplume|100/100
|move|p2a: Copperajah|Heat Crash|p1a: Vileplume
|-supereffective|p1a: Vileplume
|-damage|p1a: Vileplume|54/100
|
|-heal|p1a: Vileplume|60/100|[from] item: Black Sludge
|upkeep
|turn|5
|
|switch|p2a: Salazzle|Salazzle, F|82/100
|move|p1a: Vileplume|Strength Sap|p2a: Salazzle
|-unboost|p2a: Salazzle|atk|1
|-heal|p1a: Vileplume|94/100
|
|-heal|p2a: Salazzle|88/100|[from] item: Black Sludge
|-heal|p1a: Vileplume|99/100|[from] item: Black Sludge
|upkeep
|turn|6
|
|switch|p2a: Clefairy|Clefairy, F|100/100
|switch|p1a: Coalossal|Coalossal, F|100/100
|
|upkeep
|turn|7
|
|switch|p1a: Xatu|Xatu, M|100/100
|move|p2a: Clefairy|Wish|p2a: Clefairy
|
|upkeep
|turn|8
|
|switch|p1a: Coalossal|Coalossal, F|100/100
|switch|p2a: Copperajah|Copperajah, F|93/100
|
|-heal|p2a: Copperajah|100/100|[from] move: Wish|[wisher] Clefairy
|upkeep
|turn|9
|
|switch|p1a: Vileplume|Vileplume, M|99/100
|move|p2a: Copperajah|Heat Crash|p1a: Vileplume
|-supereffective|p1a: Vileplume
|-damage|p1a: Vileplume|25/100
|
|-heal|p1a: Vileplume|31/100|[from] item: Black Sludge
|upkeep
|turn|10
|
|move|p2a: Copperajah|Heat Crash|p1a: Vileplume
|-supereffective|p1a: Vileplume
|-damage|p1a: Vileplume|0 fnt
|faint|p1a: Vileplume
|
|upkeep
|inactive|Drrunk Nun has 120 seconds left.
|c|☆Drrunk Nun|speed tie?
|c|☆Yobrotag|yup
|c|☆Drrunk Nun|oh
|c|☆Yobrotag|I tried creeping 0 speed
|c|☆Yobrotag|As it turns out
|inactive|Drrunk Nun has 90 seconds left.
|c|☆Yobrotag|you have 4 evs haha
|
|switch|p1a: Xatu|Xatu, M|100/100
|turn|11
|c|☆Drrunk Nun|im gonna run like 50 now
|c|☆Drrunk Nun|thanks
|
|move|p1a: Xatu|Night Shade|p2a: Copperajah
|-damage|p2a: Copperajah|76/100
|move|p2a: Copperajah|Heavy Slam|p1a: Xatu
|-damage|p1a: Xatu|38/100
|
|-heal|p1a: Xatu|44/100|[from] item: Leftovers
|upkeep
|turn|12
|c|☆Yobrotag|No need to do that haha
|
|move|p1a: Xatu|Roost|p1a: Xatu
|-heal|p1a: Xatu|94/100
|-singleturn|p1a: Xatu|move: Roost
|move|p2a: Copperajah|Heat Crash|p1a: Xatu
|-damage|p1a: Xatu|52/100
|
|-heal|p1a: Xatu|58/100|[from] item: Leftovers
|upkeep
|turn|13
|inactive|Drrunk Nun has 90 seconds left.
|c|☆Drrunk Nun|no there is
|
|move|p1a: Xatu|Roost|p1a: Xatu
|-heal|p1a: Xatu|100/100
|-singleturn|p1a: Xatu|move: Roost
|move|p2a: Copperajah|Heavy Slam|p1a: Xatu
|-damage|p1a: Xatu|37/100
|
|-heal|p1a: Xatu|43/100|[from] item: Leftovers
|upkeep
|turn|14
|c|☆Yobrotag|I always try to creep vileplume with slower mons that break
|
|move|p1a: Xatu|Roost|p1a: Xatu
|-heal|p1a: Xatu|93/100
|-singleturn|p1a: Xatu|move: Roost
|move|p2a: Copperajah|Heavy Slam|p1a: Xatu
|-damage|p1a: Xatu|30/100
|
|-heal|p1a: Xatu|36/100|[from] item: Leftovers
|upkeep
|turn|15
|
|switch|p1a: Snorlax|Snorlax, M|100/100
|move|p2a: Copperajah|Heavy Slam|p1a: Snorlax
|-damage|p1a: Snorlax|74/100
|
|-heal|p1a: Snorlax|80/100|[from] item: Leftovers
|upkeep
|turn|16
|inactive|Drrunk Nun has 90 seconds left.
|
|switch|p2a: Barraskewda|Barraskewda, F|100/100
|move|p1a: Snorlax|Curse|p1a: Snorlax
|-unboost|p1a: Snorlax|spe|1
|-boost|p1a: Snorlax|atk|1
|-boost|p1a: Snorlax|def|1
|
|-heal|p1a: Snorlax|87/100|[from] item: Leftovers
|upkeep
|turn|17
|inactive|Drrunk Nun has 90 seconds left.
|
|move|p2a: Barraskewda|Close Combat|p1a: Snorlax
|-supereffective|p1a: Snorlax
|-damage|p1a: Snorlax|20/100
|-unboost|p2a: Barraskewda|def|1
|-unboost|p2a: Barraskewda|spd|1
|move|p1a: Snorlax|Body Slam|p2a: Barraskewda
|-damage|p2a: Barraskewda|0 fnt
|faint|p2a: Barraskewda
|
|-heal|p1a: Snorlax|26/100|[from] item: Leftovers
|upkeep
|
|switch|p2a: Unfezant|Unfezant, M|100/100
|turn|18
|
|switch|p1a: Coalossal|Coalossal, F|100/100
|move|p2a: Unfezant|Brave Bird|p1a: Coalossal
|-resisted|p1a: Coalossal
|-damage|p1a: Coalossal|80/100
|-damage|p2a: Unfezant|91/100|[from] Recoil
|
|-heal|p1a: Coalossal|86/100|[from] item: Leftovers
|upkeep
|turn|19
|
|switch|p2a: Scrafty|Scrafty, F|100/100
|move|p1a: Coalossal|Stealth Rock|p2a: Scrafty
|-sidestart|p2: Yobrotag|move: Stealth Rock
|
|-heal|p1a: Coalossal|92/100|[from] item: Leftovers
|upkeep
|turn|20
|
|switch|p1a: Quagsire|Quagsire, F|100/100
|move|p2a: Scrafty|Knock Off|p1a: Quagsire
|-damage|p1a: Quagsire|71/100
|-enditem|p1a: Quagsire|Leftovers|[from] move: Knock Off|[of] p2a: Scrafty
|
|upkeep
|turn|21
|
|switch|p2a: Clefairy|Clefairy, F|100/100
|move|p1a: Quagsire|Recover|p1a: Quagsire
|-heal|p1a: Quagsire|100/100
|
|upkeep
|turn|22
|
|switch|p1a: Xatu|Xatu, M|36/100
|move|p2a: Clefairy|Wish|p2a: Clefairy
|
|-heal|p1a: Xatu|42/100|[from] item: Leftovers
|upkeep
|turn|23
|
|move|p1a: Xatu|Roost|p1a: Xatu
|-heal|p1a: Xatu|92/100
|-singleturn|p1a: Xatu|move: Roost
|move|p2a: Clefairy|Teleport|p2a: Clefairy
|
|switch|p2a: Copperajah|Copperajah, F|76/100|[from]move: Teleport
|-damage|p2a: Copperajah|70/100|[from] Stealth Rock
|
|-heal|p2a: Copperajah|100/100|[from] move: Wish|[wisher] Clefairy
|-heal|p1a: Xatu|98/100|[from] item: Leftovers
|upkeep
|turn|24
|inactive|Drrunk Nun has 120 seconds left.
|
|switch|p1a: Coalossal|Coalossal, F|92/100
|move|p2a: Copperajah|Heavy Slam|p1a: Coalossal
|-damage|p1a: Coalossal|51/100
|
|-heal|p1a: Coalossal|57/100|[from] item: Leftovers
|upkeep
|turn|25
|inactive|Drrunk Nun has 120 seconds left.
|
|switch|p1a: Xatu|Xatu, M|98/100
|move|p2a: Copperajah|Earthquake|p1a: Xatu
|-immune|p1a: Xatu
|
|-heal|p1a: Xatu|100/100|[from] item: Leftovers
|upkeep
|turn|26
|inactive|Drrunk Nun has 120 seconds left.
|
|move|p1a: Xatu|Wish|p1a: Xatu
|move|p2a: Copperajah|Heavy Slam|p1a: Xatu
|-damage|p1a: Xatu|32/100
|
|-heal|p1a: Xatu|38/100|[from] item: Leftovers
|upkeep
|turn|27
|
|move|p1a: Xatu|Roost|p1a: Xatu
|-heal|p1a: Xatu|88/100
|-singleturn|p1a: Xatu|move: Roost
|move|p2a: Copperajah|Power Whip|p1a: Xatu
|-damage|p1a: Xatu|48/100
|
|-heal|p1a: Xatu|98/100|[from] move: Wish|[wisher] Xatu
|-heal|p1a: Xatu|100/100|[from] item: Leftovers
|upkeep
|turn|28
|
|move|p1a: Xatu|Wish|p1a: Xatu
|move|p2a: Copperajah|Heavy Slam|p1a: Xatu
|-damage|p1a: Xatu|41/100
|
|-heal|p1a: Xatu|47/100|[from] item: Leftovers
|upkeep
|turn|29
|
|move|p1a: Xatu|Roost|p1a: Xatu
|-heal|p1a: Xatu|97/100
|-singleturn|p1a: Xatu|move: Roost
|move|p2a: Copperajah|Heavy Slam|p1a: Xatu
|-damage|p1a: Xatu|28/100
|
|-heal|p1a: Xatu|78/100|[from] move: Wish|[wisher] Xatu
|-heal|p1a: Xatu|84/100|[from] item: Leftovers
|upkeep
|turn|30
|
|switch|p2a: Salazzle|Salazzle, F|88/100
|-damage|p2a: Salazzle|63/100|[from] Stealth Rock
|move|p1a: Xatu|Wish|p1a: Xatu
|
|-heal|p2a: Salazzle|69/100|[from] item: Black Sludge
|-heal|p1a: Xatu|90/100|[from] item: Leftovers
|upkeep
|turn|31
|
|switch|p1a: Snorlax|Snorlax, M|26/100
|move|p2a: Salazzle|Sludge Wave|p1a: Snorlax
|-damage|p1a: Snorlax|5/100
|
|-heal|p1a: Snorlax|38/100|[from] move: Wish|[wisher] Xatu
|-heal|p2a: Salazzle|75/100|[from] item: Black Sludge
|-heal|p1a: Snorlax|44/100|[from] item: Leftovers
|upkeep
|turn|32
|
|move|p2a: Salazzle|Nasty Plot|p2a: Salazzle
|-boost|p2a: Salazzle|spa|2
|move|p1a: Snorlax|Body Slam|p2a: Salazzle
|-damage|p2a: Salazzle|17/100
|
|-heal|p2a: Salazzle|24/100|[from] item: Black Sludge
|-heal|p1a: Snorlax|50/100|[from] item: Leftovers
|upkeep
|turn|33
|inactive|Drrunk Nun has 120 seconds left.
|
|switch|p1a: Quagsire|Quagsire, F|100/100
|move|p2a: Salazzle|Sludge Wave|p1a: Quagsire
|-resisted|p1a: Quagsire
|-damage|p1a: Quagsire|74/100
|-status|p1a: Quagsire|psn
|
|-heal|p2a: Salazzle|30/100|[from] item: Black Sludge
|-damage|p1a: Quagsire|62/100 psn|[from] psn
|upkeep
|turn|34
|
|switch|p2a: Clefairy|Clefairy, F|100/100
|move|p1a: Quagsire|Recover|p1a: Quagsire
|-heal|p1a: Quagsire|100/100 psn
|
|-damage|p1a: Quagsire|88/100 psn|[from] psn
|upkeep
|turn|35
|inactive|Drrunk Nun has 120 seconds left.
|
|switch|p1a: Ferroseed|Ferroseed, M|100/100
|move|p2a: Clefairy|Stealth Rock|p1a: Ferroseed
|-sidestart|p1: Drrunk Nun|move: Stealth Rock
|
|upkeep
|turn|36
|
|move|p2a: Clefairy|Wish|p2a: Clefairy
|move|p1a: Ferroseed|Spikes|p2a: Clefairy
|-sidestart|p2: Yobrotag|Spikes
|
|upkeep
|turn|37
|
|move|p1a: Ferroseed|Knock Off|p2a: Clefairy
|-resisted|p2a: Clefairy
|-damage|p2a: Clefairy|93/100
|-enditem|p2a: Clefairy|Eviolite|[from] move: Knock Off|[of] p1a: Ferroseed
|move|p2a: Clefairy|Teleport|p2a: Clefairy
|
|switch|p2a: Salazzle|Salazzle, F|30/100|[from]move: Teleport
|-damage|p2a: Salazzle|17/100|[from] Spikes
|-damage|p2a: Salazzle|0 fnt|[from] Stealth Rock
|faint|p2a: Salazzle
|
|upkeep
|c|☆Yobrotag|rip
|c|☆Drrunk Nun|LOL
|
|switch|p2a: Copperajah|Copperajah, F|100/100
|-damage|p2a: Copperajah|88/100|[from] Spikes
|-damage|p2a: Copperajah|82/100|[from] Stealth Rock
|turn|38
|c|☆Yobrotag|didnt pay attention
|inactive|Drrunk Nun has 120 seconds left.
|
|switch|p1a: Coalossal|Coalossal, F|57/100
|-damage|p1a: Coalossal|32/100|[from] Stealth Rock
|move|p2a: Copperajah|Heat Crash|p1a: Coalossal
|-resisted|p1a: Coalossal
|-damage|p1a: Coalossal|26/100
|
|-heal|p1a: Coalossal|32/100|[from] item: Leftovers
|upkeep
|turn|39
|
|switch|p1a: Xatu|Xatu, M|90/100
|-damage|p1a: Xatu|65/100|[from] Stealth Rock
|move|p2a: Copperajah|Heavy Slam|p1a: Xatu
|-damage|p1a: Xatu|0 fnt
|faint|p1a: Xatu
|
|upkeep
|
|switch|p1a: Snorlax|Snorlax, M|50/100
|-damage|p1a: Snorlax|38/100|[from] Stealth Rock
|turn|40
|inactive|Drrunk Nun has 120 seconds left.
|
|move|p2a: Copperajah|Power Whip|p1a: Snorlax
|-damage|p1a: Snorlax|1/100
|move|p1a: Snorlax|Rest|p1a: Snorlax
|-status|p1a: Snorlax|slp|[from] move: Rest
|-heal|p1a: Snorlax|100/100 slp|[silent]
|
|upkeep
|turn|41
|inactive|Drrunk Nun has 120 seconds left.
|
|switch|p2a: Scrafty|Scrafty, F|100/100
|-damage|p2a: Scrafty|88/100|[from] Spikes
|-damage|p2a: Scrafty|82/100|[from] Stealth Rock
|switch|p1a: Quagsire|Quagsire, F|88/100 psn
|-damage|p1a: Quagsire|82/100 psn|[from] Stealth Rock
|
|-damage|p1a: Quagsire|70/100 psn|[from] psn
|upkeep
|turn|42
|inactive|Drrunk Nun has 120 seconds left.
|
|switch|p2a: Clefairy|Clefairy, F|93/100
|move|p1a: Quagsire|Toxic|p2a: Clefairy|[miss]
|-miss|p1a: Quagsire|p2a: Clefairy
|
|-damage|p1a: Quagsire|57/100 psn|[from] psn
|upkeep
|turn|43
|
|move|p2a: Clefairy|Wish|p2a: Clefairy
|move|p1a: Quagsire|Recover|p1a: Quagsire
|-heal|p1a: Quagsire|100/100 psn
|
|-damage|p1a: Quagsire|88/100 psn|[from] psn
|upkeep
|turn|44
|
|switch|p1a: Ferroseed|Ferroseed, M|100/100
|-damage|p1a: Ferroseed|94/100|[from] Stealth Rock
|move|p2a: Clefairy|Teleport|p2a: Clefairy
|
|switch|p2a: Copperajah|Copperajah, F|82/100|[from]move: Teleport
|-damage|p2a: Copperajah|70/100|[from] Spikes
|-damage|p2a: Copperajah|64/100|[from] Stealth Rock
|
|-heal|p2a: Copperajah|100/100|[from] move: Wish|[wisher] Clefairy
|upkeep
|turn|45
|-message|Drrunk Nun forfeited.
|
|win|Yobrotag
|l|☆Drrunk Nun
