|j|☆Alison Hargreeves
|j|☆VolticHalberd
|player|p1|Alison Hargreeves|dawn-gen4pt|1430
|player|p2|VolticHalberd|66|1340
|teamsize|p1|6
|teamsize|p2|6
|gametype|singles
|gen|8
|tier|[Gen 8] RU
|rated|
|clearpoke
|poke|p1|Ninetales, M|
|poke|p1|Vileplume, M|
|poke|p1|Rhydon, F|
|poke|p1|Heliolisk, F|
|poke|p1|Charizard, M|
|poke|p1|Indeedee-F, F|
|poke|p2|Silvally-*|
|poke|p2|Salazzle, F|
|poke|p2|Gallade, M|
|poke|p2|Cramorant, F|
|poke|p2|Dhelmise|
|poke|p2|Heliolisk, M|
|rule|Sleep Clause Mod: Limit one foe put to sleep
|rule|Species Clause: Limit one of each Pokémon
|rule|OHKO Clause: OHKO moves are banned
|rule|Evasion Moves Clause: Evasion moves are banned
|rule|Endless Battle Clause: Forcing endless battles is banned
|rule|HP Percentage Mod: HP is shown in percentages
|rule|Dynamax Clause: You cannot dynamax
|teampreview
|c|☆Alison Hargreeves|do fun
|inactive|Battle timer is ON: inactive players will automatically lose when time's up. (requested by Alison Hargreeves)
|c|☆VolticHalberd|You too
|
|start
|switch|p1a: Ninetales|Ninetales, M|100/100
|switch|p2a: Gallade|Gallade, M|100/100
|-weather|SunnyDay|[from] ability: Drought|[of] p1a: Ninetales
|turn|1
|
|switch|p1a: Charizard|Charizard, M|100/100
|move|p2a: Gallade|Knock Off|p1a: Charizard
|-damage|p1a: Charizard|48/100
|-enditem|p1a: Charizard|Heavy-Duty Boots|[from] move: Knock Off|[of] p2a: Gallade
|
|-weather|SunnyDay|[upkeep]
|-damage|p1a: Charizard|35/100|[from] ability: Solar Power|[of] p1a: Charizard
|upkeep
|turn|2
|
|switch|p2a: Cramorant|Cramorant, F|100/100
|move|p1a: Charizard|Fire Blast|p2a: Cramorant
|-resisted|p2a: Cramorant
|-damage|p2a: Cramorant|56/100
|
|-weather|SunnyDay|[upkeep]
|-damage|p1a: Charizard|23/100|[from] ability: Solar Power|[of] p1a: Charizard
|upkeep
|turn|3
|
|move|p1a: Charizard|Roost|p1a: Charizard
|-heal|p1a: Charizard|73/100
|-singleturn|p1a: Charizard|move: Roost
|move|p2a: Cramorant|Surf|p1a: Charizard
|-supereffective|p1a: Charizard
|-formechange|p2a: Cramorant|Cramorant-Gulping|
|-damage|p1a: Charizard|30/100
|
|-weather|SunnyDay|[upkeep]
|-damage|p1a: Charizard|18/100|[from] ability: Solar Power|[of] p1a: Charizard
|upkeep
|turn|4
|
|move|p1a: Charizard|Air Slash|p2a: Cramorant
|-damage|p2a: Cramorant|16/100
|-damage|p1a: Charizard|0 fnt|[from] ability: Gulp Missile|[of] p2a: Cramorant
|-formechange|p2a: Cramorant|Cramorant|
|faint|p1a: Charizard
|move|p2a: Cramorant|Icy Wind|p1: Charizard|[notarget]
|-fail|p2a: Cramorant
|
|-weather|SunnyDay|[upkeep]
|upkeep
|
|switch|p1a: Vileplume|Vileplume, M|100/100
|turn|5
|
|switch|p2a: Silvally|Silvally-Steel|100/100
|move|p1a: Vileplume|Sludge Wave|p2a: Silvally
|-immune|p2a: Silvally
|
|-weather|SunnyDay|[upkeep]
|upkeep
|turn|6
|
|switch|p1a: Rhydon|Rhydon, F|100/100
|move|p2a: Silvally|Multi-Attack|p1a: Rhydon
|-supereffective|p1a: Rhydon
|-damage|p1a: Rhydon|55/100
|
|-weather|SunnyDay|[upkeep]
|upkeep
|turn|7
|
|move|p2a: Silvally|Parting Shot|p1a: Rhydon
|-unboost|p1a: Rhydon|atk|1
|-unboost|p1a: Rhydon|spa|1
|
|switch|p2a: Dhelmise|Dhelmise|100/100|[from]move: Parting Shot
|move|p1a: Rhydon|Stealth Rock|p2a: Dhelmise
|-sidestart|p2: VolticHalberd|move: Stealth Rock
|
|-weather|SunnyDay|[upkeep]
|upkeep
|turn|8
|
|switch|p1a: Ninetales|Ninetales, M|100/100
|move|p2a: Dhelmise|Anchor Shot|p1a: Ninetales
|-resisted|p1a: Ninetales
|-damage|p1a: Ninetales|66/100
|-activate|p1a: Ninetales|trapped
|
|-weather|none
|upkeep
|turn|9
|
|move|p1a: Ninetales|Fire Blast|p2a: Dhelmise|[miss]
|-miss|p1a: Ninetales|p2a: Dhelmise
|move|p2a: Dhelmise|Liquidation|p1a: Ninetales
|-supereffective|p1a: Ninetales
|-damage|p1a: Ninetales|0 fnt
|faint|p1a: Ninetales
|
|upkeep
|
|switch|p1a: Vileplume|Vileplume, M|100/100
|turn|10
|
|move|p1a: Vileplume|Growth|p1a: Vileplume
|-boost|p1a: Vileplume|atk|1
|-boost|p1a: Vileplume|spa|1
|move|p2a: Dhelmise|Poltergeist|p1a: Vileplume
|-activate|p1a: Vileplume|move: Poltergeist|Life Orb
|-damage|p1a: Vileplume|12/100
|
|upkeep
|turn|11
|
|switch|p2a: Cramorant|Cramorant, F|16/100
|-damage|p2a: Cramorant|0 fnt|[from] Stealth Rock
|faint|p2a: Cramorant
|move|p1a: Vileplume|Sludge Wave|p2: Cramorant|[notarget]
|-fail|p1a: Vileplume
|
|upkeep
|
|switch|p2a: Silvally|Silvally-Steel|100/100
|-damage|p2a: Silvally|94/100|[from] Stealth Rock
|turn|12
|
|switch|p1a: Heliolisk|Heliolisk, F|100/100
|move|p2a: Silvally|Defog|p1a: Heliolisk
|-unboost|p1a: Heliolisk|evasion|1
|-sideend|p2: VolticHalberd|Stealth Rock|[from] move: Defog|[of] p2a: Silvally
|
|upkeep
|turn|13
|
|move|p1a: Heliolisk|Focus Blast|p2a: Silvally
|-supereffective|p2a: Silvally
|-damage|p2a: Silvally|23/100
|move|p2a: Silvally|Parting Shot|p1a: Heliolisk
|-unboost|p1a: Heliolisk|atk|1
|-unboost|p1a: Heliolisk|spa|1
|
|switch|p2a: Salazzle|Salazzle, F|100/100|[from]move: Parting Shot
|
|upkeep
|turn|14
|
|switch|p1a: Vileplume|Vileplume, M|12/100
|move|p2a: Salazzle|Fire Blast|p1a: Vileplume
|-supereffective|p1a: Vileplume
|-damage|p1a: Vileplume|0 fnt
|faint|p1a: Vileplume
|
|upkeep
|
|switch|p1a: Rhydon|Rhydon, F|55/100
|turn|15
|
|switch|p2a: Silvally|Silvally-Steel|23/100
|move|p1a: Rhydon|Stone Edge|p2a: Silvally
|-resisted|p2a: Silvally
|-damage|p2a: Silvally|5/100
|
|upkeep
|turn|16
|
|move|p2a: Silvally|Multi-Attack|p1a: Rhydon
|-supereffective|p1a: Rhydon
|-damage|p1a: Rhydon|7/100
|move|p1a: Rhydon|Stealth Rock|p2a: Silvally
|-sidestart|p2: VolticHalberd|move: Stealth Rock
|
|upkeep
|turn|17
|
|move|p2a: Silvally|Defog|p1a: Rhydon
|-unboost|p1a: Rhydon|evasion|1
|-sideend|p2: VolticHalberd|Stealth Rock|[from] move: Defog|[of] p2a: Silvally
|move|p1a: Rhydon|Stealth Rock|p2a: Silvally
|-sidestart|p2: VolticHalberd|move: Stealth Rock
|
|upkeep
|turn|18
|
|move|p2a: Silvally|Toxic|p1a: Rhydon
|-status|p1a: Rhydon|tox
|move|p1a: Rhydon|Stealth Rock||[still]
|-fail|p1a: Rhydon
|
|-damage|p1a: Rhydon|1/100 tox|[from] psn
|upkeep
|turn|19
|
|move|p2a: Silvally|Defog|p1a: Rhydon
|-unboost|p1a: Rhydon|evasion|1
|-sideend|p2: VolticHalberd|Stealth Rock|[from] move: Defog|[of] p2a: Silvally
|move|p1a: Rhydon|Stealth Rock|p2a: Silvally
|-sidestart|p2: VolticHalberd|move: Stealth Rock
|
|-damage|p1a: Rhydon|0 fnt|[from] psn
|faint|p1a: Rhydon
|upkeep
|
|switch|p1a: Indeedee|Indeedee-F, F|100/100
|-fieldstart|move: Psychic Terrain|[from] ability: Psychic Surge|[of] p1a: Indeedee
|turn|20
|
|move|p1a: Indeedee|Expanding Force|p2a: Silvally
|-resisted|p2a: Silvally
|-damage|p2a: Silvally|0 fnt
|faint|p2a: Silvally
|
|upkeep
|
|switch|p2a: Gallade|Gallade, M|100/100
|-damage|p2a: Gallade|94/100|[from] Stealth Rock
|turn|21
|
|move|p1a: Indeedee|Expanding Force|p2a: Gallade
|-damage|p2a: Gallade|55/100
|move|p2a: Gallade|Knock Off|p1a: Indeedee
|-supereffective|p1a: Indeedee
|-damage|p1a: Indeedee|0 fnt
|-enditem|p1a: Indeedee|Choice Scarf|[from] move: Knock Off|[of] p2a: Gallade
|faint|p1a: Indeedee
|
|upkeep
|
|switch|p1a: Heliolisk|Heliolisk, F|100/100
|turn|22
|
|move|p1a: Heliolisk|Thunderbolt|p2a: Gallade
|-crit|p2a: Gallade
|-damage|p2a: Gallade|13/100
|move|p2a: Gallade|Close Combat|p1a: Heliolisk
|-supereffective|p1a: Heliolisk
|-crit|p1a: Heliolisk
|-damage|p1a: Heliolisk|0 fnt
|-unboost|p2a: Gallade|def|1
|-unboost|p2a: Gallade|spd|1
|faint|p1a: Heliolisk
|
|win|VolticHalberd
|raw|Alison Hargreeves's rating: 1430 &rarr; <strong>1405</strong><br />(-25 for losing)
|raw|VolticHalberd's rating: 1340 &rarr; <strong>1365</strong><br />(+25 for winning)
|l|☆Alison Hargreeves
|c|☆VolticHalberd|Gg
