|j|‽dr xinlaiy
|j|☆GelatinPrince2634
|player|p1|dr xinlaiy|2|1239
|player|p2|GelatinPrince2634|102|1033
|teamsize|p1|6
|teamsize|p2|6
|gametype|singles
|gen|8
|tier|[Gen 8] RU
|rated|
|clearpoke
|poke|p1|Drednaw, M|
|poke|p1|Ninetales, M|
|poke|p1|Vikavolt, F|
|poke|p1|Silvally-*|
|poke|p1|Steelix, F|
|poke|p1|Passimian, M|
|poke|p2|Aromatisse, M|
|poke|p2|Frosmoth, F|
|poke|p2|Escavalier, F|
|poke|p2|Runerigus, M|
|poke|p2|Salazzle, F|
|poke|p2|Pyukumuku, M|
|rule|Sleep Clause Mod: Limit one foe put to sleep
|rule|Species Clause: Limit one of each Pokémon
|rule|OHKO Clause: OHKO moves are banned
|rule|Evasion Moves Clause: Evasion moves are banned
|rule|Endless Battle Clause: Forcing endless battles is banned
|rule|HP Percentage Mod: HP is shown in percentages
|rule|Dynamax Clause: You cannot dynamax
|teampreview
|
|start
|switch|p1a: Drednaw|Drednaw, M, shiny|100/100
|switch|p2a: Salazzle|Salazzle, F|100/100
|turn|1
|
|switch|p2a: Pyukumuku|Pyukumuku, M|100/100
|move|p1a: Drednaw|Liquidation|p2a: Pyukumuku
|-resisted|p2a: Pyukumuku
|-damage|p2a: Pyukumuku|88/100
|
|-heal|p2a: Pyukumuku|94/100|[from] item: Leftovers
|upkeep
|turn|2
|
|switch|p1a: Steelix|Steelix, F|100/100
|move|p2a: Pyukumuku|Block|p1a: Steelix
|-activate|p1a: Steelix|trapped
|
|-heal|p2a: Pyukumuku|99/100|[from] item: Leftovers
|upkeep
|turn|3
|
|move|p1a: Steelix|Toxic|p2a: Pyukumuku
|-status|p2a: Pyukumuku|tox
|move|p2a: Pyukumuku|Spite|p1a: Steelix
|-activate|p1a: Steelix|move: Spite|Toxic|4
|
|-heal|p2a: Pyukumuku|100/100 tox|[from] item: Leftovers
|-damage|p2a: Pyukumuku|94/100 tox|[from] psn
|upkeep
|turn|4
|
|switch|p2a: Runerigus|Runerigus, M|100/100
|move|p1a: Steelix|Stealth Rock|p2a: Runerigus
|-sidestart|p2: GelatinPrince2634|move: Stealth Rock
|
|upkeep
|turn|5
|
|move|p2a: Runerigus|Stealth Rock|p1a: Steelix
|-sidestart|p1: dr xinlaiy|move: Stealth Rock
|move|p1a: Steelix|Toxic|p2a: Runerigus
|-status|p2a: Runerigus|tox
|
|-damage|p2a: Runerigus|94/100 tox|[from] psn
|upkeep
|turn|6
|
|switch|p1a: Drednaw|Drednaw, M, shiny|100/100
|-damage|p1a: Drednaw|88/100|[from] Stealth Rock
|move|p2a: Runerigus|Will-O-Wisp|p1a: Drednaw
|-status|p1a: Drednaw|brn
|
|-heal|p2a: Runerigus|100/100 tox|[from] item: Leftovers
|-damage|p1a: Drednaw|82/100 brn|[from] brn
|-damage|p2a: Runerigus|88/100 tox|[from] psn
|upkeep
|turn|7
|
|move|p1a: Drednaw|Liquidation|p2a: Runerigus
|-supereffective|p2a: Runerigus
|-damage|p2a: Runerigus|60/100 tox
|-activate|p2a: Runerigus|ability: Wandering Spirit|Shell Armor|Wandering Spirit|[of] p1a: Drednaw
|move|p2a: Runerigus|Body Press|p1a: Drednaw
|-supereffective|p1a: Drednaw
|-damage|p1a: Drednaw|9/100 brn
|-activate|p1a: Drednaw|ability: Wandering Spirit|Shell Armor|Wandering Spirit|[of] p2a: Runerigus
|
|-heal|p2a: Runerigus|67/100 tox|[from] item: Leftovers
|-damage|p1a: Drednaw|3/100 brn|[from] brn
|-damage|p2a: Runerigus|48/100 tox|[from] psn
|upkeep
|turn|8
|
|switch|p2a: Pyukumuku|Pyukumuku, M|94/100 tox
|-damage|p2a: Pyukumuku|82/100 tox|[from] Stealth Rock
|move|p1a: Drednaw|Head Smash|p2a: Pyukumuku|[miss]
|-miss|p1a: Drednaw|p2a: Pyukumuku
|
|-heal|p2a: Pyukumuku|88/100 tox|[from] item: Leftovers
|-damage|p1a: Drednaw|0 fnt|[from] brn
|faint|p1a: Drednaw
|-damage|p2a: Pyukumuku|82/100 tox|[from] psn
|upkeep
|
|switch|p1a: Vikavolt|Vikavolt, F|100/100
|turn|9
|
|switch|p2a: Escavalier|Escavalier, F|100/100
|-damage|p2a: Escavalier|88/100|[from] Stealth Rock
|move|p1a: Vikavolt|Volt Switch|p2a: Escavalier
|-damage|p2a: Escavalier|57/100
|
|switch|p1a: Ninetales|Ninetales, M|100/100|[from]move: Volt Switch
|-weather|SunnyDay|[from] ability: Drought|[of] p1a: Ninetales
|
|-weather|SunnyDay|[upkeep]
|-heal|p2a: Escavalier|63/100|[from] item: Leftovers
|upkeep
|turn|10
|
|switch|p2a: Aromatisse|Aromatisse, M|100/100
|-damage|p2a: Aromatisse|88/100|[from] Stealth Rock
|move|p1a: Ninetales|Fire Blast|p2a: Aromatisse
|-damage|p2a: Aromatisse|45/100
|
|-weather|SunnyDay|[upkeep]
|-heal|p2a: Aromatisse|51/100|[from] item: Leftovers
|upkeep
|turn|11
|
|move|p1a: Ninetales|Nasty Plot|p1a: Ninetales
|-boost|p1a: Ninetales|spa|2
|move|p2a: Aromatisse|Wish|p2a: Aromatisse
|
|-weather|SunnyDay|[upkeep]
|-heal|p2a: Aromatisse|57/100|[from] item: Leftovers
|upkeep
|turn|12
|inactive|Battle timer is ON: inactive players will automatically lose when time's up. (requested by dr xinlaiy)
|
|move|p2a: Aromatisse|Protect|p2a: Aromatisse
|-singleturn|p2a: Aromatisse|Protect
|move|p1a: Ninetales|Fire Blast|p2a: Aromatisse
|-activate|p2a: Aromatisse|move: Protect
|
|-weather|SunnyDay|[upkeep]
|-heal|p2a: Aromatisse|100/100|[from] move: Wish|[wisher] Aromatisse
|upkeep
|turn|13
|
|move|p1a: Ninetales|Fire Blast|p2a: Aromatisse
|-damage|p2a: Aromatisse|16/100
|move|p2a: Aromatisse|Heal Bell|p2a: Aromatisse
|-activate|p2a: Aromatisse|move: Heal Bell
|-curestatus|p2: Pyukumuku|tox|[msg]
|-curestatus|p2: Runerigus|tox|[msg]
|
|-weather|none
|-heal|p2a: Aromatisse|22/100|[from] item: Leftovers
|upkeep
|turn|14
|
|move|p2a: Aromatisse|Protect|p2a: Aromatisse
|-singleturn|p2a: Aromatisse|Protect
|move|p1a: Ninetales|Nasty Plot|p1a: Ninetales
|-boost|p1a: Ninetales|spa|2
|
|-heal|p2a: Aromatisse|29/100|[from] item: Leftovers
|upkeep
|turn|15
|
|switch|p2a: Pyukumuku|Pyukumuku, M|82/100
|-damage|p2a: Pyukumuku|70/100|[from] Stealth Rock
|move|p1a: Ninetales|Fire Blast|p2a: Pyukumuku
|-resisted|p2a: Pyukumuku
|-damage|p2a: Pyukumuku|52/100
|
|-heal|p2a: Pyukumuku|58/100|[from] item: Leftovers
|upkeep
|turn|16
|
|move|p1a: Ninetales|Toxic|p2a: Pyukumuku|[miss]
|-miss|p1a: Ninetales|p2a: Pyukumuku
|move|p2a: Pyukumuku|Recover|p2a: Pyukumuku
|-heal|p2a: Pyukumuku|100/100
|
|upkeep
|turn|17
|
|switch|p1a: Steelix|Steelix, F|100/100
|-damage|p1a: Steelix|97/100|[from] Stealth Rock
|move|p2a: Pyukumuku|Toxic|p1a: Steelix
|-immune|p1a: Steelix
|
|-heal|p1a: Steelix|100/100|[from] item: Leftovers
|upkeep
|turn|18
|
|switch|p2a: Escavalier|Escavalier, F|63/100
|-damage|p2a: Escavalier|50/100|[from] Stealth Rock
|move|p1a: Steelix|Toxic|p2a: Escavalier
|-immune|p2a: Escavalier
|
|-heal|p2a: Escavalier|56/100|[from] item: Leftovers
|upkeep
|turn|19
|
|switch|p1a: Passimian|Passimian, M|100/100
|-damage|p1a: Passimian|94/100|[from] Stealth Rock
|switch|p2a: Runerigus|Runerigus, M|48/100
|-damage|p2a: Runerigus|42/100|[from] Stealth Rock
|
|-heal|p2a: Runerigus|48/100|[from] item: Leftovers
|upkeep
|turn|20
|
|move|p1a: Passimian|Knock Off|p2a: Runerigus
|-supereffective|p2a: Runerigus
|-damage|p2a: Runerigus|8/100
|-activate|p2a: Runerigus|ability: Wandering Spirit|Defiant|Wandering Spirit|[of] p1a: Passimian
|-enditem|p2a: Runerigus|Leftovers|[from] move: Knock Off|[of] p1a: Passimian
|move|p2a: Runerigus|Will-O-Wisp|p1a: Passimian
|-status|p1a: Passimian|brn
|
|-damage|p1a: Passimian|88/100 brn|[from] brn
|upkeep
|turn|21
|
|move|p1a: Passimian|Knock Off|p2a: Runerigus
|-supereffective|p2a: Runerigus
|-damage|p2a: Runerigus|0 fnt
|faint|p2a: Runerigus
|
|-damage|p1a: Passimian|82/100 brn|[from] brn
|upkeep
|
|switch|p2a: Aromatisse|Aromatisse, M|29/100
|-damage|p2a: Aromatisse|16/100|[from] Stealth Rock
|turn|22
|
|switch|p1a: Steelix|Steelix, F|100/100
|-damage|p1a: Steelix|97/100|[from] Stealth Rock
|move|p2a: Aromatisse|Wish|p2a: Aromatisse
|
|-heal|p1a: Steelix|100/100|[from] item: Leftovers
|-heal|p2a: Aromatisse|22/100|[from] item: Leftovers
|upkeep
|turn|23
|
|move|p2a: Aromatisse|Protect|p2a: Aromatisse
|-singleturn|p2a: Aromatisse|Protect
|move|p1a: Steelix|Earthquake|p2a: Aromatisse
|-activate|p2a: Aromatisse|move: Protect
|
|-heal|p2a: Aromatisse|72/100|[from] move: Wish|[wisher] Aromatisse
|-heal|p2a: Aromatisse|79/100|[from] item: Leftovers
|upkeep
|turn|24
|
|switch|p2a: Escavalier|Escavalier, F|56/100
|-damage|p2a: Escavalier|44/100|[from] Stealth Rock
|move|p1a: Steelix|Heavy Slam|p2a: Escavalier
|-resisted|p2a: Escavalier
|-crit|p2a: Escavalier
|-damage|p2a: Escavalier|18/100
|
|-heal|p2a: Escavalier|24/100|[from] item: Leftovers
|upkeep
|turn|25
|
|switch|p1a: Passimian|Passimian, M|82/100 brn
|-damage|p1a: Passimian|76/100 brn|[from] Stealth Rock
|move|p2a: Escavalier|Knock Off|p1a: Passimian
|-resisted|p1a: Passimian
|-damage|p1a: Passimian|60/100 brn
|-enditem|p1a: Passimian|Choice Scarf|[from] move: Knock Off|[of] p2a: Escavalier
|
|-heal|p2a: Escavalier|30/100|[from] item: Leftovers
|-damage|p1a: Passimian|54/100 brn|[from] brn
|upkeep
|turn|26
|
|move|p1a: Passimian|Knock Off|p2a: Escavalier
|-damage|p2a: Escavalier|15/100
|-enditem|p2a: Escavalier|Leftovers|[from] move: Knock Off|[of] p1a: Passimian
|move|p2a: Escavalier|Iron Head|p1a: Passimian
|-damage|p1a: Passimian|14/100 brn
|
|-damage|p1a: Passimian|8/100 brn|[from] brn
|upkeep
|turn|27
|
|move|p1a: Passimian|Close Combat|p2a: Escavalier
|-damage|p2a: Escavalier|0 fnt
|-unboost|p1a: Passimian|def|1
|-unboost|p1a: Passimian|spd|1
|faint|p2a: Escavalier
|
|-damage|p1a: Passimian|2/100 brn|[from] brn
|upkeep
|
|switch|p2a: Salazzle|Salazzle, F|100/100
|-damage|p2a: Salazzle|76/100|[from] Stealth Rock
|turn|28
|
|move|p2a: Salazzle|Protect|p2a: Salazzle
|-singleturn|p2a: Salazzle|Protect
|move|p1a: Passimian|Rock Slide|p2a: Salazzle
|-activate|p2a: Salazzle|move: Protect
|
|-heal|p2a: Salazzle|82/100|[from] item: Black Sludge
|-damage|p1a: Passimian|0 fnt|[from] brn
|faint|p1a: Passimian
|upkeep
|
|switch|p1a: Steelix|Steelix, F|100/100
|-damage|p1a: Steelix|97/100|[from] Stealth Rock
|turn|29
|
|move|p2a: Salazzle|Flamethrower|p1a: Steelix
|-supereffective|p1a: Steelix
|-damage|p1a: Steelix|16/100
|move|p1a: Steelix|Earthquake|p2a: Salazzle
|-supereffective|p2a: Salazzle
|-damage|p2a: Salazzle|0 fnt
|faint|p2a: Salazzle
|
|-heal|p1a: Steelix|22/100|[from] item: Leftovers
|upkeep
|
|switch|p2a: Frosmoth|Frosmoth, F|100/100
|turn|30
|
|move|p2a: Frosmoth|Ice Beam|p1a: Steelix
|-damage|p1a: Steelix|0 fnt
|faint|p1a: Steelix
|
|upkeep
|
|switch|p1a: Ninetales|Ninetales, M|100/100
|-weather|SunnyDay|[from] ability: Drought|[of] p1a: Ninetales
|turn|31
|
|switch|p2a: Pyukumuku|Pyukumuku, M|100/100
|-damage|p2a: Pyukumuku|88/100|[from] Stealth Rock
|move|p1a: Ninetales|Toxic|p2a: Pyukumuku
|-status|p2a: Pyukumuku|tox
|
|-weather|SunnyDay|[upkeep]
|-heal|p2a: Pyukumuku|94/100 tox|[from] item: Leftovers
|-damage|p2a: Pyukumuku|88/100 tox|[from] psn
|upkeep
|turn|32
|
|switch|p1a: Vikavolt|Vikavolt, F|100/100
|move|p2a: Pyukumuku|Toxic|p1a: Vikavolt|[miss]
|-miss|p2a: Pyukumuku|p1a: Vikavolt
|
|-weather|SunnyDay|[upkeep]
|-heal|p2a: Pyukumuku|94/100 tox|[from] item: Leftovers
|-damage|p2a: Pyukumuku|82/100 tox|[from] psn
|upkeep
|turn|33
|
|switch|p2a: Frosmoth|Frosmoth, F|100/100
|move|p1a: Vikavolt|Volt Switch|p2a: Frosmoth
|-damage|p2a: Frosmoth|85/100
|
|switch|p1a: Silvally|Silvally-Ghost|100/100|[from]move: Volt Switch
|-damage|p1a: Silvally|88/100|[from] Stealth Rock
|
|-weather|SunnyDay|[upkeep]
|upkeep
|turn|34
|
|move|p1a: Silvally|Multi-Attack|p2a: Frosmoth
|-damage|p2a: Frosmoth|5/100
|move|p2a: Frosmoth|Defog|p1a: Silvally
|-unboost|p1a: Silvally|evasion|1
|-sideend|p1: dr xinlaiy|Stealth Rock|[from] move: Defog|[of] p2a: Frosmoth
|-sideend|p2: GelatinPrince2634|Stealth Rock|[from] move: Defog|[of] p2a: Frosmoth
|
|-weather|SunnyDay|[upkeep]
|upkeep
|turn|35
|
|move|p1a: Silvally|U-turn|p2a: Frosmoth
|-damage|p2a: Frosmoth|0 fnt
|faint|p2a: Frosmoth
|
|switch|p1a: Ninetales|Ninetales, M|100/100|[from]move: U-turn
|
|-weather|none
|upkeep
|
|switch|p2a: Aromatisse|Aromatisse, M|79/100
|turn|36
|
|move|p1a: Ninetales|Nasty Plot|p1a: Ninetales
|-boost|p1a: Ninetales|spa|2
|move|p2a: Aromatisse|Toxic|p1a: Ninetales
|-status|p1a: Ninetales|tox
|
|-heal|p2a: Aromatisse|85/100|[from] item: Leftovers
|-damage|p1a: Ninetales|95/100 tox|[from] psn
|upkeep
|turn|37
|
|move|p1a: Ninetales|Nasty Plot|p1a: Ninetales
|-boost|p1a: Ninetales|spa|2
|move|p2a: Aromatisse|Wish|p2a: Aromatisse
|
|-heal|p2a: Aromatisse|91/100|[from] item: Leftovers
|-damage|p1a: Ninetales|83/100 tox|[from] psn
|upkeep
|turn|38
|
|switch|p2a: Pyukumuku|Pyukumuku, M|82/100 tox
|move|p1a: Ninetales|Nasty Plot|p1a: Ninetales
|-boost|p1a: Ninetales|spa|2
|
|-heal|p2a: Pyukumuku|100/100 tox|[from] move: Wish|[wisher] Aromatisse
|-damage|p1a: Ninetales|65/100 tox|[from] psn
|-damage|p2a: Pyukumuku|94/100 tox|[from] psn
|upkeep
|turn|39
|
|switch|p1a: Vikavolt|Vikavolt, F|100/100
|move|p2a: Pyukumuku|Toxic|p1a: Vikavolt
|-status|p1a: Vikavolt|tox
|
|-heal|p2a: Pyukumuku|100/100 tox|[from] item: Leftovers
|-damage|p1a: Vikavolt|94/100 tox|[from] psn
|-damage|p2a: Pyukumuku|88/100 tox|[from] psn
|upkeep
|turn|40
|
|switch|p2a: Aromatisse|Aromatisse, M|91/100
|move|p1a: Vikavolt|Volt Switch|p2a: Aromatisse
|-crit|p2a: Aromatisse
|-damage|p2a: Aromatisse|50/100
|
|switch|p1a: Ninetales|Ninetales, M|65/100 tox|[from]move: Volt Switch
|-weather|SunnyDay|[from] ability: Drought|[of] p1a: Ninetales
|
|-weather|SunnyDay|[upkeep]
|-heal|p2a: Aromatisse|56/100|[from] item: Leftovers
|-damage|p1a: Ninetales|59/100 tox|[from] psn
|upkeep
|turn|41
|
|switch|p1a: Vikavolt|Vikavolt, F|94/100 tox
|move|p2a: Aromatisse|Wish|p2a: Aromatisse
|
|-weather|SunnyDay|[upkeep]
|-heal|p2a: Aromatisse|63/100|[from] item: Leftovers
|-damage|p1a: Vikavolt|88/100 tox|[from] psn
|upkeep
|turn|42
|
|move|p1a: Vikavolt|Volt Switch|p2a: Aromatisse
|-damage|p2a: Aromatisse|34/100
|
|switch|p1a: Silvally|Silvally-Ghost|88/100|[from]move: Volt Switch
|move|p2a: Aromatisse|Heal Bell|p2a: Aromatisse
|-activate|p2a: Aromatisse|move: Heal Bell
|-curestatus|p2: Pyukumuku|tox|[msg]
|
|-weather|SunnyDay|[upkeep]
|-heal|p2a: Aromatisse|84/100|[from] move: Wish|[wisher] Aromatisse
|-heal|p2a: Aromatisse|90/100|[from] item: Leftovers
|upkeep
|turn|43
|
|move|p1a: Silvally|Swords Dance|p1a: Silvally
|-boost|p1a: Silvally|atk|2
|move|p2a: Aromatisse|Toxic|p1a: Silvally|[miss]
|-miss|p2a: Aromatisse|p1a: Silvally
|
|-weather|SunnyDay|[upkeep]
|-heal|p2a: Aromatisse|97/100|[from] item: Leftovers
|upkeep
|turn|44
|
|switch|p2a: Pyukumuku|Pyukumuku, M|88/100
|move|p1a: Silvally|Multi-Attack|p2a: Pyukumuku
|-damage|p2a: Pyukumuku|53/100
|
|-weather|none
|-heal|p2a: Pyukumuku|59/100|[from] item: Leftovers
|upkeep
|turn|45
|
|switch|p1a: Vikavolt|Vikavolt, F|88/100 tox
|move|p2a: Pyukumuku|Recover|p2a: Pyukumuku
|-heal|p2a: Pyukumuku|100/100
|
|-damage|p1a: Vikavolt|82/100 tox|[from] psn
|upkeep
|turn|46
|
|switch|p2a: Aromatisse|Aromatisse, M|97/100
|move|p1a: Vikavolt|Volt Switch|p2a: Aromatisse
|-damage|p2a: Aromatisse|70/100
|
|switch|p1a: Ninetales|Ninetales, M|59/100 tox|[from]move: Volt Switch
|-weather|SunnyDay|[from] ability: Drought|[of] p1a: Ninetales
|
|-weather|SunnyDay|[upkeep]
|-heal|p2a: Aromatisse|77/100|[from] item: Leftovers
|-damage|p1a: Ninetales|53/100 tox|[from] psn
|upkeep
|turn|47
|
|move|p1a: Ninetales|Fire Blast|p2a: Aromatisse
|-damage|p2a: Aromatisse|36/100
|move|p2a: Aromatisse|Wish|p2a: Aromatisse
|
|-weather|SunnyDay|[upkeep]
|-heal|p2a: Aromatisse|42/100|[from] item: Leftovers
|-damage|p1a: Ninetales|41/100 tox|[from] psn
|upkeep
|turn|48
|
|move|p2a: Aromatisse|Protect|p2a: Aromatisse
|-singleturn|p2a: Aromatisse|Protect
|move|p1a: Ninetales|Nasty Plot|p1a: Ninetales
|-boost|p1a: Ninetales|spa|2
|
|-weather|SunnyDay|[upkeep]
|-heal|p2a: Aromatisse|92/100|[from] move: Wish|[wisher] Aromatisse
|-heal|p2a: Aromatisse|98/100|[from] item: Leftovers
|-damage|p1a: Ninetales|23/100 tox|[from] psn
|upkeep
|turn|49
|
|switch|p1a: Vikavolt|Vikavolt, F|82/100 tox
|move|p2a: Aromatisse|Wish|p2a: Aromatisse
|
|-weather|SunnyDay|[upkeep]
|-heal|p2a: Aromatisse|100/100|[from] item: Leftovers
|-damage|p1a: Vikavolt|76/100 tox|[from] psn
|upkeep
|turn|50
|
|move|p2a: Aromatisse|Protect|p2a: Aromatisse
|-singleturn|p2a: Aromatisse|Protect
|move|p1a: Vikavolt|Volt Switch|p2a: Aromatisse
|-activate|p2a: Aromatisse|move: Protect
|
|-weather|none
|-damage|p1a: Vikavolt|63/100 tox|[from] psn
|upkeep
|turn|51
|
|move|p1a: Vikavolt|Volt Switch|p2a: Aromatisse
|-damage|p2a: Aromatisse|74/100
|
|switch|p1a: Silvally|Silvally-Ghost|88/100|[from]move: Volt Switch
|move|p2a: Aromatisse|Wish|p2a: Aromatisse
|
|-heal|p2a: Aromatisse|80/100|[from] item: Leftovers
|upkeep
|turn|52
|
|move|p1a: Silvally|Multi-Attack|p2a: Aromatisse
|-damage|p2a: Aromatisse|21/100
|move|p2a: Aromatisse|Toxic|p1a: Silvally
|-status|p1a: Silvally|tox
|
|-heal|p2a: Aromatisse|71/100|[from] move: Wish|[wisher] Aromatisse
|-heal|p2a: Aromatisse|77/100|[from] item: Leftovers
|-damage|p1a: Silvally|82/100 tox|[from] psn
|upkeep
|turn|53
|
|move|p2a: Aromatisse|Protect|p2a: Aromatisse
|-singleturn|p2a: Aromatisse|Protect
|move|p1a: Silvally|Multi-Attack|p2a: Aromatisse
|-activate|p2a: Aromatisse|move: Protect
|
|-heal|p2a: Aromatisse|83/100|[from] item: Leftovers
|-damage|p1a: Silvally|70/100 tox|[from] psn
|upkeep
|turn|54
|
|move|p1a: Silvally|Multi-Attack|p2a: Aromatisse
|-damage|p2a: Aromatisse|23/100
|move|p2a: Aromatisse|Wish|p2a: Aromatisse
|
|-heal|p2a: Aromatisse|30/100|[from] item: Leftovers
|-damage|p1a: Silvally|52/100 tox|[from] psn
|upkeep
|turn|55
|
|switch|p1a: Ninetales|Ninetales, M|23/100 tox
|-weather|SunnyDay|[from] ability: Drought|[of] p1a: Ninetales
|move|p2a: Aromatisse|Protect||[still]
|-fail|p2a: Aromatisse
|
|-weather|SunnyDay|[upkeep]
|-heal|p2a: Aromatisse|80/100|[from] move: Wish|[wisher] Aromatisse
|-heal|p2a: Aromatisse|86/100|[from] item: Leftovers
|-damage|p1a: Ninetales|18/100 tox|[from] psn
|upkeep
|turn|56
|
|move|p1a: Ninetales|Fire Blast|p2a: Aromatisse
|-damage|p2a: Aromatisse|42/100
|move|p2a: Aromatisse|Wish|p2a: Aromatisse
|
|-weather|SunnyDay|[upkeep]
|-heal|p2a: Aromatisse|48/100|[from] item: Leftovers
|-damage|p1a: Ninetales|6/100 tox|[from] psn
|upkeep
|turn|57
|
|move|p2a: Aromatisse|Protect|p2a: Aromatisse
|-singleturn|p2a: Aromatisse|Protect
|move|p1a: Ninetales|Fire Blast|p2a: Aromatisse
|-activate|p2a: Aromatisse|move: Protect
|
|-weather|SunnyDay|[upkeep]
|-heal|p2a: Aromatisse|98/100|[from] move: Wish|[wisher] Aromatisse
|-heal|p2a: Aromatisse|100/100|[from] item: Leftovers
|-damage|p1a: Ninetales|0 fnt|[from] psn
|faint|p1a: Ninetales
|upkeep
|-message|dr xinlaiy forfeited.
|
|win|GelatinPrince2634
|l|‽dr xinlaiy
|raw|dr xinlaiy's rating: 1239 &rarr; <strong>1201</strong><br />(-38 for losing)
|raw|GelatinPrince2634's rating: 1033 &rarr; <strong>1087</strong><br />(+54 for winning)
