|j|☆Glidinganteater
|j|☆CryoGyro
|inactive|Battle timer is ON: inactive players will automatically lose when time's up.
|t:|1624245347
|gametype|singles
|player|p1|Glidinganteater|palmer|
|player|p2|CryoGyro|collector|
|teamsize|p1|6
|teamsize|p2|6
|gen|8
|tier|[Gen 8] RU
|rated|Tournament battle
|rule|Sleep Clause Mod: Limit one foe put to sleep
|rule|Species Clause: Limit one of each Pokémon
|rule|OHKO Clause: OHKO moves are banned
|rule|Evasion Moves Clause: Evasion moves are banned
|rule|Endless Battle Clause: Forcing endless battles is banned
|rule|HP Percentage Mod: HP is shown in percentages
|rule|Dynamax Clause: You cannot dynamax
|clearpoke
|poke|p1|Tyrantrum, M|
|poke|p1|Zarude|
|poke|p1|Togekiss, F|
|poke|p1|Milotic, F|
|poke|p1|Steelix, M|
|poke|p1|Toxicroak, M|
|poke|p2|Xurkitree|
|poke|p2|Raikou|
|poke|p2|Rhyperior, F|
|poke|p2|Noivern, M|
|poke|p2|Ribombee, F|
|poke|p2|Metagross|
|teampreview
|j|+Oathkeepre
|c|☆Glidinganteater|Testing this so I might not do to well but hf
|c|☆CryoGyro|same
|
|t:|1624245377
|start
|switch|p1a: Steelix|Steelix, M|100/100
|switch|p2a: Ribombee|Ribombee, F|100/100
|turn|1
|
|t:|1624245401
|move|p2a: Ribombee|Sticky Web|p1a: Steelix
|-sidestart|p1: Glidinganteater|move: Sticky Web
|move|p1a: Steelix|Heavy Slam|p2a: Ribombee
|-supereffective|p2a: Ribombee
|-damage|p2a: Ribombee|0 fnt
|faint|p2a: Ribombee
|
|upkeep
|
|t:|1624245408
|switch|p2a: Metagross|Metagross|100/100
|turn|2
|
|t:|1624245413
|switch|p1a: Milotic|Milotic, F|100/100
|-activate|p1a: Milotic|move: Sticky Web
|-unboost|p1a: Milotic|spe|1
|move|p2a: Metagross|Earthquake|p1a: Milotic
|-damage|p1a: Milotic|71/100
|
|-heal|p1a: Milotic|77/100|[from] item: Leftovers
|upkeep
|turn|3
|
|t:|1624245422
|switch|p2a: Xurkitree|Xurkitree|100/100
|move|p1a: Milotic|Scald|p2a: Xurkitree
|-damage|p2a: Xurkitree|59/100
|
|-heal|p1a: Milotic|83/100|[from] item: Leftovers
|upkeep
|turn|4
|
|t:|1624245431
|switch|p1a: Steelix|Steelix, M|100/100
|-activate|p1a: Steelix|move: Sticky Web
|-unboost|p1a: Steelix|spe|1
|move|p2a: Xurkitree|Volt Switch|p1a: Steelix
|-immune|p1a: Steelix
|
|upkeep
|turn|5
|
|t:|1624245460
|switch|p2a: Rhyperior|Rhyperior, F|100/100
|move|p1a: Steelix|Toxic|p2a: Rhyperior
|-status|p2a: Rhyperior|tox
|
|-damage|p2a: Rhyperior|94/100 tox|[from] psn
|upkeep
|turn|6
|
|t:|1624245469
|switch|p1a: Togekiss|Togekiss, F|100/100
|move|p2a: Rhyperior|Earthquake|p1a: Togekiss
|-immune|p1a: Togekiss
|
|-damage|p2a: Rhyperior|82/100 tox|[from] psn
|upkeep
|turn|7
|
|t:|1624245484
|move|p1a: Togekiss|Defog|p2a: Rhyperior
|-unboost|p2a: Rhyperior|evasion|1
|-sideend|p1: Glidinganteater|Sticky Web|[from] move: Defog|[of] p1a: Togekiss
|move|p2a: Rhyperior|Stone Edge|p1a: Togekiss
|-supereffective|p1a: Togekiss
|-damage|p1a: Togekiss|25/100
|
|-damage|p2a: Rhyperior|63/100 tox|[from] psn
|upkeep
|turn|8
|j| Can'tFight
|
|t:|1624245494
|move|p1a: Togekiss|Roost|p1a: Togekiss
|-heal|p1a: Togekiss|75/100
|-singleturn|p1a: Togekiss|move: Roost
|move|p2a: Rhyperior|Stealth Rock|p1a: Togekiss
|-sidestart|p1: Glidinganteater|move: Stealth Rock
|
|-damage|p2a: Rhyperior|38/100 tox|[from] psn
|upkeep
|turn|9
|
|t:|1624245504
|switch|p2a: Metagross|Metagross|100/100
|move|p1a: Togekiss|Air Slash|p2a: Metagross
|-resisted|p2a: Metagross
|-damage|p2a: Metagross|83/100
|
|upkeep
|turn|10
|
|t:|1624245514
|switch|p1a: Zarude|Zarude|100/100
|move|p2a: Metagross|Meteor Mash|p1a: Zarude
|-damage|p1a: Zarude|48/100
|
|upkeep
|turn|11
|
|t:|1624245528
|move|p1a: Zarude|U-turn|p2a: Metagross
|-damage|p2a: Metagross|63/100
|
|t:|1624245531
|switch|p1a: Milotic|Milotic, F|83/100|[from]move: U-turn
|-damage|p1a: Milotic|71/100|[from] Stealth Rock
|move|p2a: Metagross|Meteor Mash|p1a: Milotic
|-resisted|p1a: Milotic
|-damage|p1a: Milotic|52/100
|
|-heal|p1a: Milotic|58/100|[from] item: Leftovers
|upkeep
|turn|12
|inactive|CryoGyro has 120 seconds left.
|
|t:|1624245567
|switch|p2a: Xurkitree|Xurkitree|59/100
|move|p1a: Milotic|Recover|p1a: Milotic
|-heal|p1a: Milotic|100/100
|
|upkeep
|turn|13
|inactive|CryoGyro has 120 seconds left.
|
|t:|1624245582
|switch|p1a: Steelix|Steelix, M|100/100
|-damage|p1a: Steelix|97/100|[from] Stealth Rock
|move|p2a: Xurkitree|Energy Ball|p1a: Steelix
|-damage|p1a: Steelix|62/100
|-unboost|p1a: Steelix|spd|1
|
|-heal|p1a: Steelix|68/100|[from] item: Leftovers
|upkeep
|turn|14
|inactive|CryoGyro has 120 seconds left.
|
|t:|1624245593
|switch|p2a: Noivern|Noivern, M|100/100
|move|p1a: Steelix|Earthquake|p2a: Noivern
|-immune|p2a: Noivern
|
|-heal|p1a: Steelix|75/100|[from] item: Leftovers
|upkeep
|turn|15
|
|t:|1624245602
|move|p2a: Noivern|Flamethrower|p1a: Steelix
|-supereffective|p1a: Steelix
|-damage|p1a: Steelix|8/100
|move|p1a: Steelix|Stealth Rock|p2a: Noivern
|-sidestart|p2: CryoGyro|move: Stealth Rock
|
|-heal|p1a: Steelix|15/100|[from] item: Leftovers
|upkeep
|turn|16
|
|t:|1624245609
|switch|p1a: Togekiss|Togekiss, F|75/100
|move|p2a: Noivern|Flamethrower|p1a: Togekiss
|-damage|p1a: Togekiss|54/100
|
|upkeep
|turn|17
|
|t:|1624245615
|switch|p2a: Xurkitree|Xurkitree|59/100
|move|p1a: Togekiss|Wish|p1a: Togekiss
|
|upkeep
|turn|18
|inactive|CryoGyro has 120 seconds left.
|
|t:|1624245643
|switch|p1a: Zarude|Zarude|48/100
|move|p2a: Xurkitree|Dazzling Gleam|p1a: Zarude
|-supereffective|p1a: Zarude
|-damage|p1a: Zarude|0 fnt
|faint|p1a: Zarude
|-ability|p2a: Xurkitree|Beast Boost|boost
|-boost|p2a: Xurkitree|spa|1
|
|upkeep
|
|t:|1624245653
|switch|p1a: Toxicroak|Toxicroak, M, shiny|100/100
|-damage|p1a: Toxicroak|94/100|[from] Stealth Rock
|turn|19
|inactive|CryoGyro has 120 seconds left.
|
|t:|1624245685
|move|p1a: Toxicroak|Gunk Shot|p2a: Xurkitree|[miss]
|-miss|p1a: Toxicroak|p2a: Xurkitree
|move|p2a: Xurkitree|Volt Switch|p1a: Toxicroak
|-damage|p1a: Toxicroak|0 fnt
|faint|p1a: Toxicroak
|-ability|p2a: Xurkitree|Beast Boost|boost
|-boost|p2a: Xurkitree|spa|1
|
|t:|1624245700
|switch|p2a: Raikou|Raikou|100/100|[from]move: Volt Switch
|-damage|p2a: Raikou|88/100|[from] Stealth Rock
|-ability|p2a: Raikou|Pressure
|
|upkeep
|
|t:|1624245709
|switch|p1a: Tyrantrum|Tyrantrum, M|100/100
|-damage|p1a: Tyrantrum|88/100|[from] Stealth Rock
|turn|20
|
|t:|1624245734
|switch|p2a: Rhyperior|Rhyperior, F|38/100 tox
|-damage|p2a: Rhyperior|32/100 tox|[from] Stealth Rock
|move|p1a: Tyrantrum|Head Smash|p2a: Rhyperior
|-resisted|p2a: Rhyperior
|-damage|p2a: Rhyperior|10/100 tox
|
|-damage|p2a: Rhyperior|4/100 tox|[from] psn
|upkeep
|turn|21
|inactive|Glidinganteater has 120 seconds left.
|
|t:|1624245760
|switch|p1a: Milotic|Milotic, F|100/100
|-damage|p1a: Milotic|88/100|[from] Stealth Rock
|move|p2a: Rhyperior|Earthquake|p1a: Milotic
|-damage|p1a: Milotic|46/100
|
|-heal|p1a: Milotic|52/100|[from] item: Leftovers
|-damage|p2a: Rhyperior|0 fnt|[from] psn
|faint|p2a: Rhyperior
|upkeep
|inactive|CryoGyro has 90 seconds left.
|
|t:|1624245787
|switch|p2a: Xurkitree|Xurkitree|59/100
|turn|22
|
|t:|1624245793
|switch|p1a: Steelix|Steelix, M|15/100
|-damage|p1a: Steelix|12/100|[from] Stealth Rock
|move|p2a: Xurkitree|Volt Switch|p1a: Steelix
|-immune|p1a: Steelix
|
|-heal|p1a: Steelix|18/100|[from] item: Leftovers
|upkeep
|turn|23
|
|t:|1624245803
|move|p2a: Xurkitree|Energy Ball|p1a: Steelix
|-damage|p1a: Steelix|0 fnt
|faint|p1a: Steelix
|-ability|p2a: Xurkitree|Beast Boost|boost
|-boost|p2a: Xurkitree|spa|1
|
|upkeep
|
|t:|1624245807
|switch|p1a: Tyrantrum|Tyrantrum, M|88/100
|-damage|p1a: Tyrantrum|76/100|[from] Stealth Rock
|turn|24
|
|t:|1624245815
|move|p1a: Tyrantrum|Earthquake|p2a: Xurkitree
|-supereffective|p2a: Xurkitree
|-damage|p2a: Xurkitree|0 fnt
|faint|p2a: Xurkitree
|
|upkeep
|
|t:|1624245820
|switch|p2a: Metagross|Metagross|63/100
|-damage|p2a: Metagross|57/100|[from] Stealth Rock
|turn|25
|
|t:|1624245830
|move|p1a: Tyrantrum|Earthquake|p2a: Metagross
|-supereffective|p2a: Metagross
|-damage|p2a: Metagross|0 fnt
|faint|p2a: Metagross
|
|upkeep
|l|☆CryoGyro
|inactive|CryoGyro disconnected and has a minute to reconnect!
|player|p2|
|inactive|CryoGyro has 30 seconds to reconnect!
|inactive|CryoGyro has 20 seconds to reconnect!
|inactive|CryoGyro has 15 seconds to reconnect!
|inactive|CryoGyro has 10 seconds to reconnect!
|inactive|CryoGyro has 5 seconds to reconnect!
|j|☆CryoGyro
|inactive|CryoGyro reconnected and has 60 seconds left.
|player|p2|CryoGyro|collector
|-message|CryoGyro forfeited.
|
|win|Glidinganteater
|n|☆Glidinganteater|glidinganteater
|n|+Oathkeepre|oathkeepre
|n| Can'tFight|cantfight
|n|☆CryoGyro|cryogyro
|j| yourwelcomethank
|c|☆Glidinganteater|Gg
