|j|☆Glidinganteater
|j|☆CarlosSpicyweiner0
|t:|1622737228
|gametype|singles
|player|p1|Glidinganteater|palmer|1356
|player|p2|CarlosSpicyweiner0|1|1325
|teamsize|p1|6
|teamsize|p2|6
|gen|8
|tier|[Gen 8] RU
|rated|
|rule|Sleep Clause Mod: Limit one foe put to sleep
|rule|Species Clause: Limit one of each Pokémon
|rule|OHKO Clause: OHKO moves are banned
|rule|Evasion Moves Clause: Evasion moves are banned
|rule|Endless Battle Clause: Forcing endless battles is banned
|rule|HP Percentage Mod: HP is shown in percentages
|rule|Dynamax Clause: You cannot dynamax
|clearpoke
|poke|p1|Cresselia, F|
|poke|p1|Diancie|
|poke|p1|Cobalion|
|poke|p1|Gastrodon, M|
|poke|p1|Golisopod, M|
|poke|p1|Dhelmise|
|poke|p2|Crobat, M|
|poke|p2|Marowak-Alola, M|
|poke|p2|Porygon2|
|poke|p2|Toxtricity, M|
|poke|p2|Pangoro, F|
|poke|p2|Exeggutor-Alola, F|
|teampreview
|inactive|Battle timer is ON: inactive players will automatically lose when time's up. (requested by CarlosSpicyweiner0)
|
|t:|1622737253
|start
|switch|p1a: Diancie|Diancie|100/100
|switch|p2a: Toxtricity|Toxtricity, M|100/100
|turn|1
|
|t:|1622737261
|move|p2a: Toxtricity|Volt Switch|p1a: Diancie
|-damage|p1a: Diancie|73/100
|-damage|p2a: Toxtricity|91/100|[from] item: Life Orb
|inactive|CarlosSpicyweiner0 has 120 seconds left.
|
|t:|1622737295
|switch|p2a: Porygon2|Porygon2|100/100|[from]move: Volt Switch
|-ability|p2a: Porygon2|Clear Body|[from] ability: Trace|[of] p1a: Diancie
|move|p1a: Diancie|Diamond Storm|p2a: Porygon2
|-damage|p2a: Porygon2|79/100
|-boost|p1a: Diancie|def|2
|
|-heal|p1a: Diancie|79/100|[from] item: Leftovers
|upkeep
|turn|2
|inactive|CarlosSpicyweiner0 has 120 seconds left.
|
|t:|1622737307
|move|p1a: Diancie|Body Press|p2a: Porygon2
|-supereffective|p2a: Porygon2
|-damage|p2a: Porygon2|19/100
|move|p2a: Porygon2|Trick Room|p2a: Porygon2
|-fieldstart|move: Trick Room|[of] p2a: Porygon2
|
|-heal|p1a: Diancie|85/100|[from] item: Leftovers
|upkeep
|turn|3
|
|t:|1622737316
|switch|p2a: Marowak|Marowak-Alola, M|100/100
|move|p1a: Diancie|Diamond Storm|p2a: Marowak|[miss]
|-miss|p1a: Diancie|p2a: Marowak
|
|-heal|p1a: Diancie|91/100|[from] item: Leftovers
|upkeep
|turn|4
|
|t:|1622737325
|move|p2a: Marowak|Earthquake|p1a: Diancie
|-supereffective|p1a: Diancie
|-crit|p1a: Diancie
|-damage|p1a: Diancie|0 fnt
|faint|p1a: Diancie
|
|upkeep
|
|t:|1622737332
|switch|p1a: Gastrodon|Gastrodon, M|100/100
|turn|5
|
|t:|1622737338
|switch|p2a: Exeggutor|Exeggutor-Alola, F|100/100
|-item|p1a: Gastrodon|Leftovers|[from] ability: Frisk|[of] p2a: Exeggutor|[identify]
|move|p1a: Gastrodon|Earth Power|p2a: Exeggutor
|-resisted|p2a: Exeggutor
|-damage|p2a: Exeggutor|84/100
|
|upkeep
|turn|6
|
|t:|1622737354
|switch|p1a: Cobalion|Cobalion|100/100
|move|p2a: Exeggutor|Flamethrower|p1a: Cobalion
|-supereffective|p1a: Cobalion
|-damage|p1a: Cobalion|1/100
|
|-fieldend|move: Trick Room
|upkeep
|turn|7
|
|t:|1622737367
|switch|p2a: Crobat|Crobat, M|100/100
|move|p1a: Cobalion|Stealth Rock|p2a: Crobat
|-sidestart|p2: CarlosSpicyweiner0|move: Stealth Rock
|
|upkeep
|turn|8
|
|t:|1622737373
|move|p2a: Crobat|Defog|p1a: Cobalion
|-unboost|p1a: Cobalion|evasion|1
|-sideend|p2: CarlosSpicyweiner0|Stealth Rock|[from] move: Defog|[of] p2a: Crobat
|move|p1a: Cobalion|Volt Switch|p2a: Crobat
|-supereffective|p2a: Crobat
|-damage|p2a: Crobat|70/100
|
|t:|1622737378
|switch|p1a: Cresselia|Cresselia, F, shiny|100/100|[from]move: Volt Switch
|
|upkeep
|turn|9
|
|t:|1622737382
|move|p2a: Crobat|U-turn|p1a: Cresselia
|-supereffective|p1a: Cresselia
|-damage|p1a: Cresselia|83/100
|
|t:|1622737399
|switch|p2a: Pangoro|Pangoro, F|100/100|[from]move: U-turn
|move|p1a: Cresselia|Substitute|p1a: Cresselia
|-start|p1a: Cresselia|Substitute
|-damage|p1a: Cresselia|58/100
|
|-heal|p1a: Cresselia|64/100|[from] item: Leftovers
|upkeep
|turn|10
|
|t:|1622737407
|move|p1a: Cresselia|Calm Mind|p1a: Cresselia
|-boost|p1a: Cresselia|spa|1
|-boost|p1a: Cresselia|spd|1
|move|p2a: Pangoro|Knock Off|p1a: Cresselia
|-supereffective|p1a: Cresselia
|-end|p1a: Cresselia|Substitute
|
|-heal|p1a: Cresselia|71/100|[from] item: Leftovers
|upkeep
|turn|11
|
|t:|1622737418
|move|p1a: Cresselia|Moonblast|p2a: Pangoro
|-supereffective|p2a: Pangoro
|-damage|p2a: Pangoro|0 fnt
|faint|p2a: Pangoro
|
|-heal|p1a: Cresselia|77/100|[from] item: Leftovers
|upkeep
|
|t:|1622737430
|switch|p2a: Marowak|Marowak-Alola, M|100/100
|turn|12
|
|t:|1622737435
|switch|p1a: Dhelmise|Dhelmise|100/100
|move|p2a: Marowak|Shadow Bone|p1a: Dhelmise
|-supereffective|p1a: Dhelmise
|-damage|p1a: Dhelmise|0 fnt
|faint|p1a: Dhelmise
|
|upkeep
|
|t:|1622737445
|switch|p1a: Golisopod|Golisopod, M|100/100
|turn|13
|
|t:|1622737455
|switch|p2a: Crobat|Crobat, M|70/100
|move|p1a: Golisopod|Knock Off|p2a: Crobat
|-damage|p2a: Crobat|34/100
|-enditem|p2a: Crobat|Heavy-Duty Boots|[from] move: Knock Off|[of] p1a: Golisopod
|
|upkeep
|turn|14
|
|t:|1622737461
|switch|p1a: Cobalion|Cobalion|1/100
|move|p2a: Crobat|Roost|p2a: Crobat
|-heal|p2a: Crobat|84/100
|-singleturn|p2a: Crobat|move: Roost
|
|upkeep
|turn|15
|
|t:|1622737468
|move|p2a: Crobat|U-turn|p1a: Cobalion
|-resisted|p1a: Cobalion
|-damage|p1a: Cobalion|0 fnt
|-damage|p2a: Crobat|68/100|[from] item: Rocky Helmet|[of] p1a: Cobalion
|faint|p1a: Cobalion
|
|t:|1622737485
|switch|p2a: Porygon2|Porygon2|19/100|[from]move: U-turn
|
|upkeep
|
|t:|1622737491
|switch|p1a: Cresselia|Cresselia, F, shiny|77/100
|-ability|p2a: Porygon2|Levitate|[from] ability: Trace|[of] p1a: Cresselia
|turn|16
|
|t:|1622737499
|move|p1a: Cresselia|Substitute|p1a: Cresselia
|-start|p1a: Cresselia|Substitute
|-damage|p1a: Cresselia|52/100
|move|p2a: Porygon2|Trick Room|p2a: Porygon2
|-fieldstart|move: Trick Room|[of] p2a: Porygon2
|
|-heal|p1a: Cresselia|58/100|[from] item: Leftovers
|upkeep
|turn|17
|
|t:|1622737506
|move|p1a: Cresselia|Calm Mind|p1a: Cresselia
|-boost|p1a: Cresselia|spa|1
|-boost|p1a: Cresselia|spd|1
|move|p2a: Porygon2|Teleport|p2a: Porygon2
|
|t:|1622737515
|switch|p2a: Toxtricity|Toxtricity, M|91/100|[from]move: Teleport
|
|-heal|p1a: Cresselia|64/100|[from] item: Leftovers
|upkeep
|turn|18
|
|t:|1622737525
|move|p2a: Toxtricity|Boomburst|p1a: Cresselia
|-damage|p1a: Cresselia|29/100
|-damage|p2a: Toxtricity|81/100|[from] item: Life Orb
|move|p1a: Cresselia|Calm Mind|p1a: Cresselia
|-boost|p1a: Cresselia|spa|1
|-boost|p1a: Cresselia|spd|1
|
|-heal|p1a: Cresselia|35/100|[from] item: Leftovers
|upkeep
|turn|19
|
|t:|1622737534
|move|p2a: Toxtricity|Boomburst|p1a: Cresselia
|-damage|p1a: Cresselia|5/100
|-damage|p2a: Toxtricity|71/100|[from] item: Life Orb
|move|p1a: Cresselia|Stored Power|p2a: Toxtricity
|-supereffective|p2a: Toxtricity
|-damage|p2a: Toxtricity|0 fnt
|faint|p2a: Toxtricity
|
|-heal|p1a: Cresselia|11/100|[from] item: Leftovers
|upkeep
|
|t:|1622737545
|switch|p2a: Crobat|Crobat, M|68/100
|turn|20
|
|t:|1622737548
|switch|p1a: Gastrodon|Gastrodon, M|100/100
|move|p2a: Crobat|U-turn|p1a: Gastrodon
|-crit|p1a: Gastrodon
|-damage|p1a: Gastrodon|83/100
|
|t:|1622737554
|switch|p2a: Exeggutor|Exeggutor-Alola, F|84/100|[from]move: U-turn
|-item|p1a: Gastrodon|Leftovers|[from] ability: Frisk|[of] p2a: Exeggutor|[identify]
|
|-heal|p1a: Gastrodon|89/100|[from] item: Leftovers
|-fieldend|move: Trick Room
|upkeep
|turn|21
|
|t:|1622737561
|move|p1a: Gastrodon|Ice Beam|p2a: Exeggutor
|-supereffective|p2a: Exeggutor
|-damage|p2a: Exeggutor|0 fnt
|faint|p2a: Exeggutor
|
|-heal|p1a: Gastrodon|95/100|[from] item: Leftovers
|upkeep
|
|t:|1622737568
|switch|p2a: Porygon2|Porygon2|19/100
|-ability|p2a: Porygon2|Storm Drain|[from] ability: Trace|[of] p1a: Gastrodon
|turn|22
|
|t:|1622737578
|move|p2a: Porygon2|Recover|p2a: Porygon2
|-heal|p2a: Porygon2|69/100
|move|p1a: Gastrodon|Earth Power|p2a: Porygon2
|-damage|p2a: Porygon2|52/100
|
|-heal|p1a: Gastrodon|100/100|[from] item: Leftovers
|upkeep
|turn|23
|
|t:|1622737585
|move|p2a: Porygon2|Recover|p2a: Porygon2
|-heal|p2a: Porygon2|100/100
|move|p1a: Gastrodon|Toxic|p2a: Porygon2
|-status|p2a: Porygon2|tox
|
|-damage|p2a: Porygon2|94/100 tox|[from] psn
|upkeep
|turn|24
|
|t:|1622737591
|switch|p1a: Golisopod|Golisopod, M|100/100
|move|p2a: Porygon2|Trick Room|p2a: Porygon2
|-fieldstart|move: Trick Room|[of] p2a: Porygon2
|
|-damage|p2a: Porygon2|82/100 tox|[from] psn
|upkeep
|turn|25
|
|t:|1622737599
|move|p1a: Golisopod|Liquidation|p2a: Porygon2
|-ability|p2a: Porygon2|Storm Drain|boost
|-boost|p2a: Porygon2|spa|1
|move|p2a: Porygon2|Teleport|p2a: Porygon2
|
|t:|1622737605
|switch|p2a: Marowak|Marowak-Alola, M|100/100|[from]move: Teleport
|
|upkeep
|turn|26
|
|t:|1622737614
|move|p2a: Marowak|Flare Blitz|p1a: Golisopod
|-damage|p1a: Golisopod|25/100
|-activate|p1a: Golisopod|ability: Emergency Exit
|
|t:|1622737619
|switch|p1a: Gastrodon|Gastrodon, M|100/100
|
|upkeep
|turn|27
|
|t:|1622737631
|move|p2a: Marowak|Knock Off|p1a: Gastrodon
|-damage|p1a: Gastrodon|58/100
|-enditem|p1a: Gastrodon|Leftovers|[from] move: Knock Off|[of] p2a: Marowak
|move|p1a: Gastrodon|Earth Power|p2a: Marowak
|-supereffective|p2a: Marowak
|-damage|p2a: Marowak|24/100
|
|upkeep
|turn|28
|
|t:|1622737638
|move|p2a: Marowak|Shadow Bone|p1a: Gastrodon
|-damage|p1a: Gastrodon|6/100
|move|p1a: Gastrodon|Recover|p1a: Gastrodon
|-heal|p1a: Gastrodon|56/100
|
|-fieldend|move: Trick Room
|upkeep
|turn|29
|
|t:|1622737649
|switch|p1a: Cresselia|Cresselia, F, shiny|11/100
|switch|p2a: Porygon2|Porygon2|82/100 tox
|-ability|p2a: Porygon2|Levitate|[from] ability: Trace|[of] p1a: Cresselia
|
|-heal|p1a: Cresselia|18/100|[from] item: Leftovers
|-damage|p2a: Porygon2|76/100 tox|[from] psn
|upkeep
|turn|30
|
|t:|1622737659
|move|p1a: Cresselia|Calm Mind|p1a: Cresselia
|-boost|p1a: Cresselia|spa|1
|-boost|p1a: Cresselia|spd|1
|move|p2a: Porygon2|Tri Attack|p1a: Cresselia
|-damage|p1a: Cresselia|5/100
|
|-heal|p1a: Cresselia|12/100|[from] item: Leftovers
|-damage|p2a: Porygon2|64/100 tox|[from] psn
|upkeep
|turn|31
|
|t:|1622737681
|move|p1a: Cresselia|Calm Mind|p1a: Cresselia
|-boost|p1a: Cresselia|spa|1
|-boost|p1a: Cresselia|spd|1
|move|p2a: Porygon2|Teleport|p2a: Porygon2
|
|t:|1622737685
|switch|p2a: Crobat|Crobat, M|68/100|[from]move: Teleport
|
|-heal|p1a: Cresselia|18/100|[from] item: Leftovers
|upkeep
|turn|32
|
|t:|1622737691
|move|p2a: Crobat|U-turn|p1a: Cresselia
|-supereffective|p1a: Cresselia
|-damage|p1a: Cresselia|1/100
|
|t:|1622737699
|switch|p2a: Porygon2|Porygon2|64/100 tox|[from]move: U-turn
|-ability|p2a: Porygon2|Levitate|[from] ability: Trace|[of] p1a: Cresselia
|move|p1a: Cresselia|Stored Power|p2a: Porygon2
|-damage|p2a: Porygon2|28/100 tox
|
|-heal|p1a: Cresselia|8/100|[from] item: Leftovers
|-damage|p2a: Porygon2|22/100 tox|[from] psn
|upkeep
|turn|33
|
|t:|1622737709
|move|p1a: Cresselia|Stored Power|p2a: Porygon2
|-damage|p2a: Porygon2|0 fnt
|faint|p2a: Porygon2
|
|-heal|p1a: Cresselia|14/100|[from] item: Leftovers
|upkeep
|
|t:|1622737714
|switch|p2a: Crobat|Crobat, M|68/100
|turn|34
|
|t:|1622737725
|move|p2a: Crobat|U-turn|p1a: Cresselia
|-supereffective|p1a: Cresselia
|-damage|p1a: Cresselia|0 fnt
|faint|p1a: Cresselia
|
|t:|1622737731
|switch|p2a: Marowak|Marowak-Alola, M|24/100|[from]move: U-turn
|
|upkeep
|
|t:|1622737734
|switch|p1a: Golisopod|Golisopod, M|25/100
|turn|35
|j| forestcave
|
|t:|1622737739
|move|p1a: Golisopod|Liquidation|p2a: Marowak
|-supereffective|p2a: Marowak
|-damage|p2a: Marowak|0 fnt
|faint|p2a: Marowak
|
|upkeep
|
|t:|1622737743
|switch|p2a: Crobat|Crobat, M|68/100
|turn|36
|
|t:|1622737748
|move|p2a: Crobat|Super Fang|p1a: Golisopod
|-damage|p1a: Golisopod|13/100
|move|p1a: Golisopod|Liquidation|p2a: Crobat
|-damage|p2a: Crobat|11/100
|
|upkeep
|turn|37
|
|t:|1622737756
|move|p2a: Crobat|U-turn|p1a: Golisopod
|-damage|p1a: Golisopod|0 fnt
|faint|p1a: Golisopod
|
|upkeep
|
|t:|1622737759
|switch|p1a: Gastrodon|Gastrodon, M|56/100
|turn|38
|
|t:|1622737762
|move|p2a: Crobat|Roost|p2a: Crobat
|-heal|p2a: Crobat|61/100
|-singleturn|p2a: Crobat|move: Roost
|move|p1a: Gastrodon|Recover|p1a: Gastrodon
|-heal|p1a: Gastrodon|100/100
|
|upkeep
|turn|39
|
|t:|1622737770
|move|p2a: Crobat|Roost|p2a: Crobat
|-heal|p2a: Crobat|100/100
|-singleturn|p2a: Crobat|move: Roost
|move|p1a: Gastrodon|Earth Power|p2a: Crobat
|-supereffective|p2a: Crobat
|-crit|p2a: Crobat
|-damage|p2a: Crobat|0 fnt
|faint|p2a: Crobat
|
|win|Glidinganteater
|raw|Glidinganteater's rating: 1356 &rarr; <strong>1374</strong><br />(+18 for winning)
|raw|CarlosSpicyweiner0's rating: 1325 &rarr; <strong>1307</strong><br />(-18 for losing)
|l|☆CarlosSpicyweiner0
|c|☆Glidinganteater|Hg
|l| forestcave
||Ladder isn't responding, score probably updated but might not have (Request timeout).
