|j|☆Zorkthar
|j|☆Bl153
|t:|1617582653
|gametype|singles
|player|p1|Zorkthar|pokekid|1286
|player|p2|Bl153|266|1209
|teamsize|p1|6
|teamsize|p2|6
|gen|8
|tier|[Gen 8] RU
|rated|
|clearpoke
|poke|p1|Heracross, M|
|poke|p1|Sharpedo, F|
|poke|p1|Aerodactyl, F|
|poke|p1|Metagross|
|poke|p1|Mimikyu, F|
|poke|p1|Zarude|
|poke|p2|Charizard, M|
|poke|p2|Skuntank, M|
|poke|p2|Mr. Rime, M|
|poke|p2|Copperajah, M|
|poke|p2|Rhydon, M|
|poke|p2|Virizion|
|rule|Sleep Clause Mod: Limit one foe put to sleep
|rule|Species Clause: Limit one of each Pokémon
|rule|OHKO Clause: OHKO moves are banned
|rule|Evasion Moves Clause: Evasion moves are banned
|rule|Endless Battle Clause: Forcing endless battles is banned
|rule|HP Percentage Mod: HP is shown in percentages
|rule|Dynamax Clause: You cannot dynamax
|teampreview
|c|☆Bl153|hf
|c|☆Zorkthar|U2
|
|t:|1617582677
|start
|switch|p1a: Heracross|Heracross, M|100/100
|switch|p2a: Rhydon|Rhydon, M|100/100
|turn|1
|
|t:|1617582688
|move|p1a: Heracross|Knock Off|p2a: Rhydon
|-damage|p2a: Rhydon|86/100
|-enditem|p2a: Rhydon|Eviolite|[from] move: Knock Off|[of] p1a: Heracross
|move|p2a: Rhydon|Ice Punch|p1a: Heracross
|-damage|p1a: Heracross|69/100
|-status|p1a: Heracross|frz
|
|upkeep
|turn|2
|
|t:|1617582697
|cant|p1a: Heracross|frz
|move|p2a: Rhydon|Stealth Rock|p1a: Heracross
|-sidestart|p1: Zorkthar|move: Stealth Rock
|
|upkeep
|turn|3
|
|t:|1617582700
|cant|p1a: Heracross|frz
|move|p2a: Rhydon|Dragon Tail|p1a: Heracross
|-damage|p1a: Heracross|42/100 frz
|drag|p1a: Sharpedo|Sharpedo, F|100/100
|-damage|p1a: Sharpedo|88/100|[from] Stealth Rock
|
|upkeep
|turn|4
|
|t:|1617582707
|switch|p2a: Virizion|Virizion|100/100
|move|p1a: Sharpedo|Hydro Pump|p2a: Virizion
|-resisted|p2a: Virizion
|-damage|p2a: Virizion|81/100
|-damage|p1a: Sharpedo|78/100|[from] item: Life Orb
|
|-ability|p1a: Sharpedo|Speed Boost|boost
|-boost|p1a: Sharpedo|spe|1
|upkeep
|turn|5
|
|t:|1617582718
|switch|p1a: Metagross|Metagross|100/100
|-damage|p1a: Metagross|94/100|[from] Stealth Rock
|move|p2a: Virizion|Giga Drain|p1a: Metagross
|-resisted|p1a: Metagross
|-damage|p1a: Metagross|79/100
|-heal|p2a: Virizion|90/100|[from] drain|[of] p1a: Metagross
|
|upkeep
|turn|6
|
|t:|1617582732
|switch|p2a: Charizard|Charizard, M|100/100
|move|p1a: Metagross|Stealth Rock|p2a: Charizard
|-sidestart|p2: Bl153|move: Stealth Rock
|
|upkeep
|turn|7
|
|t:|1617582738
|switch|p1a: Aerodactyl|Aerodactyl, F|100/100
|-ability|p1a: Aerodactyl|Unnerve
|-damage|p1a: Aerodactyl|76/100|[from] Stealth Rock
|move|p2a: Charizard|Swords Dance|p2a: Charizard
|-boost|p2a: Charizard|atk|2
|
|upkeep
|turn|8
|
|t:|1617582748
|switch|p2a: Copperajah|Copperajah, M|100/100
|-damage|p2a: Copperajah|94/100|[from] Stealth Rock
|move|p1a: Aerodactyl|Stone Edge|p2a: Copperajah
|-resisted|p2a: Copperajah
|-damage|p2a: Copperajah|65/100
|-damage|p1a: Aerodactyl|66/100|[from] item: Life Orb
|
|upkeep
|turn|9
|
|t:|1617582760
|move|p1a: Aerodactyl|Earthquake|p2a: Copperajah
|-supereffective|p2a: Copperajah
|-damage|p2a: Copperajah|0 fnt
|-damage|p1a: Aerodactyl|56/100|[from] item: Life Orb
|faint|p2a: Copperajah
|
|upkeep
|
|t:|1617582768
|switch|p2a: Rhydon|Rhydon, M|86/100
|-damage|p2a: Rhydon|80/100|[from] Stealth Rock
|turn|10
|
|t:|1617582777
|switch|p1a: Zarude|Zarude|100/100
|-damage|p1a: Zarude|88/100|[from] Stealth Rock
|move|p2a: Rhydon|Ice Punch|p1a: Zarude
|-supereffective|p1a: Zarude
|-damage|p1a: Zarude|43/100
|
|upkeep
|turn|11
|
|t:|1617582788
|switch|p2a: Virizion|Virizion|90/100
|-damage|p2a: Virizion|83/100|[from] Stealth Rock
|move|p1a: Zarude|U-turn|p2a: Virizion
|-damage|p2a: Virizion|54/100
|
|t:|1617582795
|switch|p1a: Aerodactyl|Aerodactyl, F|56/100|[from]move: U-turn
|-ability|p1a: Aerodactyl|Unnerve
|-damage|p1a: Aerodactyl|31/100|[from] Stealth Rock
|
|upkeep
|turn|12
|
|t:|1617582840
|move|p1a: Aerodactyl|Dragon Dance|p1a: Aerodactyl
|-boost|p1a: Aerodactyl|atk|1
|-boost|p1a: Aerodactyl|spe|1
|move|p2a: Virizion|Giga Drain|p1a: Aerodactyl
|-damage|p1a: Aerodactyl|0 fnt
|-heal|p2a: Virizion|69/100|[from] drain|[of] p1a: Aerodactyl
|faint|p1a: Aerodactyl
|
|upkeep
|-message|Zorkthar forfeited.
|
|win|Bl153
|raw|Zorkthar's rating: 1286 &rarr; <strong>1256</strong><br />(-30 for losing)
|raw|Bl153's rating: 1209 &rarr; <strong>1239</strong><br />(+30 for winning)
|l|☆Zorkthar
