|j|☆Its oyster time
|j|☆A Very Gay Girl
|inactive|Battle timer is ON: inactive players will automatically lose when time's up.
|t:|1660690939
|gametype|singles
|player|p1|Its oyster time|birdkeeper-gen6|
|player|p2|A Very Gay Girl|lady-gen4|
|teamsize|p1|6
|teamsize|p2|6
|gen|8
|tier|[Gen 8] RU
|rated|Tournament battle
|rule|Sleep Clause Mod: Limit one foe put to sleep
|rule|Species Clause: Limit one of each Pokémon
|rule|OHKO Clause: OHKO moves are banned
|rule|Evasion Items Clause: Evasion items are banned
|rule|Evasion Moves Clause: Evasion moves are banned
|rule|Endless Battle Clause: Forcing endless battles is banned
|rule|HP Percentage Mod: HP is shown in percentages
|rule|Dynamax Clause: You cannot dynamax
|clearpoke
|poke|p1|Polteageist|
|poke|p1|Indeedee-F, F|
|poke|p1|Heracross, M|
|poke|p1|Barbaracle, F|
|poke|p1|Toxtricity, F|
|poke|p1|Flygon, M|
|poke|p2|Togekiss, M|
|poke|p2|Salazzle, F|
|poke|p2|Bronzong|
|poke|p2|Flygon, F|
|poke|p2|Milotic, F|
|poke|p2|Xurkitree|
|teampreview
|inactive|A Very Gay Girl also wants the timer to be on.
|inactive|Its oyster time also wants the timer to be on.
|j|%yOuRwElCoMeThAnk
|
|t:|1660690968
|start
|switch|p1a: Heracross|Heracross, M|100/100
|switch|p2a: Flygon|Flygon, F|100/100
|turn|1
|
|t:|1660690973
|move|p2a: Flygon|U-turn|p1a: Heracross
|-resisted|p1a: Heracross
|-damage|p1a: Heracross|77/100
|
|t:|1660690982
|switch|p2a: Togekiss|Togekiss, M|100/100|[from]move: U-turn
|move|p1a: Heracross|Spikes|p2a: Togekiss
|-sidestart|p2: A Very Gay Girl|Spikes
|
|upkeep
|turn|2
|
|t:|1660690988
|move|p1a: Heracross|Stone Edge|p2a: Togekiss
|-supereffective|p2a: Togekiss
|-damage|p2a: Togekiss|37/100
|move|p2a: Togekiss|Flamethrower|p1a: Heracross
|-supereffective|p1a: Heracross
|-damage|p1a: Heracross|22/100
|-status|p1a: Heracross|brn
|
|-damage|p1a: Heracross|16/100 brn|[from] brn
|upkeep
|turn|3
|
|t:|1660691001
|move|p1a: Heracross|Stone Edge|p2a: Togekiss|[miss]
|-miss|p1a: Heracross|p2a: Togekiss
|move|p2a: Togekiss|Flamethrower|p1a: Heracross
|-supereffective|p1a: Heracross
|-damage|p1a: Heracross|0 fnt
|faint|p1a: Heracross
|
|upkeep
|
|t:|1660691016
|switch|p1a: Indeedee|Indeedee-F, F|100/100
|-fieldstart|move: Psychic Terrain|[from] ability: Psychic Surge|[of] p1a: Indeedee
|turn|4
|
|t:|1660691020
|move|p1a: Indeedee|Trick|p2a: Togekiss
|-activate|p1a: Indeedee|move: Trick|[of] p2a: Togekiss
|-item|p2a: Togekiss|Choice Scarf|[from] move: Trick
|-item|p1a: Indeedee|Heavy-Duty Boots|[from] move: Trick
|move|p2a: Togekiss|Air Slash|p1a: Indeedee
|-damage|p1a: Indeedee|65/100
|
|upkeep
|turn|5
|
|t:|1660691025
|switch|p1a: Toxtricity|Toxtricity, F|100/100
|move|p2a: Togekiss|Air Slash|p1a: Toxtricity
|-resisted|p1a: Toxtricity
|-damage|p1a: Toxtricity|77/100
|
|upkeep
|turn|6
|
|t:|1660691030
|move|p2a: Togekiss|Air Slash|p1a: Toxtricity
|-resisted|p1a: Toxtricity
|-damage|p1a: Toxtricity|51/100
|cant|p1a: Toxtricity|flinch
|
|upkeep
|turn|7
|
|t:|1660691035
|move|p2a: Togekiss|Air Slash|p1a: Toxtricity
|-resisted|p1a: Toxtricity
|-damage|p1a: Toxtricity|29/100
|cant|p1a: Toxtricity|flinch
|
|upkeep
|turn|8
|
|t:|1660691039
|move|p2a: Togekiss|Air Slash|p1a: Toxtricity
|-resisted|p1a: Toxtricity
|-damage|p1a: Toxtricity|5/100
|move|p1a: Toxtricity|Overdrive|p2a: Togekiss
|-supereffective|p2a: Togekiss
|-damage|p2a: Togekiss|0 fnt
|faint|p2a: Togekiss
|-damage|p1a: Toxtricity|0 fnt|[from] item: Life Orb
|faint|p1a: Toxtricity
|
|-fieldend|move: Psychic Terrain
|upkeep
|
|t:|1660691059
|switch|p2a: Milotic|Milotic, F|100/100
|switch|p1a: Indeedee|Indeedee-F, F|65/100
|-fieldstart|move: Psychic Terrain|[from] ability: Psychic Surge|[of] p1a: Indeedee
|turn|9
|
|t:|1660691068
|move|p1a: Indeedee|Expanding Force|p2a: Milotic
|-damage|p2a: Milotic|51/100
|move|p2a: Milotic|Scald|p1a: Indeedee
|-damage|p1a: Indeedee|35/100
|
|upkeep
|turn|10
|
|t:|1660691076
|switch|p2a: Salazzle|Salazzle, F|100/100
|move|p1a: Indeedee|Expanding Force|p2a: Salazzle
|-supereffective|p2a: Salazzle
|-damage|p2a: Salazzle|0 fnt
|faint|p2a: Salazzle
|
|upkeep
|
|t:|1660691083
|switch|p2a: Flygon|Flygon, F|100/100
|turn|11
|
|t:|1660691088
|move|p2a: Flygon|U-turn|p1a: Indeedee
|-supereffective|p1a: Indeedee
|-damage|p1a: Indeedee|0 fnt
|faint|p1a: Indeedee
|
|t:|1660691103
|switch|p2a: Milotic|Milotic, F|51/100|[from]move: U-turn
|
|upkeep
|
|t:|1660691108
|switch|p1a: Flygon|Flygon, M|100/100
|turn|12
|
|t:|1660691111
|move|p1a: Flygon|Dragon Dance|p1a: Flygon
|-boost|p1a: Flygon|atk|1
|-boost|p1a: Flygon|spe|1
|move|p2a: Milotic|Recover|p2a: Milotic
|-heal|p2a: Milotic|100/100
|
|upkeep
|turn|13
|
|t:|1660691116
|move|p1a: Flygon|Earthquake|p2a: Milotic
|-damage|p2a: Milotic|50/100
|move|p2a: Milotic|Haze|p2a: Milotic
|-clearallboost
|
|-fieldend|move: Psychic Terrain
|upkeep
|turn|14
|
|t:|1660691122
|move|p1a: Flygon|Dragon Dance|p1a: Flygon
|-boost|p1a: Flygon|atk|1
|-boost|p1a: Flygon|spe|1
|move|p2a: Milotic|Recover|p2a: Milotic
|-heal|p2a: Milotic|99/100
|
|upkeep
|turn|15
|
|t:|1660691127
|move|p1a: Flygon|Earthquake|p2a: Milotic
|-damage|p2a: Milotic|45/100
|move|p2a: Milotic|Flip Turn|p1a: Flygon
|-damage|p1a: Flygon|82/100
|
|t:|1660691133
|switch|p2a: Bronzong|Bronzong|100/100|[from]move: Flip Turn
|
|upkeep
|turn|16
|
|t:|1660691141
|switch|p1a: Barbaracle|Barbaracle, F|100/100
|move|p2a: Bronzong|Toxic|p1a: Barbaracle
|-status|p1a: Barbaracle|tox
|
|-damage|p1a: Barbaracle|95/100 tox|[from] psn
|upkeep
|turn|17
|
|t:|1660691148
|move|p1a: Barbaracle|Shell Smash|p1a: Barbaracle
|-unboost|p1a: Barbaracle|def|1
|-unboost|p1a: Barbaracle|spd|1
|-boost|p1a: Barbaracle|atk|2
|-boost|p1a: Barbaracle|spa|2
|-boost|p1a: Barbaracle|spe|2
|-enditem|p1a: Barbaracle|White Herb
|-clearnegativeboost|p1a: Barbaracle|[silent]
|move|p2a: Bronzong|Earthquake|p1a: Barbaracle
|-supereffective|p1a: Barbaracle
|-damage|p1a: Barbaracle|50/100 tox
|
|-damage|p1a: Barbaracle|38/100 tox|[from] psn
|upkeep
|turn|18
|
|t:|1660691159
|move|p1a: Barbaracle|Liquidation|p2a: Bronzong
|-damage|p2a: Bronzong|25/100
|move|p2a: Bronzong|Body Press|p1a: Barbaracle
|-supereffective|p1a: Barbaracle
|-damage|p1a: Barbaracle|0 fnt
|faint|p1a: Barbaracle
|
|-heal|p2a: Bronzong|31/100|[from] item: Leftovers
|upkeep
|
|t:|1660691165
|switch|p1a: Polteageist|Polteageist|100/100
|turn|19
|
|t:|1660691179
|move|p1a: Polteageist|Shadow Ball|p2a: Bronzong
|-supereffective|p2a: Bronzong
|-damage|p2a: Bronzong|0 fnt
|faint|p2a: Bronzong
|
|upkeep
|
|t:|1660691201
|switch|p2a: Milotic|Milotic, F|45/100
|turn|20
|inactive|A Very Gay Girl has 120 seconds left.
|j| zeeLitium
|
|t:|1660691238
|move|p1a: Polteageist|Shell Smash|p1a: Polteageist
|-unboost|p1a: Polteageist|def|1
|-unboost|p1a: Polteageist|spd|1
|-boost|p1a: Polteageist|atk|2
|-boost|p1a: Polteageist|spa|2
|-boost|p1a: Polteageist|spe|2
|-enditem|p1a: Polteageist|White Herb
|-clearnegativeboost|p1a: Polteageist|[silent]
|move|p2a: Milotic|Haze|p2a: Milotic
|-clearallboost
|
|upkeep
|turn|21
|inactive|Its oyster time has 120 seconds left.
|
|t:|1660691271
|move|p1a: Polteageist|Shell Smash|p1a: Polteageist
|-unboost|p1a: Polteageist|def|1
|-unboost|p1a: Polteageist|spd|1
|-boost|p1a: Polteageist|atk|2
|-boost|p1a: Polteageist|spa|2
|-boost|p1a: Polteageist|spe|2
|move|p2a: Milotic|Flip Turn|p1a: Polteageist
|-crit|p1a: Polteageist
|-damage|p1a: Polteageist|56/100
|inactive|A Very Gay Girl has 90 seconds left.
|
|t:|1660691294
|switch|p2a: Flygon|Flygon, F|100/100|[from]move: Flip Turn
|
|upkeep
|turn|22
|c|☆A Very Gay Girl|damn that's game
|inactive|A Very Gay Girl has 90 seconds left.
|c|☆A Very Gay Girl|unless crit
|
|t:|1660691308
|move|p2a: Flygon|First Impression|p1a: Polteageist
|-resisted|p1a: Polteageist
|-damage|p1a: Polteageist|7/100
|-start|p2a: Flygon|Disable|First Impression|[from] ability: Cursed Body|[of] p1a: Polteageist
|move|p1a: Polteageist|Shadow Ball|p2a: Flygon
|-crit|p2a: Flygon
|-damage|p2a: Flygon|0 fnt
|faint|p2a: Flygon
|
|upkeep
|inactive|A Very Gay Girl has 90 seconds left.
|c|☆Its oyster time|sad
|c|☆A Very Gay Girl|gg wp
|c|☆Its oyster time|gg
|
|t:|1660691321
|switch|p2a: Milotic|Milotic, F|45/100
|turn|23
|
|t:|1660691324
|move|p1a: Polteageist|Shadow Ball|p2a: Milotic
|-damage|p2a: Milotic|0 fnt
|faint|p2a: Milotic
|
|upkeep
|
|t:|1660691326
|switch|p2a: Xurkitree|Xurkitree|100/100
|-damage|p2a: Xurkitree|88/100|[from] Spikes
|turn|24
|
|t:|1660691329
|move|p1a: Polteageist|Shadow Ball|p2a: Xurkitree
|-damage|p2a: Xurkitree|0 fnt
|faint|p2a: Xurkitree
|
|win|Its oyster time
|n|☆Its oyster time|itsoystertime
|n|☆A Very Gay Girl|averygaygirl
|n| yOuRwElCoMeThAnk|yourwelcomethank
|n| zeeLitium|zeelitium
