|j|☆monotypewhat
|j|☆69240666 lol
|player|p1|monotypewhat|102|1575
|player|p2|69240666 lol|aaron|1455
|teamsize|p1|6
|teamsize|p2|6
|gametype|singles
|gen|8
|tier|[Gen 8] RU
|rated|
|clearpoke
|poke|p1|Machamp, M|
|poke|p1|Vileplume, M|
|poke|p1|Vaporeon, M|
|poke|p1|Duraludon, F|
|poke|p1|Braviary, M|
|poke|p1|Claydol|
|poke|p2|Machamp, M|
|poke|p2|Dhelmise|
|poke|p2|Mudsdale, M|
|poke|p2|Duraludon, F|
|poke|p2|Braviary, M|
|poke|p2|Silvally-*|
|rule|Sleep Clause Mod: Limit one foe put to sleep
|rule|Species Clause: Limit one of each Pokémon
|rule|OHKO Clause: OHKO moves are banned
|rule|Evasion Moves Clause: Evasion moves are banned
|rule|Endless Battle Clause: Forcing endless battles is banned
|rule|HP Percentage Mod: HP is shown in percentages
|rule|Dynamax Clause: You cannot dynamax
|teampreview
|inactive|Battle timer is ON: inactive players will automatically lose when time's up. (requested by monotypewhat)
|
|start
|switch|p1a: Duraludon|Duraludon, F|100/100
|switch|p2a: Mudsdale|Mudsdale, M|100/100
|turn|1
|
|move|p1a: Duraludon|Steel Beam|p2a: Mudsdale
|-damage|p2a: Mudsdale|0 fnt
|-damage|p1a: Duraludon|50/100|[from] mindblown
|faint|p2a: Mudsdale
|
|upkeep
|
|switch|p2a: Silvally|Silvally-Fairy|100/100
|turn|2
|
|switch|p1a: Vileplume|Vileplume, M|100/100
|move|p2a: Silvally|Multi-Attack|p1a: Vileplume
|-resisted|p1a: Vileplume
|-damage|p1a: Vileplume|81/100
|
|-heal|p1a: Vileplume|88/100|[from] item: Black Sludge
|upkeep
|turn|3
|
|switch|p2a: Braviary|Braviary, M|100/100
|move|p1a: Vileplume|Giga Drain|p2a: Braviary
|-resisted|p2a: Braviary
|-damage|p2a: Braviary|83/100
|-heal|p1a: Vileplume|96/100|[from] drain|[of] p2a: Braviary
|
|-heal|p1a: Vileplume|100/100|[from] item: Black Sludge
|upkeep
|turn|4
|
|switch|p1a: Vaporeon|Vaporeon, M|100/100
|move|p2a: Braviary|Brave Bird|p1a: Vaporeon
|-damage|p1a: Vaporeon|53/100
|-damage|p2a: Braviary|61/100|[from] Recoil
|
|-heal|p1a: Vaporeon|59/100|[from] item: Leftovers
|upkeep
|turn|5
|
|switch|p2a: Boo Lagun|Dhelmise|100/100
|move|p1a: Vaporeon|Wish|p1a: Vaporeon
|
|-heal|p1a: Vaporeon|66/100|[from] item: Leftovers
|upkeep
|turn|6
|
|switch|p2a: Machamp|Machamp, M|100/100
|move|p1a: Vaporeon|Protect||[still]
|-fail|p1a: Vaporeon
|
|-heal|p1a: Vaporeon|100/100|[from] move: Wish|[wisher] Vaporeon
|upkeep
|turn|7
|
|switch|p1a: Vileplume|Vileplume, M|100/100
|move|p2a: Machamp|Close Combat|p1a: Vileplume
|-resisted|p1a: Vileplume
|-damage|p1a: Vileplume|75/100
|-unboost|p2a: Machamp|def|1
|-unboost|p2a: Machamp|spd|1
|
|-heal|p1a: Vileplume|81/100|[from] item: Black Sludge
|upkeep
|turn|8
|
|switch|p2a: Braviary|Braviary, M|61/100
|move|p1a: Vileplume|Sludge Bomb|p2a: Braviary
|-damage|p2a: Braviary|22/100
|
|-heal|p1a: Vileplume|88/100|[from] item: Black Sludge
|upkeep
|turn|9
|
|switch|p1a: Vaporeon|Vaporeon, M|100/100
|move|p2a: Braviary|Brave Bird|p1a: Vaporeon
|-damage|p1a: Vaporeon|57/100
|-damage|p2a: Braviary|3/100|[from] Recoil
|
|-heal|p1a: Vaporeon|63/100|[from] item: Leftovers
|upkeep
|turn|10
|
|move|p2a: Braviary|Brave Bird|p1a: Vaporeon
|-damage|p1a: Vaporeon|15/100
|-damage|p2a: Braviary|0 fnt|[from] Recoil
|faint|p2a: Braviary
|move|p1a: Vaporeon|Wish|p1a: Vaporeon
|
|-heal|p1a: Vaporeon|21/100|[from] item: Leftovers
|upkeep
|
|switch|p2a: Silvally|Silvally-Fairy|100/100
|turn|11
|
|move|p2a: Silvally|Swords Dance|p2a: Silvally
|-boost|p2a: Silvally|atk|2
|move|p1a: Vaporeon|Toxic|p2a: Silvally
|-status|p2a: Silvally|tox
|
|-heal|p1a: Vaporeon|71/100|[from] move: Wish|[wisher] Vaporeon
|-heal|p1a: Vaporeon|77/100|[from] item: Leftovers
|-damage|p2a: Silvally|94/100 tox|[from] psn
|upkeep
|turn|12
|
|move|p1a: Vaporeon|Protect|p1a: Vaporeon
|-singleturn|p1a: Vaporeon|Protect
|move|p2a: Silvally|Multi-Attack|p1a: Vaporeon
|-activate|p1a: Vaporeon|move: Protect
|
|-heal|p1a: Vaporeon|84/100|[from] item: Leftovers
|-damage|p2a: Silvally|82/100 tox|[from] psn
|upkeep
|turn|13
|
|move|p2a: Silvally|Multi-Attack|p1a: Vaporeon
|-crit|p1a: Vaporeon
|-damage|p1a: Vaporeon|0 fnt
|faint|p1a: Vaporeon
|
|-damage|p2a: Silvally|64/100 tox|[from] psn
|upkeep
|
|switch|p1a: Vileplume|Vileplume, M|88/100
|turn|14
|
|move|p2a: Silvally|Psychic Fangs|p1a: Vileplume
|-supereffective|p1a: Vileplume
|-damage|p1a: Vileplume|12/100
|move|p1a: Vileplume|Strength Sap|p2a: Silvally
|-unboost|p2a: Silvally|atk|1
|-heal|p1a: Vileplume|100/100
|
|-damage|p2a: Silvally|40/100 tox|[from] psn
|upkeep
|turn|15
|
|move|p2a: Silvally|Psychic Fangs|p1a: Vileplume
|-supereffective|p1a: Vileplume
|-damage|p1a: Vileplume|45/100
|move|p1a: Vileplume|Strength Sap|p2a: Silvally
|-unboost|p2a: Silvally|atk|1
|-heal|p1a: Vileplume|100/100
|
|-damage|p2a: Silvally|10/100 tox|[from] psn
|upkeep
|turn|16
|
|move|p2a: Silvally|Psychic Fangs|p1a: Vileplume
|-supereffective|p1a: Vileplume
|-damage|p1a: Vileplume|65/100
|move|p1a: Vileplume|Strength Sap|p2a: Silvally
|-unboost|p2a: Silvally|atk|1
|-heal|p1a: Vileplume|100/100
|
|-damage|p2a: Silvally|0 fnt|[from] psn
|faint|p2a: Silvally
|upkeep
|
|switch|p2a: Duraludon|Duraludon, F|100/100
|turn|17
|
|switch|p1a: Duraludon|Duraludon, F|50/100
|move|p2a: Duraludon|Draco Meteor|p1a: Duraludon
|-damage|p1a: Duraludon|0 fnt
|-unboost|p2a: Duraludon|spa|2
|faint|p1a: Duraludon
|
|upkeep
|
|switch|p1a: Machamp|Machamp, M|100/100
|turn|18
|
|switch|p2a: Boo Lagun|Dhelmise|100/100
|move|p1a: Machamp|Close Combat|p2a: Boo Lagun
|-immune|p2a: Boo Lagun
|
|-status|p1a: Machamp|brn|[from] item: Flame Orb
|upkeep
|turn|19
|
|move|p1a: Machamp|Knock Off|p2a: Boo Lagun
|-supereffective|p2a: Boo Lagun
|-damage|p2a: Boo Lagun|5/100
|-enditem|p2a: Boo Lagun|Assault Vest|[from] move: Knock Off|[of] p1a: Machamp
|move|p2a: Boo Lagun|Power Whip|p1a: Machamp
|-damage|p1a: Machamp|23/100 brn
|
|-damage|p1a: Machamp|17/100 brn|[from] brn
|upkeep
|turn|20
|
|move|p1a: Machamp|Knock Off|p2a: Boo Lagun
|-supereffective|p2a: Boo Lagun
|-damage|p2a: Boo Lagun|0 fnt
|faint|p2a: Boo Lagun
|
|-damage|p1a: Machamp|10/100 brn|[from] brn
|upkeep
|
|switch|p2a: Duraludon|Duraludon, F|100/100
|turn|21
|
|move|p1a: Machamp|Bullet Punch|p2a: Duraludon
|-resisted|p2a: Duraludon
|-damage|p2a: Duraludon|91/100
|move|p2a: Duraludon|Flash Cannon|p1a: Machamp
|-damage|p1a: Machamp|0 fnt
|faint|p1a: Machamp
|
|-heal|p2a: Duraludon|97/100|[from] item: Leftovers
|upkeep
|
|switch|p1a: Claydol|Claydol|100/100
|turn|22
|
|switch|p2a: Machamp|Machamp, M|100/100
|move|p1a: Claydol|Scorching Sands|p2a: Machamp
|-damage|p2a: Machamp|88/100
|
|upkeep
|turn|23
|
|switch|p1a: Vileplume|Vileplume, M|100/100
|move|p2a: Machamp|Knock Off|p1a: Vileplume
|-damage|p1a: Vileplume|71/100
|-enditem|p1a: Vileplume|Black Sludge|[from] move: Knock Off|[of] p2a: Machamp
|
|upkeep
|turn|24
|
|switch|p2a: Duraludon|Duraludon, F|97/100
|move|p1a: Vileplume|Giga Drain|p2a: Duraludon
|-resisted|p2a: Duraludon
|-damage|p2a: Duraludon|84/100
|-heal|p1a: Vileplume|77/100|[from] drain|[of] p2a: Duraludon
|
|-heal|p2a: Duraludon|90/100|[from] item: Leftovers
|upkeep
|turn|25
|
|switch|p1a: Claydol|Claydol|100/100
|move|p2a: Duraludon|Draco Meteor|p1a: Claydol
|-damage|p1a: Claydol|54/100
|-unboost|p2a: Duraludon|spa|2
|
|-heal|p2a: Duraludon|96/100|[from] item: Leftovers
|upkeep
|turn|26
|
|switch|p2a: Machamp|Machamp, M|88/100
|move|p1a: Claydol|Psychic|p2a: Machamp
|-supereffective|p2a: Machamp
|-damage|p2a: Machamp|54/100
|
|upkeep
|turn|27
|
|move|p1a: Claydol|Psychic|p2a: Machamp
|-supereffective|p2a: Machamp
|-damage|p2a: Machamp|26/100
|move|p2a: Machamp|Knock Off|p1a: Claydol
|-supereffective|p1a: Claydol
|-damage|p1a: Claydol|3/100
|
|upkeep
|turn|28
|
|move|p2a: Machamp|Bullet Punch|p1a: Claydol
|-crit|p1a: Claydol
|-damage|p1a: Claydol|0 fnt
|faint|p1a: Claydol
|
|upkeep
|
|switch|p1a: Braviary|Braviary, M|100/100
|turn|29
|
|move|p2a: Machamp|Bullet Punch|p1a: Braviary
|-damage|p1a: Braviary|79/100
|move|p1a: Braviary|Close Combat|p2a: Machamp
|-damage|p2a: Machamp|0 fnt
|-unboost|p1a: Braviary|def|1
|-unboost|p1a: Braviary|spd|1
|faint|p2a: Machamp
|
|upkeep
|
|switch|p2a: Duraludon|Duraludon, F|96/100
|turn|30
|
|move|p1a: Braviary|Close Combat|p2a: Duraludon
|-supereffective|p2a: Duraludon
|-damage|p2a: Duraludon|28/100
|-unboost|p1a: Braviary|def|1
|-unboost|p1a: Braviary|spd|1
|move|p2a: Duraludon|Flash Cannon|p1a: Braviary
|-damage|p1a: Braviary|0 fnt
|faint|p1a: Braviary
|
|-heal|p2a: Duraludon|35/100|[from] item: Leftovers
|upkeep
|
|switch|p1a: Vileplume|Vileplume, M|77/100
|turn|31
|
|move|p2a: Duraludon|Thunder Wave|p1a: Vileplume|[miss]
|-miss|p2a: Duraludon|p1a: Vileplume
|move|p1a: Vileplume|Strength Sap|p2a: Duraludon
|-unboost|p2a: Duraludon|atk|1
|-heal|p1a: Vileplume|100/100
|
|-heal|p2a: Duraludon|41/100|[from] item: Leftovers
|upkeep
|turn|32
|
|move|p2a: Duraludon|Flash Cannon|p1a: Vileplume
|-damage|p1a: Vileplume|58/100
|move|p1a: Vileplume|Giga Drain|p2a: Duraludon
|-resisted|p2a: Duraludon
|-damage|p2a: Duraludon|29/100
|-heal|p1a: Vileplume|63/100|[from] drain|[of] p2a: Duraludon
|
|-heal|p2a: Duraludon|35/100|[from] item: Leftovers
|upkeep
|turn|33
|
|move|p2a: Duraludon|Draco Meteor|p1a: Vileplume
|-damage|p1a: Vileplume|0 fnt
|-unboost|p2a: Duraludon|spa|2
|faint|p1a: Vileplume
|
|win|69240666 lol
|l|☆monotypewhat
||Ladder (probably) updated, but score could not be retrieved (Request timeout).
