|j|☆0w3n? owen.
|j|☆Glidinganteater
|t:|1619288584
|gametype|singles
|player|p1|0w3n? owen.|flannery|1210
|player|p2|Glidinganteater|palmer|1216
|teamsize|p1|6
|teamsize|p2|6
|gen|8
|tier|[Gen 8] RU
|rated|
|clearpoke
|poke|p1|Torkoal, F|
|poke|p1|Klefki, M|
|poke|p1|Umbreon, M|
|poke|p1|Vileplume, F|
|poke|p1|Charizard, M|
|poke|p1|Ninetales, F|
|poke|p2|Roserade, F|
|poke|p2|Rhyperior, M|
|poke|p2|Noivern, M|
|poke|p2|Cobalion|
|poke|p2|Starmie|
|poke|p2|Xurkitree|
|rule|Sleep Clause Mod: Limit one foe put to sleep
|rule|Species Clause: Limit one of each Pokémon
|rule|OHKO Clause: OHKO moves are banned
|rule|Evasion Moves Clause: Evasion moves are banned
|rule|Endless Battle Clause: Forcing endless battles is banned
|rule|HP Percentage Mod: HP is shown in percentages
|rule|Dynamax Clause: You cannot dynamax
|teampreview
|
|t:|1619288603
|start
|switch|p1a: Torkoal|Torkoal, F|100/100
|switch|p2a: Xurkitree|Xurkitree|100/100
|-weather|SunnyDay|[from] ability: Drought|[of] p1a: Torkoal
|turn|1
|
|t:|1619288620
|switch|p1a: Ninetales|Ninetales, F|100/100
|move|p2a: Xurkitree|Volt Switch|p1a: Ninetales
|-damage|p1a: Ninetales|64/100
|
|t:|1619288641
|switch|p2a: Noivern|Noivern, M|100/100|[from]move: Volt Switch
|
|-weather|SunnyDay|[upkeep]
|upkeep
|turn|2
|
|t:|1619288665
|move|p2a: Noivern|Draco Meteor|p1a: Ninetales
|-damage|p1a: Ninetales|13/100
|-unboost|p2a: Noivern|spa|2
|move|p1a: Ninetales|Overheat|p2a: Noivern
|-resisted|p2a: Noivern
|-damage|p2a: Noivern|62/100
|-unboost|p1a: Ninetales|spa|2
|
|-weather|SunnyDay|[upkeep]
|upkeep
|turn|3
|
|t:|1619288679
|switch|p1a: Klefki|Klefki, M|100/100
|move|p2a: Noivern|Roost|p2a: Noivern
|-heal|p2a: Noivern|100/100
|-singleturn|p2a: Noivern|move: Roost
|
|-weather|SunnyDay|[upkeep]
|upkeep
|turn|4
|
|t:|1619288694
|switch|p2a: Rhyperior|Rhyperior, M|100/100
|move|p1a: Klefki|Thunder Wave|p2a: Rhyperior
|-immune|p2a: Rhyperior
|
|-weather|SunnyDay|[upkeep]
|upkeep
|turn|5
|
|t:|1619288707
|move|p1a: Klefki|Toxic|p2a: Rhyperior
|-status|p2a: Rhyperior|tox
|move|p2a: Rhyperior|Stealth Rock|p1a: Klefki
|-sidestart|p1: 0w3n? owen.|move: Stealth Rock
|
|-weather|SunnyDay|[upkeep]
|-damage|p2a: Rhyperior|94/100 tox|[from] psn
|upkeep
|turn|6
|
|t:|1619288727
|switch|p1a: Umbreon|Umbreon, M|100/100
|-damage|p1a: Umbreon|88/100|[from] Stealth Rock
|move|p2a: Rhyperior|Stone Edge|p1a: Umbreon
|-damage|p1a: Umbreon|58/100
|
|-weather|SunnyDay|[upkeep]
|-heal|p1a: Umbreon|64/100|[from] item: Leftovers
|-heal|p2a: Rhyperior|100/100 tox|[from] item: Leftovers
|-damage|p2a: Rhyperior|88/100 tox|[from] psn
|upkeep
|turn|7
|
|t:|1619288742
|switch|p2a: Cobalion|Cobalion|100/100
|move|p1a: Umbreon|Wish|p1a: Umbreon
|
|-weather|SunnyDay|[upkeep]
|-heal|p1a: Umbreon|70/100|[from] item: Leftovers
|upkeep
|turn|8
|
|t:|1619288755
|switch|p1a: Torkoal|Torkoal, F|100/100
|-damage|p1a: Torkoal|75/100|[from] Stealth Rock
|move|p2a: Cobalion|Volt Switch|p1a: Torkoal
|-damage|p1a: Torkoal|56/100
|
|t:|1619288760
|switch|p2a: Xurkitree|Xurkitree|100/100|[from]move: Volt Switch
|
|-weather|none
|-heal|p1a: Torkoal|100/100|[from] move: Wish|[wisher] Umbreon
|upkeep
|turn|9
|
|t:|1619288769
|switch|p1a: Klefki|Klefki, M|100/100
|-damage|p1a: Klefki|95/100|[from] Stealth Rock
|move|p2a: Xurkitree|Volt Switch|p1a: Klefki
|-damage|p1a: Klefki|57/100
|
|t:|1619288773
|switch|p2a: Rhyperior|Rhyperior, M|88/100 tox|[from]move: Volt Switch
|
|-heal|p1a: Klefki|63/100|[from] item: Leftovers
|-heal|p2a: Rhyperior|94/100 tox|[from] item: Leftovers
|-damage|p2a: Rhyperior|88/100 tox|[from] psn
|upkeep
|turn|10
|
|t:|1619288782
|move|p1a: Klefki|Defog|p2a: Rhyperior
|-unboost|p2a: Rhyperior|evasion|1
|-sideend|p1: 0w3n? owen.|Stealth Rock|[from] move: Defog|[of] p1a: Klefki
|move|p2a: Rhyperior|Earthquake|p1a: Klefki
|-supereffective|p1a: Klefki
|-damage|p1a: Klefki|0 fnt
|faint|p1a: Klefki
|
|-heal|p2a: Rhyperior|94/100 tox|[from] item: Leftovers
|-damage|p2a: Rhyperior|82/100 tox|[from] psn
|upkeep
|
|t:|1619288794
|switch|p1a: Ninetales|Ninetales, F|13/100
|-weather|SunnyDay|[from] ability: Drought|[of] p1a: Ninetales
|turn|11
|
|t:|1619288803
|switch|p1a: Charizard|Charizard, M|100/100
|switch|p2a: Noivern|Noivern, M|100/100
|
|-weather|SunnyDay|[upkeep]
|-damage|p1a: Charizard|88/100|[from] ability: Solar Power|[of] p1a: Charizard
|upkeep
|turn|12
|
|t:|1619288824
|switch|p1a: Umbreon|Umbreon, M|70/100
|move|p2a: Noivern|Draco Meteor|p1a: Umbreon
|-damage|p1a: Umbreon|33/100
|-unboost|p2a: Noivern|spa|2
|
|-weather|SunnyDay|[upkeep]
|-heal|p1a: Umbreon|40/100|[from] item: Leftovers
|upkeep
|turn|13
|
|t:|1619288833
|move|p2a: Noivern|U-turn|p1a: Umbreon
|-supereffective|p1a: Umbreon
|-damage|p1a: Umbreon|27/100
|
|t:|1619288845
|switch|p2a: Cobalion|Cobalion|100/100|[from]move: U-turn
|move|p1a: Umbreon|Wish|p1a: Umbreon
|
|-weather|SunnyDay|[upkeep]
|-heal|p1a: Umbreon|33/100|[from] item: Leftovers
|upkeep
|turn|14
|
|t:|1619288854
|move|p1a: Umbreon|Protect|p1a: Umbreon
|-singleturn|p1a: Umbreon|Protect
|move|p2a: Cobalion|Swords Dance|p2a: Cobalion
|-boost|p2a: Cobalion|atk|2
|
|-weather|SunnyDay|[upkeep]
|-heal|p1a: Umbreon|83/100|[from] move: Wish|[wisher] Umbreon
|-heal|p1a: Umbreon|90/100|[from] item: Leftovers
|upkeep
|turn|15
|
|t:|1619288863
|move|p2a: Cobalion|Close Combat|p1a: Umbreon
|-supereffective|p1a: Umbreon
|-damage|p1a: Umbreon|0 fnt
|-unboost|p2a: Cobalion|def|1
|-unboost|p2a: Cobalion|spd|1
|faint|p1a: Umbreon
|
|-weather|SunnyDay|[upkeep]
|upkeep
|
|t:|1619288873
|switch|p1a: Charizard|Charizard, M|88/100
|turn|16
|
|t:|1619288903
|move|p2a: Cobalion|Volt Switch|p1a: Charizard
|-supereffective|p1a: Charizard
|-damage|p1a: Charizard|54/100
|
|t:|1619288918
|switch|p2a: Starmie|Starmie|100/100|[from]move: Volt Switch
|move|p1a: Charizard|Weather Ball|p2a: Starmie
|-resisted|p2a: Starmie
|-damage|p2a: Starmie|0 fnt
|faint|p2a: Starmie
|
|-weather|SunnyDay|[upkeep]
|-damage|p1a: Charizard|42/100|[from] ability: Solar Power|[of] p1a: Charizard
|upkeep
|
|t:|1619288922
|switch|p2a: Xurkitree|Xurkitree|100/100
|turn|17
|
|t:|1619288936
|move|p2a: Xurkitree|Volt Switch|p1a: Charizard
|-supereffective|p1a: Charizard
|-damage|p1a: Charizard|0 fnt
|faint|p1a: Charizard
|-ability|p2a: Xurkitree|Beast Boost|boost
|-boost|p2a: Xurkitree|spa|1
|
|t:|1619288951
|switch|p2a: Noivern|Noivern, M|100/100|[from]move: Volt Switch
|
|-weather|SunnyDay|[upkeep]
|upkeep
|
|t:|1619288957
|switch|p1a: Vileplume|Vileplume, F|100/100
|turn|18
|
|t:|1619288967
|switch|p2a: Cobalion|Cobalion|100/100
|move|p1a: Vileplume|Moonblast|p2a: Cobalion
|-damage|p2a: Cobalion|42/100
|
|-weather|none
|upkeep
|turn|19
|
|t:|1619288978
|move|p2a: Cobalion|Close Combat|p1a: Vileplume
|-resisted|p1a: Vileplume
|-damage|p1a: Vileplume|70/100
|-unboost|p2a: Cobalion|def|1
|-unboost|p2a: Cobalion|spd|1
|move|p1a: Vileplume|Moonblast|p2a: Cobalion
|-damage|p2a: Cobalion|0 fnt
|faint|p2a: Cobalion
|
|upkeep
|
|t:|1619288985
|switch|p2a: Roserade|Roserade, F, shiny|100/100
|turn|20
|
|t:|1619288990
|move|p2a: Roserade|Sludge Bomb|p1a: Vileplume
|-damage|p1a: Vileplume|14/100
|move|p1a: Vileplume|Moonblast|p2a: Roserade
|-resisted|p2a: Roserade
|-damage|p2a: Roserade|74/100
|
|-heal|p2a: Roserade|81/100|[from] item: Black Sludge
|upkeep
|turn|21
|
|t:|1619288998
|switch|p1a: Ninetales|Ninetales, F|13/100
|-weather|SunnyDay|[from] ability: Drought|[of] p1a: Ninetales
|move|p2a: Roserade|Sludge Bomb|p1a: Ninetales
|-damage|p1a: Ninetales|0 fnt
|faint|p1a: Ninetales
|
|-weather|SunnyDay|[upkeep]
|-heal|p2a: Roserade|87/100|[from] item: Black Sludge
|upkeep
|
|t:|1619289008
|switch|p1a: Vileplume|Vileplume, F|14/100
|turn|22
|
|t:|1619289014
|switch|p2a: Rhyperior|Rhyperior, M|82/100 tox
|move|p1a: Vileplume|Pollen Puff|p2a: Rhyperior
|-damage|p2a: Rhyperior|43/100 tox
|
|-weather|SunnyDay|[upkeep]
|-heal|p2a: Rhyperior|49/100 tox|[from] item: Leftovers
|-damage|p2a: Rhyperior|43/100 tox|[from] psn
|upkeep
|turn|23
|
|t:|1619289026
|switch|p1a: Torkoal|Torkoal, F|100/100
|switch|p2a: Noivern|Noivern, M|100/100
|
|-weather|SunnyDay|[upkeep]
|upkeep
|turn|24
|
|t:|1619289037
|move|p2a: Noivern|Draco Meteor|p1a: Torkoal
|-damage|p1a: Torkoal|15/100
|-unboost|p2a: Noivern|spa|2
|move|p1a: Torkoal|Overheat|p2a: Noivern
|-resisted|p2a: Noivern
|-damage|p2a: Noivern|59/100
|-unboost|p1a: Torkoal|spa|2
|
|-weather|SunnyDay|[upkeep]
|upkeep
|turn|25
|
|t:|1619289050
|move|p2a: Noivern|Roost|p2a: Noivern
|-heal|p2a: Noivern|100/100
|-singleturn|p2a: Noivern|move: Roost
|move|p1a: Torkoal|Will-O-Wisp|p2a: Noivern
|-status|p2a: Noivern|brn
|
|-weather|SunnyDay|[upkeep]
|-damage|p2a: Noivern|94/100 brn|[from] brn
|upkeep
|turn|26
|
|t:|1619289066
|move|p2a: Noivern|Draco Meteor|p1a: Torkoal
|-damage|p1a: Torkoal|0 fnt
|-unboost|p2a: Noivern|spa|2
|faint|p1a: Torkoal
|
|-weather|SunnyDay|[upkeep]
|-damage|p2a: Noivern|88/100 brn|[from] brn
|upkeep
|
|t:|1619289068
|switch|p1a: Vileplume|Vileplume, F|14/100
|turn|27
|
|t:|1619289082
|move|p1a: Vileplume|Solar Beam||[still]
|-prepare|p1a: Vileplume|Solar Beam
|-anim|p1a: Vileplume|Solar Beam|p2a: Noivern
|-resisted|p2a: Noivern
|-damage|p2a: Noivern|61/100 brn
|move|p2a: Noivern|Flamethrower|p1a: Vileplume
|-supereffective|p1a: Vileplume
|-damage|p1a: Vileplume|0 fnt
|faint|p1a: Vileplume
|
|win|Glidinganteater
|raw|0w3n? owen.'s rating: 1210 &rarr; <strong>1185</strong><br />(-25 for losing)
|raw|Glidinganteater's rating: 1216 &rarr; <strong>1241</strong><br />(+25 for winning)
|l|☆0w3n? owen.
|c|☆Glidinganteater|Gg
||Ladder isn't responding, score probably updated but might not have (Request timeout).
