|raw|<div class="broadcast-blue"><strong>This battle is required to be public due to a player having a name starting with 'rult50'.</div>
|j|☆toxrus1
|j|☆RULT50Q tfl
|t:|1626182095
|gametype|singles
|player|p1|toxrus1|beauty-gen4dp|1448
|player|p2|RULT50Q tfl|pokemonbreeder-gen4|1548
|teamsize|p1|6
|teamsize|p2|6
|gen|8
|tier|[Gen 8] RU
|rated|
|rule|Sleep Clause Mod: Limit one foe put to sleep
|rule|Species Clause: Limit one of each Pokémon
|rule|OHKO Clause: OHKO moves are banned
|rule|Evasion Moves Clause: Evasion moves are banned
|rule|Endless Battle Clause: Forcing endless battles is banned
|rule|HP Percentage Mod: HP is shown in percentages
|rule|Dynamax Clause: You cannot dynamax
|clearpoke
|poke|p1|Reuniclus, M|
|poke|p1|Umbreon, M|
|poke|p1|Indeedee, M|
|poke|p1|Weezing-Galar, F|
|poke|p1|Raikou|
|poke|p1|Seismitoad, F|
|poke|p2|Gastrodon, F|
|poke|p2|Togekiss, M|
|poke|p2|Stakataka|
|poke|p2|Reuniclus, M|
|poke|p2|Umbreon, M|
|poke|p2|Ditto|
|teampreview
|inactive|Battle timer is ON: inactive players will automatically lose when time's up. (requested by toxrus1)
|
|t:|1626182160
|start
|switch|p1a: Indeedee|Indeedee, M|100/100
|switch|p2a: Reuniclus|Reuniclus, M|100/100
|-fieldstart|move: Psychic Terrain|[from] ability: Psychic Surge|[of] p1a: Indeedee
|turn|1
|
|t:|1626182169
|switch|p1a: Reuniclus|Reuniclus, M, shiny|100/100
|move|p2a: Reuniclus|Knock Off|p1a: Reuniclus
|-supereffective|p1a: Reuniclus
|-damage|p1a: Reuniclus|85/100
|
|upkeep
|turn|2
|
|t:|1626182185
|switch|p1a: Umbreon|Umbreon, M|100/100
|switch|p2a: Togekiss|Togekiss, M|100/100
|
|upkeep
|turn|3
|
|t:|1626182190
|switch|p2a: Stakataka|Stakataka|100/100
|move|p1a: Umbreon|Wish|p1a: Umbreon
|
|upkeep
|turn|4
|
|t:|1626182196
|switch|p1a: Seismitoad|Seismitoad, F|100/100
|move|p2a: Stakataka|Stealth Rock|p1a: Seismitoad
|-sidestart|p1: toxrus1|move: Stealth Rock
|
|upkeep
|turn|5
|
|t:|1626182199
|move|p1a: Seismitoad|Stealth Rock|p2a: Stakataka
|-sidestart|p2: RULT50Q tfl|move: Stealth Rock
|move|p2a: Stakataka|Toxic|p1a: Seismitoad
|-status|p1a: Seismitoad|tox
|
|-damage|p1a: Seismitoad|94/100 tox|[from] psn
|-fieldend|move: Psychic Terrain
|upkeep
|turn|6
|
|t:|1626182209
|switch|p2a: Gastrodon|Gastrodon, F|100/100
|-damage|p2a: Gastrodon|94/100|[from] Stealth Rock
|move|p1a: Seismitoad|Knock Off|p2a: Gastrodon
|-damage|p2a: Gastrodon|79/100
|-enditem|p2a: Gastrodon|Leftovers|[from] move: Knock Off|[of] p1a: Seismitoad
|
|-heal|p1a: Seismitoad|100/100 tox|[from] item: Leftovers
|-damage|p1a: Seismitoad|88/100 tox|[from] psn
|upkeep
|turn|7
|
|t:|1626182215
|switch|p1a: Umbreon|Umbreon, M|100/100
|-damage|p1a: Umbreon|88/100|[from] Stealth Rock
|move|p2a: Gastrodon|Recover|p2a: Gastrodon
|-heal|p2a: Gastrodon|100/100
|
|-heal|p1a: Umbreon|94/100|[from] item: Leftovers
|upkeep
|turn|8
|
|t:|1626182222
|switch|p2a: Reuniclus|Reuniclus, M|100/100
|-damage|p2a: Reuniclus|88/100|[from] Stealth Rock
|move|p1a: Umbreon|Protect||[still]
|-fail|p1a: Umbreon
|
|-heal|p1a: Umbreon|99/100|[from] item: Leftovers
|upkeep
|turn|9
|
|t:|1626182226
|move|p1a: Umbreon|Heal Bell|p1a: Umbreon
|-activate|p1a: Umbreon|move: Heal Bell
|-curestatus|p1: Seismitoad|tox|[msg]
|move|p2a: Reuniclus|Knock Off|p1a: Umbreon
|-resisted|p1a: Umbreon
|-damage|p1a: Umbreon|95/100
|-enditem|p1a: Umbreon|Leftovers|[from] move: Knock Off|[of] p2a: Reuniclus
|
|upkeep
|turn|10
|
|t:|1626182229
|switch|p2a: Stakataka|Stakataka|100/100
|-damage|p2a: Stakataka|94/100|[from] Stealth Rock
|move|p1a: Umbreon|Wish|p1a: Umbreon
|
|-heal|p2a: Stakataka|100/100|[from] item: Leftovers
|upkeep
|turn|11
|
|t:|1626182232
|switch|p1a: Seismitoad|Seismitoad, F|88/100
|-damage|p1a: Seismitoad|82/100|[from] Stealth Rock
|move|p2a: Stakataka|Toxic|p1a: Seismitoad
|-status|p1a: Seismitoad|tox
|
|-heal|p1a: Seismitoad|100/100 tox|[from] move: Wish|[wisher] Umbreon
|-damage|p1a: Seismitoad|94/100 tox|[from] psn
|upkeep
|turn|12
|
|t:|1626182236
|switch|p1a: Indeedee|Indeedee, M|100/100
|-damage|p1a: Indeedee|88/100|[from] Stealth Rock
|-fieldstart|move: Psychic Terrain|[from] ability: Psychic Surge|[of] p1a: Indeedee
|switch|p2a: Gastrodon|Gastrodon, F|100/100
|-damage|p2a: Gastrodon|94/100|[from] Stealth Rock
|
|upkeep
|turn|13
|
|t:|1626182243
|switch|p2a: Reuniclus|Reuniclus, M|100/100
|-damage|p2a: Reuniclus|88/100|[from] Stealth Rock
|move|p1a: Indeedee|Expanding Force|p2a: Reuniclus
|-resisted|p2a: Reuniclus
|-damage|p2a: Reuniclus|71/100
|
|upkeep
|turn|14
|
|t:|1626182250
|switch|p1a: Weezing|Weezing-Galar, F|100/100
|-ability|p1a: Weezing|Neutralizing Gas
|-damage|p1a: Weezing|88/100|[from] Stealth Rock
|move|p2a: Reuniclus|Future Sight|p1a: Weezing
|-start|p2a: Reuniclus|move: Future Sight
|
|upkeep
|turn|15
|
|t:|1626182254
|move|p1a: Weezing|Toxic Spikes|p2a: Reuniclus
|-sidestart|p2: RULT50Q tfl|move: Toxic Spikes
|move|p2a: Reuniclus|Psyshock|p1a: Weezing
|-supereffective|p1a: Weezing
|-damage|p1a: Weezing|28/100
|
|upkeep
|turn|16
|
|t:|1626182259
|-end|p1a: Weezing|ability: Neutralizing Gas
|switch|p1a: Umbreon|Umbreon, M|95/100
|-damage|p1a: Umbreon|82/100|[from] Stealth Rock
|switch|p2a: Togekiss|Togekiss, M|100/100
|
|-end|p1a: Umbreon|move: Future Sight
|-immune|p1a: Umbreon
|-fieldend|move: Psychic Terrain
|upkeep
|turn|17
|
|t:|1626182268
|move|p2a: Togekiss|Defog|p1a: Umbreon
|-unboost|p1a: Umbreon|evasion|1
|-sideend|p1: toxrus1|Stealth Rock|[from] move: Defog|[of] p2a: Togekiss
|-sideend|p2: RULT50Q tfl|Toxic Spikes|[from] move: Defog|[of] p2a: Togekiss
|-sideend|p2: RULT50Q tfl|Stealth Rock|[from] move: Defog|[of] p2a: Togekiss
|move|p1a: Umbreon|Wish|p1a: Umbreon
|
|upkeep
|turn|18
|j| RULT50A hjkhj
|
|t:|1626182275
|move|p2a: Togekiss|Air Slash|p1a: Umbreon
|-damage|p1a: Umbreon|66/100
|cant|p1a: Umbreon|flinch
|
|-heal|p1a: Umbreon|100/100|[from] move: Wish|[wisher] Umbreon
|upkeep
|turn|19
|
|t:|1626182280
|switch|p2a: Stakataka|Stakataka|100/100
|move|p1a: Umbreon|Heal Bell|p1a: Umbreon
|-activate|p1a: Umbreon|move: Heal Bell
|-curestatus|p1: Seismitoad|tox|[msg]
|
|upkeep
|turn|20
|
|t:|1626182285
|move|p1a: Umbreon|Wish|p1a: Umbreon
|move|p2a: Stakataka|Stealth Rock|p1a: Umbreon
|-sidestart|p1: toxrus1|move: Stealth Rock
|
|upkeep
|turn|21
|
|t:|1626182290
|switch|p1a: Seismitoad|Seismitoad, F|94/100
|-damage|p1a: Seismitoad|88/100|[from] Stealth Rock
|move|p2a: Stakataka|Gyro Ball|p1a: Seismitoad
|-resisted|p1a: Seismitoad
|-damage|p1a: Seismitoad|64/100
|
|-heal|p1a: Seismitoad|100/100|[from] move: Wish|[wisher] Umbreon
|upkeep
|turn|22
|
|t:|1626182295
|switch|p2a: Gastrodon|Gastrodon, F|94/100
|move|p1a: Seismitoad|Stealth Rock|p2a: Gastrodon
|-sidestart|p2: RULT50Q tfl|move: Stealth Rock
|
|upkeep
|turn|23
|
|t:|1626182304
|move|p1a: Seismitoad|Toxic|p2a: Gastrodon
|-status|p2a: Gastrodon|tox
|move|p2a: Gastrodon|Earth Power|p1a: Seismitoad
|-damage|p1a: Seismitoad|71/100
|
|-heal|p1a: Seismitoad|77/100|[from] item: Leftovers
|-damage|p2a: Gastrodon|88/100 tox|[from] psn
|upkeep
|turn|24
|
|t:|1626182311
|move|p1a: Seismitoad|Knock Off|p2a: Gastrodon
|-damage|p2a: Gastrodon|78/100 tox
|move|p2a: Gastrodon|Toxic|p1a: Seismitoad
|-status|p1a: Seismitoad|tox
|
|-heal|p1a: Seismitoad|83/100 tox|[from] item: Leftovers
|-damage|p1a: Seismitoad|77/100 tox|[from] psn
|-damage|p2a: Gastrodon|66/100 tox|[from] psn
|upkeep
|turn|25
|
|t:|1626182319
|move|p1a: Seismitoad|Toxic|p2a: Gastrodon
|-fail|p2a: Gastrodon|tox
|move|p2a: Gastrodon|Recover|p2a: Gastrodon
|-heal|p2a: Gastrodon|100/100 tox
|
|-heal|p1a: Seismitoad|83/100 tox|[from] item: Leftovers
|-damage|p1a: Seismitoad|71/100 tox|[from] psn
|-damage|p2a: Gastrodon|82/100 tox|[from] psn
|upkeep
|turn|26
|
|t:|1626182330
|switch|p1a: Umbreon|Umbreon, M|100/100
|-damage|p1a: Umbreon|88/100|[from] Stealth Rock
|switch|p2a: Togekiss|Togekiss, M|100/100
|
|upkeep
|turn|27
|
|t:|1626182334
|switch|p1a: Raikou|Raikou|100/100
|-damage|p1a: Raikou|88/100|[from] Stealth Rock
|-ability|p1a: Raikou|Pressure
|move|p2a: Togekiss|Air Slash|p1a: Raikou
|-resisted|p1a: Raikou
|-damage|p1a: Raikou|73/100
|
|-heal|p1a: Raikou|79/100|[from] item: Leftovers
|upkeep
|turn|28
|
|t:|1626182341
|switch|p2a: Reuniclus|Reuniclus, M|100/100
|-damage|p2a: Reuniclus|88/100|[from] Stealth Rock
|move|p1a: Raikou|Substitute|p1a: Raikou
|-start|p1a: Raikou|Substitute
|-damage|p1a: Raikou|54/100
|
|-heal|p1a: Raikou|60/100|[from] item: Leftovers
|upkeep
|turn|29
|
|t:|1626182347
|move|p1a: Raikou|Thunderbolt|p2a: Reuniclus
|-damage|p2a: Reuniclus|67/100
|move|p2a: Reuniclus|Future Sight|p1a: Raikou
|-start|p2a: Reuniclus|move: Future Sight
|
|-heal|p1a: Raikou|67/100|[from] item: Leftovers
|upkeep
|turn|30
|
|t:|1626182351
|move|p1a: Raikou|Thunderbolt|p2a: Reuniclus
|-damage|p2a: Reuniclus|48/100
|-status|p2a: Reuniclus|par
|move|p2a: Reuniclus|Psyshock|p1a: Raikou
|-end|p1a: Raikou|Substitute
|
|-heal|p1a: Raikou|73/100|[from] item: Leftovers
|upkeep
|turn|31
|
|t:|1626182360
|switch|p1a: Umbreon|Umbreon, M|88/100
|-damage|p1a: Umbreon|76/100|[from] Stealth Rock
|move|p2a: Reuniclus|Focus Blast|p1a: Umbreon
|-supereffective|p1a: Umbreon
|-damage|p1a: Umbreon|34/100
|
|-end|p1a: Umbreon|move: Future Sight
|-immune|p1a: Umbreon
|upkeep
|turn|32
|
|t:|1626182370
|move|p1a: Umbreon|Wish|p1a: Umbreon
|cant|p2a: Reuniclus|par
|
|upkeep
|turn|33
|
|t:|1626182374
|switch|p1a: Weezing|Weezing-Galar, F|28/100
|-ability|p1a: Weezing|Neutralizing Gas
|-damage|p1a: Weezing|16/100|[from] Stealth Rock
|switch|p2a: Umbreon|Umbreon, M|100/100
|-damage|p2a: Umbreon|88/100|[from] Stealth Rock
|
|-heal|p1a: Weezing|75/100|[from] move: Wish|[wisher] Umbreon
|-heal|p2a: Umbreon|94/100|[from] item: Leftovers
|upkeep
|turn|34
|
|t:|1626182380
|move|p2a: Umbreon|Heal Bell|p2a: Umbreon
|-activate|p2a: Umbreon|move: Heal Bell
|-curestatus|p2: Gastrodon|tox|[msg]
|-curestatus|p2: Reuniclus|par|[msg]
|move|p1a: Weezing|Toxic Spikes|p2a: Umbreon
|-sidestart|p2: RULT50Q tfl|move: Toxic Spikes
|
|-heal|p2a: Umbreon|99/100|[from] item: Leftovers
|upkeep
|turn|35
|
|t:|1626182388
|switch|p2a: Stakataka|Stakataka|100/100
|-damage|p2a: Stakataka|94/100|[from] Stealth Rock
|-end|p1a: Weezing|ability: Neutralizing Gas
|switch|p1a: Raikou|Raikou|73/100
|-damage|p1a: Raikou|60/100|[from] Stealth Rock
|-ability|p1a: Raikou|Pressure
|
|-heal|p1a: Raikou|67/100|[from] item: Leftovers
|-heal|p2a: Stakataka|100/100|[from] item: Leftovers
|upkeep
|turn|36
|
|t:|1626182396
|switch|p1a: Seismitoad|Seismitoad, F|71/100 tox
|-damage|p1a: Seismitoad|65/100 tox|[from] Stealth Rock
|move|p2a: Stakataka|Body Press|p1a: Seismitoad
|-damage|p1a: Seismitoad|38/100 tox
|
|-heal|p1a: Seismitoad|44/100 tox|[from] item: Leftovers
|-damage|p1a: Seismitoad|38/100 tox|[from] psn
|upkeep
|turn|37
|
|t:|1626182402
|switch|p2a: Togekiss|Togekiss, M|100/100
|move|p1a: Seismitoad|Knock Off|p2a: Togekiss
|-resisted|p2a: Togekiss
|-damage|p2a: Togekiss|90/100
|-enditem|p2a: Togekiss|Heavy-Duty Boots|[from] move: Knock Off|[of] p1a: Seismitoad
|
|-heal|p1a: Seismitoad|44/100 tox|[from] item: Leftovers
|-damage|p1a: Seismitoad|32/100 tox|[from] psn
|upkeep
|turn|38
|
|t:|1626182406
|move|p2a: Togekiss|Defog|p1a: Seismitoad
|-unboost|p1a: Seismitoad|evasion|1
|-sideend|p1: toxrus1|Stealth Rock|[from] move: Defog|[of] p2a: Togekiss
|-sideend|p2: RULT50Q tfl|Toxic Spikes|[from] move: Defog|[of] p2a: Togekiss
|-sideend|p2: RULT50Q tfl|Stealth Rock|[from] move: Defog|[of] p2a: Togekiss
|move|p1a: Seismitoad|Toxic|p2a: Togekiss
|-status|p2a: Togekiss|tox
|
|-heal|p1a: Seismitoad|38/100 tox|[from] item: Leftovers
|-damage|p2a: Togekiss|83/100 tox|[from] psn
|-damage|p1a: Seismitoad|20/100 tox|[from] psn
|upkeep
|turn|39
|
|t:|1626182414
|switch|p2a: Umbreon|Umbreon, M|99/100
|switch|p1a: Raikou|Raikou|67/100
|-ability|p1a: Raikou|Pressure
|
|-heal|p1a: Raikou|73/100|[from] item: Leftovers
|-heal|p2a: Umbreon|100/100|[from] item: Leftovers
|upkeep
|turn|40
|
|t:|1626182418
|switch|p1a: Weezing|Weezing-Galar, F|75/100
|-ability|p1a: Weezing|Neutralizing Gas
|move|p2a: Umbreon|Heal Bell|p2a: Umbreon
|-activate|p2a: Umbreon|move: Heal Bell
|-curestatus|p2: Togekiss|tox|[msg]
|
|upkeep
|turn|41
|
|t:|1626182421
|switch|p2a: Reuniclus|Reuniclus, M|48/100
|move|p1a: Weezing|Toxic Spikes|p2a: Reuniclus
|-sidestart|p2: RULT50Q tfl|move: Toxic Spikes
|
|upkeep
|turn|42
|
|t:|1626182429
|-end|p1a: Weezing|ability: Neutralizing Gas
|switch|p1a: Indeedee|Indeedee, M|88/100
|-fieldstart|move: Psychic Terrain|[from] ability: Psychic Surge|[of] p1a: Indeedee
|move|p2a: Reuniclus|Future Sight|p1a: Indeedee
|-start|p2a: Reuniclus|move: Future Sight
|
|upkeep
|turn|43
|
|t:|1626182434
|move|p1a: Indeedee|Mystical Fire|p2a: Reuniclus
|-damage|p2a: Reuniclus|36/100
|-unboost|p2a: Reuniclus|spa|1
|move|p2a: Reuniclus|Knock Off|p1a: Indeedee
|-supereffective|p1a: Indeedee
|-damage|p1a: Indeedee|26/100
|-enditem|p1a: Indeedee|Ring Target|[from] move: Knock Off|[of] p2a: Reuniclus
|
|upkeep
|turn|44
|
|t:|1626182447
|switch|p1a: Weezing|Weezing-Galar, F|75/100
|-ability|p1a: Weezing|Neutralizing Gas
|move|p2a: Reuniclus|Knock Off|p1a: Weezing
|-resisted|p1a: Weezing
|-damage|p1a: Weezing|71/100
|-damage|p2a: Reuniclus|20/100|[from] item: Rocky Helmet|[of] p1a: Weezing
|-enditem|p1a: Weezing|Rocky Helmet|[from] move: Knock Off|[of] p2a: Reuniclus
|
|-end|p1a: Weezing|move: Future Sight
|-supereffective|p1a: Weezing
|-damage|p1a: Weezing|0 fnt
|faint|p1a: Weezing
|-end|p1a: Weezing|ability: Neutralizing Gas
|upkeep
|-message|toxrus1 forfeited.
|
|win|RULT50Q tfl
|raw|toxrus1's rating: 1448 &rarr; <strong>1434</strong><br />(-14 for losing)
|raw|RULT50Q tfl's rating: 1547 &rarr; <strong>1561</strong><br />(+14 for winning)
