|j|☆Eddy
|j|☆Shiny Mr Mime
|t:|1605045853
|player|p1|Eddy|palmer|1173
|player|p2|Shiny Mr Mime|gentleman|1226
|teamsize|p1|6
|teamsize|p2|6
|gametype|singles
|gen|8
|tier|[Gen 8] RU
|rated|
|clearpoke
|poke|p1|Torkoal, M|
|poke|p1|Nidoqueen, F|
|poke|p1|Slowking, M|
|poke|p1|Charizard, M|
|poke|p1|Leafeon, M|
|poke|p1|Articuno|
|poke|p2|Virizion|
|poke|p2|Mudsdale, F|
|poke|p2|Milotic, F|
|poke|p2|Tornadus, M|
|poke|p2|Dragalge, M|
|poke|p2|Aggron, M|
|rule|Sleep Clause Mod: Limit one foe put to sleep
|rule|Species Clause: Limit one of each Pokémon
|rule|OHKO Clause: OHKO moves are banned
|rule|Evasion Moves Clause: Evasion moves are banned
|rule|Endless Battle Clause: Forcing endless battles is banned
|rule|HP Percentage Mod: HP is shown in percentages
|rule|Dynamax Clause: You cannot dynamax
|teampreview
|inactive|Battle timer is ON: inactive players will automatically lose when time's up. (requested by Eddy)
|
|t:|1605045871
|start
|switch|p1a: Torkoal|Torkoal, M|100/100
|switch|p2a: Aggron|Aggron, M|100/100
|-weather|SunnyDay|[from] ability: Drought|[of] p1a: Torkoal
|turn|1
|
|t:|1605045878
|move|p2a: Aggron|Head Smash|p1a: Torkoal
|-supereffective|p1a: Torkoal
|-damage|p1a: Torkoal|0 fnt
|faint|p1a: Torkoal
|
|-weather|SunnyDay|[upkeep]
|upkeep
|
|t:|1605045884
|switch|p1a: Nidoqueen|Nidoqueen, F|100/100
|turn|2
|
|t:|1605045896
|switch|p2a: Tornadus|Tornadus, M|100/100
|move|p1a: Nidoqueen|Stealth Rock|p2a: Tornadus
|-sidestart|p2: Shiny Mr Mime|move: Stealth Rock
|
|-weather|SunnyDay|[upkeep]
|upkeep
|turn|3
|
|t:|1605045901
|move|p2a: Tornadus|Defog|p1a: Nidoqueen
|-unboost|p1a: Nidoqueen|evasion|1
|-sideend|p2: Shiny Mr Mime|Stealth Rock|[from] move: Defog|[of] p2a: Tornadus
|move|p1a: Nidoqueen|Thunderbolt|p2a: Tornadus
|-supereffective|p2a: Tornadus
|-damage|p2a: Tornadus|0 fnt
|faint|p2a: Tornadus
|
|-weather|SunnyDay|[upkeep]
|upkeep
|
|t:|1605045907
|switch|p2a: Mudsdale|Mudsdale, F|100/100
|turn|4
|
|t:|1605045919
|move|p1a: Nidoqueen|Flamethrower|p2a: Mudsdale
|-damage|p2a: Mudsdale|48/100
|-ability|p2a: Mudsdale|Stamina|boost
|-boost|p2a: Mudsdale|def|1
|move|p2a: Mudsdale|Earthquake|p1a: Nidoqueen
|-supereffective|p1a: Nidoqueen
|-damage|p1a: Nidoqueen|1/100
|
|-weather|SunnyDay|[upkeep]
|-heal|p2a: Mudsdale|54/100|[from] item: Leftovers
|upkeep
|turn|5
|
|t:|1605045927
|move|p1a: Nidoqueen|Stealth Rock|p2a: Mudsdale
|-sidestart|p2: Shiny Mr Mime|move: Stealth Rock
|move|p2a: Mudsdale|Heavy Slam|p1a: Nidoqueen
|-damage|p1a: Nidoqueen|0 fnt
|faint|p1a: Nidoqueen
|
|-weather|SunnyDay|[upkeep]
|-heal|p2a: Mudsdale|60/100|[from] item: Leftovers
|upkeep
|
|t:|1605045935
|switch|p1a: Leafeon|Leafeon, M|100/100
|turn|6
|
|t:|1605045940
|move|p1a: Leafeon|Swords Dance|p1a: Leafeon
|-boost|p1a: Leafeon|atk|2
|move|p2a: Mudsdale|Stealth Rock|p1a: Leafeon
|-sidestart|p1: Eddy|move: Stealth Rock
|
|-weather|SunnyDay|[upkeep]
|-heal|p2a: Mudsdale|66/100|[from] item: Leftovers
|upkeep
|turn|7
|
|t:|1605045946
|move|p1a: Leafeon|Solar Blade||[still]
|-prepare|p1a: Leafeon|Solar Blade
|-anim|p1a: Leafeon|Solar Blade|p2a: Mudsdale
|-supereffective|p2a: Mudsdale
|-damage|p2a: Mudsdale|0 fnt
|-damage|p1a: Leafeon|91/100|[from] item: Life Orb
|faint|p2a: Mudsdale
|
|-weather|SunnyDay|[upkeep]
|upkeep
|
|t:|1605045955
|switch|p2a: Dragalge|Dragalge, M|100/100
|turn|8
|
|t:|1605045960
|move|p1a: Leafeon|Knock Off|p2a: Dragalge
|-crit|p2a: Dragalge
|-damage|p2a: Dragalge|0 fnt
|-enditem|p2a: Dragalge|Heavy-Duty Boots|[from] move: Knock Off|[of] p1a: Leafeon
|-damage|p1a: Leafeon|81/100|[from] item: Life Orb
|faint|p2a: Dragalge
|
|-weather|none
|upkeep
|
|t:|1605045964
|switch|p2a: Aggron|Aggron, M|100/100
|-damage|p2a: Aggron|94/100|[from] Stealth Rock
|turn|9
|
|t:|1605045994
|switch|p1a: Slowking|Slowking, M|100/100
|move|p2a: Aggron|Head Smash|p1a: Slowking
|-damage|p1a: Slowking|18/100
|
|upkeep
|turn|10
|inactive|Eddy has 120 seconds left.
|
|t:|1605046026
|switch|p1a: Articuno|Articuno|100/100
|-ability|p1a: Articuno|Pressure
|move|p2a: Aggron|Head Smash|p1a: Articuno
|-supereffective|p1a: Articuno
|-damage|p1a: Articuno|0 fnt
|faint|p1a: Articuno
|
|upkeep
|
|t:|1605046034
|switch|p1a: KaBa-JJ|Charizard, M|100/100
|-damage|p1a: KaBa-JJ|51/100|[from] Stealth Rock
|turn|11
|
|t:|1605046047
|switch|p2a: Milotic|Milotic, F|100/100
|-damage|p2a: Milotic|88/100|[from] Stealth Rock
|move|p1a: KaBa-JJ|Fire Blast|p2a: Milotic
|-resisted|p2a: Milotic
|-damage|p2a: Milotic|60/100
|
|-heal|p2a: Milotic|66/100|[from] item: Leftovers
|upkeep
|turn|12
|
|t:|1605046064
|switch|p1a: Slowking|Slowking, M|51/100
|move|p2a: Milotic|Toxic|p1a: Slowking
|-status|p1a: Slowking|tox
|
|-heal|p2a: Milotic|72/100|[from] item: Leftovers
|-damage|p1a: Slowking|45/100 tox|[from] psn
|upkeep
|turn|13
|
|t:|1605046075
|move|p2a: Milotic|Recover|p2a: Milotic
|-heal|p2a: Milotic|100/100
|move|p1a: Slowking|Sunny Day|p1a: Slowking
|-weather|SunnyDay
|
|-weather|SunnyDay|[upkeep]
|-damage|p1a: Slowking|33/100 tox|[from] psn
|upkeep
|turn|14
|
|t:|1605046088
|switch|p2a: Aggron|Aggron, M|94/100
|-damage|p2a: Aggron|88/100|[from] Stealth Rock
|move|p1a: Slowking|Teleport|p1a: Slowking
|
|t:|1605046093
|switch|p1a: KaBa-JJ|Charizard, M|51/100|[from]move: Teleport
|-damage|p1a: KaBa-JJ|1/100|[from] Stealth Rock
|
|-weather|SunnyDay|[upkeep]
|-damage|p1a: KaBa-JJ|0 fnt|[from] ability: Solar Power|[of] p1a: KaBa-JJ
|faint|p1a: KaBa-JJ
|upkeep
|
|t:|1605046101
|switch|p1a: Leafeon|Leafeon, M|81/100
|-damage|p1a: Leafeon|68/100|[from] Stealth Rock
|turn|15
|
|t:|1605046108
|move|p1a: Leafeon|Solar Blade||[still]
|-prepare|p1a: Leafeon|Solar Blade
|-anim|p1a: Leafeon|Solar Blade|p2a: Aggron
|-damage|p2a: Aggron|28/100
|-damage|p1a: Leafeon|58/100|[from] item: Life Orb
|move|p2a: Aggron|Heavy Slam|p1a: Leafeon
|-damage|p1a: Leafeon|0 fnt
|faint|p1a: Leafeon
|
|-weather|SunnyDay|[upkeep]
|upkeep
|
|t:|1605046118
|switch|p1a: Slowking|Slowking, M|66/100 tox
|turn|16
|inactive|Eddy has 120 seconds left.
|
|t:|1605046126
|switch|p2a: Virizion|Virizion|100/100
|-damage|p2a: Virizion|94/100|[from] Stealth Rock
|move|p1a: Slowking|Psychic|p2a: Virizion
|-supereffective|p2a: Virizion
|-damage|p2a: Virizion|39/100
|
|-weather|SunnyDay|[upkeep]
|-damage|p1a: Slowking|60/100 tox|[from] psn
|upkeep
|turn|17
|
|t:|1605046134
|move|p2a: Virizion|Leaf Blade|p1a: Slowking
|-supereffective|p1a: Slowking
|-damage|p1a: Slowking|0 fnt
|-damage|p2a: Virizion|29/100|[from] item: Life Orb
|faint|p1a: Slowking
|
|win|Shiny Mr Mime
