|j|☆Glidinganteater
|j|☆Khksora
|t:|1619108256
|gametype|singles
|player|p1|Glidinganteater|palmer|1404
|player|p2|Khksora|170|1326
|teamsize|p1|6
|teamsize|p2|6
|gen|8
|tier|[Gen 8] RU
|rated|
|clearpoke
|poke|p1|Golisopod, M|
|poke|p1|Steelix, M|
|poke|p1|Snorlax, M|
|poke|p1|Togekiss, F|
|poke|p1|Chandelure, M|
|poke|p1|Zarude|
|poke|p2|Zarude-Dada|
|poke|p2|Entei|
|poke|p2|Suicune|
|poke|p2|Porygon2|
|poke|p2|Scyther, F|
|poke|p2|Qwilfish, F|
|rule|Sleep Clause Mod: Limit one foe put to sleep
|rule|Species Clause: Limit one of each Pokémon
|rule|OHKO Clause: OHKO moves are banned
|rule|Evasion Moves Clause: Evasion moves are banned
|rule|Endless Battle Clause: Forcing endless battles is banned
|rule|HP Percentage Mod: HP is shown in percentages
|rule|Dynamax Clause: You cannot dynamax
|teampreview
|
|t:|1619108263
|start
|switch|p1a: Snorlax|Snorlax, M, shiny|100/100
|switch|p2a: Alex|Qwilfish, F|100/100
|-ability|p2a: Alex|Intimidate|boost
|-unboost|p1a: Snorlax|atk|1
|turn|1
|
|t:|1619108265
|move|p2a: Alex|Taunt|p1a: Snorlax
|-start|p1a: Snorlax|move: Taunt
|cant|p1a: Snorlax|move: Taunt|Curse
|
|upkeep
|turn|2
|
|t:|1619108270
|move|p2a: Alex|Scald|p1a: Snorlax
|-damage|p1a: Snorlax|92/100
|-status|p1a: Snorlax|brn
|move|p1a: Snorlax|Earthquake|p2a: Alex
|-supereffective|p2a: Alex
|-damage|p2a: Alex|82/100
|
|-heal|p2a: Alex|88/100|[from] item: Black Sludge
|-heal|p1a: Snorlax|98/100 brn|[from] item: Leftovers
|-damage|p1a: Snorlax|92/100 brn|[from] brn
|upkeep
|turn|3
|
|t:|1619108279
|switch|p1a: Togekiss|Togekiss, F|100/100
|move|p2a: Alex|Spikes|p1a: Togekiss
|-sidestart|p1: Glidinganteater|Spikes
|
|-heal|p2a: Alex|94/100|[from] item: Black Sludge
|upkeep
|turn|4
|j| Fake Funny Team
|
|t:|1619108287
|move|p2a: Alex|Taunt|p1a: Togekiss
|-start|p1a: Togekiss|move: Taunt
|move|p1a: Togekiss|Air Slash|p2a: Alex
|-damage|p2a: Alex|46/100
|
|-heal|p2a: Alex|52/100|[from] item: Black Sludge
|upkeep
|turn|5
|
|t:|1619108292
|move|p2a: Alex|Thunder Wave|p1a: Togekiss|[miss]
|-miss|p2a: Alex|p1a: Togekiss
|move|p1a: Togekiss|Air Slash|p2a: Alex
|-damage|p2a: Alex|1/100
|
|-heal|p2a: Alex|7/100|[from] item: Black Sludge
|upkeep
|turn|6
|
|t:|1619108301
|switch|p2a: Nero2|Porygon2|100/100
|-ability|p2a: Nero2|Serene Grace|[from] ability: Trace|[of] p1a: Togekiss
|switch|p1a: Snorlax|Snorlax, M, shiny|92/100 brn
|-damage|p1a: Snorlax|79/100 brn|[from] Spikes
|
|-heal|p1a: Snorlax|86/100 brn|[from] item: Leftovers
|-damage|p1a: Snorlax|79/100 brn|[from] brn
|upkeep
|turn|7
|
|t:|1619108309
|move|p1a: Snorlax|Curse|p1a: Snorlax
|-unboost|p1a: Snorlax|spe|1
|-boost|p1a: Snorlax|atk|1
|-boost|p1a: Snorlax|def|1
|move|p2a: Nero2|Teleport|p2a: Nero2
|
|t:|1619108311
|switch|p2a: Suicyann|Suicune|100/100|[from]move: Teleport
|-ability|p2a: Suicyann|Pressure
|
|-heal|p1a: Snorlax|86/100 brn|[from] item: Leftovers
|-damage|p1a: Snorlax|79/100 brn|[from] brn
|upkeep
|turn|8
|l| Fake Funny Team
|
|t:|1619108318
|move|p2a: Suicyann|Calm Mind|p2a: Suicyann
|-boost|p2a: Suicyann|spa|1
|-boost|p2a: Suicyann|spd|1
|move|p1a: Snorlax|Curse|p1a: Snorlax
|-unboost|p1a: Snorlax|spe|1
|-boost|p1a: Snorlax|atk|1
|-boost|p1a: Snorlax|def|1
|
|-heal|p1a: Snorlax|86/100 brn|[from] item: Leftovers
|-damage|p1a: Snorlax|79/100 brn|[from] brn
|upkeep
|turn|9
|
|t:|1619108324
|switch|p1a: Zarude|Zarude|100/100
|-damage|p1a: Zarude|88/100|[from] Spikes
|move|p2a: Suicyann|Calm Mind|p2a: Suicyann
|-boost|p2a: Suicyann|spa|1
|-boost|p2a: Suicyann|spd|1
|
|upkeep
|turn|10
|
|t:|1619108326
|move|p1a: Zarude|Power Whip|p2a: Suicyann
|-supereffective|p2a: Suicyann
|-damage|p2a: Suicyann|39/100
|move|p2a: Suicyann|Scald|p1a: Zarude
|-resisted|p1a: Zarude
|-damage|p1a: Zarude|65/100
|
|-heal|p2a: Suicyann|45/100|[from] item: Leftovers
|upkeep
|turn|11
|
|t:|1619108335
|switch|p2a: Scyther|Scyther, F|100/100
|move|p1a: Zarude|Power Whip|p2a: Scyther
|-resisted|p2a: Scyther
|-crit|p2a: Scyther
|-damage|p2a: Scyther|68/100
|
|upkeep
|turn|12
|
|t:|1619108340
|switch|p1a: Steelix|Steelix, M|100/100
|-damage|p1a: Steelix|88/100|[from] Spikes
|move|p2a: Scyther|U-turn|p1a: Steelix
|-resisted|p1a: Steelix
|-damage|p1a: Steelix|80/100
|
|t:|1619108349
|switch|p2a: Alex|Qwilfish, F|7/100|[from]move: U-turn
|-ability|p2a: Alex|Intimidate|boost
|-unboost|p1a: Steelix|atk|1
|
|-heal|p2a: Alex|13/100|[from] item: Black Sludge
|-heal|p1a: Steelix|86/100|[from] item: Leftovers
|upkeep
|turn|13
|
|t:|1619108356
|move|p2a: Alex|Scald|p1a: Steelix
|-supereffective|p1a: Steelix
|-damage|p1a: Steelix|56/100
|move|p1a: Steelix|Earthquake|p2a: Alex
|-supereffective|p2a: Alex
|-damage|p2a: Alex|0 fnt
|faint|p2a: Alex
|
|-heal|p1a: Steelix|62/100|[from] item: Leftovers
|upkeep
|
|t:|1619108364
|switch|p2a: Suicyann|Suicune|45/100
|-ability|p2a: Suicyann|Pressure
|turn|14
|
|t:|1619108373
|switch|p1a: Zarude|Zarude|65/100
|-damage|p1a: Zarude|52/100|[from] Spikes
|move|p2a: Suicyann|Scald|p1a: Zarude
|-resisted|p1a: Zarude
|-damage|p1a: Zarude|39/100
|-status|p1a: Zarude|brn
|
|-heal|p2a: Suicyann|51/100|[from] item: Leftovers
|-damage|p1a: Zarude|33/100 brn|[from] brn
|upkeep
|turn|15
|
|t:|1619108383
|move|p1a: Zarude|Power Whip|p2a: Suicyann|[miss]
|-miss|p1a: Zarude|p2a: Suicyann
|move|p2a: Suicyann|Rest|p2a: Suicyann
|-status|p2a: Suicyann|slp|[from] move: Rest
|-heal|p2a: Suicyann|100/100 slp|[silent]
|
|-damage|p1a: Zarude|27/100 brn|[from] brn
|upkeep
|turn|16
|
|t:|1619108386
|switch|p1a: Chandelure|Chandelure, M, shiny|100/100
|cant|p2a: Suicyann|slp
|move|p2a: Suicyann|Sleep Talk|p2a: Suicyann
|move|p2a: Suicyann|Rest||[from]move: Sleep Talk|[still]
|-fail|p2a: Suicyann
|
|upkeep
|turn|17
|
|t:|1619108394
|move|p1a: Chandelure|Hex|p2a: Suicyann
|-damage|p2a: Suicyann|43/100 slp
|cant|p2a: Suicyann|slp
|move|p2a: Suicyann|Sleep Talk|p2a: Suicyann
|move|p2a: Suicyann|Rest||[from]move: Sleep Talk|[still]
|-fail|p2a: Suicyann
|
|-heal|p2a: Suicyann|50/100 slp|[from] item: Leftovers
|upkeep
|turn|18
|
|t:|1619108406
|switch|p2a: Nero2|Porygon2|100/100
|-ability|p2a: Nero2|Flash Fire|[from] ability: Trace|[of] p1a: Chandelure
|move|p1a: Chandelure|Fire Blast|p2a: Nero2
|-start|p2a: Nero2|ability: Flash Fire
|
|upkeep
|turn|19
|
|t:|1619108414
|move|p1a: Chandelure|Toxic|p2a: Nero2
|-status|p2a: Nero2|tox
|move|p2a: Nero2|Toxic|p1a: Chandelure
|-status|p1a: Chandelure|tox
|
|-damage|p1a: Chandelure|94/100 tox|[from] psn
|-damage|p2a: Nero2|94/100 tox|[from] psn
|upkeep
|turn|20
|
|t:|1619108425
|switch|p1a: Togekiss|Togekiss, F|100/100
|move|p2a: Nero2|Teleport|p2a: Nero2
|
|t:|1619108438
|-end|p2a: Nero2|ability: Flash Fire|[silent]
|switch|p2a: Suicyann|Suicune|50/100 slp|[from]move: Teleport
|-ability|p2a: Suicyann|Pressure
|
|-heal|p2a: Suicyann|56/100 slp|[from] item: Leftovers
|upkeep
|turn|21
|
|t:|1619108443
|switch|p1a: Chandelure|Chandelure, M, shiny|94/100 tox
|-curestatus|p2a: Suicyann|slp|[msg]
|move|p2a: Suicyann|Calm Mind|p2a: Suicyann
|-boost|p2a: Suicyann|spa|1
|-boost|p2a: Suicyann|spd|1
|
|-heal|p2a: Suicyann|62/100|[from] item: Leftovers
|-damage|p1a: Chandelure|88/100 tox|[from] psn
|upkeep
|turn|22
|
|t:|1619108451
|switch|p1a: Golisopod|Golisopod, M|100/100
|move|p2a: Suicyann|Scald|p1a: Golisopod
|-resisted|p1a: Golisopod
|-damage|p1a: Golisopod|78/100
|
|-heal|p2a: Suicyann|68/100|[from] item: Leftovers
|upkeep
|turn|23
|
|t:|1619108459
|move|p2a: Suicyann|Scald|p1a: Golisopod
|-resisted|p1a: Golisopod
|-damage|p1a: Golisopod|56/100
|-status|p1a: Golisopod|brn
|move|p1a: Golisopod|Knock Off|p2a: Suicyann
|-damage|p2a: Suicyann|58/100
|-enditem|p2a: Suicyann|Leftovers|[from] move: Knock Off|[of] p1a: Golisopod
|
|-damage|p1a: Golisopod|50/100 brn|[from] brn
|upkeep
|-activate|p1a: Golisopod|ability: Emergency Exit
|
|t:|1619108467
|switch|p1a: Zarude|Zarude|27/100 brn
|-damage|p1a: Zarude|15/100 brn|[from] Spikes
|turn|24
|
|t:|1619108473
|move|p1a: Zarude|Power Whip|p2a: Suicyann
|-supereffective|p2a: Suicyann
|-damage|p2a: Suicyann|26/100
|move|p2a: Suicyann|Rest|p2a: Suicyann
|-status|p2a: Suicyann|slp|[from] move: Rest
|-heal|p2a: Suicyann|100/100 slp|[silent]
|
|-damage|p1a: Zarude|9/100 brn|[from] brn
|upkeep
|turn|25
|
|t:|1619108476
|switch|p1a: Chandelure|Chandelure, M, shiny|88/100 tox
|cant|p2a: Suicyann|slp
|move|p2a: Suicyann|Sleep Talk|p2a: Suicyann
|move|p2a: Suicyann|Rest||[from]move: Sleep Talk|[still]
|-fail|p2a: Suicyann
|
|-damage|p1a: Chandelure|82/100 tox|[from] psn
|upkeep
|turn|26
|
|t:|1619108485
|switch|p2a: Nero2|Porygon2|94/100 tox
|-ability|p2a: Nero2|Flash Fire|[from] ability: Trace|[of] p1a: Chandelure
|move|p1a: Chandelure|Hex|p2a: Nero2
|-immune|p2a: Nero2
|
|-damage|p1a: Chandelure|70/100 tox|[from] psn
|-damage|p2a: Nero2|88/100 tox|[from] psn
|upkeep
|turn|27
|l|☆Glidinganteater
|player|p1|
|inactive|Battle timer is ON: inactive players will automatically lose when time's up. (requested by Khksora)
|inactive|Glidinganteater has 30 seconds to reconnect!
|inactive|Glidinganteater has 20 seconds to reconnect!
|inactive|Glidinganteater has 15 seconds to reconnect!
|inactive|Glidinganteater has 10 seconds to reconnect!
|inactive|Glidinganteater has 5 seconds to reconnect!
|-message|Glidinganteater lost due to inactivity.
|
|win|Khksora
|raw|Glidinganteater's rating: 1404 &rarr; <strong>1380</strong><br />(-24 for losing)
|raw|Khksora's rating: 1326 &rarr; <strong>1350</strong><br />(+24 for winning)
