|j|☆Its oyster time
|j|☆Chumpadoo
|t:|1653247085
|gametype|singles
|player|p1|Its oyster time|ninjaboy|1520
|player|p2|Chumpadoo|1|1398
|teamsize|p1|6
|teamsize|p2|6
|gen|8
|tier|[Gen 8] RU
|rated|
|rule|Sleep Clause Mod: Limit one foe put to sleep
|rule|Species Clause: Limit one of each Pokémon
|rule|OHKO Clause: OHKO moves are banned
|rule|Evasion Moves Clause: Evasion moves are banned
|rule|Endless Battle Clause: Forcing endless battles is banned
|rule|HP Percentage Mod: HP is shown in percentages
|rule|Dynamax Clause: You cannot dynamax
|clearpoke
|poke|p1|Cresselia, F|
|poke|p1|Nidoqueen, F|
|poke|p1|Guzzlord|
|poke|p1|Vaporeon, F|
|poke|p1|Crobat, M|
|poke|p1|Registeel|
|poke|p2|Steelix, M|
|poke|p2|Galvantula, F|
|poke|p2|Metagross|
|poke|p2|Whimsicott, F|
|poke|p2|Toxtricity, F|
|poke|p2|Cresselia, F|
|teampreview
|inactive|Battle timer is ON: inactive players will automatically lose when time's up. (requested by Its oyster time)
|
|t:|1653247094
|start
|switch|p1a: Nidoqueen|Nidoqueen, F|100/100
|switch|p2a: Galvantula|Galvantula, F|100/100
|turn|1
|
|t:|1653247103
|switch|p2a: Cresselia|Cresselia, F|100/100
|move|p1a: Nidoqueen|Stealth Rock|p2a: Cresselia
|-sidestart|p2: Chumpadoo|move: Stealth Rock
|
|upkeep
|turn|2
|
|t:|1653247113
|switch|p1a: Guzzlord|Guzzlord|100/100
|move|p2a: Cresselia|Psyshock|p1a: Guzzlord
|-immune|p1a: Guzzlord
|
|upkeep
|turn|3
|
|t:|1653247119
|switch|p2a: Metagross|Metagross|100/100
|-damage|p2a: Metagross|94/100|[from] Stealth Rock
|move|p1a: Guzzlord|Knock Off|p2a: Metagross
|-supereffective|p2a: Metagross
|-damage|p2a: Metagross|53/100
|-damage|p1a: Guzzlord|84/100|[from] item: Rocky Helmet|[of] p2a: Metagross
|-enditem|p2a: Metagross|Rocky Helmet|[from] move: Knock Off|[of] p1a: Guzzlord
|
|-heal|p1a: Guzzlord|90/100|[from] item: Leftovers
|upkeep
|turn|4
|
|t:|1653247127
|switch|p1a: Vaporeon|Vaporeon, F|100/100
|move|p2a: Metagross|Stealth Rock|p1a: Vaporeon
|-sidestart|p1: Its oyster time|move: Stealth Rock
|
|upkeep
|turn|5
|
|t:|1653247132
|move|p2a: Metagross|Toxic|p1a: Vaporeon
|-status|p1a: Vaporeon|tox
|move|p1a: Vaporeon|Wish|p1a: Vaporeon
|
|-damage|p1a: Vaporeon|94/100 tox|[from] psn
|upkeep
|turn|6
|
|t:|1653247139
|move|p2a: Metagross|Iron Defense|p2a: Metagross
|-boost|p2a: Metagross|def|2
|move|p1a: Vaporeon|Scald|p2a: Metagross
|-damage|p2a: Metagross|27/100
|-status|p2a: Metagross|brn
|
|-heal|p1a: Vaporeon|100/100 tox|[from] move: Wish|[wisher] Vaporeon
|-damage|p1a: Vaporeon|88/100 tox|[from] psn
|-damage|p2a: Metagross|21/100 brn|[from] brn
|upkeep
|turn|7
|
|t:|1653247146
|move|p2a: Metagross|Body Press|p1a: Vaporeon
|-damage|p1a: Vaporeon|69/100 tox
|move|p1a: Vaporeon|Heal Bell|p1a: Vaporeon
|-activate|p1a: Vaporeon|move: Heal Bell
|-curestatus|p1a: Vaporeon|tox|[msg]
|
|-heal|p1a: Vaporeon|75/100|[from] item: Leftovers
|-damage|p2a: Metagross|15/100 brn|[from] brn
|upkeep
|turn|8
|
|t:|1653247150
|move|p1a: Vaporeon|Protect|p1a: Vaporeon
|-singleturn|p1a: Vaporeon|Protect
|move|p2a: Metagross|Toxic|p1a: Vaporeon
|-activate|p1a: Vaporeon|move: Protect
|
|-heal|p1a: Vaporeon|81/100|[from] item: Leftovers
|-damage|p2a: Metagross|9/100 brn|[from] brn
|upkeep
|turn|9
|
|t:|1653247159
|move|p2a: Metagross|Toxic|p1a: Vaporeon
|-status|p1a: Vaporeon|tox
|move|p1a: Vaporeon|Wish|p1a: Vaporeon
|
|-heal|p1a: Vaporeon|87/100 tox|[from] item: Leftovers
|-damage|p1a: Vaporeon|81/100 tox|[from] psn
|-damage|p2a: Metagross|3/100 brn|[from] brn
|upkeep
|turn|10
|
|t:|1653247164
|move|p2a: Metagross|Body Press|p1a: Vaporeon
|-damage|p1a: Vaporeon|61/100 tox
|move|p1a: Vaporeon|Heal Bell|p1a: Vaporeon
|-activate|p1a: Vaporeon|move: Heal Bell
|-curestatus|p1a: Vaporeon|tox|[msg]
|
|-heal|p1a: Vaporeon|100/100|[from] move: Wish|[wisher] Vaporeon
|-damage|p2a: Metagross|0 fnt|[from] brn
|faint|p2a: Metagross
|upkeep
|
|t:|1653247190
|switch|p2a: Galvantula|Galvantula, F|100/100
|-damage|p2a: Galvantula|76/100|[from] Stealth Rock
|turn|11
|
|t:|1653247194
|switch|p1a: Nidoqueen|Nidoqueen, F|100/100
|-damage|p1a: Nidoqueen|94/100|[from] Stealth Rock
|move|p2a: Galvantula|Sticky Web|p1a: Nidoqueen
|-sidestart|p1: Its oyster time|move: Sticky Web
|
|-heal|p1a: Nidoqueen|100/100|[from] item: Black Sludge
|upkeep
|turn|12
|
|t:|1653247200
|switch|p2a: Cresselia|Cresselia, F|100/100
|-damage|p2a: Cresselia|88/100|[from] Stealth Rock
|move|p1a: Nidoqueen|Toxic Spikes|p2a: Cresselia
|-sidestart|p2: Chumpadoo|move: Toxic Spikes
|
|-heal|p2a: Cresselia|94/100|[from] item: Leftovers
|upkeep
|turn|13
|
|t:|1653247215
|switch|p2a: Steelix|Steelix, M|100/100
|-damage|p2a: Steelix|97/100|[from] Stealth Rock
|switch|p1a: Registeel|Registeel|100/100
|-damage|p1a: Registeel|94/100|[from] Stealth Rock
|-activate|p1a: Registeel|move: Sticky Web
|-fail|p1a: Registeel|unboost|[from] ability: Clear Body|[of] p1a: Registeel
|
|-heal|p1a: Registeel|100/100|[from] item: Leftovers
|upkeep
|turn|14
|
|t:|1653247230
|switch|p1a: Cresselia|Cresselia, F|100/100
|-damage|p1a: Cresselia|88/100|[from] Stealth Rock
|move|p2a: Steelix|Dragon Dance|p2a: Steelix
|-boost|p2a: Steelix|atk|1
|-boost|p2a: Steelix|spe|1
|
|-heal|p1a: Cresselia|94/100|[from] item: Leftovers
|upkeep
|turn|15
|
|t:|1653247235
|switch|p1a: Vaporeon|Vaporeon, F|100/100
|-damage|p1a: Vaporeon|88/100|[from] Stealth Rock
|-activate|p1a: Vaporeon|move: Sticky Web
|-unboost|p1a: Vaporeon|spe|1
|move|p2a: Steelix|Dragon Dance|p2a: Steelix
|-boost|p2a: Steelix|atk|1
|-boost|p2a: Steelix|spe|1
|
|-heal|p1a: Vaporeon|94/100|[from] item: Leftovers
|upkeep
|turn|16
|
|t:|1653247241
|move|p2a: Steelix|Head Smash|p1a: Vaporeon
|-damage|p1a: Vaporeon|15/100
|-damage|p2a: Steelix|87/100|[from] item: Life Orb
|move|p1a: Vaporeon|Wish|p1a: Vaporeon
|
|-heal|p1a: Vaporeon|21/100|[from] item: Leftovers
|upkeep
|turn|17
|
|t:|1653247247
|move|p1a: Vaporeon|Protect|p1a: Vaporeon
|-singleturn|p1a: Vaporeon|Protect
|move|p2a: Steelix|Dragon Dance|p2a: Steelix
|-boost|p2a: Steelix|atk|1
|-boost|p2a: Steelix|spe|1
|
|-heal|p1a: Vaporeon|71/100|[from] move: Wish|[wisher] Vaporeon
|-heal|p1a: Vaporeon|77/100|[from] item: Leftovers
|upkeep
|turn|18
|
|t:|1653247254
|switch|p1a: Registeel|Registeel|100/100
|-damage|p1a: Registeel|94/100|[from] Stealth Rock
|-activate|p1a: Registeel|move: Sticky Web
|-fail|p1a: Registeel|unboost|[from] ability: Clear Body|[of] p1a: Registeel
|move|p2a: Steelix|Head Smash|p1a: Registeel
|-resisted|p1a: Registeel
|-damage|p1a: Registeel|46/100
|-damage|p2a: Steelix|77/100|[from] item: Life Orb
|
|-heal|p1a: Registeel|52/100|[from] item: Leftovers
|upkeep
|turn|19
|
|t:|1653247263
|switch|p1a: Crobat|Crobat, M|100/100
|move|p2a: Steelix|Earthquake|p1a: Crobat
|-immune|p1a: Crobat
|
|upkeep
|turn|20
|
|t:|1653247270
|move|p2a: Steelix|Iron Head|p1a: Crobat
|-damage|p1a: Crobat|0 fnt
|faint|p1a: Crobat
|-damage|p2a: Steelix|68/100|[from] item: Life Orb
|
|upkeep
|
|t:|1653247288
|switch|p1a: Cresselia|Cresselia, F|94/100
|-damage|p1a: Cresselia|82/100|[from] Stealth Rock
|turn|21
|
|t:|1653247294
|move|p2a: Steelix|Iron Head|p1a: Cresselia
|-damage|p1a: Cresselia|9/100
|-damage|p2a: Steelix|58/100|[from] item: Life Orb
|move|p1a: Cresselia|Moonlight|p1a: Cresselia
|-heal|p1a: Cresselia|59/100
|
|-heal|p1a: Cresselia|65/100|[from] item: Leftovers
|upkeep
|turn|22
|
|t:|1653247301
|move|p2a: Steelix|Head Smash|p1a: Cresselia
|-damage|p1a: Cresselia|0 fnt
|faint|p1a: Cresselia
|-damage|p2a: Steelix|48/100|[from] item: Life Orb
|
|upkeep
|-message|Its oyster time forfeited.
|
|win|Chumpadoo
|raw|Its oyster time's rating: 1520 &rarr; <strong>1493</strong><br />(-27 for losing)
|raw|Chumpadoo's rating: 1398 &rarr; <strong>1425</strong><br />(+27 for winning)
|l|☆Its oyster time
||Ladder isn't responding, score probably updated but might not have (Request timeout).
