|j|☆Oroburos
|j|☆dhoug
|t:|1632680006
|gametype|singles
|player|p1|Oroburos|plasmagrunt|1164
|player|p2|dhoug|thorton|1190
|teamsize|p1|6
|teamsize|p2|6
|gen|8
|tier|[Gen 8] RU
|rated|
|rule|Sleep Clause Mod: Limit one foe put to sleep
|rule|Species Clause: Limit one of each Pokémon
|rule|OHKO Clause: OHKO moves are banned
|rule|Evasion Moves Clause: Evasion moves are banned
|rule|Endless Battle Clause: Forcing endless battles is banned
|rule|HP Percentage Mod: HP is shown in percentages
|rule|Dynamax Clause: You cannot dynamax
|clearpoke
|poke|p1|Metagross|
|poke|p1|Obstagoon, M|
|poke|p1|Ninetales-Alola, M|
|poke|p1|Incineroar, F|
|poke|p1|Polteageist|
|poke|p1|Slurpuff, M|
|poke|p2|Raikou|
|poke|p2|Xurkitree|
|poke|p2|Flygon, M|
|poke|p2|Cobalion|
|poke|p2|Reuniclus, M|
|poke|p2|Seismitoad, M|
|teampreview
|inactive|Battle timer is ON: inactive players will automatically lose when time's up. (requested by Oroburos)
|
|t:|1632680021
|start
|switch|p1a: Obstagoon|Obstagoon, M|100/100
|switch|p2a: Cobalion|Cobalion|100/100
|turn|1
|
|t:|1632680029
|move|p1a: Obstagoon|Close Combat|p2a: Cobalion
|-supereffective|p2a: Cobalion
|-enditem|p2a: Cobalion|Chople Berry|[eat]
|-enditem|p2a: Cobalion|Chople Berry|[weaken]
|-damage|p2a: Cobalion|75/100
|-unboost|p1a: Obstagoon|def|1
|-unboost|p1a: Obstagoon|spd|1
|move|p2a: Cobalion|Close Combat|p1a: Obstagoon
|-supereffective|p1a: Obstagoon
|-damage|p1a: Obstagoon|0 fnt
|-unboost|p2a: Cobalion|def|1
|-unboost|p2a: Cobalion|spd|1
|faint|p1a: Obstagoon
|
|upkeep
|
|t:|1632680034
|switch|p1a: Incineroar|Incineroar, F|100/100
|-ability|p1a: Incineroar|Intimidate|boost
|-unboost|p2a: Cobalion|atk|1
|turn|2
|
|t:|1632680038
|switch|p2a: Seismitoad|Seismitoad, M|100/100
|move|p1a: Incineroar|Flame Charge|p2a: Seismitoad
|-resisted|p2a: Seismitoad
|-damage|p2a: Seismitoad|90/100
|-boost|p1a: Incineroar|spe|1
|
|-heal|p2a: Seismitoad|96/100|[from] item: Leftovers
|upkeep
|turn|3
|
|t:|1632680044
|move|p1a: Incineroar|Bulk Up|p1a: Incineroar
|-boost|p1a: Incineroar|atk|1
|-boost|p1a: Incineroar|def|1
|move|p2a: Seismitoad|Stealth Rock|p1a: Incineroar
|-sidestart|p1: Oroburos|move: Stealth Rock
|
|-heal|p2a: Seismitoad|100/100|[from] item: Leftovers
|upkeep
|turn|4
|
|t:|1632680048
|move|p1a: Incineroar|Flame Charge|p2a: Seismitoad
|-resisted|p2a: Seismitoad
|-damage|p2a: Seismitoad|87/100
|-boost|p1a: Incineroar|spe|1
|move|p2a: Seismitoad|Toxic|p1a: Incineroar
|-status|p1a: Incineroar|tox
|
|-heal|p2a: Seismitoad|93/100|[from] item: Leftovers
|-damage|p1a: Incineroar|94/100 tox|[from] psn
|upkeep
|turn|5
|
|t:|1632680052
|move|p1a: Incineroar|Bulk Up|p1a: Incineroar
|-boost|p1a: Incineroar|atk|1
|-boost|p1a: Incineroar|def|1
|move|p2a: Seismitoad|Knock Off|p1a: Incineroar
|-resisted|p1a: Incineroar
|-damage|p1a: Incineroar|89/100 tox
|-enditem|p1a: Incineroar|Weakness Policy|[from] move: Knock Off|[of] p2a: Seismitoad
|
|-heal|p2a: Seismitoad|99/100|[from] item: Leftovers
|-damage|p1a: Incineroar|77/100 tox|[from] psn
|upkeep
|turn|6
|
|t:|1632680056
|move|p1a: Incineroar|Power Trip|p2a: Seismitoad
|-damage|p2a: Seismitoad|0 fnt
|faint|p2a: Seismitoad
|
|-damage|p1a: Incineroar|59/100 tox|[from] psn
|upkeep
|
|t:|1632680067
|switch|p2a: Flygon|Flygon, M|100/100
|turn|7
|
|t:|1632680071
|switch|p2a: Cobalion|Cobalion|75/100
|move|p1a: Incineroar|Power Trip|p2a: Cobalion
|-resisted|p2a: Cobalion
|-damage|p2a: Cobalion|23/100
|-ability|p2a: Cobalion|Justified|boost
|-boost|p2a: Cobalion|atk|1
|
|-damage|p1a: Incineroar|35/100 tox|[from] psn
|upkeep
|turn|8
|
|t:|1632680081
|switch|p2a: Xurkitree|Xurkitree|100/100
|move|p1a: Incineroar|Power Trip|p2a: Xurkitree
|-damage|p2a: Xurkitree|0 fnt
|faint|p2a: Xurkitree
|
|-damage|p1a: Incineroar|5/100 tox|[from] psn
|upkeep
|
|t:|1632680088
|switch|p2a: Cobalion|Cobalion|23/100
|turn|9
|
|t:|1632680091
|move|p1a: Incineroar|Power Trip|p2a: Cobalion
|-resisted|p2a: Cobalion
|-damage|p2a: Cobalion|0 fnt
|faint|p2a: Cobalion
|
|-damage|p1a: Incineroar|0 fnt|[from] psn
|faint|p1a: Incineroar
|upkeep
|
|t:|1632680098
|switch|p2a: Raikou|Raikou, shiny|100/100
|switch|p1a: Slurpuff|Slurpuff, M|100/100
|-damage|p1a: Slurpuff|88/100|[from] Stealth Rock
|turn|10
|
|t:|1632680101
|move|p2a: Raikou|Thunderbolt|p1a: Slurpuff
|-damage|p1a: Slurpuff|24/100
|-enditem|p1a: Slurpuff|Sitrus Berry|[eat]
|-heal|p1a: Slurpuff|49/100|[from] item: Sitrus Berry
|move|p1a: Slurpuff|Sticky Web|p2a: Raikou
|-sidestart|p2: dhoug|move: Sticky Web
|
|upkeep
|turn|11
|
|t:|1632680108
|move|p1a: Slurpuff|Play Rough|p2a: Raikou
|-damage|p2a: Raikou|51/100
|-unboost|p2a: Raikou|atk|1
|move|p2a: Raikou|Calm Mind|p2a: Raikou
|-boost|p2a: Raikou|spa|1
|-boost|p2a: Raikou|spd|1
|
|-heal|p2a: Raikou|57/100|[from] item: Leftovers
|upkeep
|turn|12
|
|t:|1632680112
|move|p1a: Slurpuff|Play Rough|p2a: Raikou
|-damage|p2a: Raikou|6/100
|move|p2a: Raikou|Thunderbolt|p1a: Slurpuff
|-damage|p1a: Slurpuff|0 fnt
|faint|p1a: Slurpuff
|
|-heal|p2a: Raikou|13/100|[from] item: Leftovers
|upkeep
|
|t:|1632680118
|switch|p1a: Metagross|Metagross|100/100
|-damage|p1a: Metagross|95/100|[from] Stealth Rock
|turn|13
|
|t:|1632680122
|move|p1a: Metagross|Bullet Punch|p2a: Raikou
|-resisted|p2a: Raikou
|-damage|p2a: Raikou|0 fnt
|faint|p2a: Raikou
|
|upkeep
|
|t:|1632680125
|switch|p2a: Flygon|Flygon, M|100/100
|turn|14
|
|t:|1632680129
|move|p2a: Flygon|Earthquake|p1a: Metagross
|-supereffective|p1a: Metagross
|-damage|p1a: Metagross|15/100
|-enditem|p1a: Metagross|Weakness Policy
|-boost|p1a: Metagross|atk|2|[from] item: Weakness Policy
|-boost|p1a: Metagross|spa|2|[from] item: Weakness Policy
|move|p1a: Metagross|Zen Headbutt|p2a: Flygon
|-damage|p2a: Flygon|0 fnt
|faint|p2a: Flygon
|
|upkeep
|-message|dhoug forfeited.
|
|win|Oroburos
|raw|Oroburos's rating: 1164 &rarr; <strong>1191</strong><br />(+27 for winning)
|raw|dhoug's rating: 1190 &rarr; <strong>1163</strong><br />(-27 for losing)
|l|☆dhoug
