|j|☆Kingston9629
|j|☆LampShady
|inactive|Battle timer is ON: inactive players will automatically lose when time's up.
|t:|1636555935
|gametype|singles
|player|p1|Kingston9629|1|
|player|p2|LampShady|169|
|teamsize|p1|6
|teamsize|p2|6
|gen|8
|tier|[Gen 8] RU
|rated|Tournament battle
|rule|Sleep Clause Mod: Limit one foe put to sleep
|rule|Species Clause: Limit one of each Pokémon
|rule|OHKO Clause: OHKO moves are banned
|rule|Evasion Moves Clause: Evasion moves are banned
|rule|Endless Battle Clause: Forcing endless battles is banned
|rule|HP Percentage Mod: HP is shown in percentages
|rule|Dynamax Clause: You cannot dynamax
|clearpoke
|poke|p1|Chandelure, M|
|poke|p1|Nidoqueen, F|
|poke|p1|Bronzong|
|poke|p1|Togekiss, F|
|poke|p1|Golisopod, M|
|poke|p1|Flygon, M|
|poke|p2|Exeggutor-Alola, M|
|poke|p2|Cresselia, F|
|poke|p2|Stakataka|
|poke|p2|Marowak-Alola, F|
|poke|p2|Weezing-Galar, M|
|poke|p2|Araquanid, M|
|teampreview
|j|*Lady Monita ☽
|j| bestgijljhkhas45
|inactive|Kingston9629 has 120 seconds left.
|c|☆Kingston9629|gl hf!
|c|☆LampShady|u2
|inactive|Kingston9629 has 90 seconds left.
|
|t:|1636556007
|start
|switch|p1a: Golisopod|Golisopod, M, shiny|100/100
|switch|p2a: Exeggutor|Exeggutor-Alola, M|100/100
|-item|p1a: Golisopod|Heavy-Duty Boots|[from] ability: Frisk|[of] p2a: Exeggutor|[identify]
|turn|1
|inactive|LampShady has 120 seconds left.
|
|t:|1636556044
|switch|p2a: Weezing|Weezing-Galar, M|100/100
|move|p1a: Golisopod|First Impression|p2a: Weezing
|-resisted|p2a: Weezing
|-damage|p2a: Weezing|92/100
|-damage|p1a: Golisopod|84/100|[from] item: Rocky Helmet|[of] p2a: Weezing
|
|upkeep
|turn|2
|inactive|LampShady has 120 seconds left.
|
|t:|1636556049
|switch|p1a: Bronzong|Bronzong|100/100
|move|p2a: Weezing|Will-O-Wisp|p1a: Bronzong
|-status|p1a: Bronzong|brn
|
|-damage|p1a: Bronzong|94/100 brn|[from] brn
|upkeep
|turn|3
|inactive|LampShady has 120 seconds left.
|
|t:|1636556061
|switch|p2a: Cresselia|Cresselia, F|100/100
|move|p1a: Bronzong|Stealth Rock|p2a: Cresselia
|-sidestart|p2: LampShady|move: Stealth Rock
|
|-heal|p1a: Bronzong|100/100 brn|[from] item: Leftovers
|-damage|p1a: Bronzong|94/100 brn|[from] brn
|upkeep
|turn|4
|
|t:|1636556069
|move|p1a: Bronzong|Toxic|p2a: Cresselia
|-status|p2a: Cresselia|tox
|move|p2a: Cresselia|Trick Room|p2a: Cresselia
|-fieldstart|move: Trick Room|[of] p2a: Cresselia
|
|-heal|p1a: Bronzong|100/100 brn|[from] item: Leftovers
|-damage|p2a: Cresselia|94/100 tox|[from] psn
|-damage|p1a: Bronzong|94/100 brn|[from] brn
|upkeep
|turn|5
|
|t:|1636556092
|switch|p1a: Flygon|Flygon, M, shiny|100/100
|switch|p2a: Marowak|Marowak-Alola, F|100/100
|-damage|p2a: Marowak|76/100|[from] Stealth Rock
|
|upkeep
|turn|6
|
|t:|1636556102
|switch|p2a: Araquanid|Araquanid, M|100/100
|move|p1a: Flygon|Earthquake|p2a: Araquanid
|-resisted|p2a: Araquanid
|-damage|p2a: Araquanid|81/100
|
|upkeep
|turn|7
|
|t:|1636556108
|switch|p1a: Golisopod|Golisopod, M, shiny|84/100
|move|p2a: Araquanid|Liquidation|p1a: Golisopod
|-resisted|p1a: Golisopod
|-damage|p1a: Golisopod|60/100
|-unboost|p1a: Golisopod|def|1
|
|upkeep
|turn|8
|inactive|LampShady has 120 seconds left.
|
|t:|1636556152
|switch|p2a: Stakataka|Stakataka|100/100
|-damage|p2a: Stakataka|94/100|[from] Stealth Rock
|move|p1a: Golisopod|Knock Off|p2a: Stakataka
|-damage|p2a: Stakataka|73/100
|-enditem|p2a: Stakataka|Leftovers|[from] move: Knock Off|[of] p1a: Golisopod
|
|-fieldend|move: Trick Room
|upkeep
|turn|9
|
|t:|1636556167
|move|p1a: Golisopod|Liquidation|p2a: Stakataka
|-supereffective|p2a: Stakataka
|-damage|p2a: Stakataka|12/100
|-unboost|p2a: Stakataka|def|1
|move|p2a: Stakataka|Stealth Rock|p1a: Golisopod
|-sidestart|p1: Kingston9629|move: Stealth Rock
|
|upkeep
|turn|10
|
|t:|1636556177
|move|p1a: Golisopod|Knock Off|p2a: Stakataka
|-damage|p2a: Stakataka|0 fnt
|faint|p2a: Stakataka
|
|upkeep
|
|t:|1636556191
|switch|p2a: Weezing|Weezing-Galar, M|92/100
|-damage|p2a: Weezing|80/100|[from] Stealth Rock
|turn|11
|
|t:|1636556205
|switch|p1a: Bronzong|Bronzong|94/100 brn
|-damage|p1a: Bronzong|88/100 brn|[from] Stealth Rock
|move|p2a: Weezing|Will-O-Wisp|p1a: Bronzong
|-fail|p1a: Bronzong|brn
|
|-heal|p1a: Bronzong|94/100 brn|[from] item: Leftovers
|-damage|p1a: Bronzong|88/100 brn|[from] brn
|upkeep
|turn|12
|inactive|LampShady has 120 seconds left.
|l| bestgijljhkhas45
|
|t:|1636556228
|switch|p1a: Chandelure|Chandelure, M, shiny|100/100
|-damage|p1a: Chandelure|76/100|[from] Stealth Rock
|move|p2a: Weezing|Pain Split|p1a: Chandelure
|-sethp|p1a: Chandelure|89/100|[from] move: Pain Split|[silent]
|-sethp|p2a: Weezing|69/100|[from] move: Pain Split
|
|upkeep
|turn|13
|j| bestgijljhkhas45
|inactive|Kingston9629 has 120 seconds left.
|
|t:|1636556289
|move|p1a: Chandelure|Shadow Ball|p2a: Weezing
|-damage|p2a: Weezing|0 fnt
|faint|p2a: Weezing
|
|upkeep
|inactive|LampShady has 90 seconds left.
|
|t:|1636556323
|switch|p2a: Araquanid|Araquanid, M|81/100
|turn|14
|
|t:|1636556335
|switch|p1a: Golisopod|Golisopod, M, shiny|60/100
|move|p2a: Araquanid|Liquidation|p1a: Golisopod
|-resisted|p1a: Golisopod
|-damage|p1a: Golisopod|33/100
|-unboost|p1a: Golisopod|def|1
|-activate|p1a: Golisopod|ability: Emergency Exit
|
|t:|1636556339
|switch|p1a: Togekiss|Togekiss, F|100/100
|-damage|p1a: Togekiss|76/100|[from] Stealth Rock
|
|upkeep
|turn|15
|
|t:|1636556345
|switch|p2a: Cresselia|Cresselia, F|94/100 tox
|-damage|p2a: Cresselia|82/100 tox|[from] Stealth Rock
|move|p1a: Togekiss|Air Slash|p2a: Cresselia
|-damage|p2a: Cresselia|60/100 tox
|
|-damage|p2a: Cresselia|54/100 tox|[from] psn
|upkeep
|turn|16
|
|t:|1636556348
|move|p1a: Togekiss|Air Slash|p2a: Cresselia
|-damage|p2a: Cresselia|30/100 tox
|move|p2a: Cresselia|Trick Room|p2a: Cresselia
|-fieldstart|move: Trick Room|[of] p2a: Cresselia
|
|-damage|p2a: Cresselia|18/100 tox|[from] psn
|upkeep
|turn|17
|
|t:|1636556356
|switch|p1a: Golisopod|Golisopod, M, shiny|33/100
|move|p2a: Cresselia|Lunar Dance|p2a: Cresselia
|faint|p2a: Cresselia
|
|upkeep
|
|t:|1636556363
|switch|p2a: Marowak|Marowak-Alola, F|76/100
|-heal|p2a: Marowak|100/100|[from] move: Lunar Dance
|-damage|p2a: Marowak|76/100|[from] Stealth Rock
|turn|18
|
|t:|1636556372
|move|p1a: Golisopod|First Impression|p2a: Marowak
|-resisted|p2a: Marowak
|-damage|p2a: Marowak|63/100
|move|p2a: Marowak|Poltergeist|p1a: Golisopod
|-activate|p1a: Golisopod|move: Poltergeist|Heavy-Duty Boots
|-damage|p1a: Golisopod|0 fnt
|faint|p1a: Golisopod
|
|upkeep
|inactive|Kingston9629 has 120 seconds left.
|
|t:|1636556404
|switch|p1a: Flygon|Flygon, M, shiny|100/100
|-damage|p1a: Flygon|94/100|[from] Stealth Rock
|turn|19
|
|t:|1636556422
|move|p2a: Marowak|Poltergeist|p1a: Flygon
|-activate|p1a: Flygon|move: Poltergeist|Leftovers
|-damage|p1a: Flygon|0 fnt
|faint|p1a: Flygon
|
|upkeep
|inactive|Kingston9629 has 120 seconds left.
|
|t:|1636556447
|switch|p1a: Bronzong|Bronzong|88/100 brn
|-damage|p1a: Bronzong|82/100 brn|[from] Stealth Rock
|turn|20
|
|t:|1636556458
|move|p1a: Bronzong|Earthquake|p2a: Marowak
|-supereffective|p2a: Marowak
|-damage|p2a: Marowak|44/100
|move|p2a: Marowak|Poltergeist|p1a: Bronzong
|-activate|p1a: Bronzong|move: Poltergeist|Leftovers
|-supereffective|p1a: Bronzong
|-damage|p1a: Bronzong|0 fnt
|faint|p1a: Bronzong
|
|-fieldend|move: Trick Room
|upkeep
|j| Luiw
|inactive|Kingston9629 has 120 seconds left.
|
|t:|1636556474
|switch|p1a: Chandelure|Chandelure, M, shiny|89/100
|-damage|p1a: Chandelure|64/100|[from] Stealth Rock
|turn|21
|
|t:|1636556479
|switch|p2a: Araquanid|Araquanid, M|81/100
|move|p1a: Chandelure|Shadow Ball|p2a: Araquanid
|-damage|p2a: Araquanid|31/100
|
|upkeep
|turn|22
|
|t:|1636556487
|move|p1a: Chandelure|Shadow Ball|p2a: Araquanid
|-damage|p2a: Araquanid|0 fnt
|faint|p2a: Araquanid
|
|upkeep
|
|t:|1636556489
|switch|p2a: Exeggutor|Exeggutor-Alola, M|100/100
|-damage|p2a: Exeggutor|88/100|[from] Stealth Rock
|-item|p1a: Chandelure|Choice Specs|[from] ability: Frisk|[of] p2a: Exeggutor|[identify]
|turn|23
|
|t:|1636556491
|move|p1a: Chandelure|Shadow Ball|p2a: Exeggutor
|-damage|p2a: Exeggutor|13/100
|move|p2a: Exeggutor|Trick Room|p2a: Exeggutor
|-fieldstart|move: Trick Room|[of] p2a: Exeggutor
|
|upkeep
|turn|24
|
|t:|1636556498
|move|p2a: Exeggutor|Draco Meteor|p1a: Chandelure
|-damage|p1a: Chandelure|0 fnt
|-unboost|p2a: Exeggutor|spa|2
|faint|p1a: Chandelure
|-damage|p2a: Exeggutor|3/100|[from] item: Life Orb
|
|upkeep
|c|☆Kingston9629|60% flinch on cress btw
|inactive|Kingston9629 has 120 seconds left.
|inactive|Kingston9629 has 90 seconds left.
|
|t:|1636556559
|switch|p1a: Togekiss|Togekiss, F|76/100
|-damage|p1a: Togekiss|51/100|[from] Stealth Rock
|turn|25
|
|t:|1636556566
|move|p2a: Exeggutor|Flamethrower|p1a: Togekiss
|-damage|p1a: Togekiss|28/100
|-damage|p2a: Exeggutor|0 fnt|[from] item: Life Orb
|faint|p2a: Exeggutor
|move|p1a: Togekiss|Roost|p1a: Togekiss
|-heal|p1a: Togekiss|78/100
|-singleturn|p1a: Togekiss|move: Roost
|
|upkeep
|
|t:|1636556569
|switch|p2a: Marowak|Marowak-Alola, F|44/100
|-damage|p2a: Marowak|19/100|[from] Stealth Rock
|turn|26
|
|t:|1636556595
|move|p2a: Marowak|Flare Blitz|p1a: Togekiss
|-damage|p1a: Togekiss|0 fnt
|faint|p1a: Togekiss
|
|upkeep
|
|t:|1636556601
|switch|p1a: Nidoqueen|Nidoqueen, F|100/100
|-damage|p1a: Nidoqueen|94/100|[from] Stealth Rock
|turn|27
|
|t:|1636556604
|move|p2a: Marowak|Poltergeist|p1a: Nidoqueen|[miss]
|-miss|p2a: Marowak|p1a: Nidoqueen
|move|p1a: Nidoqueen|Earth Power|p2a: Marowak
|-supereffective|p2a: Marowak
|-damage|p2a: Marowak|0 fnt
|faint|p2a: Marowak
|
|win|Kingston9629
|n|☆Kingston9629|kingston9629
|n|☆LampShady|lampshady
|n|*Lady Monita ☽|ladymonita
|n| bestgijljhkhas45|bestgijljhkhas45
|n| Luiw|luiw
|l|*Lady Monita ☽
|c|☆Kingston9629|gg
