|j|☆discardedcash
|j|☆wave emoji
|t:|1609131359
|player|p1|discardedcash|skyla|1369
|player|p2|wave emoji|tuber|1345
|teamsize|p1|6
|teamsize|p2|6
|gametype|singles
|gen|8
|tier|[Gen 8] RU
|rated|
|clearpoke
|poke|p1|Frosmoth, F|
|poke|p1|Indeedee-F, F|
|poke|p1|Blastoise, M|
|poke|p1|Snorlax, F|
|poke|p1|Steelix, M|
|poke|p1|Volcanion|
|poke|p2|Milotic, M|
|poke|p2|Xurkitree|
|poke|p2|Registeel|
|poke|p2|Umbreon, F|
|poke|p2|Zygarde-10%|
|poke|p2|Dhelmise|
|rule|Sleep Clause Mod: Limit one foe put to sleep
|rule|Species Clause: Limit one of each Pokémon
|rule|OHKO Clause: OHKO moves are banned
|rule|Evasion Moves Clause: Evasion moves are banned
|rule|Endless Battle Clause: Forcing endless battles is banned
|rule|HP Percentage Mod: HP is shown in percentages
|rule|Dynamax Clause: You cannot dynamax
|teampreview
|
|t:|1609131377
|start
|switch|p1a: Blastoise|Blastoise, M|100/100
|switch|p2a: Milotic|Milotic, M|100/100
|turn|1
|
|t:|1609131383
|switch|p1a: Snorlax|Snorlax, F|100/100
|move|p2a: Milotic|Haze|p2a: Milotic
|-clearallboost
|
|upkeep
|turn|2
|
|t:|1609131388
|move|p2a: Milotic|Flip Turn|p1a: Snorlax
|-damage|p1a: Snorlax|90/100
|
|t:|1609131393
|switch|p2a: Dhelmise|Dhelmise|100/100|[from]move: Flip Turn
|move|p1a: Snorlax|Curse|p1a: Snorlax
|-unboost|p1a: Snorlax|spe|1
|-boost|p1a: Snorlax|atk|1
|-boost|p1a: Snorlax|def|1
|
|-heal|p1a: Snorlax|96/100|[from] item: Leftovers
|upkeep
|turn|3
|
|t:|1609131407
|switch|p2a: Milotic|Milotic, M|100/100
|switch|p1a: Volcanion|Volcanion|100/100
|
|upkeep
|turn|4
|
|t:|1609131411
|move|p2a: Milotic|Flip Turn|p1a: Volcanion
|-immune|p1a: Volcanion|[from] ability: Water Absorb
|move|p1a: Volcanion|Sludge Bomb|p2a: Milotic
|-crit|p2a: Milotic
|-damage|p2a: Milotic|64/100
|
|-heal|p2a: Milotic|70/100|[from] item: Leftovers
|upkeep
|turn|5
|inactive|Battle timer is ON: inactive players will automatically lose when time's up. (requested by discardedcash)
|
|t:|1609131419
|move|p2a: Milotic|Recover|p2a: Milotic
|-heal|p2a: Milotic|100/100
|move|p1a: Volcanion|Sludge Bomb|p2a: Milotic
|-damage|p2a: Milotic|78/100
|
|-heal|p2a: Milotic|84/100|[from] item: Leftovers
|upkeep
|turn|6
|
|t:|1609131426
|move|p2a: Milotic|Scald|p1a: Volcanion
|-immune|p1a: Volcanion|[from] ability: Water Absorb
|move|p1a: Volcanion|Sludge Bomb|p2a: Milotic
|-crit|p2a: Milotic
|-damage|p2a: Milotic|48/100
|
|-heal|p2a: Milotic|55/100|[from] item: Leftovers
|upkeep
|turn|7
|
|t:|1609131434
|move|p2a: Milotic|Recover|p2a: Milotic
|-heal|p2a: Milotic|100/100
|move|p1a: Volcanion|Sludge Bomb|p2a: Milotic
|-damage|p2a: Milotic|76/100
|
|-heal|p2a: Milotic|82/100|[from] item: Leftovers
|upkeep
|turn|8
|
|t:|1609131443
|move|p2a: Milotic|Flip Turn|p1a: Volcanion
|-immune|p1a: Volcanion|[from] ability: Water Absorb
|move|p1a: Volcanion|Sludge Bomb|p2a: Milotic
|-damage|p2a: Milotic|57/100
|-status|p2a: Milotic|psn
|
|-heal|p2a: Milotic|63/100 psn|[from] item: Leftovers
|-damage|p2a: Milotic|50/100 psn|[from] psn
|upkeep
|turn|9
|
|t:|1609131449
|move|p2a: Milotic|Recover|p2a: Milotic
|-heal|p2a: Milotic|99/100 psn
|move|p1a: Volcanion|Earth Power|p2a: Milotic
|-damage|p2a: Milotic|78/100 psn
|
|-heal|p2a: Milotic|84/100 psn|[from] item: Leftovers
|-damage|p2a: Milotic|72/100 psn|[from] psn
|upkeep
|turn|10
|
|t:|1609131457
|switch|p2a: Umbreon|Umbreon, F|100/100
|move|p1a: Volcanion|Earth Power|p2a: Umbreon
|-damage|p2a: Umbreon|82/100
|
|-heal|p2a: Umbreon|88/100|[from] item: Leftovers
|upkeep
|turn|11
|
|t:|1609131465
|switch|p1a: Steelix|Steelix, M|100/100
|move|p2a: Umbreon|Toxic|p1a: Steelix
|-immune|p1a: Steelix
|
|-heal|p2a: Umbreon|94/100|[from] item: Leftovers
|upkeep
|turn|12
|
|t:|1609131469
|switch|p2a: Dhelmise|Dhelmise|100/100
|move|p1a: Steelix|Stealth Rock|p2a: Dhelmise
|-sidestart|p2: wave emoji|move: Stealth Rock
|
|upkeep
|turn|13
|
|t:|1609131479
|switch|p1a: Volcanion|Volcanion|100/100
|move|p2a: Dhelmise|Rapid Spin|p1a: Volcanion
|-damage|p1a: Volcanion|88/100
|-boost|p2a: Dhelmise|spe|1
|-sideend|p2: wave emoji|Stealth Rock|[from] move: Rapid Spin|[of] p2a: Dhelmise
|
|upkeep
|turn|14
|inactive|wave emoji has 120 seconds left.
|
|t:|1609131518
|switch|p2a: Umbreon|Umbreon, F|94/100
|move|p1a: Volcanion|Fire Blast|p2a: Umbreon
|-damage|p2a: Umbreon|62/100
|-status|p2a: Umbreon|brn
|-activate|p2a: Umbreon|ability: Synchronize
|-immune|p1a: Volcanion
|
|-heal|p2a: Umbreon|68/100 brn|[from] item: Leftovers
|-damage|p2a: Umbreon|62/100 brn|[from] brn
|upkeep
|turn|15
|
|t:|1609131526
|switch|p1a: Steelix|Steelix, M|100/100
|move|p2a: Umbreon|Wish|p2a: Umbreon
|
|-heal|p2a: Umbreon|68/100 brn|[from] item: Leftovers
|-damage|p2a: Umbreon|62/100 brn|[from] brn
|upkeep
|turn|16
|
|t:|1609131529
|move|p2a: Umbreon|Foul Play|p1a: Steelix
|-damage|p1a: Steelix|90/100
|move|p1a: Steelix|Stealth Rock|p2a: Umbreon
|-sidestart|p2: wave emoji|move: Stealth Rock
|
|-heal|p2a: Umbreon|100/100 brn|[from] move: Wish|[wisher] Umbreon
|-heal|p1a: Steelix|97/100|[from] item: Leftovers
|-damage|p2a: Umbreon|94/100 brn|[from] brn
|upkeep
|turn|17
|
|t:|1609131536
|switch|p2a: Dhelmise|Dhelmise|100/100
|-damage|p2a: Dhelmise|88/100|[from] Stealth Rock
|move|p1a: Steelix|Body Press|p2a: Dhelmise
|-immune|p2a: Dhelmise
|
|-heal|p2a: Dhelmise|94/100|[from] item: Leftovers
|-heal|p1a: Steelix|100/100|[from] item: Leftovers
|upkeep
|turn|18
|
|t:|1609131559
|move|p2a: Dhelmise|Power Whip|p1a: Steelix
|-damage|p1a: Steelix|73/100
|move|p1a: Steelix|Stealth Rock||[still]
|-fail|p1a: Steelix
|
|-heal|p2a: Dhelmise|100/100|[from] item: Leftovers
|-heal|p1a: Steelix|79/100|[from] item: Leftovers
|upkeep
|turn|19
|
|t:|1609131574
|switch|p1a: Volcanion|Volcanion|88/100
|move|p2a: Dhelmise|Power Whip|p1a: Volcanion
|-damage|p1a: Volcanion|47/100
|
|upkeep
|turn|20
|
|t:|1609131581
|switch|p2a: Zygarde|Zygarde-10%|100/100
|-damage|p2a: Zygarde|94/100|[from] Stealth Rock
|-ability|p2a: Zygarde|Aura Break
|move|p1a: Volcanion|Fire Blast|p2a: Zygarde
|-resisted|p2a: Zygarde
|-damage|p2a: Zygarde|43/100
|
|upkeep
|turn|21
|
|t:|1609131592
|move|p2a: Zygarde|Thousand Arrows|p1a: Volcanion
|-supereffective|p1a: Volcanion
|-damage|p1a: Volcanion|0 fnt
|faint|p1a: Volcanion
|
|upkeep
|
|t:|1609131598
|switch|p1a: Blastoise|Blastoise, M|100/100
|turn|22
|
|t:|1609131603
|switch|p2a: Milotic|Milotic, M|72/100 psn
|-damage|p2a: Milotic|59/100 psn|[from] Stealth Rock
|move|p1a: Blastoise|Shell Smash|p1a: Blastoise
|-unboost|p1a: Blastoise|def|1
|-unboost|p1a: Blastoise|spd|1
|-boost|p1a: Blastoise|atk|2
|-boost|p1a: Blastoise|spa|2
|-boost|p1a: Blastoise|spe|2
|-enditem|p1a: Blastoise|White Herb
|-clearnegativeboost|p1a: Blastoise|[silent]
|
|-heal|p2a: Milotic|65/100 psn|[from] item: Leftovers
|-damage|p2a: Milotic|53/100 psn|[from] psn
|upkeep
|turn|23
|
|t:|1609131613
|move|p1a: Blastoise|Dark Pulse|p2a: Milotic
|-damage|p2a: Milotic|23/100 psn
|move|p2a: Milotic|Haze|p2a: Milotic
|-clearallboost
|
|-heal|p2a: Milotic|29/100 psn|[from] item: Leftovers
|-damage|p2a: Milotic|16/100 psn|[from] psn
|upkeep
|turn|24
|
|t:|1609131619
|move|p1a: Blastoise|Shell Smash|p1a: Blastoise
|-unboost|p1a: Blastoise|def|1
|-unboost|p1a: Blastoise|spd|1
|-boost|p1a: Blastoise|atk|2
|-boost|p1a: Blastoise|spa|2
|-boost|p1a: Blastoise|spe|2
|move|p2a: Milotic|Recover|p2a: Milotic
|-heal|p2a: Milotic|66/100 psn
|
|-heal|p2a: Milotic|72/100 psn|[from] item: Leftovers
|-damage|p2a: Milotic|60/100 psn|[from] psn
|upkeep
|turn|25
|
|t:|1609131622
|move|p1a: Blastoise|Dark Pulse|p2a: Milotic
|-damage|p2a: Milotic|29/100 psn
|cant|p2a: Milotic|flinch
|
|-heal|p2a: Milotic|35/100 psn|[from] item: Leftovers
|-damage|p2a: Milotic|23/100 psn|[from] psn
|upkeep
|turn|26
|c|☆wave emoji|puss plays
|
|t:|1609131638
|move|p1a: Blastoise|Dark Pulse|p2a: Milotic
|-damage|p2a: Milotic|0 fnt
|faint|p2a: Milotic
|
|upkeep
|
|t:|1609131640
|switch|p2a: Umbreon|Umbreon, F|94/100 brn
|-damage|p2a: Umbreon|82/100 brn|[from] Stealth Rock
|turn|27
|
|t:|1609131644
|move|p1a: Blastoise|Scald|p2a: Umbreon
|-damage|p2a: Umbreon|48/100 brn
|move|p2a: Umbreon|Toxic|p1a: Blastoise
|-status|p1a: Blastoise|tox
|
|-heal|p2a: Umbreon|55/100 brn|[from] item: Leftovers
|-damage|p1a: Blastoise|94/100 tox|[from] psn
|-damage|p2a: Umbreon|48/100 brn|[from] brn
|upkeep
|turn|28
|
|t:|1609131650
|move|p1a: Blastoise|Scald|p2a: Umbreon
|-damage|p2a: Umbreon|12/100 brn
|move|p2a: Umbreon|Wish|p2a: Umbreon
|
|-heal|p2a: Umbreon|18/100 brn|[from] item: Leftovers
|-damage|p1a: Blastoise|82/100 tox|[from] psn
|-damage|p2a: Umbreon|12/100 brn|[from] brn
|upkeep
|turn|29
|
|t:|1609131657
|move|p2a: Umbreon|Protect|p2a: Umbreon
|-singleturn|p2a: Umbreon|Protect
|move|p1a: Blastoise|Dark Pulse|p2a: Umbreon
|-activate|p2a: Umbreon|move: Protect
|
|-heal|p2a: Umbreon|62/100 brn|[from] move: Wish|[wisher] Umbreon
|-heal|p2a: Umbreon|68/100 brn|[from] item: Leftovers
|-damage|p1a: Blastoise|64/100 tox|[from] psn
|-damage|p2a: Umbreon|62/100 brn|[from] brn
|upkeep
|turn|30
|
|t:|1609131659
|move|p1a: Blastoise|Scald|p2a: Umbreon
|-damage|p2a: Umbreon|26/100 brn
|move|p2a: Umbreon|Wish|p2a: Umbreon
|
|-heal|p2a: Umbreon|32/100 brn|[from] item: Leftovers
|-damage|p1a: Blastoise|40/100 tox|[from] psn
|-damage|p2a: Umbreon|26/100 brn|[from] brn
|upkeep
|turn|31
|
|t:|1609131666
|move|p2a: Umbreon|Protect|p2a: Umbreon
|-singleturn|p2a: Umbreon|Protect
|move|p1a: Blastoise|Shell Smash|p1a: Blastoise
|-unboost|p1a: Blastoise|def|1
|-unboost|p1a: Blastoise|spd|1
|-boost|p1a: Blastoise|atk|2
|-boost|p1a: Blastoise|spa|2
|-boost|p1a: Blastoise|spe|2
|
|-heal|p2a: Umbreon|76/100 brn|[from] move: Wish|[wisher] Umbreon
|-heal|p2a: Umbreon|82/100 brn|[from] item: Leftovers
|-damage|p1a: Blastoise|10/100 tox|[from] psn
|-damage|p2a: Umbreon|76/100 brn|[from] brn
|upkeep
|turn|32
|
|t:|1609131672
|move|p1a: Blastoise|Scald|p2a: Umbreon
|-damage|p2a: Umbreon|0 fnt
|faint|p2a: Umbreon
|
|-damage|p1a: Blastoise|0 fnt|[from] psn
|faint|p1a: Blastoise
|upkeep
|
|t:|1609131691
|switch|p1a: Indeedee|Indeedee-F, F|100/100
|switch|p2a: Zygarde|Zygarde-10%|43/100
|-fieldstart|move: Psychic Terrain|[from] ability: Psychic Surge|[of] p1a: Indeedee
|-damage|p2a: Zygarde|37/100|[from] Stealth Rock
|-ability|p2a: Zygarde|Aura Break
|turn|33
|
|t:|1609131710
|move|p1a: Indeedee|Expanding Force|p2a: Zygarde
|-damage|p2a: Zygarde|0 fnt
|faint|p2a: Zygarde
|
|upkeep
|
|t:|1609131713
|switch|p2a: Registeel|Registeel|100/100
|-damage|p2a: Registeel|94/100|[from] Stealth Rock
|turn|34
|
|t:|1609131718
|switch|p1a: Steelix|Steelix, M|79/100
|move|p2a: Registeel|Toxic|p1a: Steelix
|-immune|p1a: Steelix
|
|-heal|p2a: Registeel|100/100|[from] item: Leftovers
|-heal|p1a: Steelix|86/100|[from] item: Leftovers
|upkeep
|turn|35
|
|t:|1609131725
|switch|p2a: Dhelmise|Dhelmise|100/100
|-damage|p2a: Dhelmise|88/100|[from] Stealth Rock
|move|p1a: Steelix|Body Press|p2a: Dhelmise
|-immune|p2a: Dhelmise
|
|-heal|p2a: Dhelmise|94/100|[from] item: Leftovers
|-heal|p1a: Steelix|92/100|[from] item: Leftovers
|upkeep
|turn|36
|
|t:|1609131729
|move|p2a: Dhelmise|Power Whip|p1a: Steelix
|-damage|p1a: Steelix|61/100
|move|p1a: Steelix|Heavy Slam|p2a: Dhelmise
|-damage|p2a: Dhelmise|81/100
|
|-heal|p2a: Dhelmise|88/100|[from] item: Leftovers
|-heal|p1a: Steelix|67/100|[from] item: Leftovers
|upkeep
|turn|37
|
|t:|1609131739
|move|p2a: Dhelmise|Power Whip|p1a: Steelix
|-damage|p1a: Steelix|37/100
|move|p1a: Steelix|Earthquake|p2a: Dhelmise
|-resisted|p2a: Dhelmise
|-damage|p2a: Dhelmise|70/100
|
|-heal|p2a: Dhelmise|76/100|[from] item: Leftovers
|-heal|p1a: Steelix|43/100|[from] item: Leftovers
|-fieldend|move: Psychic Terrain
|upkeep
|turn|38
|
|t:|1609131758
|move|p2a: Dhelmise|Power Whip|p1a: Steelix|[miss]
|-miss|p2a: Dhelmise|p1a: Steelix
|move|p1a: Steelix|Earthquake|p2a: Dhelmise
|-resisted|p2a: Dhelmise
|-damage|p2a: Dhelmise|57/100
|
|-heal|p2a: Dhelmise|63/100|[from] item: Leftovers
|-heal|p1a: Steelix|49/100|[from] item: Leftovers
|upkeep
|turn|39
|
|t:|1609131768
|move|p2a: Dhelmise|Power Whip|p1a: Steelix
|-crit|p1a: Steelix
|-damage|p1a: Steelix|8/100
|move|p1a: Steelix|Earthquake|p2a: Dhelmise
|-resisted|p2a: Dhelmise
|-damage|p2a: Dhelmise|44/100
|
|-heal|p2a: Dhelmise|50/100|[from] item: Leftovers
|-heal|p1a: Steelix|14/100|[from] item: Leftovers
|upkeep
|turn|40
|
|t:|1609131775
|move|p2a: Dhelmise|Synthesis|p2a: Dhelmise
|-heal|p2a: Dhelmise|99/100
|move|p1a: Steelix|Earthquake|p2a: Dhelmise
|-resisted|p2a: Dhelmise
|-damage|p2a: Dhelmise|83/100
|
|-heal|p2a: Dhelmise|89/100|[from] item: Leftovers
|-heal|p1a: Steelix|21/100|[from] item: Leftovers
|upkeep
|turn|41
|
|t:|1609131778
|move|p2a: Dhelmise|Power Whip|p1a: Steelix|[miss]
|-miss|p2a: Dhelmise|p1a: Steelix
|move|p1a: Steelix|Earthquake|p2a: Dhelmise
|-resisted|p2a: Dhelmise
|-damage|p2a: Dhelmise|71/100
|
|-heal|p2a: Dhelmise|77/100|[from] item: Leftovers
|-heal|p1a: Steelix|27/100|[from] item: Leftovers
|upkeep
|turn|42
|
|t:|1609131783
|move|p2a: Dhelmise|Power Whip|p1a: Steelix
|-damage|p1a: Steelix|0 fnt
|faint|p1a: Steelix
|
|-heal|p2a: Dhelmise|83/100|[from] item: Leftovers
|upkeep
|
|t:|1609131787
|switch|p1a: Indeedee|Indeedee-F, F|100/100
|-fieldstart|move: Psychic Terrain|[from] ability: Psychic Surge|[of] p1a: Indeedee
|turn|43
|
|t:|1609131790
|move|p1a: Indeedee|Shadow Ball|p2a: Dhelmise
|-supereffective|p2a: Dhelmise
|-damage|p2a: Dhelmise|33/100
|move|p2a: Dhelmise|Knock Off|p1a: Indeedee
|-supereffective|p1a: Indeedee
|-damage|p1a: Indeedee|2/100
|-enditem|p1a: Indeedee|Choice Scarf|[from] move: Knock Off|[of] p2a: Dhelmise
|
|-heal|p2a: Dhelmise|39/100|[from] item: Leftovers
|upkeep
|turn|44
|
|t:|1609131795
|switch|p2a: Registeel|Registeel|100/100
|-damage|p2a: Registeel|94/100|[from] Stealth Rock
|move|p1a: Indeedee|Shadow Ball|p2a: Registeel
|-damage|p2a: Registeel|84/100
|
|-heal|p2a: Registeel|90/100|[from] item: Leftovers
|upkeep
|turn|45
|
|t:|1609131806
|switch|p1a: Snorlax|Snorlax, F|96/100
|move|p2a: Registeel|Seismic Toss|p1a: Snorlax
|-damage|p1a: Snorlax|77/100
|
|-heal|p2a: Registeel|96/100|[from] item: Leftovers
|-heal|p1a: Snorlax|83/100|[from] item: Leftovers
|upkeep
|turn|46
|
|t:|1609131812
|switch|p2a: Xurkitree|Xurkitree|100/100
|move|p1a: Snorlax|Curse|p1a: Snorlax
|-unboost|p1a: Snorlax|spe|1
|-boost|p1a: Snorlax|atk|1
|-boost|p1a: Snorlax|def|1
|
|-heal|p1a: Snorlax|89/100|[from] item: Leftovers
|upkeep
|turn|47
|
|t:|1609131816
|move|p2a: Xurkitree|Thunderbolt|p1a: Snorlax
|-damage|p1a: Snorlax|61/100
|move|p1a: Snorlax|Body Slam|p2a: Xurkitree
|-damage|p2a: Xurkitree|35/100
|
|-heal|p1a: Snorlax|67/100|[from] item: Leftovers
|-fieldend|move: Psychic Terrain
|upkeep
|turn|48
|
|t:|1609131822
|move|p2a: Xurkitree|Thunderbolt|p1a: Snorlax
|-damage|p1a: Snorlax|40/100
|-status|p1a: Snorlax|par
|move|p1a: Snorlax|Body Slam|p2a: Xurkitree
|-damage|p2a: Xurkitree|0 fnt
|faint|p2a: Xurkitree
|
|-heal|p1a: Snorlax|46/100 par|[from] item: Leftovers
|upkeep
|
|t:|1609131826
|switch|p2a: Dhelmise|Dhelmise|39/100
|-damage|p2a: Dhelmise|26/100|[from] Stealth Rock
|turn|49
|
|t:|1609131837
|move|p2a: Dhelmise|Synthesis|p2a: Dhelmise
|-heal|p2a: Dhelmise|76/100
|move|p1a: Snorlax|Rest|p1a: Snorlax
|-status|p1a: Snorlax|slp|[from] move: Rest
|-heal|p1a: Snorlax|100/100 slp|[silent]
|
|-heal|p2a: Dhelmise|83/100|[from] item: Leftovers
|upkeep
|turn|50
|
|t:|1609131841
|move|p2a: Dhelmise|Knock Off|p1a: Snorlax
|-damage|p1a: Snorlax|83/100 slp
|-enditem|p1a: Snorlax|Leftovers|[from] move: Knock Off|[of] p2a: Dhelmise
|cant|p1a: Snorlax|slp
|move|p1a: Snorlax|Sleep Talk|p1a: Snorlax
|move|p1a: Snorlax|Curse|p1a: Snorlax|[from]move: Sleep Talk
|-unboost|p1a: Snorlax|spe|1
|-boost|p1a: Snorlax|atk|1
|-boost|p1a: Snorlax|def|1
|
|-heal|p2a: Dhelmise|89/100|[from] item: Leftovers
|upkeep
|turn|51
|
|t:|1609131856
|switch|p1a: Frosmoth|Frosmoth, F|100/100
|move|p2a: Dhelmise|Rapid Spin|p1a: Frosmoth
|-damage|p1a: Frosmoth|74/100
|-boost|p2a: Dhelmise|spe|1
|-sideend|p2: wave emoji|Stealth Rock|[from] move: Rapid Spin|[of] p2a: Dhelmise
|
|-heal|p2a: Dhelmise|95/100|[from] item: Leftovers
|upkeep
|turn|52
|
|t:|1609131860
|switch|p2a: Registeel|Registeel|96/100
|move|p1a: Frosmoth|Ice Beam|p2a: Registeel
|-resisted|p2a: Registeel
|-damage|p2a: Registeel|83/100
|
|-heal|p2a: Registeel|90/100|[from] item: Leftovers
|upkeep
|turn|53
|
|t:|1609131866
|switch|p1a: Snorlax|Snorlax, F|83/100 slp
|move|p2a: Registeel|Seismic Toss|p1a: Snorlax
|-damage|p1a: Snorlax|64/100 slp
|
|-heal|p2a: Registeel|96/100|[from] item: Leftovers
|upkeep
|turn|54
|
|t:|1609131871
|switch|p2a: Dhelmise|Dhelmise|95/100
|cant|p1a: Snorlax|slp
|move|p1a: Snorlax|Sleep Talk|p1a: Snorlax
|move|p1a: Snorlax|Rest||[from]move: Sleep Talk|[still]
|-fail|p1a: Snorlax
|
|-heal|p2a: Dhelmise|100/100|[from] item: Leftovers
|upkeep
|turn|55
|
|t:|1609131875
|move|p2a: Dhelmise|Rapid Spin|p1a: Snorlax
|-damage|p1a: Snorlax|50/100 slp
|-boost|p2a: Dhelmise|spe|1
|-curestatus|p1a: Snorlax|slp|[msg]
|move|p1a: Snorlax|Rest|p1a: Snorlax
|-status|p1a: Snorlax|slp|[from] move: Rest
|-heal|p1a: Snorlax|100/100 slp|[silent]
|
|upkeep
|turn|56
|
|t:|1609131887
|move|p2a: Dhelmise|Rapid Spin|p1a: Snorlax
|-damage|p1a: Snorlax|86/100 slp
|-boost|p2a: Dhelmise|spe|1
|cant|p1a: Snorlax|slp
|move|p1a: Snorlax|Sleep Talk|p1a: Snorlax
|move|p1a: Snorlax|Body Slam|p2a: Dhelmise|[from]move: Sleep Talk
|-immune|p2a: Dhelmise
|
|upkeep
|turn|57
|
|t:|1609131890
|move|p2a: Dhelmise|Rapid Spin|p1a: Snorlax
|-damage|p1a: Snorlax|71/100 slp
|-boost|p2a: Dhelmise|spe|1
|cant|p1a: Snorlax|slp
|move|p1a: Snorlax|Sleep Talk|p1a: Snorlax
|move|p1a: Snorlax|Body Slam|p2a: Dhelmise|[from]move: Sleep Talk
|-immune|p2a: Dhelmise
|
|upkeep
|turn|58
|
|t:|1609131896
|move|p2a: Dhelmise|Rapid Spin|p1a: Snorlax
|-damage|p1a: Snorlax|57/100 slp
|-boost|p2a: Dhelmise|spe|1
|-curestatus|p1a: Snorlax|slp|[msg]
|move|p1a: Snorlax|Curse|p1a: Snorlax
|-unboost|p1a: Snorlax|spe|1
|-boost|p1a: Snorlax|atk|1
|-boost|p1a: Snorlax|def|1
|
|upkeep
|turn|59
|
|t:|1609131901
|move|p2a: Dhelmise|Rapid Spin|p1a: Snorlax
|-damage|p1a: Snorlax|48/100
|-boost|p2a: Dhelmise|spe|1
|move|p1a: Snorlax|Curse|p1a: Snorlax
|-unboost|p1a: Snorlax|spe|1
|-boost|p1a: Snorlax|atk|1
|-boost|p1a: Snorlax|def|1
|
|upkeep
|turn|60
|inactive|wave emoji has 120 seconds left.
|c|☆wave emoji|can you ff already im not tryna play this through
|
|t:|1609131937
|move|p2a: Dhelmise|Rapid Spin|p1a: Snorlax
|-damage|p1a: Snorlax|40/100
|-boost|p2a: Dhelmise|spe|1
|move|p1a: Snorlax|Rest|p1a: Snorlax
|-status|p1a: Snorlax|slp|[from] move: Rest
|-heal|p1a: Snorlax|100/100 slp|[silent]
|
|upkeep
|turn|61
|
|t:|1609131947
|move|p2a: Dhelmise|Rapid Spin|p1a: Snorlax
|-damage|p1a: Snorlax|93/100 slp
|cant|p1a: Snorlax|slp
|move|p1a: Snorlax|Sleep Talk|p1a: Snorlax
|move|p1a: Snorlax|Rest||[from]move: Sleep Talk|[still]
|-fail|p1a: Snorlax
|
|upkeep
|turn|62
|inactive|wave emoji has 120 seconds left.
|
|t:|1609131971
|move|p2a: Dhelmise|Rapid Spin|p1a: Snorlax
|-damage|p1a: Snorlax|86/100 slp
|cant|p1a: Snorlax|slp
|move|p1a: Snorlax|Sleep Talk|p1a: Snorlax
|move|p1a: Snorlax|Curse|p1a: Snorlax|[from]move: Sleep Talk
|-unboost|p1a: Snorlax|spe|1
|-boost|p1a: Snorlax|atk|1
|-boost|p1a: Snorlax|def|1
|
|upkeep
|turn|63
|inactive|wave emoji has 120 seconds left.
|
|t:|1609131988
|move|p2a: Dhelmise|Rapid Spin|p1a: Snorlax
|-damage|p1a: Snorlax|80/100 slp
|-curestatus|p1a: Snorlax|slp|[msg]
|move|p1a: Snorlax|Curse|p1a: Snorlax
|-unboost|p1a: Snorlax|spe|1
|-boost|p1a: Snorlax|atk|1
|-boost|p1a: Snorlax|def|1
|
|upkeep
|turn|64
|
|t:|1609132003
|move|p2a: Dhelmise|Rapid Spin|p1a: Snorlax
|-crit|p1a: Snorlax
|-damage|p1a: Snorlax|57/100
|move|p1a: Snorlax|Curse|p1a: Snorlax
|-unboost|p1a: Snorlax|spe|1
|-boost|p1a: Snorlax|atk|1
|-boost|p1a: Snorlax|def|1
|
|upkeep
|turn|65
|
|t:|1609132015
|move|p2a: Dhelmise|Rapid Spin|p1a: Snorlax
|-damage|p1a: Snorlax|53/100
|move|p1a: Snorlax|Curse|p1a: Snorlax
|-unboost|p1a: Snorlax|spe|1
|-boost|p1a: Snorlax|atk|1
|-boost|p1a: Snorlax|def|1
|
|upkeep
|turn|66
|c|☆wave emoji|youre gonna do 33-45 with srtuggle jst ff
|
|t:|1609132029
|move|p2a: Dhelmise|Rapid Spin|p1a: Snorlax
|-damage|p1a: Snorlax|50/100
|move|p1a: Snorlax|Curse|p1a: Snorlax
|
|upkeep
|turn|67
|
|t:|1609132038
|move|p2a: Dhelmise|Knock Off|p1a: Snorlax
|-damage|p1a: Snorlax|45/100
|move|p1a: Snorlax|Curse|p1a: Snorlax
|
|upkeep
|turn|68
|
|t:|1609132052
|move|p2a: Dhelmise|Rapid Spin|p1a: Snorlax
|-damage|p1a: Snorlax|41/100
|move|p1a: Snorlax|Body Slam|p2a: Dhelmise
|-immune|p2a: Dhelmise
|
|upkeep
|turn|69
|
|t:|1609132056
|move|p2a: Dhelmise|Rapid Spin|p1a: Snorlax
|-damage|p1a: Snorlax|37/100
|move|p1a: Snorlax|Body Slam|p2a: Dhelmise
|-immune|p2a: Dhelmise
|
|upkeep
|turn|70
|
|t:|1609132060
|move|p2a: Dhelmise|Rapid Spin|p1a: Snorlax
|-damage|p1a: Snorlax|34/100
|move|p1a: Snorlax|Body Slam|p2a: Dhelmise
|-immune|p2a: Dhelmise
|
|upkeep
|turn|71
|
|t:|1609132064
|move|p2a: Dhelmise|Rapid Spin|p1a: Snorlax
|-damage|p1a: Snorlax|30/100
|move|p1a: Snorlax|Body Slam|p2a: Dhelmise
|-immune|p2a: Dhelmise
|
|upkeep
|turn|72
|
|t:|1609132068
|move|p2a: Dhelmise|Rapid Spin|p1a: Snorlax
|-damage|p1a: Snorlax|26/100
|move|p1a: Snorlax|Body Slam|p2a: Dhelmise
|-immune|p2a: Dhelmise
|
|upkeep
|turn|73
|
|t:|1609132079
|move|p2a: Dhelmise|Rapid Spin|p1a: Snorlax
|-damage|p1a: Snorlax|22/100
|move|p1a: Snorlax|Body Slam|p2a: Dhelmise
|-immune|p2a: Dhelmise
|
|upkeep
|turn|74
|
|t:|1609132089
|move|p2a: Dhelmise|Rapid Spin|p1a: Snorlax
|-damage|p1a: Snorlax|18/100
|move|p1a: Snorlax|Rest|p1a: Snorlax
|-status|p1a: Snorlax|slp|[from] move: Rest
|-heal|p1a: Snorlax|100/100 slp|[silent]
|
|upkeep
|turn|75
|
|t:|1609132096
|move|p2a: Dhelmise|Knock Off|p1a: Snorlax
|-damage|p1a: Snorlax|96/100 slp
|cant|p1a: Snorlax|slp
|
|upkeep
|turn|76
|
|t:|1609132101
|move|p2a: Dhelmise|Knock Off|p1a: Snorlax
|-damage|p1a: Snorlax|91/100 slp
|cant|p1a: Snorlax|slp
|
|upkeep
|turn|77
|
|t:|1609132106
|move|p2a: Dhelmise|Knock Off|p1a: Snorlax
|-damage|p1a: Snorlax|86/100 slp
|-curestatus|p1a: Snorlax|slp|[msg]
|move|p1a: Snorlax|Rest|p1a: Snorlax
|-status|p1a: Snorlax|slp|[from] move: Rest
|-heal|p1a: Snorlax|100/100 slp|[silent]
|
|upkeep
|turn|78
|
|t:|1609132112
|switch|p2a: Registeel|Registeel|96/100
|cant|p1a: Snorlax|slp
|
|-heal|p2a: Registeel|100/100|[from] item: Leftovers
|upkeep
|turn|79
|
|t:|1609132115
|switch|p2a: Dhelmise|Dhelmise|100/100
|cant|p1a: Snorlax|slp
|move|p1a: Snorlax|Sleep Talk|p1a: Snorlax
|move|p1a: Snorlax|Rest||[from]move: Sleep Talk|[still]
|-fail|p1a: Snorlax
|
|upkeep
|turn|80
|
|t:|1609132128
|switch|p2a: Registeel|Registeel|100/100
|-curestatus|p1a: Snorlax|slp|[msg]
|move|p1a: Snorlax|Rest|p1a: Snorlax
|-fail|p1a: Snorlax|heal
|
|upkeep
|turn|81
|
|t:|1609132136
|move|p2a: Registeel|Protect|p2a: Registeel
|-singleturn|p2a: Registeel|Protect
|move|p1a: Snorlax|Body Slam|p2a: Registeel
|-activate|p2a: Registeel|move: Protect
|
|upkeep
|turn|82
|
|t:|1609132145
|move|p2a: Registeel|Toxic|p1a: Snorlax
|-status|p1a: Snorlax|tox
|move|p1a: Snorlax|Body Slam|p2a: Registeel
|-resisted|p2a: Registeel
|-damage|p2a: Registeel|57/100
|-status|p2a: Registeel|par
|
|-heal|p2a: Registeel|63/100 par|[from] item: Leftovers
|-damage|p1a: Snorlax|94/100 tox|[from] psn
|upkeep
|turn|83
|
|t:|1609132152
|switch|p2a: Dhelmise|Dhelmise|100/100
|move|p1a: Snorlax|Body Slam|p2a: Dhelmise
|-immune|p2a: Dhelmise
|
|-damage|p1a: Snorlax|82/100 tox|[from] psn
|upkeep
|turn|84
|
|t:|1609132163
|move|p2a: Dhelmise|Knock Off|p1a: Snorlax
|-damage|p1a: Snorlax|78/100 tox
|move|p1a: Snorlax|Body Slam|p2a: Dhelmise
|-immune|p2a: Dhelmise
|
|-damage|p1a: Snorlax|59/100 tox|[from] psn
|upkeep
|turn|85
|
|t:|1609132171
|move|p2a: Dhelmise|Knock Off|p1a: Snorlax
|-damage|p1a: Snorlax|54/100 tox
|move|p1a: Snorlax|Rest|p1a: Snorlax
|-status|p1a: Snorlax|slp|[from] move: Rest
|-heal|p1a: Snorlax|100/100 slp|[silent]
|
|upkeep
|turn|86
|
|t:|1609132178
|switch|p2a: Registeel|Registeel|63/100 par
|cant|p1a: Snorlax|slp
|
|-heal|p2a: Registeel|69/100 par|[from] item: Leftovers
|upkeep
|turn|87
|
|t:|1609132181
|cant|p2a: Registeel|par
|cant|p1a: Snorlax|slp
|move|p1a: Snorlax|Sleep Talk|p1a: Snorlax
|move|p1a: Snorlax|Rest||[from]move: Sleep Talk|[still]
|-fail|p1a: Snorlax
|
|-heal|p2a: Registeel|75/100 par|[from] item: Leftovers
|upkeep
|turn|88
|j|+EonX
|
|t:|1609132190
|switch|p2a: Dhelmise|Dhelmise|100/100
|switch|p1a: Frosmoth|Frosmoth, F|74/100
|
|upkeep
|turn|89
|
|t:|1609132199
|move|p1a: Frosmoth|Ice Beam|p2a: Dhelmise
|-supereffective|p2a: Dhelmise
|-damage|p2a: Dhelmise|0 fnt
|faint|p2a: Dhelmise
|
|upkeep
|-message|wave emoji forfeited.
|
|win|discardedcash
|l|☆wave emoji
|raw|discardedcash's rating: 1369 &rarr; <strong>1387</strong><br />(+18 for winning)
|raw|wave emoji's rating: 1345 &rarr; <strong>1326</strong><br />(-19 for losing)
|l|+EonX
