|html|<div class="broadcast-blue"><strong>[Gen 8] RU is currently suspecting Mienshao! For information on how to participate check out the <a href="https://www.smogon.com/forums/threads/np-ru-stage-8-nocturne-mienshao-suspect-test.3688330/">suspect thread</a>.</strong></div>
|j|☆shoney
|j|☆literallyfreemoney
|t:|1627508923
|gametype|singles
|player|p1|shoney|169|1279
|player|p2|literallyfreemoney|17|1379
|teamsize|p1|6
|teamsize|p2|6
|gen|8
|tier|[Gen 8] RU
|rated|
|rule|Sleep Clause Mod: Limit one foe put to sleep
|rule|Species Clause: Limit one of each Pokémon
|rule|OHKO Clause: OHKO moves are banned
|rule|Evasion Moves Clause: Evasion moves are banned
|rule|Endless Battle Clause: Forcing endless battles is banned
|rule|HP Percentage Mod: HP is shown in percentages
|rule|Dynamax Clause: You cannot dynamax
|clearpoke
|poke|p1|Cobalion|
|poke|p1|Flygon, M|
|poke|p1|Mimikyu, M|
|poke|p1|Necrozma|
|poke|p1|Xurkitree|
|poke|p1|Sharpedo, M|
|poke|p2|Lucario, F|
|poke|p2|Aerodactyl, M|
|poke|p2|Golisopod, F|
|poke|p2|Vaporeon, F|
|poke|p2|Chandelure, F|
|poke|p2|Goodra, M|
|teampreview
|inactive|Battle timer is ON: inactive players will automatically lose when time's up. (requested by shoney)
|
|t:|1627508945
|start
|switch|p1a: Xurkitree|Xurkitree|100/100
|switch|p2a: Puhteradactyl|Aerodactyl, M|100/100
|-ability|p2a: Puhteradactyl|Unnerve
|turn|1
|
|t:|1627508964
|switch|p1a: Flygon|Flygon, M|100/100
|move|p2a: Puhteradactyl|Stealth Rock|p1a: Flygon
|-sidestart|p1: shoney|move: Stealth Rock
|
|upkeep
|turn|2
|
|t:|1627508973
|switch|p2a: Vaporeon|Vaporeon, F|100/100
|move|p1a: Flygon|Stone Edge|p2a: Vaporeon
|-damage|p2a: Vaporeon|78/100
|
|-heal|p2a: Vaporeon|84/100|[from] item: Leftovers
|upkeep
|turn|3
|
|t:|1627508994
|switch|p2a: Goodra|Goodra, M|100/100
|move|p1a: Flygon|Dragon Dance|p1a: Flygon
|-boost|p1a: Flygon|atk|1
|-boost|p1a: Flygon|spe|1
|
|upkeep
|turn|4
|
|t:|1627509000
|move|p1a: Flygon|Outrage|p2a: Goodra
|-supereffective|p2a: Goodra
|-damage|p2a: Goodra|0 fnt
|faint|p2a: Goodra
|
|upkeep
|
|t:|1627509005
|switch|p2a: *w*G O A L I E*w*|Golisopod, F|100/100
|turn|5
|
|t:|1627509009
|move|p2a: *w*G O A L I E*w*|First Impression|p1a: Flygon
|-damage|p1a: Flygon|27/100
|move|p1a: Flygon|Outrage|p2a: *w*G O A L I E*w*|[from]lockedmove
|-damage|p2a: *w*G O A L I E*w*|30/100
|-activate|p2a: *w*G O A L I E*w*|ability: Emergency Exit
|
|t:|1627509015
|switch|p2a: Lucy|Lucario, F|100/100
|
|upkeep
|turn|6
|
|t:|1627509019
|move|p2a: Lucy|Extreme Speed|p1a: Flygon
|-damage|p1a: Flygon|0 fnt
|faint|p1a: Flygon
|-damage|p2a: Lucy|91/100|[from] item: Life Orb
|
|upkeep
|inactive|shoney has 120 seconds left.
|
|t:|1627509057
|switch|p1a: Necrozma|Necrozma|100/100
|-damage|p1a: Necrozma|88/100|[from] Stealth Rock
|turn|7
|
|t:|1627509062
|move|p2a: Lucy|Swords Dance|p2a: Lucy
|-boost|p2a: Lucy|atk|2
|move|p1a: Necrozma|Stealth Rock|p2a: Lucy
|-sidestart|p2: literallyfreemoney|move: Stealth Rock
|
|upkeep
|turn|8
|
|t:|1627509070
|move|p2a: Lucy|Meteor Mash|p1a: Necrozma
|-damage|p1a: Necrozma|0 fnt
|faint|p1a: Necrozma
|-damage|p2a: Lucy|81/100|[from] item: Life Orb
|
|upkeep
|
|t:|1627509076
|switch|p1a: Cobalion|Cobalion|100/100
|-damage|p1a: Cobalion|97/100|[from] Stealth Rock
|turn|9
|
|t:|1627509079
|switch|p2a: Vaporeon|Vaporeon, F|84/100
|-damage|p2a: Vaporeon|71/100|[from] Stealth Rock
|move|p1a: Cobalion|Close Combat|p2a: Vaporeon
|-damage|p2a: Vaporeon|39/100
|-unboost|p1a: Cobalion|def|1
|-unboost|p1a: Cobalion|spd|1
|
|-heal|p2a: Vaporeon|45/100|[from] item: Leftovers
|upkeep
|turn|10
|
|t:|1627509096
|move|p1a: Cobalion|Close Combat|p2a: Vaporeon
|-damage|p2a: Vaporeon|8/100
|-unboost|p1a: Cobalion|def|1
|-unboost|p1a: Cobalion|spd|1
|move|p2a: Vaporeon|Wish|p2a: Vaporeon
|
|-heal|p2a: Vaporeon|14/100|[from] item: Leftovers
|upkeep
|turn|11
|
|t:|1627509124
|switch|p1a: Xurkitree|Xurkitree|100/100
|switch|p2a: Chandelure|Chandelure, F|100/100
|-damage|p2a: Chandelure|76/100|[from] Stealth Rock
|
|-heal|p2a: Chandelure|100/100|[from] move: Wish|[wisher] Vaporeon
|upkeep
|turn|12
|
|t:|1627509130
|move|p2a: Chandelure|Overheat|p1a: Xurkitree
|-damage|p1a: Xurkitree|0 fnt
|-unboost|p2a: Chandelure|spa|2
|faint|p1a: Xurkitree
|
|upkeep
|
|t:|1627509140
|switch|p1a: Sharpedo|Sharpedo, M, shiny|100/100
|-damage|p1a: Sharpedo|88/100|[from] Stealth Rock
|turn|13
|
|t:|1627509157
|switch|p2a: Lucy|Lucario, F|81/100
|-damage|p2a: Lucy|78/100|[from] Stealth Rock
|move|p1a: Sharpedo|Protect||[still]
|-fail|p1a: Sharpedo
|
|-ability|p1a: Sharpedo|Speed Boost|boost
|-boost|p1a: Sharpedo|spe|1
|upkeep
|turn|14
|
|t:|1627509167
|move|p2a: Lucy|Extreme Speed|p1a: Sharpedo
|-damage|p1a: Sharpedo|0 fnt
|faint|p1a: Sharpedo
|-damage|p2a: Lucy|68/100|[from] item: Life Orb
|
|upkeep
|
|t:|1627509176
|switch|p1a: Cobalion|Cobalion|97/100
|-damage|p1a: Cobalion|94/100|[from] Stealth Rock
|turn|15
|
|t:|1627509196
|move|p1a: Cobalion|Close Combat|p2a: Lucy
|-supereffective|p2a: Lucy
|-damage|p2a: Lucy|0 fnt
|-unboost|p1a: Cobalion|def|1
|-unboost|p1a: Cobalion|spd|1
|faint|p2a: Lucy
|
|upkeep
|
|t:|1627509208
|switch|p2a: Chandelure|Chandelure, F|100/100
|-damage|p2a: Chandelure|76/100|[from] Stealth Rock
|turn|16
|
|t:|1627509217
|move|p2a: Chandelure|Overheat|p1a: Cobalion
|-supereffective|p1a: Cobalion
|-damage|p1a: Cobalion|0 fnt
|-unboost|p2a: Chandelure|spa|2
|faint|p1a: Cobalion
|
|upkeep
|
|t:|1627509226
|switch|p1a: Mimikyu|Mimikyu, M, shiny|100/100
|-damage|p1a: Mimikyu|88/100|[from] Stealth Rock
|turn|17
|
|t:|1627509252
|move|p1a: Mimikyu|Shadow Sneak|p2a: Chandelure
|-supereffective|p2a: Chandelure
|-damage|p2a: Chandelure|15/100
|-damage|p1a: Mimikyu|78/100|[from] item: Life Orb
|move|p2a: Chandelure|Overheat|p1a: Mimikyu
|-activate|p1a: Mimikyu|ability: Disguise
|-damage|p1a: Mimikyu|78/100
|-unboost|p2a: Chandelure|spa|2
|detailschange|p1a: Mimikyu|Mimikyu-Busted, M, shiny
|-damage|p1a: Mimikyu|66/100|[from] pokemon: Mimikyu-Busted
|
|upkeep
|turn|18
|
|t:|1627509260
|move|p2a: Chandelure|Overheat|p1a: Mimikyu
|-damage|p1a: Mimikyu|30/100
|-unboost|p2a: Chandelure|spa|2
|move|p1a: Mimikyu|Swords Dance|p1a: Mimikyu
|-boost|p1a: Mimikyu|atk|2
|
|upkeep
|turn|19
|
|t:|1627509265
|move|p2a: Chandelure|Overheat|p1a: Mimikyu
|-damage|p1a: Mimikyu|2/100
|move|p1a: Mimikyu|Swords Dance|p1a: Mimikyu
|-boost|p1a: Mimikyu|atk|2
|
|upkeep
|turn|20
|
|t:|1627509269
|move|p1a: Mimikyu|Shadow Sneak|p2a: Chandelure
|-supereffective|p2a: Chandelure
|-damage|p2a: Chandelure|0 fnt
|faint|p2a: Chandelure
|-damage|p1a: Mimikyu|0 fnt|[from] item: Life Orb
|faint|p1a: Mimikyu
|
|win|literallyfreemoney
|raw|shoney's rating: 1279 &rarr; <strong>1261</strong><br />(-18 for losing)
|raw|literallyfreemoney's rating: 1380 &rarr; <strong>1394</strong><br />(+14 for winning)
|l|☆literallyfreemoney
|c|☆shoney|gg
||Ladder isn't responding, score probably updated but might not have (Request timeout).
