|j|☆Dollarsalt
|j|☆Earlio2
|player|p1|Dollarsalt|107|
|player|p2|Earlio2|226|
|teamsize|p1|6
|teamsize|p2|6
|gametype|singles
|gen|8
|tier|[Gen 8] RU
|clearpoke
|poke|p1|Vileplume, F|
|poke|p1|Gigalith, M|
|poke|p1|Sableye, F|
|poke|p1|Vaporeon, F|
|poke|p1|Salazzle, F|
|poke|p1|Xatu, F|
|poke|p2|Rotom-Frost|
|poke|p2|Xatu, F|
|poke|p2|Drampa, M|
|poke|p2|Gigalith, M|
|poke|p2|Silvally-*|
|poke|p2|Dhelmise|
|rule|Sleep Clause Mod: Limit one foe put to sleep
|rule|Species Clause: Limit one of each Pokémon
|rule|OHKO Clause: OHKO moves are banned
|rule|Evasion Moves Clause: Evasion moves are banned
|rule|Endless Battle Clause: Forcing endless battles is banned
|rule|HP Percentage Mod: HP is shown in percentages
|rule|Dynamax Clause: You cannot dynamax
|teampreview
|c|☆Dollarsalt|gl
|c|☆Earlio2|u2
|
|start
|switch|p1a: Sableye|Sableye, F|100/100
|switch|p2a: Rotom|Rotom-Frost|100/100
|turn|1
|
|switch|p1a: Gigalith|Gigalith, M|100/100
|-weather|Sandstorm|[from] ability: Sand Stream|[of] p1a: Gigalith
|move|p2a: Rotom|Volt Switch|p1a: Gigalith
|-crit|p1a: Gigalith
|-damage|p1a: Gigalith|74/100
|
|switch|p2a: Drampa|Drampa, M|100/100|[from]move: Volt Switch
|-ability|p2a: Drampa|Cloud Nine
|
|-weather|Sandstorm|[upkeep]
|-heal|p1a: Gigalith|80/100|[from] item: Leftovers
|upkeep
|turn|2
|
|move|p2a: Drampa|Glare|p1a: Gigalith
|-status|p1a: Gigalith|par
|cant|p1a: Gigalith|par
|
|-weather|Sandstorm|[upkeep]
|-heal|p1a: Gigalith|86/100 par|[from] item: Leftovers
|upkeep
|turn|3
|
|move|p2a: Drampa|Surf|p1a: Gigalith
|-supereffective|p1a: Gigalith
|-damage|p1a: Gigalith|24/100 par
|move|p1a: Gigalith|Stone Edge|p2a: Drampa
|-damage|p2a: Drampa|47/100
|
|-weather|Sandstorm|[upkeep]
|-heal|p2a: Drampa|53/100|[from] item: Leftovers
|-heal|p1a: Gigalith|30/100 par|[from] item: Leftovers
|upkeep
|turn|4
|
|switch|p1a: Vaporeon|Vaporeon, F|100/100
|move|p2a: Drampa|Surf|p1a: Vaporeon
|-immune|p1a: Vaporeon|[from] ability: Water Absorb
|
|-weather|Sandstorm|[upkeep]
|-heal|p2a: Drampa|59/100|[from] item: Leftovers
|upkeep
|turn|5
|
|move|p1a: Vaporeon|Scald|p2a: Drampa
|-resisted|p2a: Drampa
|-damage|p2a: Drampa|42/100
|move|p2a: Drampa|Glare|p1a: Vaporeon
|-status|p1a: Vaporeon|par
|
|-weather|none
|-heal|p2a: Drampa|48/100|[from] item: Leftovers
|upkeep
|turn|6
|
|switch|p2a: Rotom|Rotom-Frost|100/100
|move|p1a: Vaporeon|Scald|p2a: Rotom
|-damage|p2a: Rotom|60/100
|
|upkeep
|turn|7
|
|switch|p1a: Gigalith|Gigalith, M|30/100 par
|-weather|Sandstorm|[from] ability: Sand Stream|[of] p1a: Gigalith
|move|p2a: Rotom|Volt Switch|p1a: Gigalith
|-damage|p1a: Gigalith|10/100 par
|
|switch|p2a: Silvally|Silvally-Steel|100/100|[from]move: Volt Switch
|
|-weather|Sandstorm|[upkeep]
|-heal|p1a: Gigalith|17/100 par|[from] item: Leftovers
|upkeep
|turn|8
|
|switch|p1a: Sableye|Sableye, F|100/100
|move|p2a: Silvally|U-turn|p1a: Sableye
|-damage|p1a: Sableye|77/100
|
|switch|p2a: Drampa|Drampa, M|48/100|[from]move: U-turn
|-ability|p2a: Drampa|Cloud Nine
|
|-weather|Sandstorm|[upkeep]
|-heal|p2a: Drampa|54/100|[from] item: Leftovers
|-heal|p1a: Sableye|83/100|[from] item: Leftovers
|upkeep
|turn|9
|
|switch|p1a: Vaporeon|Vaporeon, F|100/100 par
|move|p2a: Drampa|Draco Meteor|p1a: Vaporeon
|-damage|p1a: Vaporeon|55/100 par
|-unboost|p2a: Drampa|spa|2
|
|-weather|Sandstorm|[upkeep]
|-heal|p2a: Drampa|60/100|[from] item: Leftovers
|-heal|p1a: Vaporeon|61/100 par|[from] item: Leftovers
|upkeep
|turn|10
|
|switch|p2a: Dhelmise|Dhelmise|100/100
|move|p1a: Vaporeon|Wish|p1a: Vaporeon
|
|-weather|Sandstorm|[upkeep]
|-damage|p2a: Dhelmise|94/100|[from] Sandstorm
|-damage|p1a: Vaporeon|55/100 par|[from] Sandstorm
|-heal|p2a: Dhelmise|100/100|[from] item: Leftovers
|-heal|p1a: Vaporeon|61/100 par|[from] item: Leftovers
|upkeep
|turn|11
|
|switch|p1a: Sableye|Sableye, F|83/100
|move|p2a: Dhelmise|Anchor Shot|p1a: Sableye
|-damage|p1a: Sableye|28/100
|
|-weather|none
|-heal|p1a: Sableye|100/100|[from] move: Wish|[wisher] Vaporeon
|upkeep
|turn|12
|
|switch|p2a: Xatu|Xatu, F|100/100
|move|p1a: Sableye|Knock Off|p2a: Xatu
|-supereffective|p2a: Xatu
|-damage|p2a: Xatu|51/100
|-damage|p1a: Sableye|84/100|[from] item: Rocky Helmet|[of] p2a: Xatu
|-enditem|p2a: Xatu|Rocky Helmet|[from] move: Knock Off|[of] p1a: Sableye
|
|-heal|p1a: Sableye|90/100|[from] item: Leftovers
|upkeep
|turn|13
|
|move|p2a: Xatu|Thunder Wave|p1a: Sableye
|-status|p1a: Sableye|par
|move|p1a: Sableye|Knock Off|p2a: Xatu
|-supereffective|p2a: Xatu
|-damage|p2a: Xatu|20/100
|
|-heal|p1a: Sableye|97/100 par|[from] item: Leftovers
|upkeep
|turn|14
|
|switch|p2a: Drampa|Drampa, M|60/100
|-ability|p2a: Drampa|Cloud Nine
|move|p1a: Sableye|Knock Off|p2a: Drampa
|-damage|p2a: Drampa|28/100
|-enditem|p2a: Drampa|Leftovers|[from] move: Knock Off|[of] p1a: Sableye
|
|-heal|p1a: Sableye|100/100 par|[from] item: Leftovers
|upkeep
|turn|15
|
|switch|p1a: Gigalith|Gigalith, M|17/100 par
|-weather|Sandstorm|[from] ability: Sand Stream|[of] p1a: Gigalith
|move|p2a: Drampa|Draco Meteor|p1a: Gigalith
|-damage|p1a: Gigalith|0 fnt
|-unboost|p2a: Drampa|spa|2
|faint|p1a: Gigalith
|
|-weather|Sandstorm|[upkeep]
|upkeep
|
|switch|p1a: Vaporeon|Vaporeon, F|61/100 par
|turn|16
|
|switch|p2a: Dhelmise|Dhelmise|100/100
|cant|p1a: Vaporeon|par
|
|-weather|Sandstorm|[upkeep]
|-damage|p2a: Dhelmise|94/100|[from] Sandstorm
|-damage|p1a: Vaporeon|55/100 par|[from] Sandstorm
|-heal|p2a: Dhelmise|100/100|[from] item: Leftovers
|-heal|p1a: Vaporeon|61/100 par|[from] item: Leftovers
|upkeep
|turn|17
|
|switch|p1a: Vileplume|Vileplume, F|100/100
|move|p2a: Dhelmise|Power Whip|p1a: Vileplume
|-resisted|p1a: Vileplume
|-damage|p1a: Vileplume|87/100
|
|-weather|Sandstorm|[upkeep]
|-damage|p2a: Dhelmise|94/100|[from] Sandstorm
|-damage|p1a: Vileplume|80/100|[from] Sandstorm
|-heal|p2a: Dhelmise|100/100|[from] item: Leftovers
|-heal|p1a: Vileplume|87/100|[from] item: Black Sludge
|upkeep
|turn|18
|
|switch|p2a: Silvally|Silvally-Steel|100/100
|move|p1a: Vileplume|Sludge Bomb|p2a: Silvally
|-immune|p2a: Silvally
|
|-weather|Sandstorm|[upkeep]
|-damage|p1a: Vileplume|80/100|[from] Sandstorm
|-heal|p1a: Vileplume|87/100|[from] item: Black Sludge
|upkeep
|turn|19
|
|move|p2a: Silvally|Multi-Attack|p1a: Vileplume
|-damage|p1a: Vileplume|47/100
|move|p1a: Vileplume|Sleep Powder|p2a: Silvally
|-status|p2a: Silvally|slp|[from] move: Sleep Powder
|
|-weather|none
|-heal|p1a: Vileplume|53/100|[from] item: Black Sludge
|upkeep
|turn|20
|
|switch|p2a: Drampa|Drampa, M|28/100
|-ability|p2a: Drampa|Cloud Nine
|move|p1a: Vileplume|Sludge Bomb|p2a: Drampa
|-damage|p2a: Drampa|0 fnt
|faint|p2a: Drampa
|
|-heal|p1a: Vileplume|59/100|[from] item: Black Sludge
|upkeep
|
|switch|p2a: Xatu|Xatu, F|20/100
|turn|21
|
|switch|p1a: Sableye|Sableye, F|100/100 par
|move|p2a: Xatu|Roost|p2a: Xatu
|-heal|p2a: Xatu|70/100
|-singleturn|p2a: Xatu|move: Roost
|
|upkeep
|turn|22
|
|move|p1a: Sableye|Knock Off|p2a: Xatu
|-supereffective|p2a: Xatu
|-damage|p2a: Xatu|40/100
|move|p2a: Xatu|Teleport|p2a: Xatu
|
|switch|p2a: Rotom|Rotom-Frost|60/100|[from]move: Teleport
|
|upkeep
|turn|23
|
|move|p2a: Rotom|Trick|p1a: Sableye
|-activate|p2a: Rotom|move: Trick|[of] p1a: Sableye
|-item|p1a: Sableye|Choice Scarf|[from] move: Trick
|-item|p2a: Rotom|Leftovers|[from] move: Trick
|move|p1a: Sableye|Knock Off|p2a: Rotom
|-crit|p2a: Rotom
|-damage|p2a: Rotom|11/100
|-enditem|p2a: Rotom|Leftovers|[from] move: Knock Off|[of] p1a: Sableye
|
|upkeep
|turn|24
|
|switch|p2a: Xatu|Xatu, F|40/100
|move|p1a: Sableye|Knock Off|p2a: Xatu
|-supereffective|p2a: Xatu
|-damage|p2a: Xatu|9/100
|
|upkeep
|turn|25
|
|switch|p1a: Vaporeon|Vaporeon, F|61/100 par
|move|p2a: Xatu|Roost|p2a: Xatu
|-heal|p2a: Xatu|59/100
|-singleturn|p2a: Xatu|move: Roost
|
|-heal|p1a: Vaporeon|67/100 par|[from] item: Leftovers
|upkeep
|turn|26
|
|move|p1a: Vaporeon|Wish|p1a: Vaporeon
|move|p2a: Xatu|Teleport|p2a: Xatu
|
|switch|p2a: Rotom|Rotom-Frost|11/100|[from]move: Teleport
|
|-heal|p1a: Vaporeon|73/100 par|[from] item: Leftovers
|upkeep
|turn|27
|
|move|p2a: Rotom|Thunderbolt|p1a: Vaporeon
|-supereffective|p1a: Vaporeon
|-damage|p1a: Vaporeon|28/100 par
|move|p1a: Vaporeon|Scald|p2a: Rotom
|-damage|p2a: Rotom|0 fnt
|faint|p2a: Rotom
|
|-heal|p1a: Vaporeon|78/100 par|[from] move: Wish|[wisher] Vaporeon
|-heal|p1a: Vaporeon|84/100 par|[from] item: Leftovers
|upkeep
|
|switch|p2a: Dhelmise|Dhelmise|100/100
|turn|28
|
|switch|p1a: Sableye|Sableye, F|100/100 par
|move|p2a: Dhelmise|Anchor Shot|p1a: Sableye
|-damage|p1a: Sableye|49/100 par
|
|upkeep
|turn|29
|
|switch|p2a: Xatu|Xatu, F|59/100
|cant|p1a: Sableye|par
|
|upkeep
|turn|30
|
|move|p1a: Sableye|Recover|p1a: Sableye
|-heal|p1a: Sableye|99/100 par
|move|p2a: Xatu|Teleport|p2a: Xatu
|
|switch|p2a: Gigalith|Gigalith, M|100/100|[from]move: Teleport
|-weather|Sandstorm|[from] ability: Sand Stream|[of] p2a: Gigalith
|
|-weather|Sandstorm|[upkeep]
|-damage|p1a: Sableye|93/100 par|[from] Sandstorm
|upkeep
|turn|31
|
|switch|p1a: Vileplume|Vileplume, F|59/100
|move|p2a: Gigalith|Stone Edge|p1a: Vileplume|[miss]
|-miss|p2a: Gigalith|p1a: Vileplume
|
|-weather|Sandstorm|[upkeep]
|-damage|p1a: Vileplume|53/100|[from] Sandstorm
|-heal|p1a: Vileplume|59/100|[from] item: Black Sludge
|upkeep
|turn|32
|
|switch|p2a: Xatu|Xatu, F|59/100
|move|p1a: Vileplume|Sludge Bomb|p2a: Xatu
|-damage|p2a: Xatu|9/100
|
|-weather|Sandstorm|[upkeep]
|-damage|p2a: Xatu|3/100|[from] Sandstorm
|-damage|p1a: Vileplume|53/100|[from] Sandstorm
|-heal|p1a: Vileplume|59/100|[from] item: Black Sludge
|upkeep
|turn|33
|
|switch|p1a: Xatu|Xatu, F|100/100
|move|p2a: Xatu|Thunder Wave|p1a: Xatu
|move|p1a: Xatu|Thunder Wave|p2a: Xatu|[from]Magic Bounce
|-status|p2a: Xatu|par
|
|-weather|Sandstorm|[upkeep]
|-damage|p1a: Xatu|95/100|[from] Sandstorm
|-damage|p2a: Xatu|0 fnt|[from] Sandstorm
|faint|p2a: Xatu
|upkeep
|
|switch|p2a: Silvally|Silvally-Steel|100/100 slp
|turn|34
|
|cant|p2a: Silvally|slp
|move|p1a: Xatu|Heat Wave|p2a: Silvally
|-supereffective|p2a: Silvally
|-crit|p2a: Silvally
|-damage|p2a: Silvally|37/100 slp
|
|-weather|none
|upkeep
|turn|35
|
|move|p1a: Xatu|Heat Wave|p2a: Silvally
|-supereffective|p2a: Silvally
|-damage|p2a: Silvally|0 fnt
|faint|p2a: Silvally
|
|upkeep
|
|switch|p2a: Gigalith|Gigalith, M|100/100
|-weather|Sandstorm|[from] ability: Sand Stream|[of] p2a: Gigalith
|turn|36
|
|switch|p1a: Vaporeon|Vaporeon, F|84/100 par
|move|p2a: Gigalith|Stone Edge|p1a: Vaporeon|[miss]
|-miss|p2a: Gigalith|p1a: Vaporeon
|
|-weather|Sandstorm|[upkeep]
|-damage|p1a: Vaporeon|78/100 par|[from] Sandstorm
|-heal|p1a: Vaporeon|84/100 par|[from] item: Leftovers
|upkeep
|turn|37
|
|switch|p2a: Dhelmise|Dhelmise|100/100
|move|p1a: Vaporeon|Scald|p2a: Dhelmise
|-resisted|p2a: Dhelmise
|-damage|p2a: Dhelmise|83/100
|
|-weather|Sandstorm|[upkeep]
|-damage|p2a: Dhelmise|77/100|[from] Sandstorm
|-damage|p1a: Vaporeon|78/100 par|[from] Sandstorm
|-heal|p2a: Dhelmise|83/100|[from] item: Leftovers
|-heal|p1a: Vaporeon|84/100 par|[from] item: Leftovers
|upkeep
|turn|38
|
|move|p2a: Dhelmise|Anchor Shot|p1a: Vaporeon
|-resisted|p1a: Vaporeon
|-damage|p1a: Vaporeon|61/100 par
|-activate|p1a: Vaporeon|trapped
|move|p1a: Vaporeon|Scald|p2a: Dhelmise
|-resisted|p2a: Dhelmise
|-damage|p2a: Dhelmise|66/100
|
|-weather|Sandstorm|[upkeep]
|-damage|p2a: Dhelmise|59/100|[from] Sandstorm
|-damage|p1a: Vaporeon|55/100 par|[from] Sandstorm
|-heal|p2a: Dhelmise|66/100|[from] item: Leftovers
|-heal|p1a: Vaporeon|61/100 par|[from] item: Leftovers
|upkeep
|turn|39
|
|move|p2a: Dhelmise|Power Whip|p1a: Vaporeon
|-supereffective|p1a: Vaporeon
|-damage|p1a: Vaporeon|0 fnt
|faint|p1a: Vaporeon
|
|-weather|Sandstorm|[upkeep]
|-damage|p2a: Dhelmise|59/100|[from] Sandstorm
|-heal|p2a: Dhelmise|66/100|[from] item: Leftovers
|upkeep
|
|switch|p1a: Salazzle|Salazzle, F|100/100
|turn|40
|
|switch|p2a: Gigalith|Gigalith, M|100/100
|move|p1a: Salazzle|Toxic|p2a: Gigalith
|-status|p2a: Gigalith|tox
|
|-weather|none
|-damage|p2a: Gigalith|94/100 tox|[from] psn
|upkeep
|turn|41
|
|switch|p2a: Dhelmise|Dhelmise|66/100
|move|p1a: Salazzle|Protect||[still]
|-fail|p1a: Salazzle
|
|-heal|p2a: Dhelmise|72/100|[from] item: Leftovers
|upkeep
|turn|42
|
|move|p1a: Salazzle|Flamethrower|p2a: Dhelmise
|-supereffective|p2a: Dhelmise
|-damage|p2a: Dhelmise|0 fnt
|faint|p2a: Dhelmise
|
|upkeep
|c|☆Earlio2|gg
|c|☆Dollarsalt|gg
|-message|Earlio2 forfeited.
|
|win|Dollarsalt
