|j|☆pokemns mastr
|j|☆Aquarius Ghost ❤
|player|p1|pokemns mastr|blue|1605
|player|p2|Aquarius Ghost ❤|aetherfoundation|1545
|teamsize|p1|6
|teamsize|p2|6
|gametype|singles
|gen|8
|tier|[Gen 8] RU
|rated|
|clearpoke
|poke|p1|Snorlax, M|
|poke|p1|Bewear, F|
|poke|p1|Charizard, M|
|poke|p1|Rillaboom, M|
|poke|p1|Vikavolt, F|
|poke|p1|Corsola-Galar, F|
|poke|p2|Salazzle, F|
|poke|p2|Sableye, F|
|poke|p2|Indeedee-F, F|
|poke|p2|Vileplume, F|
|poke|p2|Vaporeon, M|
|poke|p2|Coalossal, M|
|rule|Sleep Clause Mod: Limit one foe put to sleep
|rule|Species Clause: Limit one of each Pokémon
|rule|OHKO Clause: OHKO moves are banned
|rule|Evasion Moves Clause: Evasion moves are banned
|rule|Endless Battle Clause: Forcing endless battles is banned
|rule|HP Percentage Mod: HP is shown in percentages
|rule|Dynamax Clause: You cannot dynamax
|teampreview
|inactive|Battle timer is ON: inactive players will automatically lose when time's up. (requested by pokemns mastr)
|
|start
|switch|p1a: Vikavolt|Vikavolt, F|100/100
|switch|p2a: Coalossal|Coalossal, M|100/100
|turn|1
|j| Diglettsneedtodie
|
|move|p1a: Vikavolt|Thunderbolt|p2a: Coalossal
|-damage|p2a: Coalossal|68/100
|move|p2a: Coalossal|Stealth Rock|p1a: Vikavolt
|-sidestart|p1: pokemns mastr|move: Stealth Rock
|
|upkeep
|turn|2
|
|move|p1a: Vikavolt|Thunderbolt|p2a: Coalossal
|-damage|p2a: Coalossal|35/100
|move|p2a: Coalossal|Flamethrower|p1a: Vikavolt
|-supereffective|p1a: Vikavolt
|-damage|p1a: Vikavolt|43/100
|
|upkeep
|turn|3
|
|switch|p1a: Corsola|Corsola-Galar, F|100/100
|-damage|p1a: Corsola|88/100|[from] Stealth Rock
|move|p2a: Coalossal|Flamethrower|p1a: Corsola
|-damage|p1a: Corsola|71/100
|
|upkeep
|turn|4
|
|move|p1a: Corsola|Stealth Rock|p2a: Coalossal
|-sidestart|p2: Aquarius Ghost ❤|move: Stealth Rock
|move|p2a: Coalossal|Flamethrower|p1a: Corsola
|-damage|p1a: Corsola|54/100
|-start|p2a: Coalossal|Disable|Flamethrower|[from] ability: Cursed Body|[of] p1a: Corsola
|
|upkeep
|turn|5
|
|switch|p2a: Sableye|Sableye, F|100/100
|-damage|p2a: Sableye|88/100|[from] Stealth Rock
|move|p1a: Corsola|Strength Sap|p2a: Sableye
|-unboost|p2a: Sableye|atk|1
|-heal|p1a: Corsola|100/100
|
|-heal|p2a: Sableye|94/100|[from] item: Leftovers
|upkeep
|turn|6
|
|switch|p1a: Charizard|Charizard, M|100/100
|move|p2a: Sableye|Knock Off|p1a: Charizard
|-damage|p1a: Charizard|80/100
|-enditem|p1a: Charizard|Heavy-Duty Boots|[from] move: Knock Off|[of] p2a: Sableye
|
|-heal|p2a: Sableye|100/100|[from] item: Leftovers
|upkeep
|turn|7
|
|move|p1a: Charizard|Toxic|p2a: Sableye
|-status|p2a: Sableye|tox
|move|p2a: Sableye|Knock Off|p1a: Charizard
|-damage|p1a: Charizard|66/100
|
|-damage|p2a: Sableye|94/100 tox|[from] psn
|upkeep
|turn|8
|
|switch|p2a: Vaporeon|Vaporeon, M|100/100
|-damage|p2a: Vaporeon|88/100|[from] Stealth Rock
|move|p1a: Charizard|Roost|p1a: Charizard
|-heal|p1a: Charizard|100/100
|-singleturn|p1a: Charizard|move: Roost
|
|-heal|p2a: Vaporeon|94/100|[from] item: Leftovers
|upkeep
|turn|9
|
|move|p1a: Charizard|Defog|p2a: Vaporeon
|-unboost|p2a: Vaporeon|evasion|1
|-sideend|p2: Aquarius Ghost ❤|Stealth Rock|[from] move: Defog|[of] p1a: Charizard
|-sideend|p1: pokemns mastr|Stealth Rock|[from] move: Defog|[of] p1a: Charizard
|move|p2a: Vaporeon|Scald|p1a: Charizard
|-supereffective|p1a: Charizard
|-damage|p1a: Charizard|56/100
|
|-heal|p2a: Vaporeon|100/100|[from] item: Leftovers
|upkeep
|turn|10
|
|switch|p1a: Rillaboom|Rillaboom, M|100/100
|-fieldstart|move: Grassy Terrain|[from] ability: Grassy Surge|[of] p1a: Rillaboom
|move|p2a: Vaporeon|Scald|p1a: Rillaboom
|-resisted|p1a: Rillaboom
|-damage|p1a: Rillaboom|79/100
|
|-heal|p1a: Rillaboom|85/100|[from] Grassy Terrain
|upkeep
|turn|11
|
|switch|p2a: Vileplume|Vileplume, F|100/100
|move|p1a: Rillaboom|Knock Off|p2a: Vileplume
|-crit|p2a: Vileplume
|-damage|p2a: Vileplume|45/100
|-enditem|p2a: Vileplume|Black Sludge|[from] move: Knock Off|[of] p1a: Rillaboom
|
|-heal|p1a: Rillaboom|91/100|[from] Grassy Terrain
|-heal|p2a: Vileplume|51/100|[from] Grassy Terrain
|upkeep
|turn|12
|
|switch|p1a: Charizard|Charizard, M|56/100
|move|p2a: Vileplume|Strength Sap|p1a: Charizard
|-unboost|p1a: Charizard|atk|1
|-heal|p2a: Vileplume|95/100
|
|-heal|p2a: Vileplume|100/100|[from] Grassy Terrain
|upkeep
|turn|13
|
|move|p1a: Charizard|Roost|p1a: Charizard
|-heal|p1a: Charizard|100/100
|-singleturn|p1a: Charizard|move: Roost
|move|p2a: Vileplume|Aromatherapy|p2a: Vileplume
|-activate|p2a: Vileplume|move: Aromatherapy
|-curestatus|p2: Sableye|tox|[msg]
|
|upkeep
|turn|14
|
|switch|p1a: Vikavolt|Vikavolt, F|43/100
|switch|p2a: Salazzle|Salazzle, F|100/100
|
|-fieldend|move: Grassy Terrain
|upkeep
|turn|15
|
|switch|p1a: Snorlax|Snorlax, M|100/100
|move|p2a: Salazzle|Flamethrower|p1a: Snorlax
|-damage|p1a: Snorlax|93/100
|
|-heal|p1a: Snorlax|99/100|[from] item: Leftovers
|upkeep
|turn|16
|
|switch|p2a: Sableye|Sableye, F|94/100
|switch|p1a: Vikavolt|Vikavolt, F|43/100
|
|-heal|p2a: Sableye|100/100|[from] item: Leftovers
|upkeep
|turn|17
|
|move|p2a: Sableye|Will-O-Wisp|p1a: Vikavolt
|-status|p1a: Vikavolt|brn
|move|p1a: Vikavolt|Roost|p1a: Vikavolt
|-heal|p1a: Vikavolt|93/100 brn
|-singleturn|p1a: Vikavolt|move: Roost
|
|-damage|p1a: Vikavolt|87/100 brn|[from] brn
|upkeep
|turn|18
|
|move|p2a: Sableye|Knock Off|p1a: Vikavolt
|-damage|p1a: Vikavolt|59/100 brn
|-enditem|p1a: Vikavolt|Heavy-Duty Boots|[from] move: Knock Off|[of] p2a: Sableye
|move|p1a: Vikavolt|Sticky Web|p2a: Sableye
|-sidestart|p2: Aquarius Ghost ❤|move: Sticky Web
|
|-damage|p1a: Vikavolt|53/100 brn|[from] brn
|upkeep
|turn|19
|
|move|p2a: Sableye|Encore|p1a: Vikavolt
|-start|p1a: Vikavolt|Encore
|move|p1a: Vikavolt|Sticky Web||[still]
|-fail|p1a: Vikavolt
|
|-damage|p1a: Vikavolt|47/100 brn|[from] brn
|upkeep
|turn|20
|
|switch|p1a: Charizard|Charizard, M|100/100
|move|p2a: Sableye|Knock Off|p1a: Charizard
|-damage|p1a: Charizard|78/100
|
|upkeep
|turn|21
|
|switch|p2a: Salazzle|Salazzle, F|100/100
|-activate|p2a: Salazzle|move: Sticky Web
|-unboost|p2a: Salazzle|spe|1
|move|p1a: Charizard|Toxic|p2a: Salazzle
|-immune|p2a: Salazzle
|
|upkeep
|turn|22
|
|switch|p1a: Snorlax|Snorlax, M|99/100
|move|p2a: Salazzle|Toxic|p1a: Snorlax
|-status|p1a: Snorlax|tox
|
|-heal|p1a: Snorlax|100/100 tox|[from] item: Leftovers
|-damage|p1a: Snorlax|94/100 tox|[from] psn
|upkeep
|turn|23
|
|switch|p2a: Vaporeon|Vaporeon, M|100/100
|-activate|p2a: Vaporeon|move: Sticky Web
|-unboost|p2a: Vaporeon|spe|1
|move|p1a: Snorlax|Body Slam|p2a: Vaporeon
|-damage|p2a: Vaporeon|76/100
|
|-heal|p2a: Vaporeon|83/100|[from] item: Leftovers
|-heal|p1a: Snorlax|100/100 tox|[from] item: Leftovers
|-damage|p1a: Snorlax|88/100 tox|[from] psn
|upkeep
|turn|24
|
|switch|p1a: Vikavolt|Vikavolt, F|47/100 brn
|move|p2a: Vaporeon|Wish|p2a: Vaporeon
|
|-heal|p2a: Vaporeon|89/100|[from] item: Leftovers
|-damage|p1a: Vikavolt|41/100 brn|[from] brn
|upkeep
|turn|25
|
|switch|p2a: Coalossal|Coalossal, M|35/100
|move|p1a: Vikavolt|Roost|p1a: Vikavolt
|-heal|p1a: Vikavolt|91/100 brn
|-singleturn|p1a: Vikavolt|move: Roost
|
|-heal|p2a: Coalossal|90/100|[from] move: Wish|[wisher] Vaporeon
|-damage|p1a: Vikavolt|85/100 brn|[from] brn
|upkeep
|turn|26
|
|switch|p1a: Rillaboom|Rillaboom, M|91/100
|-fieldstart|move: Grassy Terrain|[from] ability: Grassy Surge|[of] p1a: Rillaboom
|move|p2a: Coalossal|Flamethrower|p1a: Rillaboom
|-supereffective|p1a: Rillaboom
|-damage|p1a: Rillaboom|22/100
|
|-heal|p1a: Rillaboom|29/100|[from] Grassy Terrain
|-heal|p2a: Coalossal|96/100|[from] Grassy Terrain
|upkeep
|turn|27
|
|switch|p2a: Vileplume|Vileplume, F|100/100
|-activate|p2a: Vileplume|move: Sticky Web
|-unboost|p2a: Vileplume|spe|1
|move|p1a: Rillaboom|High Horsepower|p2a: Vileplume
|-damage|p2a: Vileplume|63/100
|
|-heal|p1a: Rillaboom|35/100|[from] Grassy Terrain
|-heal|p2a: Vileplume|69/100|[from] Grassy Terrain
|upkeep
|turn|28
|
|switch|p1a: Vikavolt|Vikavolt, F|85/100 brn
|move|p2a: Vileplume|Sludge Bomb|p1a: Vikavolt
|-damage|p1a: Vikavolt|47/100 brn
|
|-heal|p2a: Vileplume|76/100|[from] Grassy Terrain
|-damage|p1a: Vikavolt|41/100 brn|[from] brn
|upkeep
|turn|29
|
|move|p1a: Vikavolt|Roost|p1a: Vikavolt
|-heal|p1a: Vikavolt|91/100 brn
|-singleturn|p1a: Vikavolt|move: Roost
|move|p2a: Vileplume|Sludge Bomb|p1a: Vikavolt
|-damage|p1a: Vikavolt|47/100 brn
|
|-heal|p2a: Vileplume|82/100|[from] Grassy Terrain
|-damage|p1a: Vikavolt|41/100 brn|[from] brn
|upkeep
|turn|30
|
|move|p1a: Vikavolt|Roost|p1a: Vikavolt
|-heal|p1a: Vikavolt|91/100 brn
|-singleturn|p1a: Vikavolt|move: Roost
|move|p2a: Vileplume|Sludge Bomb|p1a: Vikavolt
|-damage|p1a: Vikavolt|47/100 brn
|
|-heal|p2a: Vileplume|88/100|[from] Grassy Terrain
|-fieldend|move: Grassy Terrain
|-damage|p1a: Vikavolt|41/100 brn|[from] brn
|upkeep
|turn|31
|
|move|p1a: Vikavolt|Bug Buzz|p2a: Vileplume
|-damage|p2a: Vileplume|27/100
|move|p2a: Vileplume|Sludge Bomb|p1a: Vikavolt
|-damage|p1a: Vikavolt|1/100 brn
|
|-damage|p1a: Vikavolt|0 fnt|[from] brn
|faint|p1a: Vikavolt
|upkeep
|
|switch|p1a: Rillaboom|Rillaboom, M|35/100
|-fieldstart|move: Grassy Terrain|[from] ability: Grassy Surge|[of] p1a: Rillaboom
|turn|32
|
|move|p1a: Rillaboom|High Horsepower|p2a: Vileplume
|-damage|p2a: Vileplume|0 fnt
|faint|p2a: Vileplume
|
|-heal|p1a: Rillaboom|41/100|[from] Grassy Terrain
|upkeep
|
|switch|p2a: Vaporeon|Vaporeon, M|89/100
|-activate|p2a: Vaporeon|move: Sticky Web
|-unboost|p2a: Vaporeon|spe|1
|turn|33
|
|move|p1a: Rillaboom|High Horsepower|p2a: Vaporeon
|-damage|p2a: Vaporeon|55/100
|move|p2a: Vaporeon|Scald|p1a: Rillaboom
|-resisted|p1a: Rillaboom
|-damage|p1a: Rillaboom|20/100
|
|-heal|p1a: Rillaboom|26/100|[from] Grassy Terrain
|-heal|p2a: Vaporeon|62/100|[from] item: Leftovers
|-heal|p2a: Vaporeon|68/100|[from] Grassy Terrain
|upkeep
|turn|34
|
|switch|p1a: Bewear|Bewear, F|100/100
|move|p2a: Vaporeon|Scald|p1a: Bewear
|-damage|p1a: Bewear|67/100
|
|-heal|p1a: Bewear|73/100|[from] item: Leftovers
|-heal|p1a: Bewear|79/100|[from] Grassy Terrain
|-heal|p2a: Vaporeon|74/100|[from] item: Leftovers
|-heal|p2a: Vaporeon|80/100|[from] Grassy Terrain
|upkeep
|turn|35
|
|move|p1a: Bewear|Swords Dance|p1a: Bewear
|-boost|p1a: Bewear|atk|2
|move|p2a: Vaporeon|Scald|p1a: Bewear
|-damage|p1a: Bewear|42/100
|
|-heal|p1a: Bewear|49/100|[from] item: Leftovers
|-heal|p1a: Bewear|55/100|[from] Grassy Terrain
|-heal|p2a: Vaporeon|87/100|[from] item: Leftovers
|-heal|p2a: Vaporeon|93/100|[from] Grassy Terrain
|upkeep
|turn|36
|
|move|p1a: Bewear|Darkest Lariat|p2a: Vaporeon
|-damage|p2a: Vaporeon|46/100
|move|p2a: Vaporeon|Scald|p1a: Bewear
|-damage|p1a: Bewear|16/100
|
|-heal|p1a: Bewear|22/100|[from] item: Leftovers
|-heal|p1a: Bewear|29/100|[from] Grassy Terrain
|-heal|p2a: Vaporeon|52/100|[from] item: Leftovers
|-heal|p2a: Vaporeon|58/100|[from] Grassy Terrain
|-fieldend|move: Grassy Terrain
|upkeep
|turn|37
|
|switch|p2a: Sableye|Sableye, F|100/100
|-activate|p2a: Sableye|move: Sticky Web
|-unboost|p2a: Sableye|spe|1
|move|p1a: Bewear|Drain Punch|p2a: Sableye
|-immune|p2a: Sableye
|
|-heal|p1a: Bewear|35/100|[from] item: Leftovers
|upkeep
|turn|38
|
|switch|p1a: Charizard|Charizard, M|78/100
|move|p2a: Sableye|Will-O-Wisp|p1a: Charizard
|-immune|p1a: Charizard
|
|upkeep
|turn|39
|
|switch|p1a: Rillaboom|Rillaboom, M|26/100
|-fieldstart|move: Grassy Terrain|[from] ability: Grassy Surge|[of] p1a: Rillaboom
|switch|p2a: Salazzle|Salazzle, F|100/100
|-activate|p2a: Salazzle|move: Sticky Web
|-unboost|p2a: Salazzle|spe|1
|
|-heal|p1a: Rillaboom|32/100|[from] Grassy Terrain
|upkeep
|turn|40
|
|move|p2a: Salazzle|Protect|p2a: Salazzle
|-singleturn|p2a: Salazzle|Protect
|move|p1a: Rillaboom|Knock Off|p2a: Salazzle
|-activate|p2a: Salazzle|move: Protect
|
|-heal|p1a: Rillaboom|38/100|[from] Grassy Terrain
|upkeep
|turn|41
|
|move|p1a: Rillaboom|Knock Off|p2a: Salazzle
|-damage|p2a: Salazzle|31/100
|-enditem|p2a: Salazzle|Black Sludge|[from] move: Knock Off|[of] p1a: Rillaboom
|move|p2a: Salazzle|Flamethrower|p1a: Rillaboom
|-supereffective|p1a: Rillaboom
|-damage|p1a: Rillaboom|0 fnt
|faint|p1a: Rillaboom
|
|-heal|p2a: Salazzle|37/100|[from] Grassy Terrain
|upkeep
|
|switch|p1a: Snorlax|Snorlax, M|88/100 tox
|turn|42
|
|switch|p2a: Sableye|Sableye, F|100/100
|-activate|p2a: Sableye|move: Sticky Web
|-unboost|p2a: Sableye|spe|1
|move|p1a: Snorlax|Body Slam|p2a: Sableye
|-immune|p2a: Sableye
|
|-heal|p1a: Snorlax|94/100 tox|[from] item: Leftovers
|-heal|p1a: Snorlax|100/100 tox|[from] Grassy Terrain
|-damage|p1a: Snorlax|94/100 tox|[from] psn
|upkeep
|turn|43
|
|switch|p1a: Charizard|Charizard, M|78/100
|move|p2a: Sableye|Knock Off|p1a: Charizard
|-damage|p1a: Charizard|56/100
|
|-fieldend|move: Grassy Terrain
|upkeep
|turn|44
|
|switch|p2a: Coalossal|Coalossal, M|96/100
|move|p1a: Charizard|Toxic|p2a: Coalossal
|-status|p2a: Coalossal|tox
|
|-damage|p2a: Coalossal|90/100 tox|[from] psn
|upkeep
|turn|45
|
|switch|p1a: Corsola|Corsola-Galar, F|100/100
|move|p2a: Coalossal|Stealth Rock|p1a: Corsola
|-sidestart|p1: pokemns mastr|move: Stealth Rock
|
|-damage|p2a: Coalossal|78/100 tox|[from] psn
|upkeep
|turn|46
|
|switch|p2a: Indeedee|Indeedee-F, F|100/100
|-activate|p2a: Indeedee|move: Sticky Web
|-unboost|p2a: Indeedee|spe|1
|-fieldstart|move: Psychic Terrain|[from] ability: Psychic Surge|[of] p2a: Indeedee
|move|p1a: Corsola|Stealth Rock|p2a: Indeedee
|-sidestart|p2: Aquarius Ghost ❤|move: Stealth Rock
|
|upkeep
|turn|47
|
|move|p2a: Indeedee|Expanding Force|p1a: Corsola
|-damage|p1a: Corsola|58/100
|move|p1a: Corsola|Strength Sap|p2a: Indeedee
|-unboost|p2a: Indeedee|atk|1
|-heal|p1a: Corsola|90/100
|
|upkeep
|turn|48
|
|switch|p1a: Snorlax|Snorlax, M|94/100 tox
|-damage|p1a: Snorlax|82/100 tox|[from] Stealth Rock
|move|p2a: Indeedee|Expanding Force|p1a: Snorlax
|-damage|p1a: Snorlax|54/100 tox
|
|-heal|p1a: Snorlax|60/100 tox|[from] item: Leftovers
|-damage|p1a: Snorlax|54/100 tox|[from] psn
|upkeep
|turn|49
|
|switch|p2a: Sableye|Sableye, F|100/100
|-damage|p2a: Sableye|88/100|[from] Stealth Rock
|-activate|p2a: Sableye|move: Sticky Web
|-unboost|p2a: Sableye|spe|1
|move|p1a: Snorlax|Rest|p1a: Snorlax
|-status|p1a: Snorlax|slp|[from] move: Rest
|-heal|p1a: Snorlax|100/100 slp|[silent]
|
|-heal|p2a: Sableye|94/100|[from] item: Leftovers
|upkeep
|turn|50
|
|switch|p1a: Corsola|Corsola-Galar, F|90/100
|-damage|p1a: Corsola|77/100|[from] Stealth Rock
|move|p2a: Sableye|Knock Off|p1a: Corsola
|-supereffective|p1a: Corsola
|-damage|p1a: Corsola|48/100
|-start|p2a: Sableye|Disable|Knock Off|[from] ability: Cursed Body|[of] p1a: Corsola
|-enditem|p1a: Corsola|Eviolite|[from] move: Knock Off|[of] p2a: Sableye
|
|-heal|p2a: Sableye|100/100|[from] item: Leftovers
|-fieldend|move: Psychic Terrain
|upkeep
|turn|51
|
|switch|p2a: Indeedee|Indeedee-F, F|100/100
|-activate|p2a: Indeedee|move: Sticky Web
|-unboost|p2a: Indeedee|spe|1
|-damage|p2a: Indeedee|88/100|[from] Stealth Rock
|-fieldstart|move: Psychic Terrain|[from] ability: Psychic Surge|[of] p2a: Indeedee
|move|p1a: Corsola|Strength Sap|p2a: Indeedee
|-unboost|p2a: Indeedee|atk|1
|-heal|p1a: Corsola|80/100
|
|upkeep
|turn|52
|-message|pokemns mastr forfeited.
|
|win|Aquarius Ghost ❤
|l|☆pokemns mastr
|raw|pokemns mastr's rating: 1605 &rarr; <strong>1582</strong><br />(-23 for losing)
|raw|Aquarius Ghost ❤'s rating: 1545 &rarr; <strong>1568</strong><br />(+23 for winning)
