|j|☆RULT2at Aqua
|j|☆big dijon mustard
|t:|1597481885
|player|p1|RULT2at Aqua|101|1552
|player|p2|big dijon mustard|juggler-gen3|1248
|teamsize|p1|6
|teamsize|p2|6
|gametype|singles
|gen|8
|tier|[Gen 8] RU
|rated|
|clearpoke
|poke|p1|Umbreon, F|
|poke|p1|Bronzong|
|poke|p1|Vileplume, F|
|poke|p1|Quagsire, F|
|poke|p1|Slowbro-Galar, F|
|poke|p1|Charizard, M|
|poke|p2|Indeedee-F, F|
|poke|p2|Hitmonlee, M|
|poke|p2|Sigilyph, F|
|poke|p2|Vanilluxe, M|
|poke|p2|Inteleon, M|
|poke|p2|Rotom-Mow|
|rule|Sleep Clause Mod: Limit one foe put to sleep
|rule|Species Clause: Limit one of each Pokémon
|rule|OHKO Clause: OHKO moves are banned
|rule|Evasion Moves Clause: Evasion moves are banned
|rule|Endless Battle Clause: Forcing endless battles is banned
|rule|HP Percentage Mod: HP is shown in percentages
|rule|Dynamax Clause: You cannot dynamax
|teampreview
|c|☆RULT2at Aqua|Gl hf
|
|t:|1597481911
|start
|switch|p1a: Bronzong|Bronzong|100/100
|switch|p2a: Indeedee|Indeedee-F, F, shiny|100/100
|-fieldstart|move: Psychic Terrain|[from] ability: Psychic Surge|[of] p2a: Indeedee
|turn|1
|c|☆big dijon mustard|how am i supposed to have a fun
|c|☆big dijon mustard|aggainst that monstrosity
|c|☆RULT2at Aqua|Idk
|
|t:|1597481925
|move|p1a: Bronzong|Protect|p1a: Bronzong
|-singleturn|p1a: Bronzong|Protect
|move|p2a: Indeedee|Trick|p1a: Bronzong
|-activate|p1a: Bronzong|move: Protect
|
|upkeep
|turn|2
|c|☆RULT2at Aqua|Well thats uncalled for
|c|☆RULT2at Aqua|Lol
|inactive|Battle timer is ON: inactive players will automatically lose when time's up. (requested by big dijon mustard)
|
|t:|1597481949
|switch|p2a: Rotom|Rotom-Mow, shiny|100/100
|switch|p1a: Quagsire|Quagsire, F|100/100
|
|upkeep
|turn|3
|
|t:|1597481957
|move|p2a: Rotom|Trick|p1a: Quagsire
|-activate|p2a: Rotom|move: Trick|[of] p1a: Quagsire
|-item|p1a: Quagsire|Choice Scarf|[from] move: Trick
|-item|p2a: Rotom|Leftovers|[from] move: Trick
|move|p1a: Quagsire|Scald|p2a: Rotom
|-resisted|p2a: Rotom
|-damage|p2a: Rotom|89/100
|-status|p2a: Rotom|brn
|
|-heal|p2a: Rotom|95/100 brn|[from] item: Leftovers
|-damage|p2a: Rotom|89/100 brn|[from] brn
|upkeep
|turn|4
|
|t:|1597481967
|switch|p1a: Vileplume|Vileplume, F|100/100
|move|p2a: Rotom|Leaf Storm|p1a: Vileplume
|-resisted|p1a: Vileplume
|-damage|p1a: Vileplume|85/100
|-unboost|p2a: Rotom|spa|2
|
|-heal|p2a: Rotom|95/100 brn|[from] item: Leftovers
|-heal|p1a: Vileplume|91/100|[from] item: Black Sludge
|-damage|p2a: Rotom|89/100 brn|[from] brn
|upkeep
|turn|5
|c|☆big dijon mustard|why would you stay in with quagsire
|c|☆big dijon mustard|lma
|c|☆big dijon mustard|lmao
|
|t:|1597481986
|switch|p2a: Vanilluxe|Vanilluxe, M, shiny|100/100
|-weather|Hail|[from] ability: Snow Warning|[of] p2a: Vanilluxe
|move|p1a: Vileplume|Sludge Bomb|p2a: Vanilluxe
|-damage|p2a: Vanilluxe|60/100
|
|-weather|Hail|[upkeep]
|-damage|p1a: Vileplume|85/100|[from] Hail
|-heal|p1a: Vileplume|91/100|[from] item: Black Sludge
|-fieldend|move: Psychic Terrain
|upkeep
|turn|6
|c|☆RULT2at Aqua|1 ik u would tricj
|c|☆RULT2at Aqua|Since my team is frail to trick
|c|☆big dijon mustard|you knew????
|c|☆RULT2at Aqua|Mhn
|c|☆big dijon mustard|that id have two tricks
|inactive|RULT2at Aqua has 120 seconds left.
|c|☆big dijon mustard|smh
|c|☆RULT2at Aqua|Ans i also lived a leaf storm
|
|t:|1597482026
|switch|p1a: Bronzong|Bronzong|100/100
|move|p2a: Vanilluxe|Aurora Veil|p2a: Vanilluxe
|-sidestart|p2: big dijon mustard|move: Aurora Veil
|
|-weather|Hail|[upkeep]
|-damage|p1a: Bronzong|94/100|[from] Hail
|-heal|p1a: Bronzong|100/100|[from] item: Leftovers
|upkeep
|turn|7
|c|☆big dijon mustard|who tf has 2 tricks
|
|t:|1597482033
|move|p2a: Vanilluxe|Taunt|p1a: Bronzong
|-start|p1a: Bronzong|move: Taunt
|cant|p1a: Bronzong|move: Taunt|Stealth Rock
|
|-weather|Hail|[upkeep]
|-damage|p1a: Bronzong|94/100|[from] Hail
|-heal|p1a: Bronzong|100/100|[from] item: Leftovers
|upkeep
|turn|8
|c|☆RULT2at Aqua|U clearly
|
|t:|1597482047
|switch|p2a: Sigilyph|Sigilyph, F, shiny|100/100
|move|p1a: Bronzong|Psychic|p2a: Sigilyph
|-resisted|p2a: Sigilyph
|-damage|p2a: Sigilyph|94/100
|
|-weather|Hail|[upkeep]
|-damage|p1a: Bronzong|94/100|[from] Hail
|-heal|p1a: Bronzong|100/100|[from] item: Leftovers
|upkeep
|turn|9
|c|☆RULT2at Aqua|Taunt tf?
|c|☆big dijon mustard|ur teams weak to something else
|
|t:|1597482056
|switch|p1a: Umbreon|Umbreon, F|100/100
|move|p2a: Sigilyph|Cosmic Power|p2a: Sigilyph
|-boost|p2a: Sigilyph|def|1
|-boost|p2a: Sigilyph|spd|1
|
|-weather|none
|upkeep
|turn|10
|c|☆RULT2at Aqua|Not rlly
|
|t:|1597482069
|switch|p1a: Quagsire|Quagsire, F|100/100
|move|p2a: Sigilyph|Cosmic Power|p2a: Sigilyph
|-boost|p2a: Sigilyph|def|1
|-boost|p2a: Sigilyph|spd|1
|
|upkeep
|turn|11
|c|☆big dijon mustard|famous last words
|
|t:|1597482075
|move|p2a: Sigilyph|Cosmic Power|p2a: Sigilyph
|-boost|p2a: Sigilyph|def|1
|-boost|p2a: Sigilyph|spd|1
|move|p1a: Quagsire|Haze|p1a: Quagsire
|-clearallboost
|
|upkeep
|turn|12
|c|☆big dijon mustard|oh fuck
|c|☆big dijon mustard|lmao
|
|t:|1597482090
|switch|p2a: Indeedee|Indeedee-F, F, shiny|100/100
|-fieldstart|move: Psychic Terrain|[from] ability: Psychic Surge|[of] p2a: Indeedee
|switch|p1a: Umbreon|Umbreon, F|100/100
|
|upkeep
|turn|13
|c|☆RULT2at Aqua|Mk
|j| Fgdfgfthgr
|c|☆big dijon mustard|how do u even have fun
|c|☆RULT2at Aqua|Why would u run cosnic power
|c|☆big dijon mustard|are u really running that lame ass team
|c|☆big dijon mustard|asking me why i run something
|inactive|big dijon mustard has 120 seconds left.
|
|t:|1597482120
|move|p1a: Umbreon|Protect|p1a: Umbreon
|-singleturn|p1a: Umbreon|Protect
|move|p2a: Indeedee|Dazzling Gleam|p1a: Umbreon
|-activate|p1a: Umbreon|move: Protect
|
|-sideend|p2: big dijon mustard|move: Aurora Veil
|upkeep
|turn|14
|c|☆RULT2at Aqua|Why u run 2 tricks
|c| Fgdfgfthgr|...
|
|t:|1597482130
|switch|p2a: Vanilluxe|Vanilluxe, M, shiny|60/100
|-weather|Hail|[from] ability: Snow Warning|[of] p2a: Vanilluxe
|move|p1a: Umbreon|Foul Play|p2a: Vanilluxe
|-damage|p2a: Vanilluxe|25/100
|
|-weather|Hail|[upkeep]
|-damage|p1a: Umbreon|94/100|[from] Hail
|-heal|p1a: Umbreon|100/100|[from] item: Leftovers
|upkeep
|turn|15
|
|t:|1597482140
|move|p2a: Vanilluxe|Aurora Veil|p2a: Vanilluxe
|-sidestart|p2: big dijon mustard|move: Aurora Veil
|move|p1a: Umbreon|Foul Play|p2a: Vanilluxe
|-damage|p2a: Vanilluxe|7/100
|
|-weather|Hail|[upkeep]
|-damage|p1a: Umbreon|94/100|[from] Hail
|-heal|p1a: Umbreon|100/100|[from] item: Leftovers
|upkeep
|turn|16
|c|☆big dijon mustard|why u run stall UU
|c| Fgdfgfthgr|so, both of you are playing defensive?
|c|☆big dijon mustard|RU
|c|☆big dijon mustard|no im fuckin
|c|☆big dijon mustard|hyper offensive
|inactive|big dijon mustard has 120 seconds left.
|c| Fgdfgfthgr|what happened?
|
|t:|1597482169
|switch|p2a: Hitmonlee|Hitmonlee, M, shiny|100/100
|-enditem|p2a: Hitmonlee|Psychic Seed
|-boost|p2a: Hitmonlee|spd|1|[from] item: Psychic Seed
|move|p1a: Umbreon|Foul Play|p2a: Hitmonlee
|-resisted|p2a: Hitmonlee
|-damage|p2a: Hitmonlee|81/100
|
|-weather|Hail|[upkeep]
|-damage|p2a: Hitmonlee|75/100|[from] Hail
|-damage|p1a: Umbreon|94/100|[from] Hail
|-heal|p1a: Umbreon|100/100|[from] item: Leftovers
|-fieldend|move: Psychic Terrain
|upkeep
|turn|17
|c|☆big dijon mustard|what happened is im aboutta go to fuckin bed
|c|☆big dijon mustard|and let this guy win
|inactive|big dijon mustard has 120 seconds left.
|c|☆big dijon mustard|bc thats the only way he gets wins
|inactive|RULT2at Aqua has 120 seconds left.
|c|☆big dijon mustard|is ppl not wanting to play thru this lame shit
|-message|big dijon mustard forfeited.
|
|win|RULT2at Aqua
|l|☆big dijon mustard
|c|☆RULT2at Aqua|Lol
|raw|RULT2at Aqua's rating: 1552 &rarr; <strong>1558</strong><br />(+6 for winning)
|raw|big dijon mustard's rating: 1248 &rarr; <strong>1241</strong><br />(-7 for losing)
