|j|☆whistling
|j|☆knights01
|t:|1607013727
|player|p1|whistling|proton|1483
|player|p2|knights01|roxie|1210
|teamsize|p1|6
|teamsize|p2|6
|gametype|singles
|gen|8
|tier|[Gen 8] RU
|rated|
|clearpoke
|poke|p1|Diggersby, M|
|poke|p1|Registeel|
|poke|p1|Zarude|
|poke|p1|Togekiss, F|
|poke|p1|Milotic, F|
|poke|p1|Conkeldurr, M|
|poke|p2|Steelix, F|
|poke|p2|Weezing-Galar, F|
|poke|p2|Kyurem|
|poke|p2|Gardevoir, M|
|poke|p2|Zarude|
|poke|p2|Xurkitree|
|rule|Sleep Clause Mod: Limit one foe put to sleep
|rule|Species Clause: Limit one of each Pokémon
|rule|OHKO Clause: OHKO moves are banned
|rule|Evasion Moves Clause: Evasion moves are banned
|rule|Endless Battle Clause: Forcing endless battles is banned
|rule|HP Percentage Mod: HP is shown in percentages
|rule|Dynamax Clause: You cannot dynamax
|teampreview
|inactive|Battle timer is ON: inactive players will automatically lose when time's up. (requested by knights01)
|
|t:|1607013744
|start
|switch|p1a: Diggersby|Diggersby, M|100/100
|switch|p2a: Kyurem|Kyurem|100/100
|-ability|p2a: Kyurem|Pressure
|turn|1
|
|t:|1607013752
|move|p1a: Diggersby|U-turn|p2a: Kyurem
|-damage|p2a: Kyurem|76/100
|
|t:|1607013755
|switch|p1a: Registeel|Registeel|100/100|[from]move: U-turn
|move|p2a: Kyurem|Substitute|p2a: Kyurem
|-start|p2a: Kyurem|Substitute
|-damage|p2a: Kyurem|51/100
|
|upkeep
|turn|2
|
|t:|1607013762
|move|p2a: Kyurem|Roost|p2a: Kyurem
|-heal|p2a: Kyurem|100/100
|-singleturn|p2a: Kyurem|move: Roost
|move|p1a: Registeel|Stealth Rock|p2a: Kyurem
|-sidestart|p2: knights01|move: Stealth Rock
|
|upkeep
|turn|3
|
|t:|1607013768
|move|p2a: Kyurem|Earth Power|p1a: Registeel
|-supereffective|p1a: Registeel
|-damage|p1a: Registeel|71/100
|move|p1a: Registeel|Seismic Toss|p2a: Kyurem
|-activate|p2a: Kyurem|move: Substitute|[damage]
|
|-heal|p1a: Registeel|77/100|[from] item: Leftovers
|upkeep
|turn|4
|
|t:|1607013775
|switch|p1a: Diggersby|Diggersby, M|100/100
|move|p2a: Kyurem|Earth Power|p1a: Diggersby
|-damage|p1a: Diggersby|59/100
|
|upkeep
|turn|5
|
|t:|1607013785
|move|p1a: Diggersby|U-turn|p2a: Kyurem
|-end|p2a: Kyurem|Substitute
|
|t:|1607013787
|switch|p1a: Conkeldurr|Conkeldurr, M|100/100|[from]move: U-turn
|move|p2a: Kyurem|Substitute|p2a: Kyurem
|-start|p2a: Kyurem|Substitute
|-damage|p2a: Kyurem|76/100
|
|-status|p1a: Conkeldurr|brn|[from] item: Flame Orb
|upkeep
|turn|6
|
|t:|1607013792
|move|p2a: Kyurem|Freeze-Dry|p1a: Conkeldurr
|-crit|p1a: Conkeldurr
|-damage|p1a: Conkeldurr|33/100 brn
|move|p1a: Conkeldurr|Drain Punch|p2a: Kyurem
|-supereffective|p2a: Kyurem
|-end|p2a: Kyurem|Substitute
|-heal|p1a: Conkeldurr|47/100 brn|[from] drain|[of] p2a: Kyurem
|
|-damage|p1a: Conkeldurr|41/100 brn|[from] brn
|upkeep
|turn|7
|
|t:|1607013798
|switch|p2a: Weezing|Weezing-Galar, F|100/100
|-ability|p2a: Weezing|Neutralizing Gas
|-damage|p2a: Weezing|88/100|[from] Stealth Rock
|move|p1a: Conkeldurr|Knock Off|p2a: Weezing
|-resisted|p2a: Weezing
|-damage|p2a: Weezing|82/100
|-enditem|p2a: Weezing|Black Sludge|[from] move: Knock Off|[of] p1a: Conkeldurr
|
|-damage|p1a: Conkeldurr|35/100 brn|[from] brn
|upkeep
|turn|8
|
|t:|1607013807
|move|p1a: Conkeldurr|Drain Punch|p2a: Weezing
|-resisted|p2a: Weezing
|-damage|p2a: Weezing|78/100
|-heal|p1a: Conkeldurr|37/100 brn|[from] drain|[of] p2a: Weezing
|move|p2a: Weezing|Toxic Spikes|p1a: Conkeldurr
|-sidestart|p1: whistling|move: Toxic Spikes
|
|-damage|p1a: Conkeldurr|30/100 brn|[from] brn
|upkeep
|turn|9
|
|t:|1607013815
|switch|p1a: Registeel|Registeel|77/100
|move|p2a: Weezing|Strange Steam|p1a: Registeel
|-resisted|p1a: Registeel
|-damage|p1a: Registeel|70/100
|
|-heal|p1a: Registeel|76/100|[from] item: Leftovers
|upkeep
|turn|10
|
|t:|1607013827
|switch|p2a: Steelix|Steelix, F|100/100
|-damage|p2a: Steelix|97/100|[from] Stealth Rock
|move|p1a: Registeel|Heavy Slam|p2a: Steelix
|-resisted|p2a: Steelix
|-damage|p2a: Steelix|95/100
|
|-heal|p1a: Registeel|82/100|[from] item: Leftovers
|-heal|p2a: Steelix|100/100|[from] item: Leftovers
|upkeep
|turn|11
|
|t:|1607013834
|switch|p1a: Milotic|Milotic, F|100/100
|move|p2a: Steelix|Stealth Rock|p1a: Milotic
|-sidestart|p1: whistling|move: Stealth Rock
|
|upkeep
|turn|12
|
|t:|1607013836
|switch|p2a: Zarude|Zarude|100/100
|-damage|p2a: Zarude|88/100|[from] Stealth Rock
|move|p1a: Milotic|Ice Beam|p2a: Zarude
|-supereffective|p2a: Zarude
|-damage|p2a: Zarude|44/100
|
|upkeep
|turn|13
|
|t:|1607013844
|move|p2a: Zarude|Jungle Healing|p2a: Zarude
|-heal|p2a: Zarude|69/100
|move|p1a: Milotic|Ice Beam|p2a: Zarude
|-supereffective|p2a: Zarude
|-damage|p2a: Zarude|28/100
|
|upkeep
|turn|14
|
|t:|1607013850
|switch|p1a: Togekiss|Togekiss, F|100/100
|move|p2a: Zarude|Power Whip|p1a: Togekiss
|-resisted|p1a: Togekiss
|-crit|p1a: Togekiss
|-damage|p1a: Togekiss|57/100
|
|upkeep
|turn|15
|
|t:|1607013857
|switch|p2a: Xurkitree|Xurkitree|100/100
|-damage|p2a: Xurkitree|88/100|[from] Stealth Rock
|move|p1a: Togekiss|Flamethrower|p2a: Xurkitree
|-damage|p2a: Xurkitree|50/100
|
|upkeep
|turn|16
|
|t:|1607013865
|switch|p1a: Diggersby|Diggersby, M|59/100
|-damage|p1a: Diggersby|53/100|[from] Stealth Rock
|-status|p1a: Diggersby|psn
|move|p2a: Xurkitree|Grass Knot|p1a: Diggersby
|-supereffective|p1a: Diggersby
|-damage|p1a: Diggersby|0 fnt
|-damage|p2a: Xurkitree|41/100|[from] item: Life Orb
|faint|p1a: Diggersby
|-ability|p2a: Xurkitree|Beast Boost|boost
|-boost|p2a: Xurkitree|spa|1
|
|upkeep
|
|t:|1607013873
|switch|p1a: Zarude|Zarude|100/100
|turn|17
|
|t:|1607013881
|switch|p2a: Steelix|Steelix, F|100/100
|-damage|p2a: Steelix|97/100|[from] Stealth Rock
|move|p1a: Zarude|Power Whip|p2a: Steelix|[miss]
|-miss|p1a: Zarude|p2a: Steelix
|
|-heal|p2a: Steelix|100/100|[from] item: Leftovers
|upkeep
|turn|18
|
|t:|1607013894
|switch|p1a: Milotic|Milotic, F|100/100
|move|p2a: Steelix|Heavy Slam|p1a: Milotic
|-resisted|p1a: Milotic
|-damage|p1a: Milotic|94/100
|
|upkeep
|turn|19
|
|t:|1607013910
|switch|p2a: Gardevoir|Gardevoir, M|100/100
|-damage|p2a: Gardevoir|88/100|[from] Stealth Rock
|-ability|p2a: Gardevoir|Marvel Scale|[from] ability: Trace|[of] p1a: Milotic
|move|p1a: Milotic|Scald|p2a: Gardevoir
|-damage|p2a: Gardevoir|57/100
|-status|p2a: Gardevoir|brn
|
|-damage|p2a: Gardevoir|51/100 brn|[from] brn
|upkeep
|turn|20
|
|t:|1607013928
|move|p2a: Gardevoir|Trick|p1a: Milotic
|-activate|p2a: Gardevoir|move: Trick|[of] p1a: Milotic
|-item|p1a: Milotic|Choice Scarf|[from] move: Trick
|-item|p2a: Gardevoir|Heavy-Duty Boots|[from] move: Trick
|move|p1a: Milotic|Scald|p2a: Gardevoir
|-damage|p2a: Gardevoir|21/100 brn
|
|-damage|p2a: Gardevoir|15/100 brn|[from] brn
|upkeep
|turn|21
|
|t:|1607013937
|switch|p2a: Kyurem|Kyurem|76/100
|-ability|p2a: Kyurem|Pressure
|move|p1a: Milotic|Scald|p2a: Kyurem
|-resisted|p2a: Kyurem
|-damage|p2a: Kyurem|63/100
|-status|p2a: Kyurem|brn
|
|-damage|p2a: Kyurem|57/100 brn|[from] brn
|upkeep
|turn|22
|
|t:|1607013948
|switch|p1a: Zarude|Zarude|100/100
|move|p2a: Kyurem|Roost|p2a: Kyurem
|-heal|p2a: Kyurem|100/100 brn
|-singleturn|p2a: Kyurem|move: Roost
|
|-damage|p2a: Kyurem|94/100 brn|[from] brn
|upkeep
|turn|23
|
|t:|1607013965
|switch|p2a: Steelix|Steelix, F|100/100
|-damage|p2a: Steelix|97/100|[from] Stealth Rock
|move|p1a: Zarude|Darkest Lariat|p2a: Steelix
|-damage|p2a: Steelix|78/100
|
|-heal|p2a: Steelix|84/100|[from] item: Leftovers
|upkeep
|turn|24
|
|t:|1607013972
|switch|p1a: Togekiss|Togekiss, F|57/100
|switch|p2a: Kyurem|Kyurem|94/100 brn
|-ability|p2a: Kyurem|Pressure
|
|-damage|p2a: Kyurem|88/100 brn|[from] brn
|upkeep
|turn|25
|
|t:|1607013979
|move|p2a: Kyurem|Substitute|p2a: Kyurem
|-start|p2a: Kyurem|Substitute
|-damage|p2a: Kyurem|63/100 brn
|move|p1a: Togekiss|Air Slash|p2a: Kyurem
|-end|p2a: Kyurem|Substitute
|
|-damage|p2a: Kyurem|57/100 brn|[from] brn
|upkeep
|turn|26
|
|t:|1607013984
|switch|p1a: Zarude|Zarude|100/100
|move|p2a: Kyurem|Freeze-Dry|p1a: Zarude
|-supereffective|p1a: Zarude
|-damage|p1a: Zarude|29/100
|
|-damage|p2a: Kyurem|51/100 brn|[from] brn
|upkeep
|turn|27
|
|t:|1607013988
|switch|p2a: Steelix|Steelix, F|84/100
|-damage|p2a: Steelix|81/100|[from] Stealth Rock
|move|p1a: Zarude|Close Combat|p2a: Steelix
|-supereffective|p2a: Steelix
|-damage|p2a: Steelix|40/100
|-unboost|p1a: Zarude|def|1
|-unboost|p1a: Zarude|spd|1
|
|-heal|p2a: Steelix|46/100|[from] item: Leftovers
|upkeep
|turn|28
|
|t:|1607013996
|switch|p1a: Milotic|Milotic, F|94/100
|-damage|p1a: Milotic|81/100|[from] Stealth Rock
|-status|p1a: Milotic|psn
|move|p2a: Steelix|Heavy Slam|p1a: Milotic
|-resisted|p1a: Milotic
|-damage|p1a: Milotic|76/100 psn
|
|-heal|p2a: Steelix|53/100|[from] item: Leftovers
|-damage|p1a: Milotic|64/100 psn|[from] psn
|upkeep
|turn|29
|
|t:|1607014009
|switch|p2a: Zarude|Zarude|28/100
|-damage|p2a: Zarude|16/100|[from] Stealth Rock
|move|p1a: Milotic|Ice Beam|p2a: Zarude
|-supereffective|p2a: Zarude
|-crit|p2a: Zarude
|-damage|p2a: Zarude|0 fnt
|faint|p2a: Zarude
|
|-damage|p1a: Milotic|52/100 psn|[from] psn
|upkeep
|
|t:|1607014015
|switch|p2a: Kyurem|Kyurem|51/100 brn
|-ability|p2a: Kyurem|Pressure
|turn|30
|
|t:|1607014018
|switch|p1a: Zarude|Zarude|29/100
|move|p2a: Kyurem|Substitute|p2a: Kyurem
|-start|p2a: Kyurem|Substitute
|-damage|p2a: Kyurem|26/100 brn
|
|-damage|p2a: Kyurem|20/100 brn|[from] brn
|upkeep
|turn|31
|
|t:|1607014022
|move|p1a: Zarude|Darkest Lariat|p2a: Kyurem
|-end|p2a: Kyurem|Substitute
|move|p2a: Kyurem|Roost|p2a: Kyurem
|-heal|p2a: Kyurem|70/100 brn
|-singleturn|p2a: Kyurem|move: Roost
|
|-damage|p2a: Kyurem|64/100 brn|[from] brn
|upkeep
|turn|32
|
|t:|1607014028
|switch|p1a: Togekiss|Togekiss, F|57/100
|switch|p2a: Steelix|Steelix, F|53/100
|-damage|p2a: Steelix|50/100|[from] Stealth Rock
|
|-heal|p2a: Steelix|56/100|[from] item: Leftovers
|upkeep
|turn|33
|
|t:|1607014032
|move|p1a: Togekiss|Flamethrower|p2a: Steelix
|-supereffective|p2a: Steelix
|-crit|p2a: Steelix
|-damage|p2a: Steelix|0 fnt
|faint|p2a: Steelix
|
|upkeep
|
|t:|1607014036
|switch|p2a: Xurkitree|Xurkitree|41/100
|-damage|p2a: Xurkitree|28/100|[from] Stealth Rock
|turn|34
|
|t:|1607014040
|switch|p1a: Registeel|Registeel|82/100
|-damage|p1a: Registeel|76/100|[from] Stealth Rock
|move|p2a: Xurkitree|Thunderbolt|p1a: Registeel
|-damage|p1a: Registeel|37/100
|-damage|p2a: Xurkitree|18/100|[from] item: Life Orb
|
|-heal|p1a: Registeel|43/100|[from] item: Leftovers
|upkeep
|turn|35
|
|t:|1607014045
|move|p2a: Xurkitree|Thunderbolt|p1a: Registeel
|-damage|p1a: Registeel|5/100
|-damage|p2a: Xurkitree|9/100|[from] item: Life Orb
|move|p1a: Registeel|Seismic Toss|p2a: Xurkitree
|-damage|p2a: Xurkitree|0 fnt
|faint|p2a: Xurkitree
|
|-heal|p1a: Registeel|11/100|[from] item: Leftovers
|upkeep
|
|t:|1607014054
|switch|p2a: Kyurem|Kyurem|64/100 brn
|-ability|p2a: Kyurem|Pressure
|turn|36
|
|t:|1607014058
|switch|p1a: Zarude|Zarude|29/100
|move|p2a: Kyurem|Substitute|p2a: Kyurem
|-start|p2a: Kyurem|Substitute
|-damage|p2a: Kyurem|39/100 brn
|
|-damage|p2a: Kyurem|33/100 brn|[from] brn
|upkeep
|turn|37
|
|t:|1607014061
|move|p1a: Zarude|Close Combat|p2a: Kyurem
|-supereffective|p2a: Kyurem
|-end|p2a: Kyurem|Substitute
|-unboost|p1a: Zarude|def|1
|-unboost|p1a: Zarude|spd|1
|move|p2a: Kyurem|Freeze-Dry|p1a: Zarude
|-supereffective|p1a: Zarude
|-damage|p1a: Zarude|0 fnt
|faint|p1a: Zarude
|
|-damage|p2a: Kyurem|26/100 brn|[from] brn
|upkeep
|
|t:|1607014069
|switch|p1a: Conkeldurr|Conkeldurr, M|30/100 brn
|-damage|p1a: Conkeldurr|24/100 brn|[from] Stealth Rock
|turn|38
|
|t:|1607014073
|switch|p2a: Weezing|Weezing-Galar, F|78/100
|-ability|p2a: Weezing|Neutralizing Gas
|-damage|p2a: Weezing|66/100|[from] Stealth Rock
|move|p1a: Conkeldurr|Facade|p2a: Weezing
|-damage|p2a: Weezing|29/100
|
|-damage|p1a: Conkeldurr|18/100 brn|[from] brn
|upkeep
|turn|39
|
|t:|1607014078
|move|p1a: Conkeldurr|Facade|p2a: Weezing
|-damage|p2a: Weezing|0 fnt
|faint|p2a: Weezing
|
|-damage|p1a: Conkeldurr|12/100 brn|[from] brn
|upkeep
|
|t:|1607014082
|switch|p2a: Gardevoir|Gardevoir, M|15/100 brn
|-ability|p2a: Gardevoir|Guts|[from] ability: Trace|[of] p1a: Conkeldurr
|turn|40
|
|t:|1607014085
|move|p1a: Conkeldurr|Mach Punch|p2a: Gardevoir
|-resisted|p2a: Gardevoir
|-damage|p2a: Gardevoir|1/100 brn
|move|p2a: Gardevoir|Moonblast|p1a: Conkeldurr
|-supereffective|p1a: Conkeldurr
|-damage|p1a: Conkeldurr|0 fnt
|faint|p1a: Conkeldurr
|
|-damage|p2a: Gardevoir|0 fnt|[from] brn
|faint|p2a: Gardevoir
|upkeep
|
|t:|1607014111
|switch|p2a: Kyurem|Kyurem|26/100 brn
|switch|p1a: Togekiss|Togekiss, F|57/100
|-ability|p2a: Kyurem|Pressure
|turn|41
|
|t:|1607014115
|move|p2a: Kyurem|Freeze-Dry|p1a: Togekiss
|-supereffective|p1a: Togekiss
|-crit|p1a: Togekiss
|-damage|p1a: Togekiss|0 fnt
|faint|p1a: Togekiss
|
|-damage|p2a: Kyurem|20/100 brn|[from] brn
|upkeep
|
|t:|1607014117
|switch|p1a: Milotic|Milotic, F|52/100 psn
|-damage|p1a: Milotic|39/100 psn|[from] Stealth Rock
|turn|42
|
|t:|1607014120
|move|p2a: Kyurem|Roost|p2a: Kyurem
|-heal|p2a: Kyurem|70/100 brn
|-singleturn|p2a: Kyurem|move: Roost
|move|p1a: Milotic|Ice Beam|p2a: Kyurem
|-damage|p2a: Kyurem|52/100 brn
|
|-damage|p2a: Kyurem|46/100 brn|[from] brn
|-damage|p1a: Milotic|27/100 psn|[from] psn
|upkeep
|turn|43
|-message|whistling forfeited.
|
|win|knights01
|l|☆whistling
