|j|☆Arceros
|j|☆Glidinganteater
|t:|1617213595
|player|p1|Arceros|266|1371
|player|p2|Glidinganteater|palmer|1495
|teamsize|p1|6
|teamsize|p2|6
|gametype|singles
|gen|8
|tier|[Gen 8] RU
|rated|
|clearpoke
|poke|p1|Zarude|
|poke|p1|Weezing-Galar, F|
|poke|p1|Metagross|
|poke|p1|Seismitoad, M|
|poke|p1|Marowak-Alola, M|
|poke|p1|Raikou|
|poke|p2|Politoed, M|
|poke|p2|Kingdra, M|
|poke|p2|Toxicroak, M|
|poke|p2|Seismitoad, M|
|poke|p2|Tornadus, M|
|poke|p2|Rotom-Mow|
|rule|Sleep Clause Mod: Limit one foe put to sleep
|rule|Species Clause: Limit one of each Pokémon
|rule|OHKO Clause: OHKO moves are banned
|rule|Evasion Moves Clause: Evasion moves are banned
|rule|Endless Battle Clause: Forcing endless battles is banned
|rule|HP Percentage Mod: HP is shown in percentages
|rule|Dynamax Clause: You cannot dynamax
|teampreview
|
|t:|1617213610
|start
|switch|p1a: Raikou|Raikou|100/100
|switch|p2a: Politoed|Politoed, M, shiny|100/100
|-ability|p1a: Raikou|Pressure
|-weather|RainDance|[from] ability: Drizzle|[of] p2a: Politoed
|turn|1
|
|t:|1617213619
|switch|p2a: Rotom|Rotom-Mow|100/100
|move|p1a: Raikou|Scald|p2a: Rotom
|-resisted|p2a: Rotom
|-damage|p2a: Rotom|76/100
|
|-weather|RainDance|[upkeep]
|-heal|p2a: Rotom|83/100|[from] item: Leftovers
|upkeep
|turn|2
|
|t:|1617213628
|move|p1a: Raikou|Volt Switch|p2a: Rotom
|-resisted|p2a: Rotom
|-crit|p2a: Rotom
|-damage|p2a: Rotom|66/100
|
|t:|1617213634
|switch|p1a: Marowak|Marowak-Alola, M|100/100|[from]move: Volt Switch
|move|p2a: Rotom|Volt Switch|p1a: Marowak
|-ability|p1a: Marowak|Lightning Rod|boost
|-boost|p1a: Marowak|spa|1
|
|-weather|RainDance|[upkeep]
|-heal|p2a: Rotom|72/100|[from] item: Leftovers
|upkeep
|turn|3
|inactive|Battle timer is ON: inactive players will automatically lose when time's up. (requested by Arceros)
|
|t:|1617213654
|switch|p2a: Toxicroak|Toxicroak, M, shiny|100/100
|move|p1a: Marowak|Poltergeist|p2a: Toxicroak
|-activate|p2a: Toxicroak|move: Poltergeist|Life Orb
|-damage|p2a: Toxicroak|0 fnt
|faint|p2a: Toxicroak
|
|-weather|RainDance|[upkeep]
|upkeep
|
|t:|1617213671
|switch|p2a: Tornadus|Tornadus, M|100/100
|turn|4
|
|t:|1617213683
|switch|p1a: Seismitoad|Seismitoad, M|100/100
|move|p2a: Tornadus|Weather Ball|p1a: Seismitoad
|-immune|p1a: Seismitoad|[from] ability: Water Absorb
|
|-weather|RainDance|[upkeep]
|upkeep
|turn|5
|
|t:|1617213691
|switch|p1a: Metagross|Metagross|100/100
|move|p2a: Tornadus|Nasty Plot|p2a: Tornadus
|-boost|p2a: Tornadus|spa|2
|
|-weather|RainDance|[upkeep]
|upkeep
|turn|6
|
|t:|1617213700
|move|p1a: Metagross|Bullet Punch|p2a: Tornadus
|-damage|p2a: Tornadus|44/100
|move|p2a: Tornadus|Weather Ball|p1a: Metagross
|-damage|p1a: Metagross|0 fnt
|faint|p1a: Metagross
|
|-weather|RainDance|[upkeep]
|upkeep
|
|t:|1617213711
|switch|p1a: Raikou|Raikou|100/100
|-ability|p1a: Raikou|Pressure
|turn|7
|
|t:|1617213722
|switch|p2a: Seismitoad|Seismitoad, M|100/100
|move|p1a: Raikou|Thunderbolt|p2a: Seismitoad
|-immune|p2a: Seismitoad
|
|-weather|RainDance|[upkeep]
|upkeep
|turn|8
|
|t:|1617213730
|switch|p1a: Zarude|Zarude|100/100
|move|p2a: Seismitoad|Earth Power|p1a: Zarude
|-resisted|p1a: Zarude
|-damage|p1a: Zarude|77/100
|-unboost|p1a: Zarude|spd|1
|-damage|p2a: Seismitoad|91/100|[from] item: Life Orb
|
|-weather|none
|upkeep
|turn|9
|
|t:|1617213746
|switch|p2a: Politoed|Politoed, M, shiny|100/100
|-weather|RainDance|[from] ability: Drizzle|[of] p2a: Politoed
|move|p1a: Zarude|Power Whip|p2a: Politoed
|-supereffective|p2a: Politoed
|-damage|p2a: Politoed|0 fnt
|faint|p2a: Politoed
|
|-weather|RainDance|[upkeep]
|upkeep
|
|t:|1617213756
|switch|p2a: Kingdra|Kingdra, M|100/100
|turn|10
|
|t:|1617213762
|switch|p1a: Seismitoad|Seismitoad, M|100/100
|move|p2a: Kingdra|Hurricane|p1a: Seismitoad
|-damage|p1a: Seismitoad|56/100
|-start|p1a: Seismitoad|confusion
|-damage|p2a: Kingdra|91/100|[from] item: Life Orb
|
|-weather|RainDance|[upkeep]
|-heal|p1a: Seismitoad|62/100|[from] item: Leftovers
|upkeep
|turn|11
|
|t:|1617213774
|move|p2a: Kingdra|Hurricane|p1a: Seismitoad
|-damage|p1a: Seismitoad|14/100
|-damage|p2a: Kingdra|81/100|[from] item: Life Orb
|-activate|p1a: Seismitoad|confusion
|-damage|p1a: Seismitoad|8/100|[from] confusion
|
|-weather|RainDance|[upkeep]
|-heal|p1a: Seismitoad|14/100|[from] item: Leftovers
|upkeep
|turn|12
|
|t:|1617213784
|move|p2a: Kingdra|Hurricane|p1a: Seismitoad
|-damage|p1a: Seismitoad|0 fnt
|-damage|p2a: Kingdra|71/100|[from] item: Life Orb
|faint|p1a: Seismitoad
|
|-weather|RainDance|[upkeep]
|upkeep
|
|t:|1617213792
|switch|p1a: Raikou|Raikou|100/100
|-ability|p1a: Raikou|Pressure
|turn|13
|
|t:|1617213812
|move|p2a: Kingdra|Flip Turn|p1a: Raikou
|-damage|p1a: Raikou|56/100
|-damage|p2a: Kingdra|61/100|[from] item: Life Orb
|
|t:|1617213816
|switch|p2a: Seismitoad|Seismitoad, M|91/100|[from]move: Flip Turn
|move|p1a: Raikou|Aura Sphere|p2a: Seismitoad
|-damage|p2a: Seismitoad|61/100
|
|-weather|RainDance|[upkeep]
|upkeep
|turn|14
|
|t:|1617213825
|switch|p1a: Zarude|Zarude|77/100
|move|p2a: Seismitoad|Focus Blast|p1a: Zarude
|-supereffective|p1a: Zarude
|-damage|p1a: Zarude|0 fnt
|-damage|p2a: Seismitoad|51/100|[from] item: Life Orb
|faint|p1a: Zarude
|
|-weather|RainDance|[upkeep]
|upkeep
|
|t:|1617213835
|switch|p1a: Weezing|Weezing-Galar, F|100/100
|-ability|p1a: Weezing|Neutralizing Gas
|turn|15
|
|t:|1617213842
|move|p2a: Seismitoad|Earth Power|p1a: Weezing
|-supereffective|p1a: Weezing
|-damage|p1a: Weezing|0 fnt
|-damage|p2a: Seismitoad|41/100|[from] item: Life Orb
|faint|p1a: Weezing
|-end|p1a: Weezing|ability: Neutralizing Gas
|
|-weather|RainDance|[upkeep]
|upkeep
|
|t:|1617213851
|switch|p1a: Marowak|Marowak-Alola, M|100/100
|turn|16
|
|t:|1617213857
|move|p2a: Seismitoad|Weather Ball|p1a: Marowak
|-supereffective|p1a: Marowak
|-damage|p1a: Marowak|0 fnt
|-damage|p2a: Seismitoad|31/100|[from] item: Life Orb
|faint|p1a: Marowak
|
|-weather|none
|upkeep
|
|t:|1617213865
|switch|p1a: Raikou|Raikou|56/100
|-ability|p1a: Raikou|Pressure
|turn|17
|
|t:|1617213870
|move|p1a: Raikou|Scald|p2a: Seismitoad
|-damage|p2a: Seismitoad|0 fnt
|faint|p2a: Seismitoad
|
|upkeep
|
|t:|1617213875
|switch|p2a: Rotom|Rotom-Mow|72/100
|turn|18
|
|t:|1617213880
|move|p1a: Raikou|Aura Sphere|p2a: Rotom
|-damage|p2a: Rotom|37/100
|move|p2a: Rotom|Leaf Storm|p1a: Raikou
|-damage|p1a: Raikou|0 fnt
|-unboost|p2a: Rotom|spa|2
|faint|p1a: Raikou
|
|win|Glidinganteater
|raw|Arceros's rating: 1371 &rarr; <strong>1358</strong><br />(-13 for losing)
|raw|Glidinganteater's rating: 1495 &rarr; <strong>1508</strong><br />(+13 for winning)
|c|☆Glidinganteater|Gg
|l|☆Arceros
||Ladder isn't responding, score probably updated but might not have (Request timeout).
