|j|☆Nemris
|j|☆AutRay
|player|p1|Nemris|266|1331
|player|p2|AutRay|101|1057
|teamsize|p1|6
|teamsize|p2|6
|gametype|singles
|gen|8
|tier|[Gen 8] RU
|rated|
|clearpoke
|poke|p1|Rhydon, F|
|poke|p1|Aromatisse, M|
|poke|p1|Porygon2|
|poke|p1|Vikavolt, F|
|poke|p1|Runerigus, M|
|poke|p1|Dhelmise|
|poke|p2|Abomasnow, M|
|poke|p2|Centiskorch, F|
|poke|p2|Drapion, M|
|poke|p2|Bouffalant, M|
|poke|p2|Espeon, M|
|poke|p2|Corsola-Galar, F|
|rule|Sleep Clause Mod: Limit one foe put to sleep
|rule|Species Clause: Limit one of each Pokémon
|rule|OHKO Clause: OHKO moves are banned
|rule|Evasion Moves Clause: Evasion moves are banned
|rule|Endless Battle Clause: Forcing endless battles is banned
|rule|HP Percentage Mod: HP is shown in percentages
|rule|Dynamax Clause: You cannot dynamax
|teampreview
|inactive|Battle timer is ON: inactive players will automatically lose when time's up. (requested by AutRay)
|
|start
|switch|p1a: Porygon2|Porygon2|100/100
|switch|p2a: Bouffalant|Bouffalant, M|100/100
|-ability|p1a: Porygon2|Reckless|[from] ability: Trace|[of] p2a: Bouffalant
|turn|1
|
|move|p2a: Bouffalant|Head Charge|p1a: Porygon2
|-damage|p1a: Porygon2|52/100
|-damage|p2a: Bouffalant|89/100|[from] Recoil
|move|p1a: Porygon2|Trick Room|p1a: Porygon2
|-fieldstart|move: Trick Room|[of] p1a: Porygon2
|
|upkeep
|turn|2
|
|switch|p1a: Rhydon|Rhydon, F|100/100
|move|p2a: Bouffalant|Zen Headbutt|p1a: Rhydon
|-damage|p1a: Rhydon|88/100
|
|upkeep
|turn|3
|
|move|p1a: Rhydon|Hammer Arm|p2a: Bouffalant
|-supereffective|p2a: Bouffalant
|-damage|p2a: Bouffalant|17/100
|-unboost|p1a: Rhydon|spe|1
|-enditem|p2a: Bouffalant|Aguav Berry|[eat]
|-heal|p2a: Bouffalant|50/100|[from] item: Aguav Berry
|move|p2a: Bouffalant|Earthquake|p1a: Rhydon
|-supereffective|p1a: Rhydon
|-damage|p1a: Rhydon|58/100
|
|upkeep
|turn|4
|
|move|p1a: Rhydon|Stone Edge|p2a: Bouffalant
|-damage|p2a: Bouffalant|0 fnt
|faint|p2a: Bouffalant
|
|upkeep
|
|switch|p2a: Espeon|Espeon, M, shiny|100/100
|turn|5
|
|move|p1a: Rhydon|Crunch|p2a: Espeon
|-supereffective|p2a: Espeon
|-damage|p2a: Espeon|0 fnt
|faint|p2a: Espeon
|
|-fieldend|move: Trick Room
|upkeep
|
|switch|p2a: Corsola|Corsola-Galar, F|100/100
|turn|6
|
|move|p2a: Corsola|Shadow Ball|p1a: Rhydon
|-damage|p1a: Rhydon|39/100
|move|p1a: Rhydon|Crunch|p2a: Corsola
|-supereffective|p2a: Corsola
|-damage|p2a: Corsola|36/100
|-ability|p2a: Corsola|Weak Armor|boost
|-unboost|p2a: Corsola|def|1
|-boost|p2a: Corsola|spe|2
|
|upkeep
|turn|7
|
|move|p2a: Corsola|Confuse Ray|p1a: Rhydon
|-start|p1a: Rhydon|confusion
|-activate|p1a: Rhydon|confusion
|move|p1a: Rhydon|Crunch|p2a: Corsola
|-supereffective|p2a: Corsola
|-damage|p2a: Corsola|0 fnt
|faint|p2a: Corsola
|
|upkeep
|
|switch|p2a: Abomasnow|Abomasnow, M, shiny|100/100
|-weather|Hail|[from] ability: Snow Warning|[of] p2a: Abomasnow
|turn|8
|
|switch|p1a: Porygon2|Porygon2|52/100
|-ability|p1a: Porygon2|Snow Warning|[from] ability: Trace|[of] p2a: Abomasnow
|move|p2a: Abomasnow|Earthquake|p1a: Porygon2
|-damage|p1a: Porygon2|34/100
|
|-weather|Hail|[upkeep]
|-damage|p1a: Porygon2|28/100|[from] Hail
|upkeep
|turn|9
|
|move|p2a: Abomasnow|Ice Punch|p1a: Porygon2
|-damage|p1a: Porygon2|5/100
|move|p1a: Porygon2|Recover|p1a: Porygon2
|-heal|p1a: Porygon2|55/100
|
|-weather|Hail|[upkeep]
|-damage|p1a: Porygon2|49/100|[from] Hail
|upkeep
|turn|10
|
|move|p2a: Abomasnow|Leech Seed|p1a: Porygon2
|-start|p1a: Porygon2|move: Leech Seed
|move|p1a: Porygon2|Trick Room|p1a: Porygon2
|-fieldstart|move: Trick Room|[of] p1a: Porygon2
|
|-weather|Hail|[upkeep]
|-damage|p1a: Porygon2|42/100|[from] Hail
|-damage|p1a: Porygon2|30/100|[from] Leech Seed|[of] p2a: Abomasnow
|upkeep
|turn|11
|
|move|p1a: Porygon2|Recover|p1a: Porygon2
|-heal|p1a: Porygon2|80/100
|move|p2a: Abomasnow|Ice Punch|p1a: Porygon2
|-damage|p1a: Porygon2|59/100
|
|-weather|Hail|[upkeep]
|-damage|p1a: Porygon2|52/100|[from] Hail
|-damage|p1a: Porygon2|40/100|[from] Leech Seed|[of] p2a: Abomasnow
|upkeep
|turn|12
|
|switch|p2a: Drapion|Drapion, M|100/100
|move|p1a: Porygon2|Teleport|p1a: Porygon2
|
|switch|p1a: Vikavolt|Vikavolt, F|100/100|[from]move: Teleport
|
|-weather|none
|upkeep
|turn|13
|
|move|p1a: Vikavolt|Thunderbolt|p2a: Drapion
|-damage|p2a: Drapion|15/100
|move|p2a: Drapion|Fire Fang|p1a: Vikavolt
|-supereffective|p1a: Vikavolt
|-damage|p1a: Vikavolt|44/100
|
|upkeep
|turn|14
|
|switch|p2a: Centiskorch|Centiskorch, F|100/100
|move|p1a: Vikavolt|Volt Switch|p2a: Centiskorch
|-damage|p2a: Centiskorch|70/100
|
|switch|p1a: Runerigus|Runerigus, M|100/100|[from]move: Volt Switch
|
|-fieldend|move: Trick Room
|upkeep
|turn|15
|
|move|p2a: Centiskorch|Power Whip|p1a: Runerigus
|-supereffective|p1a: Runerigus
|-damage|p1a: Runerigus|62/100
|-activate|p1a: Runerigus|ability: Wandering Spirit|Flash Fire|Wandering Spirit|[of] p2a: Centiskorch
|move|p1a: Runerigus|Trick Room|p1a: Runerigus
|-fieldstart|move: Trick Room|[of] p1a: Runerigus
|
|-heal|p1a: Runerigus|69/100|[from] item: Leftovers
|upkeep
|turn|16
|
|move|p1a: Runerigus|Stealth Rock|p2a: Centiskorch
|-sidestart|p2: AutRay|move: Stealth Rock
|move|p2a: Centiskorch|Power Whip|p1a: Runerigus
|-supereffective|p1a: Runerigus
|-crit|p1a: Runerigus
|-damage|p1a: Runerigus|17/100
|
|-heal|p1a: Runerigus|24/100|[from] item: Leftovers
|upkeep
|turn|17
|
|move|p1a: Runerigus|Destiny Bond|p1a: Runerigus
|-singlemove|p1a: Runerigus|Destiny Bond
|move|p2a: Centiskorch|Power Whip|p1a: Runerigus
|-supereffective|p1a: Runerigus
|-damage|p1a: Runerigus|0 fnt
|faint|p1a: Runerigus
|-activate|p1a: Runerigus|move: Destiny Bond
|faint|p2a: Centiskorch
|
|upkeep
|
|switch|p1a: Dhelmise|Dhelmise|100/100
|switch|p2a: Drapion|Drapion, M|15/100
|-damage|p2a: Drapion|3/100|[from] Stealth Rock
|turn|18
|
|move|p1a: Dhelmise|Iron Head|p2a: Drapion
|-damage|p2a: Drapion|0 fnt
|faint|p2a: Drapion
|
|upkeep
|
|switch|p2a: Abomasnow|Abomasnow, M, shiny|100/100
|-damage|p2a: Abomasnow|76/100|[from] Stealth Rock
|-weather|Hail|[from] ability: Snow Warning|[of] p2a: Abomasnow
|turn|19
|
|move|p1a: Dhelmise|Iron Head|p2a: Abomasnow
|-supereffective|p2a: Abomasnow
|-damage|p2a: Abomasnow|0 fnt
|faint|p2a: Abomasnow
|
|win|Nemris
|raw|Nemris's rating: 1331 &rarr; <strong>1338</strong><br />(+7 for winning)
|raw|AutRay's rating: 1057 &rarr; <strong>1051</strong><br />(-6 for losing)
|l|☆AutRay
