|html|<div class="broadcast-blue"><strong>[Gen 8] RU is currently suspecting Mienshao! For information on how to participate check out the <a href="https://www.smogon.com/forums/threads/np-ru-stage-8-nocturne-mienshao-suspect-test.3688330/">suspect thread</a>.</strong></div>
|j|☆xMagic_77
|j|☆Splashinganteater
|t:|1628004175
|gametype|singles
|player|p1|xMagic_77|265|1048
|player|p2|Splashinganteater|boarder|1304
|teamsize|p1|6
|teamsize|p2|6
|gen|8
|tier|[Gen 8] RU
|rated|
|rule|Sleep Clause Mod: Limit one foe put to sleep
|rule|Species Clause: Limit one of each Pokémon
|rule|OHKO Clause: OHKO moves are banned
|rule|Evasion Moves Clause: Evasion moves are banned
|rule|Endless Battle Clause: Forcing endless battles is banned
|rule|HP Percentage Mod: HP is shown in percentages
|rule|Dynamax Clause: You cannot dynamax
|clearpoke
|poke|p1|Xurkitree|
|poke|p1|Politoed, F|
|poke|p1|Barraskewda, F|
|poke|p1|Gastrodon, M|
|poke|p1|Crobat, M|
|poke|p1|Obstagoon, M|
|poke|p2|Sylveon, F|
|poke|p2|Milotic, F|
|poke|p2|Steelix, M|
|poke|p2|Virizion|
|poke|p2|Incineroar, M|
|poke|p2|Noivern, M|
|teampreview
|inactive|Battle timer is ON: inactive players will automatically lose when time's up. (requested by xMagic_77)
|
|t:|1628004187
|start
|switch|p1a: Politoed|Politoed, F|100/100
|switch|p2a: Virizion|Virizion, shiny|100/100
|-weather|RainDance|[from] ability: Drizzle|[of] p1a: Politoed
|turn|1
|
|t:|1628004194
|switch|p1a: Crobat|Crobat, M|100/100
|move|p2a: Virizion|Stone Edge|p1a: Crobat
|-supereffective|p1a: Crobat
|-damage|p1a: Crobat|38/100
|
|-weather|RainDance|[upkeep]
|upkeep
|turn|2
|
|t:|1628004204
|switch|p2a: Milotic|Milotic, F|100/100
|move|p1a: Crobat|Roost|p1a: Crobat
|-heal|p1a: Crobat|88/100
|-singleturn|p1a: Crobat|move: Roost
|
|-weather|RainDance|[upkeep]
|upkeep
|turn|3
|
|t:|1628004213
|move|p1a: Crobat|U-turn|p2a: Milotic
|-damage|p2a: Milotic|89/100
|
|t:|1628004219
|switch|p1a: Gastrodon|Gastrodon, M|100/100|[from]move: U-turn
|move|p2a: Milotic|Scald|p1a: Gastrodon
|-ability|p1a: Gastrodon|Storm Drain|boost
|-boost|p1a: Gastrodon|spa|1
|
|-weather|RainDance|[upkeep]
|-heal|p2a: Milotic|95/100|[from] item: Leftovers
|upkeep
|turn|4
|
|t:|1628004230
|move|p2a: Milotic|Toxic|p1a: Gastrodon
|-status|p1a: Gastrodon|tox
|move|p1a: Gastrodon|Toxic|p2a: Milotic
|-status|p2a: Milotic|tox
|
|-weather|RainDance|[upkeep]
|-heal|p2a: Milotic|100/100 tox|[from] item: Leftovers
|-damage|p2a: Milotic|94/100 tox|[from] psn
|-damage|p1a: Gastrodon|94/100 tox|[from] psn
|upkeep
|turn|5
|
|t:|1628004242
|switch|p2a: Virizion|Virizion, shiny|100/100
|move|p1a: Gastrodon|Ice Beam|p2a: Virizion
|-supereffective|p2a: Virizion
|-damage|p2a: Virizion|51/100
|
|-weather|RainDance|[upkeep]
|-heal|p2a: Virizion|57/100|[from] item: Leftovers
|-heal|p1a: Gastrodon|100/100 tox|[from] item: Leftovers
|-damage|p1a: Gastrodon|88/100 tox|[from] psn
|upkeep
|turn|6
|
|t:|1628004253
|switch|p1a: Crobat|Crobat, M|88/100
|move|p2a: Virizion|Leaf Blade|p1a: Crobat
|-resisted|p1a: Crobat
|-damage|p1a: Crobat|79/100
|
|-weather|RainDance|[upkeep]
|-heal|p2a: Virizion|63/100|[from] item: Leftovers
|upkeep
|turn|7
|
|t:|1628004263
|switch|p2a: Steelix|Steelix, M|100/100
|move|p1a: Crobat|U-turn|p2a: Steelix
|-resisted|p2a: Steelix
|-damage|p2a: Steelix|97/100
|
|t:|1628004270
|switch|p1a: Barraskewda|Barraskewda, F|100/100|[from]move: U-turn
|
|-weather|RainDance|[upkeep]
|-heal|p2a: Steelix|100/100|[from] item: Leftovers
|upkeep
|turn|8
|
|t:|1628004277
|switch|p2a: Milotic|Milotic, F|94/100 tox
|move|p1a: Barraskewda|Flip Turn|p2a: Milotic
|-resisted|p2a: Milotic
|-damage|p2a: Milotic|74/100 tox
|
|t:|1628004285
|switch|p1a: Xurkitree|Xurkitree|100/100|[from]move: Flip Turn
|
|-weather|none
|-heal|p2a: Milotic|80/100 tox|[from] item: Leftovers
|-damage|p2a: Milotic|74/100 tox|[from] psn
|upkeep
|turn|9
|
|t:|1628004293
|switch|p2a: Steelix|Steelix, M|100/100
|move|p1a: Xurkitree|Energy Ball|p2a: Steelix
|-damage|p2a: Steelix|66/100
|
|-heal|p2a: Steelix|72/100|[from] item: Leftovers
|upkeep
|turn|10
|
|t:|1628004302
|switch|p1a: Politoed|Politoed, F|100/100
|-weather|RainDance|[from] ability: Drizzle|[of] p1a: Politoed
|move|p2a: Steelix|Stealth Rock|p1a: Politoed
|-sidestart|p1: xMagic_77|move: Stealth Rock
|
|-weather|RainDance|[upkeep]
|-heal|p2a: Steelix|78/100|[from] item: Leftovers
|upkeep
|turn|11
|
|t:|1628004312
|switch|p2a: Virizion|Virizion, shiny|63/100
|move|p1a: Politoed|Scald|p2a: Virizion
|-resisted|p2a: Virizion
|-damage|p2a: Virizion|47/100
|
|-weather|RainDance|[upkeep]
|-heal|p2a: Virizion|53/100|[from] item: Leftovers
|upkeep
|turn|12
|
|t:|1628004322
|switch|p1a: Crobat|Crobat, M|79/100
|move|p2a: Virizion|Stone Edge|p1a: Crobat
|-supereffective|p1a: Crobat
|-damage|p1a: Crobat|17/100
|
|-weather|RainDance|[upkeep]
|-heal|p2a: Virizion|59/100|[from] item: Leftovers
|upkeep
|turn|13
|
|t:|1628004331
|move|p1a: Crobat|Defog|p2a: Virizion
|-unboost|p2a: Virizion|evasion|1
|-sideend|p1: xMagic_77|Stealth Rock|[from] move: Defog|[of] p1a: Crobat
|move|p2a: Virizion|Stone Edge|p1a: Crobat|[miss]
|-miss|p2a: Virizion|p1a: Crobat
|
|-weather|RainDance|[upkeep]
|-heal|p2a: Virizion|66/100|[from] item: Leftovers
|upkeep
|turn|14
|c|☆Splashinganteater|UGHHHHH lol
|inactive|Splashinganteater has 120 seconds left.
|
|t:|1628004363
|switch|p2a: Steelix|Steelix, M|78/100
|move|p1a: Crobat|Roost|p1a: Crobat
|-heal|p1a: Crobat|67/100
|-singleturn|p1a: Crobat|move: Roost
|
|-weather|RainDance|[upkeep]
|-heal|p2a: Steelix|84/100|[from] item: Leftovers
|upkeep
|turn|15
|
|t:|1628004376
|switch|p1a: Barraskewda|Barraskewda, F|100/100
|move|p2a: Steelix|Stealth Rock|p1a: Barraskewda
|-sidestart|p1: xMagic_77|move: Stealth Rock
|
|-weather|RainDance|[upkeep]
|-heal|p2a: Steelix|91/100|[from] item: Leftovers
|upkeep
|turn|16
|
|t:|1628004386
|switch|p2a: Milotic|Milotic, F|74/100 tox
|move|p1a: Barraskewda|Flip Turn|p2a: Milotic
|-resisted|p2a: Milotic
|-damage|p2a: Milotic|56/100 tox
|
|t:|1628004393
|switch|p1a: Crobat|Crobat, M|67/100|[from]move: Flip Turn
|
|-weather|RainDance|[upkeep]
|-heal|p2a: Milotic|62/100 tox|[from] item: Leftovers
|-damage|p2a: Milotic|56/100 tox|[from] psn
|upkeep
|turn|17
|
|t:|1628004401
|move|p1a: Crobat|Defog|p2a: Milotic
|-unboost|p2a: Milotic|evasion|1
|-sideend|p1: xMagic_77|Stealth Rock|[from] move: Defog|[of] p1a: Crobat
|move|p2a: Milotic|Recover|p2a: Milotic
|-heal|p2a: Milotic|100/100 tox
|
|-weather|none
|-damage|p2a: Milotic|88/100 tox|[from] psn
|upkeep
|turn|18
|
|t:|1628004411
|move|p1a: Crobat|Roost|p1a: Crobat
|-heal|p1a: Crobat|100/100
|-singleturn|p1a: Crobat|move: Roost
|move|p2a: Milotic|Flip Turn|p1a: Crobat
|-damage|p1a: Crobat|88/100
|
|t:|1628004415
|switch|p2a: Incineroar|Incineroar, M|100/100|[from]move: Flip Turn
|-ability|p2a: Incineroar|Intimidate|boost
|-unboost|p1a: Crobat|atk|1
|
|upkeep
|turn|19
|
|t:|1628004423
|move|p1a: Crobat|U-turn|p2a: Incineroar
|-damage|p2a: Incineroar|91/100
|
|t:|1628004426
|switch|p1a: Politoed|Politoed, F|100/100|[from]move: U-turn
|-weather|RainDance|[from] ability: Drizzle|[of] p1a: Politoed
|move|p2a: Incineroar|Knock Off|p1a: Politoed
|-damage|p1a: Politoed|67/100
|-enditem|p1a: Politoed|Damp Rock|[from] move: Knock Off|[of] p2a: Incineroar
|
|-weather|RainDance|[upkeep]
|upkeep
|turn|20
|
|t:|1628004442
|switch|p2a: Milotic|Milotic, F|88/100 tox
|move|p1a: Politoed|Scald|p2a: Milotic
|-resisted|p2a: Milotic
|-crit|p2a: Milotic
|-damage|p2a: Milotic|65/100 tox
|
|-weather|RainDance|[upkeep]
|-heal|p2a: Milotic|71/100 tox|[from] item: Leftovers
|-damage|p2a: Milotic|65/100 tox|[from] psn
|upkeep
|turn|21
|
|t:|1628004461
|switch|p1a: Gastrodon|Gastrodon, M|88/100 tox
|move|p2a: Milotic|Recover|p2a: Milotic
|-heal|p2a: Milotic|100/100 tox
|
|-weather|RainDance|[upkeep]
|-heal|p1a: Gastrodon|94/100 tox|[from] item: Leftovers
|-damage|p2a: Milotic|88/100 tox|[from] psn
|-damage|p1a: Gastrodon|88/100 tox|[from] psn
|upkeep
|turn|22
|
|t:|1628004475
|switch|p2a: Virizion|Virizion, shiny|66/100
|move|p1a: Gastrodon|Ice Beam|p2a: Virizion
|-supereffective|p2a: Virizion
|-damage|p2a: Virizion|32/100
|
|-weather|RainDance|[upkeep]
|-heal|p2a: Virizion|38/100|[from] item: Leftovers
|-heal|p1a: Gastrodon|94/100 tox|[from] item: Leftovers
|-damage|p1a: Gastrodon|82/100 tox|[from] psn
|upkeep
|turn|23
|
|t:|1628004487
|switch|p1a: Crobat|Crobat, M|88/100
|move|p2a: Virizion|Stone Edge|p1a: Crobat
|-supereffective|p1a: Crobat
|-crit|p1a: Crobat
|-damage|p1a: Crobat|0 fnt
|faint|p1a: Crobat
|
|-weather|RainDance|[upkeep]
|-heal|p2a: Virizion|44/100|[from] item: Leftovers
|upkeep
|
|t:|1628004502
|switch|p1a: Barraskewda|Barraskewda, F|100/100
|turn|24
|
|t:|1628004511
|switch|p2a: Milotic|Milotic, F|88/100 tox
|move|p1a: Barraskewda|Close Combat|p2a: Milotic
|-damage|p2a: Milotic|53/100 tox
|-unboost|p1a: Barraskewda|def|1
|-unboost|p1a: Barraskewda|spd|1
|
|-weather|RainDance|[upkeep]
|-heal|p2a: Milotic|59/100 tox|[from] item: Leftovers
|-damage|p2a: Milotic|53/100 tox|[from] psn
|upkeep
|turn|25
|
|t:|1628004523
|switch|p1a: Obstagoon|Obstagoon, M|100/100
|move|p2a: Milotic|Recover|p2a: Milotic
|-heal|p2a: Milotic|100/100 tox
|
|-weather|RainDance|[upkeep]
|-damage|p2a: Milotic|88/100 tox|[from] psn
|-status|p1a: Obstagoon|brn|[from] item: Flame Orb
|upkeep
|turn|26
|
|t:|1628004533
|switch|p2a: Steelix|Steelix, M|91/100
|move|p1a: Obstagoon|Facade|p2a: Steelix
|-resisted|p2a: Steelix
|-damage|p2a: Steelix|69/100
|
|-weather|none
|-heal|p2a: Steelix|76/100|[from] item: Leftovers
|-damage|p1a: Obstagoon|94/100 brn|[from] brn
|upkeep
|turn|27
|
|t:|1628004546
|move|p1a: Obstagoon|Switcheroo|p2a: Steelix
|-activate|p1a: Obstagoon|move: Trick|[of] p2a: Steelix
|-item|p2a: Steelix|Flame Orb|[from] move: Switcheroo
|-item|p1a: Obstagoon|Leftovers|[from] move: Switcheroo
|move|p2a: Steelix|Stealth Rock|p1a: Obstagoon
|-sidestart|p1: xMagic_77|move: Stealth Rock
|
|-heal|p1a: Obstagoon|100/100 brn|[from] item: Leftovers
|-damage|p1a: Obstagoon|94/100 brn|[from] brn
|-status|p2a: Steelix|brn|[from] item: Flame Orb
|upkeep
|turn|28
|
|t:|1628004557
|switch|p2a: Incineroar|Incineroar, M|91/100
|-ability|p2a: Incineroar|Intimidate|boost
|-unboost|p1a: Obstagoon|atk|1
|move|p1a: Obstagoon|Knock Off|p2a: Incineroar
|-resisted|p2a: Incineroar
|-damage|p2a: Incineroar|72/100
|-enditem|p2a: Incineroar|Heavy-Duty Boots|[from] move: Knock Off|[of] p1a: Obstagoon
|
|-heal|p1a: Obstagoon|100/100 brn|[from] item: Leftovers
|-damage|p1a: Obstagoon|94/100 brn|[from] brn
|upkeep
|turn|29
|
|t:|1628004571
|switch|p1a: Politoed|Politoed, F|67/100
|-damage|p1a: Politoed|54/100|[from] Stealth Rock
|-weather|RainDance|[from] ability: Drizzle|[of] p1a: Politoed
|move|p2a: Incineroar|U-turn|p1a: Politoed
|-damage|p1a: Politoed|36/100
|
|t:|1628004578
|switch|p2a: Virizion|Virizion, shiny|44/100|[from]move: U-turn
|
|-weather|RainDance|[upkeep]
|-heal|p2a: Virizion|51/100|[from] item: Leftovers
|upkeep
|turn|30
|
|t:|1628004588
|move|p2a: Virizion|Leaf Blade|p1a: Politoed
|-supereffective|p1a: Politoed
|-damage|p1a: Politoed|0 fnt
|faint|p1a: Politoed
|
|-weather|RainDance|[upkeep]
|-heal|p2a: Virizion|57/100|[from] item: Leftovers
|upkeep
|
|t:|1628004599
|switch|p1a: Barraskewda|Barraskewda, F|100/100
|-damage|p1a: Barraskewda|88/100|[from] Stealth Rock
|turn|31
|
|t:|1628004615
|switch|p2a: Milotic|Milotic, F|88/100 tox
|move|p1a: Barraskewda|Flip Turn|p2a: Milotic
|-resisted|p2a: Milotic
|-damage|p2a: Milotic|71/100 tox
|
|t:|1628004623
|switch|p1a: Obstagoon|Obstagoon, M|94/100 brn|[from]move: Flip Turn
|-damage|p1a: Obstagoon|82/100 brn|[from] Stealth Rock
|
|-weather|RainDance|[upkeep]
|-heal|p1a: Obstagoon|88/100 brn|[from] item: Leftovers
|-heal|p2a: Milotic|77/100 tox|[from] item: Leftovers
|-damage|p2a: Milotic|71/100 tox|[from] psn
|-damage|p1a: Obstagoon|82/100 brn|[from] brn
|upkeep
|turn|32
|
|t:|1628004639
|switch|p2a: Incineroar|Incineroar, M|72/100
|-ability|p2a: Incineroar|Intimidate|boost
|-unboost|p1a: Obstagoon|atk|1
|move|p1a: Obstagoon|Facade|p2a: Incineroar
|-damage|p2a: Incineroar|22/100
|
|-weather|RainDance|[upkeep]
|-heal|p1a: Obstagoon|88/100 brn|[from] item: Leftovers
|-damage|p1a: Obstagoon|82/100 brn|[from] brn
|upkeep
|turn|33
|
|t:|1628004652
|move|p1a: Obstagoon|Close Combat|p2a: Incineroar
|-supereffective|p2a: Incineroar
|-damage|p2a: Incineroar|0 fnt
|-unboost|p1a: Obstagoon|def|1
|-unboost|p1a: Obstagoon|spd|1
|faint|p2a: Incineroar
|
|-weather|none
|-heal|p1a: Obstagoon|88/100 brn|[from] item: Leftovers
|-damage|p1a: Obstagoon|82/100 brn|[from] brn
|upkeep
|
|t:|1628004656
|switch|p2a: Virizion|Virizion, shiny|57/100
|turn|34
|
|t:|1628004672
|switch|p1a: Gastrodon|Gastrodon, M|82/100 tox
|-damage|p1a: Gastrodon|76/100 tox|[from] Stealth Rock
|move|p2a: Virizion|Close Combat|p1a: Gastrodon
|-damage|p1a: Gastrodon|40/100 tox
|-unboost|p2a: Virizion|def|1
|-unboost|p2a: Virizion|spd|1
|
|-heal|p2a: Virizion|63/100|[from] item: Leftovers
|-heal|p1a: Gastrodon|46/100 tox|[from] item: Leftovers
|-damage|p1a: Gastrodon|40/100 tox|[from] psn
|upkeep
|turn|35
|
|t:|1628004685
|move|p2a: Virizion|Leaf Blade|p1a: Gastrodon
|-supereffective|p1a: Gastrodon
|-damage|p1a: Gastrodon|0 fnt
|faint|p1a: Gastrodon
|
|-heal|p2a: Virizion|69/100|[from] item: Leftovers
|upkeep
|
|t:|1628004700
|switch|p1a: Barraskewda|Barraskewda, F|88/100
|-damage|p1a: Barraskewda|76/100|[from] Stealth Rock
|turn|36
|
|t:|1628004715
|switch|p2a: Milotic|Milotic, F|71/100 tox
|move|p1a: Barraskewda|Close Combat|p2a: Milotic
|-damage|p2a: Milotic|38/100 tox
|-unboost|p1a: Barraskewda|def|1
|-unboost|p1a: Barraskewda|spd|1
|
|-heal|p2a: Milotic|44/100 tox|[from] item: Leftovers
|-damage|p2a: Milotic|38/100 tox|[from] psn
|upkeep
|turn|37
|
|t:|1628004730
|switch|p1a: Xurkitree|Xurkitree|100/100
|-damage|p1a: Xurkitree|88/100|[from] Stealth Rock
|move|p2a: Milotic|Recover|p2a: Milotic
|-heal|p2a: Milotic|88/100 tox
|
|-heal|p2a: Milotic|94/100 tox|[from] item: Leftovers
|-damage|p2a: Milotic|81/100 tox|[from] psn
|upkeep
|turn|38
|
|t:|1628004742
|switch|p2a: Steelix|Steelix, M|76/100 brn
|move|p1a: Xurkitree|Energy Ball|p2a: Steelix
|-damage|p2a: Steelix|41/100 brn
|-unboost|p2a: Steelix|spd|1
|
|-damage|p2a: Steelix|35/100 brn|[from] brn
|upkeep
|turn|39
|
|t:|1628004752
|switch|p2a: Noivern|Noivern, M|100/100
|move|p1a: Xurkitree|Energy Ball|p2a: Noivern
|-resisted|p2a: Noivern
|-damage|p2a: Noivern|88/100
|
|upkeep
|turn|40
|
|t:|1628004765
|switch|p1a: Barraskewda|Barraskewda, F|76/100
|-damage|p1a: Barraskewda|64/100|[from] Stealth Rock
|move|p2a: Noivern|Draco Meteor|p1a: Barraskewda
|-damage|p1a: Barraskewda|0 fnt
|-unboost|p2a: Noivern|spa|2
|faint|p1a: Barraskewda
|
|upkeep
|
|t:|1628004775
|switch|p1a: Xurkitree|Xurkitree|88/100
|-damage|p1a: Xurkitree|76/100|[from] Stealth Rock
|turn|41
|
|t:|1628004786
|switch|p2a: Steelix|Steelix, M|35/100 brn
|move|p1a: Xurkitree|Volt Switch|p2a: Steelix
|-immune|p2a: Steelix
|
|-damage|p2a: Steelix|29/100 brn|[from] brn
|upkeep
|turn|42
|
|t:|1628004795
|switch|p1a: Obstagoon|Obstagoon, M|82/100 brn
|-damage|p1a: Obstagoon|70/100 brn|[from] Stealth Rock
|switch|p2a: Virizion|Virizion, shiny|69/100
|
|-heal|p2a: Virizion|75/100|[from] item: Leftovers
|-heal|p1a: Obstagoon|76/100 brn|[from] item: Leftovers
|-damage|p1a: Obstagoon|70/100 brn|[from] brn
|upkeep
|turn|43
|
|t:|1628004810
|switch|p1a: Xurkitree|Xurkitree|76/100
|-damage|p1a: Xurkitree|63/100|[from] Stealth Rock
|move|p2a: Virizion|Close Combat|p1a: Xurkitree
|-damage|p1a: Xurkitree|0 fnt
|-unboost|p2a: Virizion|def|1
|-unboost|p2a: Virizion|spd|1
|faint|p1a: Xurkitree
|
|-heal|p2a: Virizion|82/100|[from] item: Leftovers
|upkeep
|-message|xMagic_77 forfeited.
|
|win|Splashinganteater
|l|☆xMagic_77
|raw|xMagic_77's rating: 1047 &rarr; <strong>1041</strong><br />(-6 for losing)
|raw|Splashinganteater's rating: 1304 &rarr; <strong>1311</strong><br />(+7 for winning)
|c|☆Splashinganteater|gg
||Ladder isn't responding, score probably updated but might not have (Request timeout).
