|raw|<div class="broadcast-blue"><strong>This battle is required to be public due to a player having a name starting with 'rult50'.</div>
|j|☆RULT50A Prod
|j|☆rult50m dani
|t:|1625609332
|gametype|singles
|player|p1|RULT50A Prod|dawn|1297
|player|p2|rult50m dani|pokemonrangerf-gen4|1274
|teamsize|p1|6
|teamsize|p2|6
|gen|8
|tier|[Gen 8] RU
|rated|
|rule|Sleep Clause Mod: Limit one foe put to sleep
|rule|Species Clause: Limit one of each Pokémon
|rule|OHKO Clause: OHKO moves are banned
|rule|Evasion Moves Clause: Evasion moves are banned
|rule|Endless Battle Clause: Forcing endless battles is banned
|rule|HP Percentage Mod: HP is shown in percentages
|rule|Dynamax Clause: You cannot dynamax
|clearpoke
|poke|p1|Umbreon, M|
|poke|p1|Quagsire, F|
|poke|p1|Tangela, F|
|poke|p1|Articuno|
|poke|p1|Stunfisk-Galar, F|
|poke|p1|Ditto|
|poke|p2|Xatu, M|
|poke|p2|Quagsire, M|
|poke|p2|Registeel|
|poke|p2|Togekiss, F|
|poke|p2|Umbreon, M|
|poke|p2|Roserade, F|
|teampreview
|inactive|Battle timer is ON: inactive players will automatically lose when time's up. (requested by rult50m dani)
|
|t:|1625609362
|start
|switch|p1a: Tangela|Tangela, F|100/100
|switch|p2a: Xatu|Xatu, M|100/100
|turn|1
|
|t:|1625609368
|move|p2a: Xatu|Heat Wave|p1a: Tangela
|-supereffective|p1a: Tangela
|-damage|p1a: Tangela|37/100
|move|p1a: Tangela|Knock Off|p2a: Xatu
|-supereffective|p2a: Xatu
|-crit|p2a: Xatu
|-damage|p2a: Xatu|58/100
|-damage|p1a: Tangela|20/100|[from] item: Rocky Helmet|[of] p2a: Xatu
|-enditem|p2a: Xatu|Rocky Helmet|[from] move: Knock Off|[of] p1a: Tangela
|
|upkeep
|turn|2
|
|t:|1625609375
|switch|p1a: Umbreon|Umbreon, M|100/100
|move|p2a: Xatu|Roost|p2a: Xatu
|-heal|p2a: Xatu|100/100
|-singleturn|p2a: Xatu|move: Roost
|
|upkeep
|turn|3
|
|t:|1625609381
|move|p1a: Umbreon|Wish|p1a: Umbreon
|move|p2a: Xatu|Teleport|p2a: Xatu
|
|t:|1625609392
|switch|p2a: Roserade|Roserade, F|100/100|[from]move: Teleport
|
|upkeep
|turn|4
|
|t:|1625609399
|switch|p1a: Stunfisk|Stunfisk-Galar, F|100/100
|move|p2a: Roserade|Spikes|p1a: Stunfisk
|-sidestart|p1: RULT50A Prod|Spikes
|
|upkeep
|turn|5
|
|t:|1625609403
|switch|p2a: Xatu|Xatu, M|100/100
|move|p1a: Stunfisk|Snap Trap|p2a: Xatu
|-resisted|p2a: Xatu
|-damage|p2a: Xatu|97/100
|-activate|p2a: Xatu|move: Snap Trap|[of] p1a: Stunfisk
|
|-damage|p2a: Xatu|85/100|[from] move: Snap Trap|[partiallytrapped]
|upkeep
|turn|6
|
|t:|1625609409
|switch|p1a: Articuno|Articuno|100/100
|-ability|p1a: Articuno|Pressure
|move|p2a: Xatu|Teleport|p2a: Xatu
|
|t:|1625609414
|switch|p2a: Registeel|Registeel|100/100|[from]move: Teleport
|
|upkeep
|turn|7
|
|t:|1625609417
|move|p1a: Articuno|Defog|p2a: Registeel
|-fail|p2a: Registeel|unboost|[from] ability: Clear Body|[of] p2a: Registeel
|-sideend|p1: RULT50A Prod|Spikes|[from] move: Defog|[of] p1a: Articuno
|move|p2a: Registeel|Heavy Slam|p1a: Articuno
|-supereffective|p1a: Articuno
|-damage|p1a: Articuno|69/100
|
|upkeep
|turn|8
|
|t:|1625609420
|move|p1a: Articuno|Freeze-Dry|p2a: Registeel
|-resisted|p2a: Registeel
|-damage|p2a: Registeel|95/100
|move|p2a: Registeel|Toxic|p1a: Articuno
|-status|p1a: Articuno|tox
|
|-heal|p2a: Registeel|100/100|[from] item: Leftovers
|-damage|p1a: Articuno|63/100 tox|[from] psn
|upkeep
|turn|9
|
|t:|1625609424
|move|p1a: Articuno|Roost|p1a: Articuno
|-heal|p1a: Articuno|100/100 tox
|-singleturn|p1a: Articuno|move: Roost
|move|p2a: Registeel|Stealth Rock|p1a: Articuno
|-sidestart|p1: RULT50A Prod|move: Stealth Rock
|
|-damage|p1a: Articuno|88/100 tox|[from] psn
|upkeep
|turn|10
|
|t:|1625609430
|move|p1a: Articuno|Heal Bell|p1a: Articuno
|-activate|p1a: Articuno|move: Heal Bell
|-curestatus|p1a: Articuno|tox|[msg]
|move|p2a: Registeel|Seismic Toss|p1a: Articuno
|-damage|p1a: Articuno|62/100
|
|upkeep
|turn|11
|
|t:|1625609433
|move|p1a: Articuno|Defog|p2a: Registeel
|-fail|p2a: Registeel|unboost|[from] ability: Clear Body|[of] p2a: Registeel
|-sideend|p1: RULT50A Prod|Stealth Rock|[from] move: Defog|[of] p1a: Articuno
|move|p2a: Registeel|Toxic|p1a: Articuno|[miss]
|-miss|p2a: Registeel|p1a: Articuno
|
|upkeep
|turn|12
|
|t:|1625609437
|move|p1a: Articuno|Roost|p1a: Articuno
|-heal|p1a: Articuno|100/100
|-singleturn|p1a: Articuno|move: Roost
|move|p2a: Registeel|Toxic|p1a: Articuno|[miss]
|-miss|p2a: Registeel|p1a: Articuno
|
|upkeep
|turn|13
|
|t:|1625609443
|move|p1a: Articuno|Freeze-Dry|p2a: Registeel
|-resisted|p2a: Registeel
|-damage|p2a: Registeel|94/100
|move|p2a: Registeel|Stealth Rock|p1a: Articuno
|-sidestart|p1: RULT50A Prod|move: Stealth Rock
|
|-heal|p2a: Registeel|99/100|[from] item: Leftovers
|upkeep
|turn|14
|
|t:|1625609450
|move|p1a: Articuno|Defog|p2a: Registeel
|-fail|p2a: Registeel|unboost|[from] ability: Clear Body|[of] p2a: Registeel
|-sideend|p1: RULT50A Prod|Stealth Rock|[from] move: Defog|[of] p1a: Articuno
|move|p2a: Registeel|Seismic Toss|p1a: Articuno
|-damage|p1a: Articuno|74/100
|
|-heal|p2a: Registeel|100/100|[from] item: Leftovers
|upkeep
|turn|15
|
|t:|1625609455
|move|p1a: Articuno|Freeze-Dry|p2a: Registeel
|-resisted|p2a: Registeel
|-damage|p2a: Registeel|95/100
|move|p2a: Registeel|Stealth Rock|p1a: Articuno
|-sidestart|p1: RULT50A Prod|move: Stealth Rock
|
|-heal|p2a: Registeel|100/100|[from] item: Leftovers
|upkeep
|turn|16
|
|t:|1625609462
|move|p1a: Articuno|Defog|p2a: Registeel
|-fail|p2a: Registeel|unboost|[from] ability: Clear Body|[of] p2a: Registeel
|-sideend|p1: RULT50A Prod|Stealth Rock|[from] move: Defog|[of] p1a: Articuno
|move|p2a: Registeel|Toxic|p1a: Articuno
|-status|p1a: Articuno|tox
|
|-damage|p1a: Articuno|68/100 tox|[from] psn
|upkeep
|turn|17
|j| Friedolin
|
|t:|1625609466
|move|p1a: Articuno|Heal Bell|p1a: Articuno
|-activate|p1a: Articuno|move: Heal Bell
|-curestatus|p1a: Articuno|tox|[msg]
|move|p2a: Registeel|Stealth Rock|p1a: Articuno
|-sidestart|p1: RULT50A Prod|move: Stealth Rock
|
|upkeep
|turn|18
|
|t:|1625609471
|switch|p2a: Umbreon|Umbreon, M|100/100
|move|p1a: Articuno|Defog|p2a: Umbreon
|-unboost|p2a: Umbreon|evasion|1
|-sideend|p1: RULT50A Prod|Stealth Rock|[from] move: Defog|[of] p1a: Articuno
|
|upkeep
|turn|19
|
|t:|1625609475
|switch|p1a: Tangela|Tangela, F|54/100
|move|p2a: Umbreon|Wish|p2a: Umbreon
|
|upkeep
|turn|20
|
|t:|1625609481
|switch|p2a: Xatu|Xatu, M|85/100
|move|p1a: Tangela|Knock Off|p2a: Xatu
|-supereffective|p2a: Xatu
|-damage|p2a: Xatu|69/100
|
|-heal|p2a: Xatu|100/100|[from] move: Wish|[wisher] Umbreon
|upkeep
|turn|21
|
|t:|1625609487
|switch|p1a: Articuno|Articuno|68/100
|-ability|p1a: Articuno|Pressure
|move|p2a: Xatu|Teleport|p2a: Xatu
|
|t:|1625609496
|switch|p2a: Registeel|Registeel|100/100|[from]move: Teleport
|
|upkeep
|turn|22
|
|t:|1625609500
|move|p1a: Articuno|Freeze-Dry|p2a: Registeel
|-resisted|p2a: Registeel
|-damage|p2a: Registeel|94/100
|move|p2a: Registeel|Seismic Toss|p1a: Articuno
|-damage|p1a: Articuno|42/100
|
|-heal|p2a: Registeel|99/100|[from] item: Leftovers
|upkeep
|turn|23
|
|t:|1625609510
|switch|p2a: Togekiss|Togekiss, F|100/100
|move|p1a: Articuno|Roost|p1a: Articuno
|-heal|p1a: Articuno|92/100
|-singleturn|p1a: Articuno|move: Roost
|
|upkeep
|turn|24
|
|t:|1625609515
|move|p2a: Togekiss|Nasty Plot|p2a: Togekiss
|-boost|p2a: Togekiss|spa|2
|move|p1a: Articuno|Freeze-Dry|p2a: Togekiss
|-supereffective|p2a: Togekiss
|-damage|p2a: Togekiss|65/100
|
|upkeep
|turn|25
|
|t:|1625609526
|switch|p1a: Stunfisk|Stunfisk-Galar, F|100/100
|move|p2a: Togekiss|Air Slash|p1a: Stunfisk|[miss]
|-miss|p2a: Togekiss|p1a: Stunfisk
|
|upkeep
|turn|26
|
|t:|1625609531
|switch|p2a: Xatu|Xatu, M|100/100
|switch|p1a: Ditto|Ditto|100/100
|-transform|p1a: Ditto|p2a: Xatu|[from] ability: Imposter
|
|upkeep
|turn|27
|
|t:|1625609541
|switch|p1a: Umbreon|Umbreon, M|100/100
|move|p2a: Xatu|Teleport|p2a: Xatu
|
|t:|1625609543
|switch|p2a: Togekiss|Togekiss, F|65/100|[from]move: Teleport
|
|upkeep
|turn|28
|
|t:|1625609546
|move|p2a: Togekiss|Roost|p2a: Togekiss
|-heal|p2a: Togekiss|100/100
|-singleturn|p2a: Togekiss|move: Roost
|move|p1a: Umbreon|Toxic|p2a: Togekiss
|-status|p2a: Togekiss|tox
|
|-damage|p2a: Togekiss|94/100 tox|[from] psn
|upkeep
|turn|29
|
|t:|1625609553
|switch|p2a: Umbreon|Umbreon, M|100/100
|switch|p1a: Articuno|Articuno|92/100
|-ability|p1a: Articuno|Pressure
|
|upkeep
|turn|30
|
|t:|1625609557
|switch|p1a: Tangela|Tangela, F|87/100
|move|p2a: Umbreon|Heal Bell|p2a: Umbreon
|-activate|p2a: Umbreon|move: Heal Bell
|-curestatus|p2: Togekiss|tox|[msg]
|
|upkeep
|turn|31
|
|t:|1625609567
|switch|p1a: Articuno|Articuno|92/100
|-ability|p1a: Articuno|Pressure
|move|p2a: Umbreon|Protect||[still]
|-fail|p2a: Umbreon
|
|upkeep
|turn|32
|
|t:|1625609571
|switch|p1a: Tangela|Tangela, F|100/100
|move|p2a: Umbreon|Foul Play|p1a: Tangela
|-crit|p1a: Tangela
|-damage|p1a: Tangela|87/100
|
|upkeep
|turn|33
|
|t:|1625609575
|switch|p2a: Xatu|Xatu, M|100/100
|move|p1a: Tangela|Knock Off|p2a: Xatu
|-supereffective|p2a: Xatu
|-crit|p2a: Xatu
|-damage|p2a: Xatu|72/100
|
|upkeep
|turn|34
|
|t:|1625609580
|switch|p1a: Umbreon|Umbreon, M|100/100
|move|p2a: Xatu|Roost|p2a: Xatu
|-heal|p2a: Xatu|100/100
|-singleturn|p2a: Xatu|move: Roost
|
|upkeep
|turn|35
|
|t:|1625609583
|switch|p2a: Roserade|Roserade, F|100/100
|move|p1a: Umbreon|Foul Play|p2a: Roserade
|-damage|p2a: Roserade|65/100
|
|upkeep
|turn|36
|
|t:|1625609586
|move|p2a: Roserade|Spikes|p1a: Umbreon
|-sidestart|p1: RULT50A Prod|Spikes
|move|p1a: Umbreon|Foul Play|p2a: Roserade
|-damage|p2a: Roserade|31/100
|
|upkeep
|turn|37
|
|t:|1625609591
|switch|p1a: Articuno|Articuno|92/100
|-ability|p1a: Articuno|Pressure
|move|p2a: Roserade|Synthesis|p2a: Roserade
|-heal|p2a: Roserade|81/100
|
|upkeep
|turn|38
|
|t:|1625609595
|move|p2a: Roserade|Sludge Bomb|p1a: Articuno
|-damage|p1a: Articuno|68/100
|move|p1a: Articuno|Freeze-Dry|p2a: Roserade
|-supereffective|p2a: Roserade
|-damage|p2a: Roserade|26/100
|
|upkeep
|turn|39
|
|t:|1625609602
|move|p2a: Roserade|Synthesis|p2a: Roserade
|-heal|p2a: Roserade|76/100
|move|p1a: Articuno|Defog|p2a: Roserade
|-unboost|p2a: Roserade|evasion|1
|-sideend|p1: RULT50A Prod|Spikes|[from] move: Defog|[of] p1a: Articuno
|
|upkeep
|turn|40
|
|t:|1625609607
|switch|p2a: Registeel|Registeel|99/100
|move|p1a: Articuno|Roost|p1a: Articuno
|-heal|p1a: Articuno|100/100
|-singleturn|p1a: Articuno|move: Roost
|
|-heal|p2a: Registeel|100/100|[from] item: Leftovers
|upkeep
|turn|41
|
|t:|1625609610
|move|p1a: Articuno|Freeze-Dry|p2a: Registeel
|-resisted|p2a: Registeel
|-damage|p2a: Registeel|94/100
|-status|p2a: Registeel|frz
|cant|p2a: Registeel|frz
|
|-heal|p2a: Registeel|99/100 frz|[from] item: Leftovers
|upkeep
|turn|42
|
|t:|1625609614
|switch|p1a: Tangela|Tangela, F|100/100
|cant|p2a: Registeel|frz
|
|-heal|p2a: Registeel|100/100 frz|[from] item: Leftovers
|upkeep
|turn|43
|
|t:|1625609618
|switch|p2a: Xatu|Xatu, M|100/100
|move|p1a: Tangela|Knock Off|p2a: Xatu
|-supereffective|p2a: Xatu
|-damage|p2a: Xatu|83/100
|
|upkeep
|turn|44
|
|t:|1625609622
|switch|p1a: Articuno|Articuno|100/100
|-ability|p1a: Articuno|Pressure
|move|p2a: Xatu|Teleport|p2a: Xatu
|
|t:|1625609624
|switch|p2a: Registeel|Registeel|100/100 frz|[from]move: Teleport
|
|upkeep
|turn|45
|
|t:|1625609629
|switch|p1a: Tangela|Tangela, F|100/100
|-curestatus|p2a: Registeel|frz|[msg]
|move|p2a: Registeel|Stealth Rock|p1a: Tangela
|-sidestart|p1: RULT50A Prod|move: Stealth Rock
|
|upkeep
|turn|46
|
|t:|1625609634
|switch|p1a: Articuno|Articuno|100/100
|-ability|p1a: Articuno|Pressure
|switch|p2a: Xatu|Xatu, M|83/100
|
|upkeep
|turn|47
|
|t:|1625609637
|switch|p2a: Registeel|Registeel|100/100
|move|p1a: Articuno|Defog|p2a: Registeel
|-fail|p2a: Registeel|unboost|[from] ability: Clear Body|[of] p2a: Registeel
|-sideend|p1: RULT50A Prod|Stealth Rock|[from] move: Defog|[of] p1a: Articuno
|
|upkeep
|turn|48
|
|t:|1625609648
|move|p1a: Articuno|Freeze-Dry|p2a: Registeel
|-resisted|p2a: Registeel
|-damage|p2a: Registeel|95/100
|move|p2a: Registeel|Stealth Rock|p1a: Articuno
|-sidestart|p1: RULT50A Prod|move: Stealth Rock
|
|-heal|p2a: Registeel|100/100|[from] item: Leftovers
|upkeep
|turn|49
|
|t:|1625609653
|switch|p2a: Umbreon|Umbreon, M|100/100
|move|p1a: Articuno|Defog|p2a: Umbreon
|-unboost|p2a: Umbreon|evasion|1
|-sideend|p1: RULT50A Prod|Stealth Rock|[from] move: Defog|[of] p1a: Articuno
|
|upkeep
|turn|50
|
|t:|1625609665
|switch|p1a: Tangela|Tangela, F|100/100
|move|p2a: Umbreon|Wish|p2a: Umbreon
|
|upkeep
|turn|51
|
|t:|1625609670
|switch|p2a: Xatu|Xatu, M|83/100
|move|p1a: Tangela|Knock Off|p2a: Xatu
|-supereffective|p2a: Xatu
|-damage|p2a: Xatu|66/100
|
|-heal|p2a: Xatu|100/100|[from] move: Wish|[wisher] Umbreon
|upkeep
|turn|52
|
|t:|1625609678
|move|p1a: Tangela|Knock Off|p2a: Xatu
|-supereffective|p2a: Xatu
|-damage|p2a: Xatu|82/100
|move|p2a: Xatu|Teleport|p2a: Xatu
|
|t:|1625609680
|switch|p2a: Roserade|Roserade, F|76/100|[from]move: Teleport
|
|upkeep
|turn|53
|
|t:|1625609685
|switch|p1a: Stunfisk|Stunfisk-Galar, F|100/100
|move|p2a: Roserade|Spikes|p1a: Stunfisk
|-sidestart|p1: RULT50A Prod|Spikes
|
|upkeep
|turn|54
|
|t:|1625609689
|switch|p2a: Xatu|Xatu, M|82/100
|move|p1a: Stunfisk|Snap Trap|p2a: Xatu
|-resisted|p2a: Xatu
|-damage|p2a: Xatu|79/100
|-activate|p2a: Xatu|move: Snap Trap|[of] p1a: Stunfisk
|
|-damage|p2a: Xatu|67/100|[from] move: Snap Trap|[partiallytrapped]
|upkeep
|turn|55
|
|t:|1625609694
|move|p2a: Xatu|Roost|p2a: Xatu
|-heal|p2a: Xatu|100/100
|-singleturn|p2a: Xatu|move: Roost
|move|p1a: Stunfisk|Earthquake|p2a: Xatu
|-damage|p2a: Xatu|71/100
|
|-damage|p2a: Xatu|59/100|[from] move: Snap Trap|[partiallytrapped]
|upkeep
|turn|56
|
|t:|1625609698
|switch|p1a: Articuno|Articuno|100/100
|-ability|p1a: Articuno|Pressure
|move|p2a: Xatu|Heat Wave|p1a: Articuno
|-supereffective|p1a: Articuno
|-damage|p1a: Articuno|77/100
|
|-end|p2a: Xatu|Snap Trap|[partiallytrapped]|[silent]
|upkeep
|turn|57
|
|t:|1625609707
|switch|p2a: Registeel|Registeel|100/100
|move|p1a: Articuno|Defog|p2a: Registeel
|-fail|p2a: Registeel|unboost|[from] ability: Clear Body|[of] p2a: Registeel
|-sideend|p1: RULT50A Prod|Spikes|[from] move: Defog|[of] p1a: Articuno
|
|upkeep
|turn|58
|
|t:|1625609710
|move|p1a: Articuno|Freeze-Dry|p2a: Registeel
|-resisted|p2a: Registeel
|-damage|p2a: Registeel|95/100
|move|p2a: Registeel|Stealth Rock|p1a: Articuno
|-sidestart|p1: RULT50A Prod|move: Stealth Rock
|
|-heal|p2a: Registeel|100/100|[from] item: Leftovers
|upkeep
|turn|59
|
|t:|1625609714
|move|p1a: Articuno|Defog|p2a: Registeel
|-fail|p2a: Registeel|unboost|[from] ability: Clear Body|[of] p2a: Registeel
|-sideend|p1: RULT50A Prod|Stealth Rock|[from] move: Defog|[of] p1a: Articuno
|move|p2a: Registeel|Heavy Slam|p1a: Articuno
|-supereffective|p1a: Articuno
|-damage|p1a: Articuno|44/100
|
|upkeep
|turn|60
|
|t:|1625609717
|switch|p2a: Umbreon|Umbreon, M|100/100
|move|p1a: Articuno|Roost|p1a: Articuno
|-heal|p1a: Articuno|94/100
|-singleturn|p1a: Articuno|move: Roost
|
|upkeep
|turn|61
|
|t:|1625609724
|switch|p1a: Stunfisk|Stunfisk-Galar, F|100/100
|switch|p2a: Registeel|Registeel|100/100
|
|upkeep
|turn|62
|
|t:|1625609729
|switch|p2a: Xatu|Xatu, M|59/100
|move|p1a: Stunfisk|Earthquake|p2a: Xatu
|-immune|p2a: Xatu
|
|upkeep
|turn|63
|
|t:|1625609733
|switch|p1a: Articuno|Articuno|94/100
|-ability|p1a: Articuno|Pressure
|move|p2a: Xatu|Heat Wave|p1a: Articuno
|-supereffective|p1a: Articuno
|-damage|p1a: Articuno|69/100
|
|upkeep
|turn|64
|
|t:|1625609740
|switch|p2a: Registeel|Registeel|100/100
|move|p1a: Articuno|Freeze-Dry|p2a: Registeel
|-resisted|p2a: Registeel
|-damage|p2a: Registeel|95/100
|
|-heal|p2a: Registeel|100/100|[from] item: Leftovers
|upkeep
|turn|65
|
|t:|1625609744
|move|p1a: Articuno|Freeze-Dry|p2a: Registeel
|-resisted|p2a: Registeel
|-damage|p2a: Registeel|95/100
|move|p2a: Registeel|Stealth Rock|p1a: Articuno
|-sidestart|p1: RULT50A Prod|move: Stealth Rock
|
|-heal|p2a: Registeel|100/100|[from] item: Leftovers
|upkeep
|turn|66
|
|t:|1625609747
|switch|p2a: Umbreon|Umbreon, M|100/100
|move|p1a: Articuno|Defog|p2a: Umbreon
|-unboost|p2a: Umbreon|evasion|1
|-sideend|p1: RULT50A Prod|Stealth Rock|[from] move: Defog|[of] p1a: Articuno
|
|upkeep
|turn|67
|
|t:|1625609753
|move|p1a: Articuno|Roost|p1a: Articuno
|-heal|p1a: Articuno|100/100
|-singleturn|p1a: Articuno|move: Roost
|move|p2a: Umbreon|Foul Play|p1a: Articuno
|-damage|p1a: Articuno|79/100
|
|upkeep
|turn|68
|
|t:|1625609764
|switch|p1a: Tangela|Tangela, F|100/100
|switch|p2a: Registeel|Registeel|100/100
|
|upkeep
|turn|69
|
|t:|1625609770
|switch|p2a: Xatu|Xatu, M|59/100
|move|p1a: Tangela|Infestation|p2a: Xatu
|-damage|p2a: Xatu|52/100
|-activate|p2a: Xatu|move: Infestation|[of] p1a: Tangela
|
|-damage|p2a: Xatu|40/100|[from] move: Infestation|[partiallytrapped]
|upkeep
|turn|70
|
|t:|1625609780
|move|p2a: Xatu|Roost|p2a: Xatu
|-heal|p2a: Xatu|90/100
|-singleturn|p2a: Xatu|move: Roost
|move|p1a: Tangela|Knock Off|p2a: Xatu
|-supereffective|p2a: Xatu
|-damage|p2a: Xatu|73/100
|
|-damage|p2a: Xatu|60/100|[from] move: Infestation|[partiallytrapped]
|upkeep
|turn|71
|
|t:|1625609790
|move|p1a: Tangela|Leaf Storm|p2a: Xatu
|-resisted|p2a: Xatu
|-damage|p2a: Xatu|29/100
|-unboost|p1a: Tangela|spa|2
|move|p2a: Xatu|Teleport|p2a: Xatu
|l| Friedolin
|
|t:|1625609795
|switch|p2a: Registeel|Registeel|100/100|[from]move: Teleport
|
|upkeep
|turn|72
|
|t:|1625609799
|switch|p2a: Xatu|Xatu, M|29/100
|move|p1a: Tangela|Knock Off|p2a: Xatu
|-supereffective|p2a: Xatu
|-damage|p2a: Xatu|12/100
|
|upkeep
|turn|73
|
|t:|1625609803
|move|p2a: Xatu|Roost|p2a: Xatu
|-heal|p2a: Xatu|62/100
|-singleturn|p2a: Xatu|move: Roost
|move|p1a: Tangela|Infestation|p2a: Xatu
|-supereffective|p2a: Xatu
|-damage|p2a: Xatu|55/100
|-activate|p2a: Xatu|move: Infestation|[of] p1a: Tangela
|
|-damage|p2a: Xatu|42/100|[from] move: Infestation|[partiallytrapped]
|upkeep
|turn|74
|
|t:|1625609812
|move|p2a: Xatu|Roost|p2a: Xatu
|-heal|p2a: Xatu|92/100
|-singleturn|p2a: Xatu|move: Roost
|move|p1a: Tangela|Knock Off|p2a: Xatu
|-supereffective|p2a: Xatu
|-damage|p2a: Xatu|75/100
|
|-damage|p2a: Xatu|63/100|[from] move: Infestation|[partiallytrapped]
|upkeep
|turn|75
|
|t:|1625609817
|switch|p1a: Umbreon|Umbreon, M|100/100
|move|p2a: Xatu|Heat Wave|p1a: Umbreon
|-damage|p1a: Umbreon|90/100
|
|-heal|p1a: Umbreon|96/100|[from] item: Leftovers
|-end|p2a: Xatu|Infestation|[partiallytrapped]|[silent]
|upkeep
|turn|76
|
|t:|1625609820
|switch|p2a: Registeel|Registeel|100/100
|move|p1a: Umbreon|Wish|p1a: Umbreon
|
|-heal|p1a: Umbreon|100/100|[from] item: Leftovers
|upkeep
|turn|77
|j| Togkey
|
|t:|1625609832
|switch|p1a: Articuno|Articuno|79/100
|-ability|p1a: Articuno|Pressure
|move|p2a: Registeel|Heavy Slam|p1a: Articuno
|-supereffective|p1a: Articuno
|-damage|p1a: Articuno|43/100
|
|-heal|p1a: Articuno|94/100|[from] move: Wish|[wisher] Umbreon
|upkeep
|turn|78
|
|t:|1625609848
|move|p1a: Articuno|Freeze-Dry|p2a: Registeel
|-resisted|p2a: Registeel
|-damage|p2a: Registeel|95/100
|move|p2a: Registeel|Stealth Rock|p1a: Articuno
|-sidestart|p1: RULT50A Prod|move: Stealth Rock
|
|-heal|p2a: Registeel|100/100|[from] item: Leftovers
|upkeep
|turn|79
|
|t:|1625609853
|switch|p2a: Umbreon|Umbreon, M|100/100
|move|p1a: Articuno|Defog|p2a: Umbreon
|-unboost|p2a: Umbreon|evasion|1
|-sideend|p1: RULT50A Prod|Stealth Rock|[from] move: Defog|[of] p1a: Articuno
|
|upkeep
|turn|80
|
|t:|1625609861
|switch|p1a: Tangela|Tangela, F|100/100
|switch|p2a: Registeel|Registeel|100/100
|
|upkeep
|turn|81
|
|t:|1625609865
|switch|p2a: Roserade|Roserade, F|76/100
|move|p1a: Tangela|Infestation|p2a: Roserade
|-damage|p2a: Roserade|69/100
|-activate|p2a: Roserade|move: Infestation|[of] p1a: Tangela
|
|-damage|p2a: Roserade|57/100|[from] move: Infestation|[partiallytrapped]
|upkeep
|turn|82
|
|t:|1625609872
|switch|p1a: Ditto|Ditto|100/100
|-transform|p1a: Ditto|p2a: Roserade|[from] ability: Imposter
|move|p2a: Roserade|Synthesis|p2a: Roserade
|-heal|p2a: Roserade|100/100
|
|-end|p2a: Roserade|Infestation|[partiallytrapped]|[silent]
|upkeep
|turn|83
|
|t:|1625609881
|switch|p2a: Registeel|Registeel|100/100
|move|p1a: Ditto|Spikes|p2a: Registeel
|-sidestart|p2: rult50m dani|Spikes
|
|upkeep
|turn|84
|
|t:|1625609884
|switch|p1a: Articuno|Articuno|94/100
|-ability|p1a: Articuno|Pressure
|switch|p2a: Togekiss|Togekiss, F|94/100
|
|upkeep
|turn|85
|
|t:|1625609889
|move|p2a: Togekiss|Defog|p1a: Articuno
|-unboost|p1a: Articuno|evasion|1
|-sideend|p2: rult50m dani|Spikes|[from] move: Defog|[of] p2a: Togekiss
|move|p1a: Articuno|Freeze-Dry|p2a: Togekiss
|-supereffective|p2a: Togekiss
|-damage|p2a: Togekiss|57/100
|
|upkeep
|turn|86
|
|t:|1625609897
|switch|p1a: Umbreon|Umbreon, M|100/100
|move|p2a: Togekiss|Roost|p2a: Togekiss
|-heal|p2a: Togekiss|100/100
|-singleturn|p2a: Togekiss|move: Roost
|
|upkeep
|turn|87
|
|t:|1625609905
|switch|p2a: Registeel|Registeel|100/100
|move|p1a: Umbreon|Toxic|p2a: Registeel
|-immune|p2a: Registeel
|
|upkeep
|turn|88
|
|t:|1625609909
|switch|p1a: Articuno|Articuno|94/100
|-ability|p1a: Articuno|Pressure
|move|p2a: Registeel|Stealth Rock|p1a: Articuno
|-sidestart|p1: RULT50A Prod|move: Stealth Rock
|
|upkeep
|turn|89
|
|t:|1625609913
|switch|p2a: Umbreon|Umbreon, M|100/100
|move|p1a: Articuno|Defog|p2a: Umbreon
|-unboost|p2a: Umbreon|evasion|1
|-sideend|p1: RULT50A Prod|Stealth Rock|[from] move: Defog|[of] p1a: Articuno
|
|upkeep
|turn|90
|
|t:|1625609917
|switch|p1a: Tangela|Tangela, F|100/100
|switch|p2a: Xatu|Xatu, M|63/100
|
|upkeep
|turn|91
|
|t:|1625609922
|switch|p2a: Roserade|Roserade, F|100/100
|move|p1a: Tangela|Infestation|p2a: Roserade
|-damage|p2a: Roserade|94/100
|-activate|p2a: Roserade|move: Infestation|[of] p1a: Tangela
|
|-damage|p2a: Roserade|82/100|[from] move: Infestation|[partiallytrapped]
|upkeep
|turn|92
|
|t:|1625609928
|switch|p1a: Ditto|Ditto|100/100
|-transform|p1a: Ditto|p2a: Roserade|[from] ability: Imposter
|move|p2a: Roserade|Spikes|p1a: Ditto
|-sidestart|p1: RULT50A Prod|Spikes
|
|-end|p2a: Roserade|Infestation|[partiallytrapped]|[silent]
|upkeep
|turn|93
|
|t:|1625609938
|move|p1a: Ditto|Spikes|p2a: Roserade
|-sidestart|p2: rult50m dani|Spikes
|move|p2a: Roserade|Spikes|p1a: Ditto
|-sidestart|p1: RULT50A Prod|Spikes
|
|upkeep
|turn|94
|
|t:|1625609944
|switch|p1a: Articuno|Articuno|94/100
|-ability|p1a: Articuno|Pressure
|move|p2a: Roserade|Spikes|p1a: Articuno
|-sidestart|p1: RULT50A Prod|Spikes
|
|upkeep
|turn|95
|
|t:|1625609948
|move|p2a: Roserade|Sludge Bomb|p1a: Articuno
|-damage|p1a: Articuno|70/100
|move|p1a: Articuno|Freeze-Dry|p2a: Roserade
|-supereffective|p2a: Roserade
|-damage|p2a: Roserade|23/100
|
|upkeep
|turn|96
|
|t:|1625609953
|move|p2a: Roserade|Synthesis|p2a: Roserade
|-heal|p2a: Roserade|73/100
|move|p1a: Articuno|Freeze-Dry|p2a: Roserade
|-supereffective|p2a: Roserade
|-damage|p2a: Roserade|16/100
|
|upkeep
|turn|97
|
|t:|1625609957
|switch|p2a: Togekiss|Togekiss, F|100/100
|move|p1a: Articuno|Freeze-Dry|p2a: Togekiss
|-supereffective|p2a: Togekiss
|-damage|p2a: Togekiss|61/100
|
|upkeep
|turn|98
|
|t:|1625609964
|move|p1a: Articuno|Defog|p2a: Togekiss
|-unboost|p2a: Togekiss|evasion|1
|-sideend|p2: rult50m dani|Spikes|[from] move: Defog|[of] p1a: Articuno
|-sideend|p1: RULT50A Prod|Spikes|[from] move: Defog|[of] p1a: Articuno
|move|p2a: Togekiss|Defog|p1a: Articuno
|-unboost|p1a: Articuno|evasion|1
|
|upkeep
|turn|99
|
|t:|1625609973
|move|p1a: Articuno|Freeze-Dry|p2a: Togekiss
|-supereffective|p2a: Togekiss
|-damage|p2a: Togekiss|26/100
|move|p2a: Togekiss|Roost|p2a: Togekiss
|-heal|p2a: Togekiss|76/100
|-singleturn|p2a: Togekiss|move: Roost
|
|upkeep
|turn|100
|
|t:|1625609984
|switch|p1a: Stunfisk|Stunfisk-Galar, F|100/100
|switch|p2a: Registeel|Registeel|100/100
|
|upkeep
|turn|101
|
|t:|1625609989
|switch|p2a: Xatu|Xatu, M|63/100
|move|p1a: Stunfisk|Snap Trap|p2a: Xatu
|-resisted|p2a: Xatu
|-damage|p2a: Xatu|59/100
|-activate|p2a: Xatu|move: Snap Trap|[of] p1a: Stunfisk
|
|-damage|p2a: Xatu|47/100|[from] move: Snap Trap|[partiallytrapped]
|upkeep
|turn|102
|
|t:|1625609995
|move|p2a: Xatu|Heat Wave|p1a: Stunfisk
|-supereffective|p1a: Stunfisk
|-damage|p1a: Stunfisk|75/100
|move|p1a: Stunfisk|Earthquake|p2a: Xatu
|-immune|p2a: Xatu
|
|-heal|p1a: Stunfisk|81/100|[from] item: Leftovers
|-damage|p2a: Xatu|34/100|[from] move: Snap Trap|[partiallytrapped]
|upkeep
|turn|103
|
|t:|1625609998
|move|p2a: Xatu|Roost|p2a: Xatu
|-heal|p2a: Xatu|85/100
|-singleturn|p2a: Xatu|move: Roost
|move|p1a: Stunfisk|Earthquake|p2a: Xatu
|-damage|p2a: Xatu|57/100
|
|-heal|p1a: Stunfisk|87/100|[from] item: Leftovers
|-damage|p2a: Xatu|45/100|[from] move: Snap Trap|[partiallytrapped]
|upkeep
|turn|104
|
|t:|1625610002
|move|p2a: Xatu|Heat Wave|p1a: Stunfisk
|-supereffective|p1a: Stunfisk
|-damage|p1a: Stunfisk|58/100
|move|p1a: Stunfisk|Earthquake|p2a: Xatu
|-immune|p2a: Xatu
|
|-heal|p1a: Stunfisk|64/100|[from] item: Leftovers
|-damage|p2a: Xatu|33/100|[from] move: Snap Trap|[partiallytrapped]
|upkeep
|turn|105
|
|t:|1625610006
|move|p2a: Xatu|Roost|p2a: Xatu
|-heal|p2a: Xatu|83/100
|-singleturn|p2a: Xatu|move: Roost
|move|p1a: Stunfisk|Earthquake|p2a: Xatu
|-damage|p2a: Xatu|55/100
|
|-heal|p1a: Stunfisk|71/100|[from] item: Leftovers
|-end|p2a: Xatu|Snap Trap|[partiallytrapped]
|upkeep
|turn|106
|
|t:|1625610011
|switch|p1a: Umbreon|Umbreon, M|100/100
|move|p2a: Xatu|Teleport|p2a: Xatu
|
|t:|1625610013
|switch|p2a: Roserade|Roserade, F|16/100|[from]move: Teleport
|
|upkeep
|turn|107
|
|t:|1625610016
|move|p2a: Roserade|Synthesis|p2a: Roserade
|-heal|p2a: Roserade|66/100
|move|p1a: Umbreon|Foul Play|p2a: Roserade
|-crit|p2a: Roserade
|-damage|p2a: Roserade|17/100
|
|upkeep
|turn|108
|
|t:|1625610022
|move|p2a: Roserade|Synthesis|p2a: Roserade
|-heal|p2a: Roserade|67/100
|move|p1a: Umbreon|Foul Play|p2a: Roserade
|-damage|p2a: Roserade|31/100
|
|upkeep
|turn|109
|
|t:|1625610025
|move|p2a: Roserade|Synthesis|p2a: Roserade
|-heal|p2a: Roserade|81/100
|move|p1a: Umbreon|Toxic|p2a: Roserade
|-immune|p2a: Roserade
|
|upkeep
|turn|110
|
|t:|1625610029
|switch|p2a: Registeel|Registeel|100/100
|move|p1a: Umbreon|Foul Play|p2a: Registeel
|-damage|p2a: Registeel|86/100
|
|-heal|p2a: Registeel|93/100|[from] item: Leftovers
|upkeep
|turn|111
|
|t:|1625610031
|switch|p1a: Articuno|Articuno|70/100
|-ability|p1a: Articuno|Pressure
|move|p2a: Registeel|Stealth Rock|p1a: Articuno
|-sidestart|p1: RULT50A Prod|move: Stealth Rock
|
|-heal|p2a: Registeel|99/100|[from] item: Leftovers
|upkeep
|turn|112
|
|t:|1625610034
|move|p1a: Articuno|Defog|p2a: Registeel
|-fail|p2a: Registeel|unboost|[from] ability: Clear Body|[of] p2a: Registeel
|-sideend|p1: RULT50A Prod|Stealth Rock|[from] move: Defog|[of] p1a: Articuno
|move|p2a: Registeel|Toxic|p1a: Articuno
|-status|p1a: Articuno|tox
|
|-heal|p2a: Registeel|100/100|[from] item: Leftovers
|-damage|p1a: Articuno|64/100 tox|[from] psn
|upkeep
|turn|113
|
|t:|1625610036
|move|p1a: Articuno|Heal Bell|p1a: Articuno
|-activate|p1a: Articuno|move: Heal Bell
|-curestatus|p1a: Articuno|tox|[msg]
|move|p2a: Registeel|Stealth Rock|p1a: Articuno
|-sidestart|p1: RULT50A Prod|move: Stealth Rock
|
|upkeep
|turn|114
|
|t:|1625610039
|move|p1a: Articuno|Defog|p2a: Registeel
|-fail|p2a: Registeel|unboost|[from] ability: Clear Body|[of] p2a: Registeel
|-sideend|p1: RULT50A Prod|Stealth Rock|[from] move: Defog|[of] p1a: Articuno
|move|p2a: Registeel|Toxic|p1a: Articuno
|-status|p1a: Articuno|tox
|
|-damage|p1a: Articuno|58/100 tox|[from] psn
|upkeep
|turn|115
|
|t:|1625610042
|move|p1a: Articuno|Roost|p1a: Articuno
|-heal|p1a: Articuno|100/100 tox
|-singleturn|p1a: Articuno|move: Roost
|move|p2a: Registeel|Stealth Rock|p1a: Articuno
|-sidestart|p1: RULT50A Prod|move: Stealth Rock
|
|-damage|p1a: Articuno|88/100 tox|[from] psn
|upkeep
|turn|116
|
|t:|1625610047
|move|p1a: Articuno|Defog|p2a: Registeel
|-fail|p2a: Registeel|unboost|[from] ability: Clear Body|[of] p2a: Registeel
|-sideend|p1: RULT50A Prod|Stealth Rock|[from] move: Defog|[of] p1a: Articuno
|move|p2a: Registeel|Seismic Toss|p1a: Articuno
|-damage|p1a: Articuno|62/100 tox
|
|-damage|p1a: Articuno|44/100 tox|[from] psn
|upkeep
|turn|117
|
|t:|1625610051
|move|p1a: Articuno|Heal Bell|p1a: Articuno
|-activate|p1a: Articuno|move: Heal Bell
|-curestatus|p1a: Articuno|tox|[msg]
|move|p2a: Registeel|Stealth Rock|p1a: Articuno
|-sidestart|p1: RULT50A Prod|move: Stealth Rock
|
|upkeep
|turn|118
|
|t:|1625610055
|move|p1a: Articuno|Roost|p1a: Articuno
|-heal|p1a: Articuno|94/100
|-singleturn|p1a: Articuno|move: Roost
|move|p2a: Registeel|Toxic|p1a: Articuno
|-status|p1a: Articuno|tox
|
|-damage|p1a: Articuno|88/100 tox|[from] psn
|upkeep
|turn|119
|
|t:|1625610058
|move|p1a: Articuno|Heal Bell|p1a: Articuno
|-activate|p1a: Articuno|move: Heal Bell
|-curestatus|p1a: Articuno|tox|[msg]
|move|p2a: Registeel|Seismic Toss|p1a: Articuno
|-damage|p1a: Articuno|62/100
|
|upkeep
|turn|120
|
|t:|1625610060
|move|p1a: Articuno|Defog|p2a: Registeel
|-fail|p2a: Registeel|unboost|[from] ability: Clear Body|[of] p2a: Registeel
|-sideend|p1: RULT50A Prod|Stealth Rock|[from] move: Defog|[of] p1a: Articuno
|move|p2a: Registeel|Seismic Toss|p1a: Articuno
|-damage|p1a: Articuno|36/100
|
|upkeep
|turn|121
|
|t:|1625610063
|move|p1a: Articuno|Roost|p1a: Articuno
|-heal|p1a: Articuno|86/100
|-singleturn|p1a: Articuno|move: Roost
|move|p2a: Registeel|Seismic Toss|p1a: Articuno
|-damage|p1a: Articuno|60/100
|
|upkeep
|turn|122
|
|t:|1625610068
|switch|p1a: Tangela|Tangela, F|100/100
|move|p2a: Registeel|Stealth Rock|p1a: Tangela
|-sidestart|p1: RULT50A Prod|move: Stealth Rock
|
|upkeep
|turn|123
|
|t:|1625610071
|switch|p2a: Roserade|Roserade, F|81/100
|move|p1a: Tangela|Infestation|p2a: Roserade
|-damage|p2a: Roserade|75/100
|-activate|p2a: Roserade|move: Infestation|[of] p1a: Tangela
|
|-damage|p2a: Roserade|63/100|[from] move: Infestation|[partiallytrapped]
|upkeep
|turn|124
|
|t:|1625610077
|switch|p1a: Umbreon|Umbreon, M|100/100
|-damage|p1a: Umbreon|88/100|[from] Stealth Rock
|move|p2a: Roserade|Sludge Bomb|p1a: Umbreon
|-damage|p1a: Umbreon|63/100
|-status|p1a: Umbreon|psn
|-activate|p1a: Umbreon|ability: Synchronize
|-immune|p2a: Roserade
|
|-heal|p1a: Umbreon|69/100 psn|[from] item: Leftovers
|-damage|p1a: Umbreon|56/100 psn|[from] psn
|-end|p2a: Roserade|Infestation|[partiallytrapped]|[silent]
|upkeep
|turn|125
|
|t:|1625610082
|switch|p2a: Registeel|Registeel|100/100
|move|p1a: Umbreon|Wish|p1a: Umbreon
|
|-heal|p1a: Umbreon|62/100 psn|[from] item: Leftovers
|-damage|p1a: Umbreon|50/100 psn|[from] psn
|upkeep
|turn|126
|
|t:|1625610086
|switch|p1a: Articuno|Articuno|60/100
|-ability|p1a: Articuno|Pressure
|switch|p2a: Togekiss|Togekiss, F|76/100
|
|-heal|p1a: Articuno|100/100|[from] move: Wish|[wisher] Umbreon
|upkeep
|turn|127
|
|t:|1625610090
|move|p1a: Articuno|Defog|p2a: Togekiss
|-unboost|p2a: Togekiss|evasion|1
|-sideend|p1: RULT50A Prod|Stealth Rock|[from] move: Defog|[of] p1a: Articuno
|move|p2a: Togekiss|Roost|p2a: Togekiss
|-heal|p2a: Togekiss|100/100
|-singleturn|p2a: Togekiss|move: Roost
|
|upkeep
|turn|128
|
|t:|1625610095
|switch|p2a: Registeel|Registeel|100/100
|move|p1a: Articuno|Freeze-Dry|p2a: Registeel
|-resisted|p2a: Registeel
|-damage|p2a: Registeel|94/100
|
|-heal|p2a: Registeel|100/100|[from] item: Leftovers
|upkeep
|turn|129
|
|t:|1625610101
|switch|p1a: Tangela|Tangela, F|100/100
|move|p2a: Registeel|Seismic Toss|p1a: Tangela
|-damage|p1a: Tangela|70/100
|
|upkeep
|turn|130
|
|t:|1625610109
|switch|p1a: Articuno|Articuno|100/100
|-ability|p1a: Articuno|Pressure
|switch|p2a: Togekiss|Togekiss, F|100/100
|
|upkeep
|turn|131
|
|t:|1625610119
|switch|p1a: Quagsire|Quagsire, F|100/100
|move|p2a: Togekiss|Air Slash|p1a: Quagsire
|-damage|p1a: Quagsire|63/100
|
|-heal|p1a: Quagsire|69/100|[from] item: Leftovers
|upkeep
|turn|132
|
|t:|1625610130
|switch|p1a: Articuno|Articuno|100/100
|-ability|p1a: Articuno|Pressure
|move|p2a: Togekiss|Air Slash|p1a: Articuno|[miss]
|-miss|p2a: Togekiss|p1a: Articuno
|
|upkeep
|turn|133
|
|t:|1625610135
|move|p2a: Togekiss|Nasty Plot|p2a: Togekiss
|-boost|p2a: Togekiss|spa|2
|move|p1a: Articuno|Heal Bell|p1a: Articuno
|-activate|p1a: Articuno|move: Heal Bell
|-curestatus|p1: Umbreon|psn|[msg]
|
|upkeep
|turn|134
|
|t:|1625610141
|switch|p1a: Stunfisk|Stunfisk-Galar, F|71/100
|switch|p2a: Registeel|Registeel|100/100
|
|-heal|p1a: Stunfisk|77/100|[from] item: Leftovers
|upkeep
|turn|135
|
|t:|1625610152
|switch|p2a: Xatu|Xatu, M|55/100
|move|p1a: Stunfisk|Snap Trap|p2a: Xatu
|-resisted|p2a: Xatu
|-damage|p2a: Xatu|52/100
|-activate|p2a: Xatu|move: Snap Trap|[of] p1a: Stunfisk
|
|-heal|p1a: Stunfisk|83/100|[from] item: Leftovers
|-damage|p2a: Xatu|40/100|[from] move: Snap Trap|[partiallytrapped]
|upkeep
|turn|136
|
|t:|1625610156
|switch|p1a: Umbreon|Umbreon, M|50/100
|move|p2a: Xatu|Heat Wave|p1a: Umbreon
|-damage|p1a: Umbreon|39/100
|
|-heal|p1a: Umbreon|45/100|[from] item: Leftovers
|-end|p2a: Xatu|Snap Trap|[partiallytrapped]|[silent]
|upkeep
|turn|137
|
|t:|1625610160
|move|p2a: Xatu|Roost|p2a: Xatu
|-heal|p2a: Xatu|90/100
|-singleturn|p2a: Xatu|move: Roost
|move|p1a: Umbreon|Wish|p1a: Umbreon
|
|-heal|p1a: Umbreon|51/100|[from] item: Leftovers
|upkeep
|turn|138
|
|t:|1625610164
|switch|p2a: Togekiss|Togekiss, F|100/100
|move|p1a: Umbreon|Foul Play|p2a: Togekiss
|-resisted|p2a: Togekiss
|-damage|p2a: Togekiss|96/100
|
|-heal|p1a: Umbreon|100/100|[from] move: Wish|[wisher] Umbreon
|upkeep
|turn|139
|
|t:|1625610172
|switch|p1a: Stunfisk|Stunfisk-Galar, F|83/100
|move|p2a: Togekiss|Nasty Plot|p2a: Togekiss
|-boost|p2a: Togekiss|spa|2
|
|-heal|p1a: Stunfisk|89/100|[from] item: Leftovers
|upkeep
|turn|140
|
|t:|1625610176
|move|p2a: Togekiss|Air Slash|p1a: Stunfisk
|-resisted|p1a: Stunfisk
|-damage|p1a: Stunfisk|69/100
|move|p1a: Stunfisk|Snap Trap|p2a: Togekiss
|-resisted|p2a: Togekiss
|-damage|p2a: Togekiss|93/100
|-activate|p2a: Togekiss|move: Snap Trap|[of] p1a: Stunfisk
|
|-heal|p1a: Stunfisk|75/100|[from] item: Leftovers
|-damage|p2a: Togekiss|81/100|[from] move: Snap Trap|[partiallytrapped]
|upkeep
|turn|141
|
|t:|1625610180
|move|p2a: Togekiss|Air Slash|p1a: Stunfisk
|-resisted|p1a: Stunfisk
|-damage|p1a: Stunfisk|55/100
|cant|p1a: Stunfisk|flinch
|
|-heal|p1a: Stunfisk|61/100|[from] item: Leftovers
|-damage|p2a: Togekiss|68/100|[from] move: Snap Trap|[partiallytrapped]
|upkeep
|turn|142
|
|t:|1625610183
|move|p2a: Togekiss|Air Slash|p1a: Stunfisk
|-resisted|p1a: Stunfisk
|-damage|p1a: Stunfisk|41/100
|move|p1a: Stunfisk|Stealth Rock|p2a: Togekiss
|-sidestart|p2: rult50m dani|move: Stealth Rock
|
|-heal|p1a: Stunfisk|48/100|[from] item: Leftovers
|-damage|p2a: Togekiss|56/100|[from] move: Snap Trap|[partiallytrapped]
|upkeep
|turn|143
|
|t:|1625610188
|switch|p1a: Umbreon|Umbreon, M|100/100
|move|p2a: Togekiss|Defog|p1a: Umbreon
|-unboost|p1a: Umbreon|evasion|1
|-sideend|p2: rult50m dani|Stealth Rock|[from] move: Defog|[of] p2a: Togekiss
|
|-end|p2a: Togekiss|Snap Trap|[partiallytrapped]|[silent]
|upkeep
|turn|144
|
|t:|1625610192
|move|p2a: Togekiss|Roost|p2a: Togekiss
|-heal|p2a: Togekiss|100/100
|-singleturn|p2a: Togekiss|move: Roost
|move|p1a: Umbreon|Toxic|p2a: Togekiss
|-status|p2a: Togekiss|tox
|
|-damage|p2a: Togekiss|94/100 tox|[from] psn
|upkeep
|turn|145
|
|t:|1625610195
|switch|p2a: Umbreon|Umbreon, M|100/100
|move|p1a: Umbreon|Wish|p1a: Umbreon
|
|upkeep
|turn|146
|
|t:|1625610197
|switch|p1a: Stunfisk|Stunfisk-Galar, F|48/100
|move|p2a: Umbreon|Heal Bell|p2a: Umbreon
|-activate|p2a: Umbreon|move: Heal Bell
|-curestatus|p2: Togekiss|tox|[msg]
|
|-heal|p1a: Stunfisk|94/100|[from] move: Wish|[wisher] Umbreon
|-heal|p1a: Stunfisk|99/100|[from] item: Leftovers
|upkeep
|turn|147
|
|t:|1625610204
|switch|p2a: Xatu|Xatu, M|90/100
|move|p1a: Stunfisk|Snap Trap|p2a: Xatu
|-resisted|p2a: Xatu
|-damage|p2a: Xatu|87/100
|-activate|p2a: Xatu|move: Snap Trap|[of] p1a: Stunfisk
|
|-heal|p1a: Stunfisk|100/100|[from] item: Leftovers
|-damage|p2a: Xatu|74/100|[from] move: Snap Trap|[partiallytrapped]
|upkeep
|turn|148
|
|t:|1625610213
|move|p1a: Stunfisk|Earthquake|p2a: Xatu
|-immune|p2a: Xatu
|move|p2a: Xatu|Teleport|p2a: Xatu
|
|t:|1625610218
|switch|p2a: Quagsire|Quagsire, M|100/100|[from]move: Teleport
|
|upkeep
|turn|149
|
|t:|1625610236
|switch|p1a: Umbreon|Umbreon, M|100/100
|move|p2a: Quagsire|Earthquake|p1a: Umbreon
|-damage|p1a: Umbreon|78/100
|
|-heal|p1a: Umbreon|84/100|[from] item: Leftovers
|upkeep
|turn|150
|
|t:|1625610245
|move|p1a: Umbreon|Foul Play|p2a: Quagsire
|-damage|p2a: Quagsire|80/100
|move|p2a: Quagsire|Toxic|p1a: Umbreon
|-status|p1a: Umbreon|tox
|-activate|p1a: Umbreon|ability: Synchronize
|-status|p2a: Quagsire|tox
|
|-heal|p1a: Umbreon|90/100 tox|[from] item: Leftovers
|-heal|p2a: Quagsire|87/100 tox|[from] item: Leftovers
|-damage|p1a: Umbreon|84/100 tox|[from] psn
|-damage|p2a: Quagsire|80/100 tox|[from] psn
|upkeep
|turn|151
|
|t:|1625610249
|switch|p2a: Umbreon|Umbreon, M|100/100
|move|p1a: Umbreon|Wish|p1a: Umbreon
|
|-heal|p1a: Umbreon|90/100 tox|[from] item: Leftovers
|-damage|p1a: Umbreon|78/100 tox|[from] psn
|upkeep
|turn|152
|
|t:|1625610252
|switch|p1a: Tangela|Tangela, F|100/100
|move|p2a: Umbreon|Heal Bell|p2a: Umbreon
|-activate|p2a: Umbreon|move: Heal Bell
|-curestatus|p2: Quagsire|tox|[msg]
|
|upkeep
|turn|153
|
|t:|1625610256
|switch|p2a: Togekiss|Togekiss, F|94/100
|move|p1a: Tangela|Infestation|p2a: Togekiss
|-resisted|p2a: Togekiss
|-damage|p2a: Togekiss|94/100
|-activate|p2a: Togekiss|move: Infestation|[of] p1a: Tangela
|
|-damage|p2a: Togekiss|81/100|[from] move: Infestation|[partiallytrapped]
|upkeep
|turn|154
|
|t:|1625610260
|move|p2a: Togekiss|Nasty Plot|p2a: Togekiss
|-boost|p2a: Togekiss|spa|2
|move|p1a: Tangela|Toxic|p2a: Togekiss
|-status|p2a: Togekiss|tox
|
|-damage|p2a: Togekiss|75/100 tox|[from] psn
|-damage|p2a: Togekiss|63/100 tox|[from] move: Infestation|[partiallytrapped]
|upkeep
|turn|155
|
|t:|1625610265
|switch|p1a: Stunfisk|Stunfisk-Galar, F|100/100
|move|p2a: Togekiss|Roost|p2a: Togekiss
|-heal|p2a: Togekiss|100/100 tox
|-singleturn|p2a: Togekiss|move: Roost
|
|-damage|p2a: Togekiss|88/100 tox|[from] psn
|-end|p2a: Togekiss|Infestation|[partiallytrapped]|[silent]
|upkeep
|turn|156
|
|t:|1625610269
|switch|p2a: Xatu|Xatu, M|74/100
|move|p1a: Stunfisk|Snap Trap|p2a: Xatu
|-resisted|p2a: Xatu
|-damage|p2a: Xatu|71/100
|-activate|p2a: Xatu|move: Snap Trap|[of] p1a: Stunfisk
|
|-damage|p2a: Xatu|59/100|[from] move: Snap Trap|[partiallytrapped]
|upkeep
|turn|157
|
|t:|1625610274
|move|p1a: Stunfisk|Snap Trap|p2a: Xatu
|-resisted|p2a: Xatu
|-damage|p2a: Xatu|56/100
|move|p2a: Xatu|Teleport|p2a: Xatu
|
|t:|1625610278
|switch|p2a: Quagsire|Quagsire, M|80/100|[from]move: Teleport
|
|-heal|p2a: Quagsire|87/100|[from] item: Leftovers
|upkeep
|turn|158
|
|t:|1625610286
|switch|p1a: Articuno|Articuno|100/100
|-ability|p1a: Articuno|Pressure
|move|p2a: Quagsire|Toxic|p1a: Articuno|[miss]
|-miss|p2a: Quagsire|p1a: Articuno
|
|-heal|p2a: Quagsire|93/100|[from] item: Leftovers
|upkeep
|turn|159
|
|t:|1625610293
|switch|p1a: Tangela|Tangela, F|100/100
|switch|p2a: Umbreon|Umbreon, M|100/100
|
|upkeep
|turn|160
|
|t:|1625610303
|switch|p2a: Roserade|Roserade, F|63/100
|move|p1a: Tangela|Infestation|p2a: Roserade
|-damage|p2a: Roserade|56/100
|-activate|p2a: Roserade|move: Infestation|[of] p1a: Tangela
|
|-damage|p2a: Roserade|44/100|[from] move: Infestation|[partiallytrapped]
|upkeep
|turn|161
|
|t:|1625610321
|switch|p1a: Ditto|Ditto|100/100
|-transform|p1a: Ditto|p2a: Roserade|[from] ability: Imposter
|move|p2a: Roserade|Sludge Bomb|p1a: Ditto
|-damage|p1a: Ditto|50/100
|
|-end|p2a: Roserade|Infestation|[partiallytrapped]|[silent]
|upkeep
|turn|162
|inactive|RULT50A Prod has 120 seconds left.
|
|t:|1625610344
|switch|p2a: Umbreon|Umbreon, M|100/100
|move|p1a: Ditto|Synthesis|p1a: Ditto
|-heal|p1a: Ditto|99/100
|
|upkeep
|turn|163
|
|t:|1625610348
|switch|p1a: Tangela|Tangela, F|100/100
|move|p2a: Umbreon|Heal Bell|p2a: Umbreon
|-activate|p2a: Umbreon|move: Heal Bell
|-curestatus|p2: Togekiss|tox|[msg]
|
|upkeep
|turn|164
|
|t:|1625610355
|move|p2a: Umbreon|Protect|p2a: Umbreon
|-singleturn|p2a: Umbreon|Protect
|move|p1a: Tangela|Infestation|p2a: Umbreon
|-activate|p2a: Umbreon|move: Protect
|
|upkeep
|turn|165
|
|t:|1625610359
|switch|p2a: Togekiss|Togekiss, F|88/100
|move|p1a: Tangela|Infestation|p2a: Togekiss
|-resisted|p2a: Togekiss
|-damage|p2a: Togekiss|87/100
|-activate|p2a: Togekiss|move: Infestation|[of] p1a: Tangela
|
|-damage|p2a: Togekiss|75/100|[from] move: Infestation|[partiallytrapped]
|upkeep
|turn|166
|
|t:|1625610363
|move|p2a: Togekiss|Air Slash|p1a: Tangela
|-supereffective|p1a: Tangela
|-damage|p1a: Tangela|4/100
|move|p1a: Tangela|Toxic|p2a: Togekiss
|-status|p2a: Togekiss|tox
|
|-damage|p2a: Togekiss|69/100 tox|[from] psn
|-damage|p2a: Togekiss|57/100 tox|[from] move: Infestation|[partiallytrapped]
|upkeep
|turn|167
|
|t:|1625610370
|switch|p1a: Stunfisk|Stunfisk-Galar, F|100/100
|move|p2a: Togekiss|Roost|p2a: Togekiss
|-heal|p2a: Togekiss|100/100 tox
|-singleturn|p2a: Togekiss|move: Roost
|
|-damage|p2a: Togekiss|88/100 tox|[from] psn
|-end|p2a: Togekiss|Infestation|[partiallytrapped]|[silent]
|upkeep
|turn|168
|
|t:|1625610375
|switch|p2a: Xatu|Xatu, M|56/100
|move|p1a: Stunfisk|Snap Trap|p2a: Xatu
|-resisted|p2a: Xatu
|-damage|p2a: Xatu|52/100
|-activate|p2a: Xatu|move: Snap Trap|[of] p1a: Stunfisk
|
|-damage|p2a: Xatu|40/100|[from] move: Snap Trap|[partiallytrapped]
|upkeep
|turn|169
|
|t:|1625610379
|move|p1a: Stunfisk|Snap Trap|p2a: Xatu
|-resisted|p2a: Xatu
|-damage|p2a: Xatu|37/100
|move|p2a: Xatu|Teleport|p2a: Xatu
|
|t:|1625610385
|switch|p2a: Quagsire|Quagsire, M|93/100|[from]move: Teleport
|
|-heal|p2a: Quagsire|99/100|[from] item: Leftovers
|upkeep
|turn|170
|
|t:|1625610389
|move|p1a: Stunfisk|Snap Trap|p2a: Quagsire
|-supereffective|p2a: Quagsire
|-damage|p2a: Quagsire|78/100
|-activate|p2a: Quagsire|move: Snap Trap|[of] p1a: Stunfisk
|move|p2a: Quagsire|Earthquake|p1a: Stunfisk
|-supereffective|p1a: Stunfisk
|-damage|p1a: Stunfisk|49/100
|
|-heal|p1a: Stunfisk|55/100|[from] item: Leftovers
|-heal|p2a: Quagsire|85/100|[from] item: Leftovers
|-damage|p2a: Quagsire|72/100|[from] move: Snap Trap|[partiallytrapped]
|upkeep
|turn|171
|
|t:|1625610396
|move|p1a: Stunfisk|Stealth Rock|p2a: Quagsire
|-sidestart|p2: rult50m dani|move: Stealth Rock
|move|p2a: Quagsire|Recover|p2a: Quagsire
|-heal|p2a: Quagsire|100/100
|
|-heal|p1a: Stunfisk|61/100|[from] item: Leftovers
|-damage|p2a: Quagsire|88/100|[from] move: Snap Trap|[partiallytrapped]
|upkeep
|turn|172
|
|t:|1625610401
|move|p2a: Quagsire|Earthquake|p1a: Stunfisk
|-supereffective|p1a: Stunfisk
|-damage|p1a: Stunfisk|10/100
|move|p1a: Stunfisk|Counter|p2a: Quagsire
|-damage|p2a: Quagsire|0 fnt
|faint|p2a: Quagsire
|
|-heal|p1a: Stunfisk|16/100|[from] item: Leftovers
|upkeep
|
|t:|1625610414
|switch|p2a: Registeel|Registeel|100/100
|-damage|p2a: Registeel|94/100|[from] Stealth Rock
|turn|173
|
|t:|1625610421
|switch|p1a: Articuno|Articuno|100/100
|-ability|p1a: Articuno|Pressure
|move|p2a: Registeel|Stealth Rock|p1a: Articuno
|-sidestart|p1: RULT50A Prod|move: Stealth Rock
|
|-heal|p2a: Registeel|100/100|[from] item: Leftovers
|upkeep
|turn|174
|
|t:|1625610426
|switch|p2a: Umbreon|Umbreon, M|100/100
|-damage|p2a: Umbreon|88/100|[from] Stealth Rock
|move|p1a: Articuno|Freeze-Dry|p2a: Umbreon
|-damage|p2a: Umbreon|76/100
|
|-heal|p2a: Umbreon|82/100|[from] item: Leftovers
|upkeep
|turn|175
|
|t:|1625610429
|switch|p1a: Tangela|Tangela, F|38/100
|-damage|p1a: Tangela|25/100|[from] Stealth Rock
|move|p2a: Umbreon|Heal Bell|p2a: Umbreon
|-activate|p2a: Umbreon|move: Heal Bell
|-curestatus|p2: Togekiss|tox|[msg]
|
|-heal|p2a: Umbreon|88/100|[from] item: Leftovers
|upkeep
|turn|176
|
|t:|1625610435
|move|p2a: Umbreon|Foul Play|p1a: Tangela
|-damage|p1a: Tangela|17/100
|move|p1a: Tangela|Knock Off|p2a: Umbreon
|-resisted|p2a: Umbreon
|-damage|p2a: Umbreon|82/100
|-enditem|p2a: Umbreon|Leftovers|[from] move: Knock Off|[of] p1a: Tangela
|
|upkeep
|turn|177
|
|t:|1625610442
|switch|p1a: Ditto|Ditto|99/100
|-damage|p1a: Ditto|87/100|[from] Stealth Rock
|-transform|p1a: Ditto|p2a: Umbreon|[from] ability: Imposter
|move|p2a: Umbreon|Wish|p2a: Umbreon
|
|upkeep
|turn|178
|
|t:|1625610448
|switch|p2a: Togekiss|Togekiss, F|88/100
|move|p1a: Ditto|Heal Bell|p1a: Ditto
|-activate|p1a: Ditto|move: Heal Bell
|-curestatus|p1: Umbreon|tox|[msg]
|
|-heal|p2a: Togekiss|100/100|[from] move: Wish|[wisher] Umbreon
|upkeep
|turn|179
|
|t:|1625610455
|switch|p1a: Umbreon|Umbreon, M|78/100
|-damage|p1a: Umbreon|65/100|[from] Stealth Rock
|move|p2a: Togekiss|Nasty Plot|p2a: Togekiss
|-boost|p2a: Togekiss|spa|2
|
|-heal|p1a: Umbreon|71/100|[from] item: Leftovers
|upkeep
|turn|180
|
|t:|1625610457
|move|p1a: Umbreon|Protect|p1a: Umbreon
|-singleturn|p1a: Umbreon|Protect
|move|p2a: Togekiss|Air Slash|p1a: Umbreon
|-activate|p1a: Umbreon|move: Protect
|
|-heal|p1a: Umbreon|77/100|[from] item: Leftovers
|upkeep
|turn|181
|
|t:|1625610461
|move|p2a: Togekiss|Air Slash|p1a: Umbreon
|-damage|p1a: Umbreon|44/100
|cant|p1a: Umbreon|flinch
|
|-heal|p1a: Umbreon|50/100|[from] item: Leftovers
|upkeep
|turn|182
|
|t:|1625610465
|switch|p1a: Articuno|Articuno|100/100
|-ability|p1a: Articuno|Pressure
|move|p2a: Togekiss|Air Slash|p1a: Articuno
|-damage|p1a: Articuno|67/100
|
|upkeep
|turn|183
|
|t:|1625610470
|move|p1a: Articuno|Roost|p1a: Articuno
|-heal|p1a: Articuno|100/100
|-singleturn|p1a: Articuno|move: Roost
|move|p2a: Togekiss|Nasty Plot|p2a: Togekiss
|-boost|p2a: Togekiss|spa|2
|
|upkeep
|turn|184
|
|t:|1625610476
|move|p1a: Articuno|Freeze-Dry|p2a: Togekiss
|-supereffective|p2a: Togekiss
|-damage|p2a: Togekiss|61/100
|move|p2a: Togekiss|Air Slash|p1a: Articuno
|-damage|p1a: Articuno|48/100
|
|upkeep
|turn|185
|
|t:|1625610485
|switch|p1a: Stunfisk|Stunfisk-Galar, F|16/100
|-damage|p1a: Stunfisk|13/100|[from] Stealth Rock
|move|p2a: Togekiss|Roost|p2a: Togekiss
|-heal|p2a: Togekiss|100/100
|-singleturn|p2a: Togekiss|move: Roost
|
|-heal|p1a: Stunfisk|19/100|[from] item: Leftovers
|upkeep
|turn|186
|
|t:|1625610489
|move|p2a: Togekiss|Air Slash|p1a: Stunfisk
|-resisted|p1a: Stunfisk
|-damage|p1a: Stunfisk|0 fnt
|faint|p1a: Stunfisk
|
|upkeep
|
|t:|1625610492
|switch|p1a: Ditto|Ditto|87/100
|-damage|p1a: Ditto|75/100|[from] Stealth Rock
|-transform|p1a: Ditto|p2a: Togekiss|[from] ability: Imposter
|turn|187
|
|t:|1625610495
|switch|p2a: Registeel|Registeel|100/100
|-damage|p2a: Registeel|94/100|[from] Stealth Rock
|move|p1a: Ditto|Air Slash|p2a: Registeel
|-resisted|p2a: Registeel
|-damage|p2a: Registeel|72/100
|
|-heal|p2a: Registeel|78/100|[from] item: Leftovers
|upkeep
|turn|188
|
|t:|1625610500
|switch|p1a: Articuno|Articuno|48/100
|-ability|p1a: Articuno|Pressure
|move|p2a: Registeel|Heavy Slam|p1a: Articuno
|-supereffective|p1a: Articuno
|-damage|p1a: Articuno|16/100
|
|-heal|p2a: Registeel|84/100|[from] item: Leftovers
|upkeep
|turn|189
|
|t:|1625610508
|switch|p2a: Togekiss|Togekiss, F|100/100
|move|p1a: Articuno|Roost|p1a: Articuno
|-heal|p1a: Articuno|67/100
|-singleturn|p1a: Articuno|move: Roost
|
|upkeep
|turn|190
|
|t:|1625610512
|move|p2a: Togekiss|Nasty Plot|p2a: Togekiss
|-boost|p2a: Togekiss|spa|2
|move|p1a: Articuno|Freeze-Dry|p2a: Togekiss
|-supereffective|p2a: Togekiss
|-damage|p2a: Togekiss|64/100
|
|upkeep
|turn|191
|
|t:|1625610516
|move|p2a: Togekiss|Air Slash|p1a: Articuno
|-damage|p1a: Articuno|34/100
|cant|p1a: Articuno|flinch
|
|upkeep
|turn|192
|
|t:|1625610520
|move|p2a: Togekiss|Air Slash|p1a: Articuno
|-damage|p1a: Articuno|0 fnt
|faint|p1a: Articuno
|
|upkeep
|
|t:|1625610522
|switch|p1a: Ditto|Ditto|75/100
|-damage|p1a: Ditto|63/100|[from] Stealth Rock
|-transform|p1a: Ditto|p2a: Togekiss|[from] ability: Imposter
|turn|193
|
|t:|1625610526
|switch|p1a: Tangela|Tangela, F|50/100
|-damage|p1a: Tangela|38/100|[from] Stealth Rock
|switch|p2a: Registeel|Registeel|84/100
|-damage|p2a: Registeel|78/100|[from] Stealth Rock
|
|-heal|p2a: Registeel|84/100|[from] item: Leftovers
|upkeep
|turn|194
|
|t:|1625610533
|switch|p2a: Togekiss|Togekiss, F|64/100
|move|p1a: Tangela|Infestation|p2a: Togekiss
|-resisted|p2a: Togekiss
|-damage|p2a: Togekiss|63/100
|-activate|p2a: Togekiss|move: Infestation|[of] p1a: Tangela
|
|-damage|p2a: Togekiss|50/100|[from] move: Infestation|[partiallytrapped]
|upkeep
|turn|195
|
|t:|1625610541
|switch|p1a: Umbreon|Umbreon, M|50/100
|-damage|p1a: Umbreon|37/100|[from] Stealth Rock
|move|p2a: Togekiss|Defog|p1a: Umbreon
|-unboost|p1a: Umbreon|evasion|1
|-sideend|p1: RULT50A Prod|Stealth Rock|[from] move: Defog|[of] p2a: Togekiss
|-sideend|p2: rult50m dani|Stealth Rock|[from] move: Defog|[of] p2a: Togekiss
|
|-heal|p1a: Umbreon|44/100|[from] item: Leftovers
|-end|p2a: Togekiss|Infestation|[partiallytrapped]|[silent]
|upkeep
|turn|196
|
|t:|1625610552
|switch|p1a: Tangela|Tangela, F|71/100
|move|p2a: Togekiss|Roost|p2a: Togekiss
|-heal|p2a: Togekiss|100/100
|-singleturn|p2a: Togekiss|move: Roost
|
|upkeep
|turn|197
|
|t:|1625610556
|switch|p1a: Umbreon|Umbreon, M|44/100
|move|p2a: Togekiss|Nasty Plot|p2a: Togekiss
|-boost|p2a: Togekiss|spa|2
|
|-heal|p1a: Umbreon|50/100|[from] item: Leftovers
|upkeep
|turn|198
|
|t:|1625610560
|move|p1a: Umbreon|Protect|p1a: Umbreon
|-singleturn|p1a: Umbreon|Protect
|move|p2a: Togekiss|Nasty Plot|p2a: Togekiss
|-boost|p2a: Togekiss|spa|2
|
|-heal|p1a: Umbreon|56/100|[from] item: Leftovers
|upkeep
|turn|199
|
|t:|1625610565
|switch|p2a: Registeel|Registeel|84/100
|move|p1a: Umbreon|Toxic|p2a: Registeel|[miss]
|-miss|p1a: Umbreon|p2a: Registeel
|
|-heal|p1a: Umbreon|62/100|[from] item: Leftovers
|-heal|p2a: Registeel|90/100|[from] item: Leftovers
|upkeep
|turn|200
|
|t:|1625610570
|switch|p1a: Tangela|Tangela, F|100/100
|move|p2a: Registeel|Stealth Rock|p1a: Tangela
|-sidestart|p1: RULT50A Prod|move: Stealth Rock
|
|-heal|p2a: Registeel|96/100|[from] item: Leftovers
|upkeep
|turn|201
|
|t:|1625610576
|switch|p2a: Togekiss|Togekiss, F|100/100
|move|p1a: Tangela|Toxic|p2a: Togekiss
|-status|p2a: Togekiss|tox
|
|-damage|p2a: Togekiss|94/100 tox|[from] psn
|upkeep
|turn|202
|
|t:|1625610582
|switch|p2a: Umbreon|Umbreon, M|82/100
|switch|p1a: Umbreon|Umbreon, M|62/100
|-damage|p1a: Umbreon|49/100|[from] Stealth Rock
|
|-heal|p1a: Umbreon|55/100|[from] item: Leftovers
|upkeep
|turn|203
|
|t:|1625610586
|move|p2a: Umbreon|Heal Bell|p2a: Umbreon
|-activate|p2a: Umbreon|move: Heal Bell
|-curestatus|p2: Togekiss|tox|[msg]
|move|p1a: Umbreon|Wish|p1a: Umbreon
|
|-heal|p1a: Umbreon|62/100|[from] item: Leftovers
|upkeep
|turn|204
|
|t:|1625610589
|switch|p2a: Registeel|Registeel|96/100
|move|p1a: Umbreon|Foul Play|p2a: Registeel
|-damage|p2a: Registeel|82/100
|
|-heal|p1a: Umbreon|100/100|[from] move: Wish|[wisher] Umbreon
|-heal|p2a: Registeel|88/100|[from] item: Leftovers
|upkeep
|turn|205
|
|t:|1625610594
|move|p1a: Umbreon|Protect|p1a: Umbreon
|-singleturn|p1a: Umbreon|Protect
|move|p2a: Registeel|Toxic|p1a: Umbreon
|-activate|p1a: Umbreon|move: Protect
|
|-heal|p2a: Registeel|94/100|[from] item: Leftovers
|upkeep
|turn|206
|
|t:|1625610600
|switch|p1a: Tangela|Tangela, F|100/100
|-damage|p1a: Tangela|88/100|[from] Stealth Rock
|move|p2a: Registeel|Toxic|p1a: Tangela|[miss]
|-miss|p2a: Registeel|p1a: Tangela
|
|-heal|p2a: Registeel|100/100|[from] item: Leftovers
|upkeep
|turn|207
|
|t:|1625610608
|switch|p2a: Roserade|Roserade, F|44/100
|move|p1a: Tangela|Toxic|p2a: Roserade
|-immune|p2a: Roserade
|
|upkeep
|turn|208
|
|t:|1625610616
|switch|p2a: Registeel|Registeel|100/100
|switch|p1a: Umbreon|Umbreon, M|100/100
|-damage|p1a: Umbreon|88/100|[from] Stealth Rock
|
|-heal|p1a: Umbreon|94/100|[from] item: Leftovers
|upkeep
|turn|209
|
|t:|1625610621
|switch|p2a: Umbreon|Umbreon, M|82/100
|move|p1a: Umbreon|Wish|p1a: Umbreon
|
|-heal|p1a: Umbreon|99/100|[from] item: Leftovers
|upkeep
|turn|210
|
|t:|1625610626
|switch|p1a: Ditto|Ditto|63/100
|-damage|p1a: Ditto|50/100|[from] Stealth Rock
|-transform|p1a: Ditto|p2a: Umbreon|[from] ability: Imposter
|move|p2a: Umbreon|Wish|p2a: Umbreon
|
|-heal|p1a: Ditto|100/100|[from] move: Wish|[wisher] Umbreon
|upkeep
|turn|211
|inactive|rult50m dani has 120 seconds left.
|
|t:|1625610658
|switch|p1a: Umbreon|Umbreon, M|99/100
|-damage|p1a: Umbreon|88/100|[from] Stealth Rock
|switch|p2a: Registeel|Registeel|100/100
|
|-heal|p1a: Umbreon|94/100|[from] item: Leftovers
|upkeep
|turn|212
|
|t:|1625610664
|switch|p1a: Tangela|Tangela, F|100/100
|-damage|p1a: Tangela|88/100|[from] Stealth Rock
|switch|p2a: Umbreon|Umbreon, M|82/100
|
|upkeep
|turn|213
|
|t:|1625610668
|switch|p2a: Roserade|Roserade, F|44/100
|move|p1a: Tangela|Infestation|p2a: Roserade
|-damage|p2a: Roserade|38/100
|-activate|p2a: Roserade|move: Infestation|[of] p1a: Tangela
|
|-damage|p2a: Roserade|25/100|[from] move: Infestation|[partiallytrapped]
|upkeep
|turn|214
|inactive|rult50m dani has 120 seconds left.
|
|t:|1625610676
|switch|p1a: Ditto|Ditto|100/100
|-damage|p1a: Ditto|88/100|[from] Stealth Rock
|-transform|p1a: Ditto|p2a: Roserade|[from] ability: Imposter
|move|p2a: Roserade|Sludge Bomb|p1a: Ditto
|-damage|p1a: Ditto|41/100
|
|-end|p2a: Roserade|Infestation|[partiallytrapped]|[silent]
|upkeep
|turn|215
|inactive|rult50m dani has 120 seconds left.
|
|t:|1625610702
|switch|p2a: Registeel|Registeel|100/100
|move|p1a: Ditto|Synthesis|p1a: Ditto
|-heal|p1a: Ditto|90/100
|
|upkeep
|turn|216
|
|t:|1625610708
|switch|p1a: Umbreon|Umbreon, M|94/100
|-damage|p1a: Umbreon|81/100|[from] Stealth Rock
|switch|p2a: Roserade|Roserade, F|25/100
|
|-heal|p1a: Umbreon|88/100|[from] item: Leftovers
|upkeep
|turn|217
|
|t:|1625610713
|move|p2a: Roserade|Synthesis|p2a: Roserade
|-heal|p2a: Roserade|75/100
|move|p1a: Umbreon|Foul Play|p2a: Roserade
|-damage|p2a: Roserade|43/100
|
|-heal|p1a: Umbreon|94/100|[from] item: Leftovers
|upkeep
|turn|218
|j| RULT50B GK
|
|t:|1625610722
|switch|p2a: Togekiss|Togekiss, F|94/100
|move|p1a: Umbreon|Foul Play|p2a: Togekiss
|-resisted|p2a: Togekiss
|-damage|p2a: Togekiss|90/100
|
|-heal|p1a: Umbreon|99/100|[from] item: Leftovers
|upkeep
|turn|219
|
|t:|1625610729
|move|p2a: Togekiss|Nasty Plot|p2a: Togekiss
|-boost|p2a: Togekiss|spa|2
|move|p1a: Umbreon|Toxic|p2a: Togekiss
|-status|p2a: Togekiss|tox
|
|-heal|p1a: Umbreon|100/100|[from] item: Leftovers
|-damage|p2a: Togekiss|83/100 tox|[from] psn
|upkeep
|turn|220
|
|t:|1625610736
|switch|p2a: Umbreon|Umbreon, M|82/100
|move|p1a: Umbreon|Wish|p1a: Umbreon
|
|upkeep
|turn|221
|
|t:|1625610741
|switch|p1a: Tangela|Tangela, F|100/100
|-damage|p1a: Tangela|88/100|[from] Stealth Rock
|move|p2a: Umbreon|Wish|p2a: Umbreon
|
|-heal|p1a: Tangela|100/100|[from] move: Wish|[wisher] Umbreon
|upkeep
|turn|222
|
|t:|1625610745
|switch|p2a: Roserade|Roserade, F|43/100
|move|p1a: Tangela|Infestation|p2a: Roserade
|-damage|p2a: Roserade|37/100
|-activate|p2a: Roserade|move: Infestation|[of] p1a: Tangela
|
|-heal|p2a: Roserade|100/100|[from] move: Wish|[wisher] Umbreon
|-damage|p2a: Roserade|88/100|[from] move: Infestation|[partiallytrapped]
|upkeep
|turn|223
|
|t:|1625610752
|switch|p1a: Umbreon|Umbreon, M|100/100
|-damage|p1a: Umbreon|88/100|[from] Stealth Rock
|move|p2a: Roserade|Spikes|p1a: Umbreon
|-sidestart|p1: RULT50A Prod|Spikes
|
|-heal|p1a: Umbreon|94/100|[from] item: Leftovers
|-end|p2a: Roserade|Infestation|[partiallytrapped]|[silent]
|upkeep
|turn|224
|
|t:|1625610757
|switch|p1a: Tangela|Tangela, F|100/100
|-damage|p1a: Tangela|88/100|[from] Stealth Rock
|-damage|p1a: Tangela|76/100|[from] Spikes
|move|p2a: Roserade|Spikes|p1a: Tangela
|-sidestart|p1: RULT50A Prod|Spikes
|
|upkeep
|turn|225
|
|t:|1625610763
|switch|p1a: Umbreon|Umbreon, M|94/100
|-damage|p1a: Umbreon|82/100|[from] Stealth Rock
|-damage|p1a: Umbreon|65/100|[from] Spikes
|move|p2a: Roserade|Sludge Bomb|p1a: Umbreon
|-damage|p1a: Umbreon|43/100
|
|-heal|p1a: Umbreon|49/100|[from] item: Leftovers
|upkeep
|turn|226
|
|t:|1625610765
|move|p2a: Roserade|Spikes|p1a: Umbreon
|-sidestart|p1: RULT50A Prod|Spikes
|move|p1a: Umbreon|Wish|p1a: Umbreon
|
|-heal|p1a: Umbreon|55/100|[from] item: Leftovers
|upkeep
|turn|227
|
|t:|1625610768
|switch|p2a: Registeel|Registeel|100/100
|move|p1a: Umbreon|Foul Play|p2a: Registeel
|-damage|p2a: Registeel|87/100
|
|-heal|p1a: Umbreon|100/100|[from] move: Wish|[wisher] Umbreon
|-heal|p2a: Registeel|93/100|[from] item: Leftovers
|upkeep
|turn|228
|
|t:|1625610774
|move|p1a: Umbreon|Wish|p1a: Umbreon
|move|p2a: Registeel|Seismic Toss|p1a: Umbreon
|-damage|p1a: Umbreon|75/100
|
|-heal|p1a: Umbreon|81/100|[from] item: Leftovers
|-heal|p2a: Registeel|99/100|[from] item: Leftovers
|upkeep
|turn|229
|
|t:|1625610777
|switch|p2a: Umbreon|Umbreon, M|82/100
|move|p1a: Umbreon|Foul Play|p2a: Umbreon
|-resisted|p2a: Umbreon
|-damage|p2a: Umbreon|75/100
|
|-heal|p1a: Umbreon|100/100|[from] move: Wish|[wisher] Umbreon
|upkeep
|turn|230
|
|t:|1625610785
|move|p1a: Umbreon|Toxic|p2a: Umbreon
|-status|p2a: Umbreon|tox
|-activate|p2a: Umbreon|ability: Synchronize
|-status|p1a: Umbreon|tox
|-activate|p1a: Umbreon|ability: Synchronize
|-fail|p2a: Umbreon|tox
|move|p2a: Umbreon|Wish|p2a: Umbreon
|
|-damage|p2a: Umbreon|69/100 tox|[from] psn
|-damage|p1a: Umbreon|94/100 tox|[from] psn
|upkeep
|turn|231
|
|t:|1625610789
|move|p1a: Umbreon|Wish|p1a: Umbreon
|move|p2a: Umbreon|Heal Bell|p2a: Umbreon
|-activate|p2a: Umbreon|move: Heal Bell
|-curestatus|p2a: Umbreon|tox|[msg]
|-curestatus|p2: Togekiss|tox|[msg]
|
|-heal|p2a: Umbreon|100/100|[from] move: Wish|[wisher] Umbreon
|-heal|p1a: Umbreon|100/100 tox|[from] item: Leftovers
|-damage|p1a: Umbreon|88/100 tox|[from] psn
|upkeep
|turn|232
|
|t:|1625610793
|switch|p2a: Roserade|Roserade, F|88/100
|move|p1a: Umbreon|Foul Play|p2a: Roserade
|-damage|p2a: Roserade|53/100
|
|-heal|p1a: Umbreon|100/100 tox|[from] move: Wish|[wisher] Umbreon
|-damage|p1a: Umbreon|82/100 tox|[from] psn
|upkeep
|turn|233
|
|t:|1625610796
|switch|p2a: Registeel|Registeel|99/100
|move|p1a: Umbreon|Foul Play|p2a: Registeel
|-damage|p2a: Registeel|86/100
|
|-heal|p1a: Umbreon|88/100 tox|[from] item: Leftovers
|-heal|p2a: Registeel|92/100|[from] item: Leftovers
|-damage|p1a: Umbreon|64/100 tox|[from] psn
|upkeep
|turn|234
|
|t:|1625610800
|switch|p1a: Quagsire|Quagsire, F|69/100
|-damage|p1a: Quagsire|44/100|[from] Spikes
|-damage|p1a: Quagsire|38/100|[from] Stealth Rock
|move|p2a: Registeel|Seismic Toss|p1a: Quagsire
|-damage|p1a: Quagsire|13/100
|
|-heal|p2a: Registeel|98/100|[from] item: Leftovers
|-heal|p1a: Quagsire|19/100|[from] item: Leftovers
|upkeep
|turn|235
|
|t:|1625610806
|move|p2a: Registeel|Seismic Toss|p1a: Quagsire
|-damage|p1a: Quagsire|0 fnt
|faint|p1a: Quagsire
|
|-heal|p2a: Registeel|100/100|[from] item: Leftovers
|upkeep
|
|t:|1625610807
|switch|p1a: Tangela|Tangela, F|100/100
|-damage|p1a: Tangela|76/100|[from] Spikes
|-damage|p1a: Tangela|63/100|[from] Stealth Rock
|turn|236
|
|t:|1625610812
|switch|p2a: Roserade|Roserade, F|53/100
|move|p1a: Tangela|Infestation|p2a: Roserade
|-damage|p2a: Roserade|47/100
|-activate|p2a: Roserade|move: Infestation|[of] p1a: Tangela
|
|-damage|p2a: Roserade|35/100|[from] move: Infestation|[partiallytrapped]
|upkeep
|turn|237
|
|t:|1625610817
|switch|p1a: Ditto|Ditto|90/100
|-damage|p1a: Ditto|66/100|[from] Spikes
|-damage|p1a: Ditto|53/100|[from] Stealth Rock
|-transform|p1a: Ditto|p2a: Roserade|[from] ability: Imposter
|move|p2a: Roserade|Sludge Bomb|p1a: Ditto
|-damage|p1a: Ditto|5/100
|
|-end|p2a: Roserade|Infestation|[partiallytrapped]|[silent]
|upkeep
|turn|238
|
|t:|1625610824
|switch|p2a: Registeel|Registeel|100/100
|move|p1a: Ditto|Spikes|p2a: Registeel
|-sidestart|p2: rult50m dani|Spikes
|
|upkeep
|turn|239
|
|t:|1625610828
|switch|p1a: Tangela|Tangela, F|97/100
|-damage|p1a: Tangela|72/100|[from] Spikes
|-damage|p1a: Tangela|59/100|[from] Stealth Rock
|switch|p2a: Xatu|Xatu, M|37/100
|
|upkeep
|turn|240
|
|t:|1625610834
|switch|p1a: Ditto|Ditto|5/100
|-damage|p1a: Ditto|0 fnt|[from] Stealth Rock
|faint|p1a: Ditto
|move|p2a: Xatu|Heat Wave|p1: Ditto|[notarget]
|-fail|p2a: Xatu
|
|upkeep
|
|t:|1625610836
|switch|p1a: Umbreon|Umbreon, M|64/100 tox
|-damage|p1a: Umbreon|39/100 tox|[from] Spikes
|-damage|p1a: Umbreon|26/100 tox|[from] Stealth Rock
|turn|241
|
|t:|1625610839
|move|p2a: Xatu|Roost|p2a: Xatu
|-heal|p2a: Xatu|87/100
|-singleturn|p2a: Xatu|move: Roost
|move|p1a: Umbreon|Wish|p1a: Umbreon
|
|-heal|p1a: Umbreon|33/100 tox|[from] item: Leftovers
|-damage|p1a: Umbreon|26/100 tox|[from] psn
|upkeep
|turn|242
|
|t:|1625610847
|switch|p2a: Togekiss|Togekiss, F|83/100
|move|p1a: Umbreon|Foul Play|p2a: Togekiss
|-resisted|p2a: Togekiss
|-damage|p2a: Togekiss|79/100
|
|-heal|p1a: Umbreon|76/100 tox|[from] move: Wish|[wisher] Umbreon
|-heal|p1a: Umbreon|82/100 tox|[from] item: Leftovers
|-damage|p1a: Umbreon|70/100 tox|[from] psn
|upkeep
|turn|243
|
|t:|1625610851
|move|p2a: Togekiss|Nasty Plot|p2a: Togekiss
|-boost|p2a: Togekiss|spa|2
|move|p1a: Umbreon|Toxic|p2a: Togekiss
|-status|p2a: Togekiss|tox
|
|-heal|p1a: Umbreon|76/100 tox|[from] item: Leftovers
|-damage|p2a: Togekiss|73/100 tox|[from] psn
|-damage|p1a: Umbreon|58/100 tox|[from] psn
|upkeep
|turn|244
|
|t:|1625610856
|move|p2a: Togekiss|Air Slash|p1a: Umbreon
|-damage|p1a: Umbreon|25/100 tox
|cant|p1a: Umbreon|flinch
|
|-heal|p1a: Umbreon|31/100 tox|[from] item: Leftovers
|-damage|p2a: Togekiss|61/100 tox|[from] psn
|-damage|p1a: Umbreon|7/100 tox|[from] psn
|upkeep
|turn|245
|
|t:|1625610861
|move|p2a: Togekiss|Air Slash|p1a: Umbreon
|-damage|p1a: Umbreon|0 fnt
|faint|p1a: Umbreon
|
|-damage|p2a: Togekiss|42/100 tox|[from] psn
|upkeep
|
|t:|1625610863
|switch|p1a: Tangela|Tangela, F|93/100
|-damage|p1a: Tangela|68/100|[from] Spikes
|-damage|p1a: Tangela|55/100|[from] Stealth Rock
|turn|246
|c|☆RULT50A Prod|gg
|
|t:|1625610865
|move|p2a: Togekiss|Air Slash|p1a: Tangela
|-supereffective|p1a: Tangela
|-damage|p1a: Tangela|0 fnt
|faint|p1a: Tangela
|
|win|rult50m dani
|raw|RULT50A Prod's rating: 1297 &rarr; <strong>1268</strong><br />(-29 for losing)
|raw|rult50m dani's rating: 1248 &rarr; <strong>1277</strong><br />(+29 for winning)
|c|☆rult50m dani|Gg
|l|☆RULT50A Prod
|l| RULT50B GK
|l| Togkey
||Ladder isn't responding, score probably updated but might not have (Request timeout).
