|raw|<div class="broadcast-blue"><strong>This battle is required to be public due to a player having a name starting with 'rult50'.</div>
|j|☆RULT50T Voy
|j|☆literallyfreemoney
|t:|1625672675
|gametype|singles
|player|p1|RULT50T Voy|guitarist-gen3|1340
|player|p2|literallyfreemoney|17|1326
|teamsize|p1|6
|teamsize|p2|6
|gen|8
|tier|[Gen 8] RU
|rated|
|rule|Sleep Clause Mod: Limit one foe put to sleep
|rule|Species Clause: Limit one of each Pokémon
|rule|OHKO Clause: OHKO moves are banned
|rule|Evasion Moves Clause: Evasion moves are banned
|rule|Endless Battle Clause: Forcing endless battles is banned
|rule|HP Percentage Mod: HP is shown in percentages
|rule|Dynamax Clause: You cannot dynamax
|clearpoke
|poke|p1|Shedinja|
|poke|p1|Pyukumuku, F|
|poke|p1|Stunfisk-Galar, M|
|poke|p1|Weezing-Galar, M|
|poke|p1|Umbreon, F|
|poke|p1|Crobat, F|
|poke|p2|Lucario, F|
|poke|p2|Ribombee, F|
|poke|p2|Tsareena, F|
|poke|p2|Obstagoon, F|
|poke|p2|Chandelure, F|
|poke|p2|Raikou|
|teampreview
|inactive|Battle timer is ON: inactive players will automatically lose when time's up. (requested by RULT50T Voy)
|
|t:|1625672697
|start
|switch|p1a: Stunfisk|Stunfisk-Galar, M|100/100
|switch|p2a: Obstagoon|Obstagoon, F|100/100
|turn|1
|j| RULT50 YW
|j| toinha ♫♪
|
|t:|1625672705
|move|p2a: Obstagoon|Obstruct|p2a: Obstagoon
|-singleturn|p2a: Obstagoon|Protect
|move|p1a: Stunfisk|Stealth Rock|p2a: Obstagoon
|-sidestart|p2: literallyfreemoney|move: Stealth Rock
|
|-status|p2a: Obstagoon|brn|[from] item: Flame Orb
|upkeep
|turn|2
|
|t:|1625672710
|move|p2a: Obstagoon|Close Combat|p1a: Stunfisk
|-supereffective|p1a: Stunfisk
|-damage|p1a: Stunfisk|19/100
|-unboost|p2a: Obstagoon|def|1
|-unboost|p2a: Obstagoon|spd|1
|move|p1a: Stunfisk|Earthquake|p2a: Obstagoon
|-damage|p2a: Obstagoon|58/100 brn
|
|-heal|p1a: Stunfisk|25/100|[from] item: Leftovers
|-damage|p2a: Obstagoon|52/100 brn|[from] brn
|upkeep
|turn|3
|
|t:|1625672714
|switch|p1a: Crobat|Crobat, F|100/100
|move|p2a: Obstagoon|Close Combat|p1a: Crobat
|-resisted|p1a: Crobat
|-damage|p1a: Crobat|87/100
|-unboost|p2a: Obstagoon|def|1
|-unboost|p2a: Obstagoon|spd|1
|
|-damage|p2a: Obstagoon|46/100 brn|[from] brn
|upkeep
|turn|4
|
|t:|1625672728
|move|p2a: Obstagoon|Obstruct|p2a: Obstagoon
|-singleturn|p2a: Obstagoon|Protect
|move|p1a: Crobat|Brave Bird|p2a: Obstagoon
|-activate|p2a: Obstagoon|move: Protect
|-unboost|p1a: Crobat|def|2
|
|-damage|p2a: Obstagoon|40/100 brn|[from] brn
|upkeep
|turn|5
|
|t:|1625672739
|switch|p2a: Chandelure|Chandelure, F|100/100
|move|p1a: Crobat|Brave Bird|p2a: Chandelure
|-damage|p2a: Chandelure|50/100
|-damage|p1a: Crobat|75/100|[from] Recoil
|
|upkeep
|turn|6
|
|t:|1625672746
|switch|p2a: Raikou|Raikou|100/100
|-damage|p2a: Raikou|88/100|[from] Stealth Rock
|-ability|p2a: Raikou|Pressure
|move|p1a: Crobat|Brave Bird|p2a: Raikou
|-resisted|p2a: Raikou
|-damage|p2a: Raikou|64/100
|-damage|p1a: Crobat|68/100|[from] Recoil
|
|-heal|p2a: Raikou|70/100|[from] item: Leftovers
|upkeep
|turn|7
|
|t:|1625672756
|switch|p1a: Shedinja|Shedinja|100/100
|move|p2a: Raikou|Thunderbolt|p1a: Shedinja
|-immune|p1a: Shedinja|[from] ability: Wonder Guard
|
|-heal|p2a: Raikou|76/100|[from] item: Leftovers
|upkeep
|turn|8
|
|t:|1625672769
|switch|p2a: Lucario|Lucario, F|100/100
|-damage|p2a: Lucario|98/100|[from] Stealth Rock
|move|p1a: Shedinja|Protect||[still]
|-fail|p1a: Shedinja
|
|upkeep
|turn|9
|
|t:|1625672780
|move|p2a: Lucario|Swords Dance|p2a: Lucario
|-boost|p2a: Lucario|atk|2
|move|p1a: Shedinja|Will-O-Wisp|p2a: Lucario
|-status|p2a: Lucario|brn
|
|-damage|p2a: Lucario|92/100 brn|[from] brn
|upkeep
|turn|10
|
|t:|1625672786
|move|p2a: Lucario|Crunch|p1a: Shedinja
|-supereffective|p1a: Shedinja
|-damage|p1a: Shedinja|0 fnt
|faint|p1a: Shedinja
|-damage|p2a: Lucario|82/100 brn|[from] item: Life Orb
|
|-damage|p2a: Lucario|76/100 brn|[from] brn
|upkeep
|
|t:|1625672793
|switch|p1a: Pyukumuku|Pyukumuku, F|100/100
|turn|11
|
|t:|1625672803
|switch|p2a: Tsareena|Tsareena, F|100/100
|-damage|p2a: Tsareena|88/100|[from] Stealth Rock
|move|p1a: Pyukumuku|Recover||[still]
|-fail|p1a: Pyukumuku|heal
|
|-heal|p2a: Tsareena|94/100|[from] item: Leftovers
|upkeep
|turn|12
|
|t:|1625672815
|switch|p1a: Weezing|Weezing-Galar, M|100/100
|-ability|p1a: Weezing|Neutralizing Gas
|move|p2a: Tsareena|Rapid Spin|p1a: Weezing
|-damage|p1a: Weezing|88/100
|-boost|p2a: Tsareena|spe|1
|-sideend|p2: literallyfreemoney|Stealth Rock|[from] move: Rapid Spin|[of] p2a: Tsareena
|
|-heal|p2a: Tsareena|99/100|[from] item: Leftovers
|upkeep
|turn|13
|
|t:|1625672819
|move|p2a: Tsareena|U-turn|p1a: Weezing
|-resisted|p1a: Weezing
|-damage|p1a: Weezing|84/100
|
|t:|1625672825
|switch|p2a: Chandelure|Chandelure, F|50/100|[from]move: U-turn
|move|p1a: Weezing|Sludge Bomb|p2a: Chandelure
|-resisted|p2a: Chandelure
|-damage|p2a: Chandelure|32/100
|-status|p2a: Chandelure|psn
|
|-damage|p2a: Chandelure|20/100 psn|[from] psn
|upkeep
|turn|14
|
|t:|1625672834
|-end|p1a: Weezing|ability: Neutralizing Gas
|switch|p1a: Umbreon|Umbreon, F|100/100
|move|p2a: Chandelure|Shadow Ball|p1a: Umbreon
|-resisted|p1a: Umbreon
|-damage|p1a: Umbreon|87/100
|
|-damage|p2a: Chandelure|8/100 psn|[from] psn
|upkeep
|turn|15
|
|t:|1625672847
|switch|p2a: Raikou|Raikou|76/100
|-ability|p2a: Raikou|Pressure
|move|p1a: Umbreon|Wish|p1a: Umbreon
|
|-heal|p2a: Raikou|82/100|[from] item: Leftovers
|upkeep
|turn|16
|
|t:|1625672852
|switch|p1a: Stunfisk|Stunfisk-Galar, M|25/100
|move|p2a: Raikou|Substitute|p2a: Raikou
|-start|p2a: Raikou|Substitute
|-damage|p2a: Raikou|58/100
|
|-heal|p1a: Stunfisk|71/100|[from] move: Wish|[wisher] Umbreon
|-heal|p2a: Raikou|64/100|[from] item: Leftovers
|-heal|p1a: Stunfisk|78/100|[from] item: Leftovers
|upkeep
|turn|17
|
|t:|1625672857
|move|p2a: Raikou|Scald|p1a: Stunfisk
|-supereffective|p1a: Stunfisk
|-damage|p1a: Stunfisk|40/100
|-status|p1a: Stunfisk|brn
|move|p1a: Stunfisk|Earthquake|p2a: Raikou
|-supereffective|p2a: Raikou
|-end|p2a: Raikou|Substitute
|
|-heal|p2a: Raikou|70/100|[from] item: Leftovers
|-heal|p1a: Stunfisk|46/100 brn|[from] item: Leftovers
|-damage|p1a: Stunfisk|40/100 brn|[from] brn
|upkeep
|turn|18
|
|t:|1625672870
|switch|p2a: Tsareena|Tsareena, F|99/100
|move|p1a: Stunfisk|Stealth Rock|p2a: Tsareena
|-sidestart|p2: literallyfreemoney|move: Stealth Rock
|
|-heal|p2a: Tsareena|100/100|[from] item: Leftovers
|-heal|p1a: Stunfisk|46/100 brn|[from] item: Leftovers
|-damage|p1a: Stunfisk|40/100 brn|[from] brn
|upkeep
|turn|19
|
|t:|1625672878
|switch|p1a: Weezing|Weezing-Galar, M|84/100
|-ability|p1a: Weezing|Neutralizing Gas
|move|p2a: Tsareena|Rapid Spin|p1a: Weezing
|-damage|p1a: Weezing|71/100
|-boost|p2a: Tsareena|spe|1
|-sideend|p2: literallyfreemoney|Stealth Rock|[from] move: Rapid Spin|[of] p2a: Tsareena
|
|upkeep
|turn|20
|
|t:|1625672882
|move|p2a: Tsareena|U-turn|p1a: Weezing
|-resisted|p1a: Weezing
|-damage|p1a: Weezing|68/100
|
|t:|1625672889
|switch|p2a: Lucario|Lucario, F|76/100 brn|[from]move: U-turn
|move|p1a: Weezing|Strange Steam|p2a: Lucario
|-damage|p2a: Lucario|30/100 brn
|-start|p2a: Lucario|confusion
|
|-damage|p2a: Lucario|24/100 brn|[from] brn
|upkeep
|turn|21
|
|t:|1625672896
|-end|p1a: Weezing|ability: Neutralizing Gas
|switch|p1a: Pyukumuku|Pyukumuku, F|100/100
|-activate|p2a: Lucario|confusion
|move|p2a: Lucario|Meteor Mash|p1a: Pyukumuku
|-resisted|p1a: Pyukumuku
|-damage|p1a: Pyukumuku|92/100
|-damage|p2a: Lucario|14/100 brn|[from] item: Life Orb
|
|-heal|p1a: Pyukumuku|98/100|[from] item: Leftovers
|-damage|p2a: Lucario|8/100 brn|[from] brn
|upkeep
|turn|22
|
|t:|1625672904
|switch|p2a: Raikou|Raikou|70/100
|-ability|p2a: Raikou|Pressure
|move|p1a: Pyukumuku|Recover|p1a: Pyukumuku
|-heal|p1a: Pyukumuku|100/100
|
|-heal|p2a: Raikou|76/100|[from] item: Leftovers
|upkeep
|turn|23
|
|t:|1625672916
|switch|p1a: Weezing|Weezing-Galar, M|68/100
|-ability|p1a: Weezing|Neutralizing Gas
|move|p2a: Raikou|Substitute|p2a: Raikou
|-start|p2a: Raikou|Substitute
|-damage|p2a: Raikou|51/100
|
|-heal|p2a: Raikou|58/100|[from] item: Leftovers
|upkeep
|turn|24
|
|t:|1625672919
|move|p2a: Raikou|Calm Mind|p2a: Raikou
|-boost|p2a: Raikou|spa|1
|-boost|p2a: Raikou|spd|1
|move|p1a: Weezing|Sludge Bomb|p2a: Raikou
|-activate|p2a: Raikou|move: Substitute|[damage]
|
|-heal|p2a: Raikou|64/100|[from] item: Leftovers
|upkeep
|turn|25
|
|t:|1625672927
|-end|p1a: Weezing|ability: Neutralizing Gas
|-ability|p2a: Raikou|Pressure
|switch|p1a: Crobat|Crobat, F|68/100
|move|p2a: Raikou|Calm Mind|p2a: Raikou
|-boost|p2a: Raikou|spa|1
|-boost|p2a: Raikou|spd|1
|
|-heal|p2a: Raikou|70/100|[from] item: Leftovers
|upkeep
|turn|26
|
|t:|1625672932
|move|p1a: Crobat|Haze|p1a: Crobat
|-clearallboost
|move|p2a: Raikou|Thunderbolt|p1a: Crobat
|-supereffective|p1a: Crobat
|-damage|p1a: Crobat|0 fnt
|faint|p1a: Crobat
|
|-heal|p2a: Raikou|76/100|[from] item: Leftovers
|upkeep
|
|t:|1625672935
|switch|p1a: Stunfisk|Stunfisk-Galar, M|40/100 brn
|turn|27
|
|t:|1625672937
|move|p2a: Raikou|Scald|p1a: Stunfisk
|-supereffective|p1a: Stunfisk
|-damage|p1a: Stunfisk|4/100 brn
|move|p1a: Stunfisk|Earthquake|p2a: Raikou
|-supereffective|p2a: Raikou
|-end|p2a: Raikou|Substitute
|
|-heal|p2a: Raikou|82/100|[from] item: Leftovers
|-heal|p1a: Stunfisk|10/100 brn|[from] item: Leftovers
|-damage|p1a: Stunfisk|4/100 brn|[from] brn
|upkeep
|turn|28
|
|t:|1625672941
|move|p2a: Raikou|Scald|p1a: Stunfisk
|-supereffective|p1a: Stunfisk
|-damage|p1a: Stunfisk|0 fnt
|faint|p1a: Stunfisk
|
|-heal|p2a: Raikou|89/100|[from] item: Leftovers
|upkeep
|
|t:|1625672943
|switch|p1a: Umbreon|Umbreon, F|87/100
|turn|29
|
|t:|1625672946
|move|p2a: Raikou|Substitute|p2a: Raikou
|-start|p2a: Raikou|Substitute
|-damage|p2a: Raikou|64/100
|move|p1a: Umbreon|Foul Play|p2a: Raikou
|-end|p2a: Raikou|Substitute
|
|-heal|p2a: Raikou|70/100|[from] item: Leftovers
|upkeep
|turn|30
|
|t:|1625672959
|switch|p2a: Ribombee|Ribombee, F|100/100
|move|p1a: Umbreon|Foul Play|p2a: Ribombee
|-resisted|p2a: Ribombee
|-damage|p2a: Ribombee|86/100
|
|upkeep
|turn|31
|
|t:|1625672964
|switch|p1a: Weezing|Weezing-Galar, M|68/100
|-ability|p1a: Weezing|Neutralizing Gas
|move|p2a: Ribombee|Moonblast|p1a: Weezing
|-resisted|p1a: Weezing
|-damage|p1a: Weezing|41/100
|
|upkeep
|turn|32
|
|t:|1625672981
|switch|p2a: Lucario|Lucario, F|8/100 brn
|move|p1a: Weezing|Sludge Bomb|p2a: Lucario
|-immune|p2a: Lucario
|
|-damage|p2a: Lucario|2/100 brn|[from] brn
|upkeep
|turn|33
|
|t:|1625672984
|-end|p1a: Weezing|ability: Neutralizing Gas
|switch|p1a: Pyukumuku|Pyukumuku, F|100/100
|move|p2a: Lucario|Meteor Mash|p1a: Pyukumuku
|-resisted|p1a: Pyukumuku
|-damage|p1a: Pyukumuku|92/100
|-boost|p2a: Lucario|atk|1
|-damage|p2a: Lucario|0 fnt|[from] item: Life Orb
|faint|p2a: Lucario
|
|-heal|p1a: Pyukumuku|98/100|[from] item: Leftovers
|upkeep
|j| v1ta1
|
|t:|1625672990
|switch|p2a: Raikou|Raikou|70/100
|-ability|p2a: Raikou|Pressure
|turn|34
|
|t:|1625673001
|switch|p2a: Tsareena|Tsareena, F|100/100
|switch|p1a: Umbreon|Umbreon, F|87/100
|
|upkeep
|turn|35
|
|t:|1625673006
|move|p1a: Umbreon|Protect|p1a: Umbreon
|-singleturn|p1a: Umbreon|Protect
|move|p2a: Tsareena|U-turn|p1a: Umbreon
|-activate|p1a: Umbreon|move: Protect
|
|upkeep
|turn|36
|
|t:|1625673011
|move|p2a: Tsareena|High Jump Kick|p1a: Umbreon
|-supereffective|p1a: Umbreon
|-damage|p1a: Umbreon|11/100
|move|p1a: Umbreon|Wish|p1a: Umbreon
|
|upkeep
|turn|37
|
|t:|1625673019
|switch|p2a: Ribombee|Ribombee, F|86/100
|switch|p1a: Weezing|Weezing-Galar, M|41/100
|-ability|p1a: Weezing|Neutralizing Gas
|
|-heal|p1a: Weezing|99/100|[from] move: Wish|[wisher] Umbreon
|upkeep
|turn|38
|
|t:|1625673024
|move|p2a: Ribombee|Stun Spore|p1a: Weezing|[miss]
|-miss|p2a: Ribombee|p1a: Weezing
|move|p1a: Weezing|Sludge Bomb|p2a: Ribombee
|-supereffective|p2a: Ribombee
|-damage|p2a: Ribombee|0 fnt
|faint|p2a: Ribombee
|
|upkeep
|
|t:|1625673034
|switch|p2a: Raikou|Raikou|70/100
|turn|39
|j| gglrg
|
|t:|1625673037
|-end|p1a: Weezing|ability: Neutralizing Gas
|-ability|p2a: Raikou|Pressure
|switch|p1a: Umbreon|Umbreon, F|11/100
|move|p2a: Raikou|Thunderbolt|p1a: Umbreon
|-damage|p1a: Umbreon|0 fnt
|faint|p1a: Umbreon
|
|-heal|p2a: Raikou|76/100|[from] item: Leftovers
|upkeep
|
|t:|1625673039
|switch|p1a: Weezing|Weezing-Galar, M|99/100
|-ability|p1a: Weezing|Neutralizing Gas
|turn|40
|
|t:|1625673046
|move|p2a: Raikou|Calm Mind|p2a: Raikou
|-boost|p2a: Raikou|spa|1
|-boost|p2a: Raikou|spd|1
|move|p1a: Weezing|Sludge Bomb|p2a: Raikou
|-damage|p2a: Raikou|56/100
|-status|p2a: Raikou|psn
|
|-heal|p2a: Raikou|62/100 psn|[from] item: Leftovers
|-damage|p2a: Raikou|50/100 psn|[from] psn
|upkeep
|turn|41
|
|t:|1625673057
|move|p2a: Raikou|Thunderbolt|p1a: Weezing
|-damage|p1a: Weezing|6/100
|-status|p1a: Weezing|par
|move|p1a: Weezing|Strange Steam|p2a: Raikou
|-damage|p2a: Raikou|29/100 psn
|
|-heal|p2a: Raikou|35/100 psn|[from] item: Leftovers
|-damage|p2a: Raikou|23/100 psn|[from] psn
|upkeep
|turn|42
|
|t:|1625673063
|move|p2a: Raikou|Thunderbolt|p1a: Weezing
|-damage|p1a: Weezing|0 fnt
|faint|p1a: Weezing
|-end|p1a: Weezing|ability: Neutralizing Gas
|-ability|p2a: Raikou|Pressure
|
|-heal|p2a: Raikou|29/100 psn|[from] item: Leftovers
|-damage|p2a: Raikou|17/100 psn|[from] psn
|upkeep
|
|t:|1625673064
|switch|p1a: Pyukumuku|Pyukumuku, F|98/100
|turn|43
|
|t:|1625673066
|move|p2a: Raikou|Thunderbolt|p1a: Pyukumuku
|-supereffective|p1a: Pyukumuku
|-damage|p1a: Pyukumuku|15/100
|move|p1a: Pyukumuku|Recover|p1a: Pyukumuku
|-heal|p1a: Pyukumuku|65/100
|
|-heal|p2a: Raikou|23/100 psn|[from] item: Leftovers
|-heal|p1a: Pyukumuku|72/100|[from] item: Leftovers
|-damage|p2a: Raikou|10/100 psn|[from] psn
|upkeep
|turn|44
|c|☆RULT50T Voy|gg
|
|t:|1625673072
|move|p2a: Raikou|Thunderbolt|p1a: Pyukumuku
|-supereffective|p1a: Pyukumuku
|-damage|p1a: Pyukumuku|0 fnt
|faint|p1a: Pyukumuku
|
|win|literallyfreemoney
|raw|RULT50T Voy's rating: 1340 &rarr; <strong>1319</strong><br />(-21 for losing)
|raw|literallyfreemoney's rating: 1326 &rarr; <strong>1347</strong><br />(+21 for winning)
|c|☆literallyfreemoney|gg
|l|☆RULT50T Voy
|l|☆literallyfreemoney
|l| gglrg
||Ladder isn't responding, score probably updated but might not have (Request timeout).
