|j|☆Feliburn
|j|☆whisperofheart
|inactive|Battle timer is ON: inactive players will automatically lose when time's up.
|t:|1632370727
|gametype|singles
|player|p1|Feliburn|#feliburn|
|player|p2|whisperofheart|kimonogirl|
|teamsize|p1|6
|teamsize|p2|6
|gen|8
|tier|[Gen 8] RU
|rated|Tournament battle
|rule|Sleep Clause Mod: Limit one foe put to sleep
|rule|Species Clause: Limit one of each Pokémon
|rule|OHKO Clause: OHKO moves are banned
|rule|Evasion Moves Clause: Evasion moves are banned
|rule|Endless Battle Clause: Forcing endless battles is banned
|rule|HP Percentage Mod: HP is shown in percentages
|rule|Dynamax Clause: You cannot dynamax
|clearpoke
|poke|p1|Thwackey, M|
|poke|p1|Reuniclus, M|
|poke|p1|Bronzong|
|poke|p1|Gastrodon-East, M|
|poke|p1|Incineroar, M|
|poke|p1|Noivern, M|
|poke|p2|Nidoqueen, F|
|poke|p2|Raikou|
|poke|p2|Mimikyu, F|
|poke|p2|Flygon, F|
|poke|p2|Sharpedo, F|
|poke|p2|Xatu, F|
|teampreview
|inactive|whisperofheart also wants the timer to be on.
|j|+Oathkeepre
|c|☆Feliburn|hf
|
|t:|1632370751
|start
|switch|p1a: Bronzong|Bronzong|100/100
|switch|p2a: Xatu|Xatu, F|100/100
|turn|1
|
|t:|1632370761
|switch|p1a: Incineroar|Incineroar, M|100/100
|-ability|p1a: Incineroar|Intimidate|boost
|-unboost|p2a: Xatu|atk|1
|move|p2a: Xatu|Trick|p1a: Incineroar
|-activate|p2a: Xatu|move: Trick|[of] p1a: Incineroar
|-item|p1a: Incineroar|Choice Scarf|[from] move: Trick
|-item|p2a: Xatu|Heavy-Duty Boots|[from] move: Trick
|
|upkeep
|turn|2
|
|t:|1632370780
|switch|p2a: Nidoqueen|Nidoqueen, F|100/100
|move|p1a: Incineroar|Knock Off|p2a: Nidoqueen
|-damage|p2a: Nidoqueen|53/100
|-enditem|p2a: Nidoqueen|Life Orb|[from] move: Knock Off|[of] p1a: Incineroar
|
|upkeep
|turn|3
|
|t:|1632370787
|switch|p1a: Bronzong|Bronzong|100/100
|move|p2a: Nidoqueen|Stealth Rock|p1a: Bronzong
|-sidestart|p1: Feliburn|move: Stealth Rock
|
|upkeep
|turn|4
|inactive|whisperofheart has 120 seconds left.
|
|t:|1632370820
|switch|p2a: Xatu|Xatu, F|100/100
|move|p1a: Bronzong|Heavy Slam|p2a: Xatu
|-damage|p2a: Xatu|39/100
|
|upkeep
|turn|5
|
|t:|1632370826
|switch|p1a: Incineroar|Incineroar, M|100/100
|-damage|p1a: Incineroar|76/100|[from] Stealth Rock
|-ability|p1a: Incineroar|Intimidate|boost
|-unboost|p2a: Xatu|atk|1
|move|p2a: Xatu|Roost|p2a: Xatu
|-heal|p2a: Xatu|89/100
|-singleturn|p2a: Xatu|move: Roost
|
|upkeep
|turn|6
|
|t:|1632370836
|switch|p2a: Flygon|Flygon, F|100/100
|move|p1a: Incineroar|Knock Off|p2a: Flygon
|-damage|p2a: Flygon|50/100
|-enditem|p2a: Flygon|Leftovers|[from] move: Knock Off|[of] p1a: Incineroar
|
|upkeep
|turn|7
|
|t:|1632370841
|switch|p1a: Bronzong|Bronzong|100/100
|-damage|p1a: Bronzong|94/100|[from] Stealth Rock
|move|p2a: Flygon|Roost|p2a: Flygon
|-heal|p2a: Flygon|99/100
|-singleturn|p2a: Flygon|move: Roost
|
|-heal|p1a: Bronzong|100/100|[from] item: Leftovers
|upkeep
|turn|8
|
|t:|1632370843
|switch|p2a: Xatu|Xatu, F|89/100
|move|p1a: Bronzong|Heavy Slam|p2a: Xatu
|-damage|p2a: Xatu|22/100
|
|upkeep
|turn|9
|
|t:|1632370851
|move|p2a: Xatu|Roost|p2a: Xatu
|-heal|p2a: Xatu|72/100
|-singleturn|p2a: Xatu|move: Roost
|move|p1a: Bronzong|Heavy Slam|p2a: Xatu
|-damage|p2a: Xatu|5/100
|
|upkeep
|turn|10
|
|t:|1632370855
|move|p2a: Xatu|Trick|p1a: Bronzong
|-activate|p2a: Xatu|move: Trick|[of] p1a: Bronzong
|-item|p1a: Bronzong|Heavy-Duty Boots|[from] move: Trick
|-item|p2a: Xatu|Leftovers|[from] move: Trick
|move|p1a: Bronzong|Heavy Slam|p2a: Xatu
|-damage|p2a: Xatu|0 fnt
|faint|p2a: Xatu
|
|upkeep
|
|t:|1632370871
|switch|p2a: Sharpedo|Sharpedo, F|100/100
|turn|11
|
|t:|1632370875
|switch|p1a: Gastrodon|Gastrodon-East, M|100/100
|move|p2a: Sharpedo|Dark Pulse|p1a: Gastrodon
|-damage|p1a: Gastrodon|58/100
|-damage|p2a: Sharpedo|91/100|[from] item: Life Orb
|
|-ability|p2a: Sharpedo|Speed Boost|boost
|-boost|p2a: Sharpedo|spe|1
|upkeep
|turn|12
|
|t:|1632370891
|switch|p2a: Nidoqueen|Nidoqueen, F|53/100
|move|p1a: Gastrodon|Recover|p1a: Gastrodon
|-heal|p1a: Gastrodon|100/100
|
|upkeep
|turn|13
|
|t:|1632370896
|switch|p1a: Bronzong|Bronzong|100/100
|move|p2a: Nidoqueen|Earth Power|p1a: Bronzong
|-immune|p1a: Bronzong|[from] ability: Levitate
|
|upkeep
|turn|14
|
|t:|1632370904
|switch|p2a: Raikou|Raikou|100/100
|-ability|p2a: Raikou|Pressure
|move|p1a: Bronzong|Stealth Rock|p2a: Raikou
|-sidestart|p2: whisperofheart|move: Stealth Rock
|
|upkeep
|turn|15
|
|t:|1632370907
|move|p2a: Raikou|Toxic|p1a: Bronzong
|-immune|p1a: Bronzong
|move|p1a: Bronzong|Toxic|p2a: Raikou
|-status|p2a: Raikou|tox
|
|-damage|p2a: Raikou|94/100 tox|[from] psn
|upkeep
|turn|16
|
|t:|1632370915
|move|p2a: Raikou|Calm Mind|p2a: Raikou
|-boost|p2a: Raikou|spa|1
|-boost|p2a: Raikou|spd|1
|move|p1a: Bronzong|Psychic|p2a: Raikou
|-damage|p2a: Raikou|78/100 tox
|-unboost|p2a: Raikou|spd|1
|
|-damage|p2a: Raikou|66/100 tox|[from] psn
|upkeep
|turn|17
|
|t:|1632370924
|move|p2a: Raikou|Calm Mind|p2a: Raikou
|-boost|p2a: Raikou|spa|1
|-boost|p2a: Raikou|spd|1
|move|p1a: Bronzong|Psychic|p2a: Raikou
|-damage|p2a: Raikou|49/100 tox
|
|-damage|p2a: Raikou|31/100 tox|[from] psn
|upkeep
|turn|18
|
|t:|1632370928
|switch|p1a: Gastrodon|Gastrodon-East, M|100/100
|move|p2a: Raikou|Rest|p2a: Raikou
|-status|p2a: Raikou|slp|[from] move: Rest
|-heal|p2a: Raikou|100/100 slp|[silent]
|-enditem|p2a: Raikou|Chesto Berry|[eat]
|-curestatus|p2a: Raikou|slp|[msg]
|
|upkeep
|turn|19
|
|t:|1632370931
|switch|p1a: Bronzong|Bronzong|100/100
|move|p2a: Raikou|Toxic|p1a: Bronzong
|-immune|p1a: Bronzong
|
|upkeep
|turn|20
|
|t:|1632370937
|move|p2a: Raikou|Thunderbolt|p1a: Bronzong
|-damage|p1a: Bronzong|38/100
|move|p1a: Bronzong|Toxic|p2a: Raikou
|-status|p2a: Raikou|tox
|
|-damage|p2a: Raikou|94/100 tox|[from] psn
|upkeep
|turn|21
|
|t:|1632370943
|switch|p1a: Gastrodon|Gastrodon-East, M|100/100
|move|p2a: Raikou|Thunderbolt|p1a: Gastrodon
|-immune|p1a: Gastrodon
|
|-damage|p2a: Raikou|82/100 tox|[from] psn
|upkeep
|turn|22
|
|t:|1632370946
|switch|p1a: Bronzong|Bronzong|38/100
|move|p2a: Raikou|Toxic|p1a: Bronzong
|-immune|p1a: Bronzong
|
|-damage|p2a: Raikou|64/100 tox|[from] psn
|upkeep
|turn|23
|
|t:|1632370948
|switch|p1a: Gastrodon|Gastrodon-East, M|100/100
|move|p2a: Raikou|Rest|p2a: Raikou
|-status|p2a: Raikou|slp|[from] move: Rest
|-heal|p2a: Raikou|100/100 slp|[silent]
|
|upkeep
|turn|24
|
|t:|1632370951
|switch|p1a: Thwackey|Thwackey, M|100/100
|-damage|p1a: Thwackey|88/100|[from] Stealth Rock
|-fieldstart|move: Grassy Terrain|[from] ability: Grassy Surge|[of] p1a: Thwackey
|cant|p2a: Raikou|slp
|
|-heal|p1a: Thwackey|94/100|[from] Grassy Terrain
|upkeep
|turn|25
|
|t:|1632370958
|move|p1a: Thwackey|Grassy Glide|p2a: Raikou
|-damage|p2a: Raikou|35/100 slp
|cant|p2a: Raikou|slp
|
|-heal|p2a: Raikou|42/100 slp|[from] Grassy Terrain
|-heal|p1a: Thwackey|99/100|[from] Grassy Terrain
|upkeep
|turn|26
|
|t:|1632370965
|switch|p2a: Nidoqueen|Nidoqueen, F|53/100
|-damage|p2a: Nidoqueen|47/100|[from] Stealth Rock
|move|p1a: Thwackey|Grassy Glide|p2a: Nidoqueen
|-damage|p2a: Nidoqueen|0 fnt
|faint|p2a: Nidoqueen
|
|-heal|p1a: Thwackey|100/100|[from] Grassy Terrain
|upkeep
|
|t:|1632370978
|switch|p2a: Mimikyu|Mimikyu, F|100/100
|-damage|p2a: Mimikyu|88/100|[from] Stealth Rock
|turn|27
|
|t:|1632370997
|move|p1a: Thwackey|Grassy Glide|p2a: Mimikyu
|-activate|p2a: Mimikyu|ability: Disguise
|-damage|p2a: Mimikyu|88/100
|detailschange|p2a: Mimikyu|Mimikyu-Busted, F
|-damage|p2a: Mimikyu|76/100|[from] pokemon: Mimikyu-Busted
|move|p2a: Mimikyu|Swords Dance|p2a: Mimikyu
|-boost|p2a: Mimikyu|atk|2
|
|-heal|p2a: Mimikyu|82/100|[from] Grassy Terrain
|upkeep
|turn|28
|
|t:|1632371006
|switch|p1a: Incineroar|Incineroar, M|76/100
|-damage|p1a: Incineroar|51/100|[from] Stealth Rock
|-ability|p1a: Incineroar|Intimidate|boost
|-unboost|p2a: Mimikyu|atk|1
|move|p2a: Mimikyu|Drain Punch|p1a: Incineroar
|-supereffective|p1a: Incineroar
|-damage|p1a: Incineroar|0 fnt
|-heal|p2a: Mimikyu|100/100|[from] drain|[of] p1a: Incineroar
|faint|p1a: Incineroar
|-damage|p2a: Mimikyu|91/100|[from] item: Life Orb
|
|-heal|p2a: Mimikyu|97/100|[from] Grassy Terrain
|-fieldend|move: Grassy Terrain
|upkeep
|
|t:|1632371018
|switch|p1a: Gastrodon|Gastrodon-East, M|100/100
|turn|29
|
|t:|1632371024
|move|p2a: Mimikyu|Swords Dance|p2a: Mimikyu
|-boost|p2a: Mimikyu|atk|2
|move|p1a: Gastrodon|Earth Power|p2a: Mimikyu
|-damage|p2a: Mimikyu|62/100
|
|upkeep
|turn|30
|
|t:|1632371030
|move|p2a: Mimikyu|Drain Punch|p1a: Gastrodon
|-damage|p1a: Gastrodon|49/100
|-heal|p2a: Mimikyu|100/100|[from] drain|[of] p1a: Gastrodon
|-damage|p2a: Mimikyu|91/100|[from] item: Life Orb
|move|p1a: Gastrodon|Earth Power|p2a: Mimikyu
|-damage|p2a: Mimikyu|53/100
|
|upkeep
|turn|31
|
|t:|1632371037
|move|p2a: Mimikyu|Drain Punch|p1a: Gastrodon
|-damage|p1a: Gastrodon|2/100
|-heal|p2a: Mimikyu|93/100|[from] drain|[of] p1a: Gastrodon
|-damage|p2a: Mimikyu|83/100|[from] item: Life Orb
|move|p1a: Gastrodon|Earth Power|p2a: Mimikyu
|-damage|p2a: Mimikyu|42/100
|
|upkeep
|turn|32
|
|t:|1632371047
|move|p2a: Mimikyu|Drain Punch|p1a: Gastrodon
|-damage|p1a: Gastrodon|0 fnt
|-heal|p2a: Mimikyu|44/100|[from] drain|[of] p1a: Gastrodon
|faint|p1a: Gastrodon
|-damage|p2a: Mimikyu|34/100|[from] item: Life Orb
|
|upkeep
|
|t:|1632371049
|switch|p1a: Noivern|Noivern, M|100/100
|turn|33
|inactive|whisperofheart has 120 seconds left.
|
|t:|1632371082
|switch|p2a: Raikou|Raikou|42/100 slp
|-damage|p2a: Raikou|29/100 slp|[from] Stealth Rock
|-ability|p2a: Raikou|Pressure
|move|p1a: Noivern|Flamethrower|p2a: Raikou
|-damage|p2a: Raikou|8/100 slp
|
|upkeep
|turn|34
|inactive|whisperofheart has 120 seconds left.
|
|t:|1632371102
|move|p1a: Noivern|Flamethrower|p2a: Raikou
|-damage|p2a: Raikou|0 fnt
|faint|p2a: Raikou
|
|upkeep
|
|t:|1632371106
|switch|p2a: Sharpedo|Sharpedo, F|91/100
|-damage|p2a: Sharpedo|78/100|[from] Stealth Rock
|turn|35
|inactive|whisperofheart has 120 seconds left.
|
|t:|1632371118
|switch|p1a: Bronzong|Bronzong|38/100
|move|p2a: Sharpedo|Protect||[still]
|-fail|p2a: Sharpedo
|
|-ability|p2a: Sharpedo|Speed Boost|boost
|-boost|p2a: Sharpedo|spe|1
|upkeep
|turn|36
|inactive|whisperofheart has 120 seconds left.
|
|t:|1632371129
|move|p2a: Sharpedo|Dark Pulse|p1a: Bronzong
|-supereffective|p1a: Bronzong
|-damage|p1a: Bronzong|0 fnt
|faint|p1a: Bronzong
|-damage|p2a: Sharpedo|68/100|[from] item: Life Orb
|
|-ability|p2a: Sharpedo|Speed Boost|boost
|-boost|p2a: Sharpedo|spe|1
|upkeep
|
|t:|1632371131
|switch|p1a: Thwackey|Thwackey, M|100/100
|-damage|p1a: Thwackey|88/100|[from] Stealth Rock
|-fieldstart|move: Grassy Terrain|[from] ability: Grassy Surge|[of] p1a: Thwackey
|turn|37
|
|t:|1632371134
|move|p2a: Sharpedo|Protect|p2a: Sharpedo
|-singleturn|p2a: Sharpedo|Protect
|move|p1a: Thwackey|Grassy Glide|p2a: Sharpedo
|-activate|p2a: Sharpedo|move: Protect
|
|-heal|p2a: Sharpedo|74/100|[from] Grassy Terrain
|-heal|p1a: Thwackey|94/100|[from] Grassy Terrain
|-ability|p2a: Sharpedo|Speed Boost|boost
|-boost|p2a: Sharpedo|spe|1
|upkeep
|turn|38
|
|t:|1632371145
|move|p2a: Sharpedo|Protect|p2a: Sharpedo
|-singleturn|p2a: Sharpedo|Protect
|move|p1a: Thwackey|Grassy Glide|p2a: Sharpedo
|-activate|p2a: Sharpedo|move: Protect
|
|-heal|p2a: Sharpedo|80/100|[from] Grassy Terrain
|-heal|p1a: Thwackey|99/100|[from] Grassy Terrain
|-ability|p2a: Sharpedo|Speed Boost|boost
|-boost|p2a: Sharpedo|spe|1
|upkeep
|turn|39
|
|t:|1632371160
|switch|p2a: Mimikyu|Mimikyu-Busted, F|34/100
|-damage|p2a: Mimikyu|21/100|[from] Stealth Rock
|move|p1a: Thwackey|Grassy Glide|p2a: Mimikyu
|-damage|p2a: Mimikyu|0 fnt
|faint|p2a: Mimikyu
|
|-heal|p1a: Thwackey|100/100|[from] Grassy Terrain
|upkeep
|
|t:|1632371163
|switch|p2a: Sharpedo|Sharpedo, F|80/100
|-damage|p2a: Sharpedo|68/100|[from] Stealth Rock
|turn|40
|
|t:|1632371165
|move|p2a: Sharpedo|Protect|p2a: Sharpedo
|-singleturn|p2a: Sharpedo|Protect
|move|p1a: Thwackey|Grassy Glide|p2a: Sharpedo
|-activate|p2a: Sharpedo|move: Protect
|
|-heal|p2a: Sharpedo|74/100|[from] Grassy Terrain
|-ability|p2a: Sharpedo|Speed Boost|boost
|-boost|p2a: Sharpedo|spe|1
|upkeep
|turn|41
|
|t:|1632371174
|move|p1a: Thwackey|Grassy Glide|p2a: Sharpedo
|-supereffective|p2a: Sharpedo
|-damage|p2a: Sharpedo|0 fnt
|faint|p2a: Sharpedo
|
|-fieldend|move: Grassy Terrain
|upkeep
|
|t:|1632371176
|switch|p2a: Flygon|Flygon, F|99/100
|-damage|p2a: Flygon|94/100|[from] Stealth Rock
|turn|42
|
|t:|1632371178
|switch|p1a: Noivern|Noivern, M|100/100
|move|p2a: Flygon|Dragon Dance|p2a: Flygon
|-boost|p2a: Flygon|atk|1
|-boost|p2a: Flygon|spe|1
|
|upkeep
|turn|43
|
|t:|1632371183
|move|p2a: Flygon|Dragon Claw|p1a: Noivern
|-supereffective|p1a: Noivern
|-damage|p1a: Noivern|0 fnt
|faint|p1a: Noivern
|
|upkeep
|
|t:|1632371186
|switch|p1a: Thwackey|Thwackey, M|100/100
|-damage|p1a: Thwackey|88/100|[from] Stealth Rock
|-fieldstart|move: Grassy Terrain|[from] ability: Grassy Surge|[of] p1a: Thwackey
|turn|44
|
|t:|1632371189
|move|p1a: Thwackey|Grassy Glide|p2a: Flygon
|-damage|p2a: Flygon|26/100
|move|p2a: Flygon|Dragon Claw|p1a: Thwackey
|-damage|p1a: Thwackey|10/100
|
|-heal|p1a: Thwackey|16/100|[from] Grassy Terrain
|upkeep
|turn|45
|c|☆Feliburn|gg
|c|☆whisperofheart|gg
|
|t:|1632371198
|move|p1a: Thwackey|Grassy Glide|p2a: Flygon
|-damage|p2a: Flygon|0 fnt
|faint|p2a: Flygon
|
|win|Feliburn
|n|☆Feliburn|feliburn
|n|☆whisperofheart|whisperofheart
|n|+Oathkeepre|oathkeepre
