|j|☆literallyfreemoney
|j|☆yOuRwElCoMeThAnK
|t:|1636126465
|gametype|singles
|player|p1|literallyfreemoney|17|1428
|player|p2|yOuRwElCoMeThAnK|hiker-gen4|1593
|teamsize|p1|6
|teamsize|p2|6
|gen|8
|tier|[Gen 8] RU
|rated|
|rule|Sleep Clause Mod: Limit one foe put to sleep
|rule|Species Clause: Limit one of each Pokémon
|rule|OHKO Clause: OHKO moves are banned
|rule|Evasion Moves Clause: Evasion moves are banned
|rule|Endless Battle Clause: Forcing endless battles is banned
|rule|HP Percentage Mod: HP is shown in percentages
|rule|Dynamax Clause: You cannot dynamax
|clearpoke
|poke|p1|Heracross, M|
|poke|p1|Steelix, M|
|poke|p1|Toxtricity, F|
|poke|p1|Crobat, F|
|poke|p1|Milotic, F|
|poke|p1|Gardevoir, M|
|poke|p2|Raikou|
|poke|p2|Cobalion|
|poke|p2|Regidrago|
|poke|p2|Gastrodon, F|
|poke|p2|Stakataka|
|poke|p2|Celebi|
|teampreview
|c|☆yOuRwElCoMeThAnK|hf
|c|☆literallyfreemoney|ty u2
|
|t:|1636126483
|start
|switch|p1a: Toxtricity|Toxtricity, F|100/100
|switch|p2a: Gastrodon|Gastrodon, F|100/100
|turn|1
|
|t:|1636126488
|move|p1a: Toxtricity|Boomburst|p2a: Gastrodon
|-crit|p2a: Gastrodon
|-damage|p2a: Gastrodon|0 fnt
|faint|p2a: Gastrodon
|
|upkeep
|
|t:|1636126504
|switch|p2a: Stakataka|Stakataka|100/100
|turn|2
|
|t:|1636126511
|switch|p1a: Guts|Heracross, M|100/100
|move|p2a: Stakataka|Earthquake|p1a: Guts
|-resisted|p1a: Guts
|-damage|p1a: Guts|66/100
|-damage|p2a: Stakataka|91/100|[from] item: Life Orb
|
|-status|p1a: Guts|brn|[from] item: Flame Orb
|upkeep
|turn|3
|
|t:|1636126522
|switch|p2a: Celebi|Celebi|100/100
|move|p1a: Guts|Facade|p2a: Celebi
|-crit|p2a: Celebi
|-damage|p2a: Celebi|0 fnt
|faint|p2a: Celebi
|
|-damage|p1a: Guts|60/100 brn|[from] brn
|upkeep
|
|t:|1636126539
|switch|p2a: Raikou|Raikou|100/100
|turn|4
|
|t:|1636126548
|switch|p1a: Gardevoir|Gardevoir, M|100/100
|-ability|p1a: Gardevoir|Inner Focus|[from] ability: Trace|[of] p2a: Raikou
|move|p2a: Raikou|Scald|p1a: Gardevoir
|-damage|p1a: Gardevoir|72/100
|
|upkeep
|turn|5
|
|t:|1636126554
|move|p1a: Gardevoir|Trick|p2a: Raikou
|-activate|p1a: Gardevoir|move: Trick|[of] p2a: Raikou
|-item|p2a: Raikou|Choice Scarf|[from] move: Trick
|-item|p1a: Gardevoir|Heavy-Duty Boots|[from] move: Trick
|move|p2a: Raikou|Volt Switch|p1a: Gardevoir
|-damage|p1a: Gardevoir|38/100
|
|t:|1636126559
|switch|p2a: Stakataka|Stakataka|91/100|[from]move: Volt Switch
|
|upkeep
|turn|6
|
|t:|1636126566
|switch|p1a: Milotic|Milotic, F|100/100
|move|p2a: Stakataka|Trick Room|p2a: Stakataka
|-fieldstart|move: Trick Room|[of] p2a: Stakataka
|
|-status|p1a: Milotic|brn|[from] item: Flame Orb
|upkeep
|turn|7
|
|t:|1636126574
|switch|p2a: Raikou|Raikou|100/100
|move|p1a: Milotic|Scald|p2a: Raikou
|-damage|p2a: Raikou|69/100
|-status|p2a: Raikou|brn
|
|-damage|p1a: Milotic|94/100 brn|[from] brn
|-damage|p2a: Raikou|63/100 brn|[from] brn
|upkeep
|turn|8
|
|t:|1636126577
|switch|p1a: Steelix|Steelix, M|100/100
|move|p2a: Raikou|Thunderbolt|p1a: Steelix
|-immune|p1a: Steelix
|
|-damage|p2a: Raikou|57/100 brn|[from] brn
|upkeep
|turn|9
|
|t:|1636126581
|switch|p2a: Cobalion|Cobalion|100/100
|move|p1a: Steelix|Stealth Rock|p2a: Cobalion
|-sidestart|p2: yOuRwElCoMeThAnK|move: Stealth Rock
|
|upkeep
|turn|10
|
|t:|1636126587
|switch|p1a: Milotic|Milotic, F|94/100 brn
|move|p2a: Cobalion|Stealth Rock|p1a: Milotic
|-sidestart|p1: literallyfreemoney|move: Stealth Rock
|
|-damage|p1a: Milotic|88/100 brn|[from] brn
|-fieldend|move: Trick Room
|upkeep
|turn|11
|
|t:|1636126593
|switch|p2a: Regidrago|Regidrago|100/100
|-damage|p2a: Regidrago|88/100|[from] Stealth Rock
|move|p1a: Milotic|Scald|p2a: Regidrago
|-resisted|p2a: Regidrago
|-crit|p2a: Regidrago
|-damage|p2a: Regidrago|65/100
|
|-heal|p2a: Regidrago|71/100|[from] item: Leftovers
|-damage|p1a: Milotic|82/100 brn|[from] brn
|upkeep
|turn|12
|
|t:|1636126595
|move|p2a: Regidrago|Substitute|p2a: Regidrago
|-start|p2a: Regidrago|Substitute
|-damage|p2a: Regidrago|46/100
|move|p1a: Milotic|Ice Beam|p2a: Regidrago
|-supereffective|p2a: Regidrago
|-end|p2a: Regidrago|Substitute
|
|-heal|p2a: Regidrago|52/100|[from] item: Leftovers
|-damage|p1a: Milotic|76/100 brn|[from] brn
|upkeep
|turn|13
|
|t:|1636126611
|move|p2a: Regidrago|Outrage|p1a: Milotic
|-damage|p1a: Milotic|42/100 brn
|move|p1a: Milotic|Ice Beam|p2a: Regidrago
|-supereffective|p2a: Regidrago
|-damage|p2a: Regidrago|7/100
|
|-heal|p2a: Regidrago|13/100|[from] item: Leftovers
|-damage|p1a: Milotic|36/100 brn|[from] brn
|upkeep
|turn|14
|
|t:|1636126619
|move|p2a: Regidrago|Outrage|p1a: Milotic|[from]lockedmove
|-damage|p1a: Milotic|0 fnt
|faint|p1a: Milotic
|
|-heal|p2a: Regidrago|19/100|[from] item: Leftovers
|upkeep
|
|t:|1636126626
|switch|p1a: Gardevoir|Gardevoir, M|38/100
|-ability|p1a: Gardevoir|Dragon's Maw|[from] ability: Trace|[of] p2a: Regidrago
|turn|15
|
|t:|1636126628
|move|p1a: Gardevoir|Moonblast|p2a: Regidrago
|-supereffective|p2a: Regidrago
|-damage|p2a: Regidrago|0 fnt
|faint|p2a: Regidrago
|
|upkeep
|
|t:|1636126637
|switch|p2a: Cobalion|Cobalion|100/100
|-damage|p2a: Cobalion|97/100|[from] Stealth Rock
|turn|16
|
|t:|1636126646
|move|p2a: Cobalion|Iron Head|p1a: Gardevoir
|-supereffective|p1a: Gardevoir
|-damage|p1a: Gardevoir|0 fnt
|faint|p1a: Gardevoir
|
|upkeep
|
|t:|1636126655
|switch|p1a: Toxtricity|Toxtricity, F|100/100
|-damage|p1a: Toxtricity|88/100|[from] Stealth Rock
|turn|17
|
|t:|1636126658
|move|p2a: Cobalion|Close Combat|p1a: Toxtricity
|-resisted|p1a: Toxtricity
|-damage|p1a: Toxtricity|49/100
|-unboost|p2a: Cobalion|def|1
|-unboost|p2a: Cobalion|spd|1
|move|p1a: Toxtricity|Overdrive|p2a: Cobalion
|-damage|p2a: Cobalion|0 fnt
|faint|p2a: Cobalion
|
|upkeep
|
|t:|1636126661
|switch|p2a: Raikou|Raikou|57/100 brn
|-damage|p2a: Raikou|44/100 brn|[from] Stealth Rock
|turn|18
|
|t:|1636126667
|move|p2a: Raikou|Extrasensory|p1a: Toxtricity
|-supereffective|p1a: Toxtricity
|-damage|p1a: Toxtricity|0 fnt
|faint|p1a: Toxtricity
|
|-damage|p2a: Raikou|38/100 brn|[from] brn
|upkeep
|
|t:|1636126669
|switch|p1a: Steelix|Steelix, M|100/100
|-damage|p1a: Steelix|97/100|[from] Stealth Rock
|turn|19
|j| Piss Drivel
|
|t:|1636126672
|move|p2a: Raikou|Extrasensory|p1a: Steelix
|-resisted|p1a: Steelix
|-damage|p1a: Steelix|86/100
|move|p1a: Steelix|Earthquake|p2a: Raikou
|-supereffective|p2a: Raikou
|-damage|p2a: Raikou|0 fnt
|faint|p2a: Raikou
|
|-heal|p1a: Steelix|93/100|[from] item: Leftovers
|upkeep
|
|t:|1636126673
|switch|p2a: Stakataka|Stakataka|91/100
|-damage|p2a: Stakataka|85/100|[from] Stealth Rock
|turn|20
|
|t:|1636126675
|move|p1a: Steelix|Earthquake|p2a: Stakataka
|-supereffective|p2a: Stakataka
|-damage|p2a: Stakataka|7/100
|move|p2a: Stakataka|Earthquake|p1a: Steelix
|-supereffective|p1a: Steelix
|-damage|p1a: Steelix|43/100
|-damage|p2a: Stakataka|0 fnt|[from] item: Life Orb
|faint|p2a: Stakataka
|
|win|literallyfreemoney
|raw|literallyfreemoney's rating: 1428 &rarr; <strong>1457</strong><br />(+29 for winning)
|raw|yOuRwElCoMeThAnK's rating: 1593 &rarr; <strong>1564</strong><br />(-29 for losing)
|l|☆literallyfreemoney
||Ladder isn't responding, score probably updated but might not have (Request timeout).
|l| Piss Drivel
|j| Piss Drivel
