|j|☆hnjnjin
|j|☆kerorek
|t:|1664362990
|gametype|singles
|player|p1|hnjnjin|102|1196
|player|p2|kerorek|lass-gen4dp|1487
|teamsize|p1|6
|teamsize|p2|6
|gen|8
|tier|[Gen 8] RU
|rated|
|rule|Sleep Clause Mod: Limit one foe put to sleep
|rule|Species Clause: Limit one of each Pokémon
|rule|OHKO Clause: OHKO moves are banned
|rule|Evasion Items Clause: Evasion items are banned
|rule|Evasion Moves Clause: Evasion moves are banned
|rule|Endless Battle Clause: Forcing endless battles is banned
|rule|HP Percentage Mod: HP is shown in percentages
|rule|Dynamax Clause: You cannot dynamax
|clearpoke
|poke|p1|Raikou|
|poke|p1|Pangoro, F|
|poke|p1|Togekiss, M|
|poke|p1|Seismitoad, M|
|poke|p1|Flygon, F|
|poke|p1|Registeel|
|poke|p2|Zoroark, F|
|poke|p2|Mantine, M|
|poke|p2|Vanilluxe, F|
|poke|p2|Togedemaru, M|
|poke|p2|Comfey, M|
|poke|p2|Archeops, F|
|teampreview
|
|t:|1664363011
|start
|switch|p1a: Flygon|Flygon, F|100/100
|switch|p2a: Archeops|Archeops, F|100/100
|turn|1
|j| opnegopwneg
|
|t:|1664363027
|switch|p2a: Comfey|Comfey, M|100/100
|move|p1a: Flygon|Steel Wing|p2a: Comfey
|-supereffective|p2a: Comfey
|-damage|p2a: Comfey|64/100
|-boost|p1a: Flygon|def|1
|-damage|p1a: Flygon|84/100|[from] item: Rocky Helmet|[of] p2a: Comfey
|
|upkeep
|turn|2
|
|t:|1664363040
|switch|p1a: Registeel|Registeel|100/100
|move|p2a: Comfey|U-turn|p1a: Registeel
|-resisted|p1a: Registeel
|-damage|p1a: Registeel|97/100
|l|opnegopwneg
|
|t:|1664363052
|switch|p2a: Archeops|Archeops, F|100/100|[from]move: U-turn
|
|-heal|p1a: Registeel|100/100|[from] item: Leftovers
|upkeep
|turn|3
|
|t:|1664363064
|switch|p1a: Flygon|Flygon, F|84/100
|move|p2a: Archeops|Earthquake|p1a: Flygon
|-immune|p1a: Flygon|[from] ability: Levitate
|
|upkeep
|turn|4
|
|t:|1664363073
|switch|p2a: Comfey|Comfey, M|64/100
|move|p1a: Flygon|Steel Wing|p2a: Comfey
|-supereffective|p2a: Comfey
|-crit|p2a: Comfey
|-damage|p2a: Comfey|8/100
|-damage|p1a: Flygon|67/100|[from] item: Rocky Helmet|[of] p2a: Comfey
|
|upkeep
|turn|5
|
|t:|1664363080
|switch|p1a: Registeel|Registeel|100/100
|move|p2a: Comfey|Synthesis|p2a: Comfey
|-heal|p2a: Comfey|58/100
|
|upkeep
|turn|6
|
|t:|1664363088
|move|p2a: Comfey|U-turn|p1a: Registeel
|-resisted|p1a: Registeel
|-damage|p1a: Registeel|97/100
|
|t:|1664363093
|switch|p2a: Archeops|Archeops, F|100/100|[from]move: U-turn
|move|p1a: Registeel|Iron Head|p2a: Archeops
|-damage|p2a: Archeops|60/100
|replace|p2a: Zoroark|Zoroark, F, shiny
|-end|p2a: Zoroark|Illusion
|
|-heal|p1a: Registeel|100/100|[from] item: Leftovers
|upkeep
|turn|7
|
|t:|1664363118
|switch|p1a: Flygon|Flygon, F|67/100
|move|p2a: Zoroark|Low Kick|p1a: Flygon
|-damage|p1a: Flygon|21/100
|
|upkeep
|turn|8
|
|t:|1664363127
|switch|p2a: Comfey|Comfey, M|58/100
|move|p1a: Flygon|U-turn|p2a: Comfey
|-resisted|p2a: Comfey
|-damage|p2a: Comfey|50/100
|-damage|p1a: Flygon|4/100|[from] item: Rocky Helmet|[of] p2a: Comfey
|
|t:|1664363137
|switch|p1a: Registeel|Registeel|100/100|[from]move: U-turn
|
|upkeep
|turn|9
|
|t:|1664363140
|move|p2a: Comfey|U-turn|p1a: Registeel
|-resisted|p1a: Registeel
|-damage|p1a: Registeel|98/100
|
|t:|1664363148
|switch|p2a: Togedemaru|Togedemaru, M|100/100|[from]move: U-turn
|move|p1a: Registeel|Iron Head|p2a: Togedemaru
|-resisted|p2a: Togedemaru
|-damage|p2a: Togedemaru|92/100
|
|-heal|p2a: Togedemaru|98/100|[from] item: Leftovers
|-heal|p1a: Registeel|100/100|[from] item: Leftovers
|upkeep
|turn|10
|
|t:|1664363158
|switch|p1a: Seismitoad|Seismitoad, M|100/100
|move|p2a: Togedemaru|Wish|p2a: Togedemaru
|
|-heal|p2a: Togedemaru|100/100|[from] item: Leftovers
|upkeep
|turn|11
|
|t:|1664363168
|move|p2a: Togedemaru|U-turn|p1a: Seismitoad
|-crit|p1a: Seismitoad
|-damage|p1a: Seismitoad|74/100
|
|t:|1664363172
|switch|p2a: Archeops|Archeops, F|60/100|[from]move: U-turn
|move|p1a: Seismitoad|Stealth Rock|p2a: Archeops
|-sidestart|p2: kerorek|move: Stealth Rock
|
|-heal|p2a: Archeops|100/100|[from] move: Wish|[wisher] Togedemaru
|upkeep
|turn|12
|
|t:|1664363180
|move|p2a: Archeops|U-turn|p1a: Seismitoad
|-damage|p1a: Seismitoad|43/100
|
|t:|1664363184
|switch|p2a: Mantine|Mantine, M|100/100|[from]move: U-turn
|move|p1a: Seismitoad|Scald|p2a: Mantine
|-immune|p2a: Mantine|[from] ability: Water Absorb
|
|upkeep
|turn|13
|
|t:|1664363203
|switch|p1a: Raikou|Raikou|100/100
|move|p2a: Mantine|Defog|p1a: Raikou
|-unboost|p1a: Raikou|evasion|1
|-sideend|p2: kerorek|Stealth Rock|[from] move: Defog|[of] p2a: Mantine
|
|upkeep
|turn|14
|
|t:|1664363209
|switch|p2a: Togedemaru|Togedemaru, M|100/100
|move|p1a: Raikou|Calm Mind|p1a: Raikou
|-boost|p1a: Raikou|spa|1
|-boost|p1a: Raikou|spd|1
|
|upkeep
|turn|15
|
|t:|1664363213
|move|p1a: Raikou|Aura Sphere|p2a: Togedemaru
|-supereffective|p2a: Togedemaru
|-damage|p2a: Togedemaru|30/100
|move|p2a: Togedemaru|U-turn|p1a: Raikou
|-damage|p1a: Raikou|78/100
|
|t:|1664363248
|switch|p2a: Vanilluxe|Vanilluxe, F|100/100|[from]move: U-turn
|-weather|Hail|[from] ability: Snow Warning|[of] p2a: Vanilluxe
|
|-weather|Hail|[upkeep]
|-damage|p1a: Raikou|72/100|[from] Hail
|-heal|p1a: Raikou|78/100|[from] item: Leftovers
|upkeep
|turn|16
|
|t:|1664363255
|move|p2a: Vanilluxe|Ice Shard|p1a: Raikou
|-damage|p1a: Raikou|59/100
|move|p1a: Raikou|Aura Sphere|p2a: Vanilluxe
|-supereffective|p2a: Vanilluxe
|-damage|p2a: Vanilluxe|0 fnt
|faint|p2a: Vanilluxe
|
|-weather|Hail|[upkeep]
|-damage|p1a: Raikou|53/100|[from] Hail
|-heal|p1a: Raikou|59/100|[from] item: Leftovers
|upkeep
|
|t:|1664363262
|switch|p2a: Archeops|Archeops, F|100/100
|turn|17
|
|t:|1664363265
|move|p2a: Archeops|Sucker Punch|p1a: Raikou
|-damage|p1a: Raikou|0 fnt
|faint|p1a: Raikou
|
|-weather|Hail|[upkeep]
|-damage|p2a: Archeops|94/100|[from] Hail
|upkeep
|
|t:|1664363271
|switch|p1a: Pangoro|Pangoro, F|100/100
|turn|18
|
|t:|1664363279
|switch|p2a: Mantine|Mantine, M|100/100
|move|p1a: Pangoro|Knock Off|p2a: Mantine
|-damage|p2a: Mantine|38/100
|-enditem|p2a: Mantine|Heavy-Duty Boots|[from] move: Knock Off|[of] p1a: Pangoro
|
|-weather|Hail|[upkeep]
|-damage|p2a: Mantine|32/100|[from] Hail
|-damage|p1a: Pangoro|94/100|[from] Hail
|upkeep
|turn|19
|
|t:|1664363300
|switch|p1a: Registeel|Registeel|100/100
|move|p2a: Mantine|Roost|p2a: Mantine
|-heal|p2a: Mantine|82/100
|-singleturn|p2a: Mantine|move: Roost
|
|-weather|none
|upkeep
|turn|20
|
|t:|1664363319
|switch|p2a: Archeops|Archeops, F|94/100
|switch|p1a: Flygon|Flygon, F|4/100
|
|upkeep
|turn|21
|
|t:|1664363334
|switch|p1a: Pangoro|Pangoro, F|94/100
|switch|p2a: Comfey|Comfey, M|50/100
|
|upkeep
|turn|22
|
|t:|1664363340
|switch|p1a: Registeel|Registeel|100/100
|move|p2a: Comfey|Synthesis|p2a: Comfey
|-heal|p2a: Comfey|99/100
|
|upkeep
|turn|23
|
|t:|1664363348
|switch|p1a: Seismitoad|Seismitoad, M|43/100
|move|p2a: Comfey|U-turn|p1a: Seismitoad
|-damage|p1a: Seismitoad|35/100
|
|t:|1664363356
|switch|p2a: Archeops|Archeops, F|100/100|[from]move: U-turn
|
|upkeep
|turn|24
|
|t:|1664363370
|move|p2a: Archeops|U-turn|p1a: Seismitoad
|-damage|p1a: Seismitoad|0 fnt
|faint|p1a: Seismitoad
|
|t:|1664363379
|switch|p2a: Comfey|Comfey, M|94/100|[from]move: U-turn
|
|upkeep
|
|t:|1664363386
|switch|p1a: Togekiss|Togekiss, M|100/100
|turn|25
|
|t:|1664363394
|switch|p2a: Mantine|Mantine, M|82/100
|move|p1a: Togekiss|Dazzling Gleam|p2a: Mantine
|-damage|p2a: Mantine|55/100
|
|upkeep
|turn|26
|
|t:|1664363400
|move|p1a: Togekiss|Dazzling Gleam|p2a: Mantine
|-damage|p2a: Mantine|23/100
|move|p2a: Mantine|Roost|p2a: Mantine
|-heal|p2a: Mantine|73/100
|-singleturn|p2a: Mantine|move: Roost
|
|upkeep
|turn|27
|
|t:|1664363405
|move|p1a: Togekiss|Air Slash|p2a: Mantine
|-damage|p2a: Mantine|45/100
|cant|p2a: Mantine|flinch
|
|upkeep
|turn|28
|
|t:|1664363409
|switch|p2a: Togedemaru|Togedemaru, M|30/100
|move|p1a: Togekiss|Air Slash|p2a: Togedemaru
|-resisted|p2a: Togedemaru
|-damage|p2a: Togedemaru|21/100
|
|-heal|p2a: Togedemaru|27/100|[from] item: Leftovers
|upkeep
|turn|29
|
|t:|1664363418
|switch|p1a: Registeel|Registeel|100/100
|move|p2a: Togedemaru|Wish|p2a: Togedemaru
|
|-heal|p2a: Togedemaru|33/100|[from] item: Leftovers
|upkeep
|turn|30
|
|t:|1664363426
|move|p2a: Togedemaru|Spiky Shield|p2a: Togedemaru
|-singleturn|p2a: Togedemaru|move: Protect
|move|p1a: Registeel|Seismic Toss|p2a: Togedemaru
|-activate|p2a: Togedemaru|move: Protect
|-damage|p1a: Registeel|88/100|[from] Spiky Shield|[of] p2a: Togedemaru
|
|-heal|p2a: Togedemaru|83/100|[from] move: Wish|[wisher] Togedemaru
|-heal|p2a: Togedemaru|89/100|[from] item: Leftovers
|-heal|p1a: Registeel|94/100|[from] item: Leftovers
|upkeep
|turn|31
|
|t:|1664363431
|move|p2a: Togedemaru|U-turn|p1a: Registeel
|-resisted|p1a: Registeel
|-damage|p1a: Registeel|89/100
|
|t:|1664363438
|switch|p2a: Mantine|Mantine, M|45/100|[from]move: U-turn
|move|p1a: Registeel|Seismic Toss|p2a: Mantine
|-damage|p2a: Mantine|18/100
|
|-heal|p1a: Registeel|95/100|[from] item: Leftovers
|upkeep
|turn|32
|
|t:|1664363443
|move|p2a: Mantine|Roost|p2a: Mantine
|-heal|p2a: Mantine|68/100
|-singleturn|p2a: Mantine|move: Roost
|move|p1a: Registeel|Toxic|p2a: Mantine
|-status|p2a: Mantine|tox
|
|-heal|p1a: Registeel|100/100|[from] item: Leftovers
|-damage|p2a: Mantine|62/100 tox|[from] psn
|upkeep
|turn|33
|
|t:|1664363448
|move|p2a: Mantine|Roost|p2a: Mantine
|-heal|p2a: Mantine|100/100 tox
|-singleturn|p2a: Mantine|move: Roost
|move|p1a: Registeel|Seismic Toss|p2a: Mantine
|-damage|p2a: Mantine|74/100 tox
|
|-damage|p2a: Mantine|61/100 tox|[from] psn
|upkeep
|turn|34
|
|t:|1664363450
|switch|p2a: Comfey|Comfey, M|99/100
|move|p1a: Registeel|Seismic Toss|p2a: Comfey
|-damage|p2a: Comfey|67/100
|-damage|p1a: Registeel|84/100|[from] item: Rocky Helmet|[of] p2a: Comfey
|
|-heal|p1a: Registeel|90/100|[from] item: Leftovers
|upkeep
|turn|35
|
|t:|1664363458
|move|p2a: Comfey|U-turn|p1a: Registeel
|-resisted|p1a: Registeel
|-damage|p1a: Registeel|87/100
|
|t:|1664363460
|switch|p2a: Togedemaru|Togedemaru, M|89/100|[from]move: U-turn
|move|p1a: Registeel|Iron Head|p2a: Togedemaru
|-resisted|p2a: Togedemaru
|-damage|p2a: Togedemaru|82/100
|
|-heal|p2a: Togedemaru|88/100|[from] item: Leftovers
|-heal|p1a: Registeel|93/100|[from] item: Leftovers
|upkeep
|turn|36
|
|t:|1664363465
|move|p2a: Togedemaru|Wish|p2a: Togedemaru
|move|p1a: Registeel|Seismic Toss|p2a: Togedemaru
|-damage|p2a: Togedemaru|58/100
|
|-heal|p2a: Togedemaru|64/100|[from] item: Leftovers
|-heal|p1a: Registeel|99/100|[from] item: Leftovers
|upkeep
|turn|37
|
|t:|1664363475
|move|p2a: Togedemaru|U-turn|p1a: Registeel
|-resisted|p1a: Registeel
|-crit|p1a: Registeel
|-damage|p1a: Registeel|91/100
|
|t:|1664363477
|switch|p2a: Comfey|Comfey, M|67/100|[from]move: U-turn
|move|p1a: Registeel|Seismic Toss|p2a: Comfey
|-damage|p2a: Comfey|34/100
|-damage|p1a: Registeel|75/100|[from] item: Rocky Helmet|[of] p2a: Comfey
|
|-heal|p2a: Comfey|89/100|[from] move: Wish|[wisher] Togedemaru
|-heal|p1a: Registeel|81/100|[from] item: Leftovers
|upkeep
|turn|38
|
|t:|1664363491
|move|p2a: Comfey|U-turn|p1a: Registeel
|-resisted|p1a: Registeel
|-damage|p1a: Registeel|78/100
|
|t:|1664363496
|switch|p2a: Togedemaru|Togedemaru, M|64/100|[from]move: U-turn
|move|p1a: Registeel|Seismic Toss|p2a: Togedemaru
|-damage|p2a: Togedemaru|34/100
|
|-heal|p2a: Togedemaru|40/100|[from] item: Leftovers
|-heal|p1a: Registeel|84/100|[from] item: Leftovers
|upkeep
|turn|39
|
|t:|1664363503
|switch|p1a: Pangoro|Pangoro, F|94/100
|move|p2a: Togedemaru|Wish|p2a: Togedemaru
|
|-heal|p2a: Togedemaru|46/100|[from] item: Leftovers
|upkeep
|turn|40
|
|t:|1664363513
|switch|p2a: Comfey|Comfey, M|89/100
|move|p1a: Pangoro|Thunder Punch|p2a: Comfey
|-damage|p2a: Comfey|43/100
|-status|p2a: Comfey|par
|-damage|p1a: Pangoro|78/100|[from] item: Rocky Helmet|[of] p2a: Comfey
|
|-heal|p2a: Comfey|97/100 par|[from] move: Wish|[wisher] Togedemaru
|upkeep
|turn|41
|
|t:|1664363519
|switch|p1a: Registeel|Registeel|84/100
|cant|p2a: Comfey|par
|
|-heal|p1a: Registeel|90/100|[from] item: Leftovers
|upkeep
|turn|42
|
|t:|1664363523
|move|p1a: Registeel|Iron Head|p2a: Comfey
|-supereffective|p2a: Comfey
|-damage|p2a: Comfey|61/100 par
|-damage|p1a: Registeel|74/100|[from] item: Rocky Helmet|[of] p2a: Comfey
|move|p2a: Comfey|Heal Bell|p2a: Comfey
|-activate|p2a: Comfey|move: Heal Bell
|-curestatus|p2a: Comfey|par|[msg]
|-curestatus|p2: Mantine|tox|[msg]
|
|-heal|p1a: Registeel|80/100|[from] item: Leftovers
|upkeep
|turn|43
|
|t:|1664363535
|move|p2a: Comfey|U-turn|p1a: Registeel
|-resisted|p1a: Registeel
|-damage|p1a: Registeel|77/100
|
|t:|1664363549
|switch|p2a: Mantine|Mantine, M|94/100|[from]move: U-turn
|move|p1a: Registeel|Seismic Toss|p2a: Mantine
|-damage|p2a: Mantine|56/100
|replace|p2a: Zoroark|Zoroark, F, shiny
|-end|p2a: Zoroark|Illusion
|
|-heal|p1a: Registeel|83/100|[from] item: Leftovers
|upkeep
|turn|44
|
|t:|1664363562
|switch|p1a: Togekiss|Togekiss, M|100/100
|move|p2a: Zoroark|U-turn|p1a: Togekiss
|-resisted|p1a: Togekiss
|-damage|p1a: Togekiss|94/100
|
|t:|1664363566
|switch|p2a: Archeops|Archeops, F|100/100|[from]move: U-turn
|
|upkeep
|turn|45
|
|t:|1664363577
|switch|p1a: Pangoro|Pangoro, F|78/100
|move|p2a: Archeops|Stone Edge|p1a: Pangoro
|-resisted|p1a: Pangoro
|-damage|p1a: Pangoro|38/100
|
|upkeep
|turn|46
|
|t:|1664363587
|switch|p2a: Comfey|Comfey, M|61/100
|move|p1a: Pangoro|Bullet Punch|p2a: Comfey
|-supereffective|p2a: Comfey
|-damage|p2a: Comfey|14/100
|-damage|p1a: Pangoro|21/100|[from] item: Rocky Helmet|[of] p2a: Comfey
|
|upkeep
|turn|47
|
|t:|1664363601
|switch|p1a: Togekiss|Togekiss, M|94/100
|move|p2a: Comfey|Synthesis|p2a: Comfey
|-heal|p2a: Comfey|64/100
|
|upkeep
|turn|48
|
|t:|1664363606
|switch|p2a: Togedemaru|Togedemaru, M|46/100
|move|p1a: Togekiss|Dazzling Gleam|p2a: Togedemaru
|-resisted|p2a: Togedemaru
|-damage|p2a: Togedemaru|28/100
|
|-heal|p2a: Togedemaru|34/100|[from] item: Leftovers
|upkeep
|turn|49
|
|t:|1664363612
|move|p2a: Togedemaru|Wish|p2a: Togedemaru
|move|p1a: Togekiss|Fire Blast|p2a: Togedemaru
|-supereffective|p2a: Togedemaru
|-damage|p2a: Togedemaru|0 fnt
|faint|p2a: Togedemaru
|
|upkeep
|
|t:|1664363617
|switch|p2a: Archeops|Archeops, F|100/100
|turn|50
|
|t:|1664363637
|switch|p1a: Flygon|Flygon, F|4/100
|move|p2a: Archeops|Earthquake|p1a: Flygon
|-immune|p1a: Flygon|[from] ability: Levitate
|
|upkeep
|turn|51
|
|t:|1664363654
|switch|p2a: Comfey|Comfey, M|64/100
|move|p1a: Flygon|Stone Edge|p2a: Comfey
|-damage|p2a: Comfey|40/100
|
|upkeep
|turn|52
|
|t:|1664363659
|switch|p1a: Registeel|Registeel|83/100
|move|p2a: Comfey|U-turn|p1a: Registeel
|-resisted|p1a: Registeel
|-damage|p1a: Registeel|80/100
|
|t:|1664363668
|switch|p2a: Mantine|Mantine, M|56/100|[from]move: U-turn
|
|-heal|p1a: Registeel|86/100|[from] item: Leftovers
|upkeep
|turn|53
|
|t:|1664363673
|move|p2a: Mantine|Low Kick|p1a: Registeel
|-supereffective|p1a: Registeel
|-damage|p1a: Registeel|9/100
|move|p1a: Registeel|Toxic|p2a: Mantine
|-status|p2a: Mantine|tox
|
|-heal|p1a: Registeel|15/100|[from] item: Leftovers
|-damage|p2a: Mantine|50/100 tox|[from] psn
|upkeep
|turn|54
|
|t:|1664363685
|switch|p1a: Togekiss|Togekiss, M|94/100
|move|p2a: Mantine|Low Kick|p1a: Togekiss
|-resisted|p1a: Togekiss
|-damage|p1a: Togekiss|87/100
|
|-damage|p2a: Mantine|38/100 tox|[from] psn
|upkeep
|turn|55
|
|t:|1664363693
|switch|p2a: Mantine|Mantine, M|61/100
|move|p1a: Togekiss|Dazzling Gleam|p2a: Mantine
|-damage|p2a: Mantine|32/100
|
|upkeep
|turn|56
|
|t:|1664363701
|move|p1a: Togekiss|Air Slash|p2a: Mantine
|-damage|p2a: Mantine|4/100
|move|p2a: Mantine|Toxic|p1a: Togekiss
|-status|p1a: Togekiss|tox
|
|-damage|p1a: Togekiss|81/100 tox|[from] psn
|upkeep
|turn|57
|
|t:|1664363705
|move|p1a: Togekiss|Dazzling Gleam|p2a: Mantine
|-damage|p2a: Mantine|0 fnt
|faint|p2a: Mantine
|
|-damage|p1a: Togekiss|69/100 tox|[from] psn
|upkeep
|
|t:|1664363726
|switch|p2a: Archeops|Archeops, F|100/100
|turn|58
|
|t:|1664363747
|move|p2a: Archeops|Stone Edge|p1a: Togekiss
|-supereffective|p1a: Togekiss
|-crit|p1a: Togekiss
|-damage|p1a: Togekiss|0 fnt
|faint|p1a: Togekiss
|
|upkeep
|
|t:|1664363758
|switch|p1a: Pangoro|Pangoro, F|21/100
|turn|59
|
|t:|1664363790
|move|p1a: Pangoro|Bullet Punch|p2a: Archeops
|-supereffective|p2a: Archeops
|-damage|p2a: Archeops|24/100
|move|p2a: Archeops|Stone Edge|p1a: Pangoro
|-resisted|p1a: Pangoro
|-damage|p1a: Pangoro|0 fnt
|faint|p1a: Pangoro
|
|upkeep
|
|t:|1664363797
|switch|p1a: Flygon|Flygon, F|4/100
|turn|60
|
|t:|1664363805
|move|p1a: Flygon|Steel Wing|p2a: Archeops
|-supereffective|p2a: Archeops
|-damage|p2a: Archeops|0 fnt
|faint|p2a: Archeops
|
|upkeep
|
|t:|1664363809
|switch|p2a: Comfey|Comfey, M|40/100
|turn|61
|
|t:|1664363821
|switch|p1a: Registeel|Registeel|15/100
|move|p2a: Comfey|U-turn|p1a: Registeel
|-resisted|p1a: Registeel
|-damage|p1a: Registeel|12/100
|
|t:|1664363823
|switch|p2a: Comfey|Comfey, M|38/100 tox|[from]move: U-turn
|
|-heal|p1a: Registeel|18/100|[from] item: Leftovers
|-damage|p2a: Comfey|32/100 tox|[from] psn
|upkeep
|turn|62
|
|t:|1664363835
|move|p2a: Comfey|Knock Off|p1a: Registeel
|-damage|p1a: Registeel|0 fnt
|-enditem|p1a: Registeel|Leftovers|[from] move: Knock Off|[of] p2a: Comfey
|faint|p1a: Registeel
|
|-damage|p2a: Comfey|19/100 tox|[from] psn
|upkeep
|
|t:|1664363838
|switch|p1a: Flygon|Flygon, F|4/100
|turn|63
|
|t:|1664363842
|move|p1a: Flygon|Earthquake|p2a: Comfey
|-damage|p2a: Comfey|0 fnt
|replace|p2a: Zoroark|Zoroark, F, shiny
|-end|p2a: Zoroark|Illusion
|faint|p2a: Zoroark
|
|upkeep
|
|t:|1664363845
|switch|p2a: Comfey|Comfey, M|40/100
|turn|64
|
|t:|1664363847
|move|p2a: Comfey|Draining Kiss|p1a: Flygon
|-supereffective|p1a: Flygon
|-damage|p1a: Flygon|0 fnt
|-heal|p2a: Comfey|42/100|[from] drain|[of] p1a: Flygon
|faint|p1a: Flygon
|
|win|kerorek
|raw|hnjnjin's rating: 1226 &rarr; <strong>1217</strong><br />(-9 for losing)
|raw|kerorek's rating: 1487 &rarr; <strong>1494</strong><br />(+7 for winning)
|l|☆hnjnjin
||Ladder isn't responding, score probably updated but might not have (Request timeout).
