|j|☆Zorkthar
|j|☆Ventamicare
|t:|1617755587
|gametype|singles
|player|p1|Zorkthar|pokekid|1349
|player|p2|Ventamicare|will|1333
|teamsize|p1|6
|teamsize|p2|6
|gen|8
|tier|[Gen 8] RU
|rated|
|clearpoke
|poke|p1|Sharpedo, F|
|poke|p1|Aerodactyl, F|
|poke|p1|Metagross|
|poke|p1|Mimikyu, F|
|poke|p1|Zarude|
|poke|p1|Golisopod, M|
|poke|p2|Chandelure, M|
|poke|p2|Umbreon, M|
|poke|p2|Weezing-Galar, F|
|poke|p2|Togekiss, F|
|poke|p2|Milotic, M|
|poke|p2|Reuniclus, F|
|rule|Sleep Clause Mod: Limit one foe put to sleep
|rule|Species Clause: Limit one of each Pokémon
|rule|OHKO Clause: OHKO moves are banned
|rule|Evasion Moves Clause: Evasion moves are banned
|rule|Endless Battle Clause: Forcing endless battles is banned
|rule|HP Percentage Mod: HP is shown in percentages
|rule|Dynamax Clause: You cannot dynamax
|teampreview
|
|t:|1617755594
|start
|switch|p1a: Golisopod|Golisopod, M|100/100
|switch|p2a: Milotic|Milotic, M|100/100
|turn|1
|
|t:|1617755604
|move|p1a: Golisopod|First Impression|p2a: Milotic
|-damage|p2a: Milotic|59/100
|move|p2a: Milotic|Scald|p1a: Golisopod
|-resisted|p1a: Golisopod
|-damage|p1a: Golisopod|86/100
|
|-heal|p2a: Milotic|65/100|[from] item: Leftovers
|upkeep
|turn|2
|
|t:|1617755613
|move|p2a: Milotic|Scald|p1a: Golisopod
|-resisted|p1a: Golisopod
|-damage|p1a: Golisopod|69/100
|move|p1a: Golisopod|Knock Off|p2a: Milotic
|-damage|p2a: Milotic|37/100
|-enditem|p2a: Milotic|Leftovers|[from] move: Knock Off|[of] p1a: Golisopod
|
|upkeep
|turn|3
|
|t:|1617755621
|move|p2a: Milotic|Scald|p1a: Golisopod
|-resisted|p1a: Golisopod
|-damage|p1a: Golisopod|54/100
|move|p1a: Golisopod|Spikes|p2a: Milotic
|-sidestart|p2: Ventamicare|Spikes
|
|upkeep
|turn|4
|
|t:|1617755638
|move|p2a: Milotic|Recover|p2a: Milotic
|-heal|p2a: Milotic|87/100
|move|p1a: Golisopod|Spikes|p2a: Milotic
|-sidestart|p2: Ventamicare|Spikes
|
|upkeep
|turn|5
|
|t:|1617755646
|switch|p1a: Metagross|Metagross|100/100
|move|p2a: Milotic|Scald|p1a: Metagross
|-damage|p1a: Metagross|71/100
|
|upkeep
|turn|6
|
|t:|1617755654
|move|p2a: Milotic|Scald|p1a: Metagross
|-damage|p1a: Metagross|44/100
|move|p1a: Metagross|Stealth Rock|p2a: Milotic
|-sidestart|p2: Ventamicare|move: Stealth Rock
|
|upkeep
|turn|7
|
|t:|1617755662
|switch|p1a: Zarude|Zarude|100/100
|move|p2a: Milotic|Scald|p1a: Zarude
|-resisted|p1a: Zarude
|-damage|p1a: Zarude|86/100
|
|upkeep
|turn|8
|
|t:|1617755665
|switch|p2a: Togekiss|Togekiss, F|100/100
|move|p1a: Zarude|U-turn|p2a: Togekiss
|-resisted|p2a: Togekiss
|-damage|p2a: Togekiss|96/100
|
|t:|1617755670
|switch|p1a: Aerodactyl|Aerodactyl, F|100/100|[from]move: U-turn
|-ability|p1a: Aerodactyl|Unnerve
|
|upkeep
|turn|9
|
|t:|1617755686
|move|p1a: Aerodactyl|Stone Edge|p2a: Togekiss
|-supereffective|p2a: Togekiss
|-damage|p2a: Togekiss|6/100
|-damage|p1a: Aerodactyl|91/100|[from] item: Life Orb
|move|p2a: Togekiss|Defog|p1a: Aerodactyl
|-unboost|p1a: Aerodactyl|evasion|1
|-sideend|p2: Ventamicare|Spikes|[from] move: Defog|[of] p2a: Togekiss
|-sideend|p2: Ventamicare|Stealth Rock|[from] move: Defog|[of] p2a: Togekiss
|
|upkeep
|turn|10
|
|t:|1617755695
|switch|p2a: Umbreon|Umbreon, M|100/100
|move|p1a: Aerodactyl|Dual Wingbeat|p2a: Umbreon
|-damage|p2a: Umbreon|82/100
|-damage|p2a: Umbreon|63/100
|-hitcount|p2a: Umbreon|2
|-damage|p1a: Aerodactyl|81/100|[from] item: Life Orb
|
|-heal|p2a: Umbreon|70/100|[from] item: Leftovers
|upkeep
|turn|11
|
|t:|1617755707
|switch|p1a: Golisopod|Golisopod, M|54/100
|move|p2a: Umbreon|Wish|p2a: Umbreon
|
|-heal|p2a: Umbreon|76/100|[from] item: Leftovers
|upkeep
|turn|12
|
|t:|1617755712
|switch|p2a: Togekiss|Togekiss, F|6/100
|move|p1a: Golisopod|First Impression|p2a: Togekiss
|-resisted|p2a: Togekiss
|-damage|p2a: Togekiss|0 fnt
|faint|p2a: Togekiss
|
|upkeep
|
|t:|1617755716
|switch|p2a: Chandelure|Chandelure, M|100/100
|turn|13
|
|t:|1617755737
|move|p2a: Chandelure|Fire Blast|p1a: Golisopod
|-damage|p1a: Golisopod|0 fnt
|faint|p1a: Golisopod
|
|upkeep
|
|t:|1617755750
|switch|p1a: Mimikyu|Mimikyu, F|100/100
|turn|14
|
|t:|1617755761
|switch|p2a: Weezing|Weezing-Galar, F|100/100
|-ability|p2a: Weezing|Neutralizing Gas
|move|p1a: Mimikyu|Shadow Claw|p2a: Weezing
|-damage|p2a: Weezing|77/100
|-damage|p1a: Mimikyu|91/100|[from] item: Life Orb
|
|-heal|p2a: Weezing|83/100|[from] item: Black Sludge
|upkeep
|turn|15
|
|t:|1617755767
|switch|p1a: Metagross|Metagross|44/100
|move|p2a: Weezing|Toxic Spikes|p1a: Metagross
|-sidestart|p1: Zorkthar|move: Toxic Spikes
|
|-heal|p2a: Weezing|89/100|[from] item: Black Sludge
|upkeep
|turn|16
|
|t:|1617755770
|-end|p2a: Weezing|ability: Neutralizing Gas
|switch|p2a: Chandelure|Chandelure, M|100/100
|move|p1a: Metagross|Stealth Rock|p2a: Chandelure
|-sidestart|p2: Ventamicare|move: Stealth Rock
|
|upkeep
|turn|17
|
|t:|1617755776
|move|p1a: Metagross|Endure|p1a: Metagross
|-singleturn|p1a: Metagross|move: Endure
|move|p2a: Chandelure|Hex|p1a: Metagross
|-supereffective|p1a: Metagross
|-activate|p1a: Metagross|move: Endure
|-damage|p1a: Metagross|1/100
|
|upkeep
|turn|18
|-enditem|p1a: Metagross|Custap Berry|[eat]
|-activate|p1a: Metagross|item: Custap Berry|[consumed]
|
|t:|1617755782
|switch|p2a: Milotic|Milotic, M|87/100
|-damage|p2a: Milotic|74/100|[from] Stealth Rock
|move|p1a: Metagross|Earthquake|p2a: Milotic
|-damage|p2a: Milotic|42/100
|
|upkeep
|turn|19
|
|t:|1617755791
|move|p2a: Milotic|Recover|p2a: Milotic
|-heal|p2a: Milotic|92/100
|move|p1a: Metagross|Earthquake|p2a: Milotic
|-damage|p2a: Milotic|59/100
|
|upkeep
|turn|20
|
|t:|1617755795
|move|p2a: Milotic|Recover|p2a: Milotic
|-heal|p2a: Milotic|100/100
|move|p1a: Metagross|Earthquake|p2a: Milotic
|-damage|p2a: Milotic|71/100
|
|upkeep
|turn|21
|
|t:|1617755799
|move|p2a: Milotic|Scald|p1a: Metagross
|-damage|p1a: Metagross|0 fnt
|faint|p1a: Metagross
|
|upkeep
|
|t:|1617755805
|switch|p1a: Zarude|Zarude|86/100
|-status|p1a: Zarude|psn
|turn|22
|
|t:|1617755809
|switch|p2a: Weezing|Weezing-Galar, F|89/100
|-ability|p2a: Weezing|Neutralizing Gas
|-damage|p2a: Weezing|77/100|[from] Stealth Rock
|move|p1a: Zarude|Power Whip|p2a: Weezing|[miss]
|-miss|p1a: Zarude|p2a: Weezing
|
|-heal|p2a: Weezing|83/100|[from] item: Black Sludge
|-damage|p1a: Zarude|74/100 psn|[from] psn
|upkeep
|turn|23
|
|t:|1617755818
|switch|p1a: Sharpedo|Sharpedo, F|100/100
|-status|p1a: Sharpedo|psn
|move|p2a: Weezing|Strange Steam|p1a: Sharpedo
|-supereffective|p1a: Sharpedo
|-damage|p1a: Sharpedo|0 fnt
|faint|p1a: Sharpedo
|
|-heal|p2a: Weezing|89/100|[from] item: Black Sludge
|upkeep
|-message|Zorkthar forfeited.
|
|win|Ventamicare
|raw|Zorkthar's rating: 1349 &rarr; <strong>1329</strong><br />(-20 for losing)
|raw|Ventamicare's rating: 1353 &rarr; <strong>1373</strong><br />(+20 for winning)
|l|☆Zorkthar
||Ladder isn't responding, score probably updated but might not have (Request timeout).
