|j|☆yung centibro
|j|☆0Phux
|player|p1|yung centibro|1|1349
|player|p2|0Phux|erika-gen2|1159
|teamsize|p1|6
|teamsize|p2|6
|gametype|singles
|gen|8
|tier|[Gen 8] RU
|rated|
|rule|Sleep Clause Mod: Limit one foe put to sleep
|rule|Species Clause: Limit one of each Pokémon
|rule|OHKO Clause: OHKO moves are banned
|rule|Evasion Moves Clause: Evasion moves are banned
|rule|Endless Battle Clause: Forcing endless battles is banned
|rule|HP Percentage Mod: HP is shown in percentages
|clearpoke
|poke|p1|Passimian, M|
|poke|p1|Sigilyph, F|
|poke|p1|Silvally-*|
|poke|p1|Vaporeon, F|
|poke|p1|Vileplume, F|
|poke|p1|Gigalith, F|
|poke|p2|Gastrodon, F|
|poke|p2|Boltund, F|
|poke|p2|Vanilluxe, M|
|poke|p2|Froslass, F|
|poke|p2|Barbaracle, F|
|poke|p2|Goodra, M|
|rule|Dynamax Clause: You cannot dynamax
|teampreview
|j| staticdpp
|
|start
|switch|p1a: Gigalith|Gigalith, F|100/100
|switch|p2a: Froslass|Froslass, F|100/100
|-weather|Sandstorm|[from] ability: Sand Stream|[of] p1a: Gigalith
|turn|1
|inactive|Battle timer is ON: inactive players will automatically lose when time's up. (requested by yung centibro)
|inactive|0Phux has 120 seconds left.
|
|switch|p2a: Gastrodon|Gastrodon, F|100/100
|move|p1a: Gigalith|Rock Blast|p2a: Gastrodon|[miss]
|-miss|p1a: Gigalith|p2a: Gastrodon
|
|-weather|Sandstorm|[upkeep]
|upkeep
|turn|2
|
|move|p2a: Gastrodon|Scald|p1a: Gigalith
|-supereffective|p1a: Gigalith
|-damage|p1a: Gigalith|67/100
|move|p1a: Gigalith|Stealth Rock|p2a: Gastrodon
|-sidestart|p2: 0Phux|move: Stealth Rock
|
|-weather|Sandstorm|[upkeep]
|-heal|p1a: Gigalith|73/100|[from] item: Leftovers
|upkeep
|turn|3
|
|switch|p1a: Vaporeon|Vaporeon, F|100/100
|move|p2a: Gastrodon|Scald|p1a: Vaporeon
|-immune|p1a: Vaporeon|[from] ability: Water Absorb
|
|-weather|Sandstorm|[upkeep]
|-damage|p1a: Vaporeon|94/100|[from] Sandstorm
|-heal|p1a: Vaporeon|100/100|[from] item: Leftovers
|upkeep
|turn|4
|
|switch|p2a: Boltund|Boltund, F|100/100
|-damage|p2a: Boltund|88/100|[from] Stealth Rock
|move|p1a: Vaporeon|Wish|p1a: Vaporeon
|
|-weather|Sandstorm|[upkeep]
|-damage|p2a: Boltund|82/100|[from] Sandstorm
|-damage|p1a: Vaporeon|94/100|[from] Sandstorm
|-heal|p1a: Vaporeon|100/100|[from] item: Leftovers
|upkeep
|turn|5
|
|switch|p1a: Vileplume|Vileplume, F|100/100
|move|p2a: Boltund|Thunder Fang|p1a: Vileplume
|-resisted|p1a: Vileplume
|-damage|p1a: Vileplume|81/100
|-status|p2a: Boltund|psn|[from] ability: Effect Spore|[of] p1a: Vileplume
|-damage|p2a: Boltund|73/100 psn|[from] item: Life Orb
|
|-weather|none
|-heal|p1a: Vileplume|100/100|[from] move: Wish|[wisher] Vaporeon
|-damage|p2a: Boltund|60/100 psn|[from] psn
|upkeep
|turn|6
|
|switch|p1a: Vaporeon|Vaporeon, F|100/100
|move|p2a: Boltund|Fire Fang|p1a: Vaporeon
|-resisted|p1a: Vaporeon
|-damage|p1a: Vaporeon|85/100
|-damage|p2a: Boltund|51/100 psn|[from] item: Life Orb
|
|-heal|p1a: Vaporeon|91/100|[from] item: Leftovers
|-damage|p2a: Boltund|38/100 psn|[from] psn
|upkeep
|turn|7
|
|move|p1a: Vaporeon|Protect|p1a: Vaporeon
|-singleturn|p1a: Vaporeon|Protect
|move|p2a: Boltund|Crunch|p1a: Vaporeon
|-activate|p1a: Vaporeon|move: Protect
|
|-heal|p1a: Vaporeon|97/100|[from] item: Leftovers
|-damage|p2a: Boltund|26/100 psn|[from] psn
|upkeep
|turn|8
|
|switch|p1a: Gigalith|Gigalith, F|73/100
|-weather|Sandstorm|[from] ability: Sand Stream|[of] p1a: Gigalith
|move|p2a: Boltund|Fire Fang|p1a: Gigalith
|-resisted|p1a: Gigalith
|-damage|p1a: Gigalith|60/100
|-damage|p2a: Boltund|17/100 psn|[from] item: Life Orb
|
|-weather|Sandstorm|[upkeep]
|-damage|p2a: Boltund|11/100 psn|[from] Sandstorm
|-heal|p1a: Gigalith|66/100|[from] item: Leftovers
|-damage|p2a: Boltund|0 fnt|[from] psn
|faint|p2a: Boltund
|upkeep
|c|☆yung centibro|that's kinda sad
|inactive|0Phux has 120 seconds left.
|c|☆yung centibro|homedoggy did nothing
|inactive|0Phux has 90 seconds left.
|
|switch|p2a: Vanilluxe|Vanilluxe, M|100/100
|-damage|p2a: Vanilluxe|76/100|[from] Stealth Rock
|-weather|Hail|[from] ability: Snow Warning|[of] p2a: Vanilluxe
|turn|9
|inactive|0Phux has 60 seconds left.
|l| staticdpp
|
|move|p2a: Vanilluxe|Blizzard|p1a: Gigalith
|-damage|p1a: Gigalith|23/100
|move|p1a: Gigalith|Heavy Slam|p2a: Vanilluxe
|-supereffective|p2a: Vanilluxe
|-damage|p2a: Vanilluxe|0 fnt
|faint|p2a: Vanilluxe
|
|-weather|Hail|[upkeep]
|-damage|p1a: Gigalith|17/100|[from] Hail
|-heal|p1a: Gigalith|23/100|[from] item: Leftovers
|upkeep
|j| staticdpp
|
|switch|p2a: Froslass|Froslass, F|100/100
|-damage|p2a: Froslass|76/100|[from] Stealth Rock
|turn|10
|
|move|p2a: Froslass|Ice Beam|p1a: Gigalith
|-damage|p1a: Gigalith|2/100
|move|p1a: Gigalith|Heavy Slam|p2a: Froslass
|-supereffective|p2a: Froslass
|-damage|p2a: Froslass|0 fnt
|faint|p2a: Froslass
|
|-weather|Hail|[upkeep]
|-damage|p1a: Gigalith|0 fnt|[from] Hail
|faint|p1a: Gigalith
|upkeep
|l| staticdpp
|inactive|0Phux has 60 seconds left.
|
|switch|p2a: Goodra|Goodra, M|100/100
|switch|p1a: Passimian|Passimian, M|100/100
|-damage|p2a: Goodra|88/100|[from] Stealth Rock
|turn|11
|
|move|p1a: Passimian|U-turn|p2a: Goodra
|-damage|p2a: Goodra|63/100
|
|switch|p1a: Silvally|Silvally-Steel|100/100|[from]move: U-turn
|move|p2a: Goodra|Dragon Pulse|p1a: Silvally
|-resisted|p1a: Silvally
|-damage|p1a: Silvally|77/100
|
|-weather|Hail|[upkeep]
|-damage|p1a: Silvally|71/100|[from] Hail
|-damage|p2a: Goodra|57/100|[from] Hail
|upkeep
|turn|12
|
|switch|p2a: Gastrodon|Gastrodon, F|100/100
|-damage|p2a: Gastrodon|94/100|[from] Stealth Rock
|move|p1a: Silvally|Multi-Attack|p2a: Gastrodon
|-resisted|p2a: Gastrodon
|-damage|p2a: Gastrodon|71/100
|
|-weather|Hail|[upkeep]
|-damage|p1a: Silvally|65/100|[from] Hail
|-damage|p2a: Gastrodon|65/100|[from] Hail
|-heal|p2a: Gastrodon|71/100|[from] item: Leftovers
|upkeep
|turn|13
|inactive|0Phux has 60 seconds left.
|
|move|p1a: Silvally|U-turn|p2a: Gastrodon
|-damage|p2a: Gastrodon|54/100
|
|switch|p1a: Sigilyph|Sigilyph, F|100/100|[from]move: U-turn
|move|p2a: Gastrodon|Scald|p1a: Sigilyph
|-damage|p1a: Sigilyph|61/100
|
|-weather|none
|-heal|p2a: Gastrodon|60/100|[from] item: Leftovers
|upkeep
|turn|14
|inactive|0Phux has 60 seconds left.
|
|move|p1a: Sigilyph|Calm Mind|p1a: Sigilyph
|-boost|p1a: Sigilyph|spa|1
|-boost|p1a: Sigilyph|spd|1
|move|p2a: Gastrodon|Scald|p1a: Sigilyph
|-damage|p1a: Sigilyph|36/100
|
|-heal|p2a: Gastrodon|66/100|[from] item: Leftovers
|upkeep
|turn|15
|
|move|p1a: Sigilyph|Psychic|p2a: Gastrodon
|-damage|p2a: Gastrodon|13/100
|move|p2a: Gastrodon|Clear Smog|p1a: Sigilyph
|-damage|p1a: Sigilyph|25/100
|-clearboost|p1a: Sigilyph
|
|-heal|p2a: Gastrodon|19/100|[from] item: Leftovers
|upkeep
|turn|16
|
|switch|p2a: Barbaracle|Barbaracle, F|100/100
|-damage|p2a: Barbaracle|88/100|[from] Stealth Rock
|move|p1a: Sigilyph|Roost|p1a: Sigilyph
|-heal|p1a: Sigilyph|75/100
|-singleturn|p1a: Sigilyph|move: Roost
|
|upkeep
|turn|17
|
|move|p1a: Sigilyph|Psychic|p2a: Barbaracle
|-damage|p2a: Barbaracle|17/100
|move|p2a: Barbaracle|Shell Smash|p2a: Barbaracle
|-unboost|p2a: Barbaracle|def|1
|-unboost|p2a: Barbaracle|spd|1
|-boost|p2a: Barbaracle|atk|2
|-boost|p2a: Barbaracle|spa|2
|-boost|p2a: Barbaracle|spe|2
|-enditem|p2a: Barbaracle|White Herb
|-clearnegativeboost|p2a: Barbaracle|[silent]
|
|upkeep
|turn|18
|
|move|p2a: Barbaracle|Liquidation|p1a: Sigilyph
|-damage|p1a: Sigilyph|0 fnt
|faint|p1a: Sigilyph
|
|upkeep
|
|switch|p1a: Vileplume|Vileplume, F|100/100
|turn|19
|
|move|p2a: Barbaracle|Stone Edge|p1a: Vileplume
|-damage|p1a: Vileplume|32/100
|move|p1a: Vileplume|Giga Drain|p2a: Barbaracle
|-supereffective|p2a: Barbaracle
|-damage|p2a: Barbaracle|0 fnt
|-heal|p1a: Vileplume|38/100|[from] drain|[of] p2a: Barbaracle
|faint|p2a: Barbaracle
|
|-heal|p1a: Vileplume|45/100|[from] item: Leftovers
|upkeep
|
|switch|p2a: Goodra|Goodra, M|57/100
|-damage|p2a: Goodra|44/100|[from] Stealth Rock
|turn|20
|
|switch|p1a: Passimian|Passimian, M|100/100
|move|p2a: Goodra|Fire Blast|p1a: Passimian
|-damage|p1a: Passimian|47/100
|-status|p1a: Passimian|brn
|
|-damage|p1a: Passimian|41/100 brn|[from] brn
|upkeep
|turn|21
|
|move|p1a: Passimian|Close Combat|p2a: Goodra
|-damage|p2a: Goodra|9/100
|-unboost|p1a: Passimian|def|1
|-unboost|p1a: Passimian|spd|1
|move|p2a: Goodra|Dragon Pulse|p1a: Passimian
|-damage|p1a: Passimian|0 fnt
|faint|p1a: Passimian
|
|upkeep
|
|switch|p1a: Silvally|Silvally-Steel|65/100
|turn|22
|c|☆yung centibro|gg
|c|☆0Phux|gg
|
|move|p1a: Silvally|Multi-Attack|p2a: Goodra
|-crit|p2a: Goodra
|-damage|p2a: Goodra|0 fnt
|faint|p2a: Goodra
|
|upkeep
|
|switch|p2a: Gastrodon|Gastrodon, F|19/100
|-damage|p2a: Gastrodon|13/100|[from] Stealth Rock
|turn|23
|
|move|p1a: Silvally|Multi-Attack|p2a: Gastrodon
|-resisted|p2a: Gastrodon
|-damage|p2a: Gastrodon|0 fnt
|faint|p2a: Gastrodon
|
|win|yung centibro
