|html|<div class="broadcast-blue"><strong>[Gen 8] RU is currently suspecting Mienshao! For information on how to participate check out the <a href="https://www.smogon.com/forums/threads/np-ru-stage-8-nocturne-mienshao-suspect-test.3688330/">suspect thread</a>.</strong></div>
|j|☆RUM7 Barde
|j|☆Galileo Glalie 2
|t:|1628449775
|gametype|singles
|player|p1|RUM7 Barde|ruinmaniac|1396
|player|p2|Galileo Glalie 2|nurse|1365
|teamsize|p1|6
|teamsize|p2|6
|gen|8
|tier|[Gen 8] RU
|rated|
|rule|Sleep Clause Mod: Limit one foe put to sleep
|rule|Species Clause: Limit one of each Pokémon
|rule|OHKO Clause: OHKO moves are banned
|rule|Evasion Moves Clause: Evasion moves are banned
|rule|Endless Battle Clause: Forcing endless battles is banned
|rule|HP Percentage Mod: HP is shown in percentages
|rule|Dynamax Clause: You cannot dynamax
|clearpoke
|poke|p1|Steelix, F|
|poke|p1|Noivern, M|
|poke|p1|Mienshao, F|
|poke|p1|Raikou|
|poke|p1|Reuniclus, M|
|poke|p1|Obstagoon, F|
|poke|p2|Polteageist|
|poke|p2|Indeedee, M|
|poke|p2|Sharpedo, F|
|poke|p2|Cobalion|
|poke|p2|Diancie|
|poke|p2|Flygon, F|
|teampreview
|
|t:|1628449793
|start
|switch|p1a: Mienshao|Mienshao, F|100/100
|switch|p2a: Flygon|Flygon, F|100/100
|turn|1
|
|t:|1628449799
|move|p1a: Mienshao|Knock Off|p2a: Flygon
|-damage|p2a: Flygon|68/100
|-enditem|p2a: Flygon|Leftovers|[from] move: Knock Off|[of] p1a: Mienshao
|move|p2a: Flygon|Earthquake|p1a: Mienshao
|-damage|p1a: Mienshao|31/100
|
|upkeep
|turn|2
|
|t:|1628449808
|switch|p1a: Reuniclus|Reuniclus, M|100/100
|move|p2a: Flygon|U-turn|p1a: Reuniclus
|-supereffective|p1a: Reuniclus
|-damage|p1a: Reuniclus|79/100
|
|t:|1628449818
|switch|p2a: Sharpedo|Sharpedo, F|100/100|[from]move: U-turn
|
|-heal|p1a: Reuniclus|85/100|[from] item: Leftovers
|upkeep
|turn|3
|inactive|Battle timer is ON: inactive players will automatically lose when time's up. (requested by Galileo Glalie 2)
|
|t:|1628449835
|move|p2a: Sharpedo|Crunch|p1a: Reuniclus
|-supereffective|p1a: Reuniclus
|-damage|p1a: Reuniclus|7/100
|-damage|p2a: Sharpedo|91/100|[from] item: Life Orb
|move|p1a: Reuniclus|Focus Blast|p2a: Sharpedo
|-supereffective|p2a: Sharpedo
|-damage|p2a: Sharpedo|0 fnt
|faint|p2a: Sharpedo
|
|-heal|p1a: Reuniclus|13/100|[from] item: Leftovers
|upkeep
|
|t:|1628449842
|switch|p2a: Flygon|Flygon, F|68/100
|turn|4
|
|t:|1628449846
|switch|p1a: Noivern|Noivern, M|100/100
|move|p2a: Flygon|U-turn|p1a: Noivern
|-resisted|p1a: Noivern
|-crit|p1a: Noivern
|-damage|p1a: Noivern|84/100
|
|t:|1628449859
|switch|p2a: Diancie|Diancie|100/100|[from]move: U-turn
|
|upkeep
|turn|5
|
|t:|1628449868
|switch|p1a: Steelix|Steelix, F|100/100
|move|p2a: Diancie|Stealth Rock|p1a: Steelix
|-sidestart|p1: RUM7 Barde|move: Stealth Rock
|
|upkeep
|turn|6
|
|t:|1628449875
|switch|p2a: Flygon|Flygon, F|68/100
|move|p1a: Steelix|Stealth Rock|p2a: Flygon
|-sidestart|p2: Galileo Glalie 2|move: Stealth Rock
|
|upkeep
|turn|7
|
|t:|1628449881
|switch|p1a: Noivern|Noivern, M|84/100
|move|p2a: Flygon|Earthquake|p1a: Noivern
|-immune|p1a: Noivern
|
|upkeep
|turn|8
|
|t:|1628449887
|move|p1a: Noivern|Draco Meteor|p2a: Flygon|[miss]
|-miss|p1a: Noivern|p2a: Flygon
|move|p2a: Flygon|U-turn|p1a: Noivern
|-resisted|p1a: Noivern
|-damage|p1a: Noivern|74/100
|
|t:|1628449898
|switch|p2a: Diancie|Diancie|100/100|[from]move: U-turn
|-damage|p2a: Diancie|88/100|[from] Stealth Rock
|
|-heal|p2a: Diancie|94/100|[from] item: Leftovers
|upkeep
|turn|9
|
|t:|1628449906
|switch|p1a: Steelix|Steelix, F|100/100
|-damage|p1a: Steelix|97/100|[from] Stealth Rock
|move|p2a: Diancie|Diamond Storm|p1a: Steelix
|-resisted|p1a: Steelix
|-damage|p1a: Steelix|93/100
|-boost|p2a: Diancie|def|2
|
|-heal|p2a: Diancie|100/100|[from] item: Leftovers
|-heal|p1a: Steelix|99/100|[from] item: Leftovers
|upkeep
|turn|10
|
|t:|1628449916
|move|p2a: Diancie|Body Press|p1a: Steelix
|-supereffective|p1a: Steelix
|-damage|p1a: Steelix|46/100
|move|p1a: Steelix|Heavy Slam|p2a: Diancie
|-supereffective|p2a: Diancie
|-damage|p2a: Diancie|37/100
|
|-heal|p2a: Diancie|44/100|[from] item: Leftovers
|-heal|p1a: Steelix|52/100|[from] item: Leftovers
|upkeep
|turn|11
|
|t:|1628449925
|move|p2a: Diancie|Body Press|p1a: Steelix
|-supereffective|p1a: Steelix
|-damage|p1a: Steelix|2/100
|move|p1a: Steelix|Heavy Slam|p2a: Diancie
|-supereffective|p2a: Diancie
|-damage|p2a: Diancie|0 fnt
|faint|p2a: Diancie
|
|-heal|p1a: Steelix|8/100|[from] item: Leftovers
|upkeep
|
|t:|1628449946
|switch|p2a: Cobalion|Cobalion|100/100
|-damage|p2a: Cobalion|97/100|[from] Stealth Rock
|turn|12
|
|t:|1628449950
|switch|p1a: Noivern|Noivern, M|74/100
|move|p2a: Cobalion|Close Combat|p1a: Noivern
|-resisted|p1a: Noivern
|-damage|p1a: Noivern|45/100
|-unboost|p2a: Cobalion|def|1
|-unboost|p2a: Cobalion|spd|1
|
|upkeep
|turn|13
|
|t:|1628449960
|move|p1a: Noivern|Roost|p1a: Noivern
|-heal|p1a: Noivern|95/100
|-singleturn|p1a: Noivern|move: Roost
|move|p2a: Cobalion|Stone Edge|p1a: Noivern
|-damage|p1a: Noivern|56/100
|
|upkeep
|turn|14
|
|t:|1628449967
|move|p1a: Noivern|Flamethrower|p2a: Cobalion
|-supereffective|p2a: Cobalion
|-damage|p2a: Cobalion|0 fnt
|faint|p2a: Cobalion
|
|upkeep
|
|t:|1628449977
|switch|p2a: Indeedee|Indeedee, M|100/100
|-damage|p2a: Indeedee|88/100|[from] Stealth Rock
|-fieldstart|move: Psychic Terrain|[from] ability: Psychic Surge|[of] p2a: Indeedee
|turn|15
|
|t:|1628449984
|switch|p1a: Steelix|Steelix, F|8/100
|-damage|p1a: Steelix|5/100|[from] Stealth Rock
|move|p2a: Indeedee|Hyper Voice|p1a: Steelix
|-resisted|p1a: Steelix
|-damage|p1a: Steelix|0 fnt
|faint|p1a: Steelix
|
|upkeep
|
|t:|1628449995
|switch|p1a: Mienshao|Mienshao, F|64/100
|-damage|p1a: Mienshao|58/100|[from] Stealth Rock
|turn|16
|
|t:|1628450001
|move|p1a: Mienshao|Knock Off|p2a: Indeedee
|-supereffective|p2a: Indeedee
|-damage|p2a: Indeedee|0 fnt
|-enditem|p2a: Indeedee|Choice Scarf|[from] move: Knock Off|[of] p1a: Mienshao
|faint|p2a: Indeedee
|
|upkeep
|
|t:|1628450013
|switch|p2a: Flygon|Flygon, F|68/100
|-damage|p2a: Flygon|62/100|[from] Stealth Rock
|turn|17
|
|t:|1628450019
|switch|p1a: Reuniclus|Reuniclus, M|13/100
|move|p2a: Flygon|Earthquake|p1a: Reuniclus
|-damage|p1a: Reuniclus|0 fnt
|faint|p1a: Reuniclus
|
|upkeep
|
|t:|1628450033
|switch|p1a: Raikou|Raikou|100/100
|-ability|p1a: Raikou|Pressure
|turn|18
|
|t:|1628450037
|move|p1a: Raikou|Aura Sphere|p2a: Flygon
|-damage|p2a: Flygon|33/100
|move|p2a: Flygon|Earthquake|p1a: Raikou
|-supereffective|p1a: Raikou
|-damage|p1a: Raikou|11/100
|
|upkeep
|turn|19
|
|t:|1628450045
|move|p1a: Raikou|Aura Sphere|p2a: Flygon
|-damage|p2a: Flygon|3/100
|move|p2a: Flygon|Earthquake|p1a: Raikou
|-supereffective|p1a: Raikou
|-damage|p1a: Raikou|0 fnt
|faint|p1a: Raikou
|
|-fieldend|move: Psychic Terrain
|upkeep
|
|t:|1628450052
|switch|p1a: Mienshao|Mienshao, F|91/100
|-damage|p1a: Mienshao|85/100|[from] Stealth Rock
|turn|20
|
|t:|1628450056
|move|p1a: Mienshao|Knock Off|p2a: Flygon
|-damage|p2a: Flygon|0 fnt
|faint|p2a: Flygon
|
|upkeep
|
|t:|1628450058
|switch|p2a: Polteageist|Polteageist|100/100
|-damage|p2a: Polteageist|88/100|[from] Stealth Rock
|turn|21
|
|t:|1628450062
|move|p1a: Mienshao|Knock Off|p2a: Polteageist
|-supereffective|p2a: Polteageist
|-damage|p2a: Polteageist|0 fnt
|-enditem|p2a: Polteageist|White Herb|[from] move: Knock Off|[of] p1a: Mienshao
|faint|p2a: Polteageist
|
|win|RUM7 Barde
|raw|RUM7 Barde's rating: 1396 &rarr; <strong>1414</strong><br />(+18 for winning)
|raw|Galileo Glalie 2's rating: 1365 &rarr; <strong>1347</strong><br />(-18 for losing)
|l|☆Galileo Glalie 2
