|j|☆Macandchees3☩
|j|‽Sinphore
|player|p1|Macandchees3☩|279|1585
|player|p2|Sinphore|169|1239
|teamsize|p1|6
|teamsize|p2|6
|gametype|singles
|gen|8
|tier|[Gen 8] RU
|rated|
|clearpoke
|poke|p1|Aromatisse, F|
|poke|p1|Quagsire, F|
|poke|p1|Silvally-*|
|poke|p1|Snorlax, M|
|poke|p1|Ferroseed, F|
|poke|p1|Xatu, M|
|poke|p2|Runerigus, M|
|poke|p2|Musharna, F|
|poke|p2|Malamar, M|
|poke|p2|Copperajah, F|
|poke|p2|Drampa, M|
|poke|p2|Vikavolt, F|
|rule|Sleep Clause Mod: Limit one foe put to sleep
|rule|Species Clause: Limit one of each Pokémon
|rule|OHKO Clause: OHKO moves are banned
|rule|Evasion Moves Clause: Evasion moves are banned
|rule|Endless Battle Clause: Forcing endless battles is banned
|rule|HP Percentage Mod: HP is shown in percentages
|rule|Dynamax Clause: You cannot dynamax
|teampreview
|
|start
|switch|p1a: Pride|Ferroseed, F|100/100
|switch|p2a: Vikavolt|Vikavolt, F|100/100
|turn|1
|
|move|p2a: Vikavolt|Bug Buzz|p1a: Pride
|-damage|p1a: Pride|51/100
|move|p1a: Pride|Toxic|p2a: Vikavolt
|-status|p2a: Vikavolt|tox
|
|-damage|p2a: Vikavolt|95/100 tox|[from] psn
|upkeep
|turn|2
|
|switch|p2a: Copperajah|Copperajah, F|100/100
|move|p1a: Pride|Protect||[still]
|-fail|p1a: Pride
|
|upkeep
|turn|3
|inactive|Battle timer is ON: inactive players will automatically lose when time's up. (requested by Sinphore)
|
|move|p1a: Pride|Protect|p1a: Pride
|-singleturn|p1a: Pride|Protect
|move|p2a: Copperajah|Power Whip|p1a: Pride
|-activate|p1a: Pride|move: Protect
|
|upkeep
|turn|4
|
|switch|p1a: Gluttony|Snorlax, M|100/100
|move|p2a: Copperajah|Heat Crash|p1a: Gluttony
|-damage|p1a: Gluttony|92/100
|-damage|p2a: Copperajah|91/100|[from] item: Life Orb
|
|-heal|p1a: Gluttony|98/100|[from] item: Leftovers
|upkeep
|turn|5
|
|move|p1a: Gluttony|Earthquake|p2a: Copperajah
|-supereffective|p2a: Copperajah
|-damage|p2a: Copperajah|36/100
|move|p2a: Copperajah|Heavy Slam|p1a: Gluttony
|-damage|p1a: Gluttony|68/100
|-damage|p2a: Copperajah|26/100|[from] item: Life Orb
|
|-heal|p1a: Gluttony|74/100|[from] item: Leftovers
|upkeep
|turn|6
|
|switch|p2a: Malamar|Malamar, M|100/100
|move|p1a: Gluttony|Toxic|p2a: Malamar|[miss]
|-miss|p1a: Gluttony|p2a: Malamar
|
|-heal|p1a: Gluttony|80/100|[from] item: Leftovers
|upkeep
|turn|7
|
|switch|p1a: Lust|Aromatisse, F|100/100
|move|p2a: Malamar|Superpower|p1a: Lust
|-resisted|p1a: Lust
|-damage|p1a: Lust|87/100
|-boost|p2a: Malamar|atk|1
|-boost|p2a: Malamar|def|1
|
|-heal|p1a: Lust|93/100|[from] item: Leftovers
|upkeep
|turn|8
|
|move|p2a: Malamar|Superpower|p1a: Lust
|-resisted|p1a: Lust
|-damage|p1a: Lust|74/100
|-boost|p2a: Malamar|atk|1
|-boost|p2a: Malamar|def|1
|move|p1a: Lust|Moonblast|p2a: Malamar
|-supereffective|p2a: Malamar
|-damage|p2a: Malamar|29/100
|-boost|p2a: Malamar|spa|1
|
|-heal|p1a: Lust|80/100|[from] item: Leftovers
|upkeep
|turn|9
|
|move|p2a: Malamar|Knock Off|p1a: Lust
|-resisted|p1a: Lust
|-damage|p1a: Lust|45/100
|-enditem|p1a: Lust|Leftovers|[from] move: Knock Off|[of] p2a: Malamar
|move|p1a: Lust|Wish|p1a: Lust
|
|upkeep
|turn|10
|
|move|p2a: Malamar|Knock Off|p1a: Lust
|-resisted|p1a: Lust
|-damage|p1a: Lust|22/100
|move|p1a: Lust|Moonblast|p2a: Malamar
|-supereffective|p2a: Malamar
|-damage|p2a: Malamar|0 fnt
|faint|p2a: Malamar
|
|-heal|p1a: Lust|72/100|[from] move: Wish|[wisher] Lust
|upkeep
|
|switch|p2a: Drampa|Drampa, M|100/100
|turn|11
|
|move|p1a: Lust|Protect|p1a: Lust
|-singleturn|p1a: Lust|Protect
|move|p2a: Drampa|Hyper Voice|p1a: Lust
|-activate|p1a: Lust|move: Protect
|
|upkeep
|turn|12
|
|switch|p1a: Wrath|Silvally-Poison|100/100
|move|p2a: Drampa|Hyper Voice|p1a: Wrath
|-damage|p1a: Wrath|33/100
|
|upkeep
|turn|13
|
|move|p1a: Wrath|Parting Shot|p2a: Drampa
|-unboost|p2a: Drampa|atk|1
|-unboost|p2a: Drampa|spa|1
|
|switch|p1a: Gluttony|Snorlax, M|80/100|[from]move: Parting Shot
|move|p2a: Drampa|Hyper Voice|p1a: Gluttony
|-damage|p1a: Gluttony|50/100
|
|-heal|p1a: Gluttony|56/100|[from] item: Leftovers
|upkeep
|turn|14
|
|switch|p2a: Musharna|Musharna, F|100/100
|move|p1a: Gluttony|Toxic|p2a: Musharna
|-status|p2a: Musharna|tox
|-activate|p2a: Musharna|ability: Synchronize
|-status|p1a: Gluttony|tox
|
|-heal|p1a: Gluttony|62/100 tox|[from] item: Leftovers
|-damage|p1a: Gluttony|56/100 tox|[from] psn
|-damage|p2a: Musharna|94/100 tox|[from] psn
|upkeep
|turn|15
|
|switch|p1a: Lust|Aromatisse, F|72/100
|switch|p2a: Drampa|Drampa, M|100/100
|
|upkeep
|turn|16
|
|move|p1a: Lust|Protect|p1a: Lust
|-singleturn|p1a: Lust|Protect
|move|p2a: Drampa|Hyper Voice|p1a: Lust
|-activate|p1a: Lust|move: Protect
|
|upkeep
|turn|17
|
|switch|p1a: Gluttony|Snorlax, M|56/100 tox
|move|p2a: Drampa|Hyper Voice|p1a: Gluttony
|-damage|p1a: Gluttony|12/100 tox
|
|-heal|p1a: Gluttony|18/100 tox|[from] item: Leftovers
|-damage|p1a: Gluttony|12/100 tox|[from] psn
|upkeep
|turn|18
|
|switch|p2a: Runerigus|Runerigus, M|100/100
|move|p1a: Gluttony|Rest|p1a: Gluttony
|-status|p1a: Gluttony|slp|[from] move: Rest
|-heal|p1a: Gluttony|100/100 slp|[silent]
|
|upkeep
|turn|19
|
|switch|p1a: Greed|Xatu, M|100/100
|move|p2a: Runerigus|Body Press|p1a: Greed
|-resisted|p1a: Greed
|-damage|p1a: Greed|91/100
|
|upkeep
|turn|20
|
|switch|p1a: Lust|Aromatisse, F|72/100
|switch|p2a: Vikavolt|Vikavolt, F|95/100 tox
|
|-damage|p2a: Vikavolt|89/100 tox|[from] psn
|upkeep
|turn|21
|
|switch|p2a: Drampa|Drampa, M|100/100
|move|p1a: Lust|Protect||[still]
|-fail|p1a: Lust
|
|upkeep
|turn|22
|
|move|p1a: Lust|Moonblast|p2a: Drampa
|-supereffective|p2a: Drampa
|-damage|p2a: Drampa|37/100
|-ability|p2a: Drampa|Berserk|boost
|-boost|p2a: Drampa|spa|1
|move|p2a: Drampa|Hyper Voice|p1a: Lust
|-damage|p1a: Lust|0 fnt
|faint|p1a: Lust
|
|upkeep
|
|switch|p1a: Wrath|Silvally-Poison|33/100
|turn|23
|
|switch|p2a: Copperajah|Copperajah, F|26/100
|move|p1a: Wrath|Multi-Attack|p2a: Copperajah
|-immune|p2a: Copperajah
|
|upkeep
|turn|24
|
|move|p1a: Wrath|Flamethrower|p2a: Copperajah
|-supereffective|p2a: Copperajah
|-damage|p2a: Copperajah|0 fnt
|faint|p2a: Copperajah
|
|upkeep
|
|switch|p2a: Musharna|Musharna, F|94/100 tox
|turn|25
|
|move|p1a: Wrath|Parting Shot|p2a: Musharna
|-unboost|p2a: Musharna|atk|1
|-unboost|p2a: Musharna|spa|1
|
|switch|p1a: Gluttony|Snorlax, M|100/100 slp|[from]move: Parting Shot
|move|p2a: Musharna|Psychic|p1a: Gluttony
|-damage|p1a: Gluttony|88/100 slp
|
|-heal|p1a: Gluttony|94/100 slp|[from] item: Leftovers
|-heal|p2a: Musharna|100/100 tox|[from] item: Leftovers
|-damage|p2a: Musharna|94/100 tox|[from] psn
|upkeep
|turn|26
|
|cant|p1a: Gluttony|slp
|move|p2a: Musharna|Healing Wish|p2a: Musharna
|faint|p2a: Musharna
|
|-heal|p1a: Gluttony|99/100 slp|[from] item: Leftovers
|upkeep
|
|switch|p2a: Drampa|Drampa, M|37/100
|-heal|p2a: Drampa|100/100|[from] move: Healing Wish
|turn|27
|
|cant|p1a: Gluttony|slp
|move|p2a: Drampa|Draco Meteor|p1a: Gluttony|[miss]
|-miss|p2a: Drampa|p1a: Gluttony
|
|-heal|p1a: Gluttony|100/100 slp|[from] item: Leftovers
|upkeep
|turn|28
|
|-curestatus|p1a: Gluttony|slp|[msg]
|move|p1a: Gluttony|Earthquake|p2a: Drampa
|-damage|p2a: Drampa|75/100
|move|p2a: Drampa|Draco Meteor|p1a: Gluttony
|-damage|p1a: Gluttony|35/100
|-unboost|p2a: Drampa|spa|2
|
|-heal|p1a: Gluttony|41/100|[from] item: Leftovers
|upkeep
|turn|29
|
|move|p1a: Gluttony|Earthquake|p2a: Drampa
|-damage|p2a: Drampa|46/100
|-ability|p2a: Drampa|Berserk|boost
|-boost|p2a: Drampa|spa|1
|move|p2a: Drampa|Draco Meteor|p1a: Gluttony
|-damage|p1a: Gluttony|0 fnt
|-unboost|p2a: Drampa|spa|2
|faint|p1a: Gluttony
|
|upkeep
|
|switch|p1a: Pride|Ferroseed, F|51/100
|turn|30
|
|switch|p2a: Runerigus|Runerigus, M|100/100
|move|p1a: Pride|Stealth Rock|p2a: Runerigus
|-sidestart|p2: Sinphore|move: Stealth Rock
|
|upkeep
|turn|31
|
|move|p2a: Runerigus|Body Press|p1a: Pride
|-supereffective|p1a: Pride
|-damage|p1a: Pride|0 fnt
|-damage|p2a: Runerigus|88/100|[from] ability: Iron Barbs|[of] p1a: Pride
|faint|p1a: Pride
|
|upkeep
|
|switch|p1a: Greed|Xatu, M|91/100
|turn|32
|
|move|p1a: Greed|Psychic|p2a: Runerigus
|-damage|p2a: Runerigus|62/100
|move|p2a: Runerigus|Trick Room|p2a: Runerigus
|-fieldstart|move: Trick Room|[of] p2a: Runerigus
|
|upkeep
|turn|33
|
|move|p2a: Runerigus|Memento|p1a: Greed
|-unboost|p1a: Greed|atk|2
|-unboost|p1a: Greed|spa|2
|faint|p2a: Runerigus
|move|p1a: Greed|Psychic|p2: Runerigus|[notarget]
|-fail|p1a: Greed
|
|upkeep
|
|switch|p2a: Drampa|Drampa, M|46/100
|-damage|p2a: Drampa|33/100|[from] Stealth Rock
|turn|34
|
|move|p2a: Drampa|Hyper Voice|p1a: Greed
|-damage|p1a: Greed|0 fnt
|faint|p1a: Greed
|
|upkeep
|
|switch|p1a: Sloth|Quagsire, F|100/100
|turn|35
|
|move|p2a: Drampa|Hyper Voice|p1a: Sloth
|-damage|p1a: Sloth|10/100
|move|p1a: Sloth|Recover|p1a: Sloth
|-heal|p1a: Sloth|60/100
|
|-heal|p1a: Sloth|66/100|[from] item: Leftovers
|upkeep
|turn|36
|
|move|p2a: Drampa|Hyper Voice|p1a: Sloth
|-damage|p1a: Sloth|0 fnt
|faint|p1a: Sloth
|
|-fieldend|move: Trick Room
|upkeep
|
|switch|p1a: Wrath|Silvally-Poison|33/100
|turn|37
|
|move|p1a: Wrath|Multi-Attack|p2a: Drampa
|-damage|p2a: Drampa|0 fnt
|faint|p2a: Drampa
|
|upkeep
|
|switch|p2a: Vikavolt|Vikavolt, F|89/100 tox
|-damage|p2a: Vikavolt|64/100 tox|[from] Stealth Rock
|turn|38
|inactive|Macandchees3☩ has 120 seconds left.
|
|move|p1a: Wrath|Flamethrower|p2a: Vikavolt
|-supereffective|p2a: Vikavolt
|-damage|p2a: Vikavolt|20/100 tox
|move|p2a: Vikavolt|Thunderbolt|p1a: Wrath
|-damage|p1a: Wrath|0 fnt
|faint|p1a: Wrath
|
|win|Sinphore
|raw|Macandchees3☩'s rating: 1585 &rarr; <strong>1549</strong><br />(-36 for losing)
|raw|Sinphore's rating: 1239 &rarr; <strong>1283</strong><br />(+44 for winning)
|l|☆Macandchees3☩
