|j|☆Jmash324
|j|☆toxrus2
|inactive|Battle timer is ON: inactive players will automatically lose when time's up.
|t:|1613526554
|player|p1|Jmash324|lucas|
|player|p2|toxrus2|pilot|
|teamsize|p1|6
|teamsize|p2|6
|gametype|singles
|gen|8
|tier|[Gen 8] RU
|rated|Tournament battle
|clearpoke
|poke|p1|Seaking, M|
|poke|p1|Chandelure, F|
|poke|p1|Zarude|
|poke|p1|Tornadus, M|
|poke|p1|Stakataka|
|poke|p1|Gardevoir, M|
|poke|p2|Weezing-Galar, M|
|poke|p2|Zarude|
|poke|p2|Suicune|
|poke|p2|Registeel|
|poke|p2|Zygarde-10%|
|poke|p2|Xurkitree|
|rule|Sleep Clause Mod: Limit one foe put to sleep
|rule|Species Clause: Limit one of each Pokémon
|rule|OHKO Clause: OHKO moves are banned
|rule|Evasion Moves Clause: Evasion moves are banned
|rule|Endless Battle Clause: Forcing endless battles is banned
|rule|HP Percentage Mod: HP is shown in percentages
|rule|Dynamax Clause: You cannot dynamax
|teampreview
|inactive|Jmash324 has 120 seconds left.
|
|t:|1613526591
|start
|switch|p1a: Eternal Flame|Chandelure, F|100/100
|switch|p2a: Xurkitree|Xurkitree|100/100
|turn|1
|
|t:|1613526599
|switch|p1a: Neptune|Seaking, M|100/100
|move|p2a: Xurkitree|Thunderbolt|p1a: Neptune
|-ability|p1a: Neptune|Lightning Rod|boost
|-boost|p1a: Neptune|spa|1
|
|upkeep
|turn|2
|
|t:|1613526608
|switch|p2a: Suicune|Suicune|100/100
|-ability|p2a: Suicune|Pressure
|move|p1a: Neptune|Knock Off|p2a: Suicune
|-damage|p2a: Suicune|88/100
|-enditem|p2a: Suicune|Leftovers|[from] move: Knock Off|[of] p1a: Neptune
|
|upkeep
|turn|3
|
|t:|1613526621
|switch|p2a: Registeel|Registeel|100/100
|switch|p1a: Sandstorm|Zarude|100/100
|
|upkeep
|turn|4
|
|t:|1613526625
|move|p1a: Sandstorm|U-turn|p2a: Registeel
|-resisted|p2a: Registeel
|-damage|p2a: Registeel|93/100
|
|t:|1613526626
|switch|p1a: The Room|Stakataka|100/100|[from]move: U-turn
|move|p2a: Registeel|Stealth Rock|p1a: The Room
|-sidestart|p1: Jmash324|move: Stealth Rock
|
|-heal|p2a: Registeel|99/100|[from] item: Leftovers
|upkeep
|turn|5
|
|t:|1613526635
|move|p2a: Registeel|Seismic Toss|p1a: The Room
|-damage|p1a: The Room|70/100
|move|p1a: The Room|Stealth Rock|p2a: Registeel
|-sidestart|p2: toxrus2|move: Stealth Rock
|
|-heal|p2a: Registeel|100/100|[from] item: Leftovers
|-heal|p1a: The Room|76/100|[from] item: Leftovers
|upkeep
|turn|6
|
|t:|1613526639
|move|p2a: Registeel|Seismic Toss|p1a: The Room
|-damage|p1a: The Room|45/100
|move|p1a: The Room|Earthquake|p2a: Registeel
|-supereffective|p2a: Registeel
|-damage|p2a: Registeel|59/100
|
|-heal|p2a: Registeel|65/100|[from] item: Leftovers
|-heal|p1a: The Room|51/100|[from] item: Leftovers
|upkeep
|turn|7
|
|t:|1613526646
|switch|p1a: Eternal Flame|Chandelure, F|100/100
|move|p2a: Registeel|Protect||[still]
|-fail|p2a: Registeel
|
|-heal|p2a: Registeel|71/100|[from] item: Leftovers
|upkeep
|turn|8
|
|t:|1613526653
|move|p2a: Registeel|Protect|p2a: Registeel
|-singleturn|p2a: Registeel|Protect
|move|p1a: Eternal Flame|Toxic|p2a: Registeel
|-activate|p2a: Registeel|move: Protect
|
|-heal|p2a: Registeel|77/100|[from] item: Leftovers
|upkeep
|turn|9
|
|t:|1613526658
|move|p1a: Eternal Flame|Fire Blast|p2a: Registeel
|-supereffective|p2a: Registeel
|-damage|p2a: Registeel|17/100
|move|p2a: Registeel|Toxic|p1a: Eternal Flame
|-status|p1a: Eternal Flame|tox
|
|-heal|p2a: Registeel|23/100|[from] item: Leftovers
|-damage|p1a: Eternal Flame|94/100 tox|[from] psn
|upkeep
|turn|10
|
|t:|1613526683
|switch|p1a: Lakitu|Tornadus, M|100/100
|move|p2a: Registeel|Protect||[still]
|-fail|p2a: Registeel
|
|-heal|p2a: Registeel|29/100|[from] item: Leftovers
|upkeep
|turn|11
|
|t:|1613526688
|move|p2a: Registeel|Protect|p2a: Registeel
|-singleturn|p2a: Registeel|Protect
|move|p1a: Lakitu|Heat Wave|p2a: Registeel
|-activate|p2a: Registeel|move: Protect
|
|-heal|p2a: Registeel|35/100|[from] item: Leftovers
|upkeep
|turn|12
|
|t:|1613526698
|switch|p2a: Suicune|Suicune|88/100
|-damage|p2a: Suicune|76/100|[from] Stealth Rock
|-ability|p2a: Suicune|Pressure
|move|p1a: Lakitu|Heat Wave|p2a: Suicune
|-resisted|p2a: Suicune
|-damage|p2a: Suicune|64/100
|
|upkeep
|turn|13
|
|t:|1613526710
|switch|p1a: Sandstorm|Zarude|100/100
|switch|p2a: Xurkitree|Xurkitree|100/100
|-damage|p2a: Xurkitree|88/100|[from] Stealth Rock
|
|upkeep
|turn|14
|inactive|toxrus2 has 120 seconds left.
|
|t:|1613526768
|move|p2a: Xurkitree|Volt Switch|p1a: Sandstorm
|-resisted|p1a: Sandstorm
|-damage|p1a: Sandstorm|77/100
|inactive|toxrus2 has 90 seconds left.
|
|t:|1613526793
|switch|p2a: Weezing|Weezing-Galar, M|100/100|[from]move: Volt Switch
|-damage|p2a: Weezing|88/100|[from] Stealth Rock
|move|p1a: Sandstorm|U-turn|p2a: Weezing
|-resisted|p2a: Weezing
|-damage|p2a: Weezing|85/100
|
|t:|1613526804
|switch|p1a: Eternal Flame|Chandelure, F|94/100 tox|[from]move: U-turn
|
|-heal|p2a: Weezing|91/100|[from] item: Black Sludge
|-damage|p1a: Eternal Flame|88/100 tox|[from] psn
|upkeep
|turn|15
|inactive|toxrus2 has 90 seconds left.
|
|t:|1613526815
|move|p1a: Eternal Flame|Fire Blast|p2a: Weezing
|-damage|p2a: Weezing|0 fnt
|faint|p2a: Weezing
|
|-damage|p1a: Eternal Flame|76/100 tox|[from] psn
|upkeep
|inactive|toxrus2 has 90 seconds left.
|
|t:|1613526821
|switch|p2a: Zygarde|Zygarde-10%|100/100
|-damage|p2a: Zygarde|94/100|[from] Stealth Rock
|-ability|p2a: Zygarde|Aura Break
|turn|16
|
|t:|1613526829
|move|p1a: Eternal Flame|Protect|p1a: Eternal Flame
|-singleturn|p1a: Eternal Flame|Protect
|move|p2a: Zygarde|Superpower|p1a: Eternal Flame
|-activate|p1a: Eternal Flame|move: Protect
|
|-damage|p1a: Eternal Flame|58/100 tox|[from] psn
|upkeep
|turn|17
|
|t:|1613526843
|switch|p2a: Zarude|Zarude|100/100
|-damage|p2a: Zarude|88/100|[from] Stealth Rock
|move|p1a: Eternal Flame|Shadow Ball|p2a: Zarude
|-resisted|p2a: Zarude
|-damage|p2a: Zarude|67/100
|
|-heal|p2a: Zarude|73/100|[from] item: Leftovers
|-damage|p1a: Eternal Flame|33/100 tox|[from] psn
|upkeep
|turn|18
|
|t:|1613526858
|switch|p1a: The Room|Stakataka|51/100
|-damage|p1a: The Room|45/100|[from] Stealth Rock
|move|p2a: Zarude|Power Whip|p1a: The Room
|-damage|p1a: The Room|14/100
|
|-heal|p2a: Zarude|79/100|[from] item: Leftovers
|-heal|p1a: The Room|20/100|[from] item: Leftovers
|upkeep
|turn|19
|
|t:|1613526869
|move|p2a: Zarude|Power Whip|p1a: The Room
|-damage|p1a: The Room|0 fnt
|faint|p1a: The Room
|
|-heal|p2a: Zarude|85/100|[from] item: Leftovers
|upkeep
|
|t:|1613526872
|switch|p1a: Lakitu|Tornadus, M|100/100
|turn|20
|j| pokemon vs you
|
|t:|1613526880
|switch|p2a: Suicune|Suicune|64/100
|-damage|p2a: Suicune|51/100|[from] Stealth Rock
|-ability|p2a: Suicune|Pressure
|move|p1a: Lakitu|Hurricane|p2a: Suicune|[miss]
|-miss|p1a: Lakitu|p2a: Suicune
|
|upkeep
|turn|21
|
|t:|1613526896
|move|p1a: Lakitu|Nasty Plot|p1a: Lakitu
|-boost|p1a: Lakitu|spa|2
|move|p2a: Suicune|Rest|p2a: Suicune
|-status|p2a: Suicune|slp|[from] move: Rest
|-heal|p2a: Suicune|100/100 slp|[silent]
|
|upkeep
|turn|22
|inactive|toxrus2 has 120 seconds left.
|
|t:|1613526911
|switch|p2a: Registeel|Registeel|35/100
|-damage|p2a: Registeel|29/100|[from] Stealth Rock
|move|p1a: Lakitu|Hurricane|p2a: Registeel|[miss]
|-miss|p1a: Lakitu|p2a: Registeel
|
|-heal|p2a: Registeel|35/100|[from] item: Leftovers
|upkeep
|turn|23
|
|t:|1613526917
|move|p1a: Lakitu|Heat Wave|p2a: Registeel
|-supereffective|p2a: Registeel
|-damage|p2a: Registeel|0 fnt
|faint|p2a: Registeel
|
|upkeep
|
|t:|1613526921
|switch|p2a: Xurkitree|Xurkitree|88/100
|-damage|p2a: Xurkitree|76/100|[from] Stealth Rock
|turn|24
|l| pokemon vs you
|
|t:|1613526940
|switch|p1a: Neptune|Seaking, M|100/100
|move|p2a: Xurkitree|Energy Ball|p1a: Neptune
|-supereffective|p1a: Neptune
|-damage|p1a: Neptune|38/100
|
|upkeep
|turn|25
|
|t:|1613526953
|switch|p2a: Zygarde|Zygarde-10%|94/100
|-damage|p2a: Zygarde|88/100|[from] Stealth Rock
|-ability|p2a: Zygarde|Aura Break
|switch|p1a: Sandstorm|Zarude|77/100
|
|upkeep
|turn|26
|
|t:|1613526966
|switch|p1a: Eternal Flame|Chandelure, F|33/100 tox
|move|p2a: Zygarde|Thousand Arrows|p1a: Eternal Flame
|-supereffective|p1a: Eternal Flame
|-damage|p1a: Eternal Flame|0 fnt
|faint|p1a: Eternal Flame
|
|upkeep
|
|t:|1613526971
|switch|p1a: Sandstorm|Zarude|77/100
|turn|27
|
|t:|1613526992
|switch|p2a: Suicune|Suicune|100/100 slp
|-damage|p2a: Suicune|88/100 slp|[from] Stealth Rock
|-ability|p2a: Suicune|Pressure
|move|p1a: Sandstorm|Power Whip|p2a: Suicune
|-supereffective|p2a: Suicune
|-damage|p2a: Suicune|28/100 slp
|
|upkeep
|turn|28
|
|t:|1613527003
|move|p1a: Sandstorm|Power Whip|p2a: Suicune|[miss]
|-miss|p1a: Sandstorm|p2a: Suicune
|cant|p2a: Suicune|slp
|
|upkeep
|turn|29
|
|t:|1613527006
|move|p1a: Sandstorm|Power Whip|p2a: Suicune
|-supereffective|p2a: Suicune
|-damage|p2a: Suicune|0 fnt
|faint|p2a: Suicune
|
|upkeep
|
|t:|1613527013
|switch|p2a: Xurkitree|Xurkitree|76/100
|-damage|p2a: Xurkitree|63/100|[from] Stealth Rock
|turn|30
|
|t:|1613527037
|move|p2a: Xurkitree|Dazzling Gleam|p1a: Sandstorm
|-supereffective|p1a: Sandstorm
|-damage|p1a: Sandstorm|11/100
|move|p1a: Sandstorm|U-turn|p2a: Xurkitree
|-damage|p2a: Xurkitree|30/100
|inactive|Jmash324 has 120 seconds left.
|
|t:|1613527060
|switch|p1a: Lakitu|Tornadus, M|100/100|[from]move: U-turn
|
|upkeep
|turn|31
|
|t:|1613527066
|switch|p2a: Zarude|Zarude|85/100
|-damage|p2a: Zarude|72/100|[from] Stealth Rock
|move|p1a: Lakitu|Tailwind|p1a: Lakitu
|-sidestart|p1: Jmash324|move: Tailwind
|
|-heal|p2a: Zarude|78/100|[from] item: Leftovers
|upkeep
|turn|32
|
|t:|1613527075
|move|p1a: Lakitu|Hurricane|p2a: Zarude|[miss]
|-miss|p1a: Lakitu|p2a: Zarude
|move|p2a: Zarude|Darkest Lariat|p1a: Lakitu
|-damage|p1a: Lakitu|32/100
|
|-heal|p2a: Zarude|84/100|[from] item: Leftovers
|upkeep
|turn|33
|
|t:|1613527082
|move|p1a: Lakitu|Hurricane|p2a: Zarude
|-supereffective|p2a: Zarude
|-damage|p2a: Zarude|0 fnt
|faint|p2a: Zarude
|
|upkeep
|
|t:|1613527089
|switch|p2a: Zygarde|Zygarde-10%|88/100
|-damage|p2a: Zygarde|82/100|[from] Stealth Rock
|-ability|p2a: Zygarde|Aura Break
|turn|34
|
|t:|1613527100
|switch|p1a: Sandstorm|Zarude|11/100
|move|p2a: Zygarde|Extreme Speed|p1a: Sandstorm
|-damage|p1a: Sandstorm|0 fnt
|faint|p1a: Sandstorm
|
|-sideend|p1: Jmash324|move: Tailwind
|upkeep
|
|t:|1613527107
|switch|p1a: Au Revoir|Gardevoir, M|100/100
|-damage|p1a: Au Revoir|88/100|[from] Stealth Rock
|-ability|p1a: Au Revoir|Aura Break|[from] ability: Trace|[of] p2a: Zygarde
|-ability|p1a: Au Revoir|Aura Break
|turn|35
|
|t:|1613527112
|move|p2a: Zygarde|Extreme Speed|p1a: Au Revoir
|-damage|p1a: Au Revoir|26/100
|move|p1a: Au Revoir|Moonblast|p2a: Zygarde
|-supereffective|p2a: Zygarde
|-damage|p2a: Zygarde|0 fnt
|faint|p2a: Zygarde
|
|upkeep
|
|t:|1613527116
|switch|p2a: Xurkitree|Xurkitree|30/100
|-damage|p2a: Xurkitree|18/100|[from] Stealth Rock
|turn|36
|
|t:|1613527123
|switch|p1a: Neptune|Seaking, M|38/100
|move|p2a: Xurkitree|Dazzling Gleam|p1a: Neptune
|-damage|p1a: Neptune|8/100
|
|upkeep
|turn|37
|
|t:|1613527128
|move|p2a: Xurkitree|Dazzling Gleam|p1a: Neptune
|-damage|p1a: Neptune|0 fnt
|faint|p1a: Neptune
|-ability|p2a: Xurkitree|Beast Boost|boost
|-boost|p2a: Xurkitree|spa|1
|
|upkeep
|
|t:|1613527130
|switch|p1a: Lakitu|Tornadus, M|32/100
|turn|38
|
|t:|1613527131
|move|p1a: Lakitu|Tailwind|p1a: Lakitu
|-sidestart|p1: Jmash324|move: Tailwind
|move|p2a: Xurkitree|Dazzling Gleam|p1a: Lakitu
|-damage|p1a: Lakitu|0 fnt
|faint|p1a: Lakitu
|-ability|p2a: Xurkitree|Beast Boost|boost
|-boost|p2a: Xurkitree|spa|1
|
|upkeep
|
|t:|1613527133
|switch|p1a: Au Revoir|Gardevoir, M|26/100
|-damage|p1a: Au Revoir|13/100|[from] Stealth Rock
|-ability|p1a: Au Revoir|Beast Boost|[from] ability: Trace|[of] p2a: Xurkitree
|turn|39
|
|t:|1613527135
|move|p1a: Au Revoir|Moonblast|p2a: Xurkitree
|-damage|p2a: Xurkitree|0 fnt
|faint|p2a: Xurkitree
|
|win|Jmash324
|n|☆Jmash324|jmash324
|n|☆toxrus2|toxrus2
|c|☆Jmash324|gg
|c|☆toxrus2|gg
|c|☆toxrus2|nice tailwind set
|c|☆Jmash324|ty
|c|☆Jmash324|cool move
|l|☆Jmash324
