|j|☆P.S.Ash
|j|☆07l中国大妈
|inactive|Battle timer is ON: inactive players will automatically lose when time's up.
|t:|1638453589
|gametype|singles
|player|p1|P.S.Ash|ash-kalos|
|player|p2|07l中国大妈|170|
|teamsize|p1|6
|teamsize|p2|6
|gen|8
|tier|[Gen 8] RU
|rated|Tournament battle
|rule|Sleep Clause Mod: Limit one foe put to sleep
|rule|Species Clause: Limit one of each Pokémon
|rule|OHKO Clause: OHKO moves are banned
|rule|Evasion Moves Clause: Evasion moves are banned
|rule|Endless Battle Clause: Forcing endless battles is banned
|rule|HP Percentage Mod: HP is shown in percentages
|rule|Dynamax Clause: You cannot dynamax
|clearpoke
|poke|p1|Sylveon, F|
|poke|p1|Roserade, F|
|poke|p1|Incineroar, M|
|poke|p1|Flygon, M|
|poke|p1|Stakataka|
|poke|p1|Xurkitree|
|poke|p2|Suicune|
|poke|p2|Roserade, F|
|poke|p2|Incineroar, F|
|poke|p2|Klefki, M|
|poke|p2|Crobat, F|
|poke|p2|Polteageist|
|teampreview
|j|*Lady Monita ❄
|j| BB-8-NU
|inactive|P.S.Ash also wants the timer to be on.
|j| soniannetic
|j| Princess-Zoe-Chan
|j| ErenDidNothingWong
|c|☆P.S.Ash|glhf
|c|☆07l中国大妈|gl
|inactive|P.S.Ash has 120 seconds left.
|
|t:|1638453621
|start
|switch|p1a: TIGER|Incineroar, M|100/100
|switch|p2a: Roserade|Roserade, F|100/100
|-ability|p1a: TIGER|Intimidate|boost
|-unboost|p2a: Roserade|atk|1
|turn|1
|
|t:|1638453629
|move|p2a: Roserade|Sleep Powder|p1a: TIGER
|-status|p1a: TIGER|slp|[from] move: Sleep Powder
|cant|p1a: TIGER|slp
|
|upkeep
|turn|2
|j| ii88
|
|t:|1638453639
|switch|p1a: Taka Taka|Stakataka, shiny|100/100
|move|p2a: Roserade|Sludge Bomb|p1a: Taka Taka
|-immune|p1a: Taka Taka
|
|upkeep
|turn|3
|
|t:|1638453646
|switch|p2a: Suicune|Suicune|100/100
|-ability|p2a: Suicune|Pressure
|move|p1a: Taka Taka|Gyro Ball|p2a: Suicune
|-resisted|p2a: Suicune
|-damage|p2a: Suicune|80/100
|
|-heal|p2a: Suicune|87/100|[from] item: Leftovers
|upkeep
|turn|4
|
|t:|1638453656
|move|p2a: Suicune|Scald|p1a: Taka Taka
|-supereffective|p1a: Taka Taka
|-damage|p1a: Taka Taka|58/100
|move|p1a: Taka Taka|Toxic|p2a: Suicune
|-status|p2a: Suicune|tox
|
|-heal|p2a: Suicune|93/100 tox|[from] item: Leftovers
|-heal|p1a: Taka Taka|64/100|[from] item: Leftovers
|-damage|p2a: Suicune|87/100 tox|[from] psn
|upkeep
|turn|5
|
|t:|1638453668
|switch|p1a: (+) Global Voice|Sylveon, F, shiny|100/100
|move|p2a: Suicune|Scald|p1a: (+) Global Voice
|-damage|p1a: (+) Global Voice|77/100
|
|-heal|p2a: Suicune|93/100 tox|[from] item: Leftovers
|-damage|p2a: Suicune|80/100 tox|[from] psn
|upkeep
|turn|6
|
|t:|1638453678
|move|p1a: (+) Global Voice|Hyper Voice|p2a: Suicune
|-damage|p2a: Suicune|17/100 tox
|move|p2a: Suicune|Calm Mind|p2a: Suicune
|-boost|p2a: Suicune|spa|1
|-boost|p2a: Suicune|spd|1
|
|-heal|p2a: Suicune|23/100 tox|[from] item: Leftovers
|-damage|p2a: Suicune|5/100 tox|[from] psn
|upkeep
|turn|7
|
|t:|1638453688
|move|p1a: (+) Global Voice|Hyper Voice|p2a: Suicune
|-damage|p2a: Suicune|0 fnt
|faint|p2a: Suicune
|
|upkeep
|
|t:|1638453694
|switch|p2a: Klefki|Klefki, M|100/100
|turn|8
|
|t:|1638453699
|switch|p1a: TIGER|Incineroar, M|100/100 slp
|-ability|p1a: TIGER|Intimidate|boost
|-unboost|p2a: Klefki|atk|1
|move|p2a: Klefki|Spikes|p1a: TIGER
|-sidestart|p1: P.S.Ash|Spikes
|
|upkeep
|turn|9
|
|t:|1638453708
|switch|p2a: Incineroar|Incineroar, F|100/100
|-ability|p2a: Incineroar|Intimidate|boost
|-unboost|p1a: TIGER|atk|1
|cant|p1a: TIGER|slp
|
|upkeep
|turn|10
|
|t:|1638453715
|move|p2a: Incineroar|Knock Off|p1a: TIGER
|-resisted|p1a: TIGER
|-damage|p1a: TIGER|84/100 slp
|-enditem|p1a: TIGER|Heavy-Duty Boots|[from] move: Knock Off|[of] p2a: Incineroar
|cant|p1a: TIGER|slp
|
|upkeep
|turn|11
|
|t:|1638453726
|move|p2a: Incineroar|Knock Off|p1a: TIGER
|-resisted|p1a: TIGER
|-damage|p1a: TIGER|72/100 slp
|-curestatus|p1a: TIGER|slp|[msg]
|move|p1a: TIGER|Knock Off|p2a: Incineroar
|-resisted|p2a: Incineroar
|-damage|p2a: Incineroar|92/100
|-enditem|p2a: Incineroar|Heavy-Duty Boots|[from] move: Knock Off|[of] p1a: TIGER
|
|upkeep
|turn|12
|
|t:|1638453735
|move|p2a: Incineroar|Toxic|p1a: TIGER
|-status|p1a: TIGER|tox
|move|p1a: TIGER|Parting Shot|p2a: Incineroar
|-unboost|p2a: Incineroar|atk|1
|-unboost|p2a: Incineroar|spa|1
|j| jyuudai
|
|t:|1638453738
|switch|p1a: Fly Please|Flygon, M|100/100|[from]move: Parting Shot
|
|upkeep
|turn|13
|
|t:|1638453748
|move|p1a: Fly Please|Defog|p2a: Incineroar
|-unboost|p2a: Incineroar|evasion|1
|-sideend|p1: P.S.Ash|Spikes|[from] move: Defog|[of] p1a: Fly Please
|move|p2a: Incineroar|Toxic|p1a: Fly Please
|-status|p1a: Fly Please|tox
|
|-damage|p1a: Fly Please|94/100 tox|[from] psn
|upkeep
|turn|14
|
|t:|1638453757
|switch|p2a: Crobat|Crobat, F|100/100
|move|p1a: Fly Please|Earthquake|p2a: Crobat
|-immune|p2a: Crobat
|
|-damage|p1a: Fly Please|82/100 tox|[from] psn
|upkeep
|turn|15
|j| ZAAAWAAAAARUDOO
|j| Ancient23
|
|t:|1638453768
|move|p1a: Fly Please|U-turn|p2a: Crobat
|-resisted|p2a: Crobat
|-crit|p2a: Crobat
|-damage|p2a: Crobat|96/100
|
|t:|1638453772
|switch|p1a: Taka Taka|Stakataka, shiny|64/100|[from]move: U-turn
|move|p2a: Crobat|U-turn|p1a: Taka Taka
|-resisted|p1a: Taka Taka
|-damage|p1a: Taka Taka|60/100
|
|t:|1638453782
|switch|p2a: Incineroar|Incineroar, F|92/100|[from]move: U-turn
|-ability|p2a: Incineroar|Intimidate|boost
|-unboost|p1a: Taka Taka|atk|1
|
|-heal|p1a: Taka Taka|66/100|[from] item: Leftovers
|upkeep
|turn|16
|
|t:|1638453790
|switch|p1a: TIGER|Incineroar, M|72/100 tox
|-ability|p1a: TIGER|Intimidate|boost
|-unboost|p2a: Incineroar|atk|1
|move|p2a: Incineroar|Knock Off|p1a: TIGER
|-resisted|p1a: TIGER
|-damage|p1a: TIGER|64/100 tox
|
|-damage|p1a: TIGER|58/100 tox|[from] psn
|upkeep
|turn|17
|
|t:|1638453800
|move|p2a: Incineroar|U-turn|p1a: TIGER
|-damage|p1a: TIGER|46/100 tox
|
|t:|1638453802
|switch|p2a: Crobat|Crobat, F|96/100|[from]move: U-turn
|move|p1a: TIGER|Toxic|p2a: Crobat
|-immune|p2a: Crobat
|
|-damage|p1a: TIGER|34/100 tox|[from] psn
|upkeep
|turn|18
|
|t:|1638453812
|move|p2a: Crobat|Poison Fang|p1a: TIGER
|-damage|p1a: TIGER|19/100 tox
|move|p1a: TIGER|Parting Shot|p2a: Crobat
|-unboost|p2a: Crobat|atk|1
|-unboost|p2a: Crobat|spa|1
|
|t:|1638453820
|switch|p1a: Taka Taka|Stakataka, shiny|66/100|[from]move: Parting Shot
|
|-heal|p1a: Taka Taka|72/100|[from] item: Leftovers
|upkeep
|turn|19
|
|t:|1638453827
|move|p2a: Crobat|U-turn|p1a: Taka Taka
|-resisted|p1a: Taka Taka
|-damage|p1a: Taka Taka|69/100
|
|t:|1638453830
|switch|p2a: Incineroar|Incineroar, F|92/100|[from]move: U-turn
|-ability|p2a: Incineroar|Intimidate|boost
|-unboost|p1a: Taka Taka|atk|1
|move|p1a: Taka Taka|Body Press|p2a: Incineroar
|-supereffective|p2a: Incineroar
|-damage|p2a: Incineroar|42/100
|
|-heal|p1a: Taka Taka|75/100|[from] item: Leftovers
|upkeep
|turn|20
|l| Princess-Zoe-Chan
|
|t:|1638453841
|move|p2a: Incineroar|U-turn|p1a: Taka Taka
|-resisted|p1a: Taka Taka
|-damage|p1a: Taka Taka|70/100
|
|t:|1638453845
|switch|p2a: Klefki|Klefki, M|100/100|[from]move: U-turn
|move|p1a: Taka Taka|Body Press|p2a: Klefki
|-damage|p2a: Klefki|74/100
|
|-heal|p1a: Taka Taka|76/100|[from] item: Leftovers
|upkeep
|turn|21
|
|t:|1638453854
|move|p2a: Klefki|Switcheroo|p1a: Taka Taka
|-activate|p2a: Klefki|move: Trick|[of] p1a: Taka Taka
|-item|p1a: Taka Taka|Choice Scarf|[from] move: Switcheroo
|-item|p2a: Klefki|Leftovers|[from] move: Switcheroo
|move|p1a: Taka Taka|Stealth Rock|p2a: Klefki
|-sidestart|p2: 07l中国大妈|move: Stealth Rock
|
|-heal|p2a: Klefki|80/100|[from] item: Leftovers
|upkeep
|turn|22
|
|t:|1638453863
|switch|p1a: Fly Please|Flygon, M|82/100 tox
|move|p2a: Klefki|Spikes|p1a: Fly Please
|-sidestart|p1: P.S.Ash|Spikes
|
|-heal|p2a: Klefki|86/100|[from] item: Leftovers
|-damage|p1a: Fly Please|76/100 tox|[from] psn
|upkeep
|turn|23
|
|t:|1638453872
|switch|p2a: Crobat|Crobat, F|96/100
|move|p1a: Fly Please|Defog|p2a: Crobat
|-unboost|p2a: Crobat|evasion|1
|-sideend|p2: 07l中国大妈|Stealth Rock|[from] move: Defog|[of] p1a: Fly Please
|-sideend|p1: P.S.Ash|Spikes|[from] move: Defog|[of] p1a: Fly Please
|
|-damage|p1a: Fly Please|64/100 tox|[from] psn
|upkeep
|turn|24
|
|t:|1638453881
|move|p1a: Fly Please|U-turn|p2a: Crobat
|-resisted|p2a: Crobat
|-damage|p2a: Crobat|92/100
|
|t:|1638453884
|switch|p1a: XURK|Xurkitree|100/100|[from]move: U-turn
|move|p2a: Crobat|U-turn|p1a: XURK
|-damage|p1a: XURK|77/100
|
|t:|1638453894
|switch|p2a: Polteageist|Polteageist|100/100|[from]move: U-turn
|
|upkeep
|turn|25
|
|t:|1638453900
|move|p1a: XURK|Thunderbolt|p2a: Polteageist
|-damage|p2a: Polteageist|36/100
|move|p2a: Polteageist|Shell Smash|p2a: Polteageist
|-unboost|p2a: Polteageist|def|1
|-unboost|p2a: Polteageist|spd|1
|-boost|p2a: Polteageist|atk|2
|-boost|p2a: Polteageist|spa|2
|-boost|p2a: Polteageist|spe|2
|
|upkeep
|turn|26
|
|t:|1638453909
|switch|p1a: TIGER|Incineroar, M|19/100 tox
|-ability|p1a: TIGER|Intimidate|boost
|-unboost|p2a: Polteageist|atk|1
|move|p2a: Polteageist|Shadow Ball|p1a: TIGER
|-resisted|p1a: TIGER
|-damage|p1a: TIGER|0 fnt
|faint|p1a: TIGER
|
|upkeep
|
|t:|1638453919
|switch|p1a: (+) Global Voice|Sylveon, F, shiny|77/100
|turn|27
|
|t:|1638453922
|move|p2a: Polteageist|Shadow Ball|p1a: (+) Global Voice
|-damage|p1a: (+) Global Voice|4/100
|move|p1a: (+) Global Voice|Hyper Voice|p2a: Polteageist
|-damage|p2a: Polteageist|0 fnt
|faint|p2a: Polteageist
|
|upkeep
|
|t:|1638453936
|switch|p2a: Roserade|Roserade, F|100/100
|turn|28
|
|t:|1638453963
|move|p2a: Roserade|Sludge Bomb|p1a: (+) Global Voice
|-supereffective|p1a: (+) Global Voice
|-damage|p1a: (+) Global Voice|0 fnt
|faint|p1a: (+) Global Voice
|
|upkeep
|
|t:|1638453966
|switch|p1a: Taka Taka|Stakataka, shiny|76/100
|turn|29
|
|t:|1638453971
|move|p2a: Roserade|Sleep Powder|p1a: Taka Taka
|-status|p1a: Taka Taka|slp|[from] move: Sleep Powder
|cant|p1a: Taka Taka|slp
|
|upkeep
|turn|30
|
|t:|1638453980
|switch|p2a: Klefki|Klefki, M|86/100
|-curestatus|p1a: Taka Taka|slp|[msg]
|move|p1a: Taka Taka|Gyro Ball|p2a: Klefki
|-damage|p2a: Klefki|42/100
|
|-heal|p2a: Klefki|48/100|[from] item: Leftovers
|upkeep
|turn|31
|
|t:|1638453989
|move|p2a: Klefki|Thunder Wave|p1a: Taka Taka
|-status|p1a: Taka Taka|par
|move|p1a: Taka Taka|Gyro Ball|p2a: Klefki
|-damage|p2a: Klefki|0 fnt
|faint|p2a: Klefki
|-ability|p1a: Taka Taka|Beast Boost|boost
|-boost|p1a: Taka Taka|def|1
|
|upkeep
|
|t:|1638453999
|switch|p2a: Incineroar|Incineroar, F|42/100
|-ability|p2a: Incineroar|Intimidate|boost
|-unboost|p1a: Taka Taka|atk|1
|turn|32
|c| ErenDidNothingWong|cursed stakata taka incoming
|
|t:|1638454012
|switch|p1a: Fly Please|Flygon, M|64/100 tox
|move|p2a: Incineroar|Flare Blitz|p1a: Fly Please
|-resisted|p1a: Fly Please
|-damage|p1a: Fly Please|41/100 tox
|-damage|p2a: Incineroar|25/100|[from] item: Rocky Helmet|[of] p1a: Fly Please
|-damage|p2a: Incineroar|18/100|[from] Recoil
|
|-damage|p1a: Fly Please|35/100 tox|[from] psn
|upkeep
|turn|33
|
|t:|1638454023
|switch|p2a: Crobat|Crobat, F|92/100
|move|p1a: Fly Please|U-turn|p2a: Crobat
|-resisted|p2a: Crobat
|-damage|p2a: Crobat|89/100
|
|t:|1638454026
|switch|p1a: XURK|Xurkitree|77/100|[from]move: U-turn
|
|upkeep
|turn|34
|
|t:|1638454033
|switch|p2a: Roserade|Roserade, F|100/100
|move|p1a: XURK|Volt Switch|p2a: Roserade
|-resisted|p2a: Roserade
|-damage|p2a: Roserade|79/100
|
|t:|1638454040
|switch|p1a: Taka Taka|Stakataka, shiny|76/100 par|[from]move: Volt Switch
|
|-heal|p2a: Roserade|85/100|[from] item: Black Sludge
|upkeep
|turn|35
|
|t:|1638454055
|switch|p2a: Crobat|Crobat, F|89/100
|cant|p1a: Taka Taka|par
|
|upkeep
|turn|36
|
|t:|1638454064
|move|p2a: Crobat|Roost|p2a: Crobat
|-heal|p2a: Crobat|100/100
|-singleturn|p2a: Crobat|move: Roost
|move|p1a: Taka Taka|Body Press|p2a: Crobat
|-resisted|p2a: Crobat
|-damage|p2a: Crobat|87/100
|
|upkeep
|turn|37
|l| jyuudai
|
|t:|1638454075
|switch|p1a: Fly Please|Flygon, M|35/100 tox
|move|p2a: Crobat|U-turn|p1a: Fly Please
|-damage|p1a: Fly Please|18/100 tox
|-damage|p2a: Crobat|71/100|[from] item: Rocky Helmet|[of] p1a: Fly Please
|
|t:|1638454083
|switch|p2a: Incineroar|Incineroar, F|18/100|[from]move: U-turn
|-ability|p2a: Incineroar|Intimidate|boost
|-unboost|p1a: Fly Please|atk|1
|
|-damage|p1a: Fly Please|12/100 tox|[from] psn
|upkeep
|turn|38
|
|t:|1638454091
|switch|p2a: Crobat|Crobat, F|71/100
|move|p1a: Fly Please|Roost|p1a: Fly Please
|-heal|p1a: Fly Please|62/100 tox
|-singleturn|p1a: Fly Please|move: Roost
|
|-damage|p1a: Fly Please|50/100 tox|[from] psn
|upkeep
|turn|39
|
|t:|1638454100
|move|p1a: Fly Please|U-turn|p2a: Crobat
|-resisted|p2a: Crobat
|-damage|p2a: Crobat|69/100
|
|t:|1638454103
|switch|p1a: Taka Taka|Stakataka, shiny|76/100 par|[from]move: U-turn
|move|p2a: Crobat|U-turn|p1a: Taka Taka
|-resisted|p1a: Taka Taka
|-damage|p1a: Taka Taka|71/100 par
|
|t:|1638454110
|switch|p2a: Roserade|Roserade, F|85/100|[from]move: U-turn
|
|-heal|p2a: Roserade|91/100|[from] item: Black Sludge
|upkeep
|turn|40
|
|t:|1638454117
|switch|p2a: Crobat|Crobat, F|69/100
|cant|p1a: Taka Taka|par
|
|upkeep
|turn|41
|
|t:|1638454123
|move|p2a: Crobat|Roost|p2a: Crobat
|-heal|p2a: Crobat|100/100
|-singleturn|p2a: Crobat|move: Roost
|move|p1a: Taka Taka|Gyro Ball|p2a: Crobat
|-crit|p2a: Crobat
|-damage|p2a: Crobat|21/100
|
|upkeep
|turn|42
|
|t:|1638454133
|move|p2a: Crobat|Roost|p2a: Crobat
|-heal|p2a: Crobat|71/100
|-singleturn|p2a: Crobat|move: Roost
|cant|p1a: Taka Taka|par
|
|upkeep
|turn|43
|l| Ancient23
|
|t:|1638454141
|move|p2a: Crobat|Roost|p2a: Crobat
|-heal|p2a: Crobat|100/100
|-singleturn|p2a: Crobat|move: Roost
|cant|p1a: Taka Taka|par
|
|upkeep
|turn|44
|j| Ancient23
|
|t:|1638454155
|move|p2a: Crobat|Poison Fang|p1a: Taka Taka
|-immune|p1a: Taka Taka
|cant|p1a: Taka Taka|par
|
|upkeep
|turn|45
|j|@J0rdy004 ♫
|
|t:|1638454168
|move|p2a: Crobat|Poison Fang|p1a: Taka Taka
|-immune|p1a: Taka Taka
|move|p1a: Taka Taka|Gyro Ball|p2a: Crobat
|-damage|p2a: Crobat|47/100
|
|upkeep
|turn|46
|j| Vitoran ♂
|
|t:|1638454174
|switch|p1a: XURK|Xurkitree|77/100
|move|p2a: Crobat|Roost|p2a: Crobat
|-heal|p2a: Crobat|97/100
|-singleturn|p2a: Crobat|move: Roost
|
|upkeep
|turn|47
|
|t:|1638454182
|switch|p2a: Roserade|Roserade, F|91/100
|move|p1a: XURK|Volt Switch|p2a: Roserade
|-resisted|p2a: Roserade
|-damage|p2a: Roserade|70/100
|j|+Corthius
|l|+Corthius
|inactive|P.S.Ash has 120 seconds left.
|inactive|P.S.Ash has 90 seconds left.
|
|t:|1638454259
|switch|p1a: Rose|Roserade, F, shiny|100/100|[from]move: Volt Switch
|
|-heal|p2a: Roserade|76/100|[from] item: Black Sludge
|upkeep
|turn|48
|
|t:|1638454266
|move|p2a: Roserade|Extrasensory|p1a: Rose
|-supereffective|p1a: Rose
|-damage|p1a: Rose|48/100
|move|p1a: Rose|Giga Drain|p2a: Roserade
|-resisted|p2a: Roserade
|-damage|p2a: Roserade|67/100
|-heal|p1a: Rose|53/100|[from] drain|[of] p2a: Roserade
|
|-heal|p2a: Roserade|73/100|[from] item: Black Sludge
|upkeep
|turn|49
|
|t:|1638454276
|move|p2a: Roserade|Extrasensory|p1a: Rose
|-supereffective|p1a: Rose
|-damage|p1a: Rose|0 fnt
|faint|p1a: Rose
|
|-heal|p2a: Roserade|79/100|[from] item: Black Sludge
|upkeep
|
|t:|1638454282
|switch|p1a: Taka Taka|Stakataka, shiny|71/100 par
|turn|50
|
|t:|1638454286
|switch|p2a: Crobat|Crobat, F|97/100
|move|p1a: Taka Taka|Stealth Rock|p2a: Crobat
|-sidestart|p2: 07l中国大妈|move: Stealth Rock
|
|upkeep
|turn|51
|
|t:|1638454292
|switch|p1a: Fly Please|Flygon, M|50/100 tox
|move|p2a: Crobat|Defog|p1a: Fly Please
|-unboost|p1a: Fly Please|evasion|1
|-sideend|p2: 07l中国大妈|Stealth Rock|[from] move: Defog|[of] p2a: Crobat
|
|-damage|p1a: Fly Please|44/100 tox|[from] psn
|upkeep
|turn|52
|
|t:|1638454301
|move|p1a: Fly Please|Roost|p1a: Fly Please
|-heal|p1a: Fly Please|94/100 tox
|-singleturn|p1a: Fly Please|move: Roost
|move|p2a: Crobat|Poison Fang|p1a: Fly Please
|-resisted|p1a: Fly Please
|-damage|p1a: Fly Please|86/100 tox
|-damage|p2a: Crobat|81/100|[from] item: Rocky Helmet|[of] p1a: Fly Please
|
|-damage|p1a: Fly Please|74/100 tox|[from] psn
|upkeep
|turn|53
|inactive|P.S.Ash has 90 seconds left.
|
|t:|1638454340
|move|p1a: Fly Please|U-turn|p2a: Crobat
|-resisted|p2a: Crobat
|-damage|p2a: Crobat|78/100
|
|t:|1638454345
|switch|p1a: Taka Taka|Stakataka, shiny|71/100 par|[from]move: U-turn
|move|p2a: Crobat|U-turn|p1a: Taka Taka
|-resisted|p1a: Taka Taka
|-damage|p1a: Taka Taka|67/100 par
|
|t:|1638454352
|switch|p2a: Incineroar|Incineroar, F|18/100|[from]move: U-turn
|-ability|p2a: Incineroar|Intimidate|boost
|-unboost|p1a: Taka Taka|atk|1
|
|upkeep
|turn|54
|inactive|P.S.Ash has 90 seconds left.
|
|t:|1638454363
|switch|p2a: Crobat|Crobat, F|78/100
|move|p1a: Taka Taka|Body Press|p2a: Crobat
|-resisted|p2a: Crobat
|-damage|p2a: Crobat|70/100
|
|upkeep
|turn|55
|
|t:|1638454373
|switch|p1a: Fly Please|Flygon, M|74/100 tox
|move|p2a: Crobat|Roost|p2a: Crobat
|-heal|p2a: Crobat|100/100
|-singleturn|p2a: Crobat|move: Roost
|
|-damage|p1a: Fly Please|68/100 tox|[from] psn
|upkeep
|turn|56
|
|t:|1638454389
|move|p1a: Fly Please|Roost|p1a: Fly Please
|-heal|p1a: Fly Please|100/100 tox
|-singleturn|p1a: Fly Please|move: Roost
|move|p2a: Crobat|U-turn|p1a: Fly Please
|-damage|p1a: Fly Please|86/100 tox
|-damage|p2a: Crobat|84/100|[from] item: Rocky Helmet|[of] p1a: Fly Please
|
|t:|1638454396
|switch|p2a: Roserade|Roserade, F|79/100|[from]move: U-turn
|
|-heal|p2a: Roserade|85/100|[from] item: Black Sludge
|-damage|p1a: Fly Please|74/100 tox|[from] psn
|upkeep
|turn|57
|inactive|P.S.Ash has 90 seconds left.
|
|t:|1638454424
|switch|p2a: Crobat|Crobat, F|84/100
|move|p1a: Fly Please|U-turn|p2a: Crobat
|-resisted|p2a: Crobat
|-damage|p2a: Crobat|81/100
|
|t:|1638454427
|switch|p1a: XURK|Xurkitree|77/100|[from]move: U-turn
|
|upkeep
|turn|58
|
|t:|1638454434
|switch|p2a: Roserade|Roserade, F|85/100
|move|p1a: XURK|Thunderbolt|p2a: Roserade
|-resisted|p2a: Roserade
|-damage|p2a: Roserade|57/100
|
|-heal|p2a: Roserade|63/100|[from] item: Black Sludge
|upkeep
|turn|59
|
|t:|1638454445
|switch|p1a: Taka Taka|Stakataka, shiny|67/100 par
|move|p2a: Roserade|Sludge Bomb|p1a: Taka Taka
|-immune|p1a: Taka Taka
|
|-heal|p2a: Roserade|70/100|[from] item: Black Sludge
|upkeep
|turn|60
|
|t:|1638454454
|switch|p2a: Crobat|Crobat, F|81/100
|cant|p1a: Taka Taka|par
|
|upkeep
|turn|61
|
|t:|1638454464
|move|p2a: Crobat|Roost|p2a: Crobat
|-heal|p2a: Crobat|100/100
|-singleturn|p2a: Crobat|move: Roost
|cant|p1a: Taka Taka|par
|
|upkeep
|turn|62
|inactive|P.S.Ash has 120 seconds left.
|
|t:|1638454482
|move|p2a: Crobat|Poison Fang|p1a: Taka Taka
|-immune|p1a: Taka Taka
|move|p1a: Taka Taka|Stealth Rock|p2a: Crobat
|-sidestart|p2: 07l中国大妈|move: Stealth Rock
|
|upkeep
|turn|63
|inactive|P.S.Ash has 120 seconds left.
|
|t:|1638454489
|switch|p1a: Fly Please|Flygon, M|74/100 tox
|move|p2a: Crobat|U-turn|p1a: Fly Please
|-damage|p1a: Fly Please|59/100 tox
|-damage|p2a: Crobat|84/100|[from] item: Rocky Helmet|[of] p1a: Fly Please
|
|t:|1638454496
|switch|p2a: Incineroar|Incineroar, F|18/100|[from]move: U-turn
|-damage|p2a: Incineroar|0 fnt|[from] Stealth Rock
|faint|p2a: Incineroar
|
|-damage|p1a: Fly Please|53/100 tox|[from] psn
|upkeep
|
|t:|1638454506
|switch|p2a: Crobat|Crobat, F|84/100
|turn|64
|
|t:|1638454512
|move|p1a: Fly Please|U-turn|p2a: Crobat
|-resisted|p2a: Crobat
|-damage|p2a: Crobat|81/100
|
|t:|1638454514
|switch|p1a: XURK|Xurkitree|77/100|[from]move: U-turn
|move|p2a: Crobat|Defog|p1a: XURK
|-unboost|p1a: XURK|evasion|1
|-sideend|p2: 07l中国大妈|Stealth Rock|[from] move: Defog|[of] p2a: Crobat
|
|upkeep
|turn|65
|
|t:|1638454522
|switch|p2a: Roserade|Roserade, F|70/100
|move|p1a: XURK|Thunderbolt|p2a: Roserade
|-resisted|p2a: Roserade
|-damage|p2a: Roserade|42/100
|
|-heal|p2a: Roserade|48/100|[from] item: Black Sludge
|upkeep
|turn|66
|
|t:|1638454531
|switch|p1a: Taka Taka|Stakataka, shiny|67/100 par
|move|p2a: Roserade|Extrasensory|p1a: Taka Taka
|-resisted|p1a: Taka Taka
|-damage|p1a: Taka Taka|59/100 par
|
|-heal|p2a: Roserade|54/100|[from] item: Black Sludge
|upkeep
|turn|67
|
|t:|1638454540
|switch|p2a: Crobat|Crobat, F|81/100
|move|p1a: Taka Taka|Stealth Rock|p2a: Crobat
|-sidestart|p2: 07l中国大妈|move: Stealth Rock
|
|upkeep
|turn|68
|
|t:|1638454547
|switch|p1a: Fly Please|Flygon, M|53/100 tox
|move|p2a: Crobat|Defog|p1a: Fly Please
|-unboost|p1a: Fly Please|evasion|1
|-sideend|p2: 07l中国大妈|Stealth Rock|[from] move: Defog|[of] p2a: Crobat
|
|-damage|p1a: Fly Please|47/100 tox|[from] psn
|upkeep
|turn|69
|
|t:|1638454556
|switch|p2a: Roserade|Roserade, F|54/100
|move|p1a: Fly Please|Roost|p1a: Fly Please
|-heal|p1a: Fly Please|97/100 tox
|-singleturn|p1a: Fly Please|move: Roost
|
|-heal|p2a: Roserade|60/100|[from] item: Black Sludge
|-damage|p1a: Fly Please|85/100 tox|[from] psn
|upkeep
|turn|70
|
|t:|1638454566
|switch|p2a: Crobat|Crobat, F|81/100
|move|p1a: Fly Please|U-turn|p2a: Crobat
|-resisted|p2a: Crobat
|-damage|p2a: Crobat|78/100
|
|t:|1638454568
|switch|p1a: XURK|Xurkitree|77/100|[from]move: U-turn
|
|upkeep
|turn|71
|j| El_Guionjiro
|
|t:|1638454575
|switch|p2a: Roserade|Roserade, F|60/100
|move|p1a: XURK|Thunderbolt|p2a: Roserade
|-resisted|p2a: Roserade
|-damage|p2a: Roserade|33/100
|
|-heal|p2a: Roserade|39/100|[from] item: Black Sludge
|upkeep
|turn|72
|
|t:|1638454587
|move|p1a: XURK|Thunderbolt|p2a: Roserade
|-resisted|p2a: Roserade
|-damage|p2a: Roserade|10/100
|move|p2a: Roserade|Extrasensory|p1a: XURK
|-crit|p1a: XURK
|-damage|p1a: XURK|31/100
|
|-heal|p2a: Roserade|16/100|[from] item: Black Sludge
|upkeep
|turn|73
|j| Matthew081302
|
|t:|1638454596
|move|p1a: XURK|Thunderbolt|p2a: Roserade
|-resisted|p2a: Roserade
|-damage|p2a: Roserade|0 fnt
|faint|p2a: Roserade
|-ability|p1a: XURK|Beast Boost|boost
|-boost|p1a: XURK|spa|1
|
|upkeep
|c|☆P.S.Ash|gg
|c|☆07l中国大妈|gg
|
|t:|1638454604
|switch|p2a: Crobat|Crobat, F|78/100
|turn|74
|
|t:|1638454608
|move|p1a: XURK|Thunderbolt|p2a: Crobat
|-supereffective|p2a: Crobat
|-damage|p2a: Crobat|0 fnt
|faint|p2a: Crobat
|
|win|P.S.Ash
|n|☆P.S.Ash|psash
|n|☆07l中国大妈|07l
|n|*Lady Monita ❄|ladymonita
|n| BB-8-NU|bb8nu
|n| soniannetic|soniannetic
|n| ErenDidNothingWong|erendidnothingwong
|n| ii88|ii88
|n| ZAAAWAAAAARUDOO|zaaawaaaaarudoo
|n| Ancient23|ancient23
|n|+J0rdy004 ♫|j0rdy004
|n| Vitoran ♂|vitoran
|n| El_Guionjiro|elguionjiro
|n| Matthew081302|matthew081302
|l|*Lady Monita ❄
|l| BB-8-NU
|l|☆P.S.Ash
