|j|☆TimBasedGod
|j|☆Jim Nowak
|player|p1|TimBasedGod|184|1327
|player|p2|Jim Nowak|roughneck-gen4|1107
|teamsize|p1|6
|teamsize|p2|6
|gametype|singles
|gen|8
|tier|[Gen 8] RU
|rated|
|clearpoke
|poke|p1|Mudsdale, M|
|poke|p1|Qwilfish, F|
|poke|p1|Mr. Rime, M|
|poke|p1|Hitmonlee, M|
|poke|p1|Indeedee, M|
|poke|p1|Boltund, M|
|poke|p2|Indeedee, M|
|poke|p2|Cinccino, M|
|poke|p2|Hitmonlee, M|
|poke|p2|Morpeko, M|
|poke|p2|Rillaboom, M|
|poke|p2|Claydol|
|rule|Sleep Clause Mod: Limit one foe put to sleep
|rule|Species Clause: Limit one of each Pokémon
|rule|OHKO Clause: OHKO moves are banned
|rule|Evasion Moves Clause: Evasion moves are banned
|rule|Endless Battle Clause: Forcing endless battles is banned
|rule|HP Percentage Mod: HP is shown in percentages
|rule|Dynamax Clause: You cannot dynamax
|teampreview
|
|start
|switch|p1a: Qwilfish|Qwilfish, F|100/100
|switch|p2a: Hitmonlee|Hitmonlee, M|100/100
|-ability|p1a: Qwilfish|Intimidate|boost
|-unboost|p2a: Hitmonlee|atk|1
|turn|1
|
|move|p2a: Hitmonlee|Fake Out|p1a: Qwilfish
|-enditem|p2a: Hitmonlee|Normal Gem|[from] gem
|-damage|p1a: Qwilfish|85/100
|cant|p1a: Qwilfish|flinch
|
|-heal|p1a: Qwilfish|91/100|[from] item: Black Sludge
|upkeep
|turn|2
|
|move|p2a: Hitmonlee|Knock Off|p1a: Qwilfish
|-damage|p1a: Qwilfish|60/100
|-enditem|p1a: Qwilfish|Black Sludge|[from] move: Knock Off|[of] p2a: Hitmonlee
|move|p1a: Qwilfish|Thunder Wave|p2a: Hitmonlee
|-status|p2a: Hitmonlee|par
|
|upkeep
|turn|3
|
|move|p1a: Qwilfish|Spikes|p2a: Hitmonlee
|-sidestart|p2: Jim Nowak|Spikes
|move|p2a: Hitmonlee|High Jump Kick|p1a: Qwilfish
|-resisted|p1a: Qwilfish
|-damage|p1a: Qwilfish|30/100
|
|upkeep
|turn|4
|
|move|p1a: Qwilfish|Liquidation|p2a: Hitmonlee
|-crit|p2a: Hitmonlee
|-damage|p2a: Hitmonlee|0 fnt
|faint|p2a: Hitmonlee
|
|upkeep
|
|switch|p2a: Morpeko|Morpeko, M|100/100
|-damage|p2a: Morpeko|88/100|[from] Spikes
|turn|5
|
|switch|p1a: Mudsdale|Mudsdale, M|100/100
|move|p2a: Morpeko|Rapid Spin|p1a: Mudsdale
|-damage|p1a: Mudsdale|88/100
|-boost|p2a: Morpeko|spe|1
|-ability|p1a: Mudsdale|Stamina|boost
|-boost|p1a: Mudsdale|def|1
|-sideend|p2: Jim Nowak|Spikes|[from] move: Rapid Spin|[of] p2a: Morpeko
|-damage|p2a: Morpeko|78/100|[from] item: Life Orb
|
|-heal|p1a: Mudsdale|94/100|[from] item: Leftovers
|-formechange|p2a: Morpeko|Morpeko-Hangry||[from] ability: Hunger Switch
|upkeep
|turn|6
|
|switch|p2a: Claydol|Claydol|100/100
|move|p1a: Mudsdale|Stealth Rock|p2a: Claydol
|-sidestart|p2: Jim Nowak|move: Stealth Rock
|
|-heal|p1a: Mudsdale|99/100|[from] item: Leftovers
|upkeep
|turn|7
|
|move|p2a: Claydol|Rapid Spin|p1a: Mudsdale
|-damage|p1a: Mudsdale|97/100
|-boost|p2a: Claydol|spe|1
|-ability|p1a: Mudsdale|Stamina|boost
|-boost|p1a: Mudsdale|def|1
|-sideend|p2: Jim Nowak|Stealth Rock|[from] move: Rapid Spin|[of] p2a: Claydol
|move|p1a: Mudsdale|Toxic|p2a: Claydol
|-status|p2a: Claydol|tox
|
|-heal|p1a: Mudsdale|100/100|[from] item: Leftovers
|-damage|p2a: Claydol|94/100 tox|[from] psn
|upkeep
|turn|8
|
|move|p2a: Claydol|Earth Power|p1a: Mudsdale
|-damage|p1a: Mudsdale|66/100
|-ability|p1a: Mudsdale|Stamina|boost
|-boost|p1a: Mudsdale|def|1
|move|p1a: Mudsdale|Stealth Rock|p2a: Claydol
|-sidestart|p2: Jim Nowak|move: Stealth Rock
|
|-heal|p2a: Claydol|100/100 tox|[from] item: Leftovers
|-heal|p1a: Mudsdale|72/100|[from] item: Leftovers
|-damage|p2a: Claydol|88/100 tox|[from] psn
|upkeep
|turn|9
|
|switch|p1a: Qwilfish|Qwilfish, F|30/100
|-ability|p1a: Qwilfish|Intimidate|boost
|-unboost|p2a: Claydol|atk|1
|move|p2a: Claydol|Earth Power|p1a: Qwilfish
|-supereffective|p1a: Qwilfish
|-damage|p1a: Qwilfish|0 fnt
|faint|p1a: Qwilfish
|
|-heal|p2a: Claydol|94/100 tox|[from] item: Leftovers
|-damage|p2a: Claydol|76/100 tox|[from] psn
|upkeep
|
|switch|p1a: Boltund|Boltund, M|100/100
|turn|10
|
|move|p1a: Boltund|Crunch|p2a: Claydol
|-supereffective|p2a: Claydol
|-damage|p2a: Claydol|12/100 tox
|move|p2a: Claydol|Earth Power|p1a: Boltund
|-supereffective|p1a: Boltund
|-enditem|p1a: Boltund|Focus Sash
|-damage|p1a: Boltund|1/100
|
|-heal|p2a: Claydol|18/100 tox|[from] item: Leftovers
|-damage|p2a: Claydol|0 fnt|[from] psn
|faint|p2a: Claydol
|upkeep
|
|switch|p2a: Morpeko|Morpeko, M|78/100
|-damage|p2a: Morpeko|66/100|[from] Stealth Rock
|turn|11
|
|move|p1a: Boltund|Fire Fang|p2a: Morpeko
|-damage|p2a: Morpeko|15/100
|move|p2a: Morpeko|Rapid Spin|p1a: Boltund
|-damage|p1a: Boltund|0 fnt
|-boost|p2a: Morpeko|spe|1
|-sideend|p2: Jim Nowak|Stealth Rock|[from] move: Rapid Spin|[of] p2a: Morpeko
|-damage|p2a: Morpeko|5/100|[from] item: Life Orb
|faint|p1a: Boltund
|
|-formechange|p2a: Morpeko|Morpeko-Hangry||[from] ability: Hunger Switch
|upkeep
|
|switch|p1a: Mudsdale|Mudsdale, M|72/100
|turn|12
|
|move|p2a: Morpeko|Seed Bomb|p1a: Mudsdale
|-supereffective|p1a: Mudsdale
|-damage|p1a: Mudsdale|32/100
|-ability|p1a: Mudsdale|Stamina|boost
|-boost|p1a: Mudsdale|def|1
|-damage|p2a: Morpeko|0 fnt|[from] item: Life Orb
|faint|p2a: Morpeko
|move|p1a: Mudsdale|Stealth Rock|p2: Morpeko
|-sidestart|p2: Jim Nowak|move: Stealth Rock
|
|-heal|p1a: Mudsdale|38/100|[from] item: Leftovers
|upkeep
|
|switch|p2a: Rillaboom|Rillaboom, M|100/100
|-damage|p2a: Rillaboom|88/100|[from] Stealth Rock
|turn|13
|
|move|p2a: Rillaboom|Wood Hammer|p1a: Mudsdale
|-supereffective|p1a: Mudsdale
|-damage|p1a: Mudsdale|0 fnt
|-damage|p2a: Rillaboom|74/100|[from] Recoil
|faint|p1a: Mudsdale
|
|upkeep
|
|switch|p1a: Mr. Rime|Mr. Rime, M|100/100
|turn|14
|
|move|p2a: Rillaboom|Wood Hammer|p1a: Mr. Rime
|-damage|p1a: Mr. Rime|30/100
|-damage|p2a: Rillaboom|49/100|[from] Recoil
|move|p1a: Mr. Rime|Freeze-Dry|p2a: Rillaboom
|-supereffective|p2a: Rillaboom
|-damage|p2a: Rillaboom|0 fnt
|faint|p2a: Rillaboom
|
|upkeep
|
|switch|p2a: Cinccino|Cinccino, M|100/100
|-damage|p2a: Cinccino|88/100|[from] Stealth Rock
|turn|15
|
|move|p2a: Cinccino|Rock Blast|p1a: Mr. Rime
|-supereffective|p1a: Mr. Rime
|-damage|p1a: Mr. Rime|9/100
|-supereffective|p1a: Mr. Rime
|-damage|p1a: Mr. Rime|0 fnt
|-hitcount|p1a: Mr. Rime|2
|-damage|p2a: Cinccino|78/100|[from] item: Life Orb
|faint|p1a: Mr. Rime
|
|upkeep
|
|switch|p1a: Indeedee|Indeedee, M|100/100
|-fieldstart|move: Psychic Terrain|[from] ability: Psychic Surge|[of] p1a: Indeedee
|turn|16
|
|move|p2a: Cinccino|U-turn|p1a: Indeedee
|-supereffective|p1a: Indeedee
|-damage|p1a: Indeedee|0 fnt
|-damage|p2a: Cinccino|68/100|[from] item: Life Orb
|faint|p1a: Indeedee
|
|switch|p2a: Indeedee|Indeedee, M|100/100|[from]move: U-turn
|-damage|p2a: Indeedee|88/100|[from] Stealth Rock
|
|upkeep
|
|switch|p1a: Hitmonlee|Hitmonlee, M|100/100
|-enditem|p1a: Hitmonlee|Psychic Seed
|-boost|p1a: Hitmonlee|spd|1|[from] item: Psychic Seed
|turn|17
|
|move|p1a: Hitmonlee|Knock Off|p2a: Indeedee
|-supereffective|p2a: Indeedee
|-damage|p2a: Indeedee|0 fnt
|-enditem|p2a: Indeedee|Choice Specs|[from] move: Knock Off|[of] p1a: Hitmonlee
|faint|p2a: Indeedee
|
|upkeep
|
|switch|p2a: Cinccino|Cinccino, M|68/100
|-damage|p2a: Cinccino|56/100|[from] Stealth Rock
|turn|18
|
|move|p1a: Hitmonlee|Close Combat|p2a: Cinccino
|-supereffective|p2a: Cinccino
|-damage|p2a: Cinccino|0 fnt
|-unboost|p1a: Hitmonlee|def|1
|-unboost|p1a: Hitmonlee|spd|1
|faint|p2a: Cinccino
|
|win|TimBasedGod
|n|‽Jim Nowak|jimnowak
|raw|TimBasedGod's rating: 1327 &rarr; <strong>1336</strong><br />(+9 for winning)
|raw|Jim Nowak's rating: 1107 &rarr; <strong>1096</strong><br />(-11 for losing)
