|j|☆Cascine Park
|j|☆CasualGabberz
|inactive|Battle timer is ON: inactive players will automatically lose when time's up.
|t:|1626268289
|gametype|singles
|player|p1|Cascine Park|unknownf|
|player|p2|CasualGabberz|lucas|
|teamsize|p1|6
|teamsize|p2|6
|gen|8
|tier|[Gen 8] RU
|rated|Tournament battle
|rule|Sleep Clause Mod: Limit one foe put to sleep
|rule|Species Clause: Limit one of each Pokémon
|rule|OHKO Clause: OHKO moves are banned
|rule|Evasion Moves Clause: Evasion moves are banned
|rule|Endless Battle Clause: Forcing endless battles is banned
|rule|HP Percentage Mod: HP is shown in percentages
|rule|Dynamax Clause: You cannot dynamax
|clearpoke
|poke|p1|Reuniclus, M|
|poke|p1|Registeel|
|poke|p1|Togekiss, M|
|poke|p1|Obstagoon, M|
|poke|p1|Gastrodon, M|
|poke|p1|Noivern, M|
|poke|p2|Metagross|
|poke|p2|Raikou|
|poke|p2|Togekiss, F|
|poke|p2|Celebi|
|poke|p2|Sharpedo, F|
|poke|p2|Mienshao, F|
|teampreview
|j|*Lady Monita
|j| 0 is a hero
|j| lllllkkkkk
|j| Unexpected Winner
|j| GaaraVGC
|inactive|Cascine Park has 120 seconds left.
|
|t:|1626268324
|start
|switch|p1a: Noivern|Noivern, M|100/100
|switch|p2a: Mienshao|Mienshao, F|100/100
|turn|1
|
|t:|1626268332
|move|p2a: Mienshao|U-turn|p1a: Noivern
|-resisted|p1a: Noivern
|-damage|p1a: Noivern|86/100
|
|t:|1626268335
|switch|p2a: Togekiss|Togekiss, F|100/100|[from]move: U-turn
|move|p1a: Noivern|Draco Meteor|p2a: Togekiss
|-immune|p2a: Togekiss
|
|upkeep
|turn|2
|
|t:|1626268352
|switch|p1a: Registeel|Registeel|100/100
|switch|p2a: Mienshao|Mienshao, F|100/100
|
|upkeep
|turn|3
|
|t:|1626268362
|move|p2a: Mienshao|Knock Off|p1a: Registeel
|-damage|p1a: Registeel|77/100
|-enditem|p1a: Registeel|Leftovers|[from] move: Knock Off|[of] p2a: Mienshao
|move|p1a: Registeel|Stealth Rock|p2a: Mienshao
|-sidestart|p2: CasualGabberz|move: Stealth Rock
|
|upkeep
|turn|4
|
|t:|1626268378
|switch|p2a: Celebi|Celebi|100/100
|-damage|p2a: Celebi|88/100|[from] Stealth Rock
|switch|p1a: Obstagoon|Obstagoon, M|100/100
|
|-heal|p2a: Celebi|94/100|[from] item: Leftovers
|-status|p1a: Obstagoon|brn|[from] item: Flame Orb
|upkeep
|turn|5
|
|t:|1626268386
|switch|p2a: Mienshao|Mienshao, F|100/100
|-damage|p2a: Mienshao|95/100|[from] Stealth Rock
|move|p1a: Obstagoon|Knock Off|p2a: Mienshao
|-resisted|p2a: Mienshao
|-damage|p2a: Mienshao|43/100
|-enditem|p2a: Mienshao|Choice Scarf|[from] move: Knock Off|[of] p1a: Obstagoon
|
|-damage|p1a: Obstagoon|94/100 brn|[from] brn
|upkeep
|turn|6
|
|t:|1626268409
|switch|p1a: Noivern|Noivern, M|86/100
|move|p2a: Mienshao|U-turn|p1a: Noivern
|-resisted|p1a: Noivern
|-damage|p1a: Noivern|70/100
|j| r21184
|
|t:|1626268415
|switch|p2a: Togekiss|Togekiss, F|100/100|[from]move: U-turn
|
|upkeep
|turn|7
|
|t:|1626268420
|switch|p1a: Registeel|Registeel|77/100
|move|p2a: Togekiss|Defog|p1a: Registeel
|-fail|p1a: Registeel|unboost|[from] ability: Clear Body|[of] p1a: Registeel
|-sideend|p2: CasualGabberz|Stealth Rock|[from] move: Defog|[of] p2a: Togekiss
|
|upkeep
|turn|8
|
|t:|1626268428
|switch|p2a: Celebi|Celebi|94/100
|move|p1a: Registeel|Stealth Rock|p2a: Celebi
|-sidestart|p2: CasualGabberz|move: Stealth Rock
|
|-heal|p2a: Celebi|100/100|[from] item: Leftovers
|upkeep
|turn|9
|j| Gaboswampert
|
|t:|1626268441
|switch|p2a: Mienshao|Mienshao, F|76/100
|-damage|p2a: Mienshao|70/100|[from] Stealth Rock
|switch|p1a: Reuniclus|Reuniclus, M|100/100
|
|upkeep
|turn|10
|
|t:|1626268446
|move|p2a: Mienshao|U-turn|p1a: Reuniclus
|-supereffective|p1a: Reuniclus
|-damage|p1a: Reuniclus|66/100
|
|t:|1626268449
|switch|p2a: Sharpedo|Sharpedo, F|100/100|[from]move: U-turn
|move|p1a: Reuniclus|Trick|p2a: Sharpedo
|-activate|p1a: Reuniclus|move: Trick|[of] p2a: Sharpedo
|-enditem|p2a: Sharpedo|Heavy-Duty Boots|[silent]|[from] move: Trick
|-item|p1a: Reuniclus|Heavy-Duty Boots|[from] move: Trick
|
|upkeep
|turn|11
|inactive|Cascine Park has 120 seconds left.
|j| RoFnA3.0
|c| Unexpected Winner|wow
|c|☆Cascine Park|wait what
|inactive|Cascine Park has 90 seconds left.
|c|☆Cascine Park|whered my item go lol
|l| RoFnA3.0
|j| janjao123
|
|t:|1626268531
|switch|p1a: Togekiss|Togekiss, M|100/100
|move|p2a: Sharpedo|Flip Turn|p1a: Togekiss
|-damage|p1a: Togekiss|70/100
|j| sandygamer.yt
|c|☆CasualGabberz|what was your item?
|c|☆Cascine Park|poison barb
|c|☆CasualGabberz|:/
|c|☆Cascine Park|wait no
|c|☆Cascine Park|sticky barb
|inactive|CasualGabberz has 120 seconds left.
|
|t:|1626268555
|switch|p2a: Raikou|Raikou|100/100|[from]move: Flip Turn
|-ability|p2a: Raikou|Pressure
|
|upkeep
|turn|12
|
|t:|1626268567
|switch|p2a: Celebi|Celebi|100/100
|-damage|p2a: Celebi|88/100|[from] Stealth Rock
|switch|p1a: Gastrodon|Gastrodon, M|100/100
|
|-heal|p2a: Celebi|94/100|[from] item: Leftovers
|upkeep
|turn|13
|
|t:|1626268574
|switch|p1a: Obstagoon|Obstagoon, M|94/100 brn
|move|p2a: Celebi|Stealth Rock|p1a: Obstagoon
|-sidestart|p1: Cascine Park|move: Stealth Rock
|
|-heal|p2a: Celebi|100/100|[from] item: Leftovers
|-damage|p1a: Obstagoon|88/100 brn|[from] brn
|upkeep
|turn|14
|j| FatFighter2
|j| ChocoMocha
|inactive|CasualGabberz has 120 seconds left.
|l| FatFighter2
|inactive|CasualGabberz has 90 seconds left.
|j| berlyda
|
|t:|1626268658
|switch|p2a: Sharpedo|Sharpedo, F|100/100
|-damage|p2a: Sharpedo|88/100|[from] Stealth Rock
|move|p1a: Obstagoon|Facade|p2a: Sharpedo
|-damage|p2a: Sharpedo|0 fnt
|faint|p2a: Sharpedo
|
|-damage|p1a: Obstagoon|82/100 brn|[from] brn
|upkeep
|
|t:|1626268673
|switch|p2a: Mienshao|Mienshao, F|100/100
|-damage|p2a: Mienshao|95/100|[from] Stealth Rock
|turn|15
|inactive|Cascine Park has 90 seconds left.
|
|t:|1626268683
|switch|p1a: Reuniclus|Reuniclus, M|66/100
|move|p2a: Mienshao|Stone Edge|p1a: Reuniclus
|-damage|p1a: Reuniclus|44/100
|
|-damage|p2a: Mienshao|82/100|[from] item: Sticky Barb
|upkeep
|turn|16
|inactive|Cascine Park has 90 seconds left.
|
|t:|1626268696
|move|p2a: Mienshao|U-turn|p1a: Reuniclus
|-supereffective|p1a: Reuniclus
|-damage|p1a: Reuniclus|12/100
|
|t:|1626268704
|switch|p2a: Metagross|Metagross|100/100|[from]move: U-turn
|-damage|p2a: Metagross|94/100|[from] Stealth Rock
|move|p1a: Reuniclus|Recover|p1a: Reuniclus
|-heal|p1a: Reuniclus|62/100
|
|-heal|p2a: Metagross|100/100|[from] item: Leftovers
|upkeep
|turn|17
|inactive|Cascine Park has 90 seconds left.
|
|t:|1626268719
|switch|p1a: Gastrodon|Gastrodon, M|100/100
|-damage|p1a: Gastrodon|94/100|[from] Stealth Rock
|move|p2a: Metagross|Meteor Mash|p1a: Gastrodon
|-resisted|p1a: Gastrodon
|-damage|p1a: Gastrodon|81/100
|
|-heal|p1a: Gastrodon|87/100|[from] item: Leftovers
|upkeep
|turn|18
|inactive|Cascine Park has 90 seconds left.
|
|t:|1626268739
|switch|p2a: Mienshao|Mienshao, F|100/100
|-damage|p2a: Mienshao|95/100|[from] Stealth Rock
|switch|p1a: Noivern|Noivern, M|70/100
|
|-damage|p2a: Mienshao|82/100|[from] item: Sticky Barb
|upkeep
|turn|19
|inactive|Cascine Park has 90 seconds left.
|inactive|CasualGabberz has 90 seconds left.
|l| lllllkkkkk
|
|t:|1626268764
|switch|p2a: Togekiss|Togekiss, F|100/100
|move|p1a: Noivern|Draco Meteor|p2a: Togekiss
|-immune|p2a: Togekiss
|
|upkeep
|turn|20
|l| GaaraVGC
|
|t:|1626268776
|switch|p2a: Mienshao|Mienshao, F|100/100
|-damage|p2a: Mienshao|95/100|[from] Stealth Rock
|move|p1a: Noivern|Defog|p2a: Mienshao
|-unboost|p2a: Mienshao|evasion|1
|-sideend|p2: CasualGabberz|Stealth Rock|[from] move: Defog|[of] p1a: Noivern
|-sideend|p1: Cascine Park|Stealth Rock|[from] move: Defog|[of] p1a: Noivern
|
|-damage|p2a: Mienshao|82/100|[from] item: Sticky Barb
|upkeep
|turn|21
|j| zokua
|l| zokua
|
|t:|1626268799
|switch|p2a: Togekiss|Togekiss, F|100/100
|move|p1a: Noivern|Draco Meteor|p2a: Togekiss
|-immune|p2a: Togekiss
|
|upkeep
|turn|22
|
|t:|1626268811
|switch|p1a: Registeel|Registeel|77/100
|switch|p2a: Celebi|Celebi|100/100
|
|upkeep
|turn|23
|inactive|Cascine Park has 90 seconds left.
|
|t:|1626268825
|move|p2a: Celebi|Stealth Rock|p1a: Registeel
|-sidestart|p1: Cascine Park|move: Stealth Rock
|move|p1a: Registeel|Iron Defense|p1a: Registeel
|-boost|p1a: Registeel|def|2
|
|upkeep
|turn|24
|
|t:|1626268837
|move|p2a: Celebi|Thunder Wave|p1a: Registeel
|-status|p1a: Registeel|par
|move|p1a: Registeel|Heavy Slam|p2a: Celebi
|-crit|p2a: Celebi
|-damage|p2a: Celebi|60/100
|
|-heal|p2a: Celebi|66/100|[from] item: Leftovers
|upkeep
|turn|25
|
|t:|1626268843
|switch|p2a: Metagross|Metagross|100/100
|move|p1a: Registeel|Heavy Slam|p2a: Metagross
|-resisted|p2a: Metagross
|-damage|p2a: Metagross|97/100
|
|-heal|p2a: Metagross|100/100|[from] item: Leftovers
|upkeep
|turn|26
|
|t:|1626268852
|switch|p1a: Gastrodon|Gastrodon, M|87/100
|-damage|p1a: Gastrodon|81/100|[from] Stealth Rock
|move|p2a: Metagross|Cosmic Power|p2a: Metagross
|-boost|p2a: Metagross|def|1
|-boost|p2a: Metagross|spd|1
|
|-heal|p1a: Gastrodon|87/100|[from] item: Leftovers
|upkeep
|turn|27
|
|t:|1626268855
|move|p2a: Metagross|Cosmic Power|p2a: Metagross
|-boost|p2a: Metagross|def|1
|-boost|p2a: Metagross|spd|1
|move|p1a: Gastrodon|Earth Power|p2a: Metagross
|-supereffective|p2a: Metagross
|-damage|p2a: Metagross|74/100
|
|-heal|p2a: Metagross|80/100|[from] item: Leftovers
|-heal|p1a: Gastrodon|93/100|[from] item: Leftovers
|upkeep
|turn|28
|
|t:|1626268859
|move|p2a: Metagross|Cosmic Power|p2a: Metagross
|-boost|p2a: Metagross|def|1
|-boost|p2a: Metagross|spd|1
|move|p1a: Gastrodon|Earth Power|p2a: Metagross
|-supereffective|p2a: Metagross
|-damage|p2a: Metagross|58/100
|
|-heal|p2a: Metagross|64/100|[from] item: Leftovers
|-heal|p1a: Gastrodon|99/100|[from] item: Leftovers
|upkeep
|turn|29
|
|t:|1626268871
|move|p2a: Metagross|Body Press|p1a: Gastrodon
|-damage|p1a: Gastrodon|52/100
|move|p1a: Gastrodon|Earth Power|p2a: Metagross
|-supereffective|p2a: Metagross
|-damage|p2a: Metagross|44/100
|
|-heal|p2a: Metagross|50/100|[from] item: Leftovers
|-heal|p1a: Gastrodon|58/100|[from] item: Leftovers
|upkeep
|turn|30
|inactive|CasualGabberz has 120 seconds left.
|
|t:|1626268884
|move|p2a: Metagross|Body Press|p1a: Gastrodon
|-damage|p1a: Gastrodon|4/100
|move|p1a: Gastrodon|Recover|p1a: Gastrodon
|-heal|p1a: Gastrodon|54/100
|
|-heal|p2a: Metagross|57/100|[from] item: Leftovers
|-heal|p1a: Gastrodon|60/100|[from] item: Leftovers
|upkeep
|turn|31
|
|t:|1626268898
|switch|p1a: Noivern|Noivern, M|70/100
|move|p2a: Metagross|Body Press|p1a: Noivern
|-resisted|p1a: Noivern
|-damage|p1a: Noivern|22/100
|
|-heal|p2a: Metagross|63/100|[from] item: Leftovers
|upkeep
|turn|32
|
|t:|1626268907
|move|p1a: Noivern|Flamethrower|p2a: Metagross
|-supereffective|p2a: Metagross
|-damage|p2a: Metagross|44/100
|move|p2a: Metagross|Body Press|p1a: Noivern
|-resisted|p1a: Noivern
|-damage|p1a: Noivern|0 fnt
|faint|p1a: Noivern
|
|-heal|p2a: Metagross|50/100|[from] item: Leftovers
|upkeep
|
|t:|1626268911
|switch|p1a: Obstagoon|Obstagoon, M|82/100 brn
|-damage|p1a: Obstagoon|70/100 brn|[from] Stealth Rock
|turn|33
|
|t:|1626268915
|switch|p2a: Mienshao|Mienshao, F|100/100
|move|p1a: Obstagoon|Knock Off|p2a: Mienshao
|-resisted|p2a: Mienshao
|-damage|p2a: Mienshao|40/100
|-enditem|p2a: Mienshao|Sticky Barb|[from] move: Knock Off|[of] p1a: Obstagoon
|
|-damage|p1a: Obstagoon|64/100 brn|[from] brn
|upkeep
|turn|34
|
|t:|1626268927
|switch|p1a: Reuniclus|Reuniclus, M|62/100
|move|p2a: Mienshao|Close Combat|p1a: Reuniclus
|-resisted|p1a: Reuniclus
|-damage|p1a: Reuniclus|42/100
|-unboost|p2a: Mienshao|def|1
|-unboost|p2a: Mienshao|spd|1
|
|upkeep
|turn|35
|
|t:|1626268931
|move|p2a: Mienshao|Knock Off|p1a: Reuniclus
|-supereffective|p1a: Reuniclus
|-damage|p1a: Reuniclus|0 fnt
|-enditem|p1a: Reuniclus|Heavy-Duty Boots|[from] move: Knock Off|[of] p2a: Mienshao
|faint|p1a: Reuniclus
|
|upkeep
|
|t:|1626268934
|switch|p1a: Togekiss|Togekiss, M|70/100
|turn|36
|
|t:|1626268939
|move|p2a: Mienshao|U-turn|p1a: Togekiss
|-resisted|p1a: Togekiss
|-damage|p1a: Togekiss|64/100
|
|t:|1626268942
|switch|p2a: Raikou|Raikou|100/100|[from]move: U-turn
|-ability|p2a: Raikou|Pressure
|move|p1a: Togekiss|Wish|p1a: Togekiss
|
|upkeep
|turn|37
|
|t:|1626268955
|switch|p2a: Mienshao|Mienshao, F|73/100
|switch|p1a: Gastrodon|Gastrodon, M|60/100
|-damage|p1a: Gastrodon|54/100|[from] Stealth Rock
|
|-heal|p1a: Gastrodon|98/100|[from] move: Wish|[wisher] Togekiss
|-heal|p1a: Gastrodon|100/100|[from] item: Leftovers
|upkeep
|turn|38
|
|t:|1626268961
|move|p2a: Mienshao|Knock Off|p1a: Gastrodon
|-damage|p1a: Gastrodon|76/100
|-enditem|p1a: Gastrodon|Leftovers|[from] move: Knock Off|[of] p2a: Mienshao
|move|p1a: Gastrodon|Earth Power|p2a: Mienshao
|-damage|p2a: Mienshao|20/100
|
|upkeep
|turn|39
|
|t:|1626268964
|move|p2a: Mienshao|U-turn|p1a: Gastrodon
|-damage|p1a: Gastrodon|59/100
|
|t:|1626268966
|switch|p2a: Celebi|Celebi|66/100|[from]move: U-turn
|move|p1a: Gastrodon|Ice Beam|p2a: Celebi
|-supereffective|p2a: Celebi
|-damage|p2a: Celebi|39/100
|-status|p2a: Celebi|frz
|
|-heal|p2a: Celebi|45/100 frz|[from] item: Leftovers
|upkeep
|turn|40
|j| alanticcraft
|
|t:|1626268971
|switch|p2a: Mienshao|Mienshao, F|53/100
|move|p1a: Gastrodon|Recover|p1a: Gastrodon
|-heal|p1a: Gastrodon|100/100
|
|upkeep
|turn|41
|
|t:|1626268979
|move|p2a: Mienshao|U-turn|p1a: Gastrodon
|-damage|p1a: Gastrodon|82/100
|
|t:|1626268981
|switch|p2a: Celebi|Celebi|45/100|[from]move: U-turn
|move|p1a: Gastrodon|Ice Beam|p2a: Celebi
|-supereffective|p2a: Celebi
|-damage|p2a: Celebi|21/100
|
|-heal|p2a: Celebi|27/100|[from] item: Leftovers
|upkeep
|turn|42
|c| Unexpected Winner|nice predict
|j| Volnar Uchiha
|
|t:|1626268995
|switch|p1a: Togekiss|Togekiss, M|64/100
|move|p2a: Celebi|Giga Drain|p1a: Togekiss
|-resisted|p1a: Togekiss
|-damage|p1a: Togekiss|54/100
|-heal|p2a: Celebi|31/100|[from] drain|[of] p1a: Togekiss
|
|-heal|p2a: Celebi|38/100|[from] item: Leftovers
|upkeep
|turn|43
|l| Volnar Uchiha
|
|t:|1626269007
|move|p1a: Togekiss|Roost|p1a: Togekiss
|-heal|p1a: Togekiss|100/100
|-singleturn|p1a: Togekiss|move: Roost
|move|p2a: Celebi|Recover|p2a: Celebi
|-heal|p2a: Celebi|88/100
|
|-heal|p2a: Celebi|94/100|[from] item: Leftovers
|upkeep
|turn|44
|
|t:|1626269012
|switch|p2a: Raikou|Raikou|100/100
|-ability|p2a: Raikou|Pressure
|move|p1a: Togekiss|Air Slash|p2a: Raikou
|-resisted|p2a: Raikou
|-crit|p2a: Raikou
|-damage|p2a: Raikou|77/100
|
|upkeep
|turn|45
|
|t:|1626269021
|move|p2a: Raikou|Thunderbolt|p1a: Togekiss
|-supereffective|p1a: Togekiss
|-crit|p1a: Togekiss
|-damage|p1a: Togekiss|0 fnt
|faint|p1a: Togekiss
|
|upkeep
|c|☆Cascine Park|gg
|c|☆CasualGabberz|gg
|-message|Cascine Park forfeited.
|
|win|CasualGabberz
|n|☆Cascine Park|cascinepark
|n|☆CasualGabberz|casualgabberz
|n|*Lady Monita|ladymonita
|n| 0 is a hero|0isahero
|n| Unexpected Winner|unexpectedwinner
|n| r21184|r21184
|n| Gaboswampert|gaboswampert
|n| janjao123|janjao123
|n| sandygamer.yt|sandygameryt
|n| ChocoMocha|chocomocha
|n| berlyda|berlyda
|n| alanticcraft|alanticcraft
