|j|☆Dollainthewoods
|j|☆FE6 Fir
|player|p1|Dollainthewoods|pokekid|1611
|player|p2|FE6 Fir|swimmerf|1318
|teamsize|p1|6
|teamsize|p2|6
|gametype|singles
|gen|8
|tier|[Gen 8] RU
|rated|
|clearpoke
|poke|p1|Sableye, M|
|poke|p1|Gigalith, M|
|poke|p1|Vileplume, F|
|poke|p1|Vaporeon, F|
|poke|p1|Xatu, M|
|poke|p1|Salazzle, F|
|poke|p2|Silvally-*|
|poke|p2|Sigilyph, F|
|poke|p2|Passimian, F|
|poke|p2|Vaporeon, F|
|poke|p2|Vileplume, M|
|poke|p2|Gigalith, F|
|rule|Sleep Clause Mod: Limit one foe put to sleep
|rule|Species Clause: Limit one of each Pokémon
|rule|OHKO Clause: OHKO moves are banned
|rule|Evasion Moves Clause: Evasion moves are banned
|rule|Endless Battle Clause: Forcing endless battles is banned
|rule|HP Percentage Mod: HP is shown in percentages
|rule|Dynamax Clause: You cannot dynamax
|teampreview
|j| yedla 99
|inactive|Battle timer is ON: inactive players will automatically lose when time's up. (requested by Dollainthewoods)
|
|start
|switch|p1a: Sableye|Sableye, M|100/100
|switch|p2a: Gigalith|Gigalith, F|100/100
|-weather|Sandstorm|[from] ability: Sand Stream|[of] p2a: Gigalith
|turn|1
|c|☆FE6 Fir|not this bitch again..
|
|switch|p2a: Sigilyph|Sigilyph, F|100/100
|move|p1a: Sableye|Will-O-Wisp|p2a: Sigilyph
|-status|p2a: Sigilyph|brn
|
|-weather|Sandstorm|[upkeep]
|-damage|p1a: Sableye|94/100|[from] Sandstorm
|-heal|p1a: Sableye|100/100|[from] item: Leftovers
|upkeep
|turn|2
|
|switch|p2a: Silvally|Silvally-Steel|100/100
|move|p1a: Sableye|Knock Off|p2a: Silvally
|-damage|p2a: Silvally|82/100
|
|-weather|Sandstorm|[upkeep]
|-damage|p1a: Sableye|94/100|[from] Sandstorm
|-heal|p1a: Sableye|100/100|[from] item: Leftovers
|upkeep
|turn|3
|
|switch|p2a: Vileplume|Vileplume, M|100/100
|move|p1a: Sableye|Will-O-Wisp|p2a: Vileplume
|-status|p2a: Vileplume|brn
|
|-weather|Sandstorm|[upkeep]
|-damage|p2a: Vileplume|94/100 brn|[from] Sandstorm
|-damage|p1a: Sableye|94/100|[from] Sandstorm
|-heal|p2a: Vileplume|100/100 brn|[from] item: Black Sludge
|-heal|p1a: Sableye|100/100|[from] item: Leftovers
|-damage|p2a: Vileplume|94/100 brn|[from] brn
|upkeep
|turn|4
|
|move|p2a: Vileplume|Sludge Bomb|p1a: Sableye
|-resisted|p1a: Sableye
|-damage|p1a: Sableye|80/100
|-status|p1a: Sableye|psn
|move|p1a: Sableye|Knock Off|p2a: Vileplume
|-damage|p2a: Vileplume|73/100 brn
|-enditem|p2a: Vileplume|Black Sludge|[from] move: Knock Off|[of] p1a: Sableye
|
|-weather|Sandstorm|[upkeep]
|-damage|p2a: Vileplume|67/100 brn|[from] Sandstorm
|-damage|p1a: Sableye|74/100 psn|[from] Sandstorm
|-heal|p1a: Sableye|80/100 psn|[from] item: Leftovers
|-damage|p2a: Vileplume|61/100 brn|[from] brn
|-damage|p1a: Sableye|67/100 psn|[from] psn
|upkeep
|turn|5
|
|move|p1a: Sableye|Recover|p1a: Sableye
|-heal|p1a: Sableye|100/100 psn
|move|p2a: Vileplume|Strength Sap|p1a: Sableye
|-unboost|p1a: Sableye|atk|1
|-heal|p2a: Vileplume|100/100 brn
|
|-weather|none
|-damage|p2a: Vileplume|94/100 brn|[from] brn
|-damage|p1a: Sableye|88/100 psn|[from] psn
|upkeep
|turn|6
|
|switch|p1a: Salazzle|Salazzle, F|100/100
|move|p2a: Vileplume|Sleep Powder|p1a: Salazzle|[miss]
|-miss|p2a: Vileplume|p1a: Salazzle
|
|-damage|p2a: Vileplume|88/100 brn|[from] brn
|upkeep
|turn|7
|
|switch|p2a: Gigalith|Gigalith, F|100/100
|-weather|Sandstorm|[from] ability: Sand Stream|[of] p2a: Gigalith
|move|p1a: Salazzle|Toxic|p2a: Gigalith
|-status|p2a: Gigalith|tox
|
|-weather|Sandstorm|[upkeep]
|-damage|p1a: Salazzle|94/100|[from] Sandstorm
|-damage|p2a: Gigalith|94/100 tox|[from] psn
|upkeep
|turn|8
|
|move|p1a: Salazzle|Protect|p1a: Salazzle
|-singleturn|p1a: Salazzle|Protect
|move|p2a: Gigalith|Rock Blast|p1a: Salazzle
|-activate|p1a: Salazzle|move: Protect
|
|-weather|Sandstorm|[upkeep]
|-damage|p1a: Salazzle|88/100|[from] Sandstorm
|-heal|p2a: Gigalith|100/100 tox|[from] item: Leftovers
|-damage|p2a: Gigalith|88/100 tox|[from] psn
|upkeep
|turn|9
|
|switch|p1a: Vileplume|Vileplume, F|100/100
|move|p2a: Gigalith|Stealth Rock|p1a: Vileplume
|-sidestart|p1: Dollainthewoods|move: Stealth Rock
|
|-weather|Sandstorm|[upkeep]
|-damage|p1a: Vileplume|94/100|[from] Sandstorm
|-heal|p1a: Vileplume|100/100|[from] item: Black Sludge
|-heal|p2a: Gigalith|94/100 tox|[from] item: Leftovers
|-damage|p2a: Gigalith|76/100 tox|[from] psn
|upkeep
|turn|10
|
|switch|p2a: Sigilyph|Sigilyph, F|100/100 brn
|move|p1a: Vileplume|Sludge Bomb|p2a: Sigilyph
|-damage|p2a: Sigilyph|55/100 brn
|
|-weather|Sandstorm|[upkeep]
|-damage|p1a: Vileplume|94/100|[from] Sandstorm
|-heal|p1a: Vileplume|100/100|[from] item: Black Sludge
|upkeep
|turn|11
|
|switch|p1a: Sableye|Sableye, M|88/100 psn
|-damage|p1a: Sableye|75/100 psn|[from] Stealth Rock
|move|p2a: Sigilyph|Roost|p2a: Sigilyph
|-heal|p2a: Sigilyph|100/100 brn
|-singleturn|p2a: Sigilyph|move: Roost
|
|-weather|none
|-heal|p1a: Sableye|82/100 psn|[from] item: Leftovers
|-damage|p1a: Sableye|69/100 psn|[from] psn
|upkeep
|turn|12
|
|move|p2a: Sigilyph|Air Slash|p1a: Sableye|[miss]
|-miss|p2a: Sigilyph|p1a: Sableye
|move|p1a: Sableye|Knock Off|p2a: Sigilyph
|-supereffective|p2a: Sigilyph
|-damage|p2a: Sigilyph|30/100 brn
|-enditem|p2a: Sigilyph|Life Orb|[from] move: Knock Off|[of] p1a: Sableye
|
|-heal|p1a: Sableye|75/100 psn|[from] item: Leftovers
|-damage|p1a: Sableye|63/100 psn|[from] psn
|upkeep
|turn|13
|
|move|p1a: Sableye|Recover|p1a: Sableye
|-heal|p1a: Sableye|100/100 psn
|move|p2a: Sigilyph|Roost|p2a: Sigilyph
|-heal|p2a: Sigilyph|80/100 brn
|-singleturn|p2a: Sigilyph|move: Roost
|
|-damage|p1a: Sableye|88/100 psn|[from] psn
|upkeep
|turn|14
|
|switch|p2a: Vileplume|Vileplume, M|88/100 brn
|switch|p1a: Gigalith|Gigalith, M|100/100
|-damage|p1a: Gigalith|88/100|[from] Stealth Rock
|-weather|Sandstorm|[from] ability: Sand Stream|[of] p1a: Gigalith
|
|-weather|Sandstorm|[upkeep]
|-damage|p2a: Vileplume|82/100 brn|[from] Sandstorm
|-heal|p1a: Gigalith|94/100|[from] item: Leftovers
|-damage|p2a: Vileplume|76/100 brn|[from] brn
|upkeep
|turn|15
|
|move|p2a: Vileplume|Sleep Powder|p1a: Gigalith
|-status|p1a: Gigalith|slp|[from] move: Sleep Powder
|cant|p1a: Gigalith|slp
|
|-weather|Sandstorm|[upkeep]
|-damage|p2a: Vileplume|69/100 brn|[from] Sandstorm
|-heal|p1a: Gigalith|100/100 slp|[from] item: Leftovers
|-damage|p2a: Vileplume|63/100 brn|[from] brn
|upkeep
|turn|16
|
|switch|p2a: Passimian|Passimian, F|100/100
|cant|p1a: Gigalith|slp
|
|-weather|Sandstorm|[upkeep]
|-damage|p2a: Passimian|94/100|[from] Sandstorm
|upkeep
|turn|17
|
|move|p2a: Passimian|Knock Off|p1a: Gigalith
|-damage|p1a: Gigalith|82/100 slp
|-enditem|p1a: Gigalith|Leftovers|[from] move: Knock Off|[of] p2a: Passimian
|-curestatus|p1a: Gigalith|slp|[msg]
|move|p1a: Gigalith|Stealth Rock|p2a: Passimian
|-sidestart|p2: FE6 Fir|move: Stealth Rock
|
|-weather|Sandstorm|[upkeep]
|-damage|p2a: Passimian|88/100|[from] Sandstorm
|upkeep
|turn|18
|
|switch|p2a: Vaporeon|Vaporeon, F|100/100
|-damage|p2a: Vaporeon|88/100|[from] Stealth Rock
|move|p1a: Gigalith|Earthquake|p2a: Vaporeon
|-damage|p2a: Vaporeon|68/100
|
|-weather|none
|-heal|p2a: Vaporeon|74/100|[from] item: Leftovers
|upkeep
|turn|19
|
|switch|p1a: Vileplume|Vileplume, F|100/100
|-damage|p1a: Vileplume|88/100|[from] Stealth Rock
|move|p2a: Vaporeon|Ice Beam|p1a: Vileplume
|-supereffective|p1a: Vileplume
|-damage|p1a: Vileplume|39/100
|
|-heal|p2a: Vaporeon|80/100|[from] item: Leftovers
|-heal|p1a: Vileplume|45/100|[from] item: Black Sludge
|upkeep
|turn|20
|
|switch|p1a: Vaporeon|Vaporeon, F|100/100
|-damage|p1a: Vaporeon|88/100|[from] Stealth Rock
|move|p2a: Vaporeon|Ice Beam|p1a: Vaporeon
|-resisted|p1a: Vaporeon
|-damage|p1a: Vaporeon|82/100
|-status|p1a: Vaporeon|frz
|
|-heal|p2a: Vaporeon|86/100|[from] item: Leftovers
|-heal|p1a: Vaporeon|88/100 frz|[from] item: Leftovers
|upkeep
|turn|21
|
|-curestatus|p1a: Vaporeon|frz|[msg]
|move|p1a: Vaporeon|Wish|p1a: Vaporeon
|move|p2a: Vaporeon|Wish|p2a: Vaporeon
|
|-heal|p2a: Vaporeon|92/100|[from] item: Leftovers
|-heal|p1a: Vaporeon|95/100|[from] item: Leftovers
|upkeep
|turn|22
|
|switch|p2a: Vileplume|Vileplume, M|63/100 brn
|-damage|p2a: Vileplume|51/100 brn|[from] Stealth Rock
|move|p1a: Vaporeon|Scald|p2a: Vileplume
|-resisted|p2a: Vileplume
|-damage|p2a: Vileplume|34/100 brn
|
|-heal|p1a: Vaporeon|100/100|[from] move: Wish|[wisher] Vaporeon
|-heal|p2a: Vileplume|99/100 brn|[from] move: Wish|[wisher] Vaporeon
|-damage|p2a: Vileplume|93/100 brn|[from] brn
|upkeep
|turn|23
|
|switch|p1a: Xatu|Xatu, M|100/100
|-damage|p1a: Xatu|76/100|[from] Stealth Rock
|move|p2a: Vileplume|Sludge Bomb|p1a: Xatu
|-damage|p1a: Xatu|33/100
|
|-damage|p2a: Vileplume|87/100 brn|[from] brn
|upkeep
|turn|24
|
|move|p1a: Xatu|Roost|p1a: Xatu
|-heal|p1a: Xatu|83/100
|-singleturn|p1a: Xatu|move: Roost
|move|p2a: Vileplume|Sludge Bomb|p1a: Xatu
|-damage|p1a: Xatu|40/100
|
|-damage|p2a: Vileplume|81/100 brn|[from] brn
|upkeep
|turn|25
|
|switch|p2a: Sigilyph|Sigilyph, F|80/100 brn
|move|p1a: Xatu|Psychic|p2a: Sigilyph
|-resisted|p2a: Sigilyph
|-damage|p2a: Sigilyph|58/100 brn
|
|upkeep
|turn|26
|
|switch|p1a: Vaporeon|Vaporeon, F|100/100
|-damage|p1a: Vaporeon|88/100|[from] Stealth Rock
|move|p2a: Sigilyph|Air Slash|p1a: Vaporeon
|-damage|p1a: Vaporeon|69/100
|
|-heal|p1a: Vaporeon|75/100|[from] item: Leftovers
|upkeep
|turn|27
|
|move|p2a: Sigilyph|Calm Mind|p2a: Sigilyph
|-boost|p2a: Sigilyph|spa|1
|-boost|p2a: Sigilyph|spd|1
|move|p1a: Vaporeon|Wish|p1a: Vaporeon
|
|-heal|p1a: Vaporeon|81/100|[from] item: Leftovers
|upkeep
|turn|28
|
|move|p2a: Sigilyph|Air Slash|p1a: Vaporeon
|-damage|p1a: Vaporeon|55/100
|move|p1a: Vaporeon|Haze|p1a: Vaporeon
|-clearallboost
|
|-heal|p1a: Vaporeon|100/100|[from] move: Wish|[wisher] Vaporeon
|upkeep
|turn|29
|
|move|p2a: Sigilyph|Roost|p2a: Sigilyph
|-heal|p2a: Sigilyph|100/100 brn
|-singleturn|p2a: Sigilyph|move: Roost
|move|p1a: Vaporeon|Wish|p1a: Vaporeon
|
|upkeep
|turn|30
|
|switch|p1a: Gigalith|Gigalith, M|82/100
|-damage|p1a: Gigalith|70/100|[from] Stealth Rock
|-weather|Sandstorm|[from] ability: Sand Stream|[of] p1a: Gigalith
|move|p2a: Sigilyph|Air Slash|p1a: Gigalith
|-resisted|p1a: Gigalith
|-damage|p1a: Gigalith|59/100
|
|-weather|Sandstorm|[upkeep]
|-heal|p1a: Gigalith|100/100|[from] move: Wish|[wisher] Vaporeon
|upkeep
|turn|31
|
|switch|p2a: Vaporeon|Vaporeon, F|92/100
|-damage|p2a: Vaporeon|80/100|[from] Stealth Rock
|switch|p1a: Salazzle|Salazzle, F|88/100
|
|-weather|Sandstorm|[upkeep]
|-damage|p1a: Salazzle|82/100|[from] Sandstorm
|-damage|p2a: Vaporeon|74/100|[from] Sandstorm
|-heal|p2a: Vaporeon|80/100|[from] item: Leftovers
|upkeep
|turn|32
|
|move|p1a: Salazzle|Toxic|p2a: Vaporeon
|-status|p2a: Vaporeon|tox
|move|p2a: Vaporeon|Scald|p1a: Salazzle
|-supereffective|p1a: Salazzle
|-damage|p1a: Salazzle|0 fnt
|faint|p1a: Salazzle
|
|-weather|Sandstorm|[upkeep]
|-damage|p2a: Vaporeon|74/100 tox|[from] Sandstorm
|-heal|p2a: Vaporeon|80/100 tox|[from] item: Leftovers
|-damage|p2a: Vaporeon|74/100 tox|[from] psn
|upkeep
|
|switch|p1a: Vaporeon|Vaporeon, F|100/100
|-damage|p1a: Vaporeon|88/100|[from] Stealth Rock
|turn|33
|
|switch|p2a: Vileplume|Vileplume, M|81/100 brn
|-damage|p2a: Vileplume|68/100 brn|[from] Stealth Rock
|move|p1a: Vaporeon|Wish|p1a: Vaporeon
|
|-weather|Sandstorm|[upkeep]
|-damage|p1a: Vaporeon|82/100|[from] Sandstorm
|-damage|p2a: Vileplume|62/100 brn|[from] Sandstorm
|-heal|p1a: Vaporeon|88/100|[from] item: Leftovers
|-damage|p2a: Vileplume|56/100 brn|[from] brn
|upkeep
|turn|34
|
|switch|p1a: Vileplume|Vileplume, F|45/100
|-damage|p1a: Vileplume|33/100|[from] Stealth Rock
|move|p2a: Vileplume|Sludge Bomb|p1a: Vileplume
|-damage|p1a: Vileplume|0 fnt
|faint|p1a: Vileplume
|
|-weather|none
|-damage|p2a: Vileplume|50/100 brn|[from] brn
|upkeep
|
|switch|p1a: Xatu|Xatu, M|40/100
|-damage|p1a: Xatu|15/100|[from] Stealth Rock
|turn|35
|
|switch|p2a: Silvally|Silvally-Steel|82/100
|-damage|p2a: Silvally|76/100|[from] Stealth Rock
|move|p1a: Xatu|Roost|p1a: Xatu
|-heal|p1a: Xatu|65/100
|-singleturn|p1a: Xatu|move: Roost
|
|upkeep
|turn|36
|
|move|p2a: Silvally|Multi-Attack|p1a: Xatu
|-damage|p1a: Xatu|2/100
|-damage|p2a: Silvally|59/100|[from] item: Rocky Helmet|[of] p1a: Xatu
|move|p1a: Xatu|U-turn|p2a: Silvally
|-resisted|p2a: Silvally
|-damage|p2a: Silvally|53/100
|
|switch|p1a: Sableye|Sableye, M|88/100 psn|[from]move: U-turn
|-damage|p1a: Sableye|75/100 psn|[from] Stealth Rock
|
|-heal|p1a: Sableye|82/100 psn|[from] item: Leftovers
|-damage|p1a: Sableye|69/100 psn|[from] psn
|upkeep
|turn|37
|
|switch|p2a: Vileplume|Vileplume, M|50/100 brn
|-damage|p2a: Vileplume|37/100 brn|[from] Stealth Rock
|move|p1a: Sableye|Recover|p1a: Sableye
|-heal|p1a: Sableye|100/100 psn
|
|-damage|p2a: Vileplume|31/100 brn|[from] brn
|-damage|p1a: Sableye|88/100 psn|[from] psn
|upkeep
|turn|38
|
|switch|p1a: Xatu|Xatu, M|2/100
|-damage|p1a: Xatu|0 fnt|[from] Stealth Rock
|faint|p1a: Xatu
|move|p2a: Vileplume|Strength Sap|p1: Xatu|[notarget]
|-fail|p2a: Vileplume
|
|-damage|p2a: Vileplume|25/100 brn|[from] brn
|upkeep
|
|switch|p1a: Vaporeon|Vaporeon, F|88/100
|-damage|p1a: Vaporeon|75/100|[from] Stealth Rock
|turn|39
|
|switch|p2a: Vaporeon|Vaporeon, F|74/100 tox
|-damage|p2a: Vaporeon|61/100 tox|[from] Stealth Rock
|move|p1a: Vaporeon|Protect||[still]
|-fail|p1a: Vaporeon
|
|-heal|p1a: Vaporeon|82/100|[from] item: Leftovers
|-heal|p2a: Vaporeon|67/100 tox|[from] item: Leftovers
|-damage|p2a: Vaporeon|61/100 tox|[from] psn
|upkeep
|turn|40
|
|move|p1a: Vaporeon|Wish|p1a: Vaporeon
|move|p2a: Vaporeon|Wish|p2a: Vaporeon
|
|-heal|p1a: Vaporeon|88/100|[from] item: Leftovers
|-heal|p2a: Vaporeon|67/100 tox|[from] item: Leftovers
|-damage|p2a: Vaporeon|55/100 tox|[from] psn
|upkeep
|turn|41
|
|switch|p2a: Silvally|Silvally-Steel|53/100
|-damage|p2a: Silvally|47/100|[from] Stealth Rock
|move|p1a: Vaporeon|Scald|p2a: Silvally
|-damage|p2a: Silvally|12/100
|
|-heal|p2a: Silvally|82/100|[from] move: Wish|[wisher] Vaporeon
|-heal|p1a: Vaporeon|100/100|[from] move: Wish|[wisher] Vaporeon
|upkeep
|turn|42
|
|move|p2a: Silvally|Swords Dance|p2a: Silvally
|-boost|p2a: Silvally|atk|2
|move|p1a: Vaporeon|Scald|p2a: Silvally
|-damage|p2a: Silvally|53/100
|-status|p2a: Silvally|brn
|
|-damage|p2a: Silvally|47/100 brn|[from] brn
|upkeep
|turn|43
|
|move|p2a: Silvally|Swords Dance|p2a: Silvally
|-boost|p2a: Silvally|atk|2
|move|p1a: Vaporeon|Haze|p1a: Vaporeon
|-clearallboost
|
|-damage|p2a: Silvally|41/100 brn|[from] brn
|upkeep
|turn|44
|
|move|p2a: Silvally|U-turn|p1a: Vaporeon
|-damage|p1a: Vaporeon|90/100
|
|switch|p2a: Sigilyph|Sigilyph, F|100/100 brn|[from]move: U-turn
|move|p1a: Vaporeon|Scald|p2a: Sigilyph
|-damage|p2a: Sigilyph|61/100 brn
|
|-heal|p1a: Vaporeon|96/100|[from] item: Leftovers
|upkeep
|turn|45
|
|move|p2a: Sigilyph|Roost|p2a: Sigilyph
|-heal|p2a: Sigilyph|100/100 brn
|-singleturn|p2a: Sigilyph|move: Roost
|move|p1a: Vaporeon|Scald|p2a: Sigilyph
|-damage|p2a: Sigilyph|60/100 brn
|
|-heal|p1a: Vaporeon|100/100|[from] item: Leftovers
|upkeep
|turn|46
|
|switch|p1a: Gigalith|Gigalith, M|100/100
|-damage|p1a: Gigalith|88/100|[from] Stealth Rock
|-weather|Sandstorm|[from] ability: Sand Stream|[of] p1a: Gigalith
|move|p2a: Sigilyph|Calm Mind|p2a: Sigilyph
|-boost|p2a: Sigilyph|spa|1
|-boost|p2a: Sigilyph|spd|1
|
|-weather|Sandstorm|[upkeep]
|upkeep
|turn|47
|
|move|p2a: Sigilyph|Roost|p2a: Sigilyph
|-heal|p2a: Sigilyph|100/100 brn
|-singleturn|p2a: Sigilyph|move: Roost
|move|p1a: Gigalith|Stone Edge|p2a: Sigilyph
|-damage|p2a: Sigilyph|40/100 brn
|
|-weather|Sandstorm|[upkeep]
|upkeep
|turn|48
|
|move|p2a: Sigilyph|Roost|p2a: Sigilyph
|-heal|p2a: Sigilyph|90/100 brn
|-singleturn|p2a: Sigilyph|move: Roost
|move|p1a: Gigalith|Earthquake|p2a: Sigilyph
|-damage|p2a: Sigilyph|46/100 brn
|
|-weather|Sandstorm|[upkeep]
|upkeep
|turn|49
|
|move|p2a: Sigilyph|Roost|p2a: Sigilyph
|-heal|p2a: Sigilyph|97/100 brn
|-singleturn|p2a: Sigilyph|move: Roost
|move|p1a: Gigalith|Stone Edge|p2a: Sigilyph|[miss]
|-miss|p1a: Gigalith|p2a: Sigilyph
|
|-weather|Sandstorm|[upkeep]
|upkeep
|turn|50
|
|move|p2a: Sigilyph|Psyshock|p1a: Gigalith
|-damage|p1a: Gigalith|57/100
|move|p1a: Gigalith|Stone Edge|p2a: Sigilyph
|-supereffective|p2a: Sigilyph
|-damage|p2a: Sigilyph|0 fnt
|faint|p2a: Sigilyph
|
|-weather|none
|upkeep
|
|switch|p2a: Vileplume|Vileplume, M|25/100 brn
|-damage|p2a: Vileplume|12/100 brn|[from] Stealth Rock
|turn|51
|
|switch|p1a: Vaporeon|Vaporeon, F|100/100
|-damage|p1a: Vaporeon|88/100|[from] Stealth Rock
|move|p2a: Vileplume|Strength Sap|p1a: Vaporeon
|-unboost|p1a: Vaporeon|atk|1
|-heal|p2a: Vileplume|46/100 brn
|
|-heal|p1a: Vaporeon|94/100|[from] item: Leftovers
|-damage|p2a: Vileplume|40/100 brn|[from] brn
|upkeep
|turn|52
|
|move|p1a: Vaporeon|Protect|p1a: Vaporeon
|-singleturn|p1a: Vaporeon|Protect
|move|p2a: Vileplume|Giga Drain|p1a: Vaporeon
|-activate|p1a: Vaporeon|move: Protect
|
|-heal|p1a: Vaporeon|100/100|[from] item: Leftovers
|-damage|p2a: Vileplume|34/100 brn|[from] brn
|upkeep
|turn|53
|
|move|p1a: Vaporeon|Wish|p1a: Vaporeon
|move|p2a: Vileplume|Giga Drain|p1a: Vaporeon
|-supereffective|p1a: Vaporeon
|-damage|p1a: Vaporeon|69/100
|-heal|p2a: Vileplume|54/100 brn|[from] drain|[of] p1a: Vaporeon
|
|-heal|p1a: Vaporeon|76/100|[from] item: Leftovers
|-damage|p2a: Vileplume|48/100 brn|[from] brn
|upkeep
|turn|54
|
|switch|p1a: Sableye|Sableye, M|88/100 psn
|-damage|p1a: Sableye|75/100 psn|[from] Stealth Rock
|move|p2a: Vileplume|Sleep Powder|p1a: Sableye|[miss]
|-miss|p2a: Vileplume|p1a: Sableye
|
|-heal|p1a: Sableye|100/100 psn|[from] move: Wish|[wisher] Vaporeon
|-damage|p2a: Vileplume|42/100 brn|[from] brn
|-damage|p1a: Sableye|88/100 psn|[from] psn
|upkeep
|turn|55
|
|move|p1a: Sableye|Encore|p2a: Vileplume
|-start|p2a: Vileplume|Encore
|move|p2a: Vileplume|Sleep Powder|p1a: Sableye|[miss]
|-miss|p2a: Vileplume|p1a: Sableye
|
|-heal|p1a: Sableye|94/100 psn|[from] item: Leftovers
|-damage|p2a: Vileplume|36/100 brn|[from] brn
|-damage|p1a: Sableye|82/100 psn|[from] psn
|upkeep
|turn|56
|
|switch|p2a: Silvally|Silvally-Steel|41/100 brn
|-damage|p2a: Silvally|35/100 brn|[from] Stealth Rock
|move|p1a: Sableye|Knock Off|p2a: Silvally
|-damage|p2a: Silvally|16/100 brn
|
|-heal|p1a: Sableye|88/100 psn|[from] item: Leftovers
|-damage|p2a: Silvally|10/100 brn|[from] brn
|-damage|p1a: Sableye|75/100 psn|[from] psn
|upkeep
|turn|57
|
|move|p1a: Sableye|Recover|p1a: Sableye
|-heal|p1a: Sableye|100/100 psn
|move|p2a: Silvally|U-turn|p1a: Sableye
|-damage|p1a: Sableye|88/100 psn
|
|switch|p2a: Passimian|Passimian, F|88/100|[from]move: U-turn
|-damage|p2a: Passimian|82/100|[from] Stealth Rock
|
|-heal|p1a: Sableye|95/100 psn|[from] item: Leftovers
|-damage|p1a: Sableye|82/100 psn|[from] psn
|upkeep
|turn|58
|
|move|p1a: Sableye|Will-O-Wisp|p2a: Passimian
|-status|p2a: Passimian|brn
|move|p2a: Passimian|Knock Off|p1a: Sableye
|-damage|p1a: Sableye|63/100 psn
|-enditem|p1a: Sableye|Leftovers|[from] move: Knock Off|[of] p2a: Passimian
|
|-damage|p2a: Passimian|76/100 brn|[from] brn
|-damage|p1a: Sableye|51/100 psn|[from] psn
|upkeep
|turn|59
|
|switch|p2a: Silvally|Silvally-Steel|10/100 brn
|-damage|p2a: Silvally|4/100 brn|[from] Stealth Rock
|move|p1a: Sableye|Knock Off|p2a: Silvally
|-damage|p2a: Silvally|0 fnt
|faint|p2a: Silvally
|
|-damage|p1a: Sableye|38/100 psn|[from] psn
|upkeep
|
|switch|p2a: Vileplume|Vileplume, M|36/100 brn
|-damage|p2a: Vileplume|23/100 brn|[from] Stealth Rock
|turn|60
|
|move|p1a: Sableye|Recover|p1a: Sableye
|-heal|p1a: Sableye|88/100 psn
|move|p2a: Vileplume|Giga Drain|p1a: Sableye
|-damage|p1a: Sableye|52/100 psn
|-heal|p2a: Vileplume|39/100 brn|[from] drain|[of] p1a: Sableye
|
|-damage|p2a: Vileplume|33/100 brn|[from] brn
|-damage|p1a: Sableye|40/100 psn|[from] psn
|upkeep
|turn|61
|
|move|p1a: Sableye|Recover|p1a: Sableye
|-heal|p1a: Sableye|90/100 psn
|move|p2a: Vileplume|Giga Drain|p1a: Sableye
|-damage|p1a: Sableye|56/100 psn
|-heal|p2a: Vileplume|47/100 brn|[from] drain|[of] p1a: Sableye
|
|-damage|p2a: Vileplume|41/100 brn|[from] brn
|-damage|p1a: Sableye|44/100 psn|[from] psn
|upkeep
|turn|62
|
|move|p1a: Sableye|Recover|p1a: Sableye
|-heal|p1a: Sableye|94/100 psn
|move|p2a: Vileplume|Giga Drain|p1a: Sableye
|-damage|p1a: Sableye|59/100 psn
|-heal|p2a: Vileplume|56/100 brn|[from] drain|[of] p1a: Sableye
|
|-damage|p2a: Vileplume|50/100 brn|[from] brn
|-damage|p1a: Sableye|47/100 psn|[from] psn
|upkeep
|turn|63
|
|move|p1a: Sableye|Recover|p1a: Sableye
|-heal|p1a: Sableye|97/100 psn
|move|p2a: Vileplume|Giga Drain|p1a: Sableye
|-damage|p1a: Sableye|59/100 psn
|-heal|p2a: Vileplume|66/100 brn|[from] drain|[of] p1a: Sableye
|
|-damage|p2a: Vileplume|60/100 brn|[from] brn
|-damage|p1a: Sableye|47/100 psn|[from] psn
|upkeep
|turn|64
|
|move|p1a: Sableye|Recover|p1a: Sableye
|-heal|p1a: Sableye|97/100 psn
|move|p2a: Vileplume|Giga Drain|p1a: Sableye
|-damage|p1a: Sableye|64/100 psn
|-heal|p2a: Vileplume|74/100 brn|[from] drain|[of] p1a: Sableye
|
|-damage|p2a: Vileplume|68/100 brn|[from] brn
|-damage|p1a: Sableye|51/100 psn|[from] psn
|upkeep
|turn|65
|
|move|p1a: Sableye|Recover|p1a: Sableye
|-heal|p1a: Sableye|100/100 psn
|move|p2a: Vileplume|Giga Drain|p1a: Sableye
|-damage|p1a: Sableye|63/100 psn
|-heal|p2a: Vileplume|84/100 brn|[from] drain|[of] p1a: Sableye
|
|-damage|p2a: Vileplume|78/100 brn|[from] brn
|-damage|p1a: Sableye|50/100 psn|[from] psn
|upkeep
|turn|66
|
|move|p1a: Sableye|Recover|p1a: Sableye
|-heal|p1a: Sableye|100/100 psn
|move|p2a: Vileplume|Strength Sap|p1a: Sableye
|-unboost|p1a: Sableye|atk|1
|-heal|p2a: Vileplume|100/100 brn
|
|-damage|p2a: Vileplume|94/100 brn|[from] brn
|-damage|p1a: Sableye|88/100 psn|[from] psn
|upkeep
|turn|67
|
|move|p1a: Sableye|Encore|p2a: Vileplume
|-start|p2a: Vileplume|Encore
|move|p2a: Vileplume|Strength Sap|p1a: Sableye
|-unboost|p1a: Sableye|atk|1
|-heal|p2a: Vileplume|100/100 brn
|
|-damage|p2a: Vileplume|94/100 brn|[from] brn
|-damage|p1a: Sableye|75/100 psn|[from] psn
|upkeep
|turn|68
|
|switch|p2a: Passimian|Passimian, F|76/100 brn
|-damage|p2a: Passimian|70/100 brn|[from] Stealth Rock
|switch|p1a: Vaporeon|Vaporeon, F|76/100
|-damage|p1a: Vaporeon|63/100|[from] Stealth Rock
|
|-heal|p1a: Vaporeon|69/100|[from] item: Leftovers
|-damage|p2a: Passimian|64/100 brn|[from] brn
|upkeep
|turn|69
|
|move|p1a: Vaporeon|Protect|p1a: Vaporeon
|-singleturn|p1a: Vaporeon|Protect
|move|p2a: Passimian|Knock Off|p1a: Vaporeon
|-activate|p1a: Vaporeon|move: Protect
|
|-heal|p1a: Vaporeon|76/100|[from] item: Leftovers
|-damage|p2a: Passimian|57/100 brn|[from] brn
|upkeep
|turn|70
|
|switch|p1a: Sableye|Sableye, M|75/100 psn
|-damage|p1a: Sableye|63/100 psn|[from] Stealth Rock
|move|p2a: Passimian|Knock Off|p1a: Sableye
|-damage|p1a: Sableye|51/100 psn
|
|-damage|p2a: Passimian|51/100 brn|[from] brn
|-damage|p1a: Sableye|39/100 psn|[from] psn
|upkeep
|turn|71
|
|switch|p2a: Vaporeon|Vaporeon, F|55/100 tox
|-damage|p2a: Vaporeon|43/100 tox|[from] Stealth Rock
|move|p1a: Sableye|Recover|p1a: Sableye
|-heal|p1a: Sableye|89/100 psn
|
|-heal|p2a: Vaporeon|49/100 tox|[from] item: Leftovers
|-damage|p2a: Vaporeon|43/100 tox|[from] psn
|-damage|p1a: Sableye|76/100 psn|[from] psn
|upkeep
|turn|72
|
|move|p2a: Vaporeon|Wish|p2a: Vaporeon
|move|p1a: Sableye|Knock Off|p2a: Vaporeon
|-damage|p2a: Vaporeon|25/100 tox
|-enditem|p2a: Vaporeon|Leftovers|[from] move: Knock Off|[of] p1a: Sableye
|
|-damage|p2a: Vaporeon|13/100 tox|[from] psn
|-damage|p1a: Sableye|64/100 psn|[from] psn
|upkeep
|turn|73
|
|switch|p1a: Vaporeon|Vaporeon, F|76/100
|-damage|p1a: Vaporeon|63/100|[from] Stealth Rock
|move|p2a: Vaporeon|Protect||[still]
|-fail|p2a: Vaporeon
|
|-heal|p2a: Vaporeon|63/100 tox|[from] move: Wish|[wisher] Vaporeon
|-heal|p1a: Vaporeon|69/100|[from] item: Leftovers
|-damage|p2a: Vaporeon|45/100 tox|[from] psn
|upkeep
|turn|74
|
|move|p2a: Vaporeon|Wish|p2a: Vaporeon
|move|p1a: Vaporeon|Wish|p1a: Vaporeon
|
|-heal|p1a: Vaporeon|76/100|[from] item: Leftovers
|-damage|p2a: Vaporeon|21/100 tox|[from] psn
|upkeep
|turn|75
|
|switch|p2a: Vileplume|Vileplume, M|94/100 brn
|-damage|p2a: Vileplume|82/100 brn|[from] Stealth Rock
|switch|p1a: Sableye|Sableye, M|64/100 psn
|-damage|p1a: Sableye|51/100 psn|[from] Stealth Rock
|
|-heal|p1a: Sableye|100/100 psn|[from] move: Wish|[wisher] Vaporeon
|-heal|p2a: Vileplume|100/100 brn|[from] move: Wish|[wisher] Vaporeon
|-damage|p2a: Vileplume|94/100 brn|[from] brn
|-damage|p1a: Sableye|88/100 psn|[from] psn
|upkeep
|turn|76
|
|move|p2a: Vileplume|Sludge Bomb|p1a: Sableye
|-resisted|p1a: Sableye
|-damage|p1a: Sableye|67/100 psn
|move|p1a: Sableye|Knock Off|p2a: Vileplume
|-damage|p2a: Vileplume|81/100 brn
|
|-damage|p2a: Vileplume|74/100 brn|[from] brn
|-damage|p1a: Sableye|55/100 psn|[from] psn
|upkeep
|turn|77
|
|move|p1a: Sableye|Recover|p1a: Sableye
|-heal|p1a: Sableye|100/100 psn
|move|p2a: Vileplume|Giga Drain|p1a: Sableye
|-damage|p1a: Sableye|68/100 psn
|-heal|p2a: Vileplume|89/100 brn|[from] drain|[of] p1a: Sableye
|
|-damage|p2a: Vileplume|82/100 brn|[from] brn
|-damage|p1a: Sableye|55/100 psn|[from] psn
|upkeep
|turn|78
|
|move|p1a: Sableye|Recover|p1a: Sableye
|-heal|p1a: Sableye|100/100 psn
|move|p2a: Vileplume|Sludge Bomb|p1a: Sableye
|-resisted|p1a: Sableye
|-damage|p1a: Sableye|80/100 psn
|
|-damage|p2a: Vileplume|76/100 brn|[from] brn
|-damage|p1a: Sableye|68/100 psn|[from] psn
|upkeep
|turn|79
|
|switch|p1a: Gigalith|Gigalith, M|57/100
|-damage|p1a: Gigalith|44/100|[from] Stealth Rock
|-weather|Sandstorm|[from] ability: Sand Stream|[of] p1a: Gigalith
|move|p2a: Vileplume|Giga Drain|p1a: Gigalith
|-supereffective|p1a: Gigalith
|-damage|p1a: Gigalith|7/100
|-heal|p2a: Vileplume|96/100 brn|[from] drain|[of] p1a: Gigalith
|
|-weather|Sandstorm|[upkeep]
|-damage|p2a: Vileplume|90/100 brn|[from] Sandstorm
|-damage|p2a: Vileplume|84/100 brn|[from] brn
|upkeep
|turn|80
|
|move|p2a: Vileplume|Sludge Bomb|p1a: Gigalith
|-resisted|p1a: Gigalith
|-damage|p1a: Gigalith|0 fnt
|faint|p1a: Gigalith
|
|-weather|Sandstorm|[upkeep]
|-damage|p2a: Vileplume|77/100 brn|[from] Sandstorm
|-damage|p2a: Vileplume|71/100 brn|[from] brn
|upkeep
|
|switch|p1a: Vaporeon|Vaporeon, F|76/100
|-damage|p1a: Vaporeon|63/100|[from] Stealth Rock
|turn|81
|
|move|p1a: Vaporeon|Wish|p1a: Vaporeon
|move|p2a: Vileplume|Strength Sap|p1a: Vaporeon
|-unboost|p1a: Vaporeon|atk|1
|-heal|p2a: Vileplume|100/100 brn
|
|-weather|Sandstorm|[upkeep]
|-damage|p1a: Vaporeon|57/100|[from] Sandstorm
|-damage|p2a: Vileplume|94/100 brn|[from] Sandstorm
|-heal|p1a: Vaporeon|63/100|[from] item: Leftovers
|-damage|p2a: Vileplume|88/100 brn|[from] brn
|upkeep
|turn|82
|
|switch|p2a: Passimian|Passimian, F|51/100 brn
|-damage|p2a: Passimian|45/100 brn|[from] Stealth Rock
|move|p1a: Vaporeon|Protect||[still]
|-fail|p1a: Vaporeon
|
|-weather|Sandstorm|[upkeep]
|-damage|p2a: Passimian|39/100 brn|[from] Sandstorm
|-damage|p1a: Vaporeon|57/100|[from] Sandstorm
|-heal|p1a: Vaporeon|100/100|[from] move: Wish|[wisher] Vaporeon
|-damage|p2a: Passimian|33/100 brn|[from] brn
|upkeep
|turn|83
|
|move|p1a: Vaporeon|Protect|p1a: Vaporeon
|-singleturn|p1a: Vaporeon|Protect
|move|p2a: Passimian|Knock Off|p1a: Vaporeon
|-activate|p1a: Vaporeon|move: Protect
|
|-weather|none
|-damage|p2a: Passimian|27/100 brn|[from] brn
|upkeep
|turn|84
|
|switch|p1a: Sableye|Sableye, M|68/100 psn
|-damage|p1a: Sableye|55/100 psn|[from] Stealth Rock
|move|p2a: Passimian|Knock Off|p1a: Sableye
|-damage|p1a: Sableye|44/100 psn
|
|-damage|p2a: Passimian|20/100 brn|[from] brn
|-damage|p1a: Sableye|31/100 psn|[from] psn
|upkeep
|turn|85
|
|switch|p2a: Gigalith|Gigalith, F|76/100 tox
|-damage|p2a: Gigalith|64/100 tox|[from] Stealth Rock
|-weather|Sandstorm|[from] ability: Sand Stream|[of] p2a: Gigalith
|move|p1a: Sableye|Recover|p1a: Sableye
|-heal|p1a: Sableye|81/100 psn
|
|-weather|Sandstorm|[upkeep]
|-damage|p1a: Sableye|75/100 psn|[from] Sandstorm
|-heal|p2a: Gigalith|70/100 tox|[from] item: Leftovers
|-damage|p1a: Sableye|63/100 psn|[from] psn
|-damage|p2a: Gigalith|64/100 tox|[from] psn
|upkeep
|turn|86
|
|switch|p2a: Vileplume|Vileplume, M|88/100 brn
|-damage|p2a: Vileplume|76/100 brn|[from] Stealth Rock
|move|p1a: Sableye|Knock Off|p2a: Vileplume
|-damage|p2a: Vileplume|62/100 brn
|
|-weather|Sandstorm|[upkeep]
|-damage|p2a: Vileplume|55/100 brn|[from] Sandstorm
|-damage|p1a: Sableye|56/100 psn|[from] Sandstorm
|-damage|p2a: Vileplume|49/100 brn|[from] brn
|-damage|p1a: Sableye|44/100 psn|[from] psn
|upkeep
|turn|87
|
|move|p1a: Sableye|Recover|p1a: Sableye
|-heal|p1a: Sableye|94/100 psn
|move|p2a: Vileplume|Strength Sap|p1a: Sableye
|-unboost|p1a: Sableye|atk|1
|-heal|p2a: Vileplume|100/100 brn
|
|-weather|Sandstorm|[upkeep]
|-damage|p2a: Vileplume|94/100 brn|[from] Sandstorm
|-damage|p1a: Sableye|88/100 psn|[from] Sandstorm
|-damage|p2a: Vileplume|88/100 brn|[from] brn
|-damage|p1a: Sableye|75/100 psn|[from] psn
|upkeep
|turn|88
|
|move|p1a: Sableye|Encore|p2a: Vileplume
|-start|p2a: Vileplume|Encore
|move|p2a: Vileplume|Strength Sap|p1a: Sableye
|-unboost|p1a: Sableye|atk|1
|-heal|p2a: Vileplume|100/100 brn
|
|-weather|Sandstorm|[upkeep]
|-damage|p2a: Vileplume|94/100 brn|[from] Sandstorm
|-damage|p1a: Sableye|69/100 psn|[from] Sandstorm
|-damage|p2a: Vileplume|88/100 brn|[from] brn
|-damage|p1a: Sableye|56/100 psn|[from] psn
|upkeep
|turn|89
|
|switch|p2a: Gigalith|Gigalith, F|64/100 tox
|-damage|p2a: Gigalith|51/100 tox|[from] Stealth Rock
|move|p1a: Sableye|Knock Off|p2a: Gigalith
|-damage|p2a: Gigalith|41/100 tox
|-enditem|p2a: Gigalith|Leftovers|[from] move: Knock Off|[of] p1a: Sableye
|
|-weather|none
|-damage|p1a: Sableye|44/100 psn|[from] psn
|-damage|p2a: Gigalith|35/100 tox|[from] psn
|upkeep
|turn|90
|
|move|p1a: Sableye|Knock Off|p2a: Gigalith
|-damage|p2a: Gigalith|29/100 tox
|move|p2a: Gigalith|Rock Blast|p1a: Sableye
|-damage|p1a: Sableye|31/100 psn
|-damage|p1a: Sableye|19/100 psn
|-damage|p1a: Sableye|5/100 psn
|-damage|p1a: Sableye|0 fnt
|-hitcount|p1a: Sableye|4
|faint|p1a: Sableye
|
|-damage|p2a: Gigalith|16/100 tox|[from] psn
|upkeep
|
|switch|p1a: Vaporeon|Vaporeon, F|100/100
|-damage|p1a: Vaporeon|88/100|[from] Stealth Rock
|turn|91
|
|switch|p2a: Vaporeon|Vaporeon, F|21/100 tox
|-damage|p2a: Vaporeon|8/100 tox|[from] Stealth Rock
|move|p1a: Vaporeon|Protect||[still]
|-fail|p1a: Vaporeon
|
|-heal|p1a: Vaporeon|94/100|[from] item: Leftovers
|-damage|p2a: Vaporeon|2/100 tox|[from] psn
|upkeep
|turn|92
|l|☆Dollainthewoods
|inactive|Dollainthewoods disconnected and has a minute to reconnect!
|player|p1|
|j|☆Dollainthewoods
|inactive|Dollainthewoods reconnected and has 145 seconds left.
|player|p1|Dollainthewoods|pokekid
|
|move|p1a: Vaporeon|Haze|p1a: Vaporeon
|-clearallboost
|move|p2a: Vaporeon|Wish|p2a: Vaporeon
|
|-heal|p1a: Vaporeon|100/100|[from] item: Leftovers
|-damage|p2a: Vaporeon|0 fnt|[from] psn
|faint|p2a: Vaporeon
|upkeep
|
|switch|p2a: Passimian|Passimian, F|20/100 brn
|-damage|p2a: Passimian|14/100 brn|[from] Stealth Rock
|turn|93
|
|move|p2a: Passimian|Knock Off|p1a: Vaporeon
|-damage|p1a: Vaporeon|85/100
|-enditem|p1a: Vaporeon|Leftovers|[from] move: Knock Off|[of] p2a: Passimian
|move|p1a: Vaporeon|Scald|p2a: Passimian
|-damage|p2a: Passimian|0 fnt
|faint|p2a: Passimian
|
|upkeep
|
|switch|p2a: Vileplume|Vileplume, M|88/100 brn
|-damage|p2a: Vileplume|76/100 brn|[from] Stealth Rock
|turn|94
|
|move|p1a: Vaporeon|Protect|p1a: Vaporeon
|-singleturn|p1a: Vaporeon|Protect
|move|p2a: Vileplume|Sludge Bomb|p1a: Vaporeon
|-activate|p1a: Vaporeon|move: Protect
|
|-damage|p2a: Vileplume|69/100 brn|[from] brn
|upkeep
|turn|95
|
|move|p1a: Vaporeon|Wish|p1a: Vaporeon
|move|p2a: Vileplume|Sludge Bomb|p1a: Vaporeon
|-damage|p1a: Vaporeon|65/100
|
|-damage|p2a: Vileplume|63/100 brn|[from] brn
|upkeep
|turn|96
|
|move|p1a: Vaporeon|Scald|p2a: Vileplume
|-resisted|p2a: Vileplume
|-damage|p2a: Vileplume|47/100 brn
|move|p2a: Vileplume|Sleep Powder|p1a: Vaporeon|[miss]
|-miss|p2a: Vileplume|p1a: Vaporeon
|
|-heal|p1a: Vaporeon|100/100|[from] move: Wish|[wisher] Vaporeon
|-damage|p2a: Vileplume|41/100 brn|[from] brn
|upkeep
|turn|97
|
|move|p1a: Vaporeon|Protect|p1a: Vaporeon
|-singleturn|p1a: Vaporeon|Protect
|move|p2a: Vileplume|Strength Sap|p1a: Vaporeon
|-activate|p1a: Vaporeon|move: Protect
|
|-damage|p2a: Vileplume|35/100 brn|[from] brn
|upkeep
|turn|98
|j| Shing'n Streets
|
|move|p1a: Vaporeon|Scald|p2a: Vileplume
|-resisted|p2a: Vileplume
|-damage|p2a: Vileplume|19/100 brn
|move|p2a: Vileplume|Strength Sap|p1a: Vaporeon
|-unboost|p1a: Vaporeon|atk|1
|-heal|p2a: Vileplume|54/100 brn
|
|-damage|p2a: Vileplume|48/100 brn|[from] brn
|upkeep
|turn|99
|
|move|p1a: Vaporeon|Protect|p1a: Vaporeon
|-singleturn|p1a: Vaporeon|Protect
|move|p2a: Vileplume|Giga Drain|p1a: Vaporeon
|-activate|p1a: Vaporeon|move: Protect
|
|-damage|p2a: Vileplume|41/100 brn|[from] brn
|upkeep
|turn|100
|
|move|p1a: Vaporeon|Scald|p2a: Vileplume
|-resisted|p2a: Vileplume
|-damage|p2a: Vileplume|25/100 brn
|move|p2a: Vileplume|Giga Drain|p1a: Vaporeon
|-supereffective|p1a: Vaporeon
|-damage|p1a: Vaporeon|67/100
|-heal|p2a: Vileplume|47/100 brn|[from] drain|[of] p1a: Vaporeon
|
|-damage|p2a: Vileplume|41/100 brn|[from] brn
|upkeep
|turn|101
|
|move|p1a: Vaporeon|Protect|p1a: Vaporeon
|-singleturn|p1a: Vaporeon|Protect
|move|p2a: Vileplume|Sleep Powder|p1a: Vaporeon
|-activate|p1a: Vaporeon|move: Protect
|
|-damage|p2a: Vileplume|35/100 brn|[from] brn
|upkeep
|turn|102
|
|move|p1a: Vaporeon|Wish|p1a: Vaporeon
|move|p2a: Vileplume|Sleep Powder|p1a: Vaporeon
|-status|p1a: Vaporeon|slp|[from] move: Sleep Powder
|
|-damage|p2a: Vileplume|29/100 brn|[from] brn
|upkeep
|turn|103
|
|cant|p1a: Vaporeon|slp
|move|p2a: Vileplume|Giga Drain|p1a: Vaporeon
|-supereffective|p1a: Vaporeon
|-damage|p1a: Vaporeon|37/100 slp
|-heal|p2a: Vileplume|48/100 brn|[from] drain|[of] p1a: Vaporeon
|
|-heal|p1a: Vaporeon|87/100 slp|[from] move: Wish|[wisher] Vaporeon
|-damage|p2a: Vileplume|42/100 brn|[from] brn
|upkeep
|turn|104
|
|-curestatus|p1a: Vaporeon|slp|[msg]
|move|p1a: Vaporeon|Protect|p1a: Vaporeon
|-singleturn|p1a: Vaporeon|Protect
|move|p2a: Vileplume|Giga Drain|p1a: Vaporeon
|-activate|p1a: Vaporeon|move: Protect
|
|-damage|p2a: Vileplume|36/100 brn|[from] brn
|upkeep
|turn|105
|
|move|p1a: Vaporeon|Wish|p1a: Vaporeon
|move|p2a: Vileplume|Sleep Powder|p1a: Vaporeon|[miss]
|-miss|p2a: Vileplume|p1a: Vaporeon
|
|-damage|p2a: Vileplume|30/100 brn|[from] brn
|upkeep
|turn|106
|
|move|p1a: Vaporeon|Scald|p2a: Vileplume
|-resisted|p2a: Vileplume
|-damage|p2a: Vileplume|14/100 brn
|move|p2a: Vileplume|Strength Sap|p1a: Vaporeon
|-unboost|p1a: Vaporeon|atk|1
|-heal|p2a: Vileplume|36/100 brn
|
|-heal|p1a: Vaporeon|100/100|[from] move: Wish|[wisher] Vaporeon
|-damage|p2a: Vileplume|30/100 brn|[from] brn
|upkeep
|turn|107
|
|move|p1a: Vaporeon|Protect|p1a: Vaporeon
|-singleturn|p1a: Vaporeon|Protect
|move|p2a: Vileplume|Sleep Powder|p1a: Vaporeon
|-activate|p1a: Vaporeon|move: Protect
|
|-damage|p2a: Vileplume|24/100 brn|[from] brn
|upkeep
|turn|108
|
|move|p1a: Vaporeon|Scald|p2a: Vileplume
|-resisted|p2a: Vileplume
|-damage|p2a: Vileplume|9/100 brn
|move|p2a: Vileplume|Sleep Powder|p1a: Vaporeon|[miss]
|-miss|p2a: Vileplume|p1a: Vaporeon
|
|-damage|p2a: Vileplume|3/100 brn|[from] brn
|upkeep
|turn|109
|c|☆FE6 Fir|what a fucking joek
|inactive|FE6 Fir has 120 seconds left.
|l|☆Dollainthewoods
|inactive|Dollainthewoods disconnected and has a minute to reconnect!
|player|p1|
|inactive|FE6 Fir has 90 seconds left.
|
|move|p1a: Vaporeon|Scald|p2a: Vileplume
|-resisted|p2a: Vileplume
|-damage|p2a: Vileplume|0 fnt
|faint|p2a: Vileplume
|
|upkeep
|j|☆Dollainthewoods
|inactive|Dollainthewoods reconnected.
|player|p1|Dollainthewoods|pokekid
|inactiveoff|Battle timer is now OFF.
|inactive|Battle timer is ON: inactive players will automatically lose when time's up. (requested by Dollainthewoods)
|inactive|FE6 Fir has 60 seconds left.
|l| yedla 99
|l|☆Dollainthewoods
|inactive|Dollainthewoods disconnected and has a minute to reconnect!
|player|p1|
|inactive|FE6 Fir has 30 seconds left.
|inactive|FE6 Fir has 20 seconds left.
|inactive|FE6 Fir has 15 seconds left.
|inactive|FE6 Fir has 10 seconds left.
|inactive|FE6 Fir has 5 seconds left.
|
|switch|p2a: Gigalith|Gigalith, F|16/100 tox
|-damage|p2a: Gigalith|4/100 tox|[from] Stealth Rock
|-weather|Sandstorm|[from] ability: Sand Stream|[of] p2a: Gigalith
|turn|110
|inactive|FE6 Fir has 10 seconds left this turn.
|inactive|FE6 Fir has 5 seconds left.
|j|☆Dollainthewoods
|inactive|Dollainthewoods reconnected and has 135 seconds left.
|player|p1|Dollainthewoods|pokekid
|
|move|p2a: Gigalith|Protect|p2a: Gigalith
|-singleturn|p2a: Gigalith|Protect
|move|p1a: Vaporeon|Scald|p2a: Gigalith
|-activate|p2a: Gigalith|move: Protect
|
|-weather|Sandstorm|[upkeep]
|-damage|p1a: Vaporeon|94/100|[from] Sandstorm
|-damage|p2a: Gigalith|0 fnt|[from] psn
|faint|p2a: Gigalith
|
|win|Dollainthewoods
|upkeep
|inactive|FE6 Fir has 10 seconds left this turn.
|c|☆Dollainthewoods|Lel
