|j|☆yayou
|j|☆benni2
|t:|1660568264
|gametype|singles
|player|p1|yayou|volkner|1307
|player|p2|benni2|red|1382
|teamsize|p1|6
|teamsize|p2|6
|gen|8
|tier|[Gen 8] RU
|rated|
|rule|Sleep Clause Mod: Limit one foe put to sleep
|rule|Species Clause: Limit one of each Pokémon
|rule|OHKO Clause: OHKO moves are banned
|rule|Evasion Items Clause: Evasion items are banned
|rule|Evasion Moves Clause: Evasion moves are banned
|rule|Endless Battle Clause: Forcing endless battles is banned
|rule|HP Percentage Mod: HP is shown in percentages
|rule|Dynamax Clause: You cannot dynamax
|clearpoke
|poke|p1|Heliolisk, F|
|poke|p1|Porygon-Z|
|poke|p1|Bewear, F|
|poke|p1|Indeedee, M|
|poke|p1|Snorlax, F|
|poke|p1|Ditto|
|poke|p2|Xurkitree|
|poke|p2|Ninetales, F|
|poke|p2|Machamp, F|
|poke|p2|Porygon2|
|poke|p2|Leafeon, F|
|poke|p2|Crobat, F|
|teampreview
|inactive|Battle timer is ON: inactive players will automatically lose when time's up. (requested by benni2)
|
|t:|1660568275
|start
|switch|p1a: Indeedee|Indeedee, M|100/100
|switch|p2a: Machamp|Machamp, F|100/100
|-fieldstart|move: Psychic Terrain|[from] ability: Psychic Surge|[of] p1a: Indeedee
|turn|1
|
|t:|1660568282
|move|p1a: Indeedee|Expanding Force|p2a: Machamp
|-supereffective|p2a: Machamp
|-damage|p2a: Machamp|0 fnt
|faint|p2a: Machamp
|
|upkeep
|
|t:|1660568290
|switch|p2a: Porygon2|Porygon2|100/100
|turn|2
|
|t:|1660568293
|move|p1a: Indeedee|Expanding Force|p2a: Porygon2
|-damage|p2a: Porygon2|35/100
|move|p2a: Porygon2|Tri Attack|p1a: Indeedee
|-damage|p1a: Indeedee|27/100
|
|upkeep
|turn|3
|
|t:|1660568299
|move|p1a: Indeedee|Expanding Force|p2a: Porygon2
|-damage|p2a: Porygon2|0 fnt
|faint|p2a: Porygon2
|
|upkeep
|
|t:|1660568308
|switch|p2a: Ninetales|Ninetales, F|100/100
|-weather|SunnyDay|[from] ability: Drought|[of] p2a: Ninetales
|turn|4
|
|t:|1660568312
|move|p2a: Ninetales|Flamethrower|p1a: Indeedee
|-damage|p1a: Indeedee|0 fnt
|faint|p1a: Indeedee
|
|-weather|SunnyDay|[upkeep]
|upkeep
|
|t:|1660568321
|switch|p1a: Porygon-Z|Porygon-Z|100/100
|turn|5
|
|t:|1660568325
|move|p2a: Ninetales|Flamethrower|p1a: Porygon-Z
|-damage|p1a: Porygon-Z|25/100
|-enditem|p1a: Porygon-Z|Sitrus Berry|[eat]
|-heal|p1a: Porygon-Z|50/100|[from] item: Sitrus Berry
|move|p1a: Porygon-Z|Tri Attack|p2a: Ninetales
|-damage|p2a: Ninetales|38/100
|
|-weather|SunnyDay|[upkeep]
|-fieldend|move: Psychic Terrain
|upkeep
|turn|6
|
|t:|1660568334
|switch|p1a: Snorlax|Snorlax, F|100/100
|move|p2a: Ninetales|Flamethrower|p1a: Snorlax
|-damage|p1a: Snorlax|86/100
|
|-weather|SunnyDay|[upkeep]
|-heal|p1a: Snorlax|92/100|[from] item: Leftovers
|upkeep
|turn|7
|
|t:|1660568342
|switch|p2a: Crobat|Crobat, F|100/100
|move|p1a: Snorlax|Body Slam|p2a: Crobat
|-damage|p2a: Crobat|45/100
|
|-weather|SunnyDay|[upkeep]
|-heal|p1a: Snorlax|98/100|[from] item: Leftovers
|upkeep
|turn|8
|
|t:|1660568351
|move|p2a: Crobat|Sludge Bomb|p1a: Snorlax
|-damage|p1a: Snorlax|82/100
|move|p1a: Snorlax|Body Slam|p2a: Crobat
|-damage|p2a: Crobat|0 fnt
|faint|p2a: Crobat
|
|-weather|SunnyDay|[upkeep]
|-heal|p1a: Snorlax|88/100|[from] item: Leftovers
|upkeep
|
|t:|1660568360
|switch|p2a: VGA 2 Type C|Xurkitree|100/100
|turn|9
|
|t:|1660568373
|move|p2a: VGA 2 Type C|Thunderbolt|p1a: Snorlax
|-damage|p1a: Snorlax|53/100
|move|p1a: Snorlax|Body Slam|p2a: VGA 2 Type C
|-damage|p2a: VGA 2 Type C|32/100
|
|-weather|SunnyDay|[upkeep]
|-heal|p1a: Snorlax|59/100|[from] item: Leftovers
|upkeep
|turn|10
|
|t:|1660568380
|move|p2a: VGA 2 Type C|Thunderbolt|p1a: Snorlax
|-damage|p1a: Snorlax|27/100
|move|p1a: Snorlax|Body Slam|p2a: VGA 2 Type C
|-damage|p2a: VGA 2 Type C|0 fnt
|faint|p2a: VGA 2 Type C
|
|-weather|SunnyDay|[upkeep]
|-heal|p1a: Snorlax|33/100|[from] item: Leftovers
|upkeep
|
|t:|1660568388
|switch|p2a: Leafeon|Leafeon, F|100/100
|turn|11
|
|t:|1660568392
|switch|p1a: Bewear|Bewear, F|100/100
|move|p2a: Leafeon|Solar Blade||[still]
|-prepare|p2a: Leafeon|Solar Blade
|-anim|p2a: Leafeon|Solar Blade|p1a: Bewear
|-damage|p1a: Bewear|72/100
|-damage|p2a: Leafeon|84/100|[from] item: Rocky Helmet|[of] p1a: Bewear
|-damage|p2a: Leafeon|74/100|[from] item: Life Orb
|
|-weather|none
|upkeep
|turn|12
|
|t:|1660568402
|switch|p2a: Ninetales|Ninetales, F|38/100
|-weather|SunnyDay|[from] ability: Drought|[of] p2a: Ninetales
|move|p1a: Bewear|Drain Punch|p2a: Ninetales
|-damage|p2a: Ninetales|0 fnt
|-heal|p1a: Bewear|84/100|[from] drain|[of] p2a: Ninetales
|faint|p2a: Ninetales
|
|-weather|SunnyDay|[upkeep]
|upkeep
|
|t:|1660568412
|switch|p2a: Leafeon|Leafeon, F|74/100
|turn|13
|
|t:|1660568417
|move|p2a: Leafeon|Swords Dance|p2a: Leafeon
|-boost|p2a: Leafeon|atk|2
|move|p1a: Bewear|Drain Punch|p2a: Leafeon
|-damage|p2a: Leafeon|42/100
|-heal|p1a: Bewear|94/100|[from] drain|[of] p2a: Leafeon
|
|-weather|SunnyDay|[upkeep]
|upkeep
|turn|14
|
|t:|1660568427
|move|p2a: Leafeon|Swords Dance|p2a: Leafeon
|-boost|p2a: Leafeon|atk|2
|move|p1a: Bewear|Body Slam|p2a: Leafeon
|-crit|p2a: Leafeon
|-damage|p2a: Leafeon|0 fnt
|faint|p2a: Leafeon
|
|win|yayou
|raw|yayou's rating: 1307 &rarr; <strong>1331</strong><br />(+24 for winning)
|raw|benni2's rating: 1382 &rarr; <strong>1358</strong><br />(-24 for losing)
|l|☆benni2
||Ladder isn't responding, score probably updated but might not have (Request timeout).
