|raw|<div class="broadcast-blue"><strong>This battle is required to be public due to a player having a name starting with 'rult70'.</div>
|j|☆RULT70E Elfu
|j|☆rult70rabbit
|t:|1626888970
|gametype|singles
|player|p1|RULT70E Elfu|cyclist|1456
|player|p2|rult70rabbit|102|1556
|teamsize|p1|6
|teamsize|p2|6
|gen|8
|tier|[Gen 8] RU
|rated|
|rule|Sleep Clause Mod: Limit one foe put to sleep
|rule|Species Clause: Limit one of each Pokémon
|rule|OHKO Clause: OHKO moves are banned
|rule|Evasion Moves Clause: Evasion moves are banned
|rule|Endless Battle Clause: Forcing endless battles is banned
|rule|HP Percentage Mod: HP is shown in percentages
|rule|Dynamax Clause: You cannot dynamax
|clearpoke
|poke|p1|Ribombee, F|
|poke|p1|Mimikyu, M|
|poke|p1|Obstagoon, M|
|poke|p1|Necrozma|
|poke|p1|Reuniclus, M|
|poke|p1|Lucario, M|
|poke|p2|Mienshao, M|
|poke|p2|Stakataka|
|poke|p2|Golisopod, M|
|poke|p2|Gastrodon-East, M|
|poke|p2|Roserade, F|
|poke|p2|Noivern, M|
|teampreview
|j| toinha ♫♪
|j|+Feliburn
|j| RULT70A GK
|j| djjjdjdjdjdjdjdjdj
|inactive|Battle timer is ON: inactive players will automatically lose when time's up. (requested by RULT70E Elfu)
|
|t:|1626888991
|start
|switch|p1a: Ribombee|Ribombee, F|100/100
|switch|p2a: Stakataka|Stakataka|100/100
|turn|1
|j|+Lunala
|
|t:|1626888996
|move|p1a: Ribombee|Stun Spore|p2a: Stakataka|[miss]
|-miss|p1a: Ribombee|p2a: Stakataka
|move|p2a: Stakataka|Stealth Rock|p1a: Ribombee
|-sidestart|p1: RULT70E Elfu|move: Stealth Rock
|
|upkeep
|turn|2
|
|t:|1626888999
|move|p1a: Ribombee|Stun Spore|p2a: Stakataka
|-status|p2a: Stakataka|par
|move|p2a: Stakataka|Gyro Ball|p1a: Ribombee
|-supereffective|p1a: Ribombee
|-enditem|p1a: Ribombee|Focus Sash
|-damage|p1a: Ribombee|1/100
|
|upkeep
|turn|3
|
|t:|1626889007
|move|p1a: Ribombee|Sticky Web|p2a: Stakataka
|-sidestart|p2: rult70rabbit|move: Sticky Web
|move|p2a: Stakataka|Body Press|p1a: Ribombee
|-resisted|p1a: Ribombee
|-damage|p1a: Ribombee|0 fnt
|faint|p1a: Ribombee
|-ability|p2a: Stakataka|Beast Boost|boost
|-boost|p2a: Stakataka|def|1
|
|upkeep
|
|t:|1626889031
|switch|p1a: Lucario|Lucario, M|100/100
|-damage|p1a: Lucario|98/100|[from] Stealth Rock
|turn|4
|
|t:|1626889048
|switch|p2a: Roserade|Roserade, F|100/100
|-activate|p2a: Roserade|move: Sticky Web
|-unboost|p2a: Roserade|spe|1
|move|p1a: Lucario|Close Combat|p2a: Roserade
|-resisted|p2a: Roserade
|-damage|p2a: Roserade|39/100
|-unboost|p1a: Lucario|def|1
|-unboost|p1a: Lucario|spd|1
|-damage|p1a: Lucario|88/100|[from] item: Life Orb
|
|-heal|p2a: Roserade|45/100|[from] item: Black Sludge
|upkeep
|turn|5
|
|t:|1626889054
|move|p1a: Lucario|Meteor Mash|p2a: Roserade
|-damage|p2a: Roserade|0 fnt
|-boost|p1a: Lucario|atk|1
|faint|p2a: Roserade
|-damage|p1a: Lucario|78/100|[from] item: Life Orb
|
|upkeep
|
|t:|1626889059
|switch|p2a: Noivern|Noivern, M|100/100
|turn|6
|
|t:|1626889063
|switch|p1a: Reuniclus|Reuniclus, M|100/100
|move|p2a: Noivern|Flamethrower|p1a: Reuniclus
|-damage|p1a: Reuniclus|77/100
|-status|p1a: Reuniclus|brn
|
|-heal|p1a: Reuniclus|83/100 brn|[from] item: Leftovers
|upkeep
|turn|7
|
|t:|1626889069
|move|p2a: Noivern|U-turn|p1a: Reuniclus
|-supereffective|p1a: Reuniclus
|-damage|p1a: Reuniclus|66/100 brn
|
|t:|1626889073
|switch|p2a: Golisopod|Golisopod, M|100/100|[from]move: U-turn
|move|p1a: Reuniclus|Calm Mind|p1a: Reuniclus
|-boost|p1a: Reuniclus|spa|1
|-boost|p1a: Reuniclus|spd|1
|
|-heal|p1a: Reuniclus|72/100 brn|[from] item: Leftovers
|upkeep
|turn|8
|
|t:|1626889078
|move|p2a: Golisopod|First Impression|p1a: Reuniclus
|-supereffective|p1a: Reuniclus
|-damage|p1a: Reuniclus|0 fnt
|faint|p1a: Reuniclus
|
|upkeep
|
|t:|1626889081
|switch|p1a: Necrozma|Necrozma|100/100
|-damage|p1a: Necrozma|88/100|[from] Stealth Rock
|turn|9
|
|t:|1626889086
|move|p1a: Necrozma|Meteor Beam||[still]
|-prepare|p1a: Necrozma|Meteor Beam
|-boost|p1a: Necrozma|spa|1
|-enditem|p1a: Necrozma|Power Herb
|-anim|p1a: Necrozma|Meteor Beam|p2a: Golisopod
|-supereffective|p2a: Golisopod
|-damage|p2a: Golisopod|0 fnt
|faint|p2a: Golisopod
|
|upkeep
|
|t:|1626889100
|switch|p2a: Stakataka|Stakataka|100/100 par
|-activate|p2a: Stakataka|move: Sticky Web
|-unboost|p2a: Stakataka|spe|1
|turn|10
|
|t:|1626889123
|move|p1a: Necrozma|Heat Wave|p2a: Stakataka
|-damage|p2a: Stakataka|56/100 par
|cant|p2a: Stakataka|par
|
|-heal|p2a: Stakataka|62/100 par|[from] item: Leftovers
|upkeep
|turn|11
|
|t:|1626889128
|move|p1a: Necrozma|Heat Wave|p2a: Stakataka
|-damage|p2a: Stakataka|21/100 par
|move|p2a: Stakataka|Gyro Ball|p1a: Necrozma
|-damage|p1a: Necrozma|27/100
|
|-heal|p2a: Stakataka|27/100 par|[from] item: Leftovers
|upkeep
|turn|12
|
|t:|1626889136
|move|p1a: Necrozma|Heat Wave|p2a: Stakataka
|-damage|p2a: Stakataka|0 fnt
|faint|p2a: Stakataka
|
|upkeep
|
|t:|1626889139
|switch|p2a: Noivern|Noivern, M|100/100
|turn|13
|
|t:|1626889142
|move|p2a: Noivern|Draco Meteor|p1a: Necrozma
|-damage|p1a: Necrozma|0 fnt
|-unboost|p2a: Noivern|spa|2
|faint|p1a: Necrozma
|
|upkeep
|
|t:|1626889148
|switch|p1a: Mimikyu|Mimikyu, M|100/100
|-damage|p1a: Mimikyu|88/100|[from] Stealth Rock
|turn|14
|
|t:|1626889151
|move|p2a: Noivern|U-turn|p1a: Mimikyu
|-activate|p1a: Mimikyu|ability: Disguise
|-damage|p1a: Mimikyu|88/100
|detailschange|p1a: Mimikyu|Mimikyu-Busted, M
|-damage|p1a: Mimikyu|76/100|[from] pokemon: Mimikyu-Busted
|
|t:|1626889154
|switch|p2a: Gastrodon|Gastrodon-East, M|100/100|[from]move: U-turn
|move|p1a: Mimikyu|Swords Dance|p1a: Mimikyu
|-boost|p1a: Mimikyu|atk|2
|
|upkeep
|turn|15
|
|t:|1626889159
|move|p1a: Mimikyu|Play Rough|p2a: Gastrodon|[miss]
|-miss|p1a: Mimikyu|p2a: Gastrodon
|move|p2a: Gastrodon|Earth Power|p1a: Mimikyu
|-damage|p1a: Mimikyu|38/100
|
|upkeep
|turn|16
|
|t:|1626889164
|move|p1a: Mimikyu|Play Rough|p2a: Gastrodon|[miss]
|-miss|p1a: Mimikyu|p2a: Gastrodon
|move|p2a: Gastrodon|Earth Power|p1a: Mimikyu
|-damage|p1a: Mimikyu|0 fnt
|faint|p1a: Mimikyu
|
|upkeep
|
|t:|1626889170
|switch|p1a: Obstagoon|Obstagoon, M|100/100
|-damage|p1a: Obstagoon|88/100|[from] Stealth Rock
|turn|17
|
|t:|1626889176
|move|p1a: Obstagoon|Knock Off|p2a: Gastrodon
|-damage|p2a: Gastrodon|72/100
|-enditem|p2a: Gastrodon|Heavy-Duty Boots|[from] move: Knock Off|[of] p1a: Obstagoon
|move|p2a: Gastrodon|Earth Power|p1a: Obstagoon
|-damage|p1a: Obstagoon|51/100
|
|-status|p1a: Obstagoon|brn|[from] item: Flame Orb
|upkeep
|turn|18
|
|t:|1626889183
|move|p1a: Obstagoon|Facade|p2a: Gastrodon
|-damage|p2a: Gastrodon|7/100
|move|p2a: Gastrodon|Earth Power|p1a: Obstagoon
|-damage|p1a: Obstagoon|15/100 brn
|
|-damage|p1a: Obstagoon|9/100 brn|[from] brn
|upkeep
|turn|19
|
|t:|1626889188
|move|p1a: Obstagoon|Knock Off|p2a: Gastrodon
|-damage|p2a: Gastrodon|0 fnt
|faint|p2a: Gastrodon
|
|-damage|p1a: Obstagoon|3/100 brn|[from] brn
|upkeep
|
|t:|1626889191
|switch|p2a: Noivern|Noivern, M|100/100
|turn|20
|
|t:|1626889194
|move|p2a: Noivern|U-turn|p1a: Obstagoon
|-supereffective|p1a: Obstagoon
|-damage|p1a: Obstagoon|0 fnt
|faint|p1a: Obstagoon
|j| rult70e ifo
|
|t:|1626889196
|switch|p2a: Mienshao|Mienshao, M|100/100|[from]move: U-turn
|-activate|p2a: Mienshao|move: Sticky Web
|-unboost|p2a: Mienshao|spe|1
|
|upkeep
|
|t:|1626889199
|switch|p1a: Lucario|Lucario, M|78/100
|-damage|p1a: Lucario|75/100|[from] Stealth Rock
|turn|21
|
|t:|1626889201
|move|p1a: Lucario|Meteor Mash|p2a: Mienshao
|-damage|p2a: Mienshao|0 fnt
|-boost|p1a: Lucario|atk|1
|faint|p2a: Mienshao
|-damage|p1a: Lucario|65/100|[from] item: Life Orb
|
|upkeep
|
|t:|1626889203
|switch|p2a: Noivern|Noivern, M|100/100
|turn|22
|
|t:|1626889208
|move|p1a: Lucario|Extreme Speed|p2a: Noivern
|-damage|p2a: Noivern|32/100
|-damage|p1a: Lucario|55/100|[from] item: Life Orb
|move|p2a: Noivern|Flamethrower|p1a: Lucario
|-supereffective|p1a: Lucario
|-damage|p1a: Lucario|0 fnt
|faint|p1a: Lucario
|
|win|rult70rabbit
|l|+Lunala
|raw|RULT70E Elfu's rating: 1439 &rarr; <strong>1425</strong><br />(-14 for losing)
|raw|rult70rabbit's rating: 1556 &rarr; <strong>1570</strong><br />(+14 for winning)
|l|☆RULT70E Elfu
|l|☆rult70rabbit
|l|+Feliburn
||Ladder isn't responding, score probably updated but might not have (Request timeout).
