|j|☆Dancanmanfan
|j|☆unforgiven lies
|t:|1597370415
|player|p1|Dancanmanfan|clay|1316
|player|p2|unforgiven lies|pokemaniac|1355
|teamsize|p1|6
|teamsize|p2|6
|gametype|singles
|gen|8
|tier|[Gen 8] RU
|rated|
|clearpoke
|poke|p1|Arcanine, M|
|poke|p1|Vileplume, M|
|poke|p1|Scrafty, M|
|poke|p1|Umbreon, F|
|poke|p1|Inteleon, M|
|poke|p1|Silvally-*|
|poke|p2|Dhelmise|
|poke|p2|Rhyperior, F|
|poke|p2|Golisopod, M|
|poke|p2|Klefki, F|
|poke|p2|Charizard, M|
|poke|p2|Passimian, F|
|rule|Sleep Clause Mod: Limit one foe put to sleep
|rule|Species Clause: Limit one of each Pokémon
|rule|OHKO Clause: OHKO moves are banned
|rule|Evasion Moves Clause: Evasion moves are banned
|rule|Endless Battle Clause: Forcing endless battles is banned
|rule|HP Percentage Mod: HP is shown in percentages
|rule|Dynamax Clause: You cannot dynamax
|teampreview
|inactive|Battle timer is ON: inactive players will automatically lose when time's up. (requested by Dancanmanfan)
|
|t:|1597370447
|start
|switch|p1a: Inteleon|Inteleon, M|100/100
|switch|p2a: Passimian|Passimian, F|100/100
|turn|1
|
|t:|1597370453
|switch|p1a: Arcanine|Arcanine, M|100/100
|-ability|p1a: Arcanine|Intimidate|boost
|-unboost|p2a: Passimian|atk|1
|-ability|p2a: Passimian|Defiant
|-boost|p2a: Passimian|atk|2
|move|p2a: Passimian|U-turn|p1a: Arcanine
|-resisted|p1a: Arcanine
|-damage|p1a: Arcanine|88/100
|-damage|p2a: Passimian|84/100|[from] item: Rocky Helmet|[of] p1a: Arcanine
|
|t:|1597370460
|switch|p2a: Charizard|Charizard, M|100/100|[from]move: U-turn
|
|upkeep
|turn|2
|
|t:|1597370469
|switch|p1a: Umbreon|Umbreon, F|100/100
|move|p2a: Charizard|Hurricane|p1a: Umbreon
|-damage|p1a: Umbreon|78/100
|-start|p1a: Umbreon|confusion
|
|-heal|p1a: Umbreon|84/100|[from] item: Leftovers
|upkeep
|turn|3
|
|t:|1597370477
|switch|p2a: Klefki|Klefki, F|100/100
|-activate|p1a: Umbreon|confusion
|move|p1a: Umbreon|Toxic|p2a: Klefki
|-immune|p2a: Klefki
|
|-heal|p1a: Umbreon|90/100|[from] item: Leftovers
|upkeep
|turn|4
|
|t:|1597370484
|switch|p1a: Arcanine|Arcanine, M|88/100
|-ability|p1a: Arcanine|Intimidate|boost
|-unboost|p2a: Klefki|atk|1
|move|p2a: Klefki|Spikes|p1a: Arcanine
|-sidestart|p1: Dancanmanfan|Spikes
|
|upkeep
|turn|5
|j| RULT2AT toinhx
|
|t:|1597370491
|switch|p2a: Charizard|Charizard, M|100/100
|move|p1a: Arcanine|Flare Blitz|p2a: Charizard
|-resisted|p2a: Charizard
|-damage|p2a: Charizard|67/100
|-damage|p1a: Arcanine|80/100|[from] Recoil
|
|upkeep
|turn|6
|
|t:|1597370498
|move|p1a: Arcanine|Extreme Speed|p2a: Charizard
|-damage|p2a: Charizard|40/100
|move|p2a: Charizard|Hurricane|p1a: Arcanine|[miss]
|-miss|p2a: Charizard|p1a: Arcanine
|
|upkeep
|turn|7
|
|t:|1597370503
|move|p1a: Arcanine|Extreme Speed|p2a: Charizard
|-damage|p2a: Charizard|13/100
|move|p2a: Charizard|Roost|p2a: Charizard
|-heal|p2a: Charizard|63/100
|-singleturn|p2a: Charizard|move: Roost
|
|upkeep
|turn|8
|
|t:|1597370514
|switch|p1a: Inteleon|Inteleon, M|100/100
|-damage|p1a: Inteleon|88/100|[from] Spikes
|move|p2a: Charizard|Roost|p2a: Charizard
|-heal|p2a: Charizard|100/100
|-singleturn|p2a: Charizard|move: Roost
|
|upkeep
|turn|9
|
|t:|1597370523
|switch|p2a: Dhelmise|Dhelmise|100/100
|move|p1a: Inteleon|Snipe Shot|p2a: Dhelmise
|-resisted|p2a: Dhelmise
|-crit|p2a: Dhelmise
|-damage|p2a: Dhelmise|55/100
|
|-heal|p2a: Dhelmise|61/100|[from] item: Leftovers
|upkeep
|turn|10
|
|t:|1597370531
|move|p1a: Inteleon|Ice Beam|p2a: Dhelmise
|-supereffective|p2a: Dhelmise
|-damage|p2a: Dhelmise|0 fnt
|faint|p2a: Dhelmise
|
|upkeep
|
|t:|1597370536
|switch|p2a: Passimian|Passimian, F|84/100
|turn|11
|
|t:|1597370552
|move|p2a: Passimian|U-turn|p1a: Inteleon
|-damage|p1a: Inteleon|46/100
|
|t:|1597370556
|switch|p2a: Golisopod|Golisopod, M|100/100|[from]move: U-turn
|move|p1a: Inteleon|Snipe Shot|p2a: Golisopod
|-resisted|p2a: Golisopod
|-crit|p2a: Golisopod
|-damage|p2a: Golisopod|39/100
|-activate|p2a: Golisopod|ability: Emergency Exit
|
|t:|1597370560
|switch|p2a: Passimian|Passimian, F|84/100
|
|upkeep
|turn|12
|
|t:|1597370568
|move|p2a: Passimian|Knock Off|p1a: Inteleon
|-damage|p1a: Inteleon|0 fnt
|-enditem|p1a: Inteleon|Scope Lens|[from] move: Knock Off|[of] p2a: Passimian
|faint|p1a: Inteleon
|
|upkeep
|
|t:|1597370576
|switch|p1a: Silvally|Silvally-Steel|100/100
|-damage|p1a: Silvally|88/100|[from] Spikes
|turn|13
|
|t:|1597370580
|switch|p2a: Charizard|Charizard, M|100/100
|move|p1a: Silvally|Flame Charge|p2a: Charizard
|-resisted|p2a: Charizard
|-damage|p2a: Charizard|91/100
|-boost|p1a: Silvally|spe|1
|
|upkeep
|turn|14
|
|t:|1597370591
|switch|p2a: Passimian|Passimian, F|84/100
|move|p1a: Silvally|Swords Dance|p1a: Silvally
|-boost|p1a: Silvally|atk|2
|
|upkeep
|turn|15
|l| RULT2AT toinhx
|
|t:|1597370598
|move|p1a: Silvally|Multi-Attack|p2a: Passimian
|-damage|p2a: Passimian|0 fnt
|faint|p2a: Passimian
|
|upkeep
|
|t:|1597370606
|switch|p2a: Rhyperior|Rhyperior, F|100/100
|turn|16
|
|t:|1597370609
|move|p1a: Silvally|Multi-Attack|p2a: Rhyperior
|-supereffective|p2a: Rhyperior
|-damage|p2a: Rhyperior|0 fnt
|faint|p2a: Rhyperior
|
|upkeep
|
|t:|1597370612
|switch|p2a: Charizard|Charizard, M|91/100
|turn|17
|
|t:|1597370614
|move|p1a: Silvally|Multi-Attack|p2a: Charizard
|-resisted|p2a: Charizard
|-damage|p2a: Charizard|24/100
|move|p2a: Charizard|Fire Blast|p1a: Silvally
|-supereffective|p1a: Silvally
|-damage|p1a: Silvally|0 fnt
|faint|p1a: Silvally
|
|upkeep
|inactive|Dancanmanfan has 120 seconds left.
|
|t:|1597370649
|switch|p1a: Umbreon|Umbreon, F|90/100
|-damage|p1a: Umbreon|78/100|[from] Spikes
|turn|18
|
|t:|1597370652
|switch|p2a: Klefki|Klefki, F|100/100
|move|p1a: Umbreon|Foul Play|p2a: Klefki
|-resisted|p2a: Klefki
|-damage|p2a: Klefki|91/100
|
|-heal|p2a: Klefki|97/100|[from] item: Leftovers
|-heal|p1a: Umbreon|84/100|[from] item: Leftovers
|upkeep
|turn|19
|
|t:|1597370665
|switch|p1a: Arcanine|Arcanine, M|80/100
|-damage|p1a: Arcanine|67/100|[from] Spikes
|-ability|p1a: Arcanine|Intimidate|boost
|-unboost|p2a: Klefki|atk|1
|move|p2a: Klefki|Toxic|p1a: Arcanine
|-status|p1a: Arcanine|tox
|
|-heal|p2a: Klefki|100/100|[from] item: Leftovers
|-damage|p1a: Arcanine|61/100 tox|[from] psn
|upkeep
|turn|20
|
|t:|1597370676
|switch|p2a: Golisopod|Golisopod, M|39/100
|move|p1a: Arcanine|Flare Blitz|p2a: Golisopod
|-damage|p2a: Golisopod|5/100
|-damage|p1a: Arcanine|52/100 tox|[from] Recoil
|
|-damage|p1a: Arcanine|40/100 tox|[from] psn
|upkeep
|turn|21
|
|t:|1597370685
|move|p1a: Arcanine|Extreme Speed|p2a: Golisopod
|-damage|p2a: Golisopod|0 fnt
|faint|p2a: Golisopod
|
|-damage|p1a: Arcanine|21/100 tox|[from] psn
|upkeep
|
|t:|1597370693
|switch|p2a: Klefki|Klefki, F|100/100
|turn|22
|
|t:|1597370697
|switch|p2a: Charizard|Charizard, M|24/100
|move|p1a: Arcanine|Flare Blitz|p2a: Charizard
|-resisted|p2a: Charizard
|-damage|p2a: Charizard|0 fnt
|-damage|p1a: Arcanine|15/100 tox|[from] Recoil
|faint|p2a: Charizard
|
|-damage|p1a: Arcanine|0 fnt|[from] psn
|faint|p1a: Arcanine
|upkeep
|
|t:|1597370709
|switch|p2a: Klefki|Klefki, F|100/100
|switch|p1a: Vileplume|Vileplume, M|100/100
|-damage|p1a: Vileplume|88/100|[from] Spikes
|turn|23
|
|t:|1597370715
|move|p2a: Klefki|Calm Mind|p2a: Klefki
|-boost|p2a: Klefki|spa|1
|-boost|p2a: Klefki|spd|1
|move|p1a: Vileplume|Strength Sap|p2a: Klefki
|-unboost|p2a: Klefki|atk|1
|-heal|p1a: Vileplume|100/100
|
|upkeep
|turn|24
|
|t:|1597370725
|switch|p1a: Scrafty|Scrafty, M|100/100
|-damage|p1a: Scrafty|88/100|[from] Spikes
|move|p2a: Klefki|Calm Mind|p2a: Klefki
|-boost|p2a: Klefki|spa|1
|-boost|p2a: Klefki|spd|1
|
|upkeep
|turn|25
|
|t:|1597370728
|move|p1a: Scrafty|Dragon Dance|p1a: Scrafty
|-boost|p1a: Scrafty|atk|1
|-boost|p1a: Scrafty|spe|1
|move|p2a: Klefki|Draining Kiss|p1a: Scrafty
|-supereffective|p1a: Scrafty
|-damage|p1a: Scrafty|0 fnt
|faint|p1a: Scrafty
|
|upkeep
|
|t:|1597370736
|switch|p1a: Vileplume|Vileplume, M|100/100
|-damage|p1a: Vileplume|88/100|[from] Spikes
|turn|26
|
|t:|1597370743
|move|p2a: Klefki|Calm Mind|p2a: Klefki
|-boost|p2a: Klefki|spa|1
|-boost|p2a: Klefki|spd|1
|move|p1a: Vileplume|Moonblast|p2a: Klefki
|-resisted|p2a: Klefki
|-damage|p2a: Klefki|96/100
|
|-heal|p2a: Klefki|100/100|[from] item: Leftovers
|-heal|p1a: Vileplume|94/100|[from] item: Black Sludge
|upkeep
|turn|27
|
|t:|1597370748
|move|p2a: Klefki|Calm Mind|p2a: Klefki
|-boost|p2a: Klefki|spa|1
|-boost|p2a: Klefki|spd|1
|move|p1a: Vileplume|Giga Drain|p2a: Klefki
|-resisted|p2a: Klefki
|-damage|p2a: Klefki|96/100
|-heal|p1a: Vileplume|97/100|[from] drain|[of] p2a: Klefki
|
|-heal|p2a: Klefki|100/100|[from] item: Leftovers
|-heal|p1a: Vileplume|100/100|[from] item: Black Sludge
|upkeep
|turn|28
|
|t:|1597370750
|move|p2a: Klefki|Calm Mind|p2a: Klefki
|-boost|p2a: Klefki|spa|1
|-boost|p2a: Klefki|spd|1
|move|p1a: Vileplume|Giga Drain|p2a: Klefki
|-resisted|p2a: Klefki
|-damage|p2a: Klefki|96/100
|
|-heal|p2a: Klefki|100/100|[from] item: Leftovers
|upkeep
|turn|29
|
|t:|1597370754
|move|p2a: Klefki|Calm Mind|p2a: Klefki
|-boost|p2a: Klefki|spa|1
|-boost|p2a: Klefki|spd|1
|move|p1a: Vileplume|Giga Drain|p2a: Klefki
|-resisted|p2a: Klefki
|-damage|p2a: Klefki|97/100
|
|-heal|p2a: Klefki|100/100|[from] item: Leftovers
|upkeep
|turn|30
|
|t:|1597370759
|move|p2a: Klefki|Spikes|p1a: Vileplume
|-sidestart|p1: Dancanmanfan|Spikes
|move|p1a: Vileplume|Giga Drain|p2a: Klefki
|-resisted|p2a: Klefki
|-damage|p2a: Klefki|97/100
|
|-heal|p2a: Klefki|100/100|[from] item: Leftovers
|upkeep
|turn|31
|
|t:|1597370764
|move|p2a: Klefki|Spikes|p1a: Vileplume
|-sidestart|p1: Dancanmanfan|Spikes
|move|p1a: Vileplume|Sludge Wave|p2a: Klefki
|-immune|p2a: Klefki
|
|upkeep
|turn|32
|
|t:|1597370769
|move|p2a: Klefki|Draining Kiss|p1a: Vileplume
|-resisted|p1a: Vileplume
|-damage|p1a: Vileplume|75/100
|move|p1a: Vileplume|Sludge Wave|p2a: Klefki
|-immune|p2a: Klefki
|
|-heal|p1a: Vileplume|81/100|[from] item: Black Sludge
|upkeep
|turn|33
|
|t:|1597370776
|move|p2a: Klefki|Spikes||[still]
|-fail|p2a: Klefki
|move|p1a: Vileplume|Moonblast|p2a: Klefki
|-resisted|p2a: Klefki
|-damage|p2a: Klefki|97/100
|
|-heal|p2a: Klefki|100/100|[from] item: Leftovers
|-heal|p1a: Vileplume|88/100|[from] item: Black Sludge
|upkeep
|turn|34
|
|t:|1597370778
|move|p2a: Klefki|Spikes||[still]
|-fail|p2a: Klefki
|move|p1a: Vileplume|Moonblast|p2a: Klefki
|-resisted|p2a: Klefki
|-damage|p2a: Klefki|97/100
|-unboost|p2a: Klefki|spa|1
|
|-heal|p2a: Klefki|100/100|[from] item: Leftovers
|-heal|p1a: Vileplume|94/100|[from] item: Black Sludge
|upkeep
|turn|35
|
|t:|1597370782
|move|p2a: Klefki|Spikes||[still]
|-fail|p2a: Klefki
|move|p1a: Vileplume|Moonblast|p2a: Klefki
|-resisted|p2a: Klefki
|-damage|p2a: Klefki|98/100
|-unboost|p2a: Klefki|spa|1
|
|-heal|p2a: Klefki|100/100|[from] item: Leftovers
|-heal|p1a: Vileplume|99/100|[from] item: Black Sludge
|upkeep
|turn|36
|
|t:|1597370786
|move|p2a: Klefki|Calm Mind|p2a: Klefki
|-boost|p2a: Klefki|spa|1
|-boost|p2a: Klefki|spd|0
|move|p1a: Vileplume|Sludge Wave|p2a: Klefki
|-immune|p2a: Klefki
|
|-heal|p1a: Vileplume|100/100|[from] item: Black Sludge
|upkeep
|turn|37
|
|t:|1597370791
|move|p2a: Klefki|Spikes||[still]
|-fail|p2a: Klefki
|move|p1a: Vileplume|Moonblast|p2a: Klefki
|-resisted|p2a: Klefki
|-damage|p2a: Klefki|97/100
|
|-heal|p2a: Klefki|100/100|[from] item: Leftovers
|upkeep
|turn|38
|
|t:|1597370797
|move|p2a: Klefki|Spikes||[still]
|-fail|p2a: Klefki
|move|p1a: Vileplume|Sludge Wave|p2a: Klefki
|-immune|p2a: Klefki
|
|upkeep
|turn|39
|
|t:|1597370800
|move|p2a: Klefki|Spikes||[still]
|-fail|p2a: Klefki
|move|p1a: Vileplume|Sludge Wave|p2a: Klefki
|-immune|p2a: Klefki
|
|upkeep
|turn|40
|
|t:|1597370811
|move|p2a: Klefki|Spikes||[still]
|-fail|p2a: Klefki
|move|p1a: Vileplume|Sludge Wave|p2a: Klefki
|-immune|p2a: Klefki
|
|upkeep
|turn|41
|
|t:|1597370813
|move|p2a: Klefki|Spikes||[still]
|-fail|p2a: Klefki
|move|p1a: Vileplume|Sludge Wave|p2a: Klefki
|-immune|p2a: Klefki
|
|upkeep
|turn|42
|
|t:|1597370816
|move|p2a: Klefki|Spikes||[still]
|-fail|p2a: Klefki
|move|p1a: Vileplume|Sludge Wave|p2a: Klefki
|-immune|p2a: Klefki
|
|upkeep
|turn|43
|
|t:|1597370818
|move|p2a: Klefki|Spikes||[still]
|-fail|p2a: Klefki
|move|p1a: Vileplume|Sludge Wave|p2a: Klefki
|-immune|p2a: Klefki
|
|upkeep
|turn|44
|
|t:|1597370820
|move|p2a: Klefki|Spikes||[still]
|-fail|p2a: Klefki
|move|p1a: Vileplume|Sludge Wave|p2a: Klefki
|-immune|p2a: Klefki
|
|upkeep
|turn|45
|
|t:|1597370823
|move|p2a: Klefki|Spikes||[still]
|-fail|p2a: Klefki
|move|p1a: Vileplume|Sludge Wave|p2a: Klefki
|-immune|p2a: Klefki
|
|upkeep
|turn|46
|
|t:|1597370825
|move|p2a: Klefki|Spikes||[still]
|-fail|p2a: Klefki
|move|p1a: Vileplume|Sludge Wave|p2a: Klefki
|-immune|p2a: Klefki
|
|upkeep
|turn|47
|
|t:|1597370827
|move|p2a: Klefki|Spikes||[still]
|-fail|p2a: Klefki
|move|p1a: Vileplume|Sludge Wave|p2a: Klefki
|-immune|p2a: Klefki
|
|upkeep
|turn|48
|
|t:|1597370829
|move|p2a: Klefki|Spikes||[still]
|-fail|p2a: Klefki
|move|p1a: Vileplume|Sludge Wave|p2a: Klefki
|-immune|p2a: Klefki
|
|upkeep
|turn|49
|
|t:|1597370831
|move|p2a: Klefki|Spikes||[still]
|-fail|p2a: Klefki
|move|p1a: Vileplume|Sludge Wave|p2a: Klefki
|-immune|p2a: Klefki
|
|upkeep
|turn|50
|
|t:|1597370834
|move|p2a: Klefki|Spikes||[still]
|-fail|p2a: Klefki
|move|p1a: Vileplume|Sludge Wave|p2a: Klefki
|-immune|p2a: Klefki
|
|upkeep
|turn|51
|
|t:|1597370836
|move|p2a: Klefki|Spikes||[still]
|-fail|p2a: Klefki
|move|p1a: Vileplume|Moonblast|p2a: Klefki
|-resisted|p2a: Klefki
|-damage|p2a: Klefki|97/100
|-unboost|p2a: Klefki|spa|1
|
|-heal|p2a: Klefki|100/100|[from] item: Leftovers
|upkeep
|turn|52
|
|t:|1597370842
|move|p2a: Klefki|Spikes||[still]
|-fail|p2a: Klefki
|move|p1a: Vileplume|Giga Drain|p2a: Klefki
|-resisted|p2a: Klefki
|-damage|p2a: Klefki|97/100
|
|-heal|p2a: Klefki|100/100|[from] item: Leftovers
|upkeep
|turn|53
|
|t:|1597370845
|move|p2a: Klefki|Spikes||[still]
|-fail|p2a: Klefki
|move|p1a: Vileplume|Giga Drain|p2a: Klefki
|-resisted|p2a: Klefki
|-damage|p2a: Klefki|97/100
|
|-heal|p2a: Klefki|100/100|[from] item: Leftovers
|upkeep
|turn|54
|
|t:|1597370848
|move|p2a: Klefki|Spikes||[still]
|-fail|p2a: Klefki
|move|p1a: Vileplume|Moonblast|p2a: Klefki
|-resisted|p2a: Klefki
|-damage|p2a: Klefki|98/100
|
|-heal|p2a: Klefki|100/100|[from] item: Leftovers
|upkeep
|turn|55
|
|t:|1597370850
|move|p2a: Klefki|Spikes||[still]
|-fail|p2a: Klefki
|move|p1a: Vileplume|Moonblast|p2a: Klefki
|-resisted|p2a: Klefki
|-damage|p2a: Klefki|97/100
|
|-heal|p2a: Klefki|100/100|[from] item: Leftovers
|upkeep
|turn|56
|
|t:|1597370852
|move|p2a: Klefki|Spikes||[still]
|-fail|p2a: Klefki
|move|p1a: Vileplume|Moonblast|p2a: Klefki
|-resisted|p2a: Klefki
|-damage|p2a: Klefki|97/100
|
|-heal|p2a: Klefki|100/100|[from] item: Leftovers
|upkeep
|turn|57
|
|t:|1597370855
|move|p2a: Klefki|Spikes||[still]
|-fail|p2a: Klefki
|move|p1a: Vileplume|Moonblast|p2a: Klefki
|-resisted|p2a: Klefki
|-damage|p2a: Klefki|97/100
|-unboost|p2a: Klefki|spa|1
|
|-heal|p2a: Klefki|100/100|[from] item: Leftovers
|upkeep
|turn|58
|
|t:|1597370858
|move|p2a: Klefki|Spikes||[still]
|-fail|p2a: Klefki
|move|p1a: Vileplume|Moonblast|p2a: Klefki
|-resisted|p2a: Klefki
|-damage|p2a: Klefki|97/100
|
|-heal|p2a: Klefki|100/100|[from] item: Leftovers
|upkeep
|turn|59
|
|t:|1597370861
|move|p2a: Klefki|Spikes||[still]
|-fail|p2a: Klefki
|move|p1a: Vileplume|Moonblast|p2a: Klefki
|-resisted|p2a: Klefki
|-damage|p2a: Klefki|97/100
|-unboost|p2a: Klefki|spa|1
|
|-heal|p2a: Klefki|100/100|[from] item: Leftovers
|upkeep
|turn|60
|
|t:|1597370864
|move|p2a: Klefki|Calm Mind|p2a: Klefki
|-boost|p2a: Klefki|spa|1
|-boost|p2a: Klefki|spd|0
|move|p1a: Vileplume|Moonblast|p2a: Klefki
|-resisted|p2a: Klefki
|-crit|p2a: Klefki
|-damage|p2a: Klefki|82/100
|-unboost|p2a: Klefki|spa|1
|
|-heal|p2a: Klefki|88/100|[from] item: Leftovers
|upkeep
|turn|61
|
|t:|1597370867
|move|p2a: Klefki|Calm Mind|p2a: Klefki
|-boost|p2a: Klefki|spa|1
|-boost|p2a: Klefki|spd|0
|move|p1a: Vileplume|Giga Drain|p2a: Klefki
|-resisted|p2a: Klefki
|-damage|p2a: Klefki|84/100
|
|-heal|p2a: Klefki|90/100|[from] item: Leftovers
|upkeep
|turn|62
|
|t:|1597370871
|move|p2a: Klefki|Calm Mind|p2a: Klefki
|-boost|p2a: Klefki|spa|1
|-boost|p2a: Klefki|spd|0
|move|p1a: Vileplume|Giga Drain|p2a: Klefki
|-resisted|p2a: Klefki
|-damage|p2a: Klefki|86/100
|
|-heal|p2a: Klefki|92/100|[from] item: Leftovers
|upkeep
|turn|63
|
|t:|1597370875
|move|p2a: Klefki|Calm Mind|p2a: Klefki
|-boost|p2a: Klefki|spa|1
|-boost|p2a: Klefki|spd|0
|move|p1a: Vileplume|Giga Drain|p2a: Klefki
|-resisted|p2a: Klefki
|-crit|p2a: Klefki
|-damage|p2a: Klefki|69/100
|
|-heal|p2a: Klefki|75/100|[from] item: Leftovers
|upkeep
|turn|64
|
|t:|1597370877
|move|p2a: Klefki|Calm Mind|p2a: Klefki
|-boost|p2a: Klefki|spa|1
|-boost|p2a: Klefki|spd|0
|move|p1a: Vileplume|Giga Drain|p2a: Klefki
|-resisted|p2a: Klefki
|-crit|p2a: Klefki
|-damage|p2a: Klefki|54/100
|
|-heal|p2a: Klefki|60/100|[from] item: Leftovers
|upkeep
|turn|65
|
|t:|1597370881
|move|p2a: Klefki|Spikes||[still]
|-fail|p2a: Klefki
|move|p1a: Vileplume|Giga Drain|p2a: Klefki
|-resisted|p2a: Klefki
|-damage|p2a: Klefki|56/100
|
|-heal|p2a: Klefki|62/100|[from] item: Leftovers
|upkeep
|turn|66
|
|t:|1597370885
|move|p2a: Klefki|Spikes||[still]
|-fail|p2a: Klefki
|move|p1a: Vileplume|Giga Drain|p2a: Klefki
|-resisted|p2a: Klefki
|-damage|p2a: Klefki|58/100
|
|-heal|p2a: Klefki|64/100|[from] item: Leftovers
|upkeep
|turn|67
|
|t:|1597370889
|move|p2a: Klefki|Spikes||[still]
|-fail|p2a: Klefki
|move|p1a: Vileplume|Moonblast|p2a: Klefki
|-resisted|p2a: Klefki
|-damage|p2a: Klefki|61/100
|-unboost|p2a: Klefki|spa|1
|
|-heal|p2a: Klefki|67/100|[from] item: Leftovers
|upkeep
|turn|68
|
|t:|1597370893
|move|p2a: Klefki|Toxic|p1a: Vileplume
|-immune|p1a: Vileplume
|move|p1a: Vileplume|Giga Drain|p2a: Klefki
|-resisted|p2a: Klefki
|-damage|p2a: Klefki|63/100
|
|-heal|p2a: Klefki|69/100|[from] item: Leftovers
|upkeep
|turn|69
|
|t:|1597370896
|move|p2a: Klefki|Toxic|p1a: Vileplume
|-immune|p1a: Vileplume
|move|p1a: Vileplume|Giga Drain|p2a: Klefki
|-resisted|p2a: Klefki
|-damage|p2a: Klefki|65/100
|
|-heal|p2a: Klefki|71/100|[from] item: Leftovers
|upkeep
|turn|70
|
|t:|1597370900
|move|p2a: Klefki|Toxic|p1a: Vileplume
|-immune|p1a: Vileplume
|move|p1a: Vileplume|Giga Drain|p2a: Klefki
|-resisted|p2a: Klefki
|-damage|p2a: Klefki|68/100
|
|-heal|p2a: Klefki|74/100|[from] item: Leftovers
|upkeep
|turn|71
|
|t:|1597370908
|move|p2a: Klefki|Toxic|p1a: Vileplume
|-immune|p1a: Vileplume
|move|p1a: Vileplume|Strength Sap|p2a: Klefki
|-unboost|p2a: Klefki|atk|1
|
|-heal|p2a: Klefki|80/100|[from] item: Leftovers
|upkeep
|turn|72
|
|t:|1597370911
|move|p2a: Klefki|Toxic|p1a: Vileplume
|-immune|p1a: Vileplume
|move|p1a: Vileplume|Strength Sap|p2a: Klefki
|-unboost|p2a: Klefki|atk|1
|
|-heal|p2a: Klefki|86/100|[from] item: Leftovers
|upkeep
|turn|73
|
|t:|1597370913
|move|p2a: Klefki|Toxic|p1a: Vileplume
|-immune|p1a: Vileplume
|move|p1a: Vileplume|Strength Sap|p2a: Klefki
|-unboost|p2a: Klefki|atk|1
|
|-heal|p2a: Klefki|92/100|[from] item: Leftovers
|upkeep
|turn|74
|
|t:|1597370916
|move|p2a: Klefki|Toxic|p1a: Vileplume
|-immune|p1a: Vileplume
|move|p1a: Vileplume|Strength Sap|p2a: Klefki
|-unboost|p2a: Klefki|atk|1
|
|-heal|p2a: Klefki|98/100|[from] item: Leftovers
|upkeep
|turn|75
|
|t:|1597370918
|move|p2a: Klefki|Toxic|p1a: Vileplume
|-immune|p1a: Vileplume
|move|p1a: Vileplume|Strength Sap|p2a: Klefki
|-unboost|p2a: Klefki|atk|1
|
|-heal|p2a: Klefki|100/100|[from] item: Leftovers
|upkeep
|turn|76
|
|t:|1597370921
|move|p2a: Klefki|Toxic|p1a: Vileplume
|-immune|p1a: Vileplume
|move|p1a: Vileplume|Strength Sap||[still]
|-fail|p1a: Vileplume
|
|upkeep
|turn|77
|
|t:|1597370923
|move|p2a: Klefki|Toxic|p1a: Vileplume
|-immune|p1a: Vileplume
|move|p1a: Vileplume|Strength Sap||[still]
|-fail|p1a: Vileplume
|
|upkeep
|turn|78
|
|t:|1597370926
|move|p2a: Klefki|Toxic|p1a: Vileplume
|-immune|p1a: Vileplume
|move|p1a: Vileplume|Strength Sap||[still]
|-fail|p1a: Vileplume
|
|upkeep
|turn|79
|
|t:|1597370931
|move|p2a: Klefki|Toxic|p1a: Vileplume
|-immune|p1a: Vileplume
|move|p1a: Vileplume|Strength Sap||[still]
|-fail|p1a: Vileplume
|
|upkeep
|turn|80
|
|t:|1597370933
|move|p2a: Klefki|Toxic|p1a: Vileplume
|-immune|p1a: Vileplume
|move|p1a: Vileplume|Strength Sap||[still]
|-fail|p1a: Vileplume
|
|upkeep
|turn|81
|
|t:|1597370936
|move|p2a: Klefki|Toxic|p1a: Vileplume
|-immune|p1a: Vileplume
|move|p1a: Vileplume|Strength Sap||[still]
|-fail|p1a: Vileplume
|
|upkeep
|turn|82
|
|t:|1597370939
|move|p2a: Klefki|Toxic|p1a: Vileplume
|-immune|p1a: Vileplume
|move|p1a: Vileplume|Strength Sap||[still]
|-fail|p1a: Vileplume
|
|upkeep
|turn|83
|
|t:|1597370945
|move|p2a: Klefki|Calm Mind|p2a: Klefki
|-boost|p2a: Klefki|spa|1
|-boost|p2a: Klefki|spd|0
|move|p1a: Vileplume|Strength Sap||[still]
|-fail|p1a: Vileplume
|
|upkeep
|turn|84
|
|t:|1597370948
|move|p2a: Klefki|Calm Mind|p2a: Klefki
|-boost|p2a: Klefki|spa|0
|-boost|p2a: Klefki|spd|0
|move|p1a: Vileplume|Strength Sap||[still]
|-fail|p1a: Vileplume
|
|upkeep
|turn|85
|
|t:|1597370952
|move|p2a: Klefki|Calm Mind|p2a: Klefki
|-boost|p2a: Klefki|spa|0
|-boost|p2a: Klefki|spd|0
|move|p1a: Vileplume|Strength Sap||[still]
|-fail|p1a: Vileplume
|
|upkeep
|turn|86
|
|t:|1597370961
|switch|p1a: Umbreon|Umbreon, F|84/100
|-damage|p1a: Umbreon|59/100|[from] Spikes
|move|p2a: Klefki|Calm Mind|p2a: Klefki
|-boost|p2a: Klefki|spa|0
|-boost|p2a: Klefki|spd|0
|
|-heal|p1a: Umbreon|65/100|[from] item: Leftovers
|upkeep
|turn|87
|
|t:|1597370967
|move|p1a: Umbreon|Protect|p1a: Umbreon
|-singleturn|p1a: Umbreon|Protect
|move|p2a: Klefki|Draining Kiss|p1a: Umbreon
|-activate|p1a: Umbreon|move: Protect
|
|-heal|p1a: Umbreon|71/100|[from] item: Leftovers
|upkeep
|turn|88
|
|t:|1597370971
|move|p2a: Klefki|Draining Kiss|p1a: Umbreon
|-supereffective|p1a: Umbreon
|-crit|p1a: Umbreon
|-damage|p1a: Umbreon|0 fnt
|faint|p1a: Umbreon
|
|upkeep
|c|☆unforgiven lies|gg!
|
|t:|1597370983
|switch|p1a: Vileplume|Vileplume, M|100/100
|-damage|p1a: Vileplume|76/100|[from] Spikes
|turn|89
|
|t:|1597370988
|move|p2a: Klefki|Calm Mind|p2a: Klefki
|-boost|p2a: Klefki|spa|0
|-boost|p2a: Klefki|spd|0
|move|p1a: Vileplume|Giga Drain|p2a: Klefki
|-resisted|p2a: Klefki
|-damage|p2a: Klefki|97/100
|-heal|p1a: Vileplume|77/100|[from] drain|[of] p2a: Klefki
|
|-heal|p2a: Klefki|100/100|[from] item: Leftovers
|-heal|p1a: Vileplume|84/100|[from] item: Black Sludge
|upkeep
|turn|90
|
|t:|1597370990
|move|p2a: Klefki|Calm Mind|p2a: Klefki
|-boost|p2a: Klefki|spa|0
|-boost|p2a: Klefki|spd|0
|move|p1a: Vileplume|Moonblast|p2a: Klefki
|-resisted|p2a: Klefki
|-damage|p2a: Klefki|98/100
|
|-heal|p2a: Klefki|100/100|[from] item: Leftovers
|-heal|p1a: Vileplume|90/100|[from] item: Black Sludge
|upkeep
|turn|91
|
|t:|1597370993
|move|p2a: Klefki|Calm Mind|p2a: Klefki
|-boost|p2a: Klefki|spa|0
|-boost|p2a: Klefki|spd|0
|move|p1a: Vileplume|Moonblast|p2a: Klefki
|-resisted|p2a: Klefki
|-damage|p2a: Klefki|98/100
|
|-heal|p2a: Klefki|100/100|[from] item: Leftovers
|-heal|p1a: Vileplume|96/100|[from] item: Black Sludge
|upkeep
|turn|92
|
|t:|1597370995
|move|p2a: Klefki|Calm Mind|p2a: Klefki
|-boost|p2a: Klefki|spa|0
|-boost|p2a: Klefki|spd|0
|move|p1a: Vileplume|Moonblast|p2a: Klefki
|-resisted|p2a: Klefki
|-damage|p2a: Klefki|98/100
|
|-heal|p2a: Klefki|100/100|[from] item: Leftovers
|-heal|p1a: Vileplume|100/100|[from] item: Black Sludge
|upkeep
|turn|93
|
|t:|1597370997
|move|p2a: Klefki|Calm Mind|p2a: Klefki
|-boost|p2a: Klefki|spa|0
|-boost|p2a: Klefki|spd|0
|move|p1a: Vileplume|Moonblast|p2a: Klefki
|-resisted|p2a: Klefki
|-damage|p2a: Klefki|98/100
|
|-heal|p2a: Klefki|100/100|[from] item: Leftovers
|upkeep
|turn|94
|
|t:|1597370999
|move|p2a: Klefki|Calm Mind|p2a: Klefki
|-boost|p2a: Klefki|spa|0
|-boost|p2a: Klefki|spd|0
|move|p1a: Vileplume|Moonblast|p2a: Klefki
|-resisted|p2a: Klefki
|-damage|p2a: Klefki|97/100
|
|-heal|p2a: Klefki|100/100|[from] item: Leftovers
|upkeep
|turn|95
|
|t:|1597371001
|move|p2a: Klefki|Calm Mind|p2a: Klefki
|-boost|p2a: Klefki|spa|0
|-boost|p2a: Klefki|spd|0
|move|p1a: Vileplume|Moonblast|p2a: Klefki
|-resisted|p2a: Klefki
|-damage|p2a: Klefki|98/100
|-unboost|p2a: Klefki|spa|1
|
|-heal|p2a: Klefki|100/100|[from] item: Leftovers
|upkeep
|turn|96
|
|t:|1597371004
|move|p2a: Klefki|Calm Mind|p2a: Klefki
|-boost|p2a: Klefki|spa|1
|-boost|p2a: Klefki|spd|0
|move|p1a: Vileplume|Moonblast|p2a: Klefki
|-resisted|p2a: Klefki
|-damage|p2a: Klefki|98/100
|-unboost|p2a: Klefki|spa|1
|
|-heal|p2a: Klefki|100/100|[from] item: Leftovers
|upkeep
|turn|97
|
|t:|1597371006
|move|p2a: Klefki|Calm Mind|p2a: Klefki
|-boost|p2a: Klefki|spa|1
|-boost|p2a: Klefki|spd|0
|move|p1a: Vileplume|Moonblast|p2a: Klefki
|-resisted|p2a: Klefki
|-damage|p2a: Klefki|97/100
|
|-heal|p2a: Klefki|100/100|[from] item: Leftovers
|upkeep
|turn|98
|
|t:|1597371009
|move|p2a: Klefki|Calm Mind|p2a: Klefki
|-boost|p2a: Klefki|spa|0
|-boost|p2a: Klefki|spd|0
|move|p1a: Vileplume|Moonblast|p2a: Klefki
|-resisted|p2a: Klefki
|-crit|p2a: Klefki
|-damage|p2a: Klefki|83/100
|-unboost|p2a: Klefki|spa|1
|
|-heal|p2a: Klefki|89/100|[from] item: Leftovers
|upkeep
|turn|99
|
|t:|1597371011
|move|p2a: Klefki|Calm Mind|p2a: Klefki
|-boost|p2a: Klefki|spa|1
|-boost|p2a: Klefki|spd|0
|move|p1a: Vileplume|Moonblast|p2a: Klefki
|-resisted|p2a: Klefki
|-damage|p2a: Klefki|86/100
|-unboost|p2a: Klefki|spa|1
|
|-heal|p2a: Klefki|92/100|[from] item: Leftovers
|upkeep
|turn|100
|
|t:|1597371013
|move|p2a: Klefki|Calm Mind|p2a: Klefki
|-boost|p2a: Klefki|spa|1
|-boost|p2a: Klefki|spd|0
|-activate|p1a: Vileplume|move: Struggle
|move|p1a: Vileplume|Struggle|p2a: Klefki
|-damage|p2a: Klefki|85/100
|-damage|p1a: Vileplume|75/100|[from] recoil
|
|-heal|p2a: Klefki|91/100|[from] item: Leftovers
|-heal|p1a: Vileplume|82/100|[from] item: Black Sludge
|upkeep
|turn|101
|
|t:|1597371016
|move|p2a: Klefki|Draining Kiss|p1a: Vileplume
|-resisted|p1a: Vileplume
|-damage|p1a: Vileplume|57/100
|-heal|p2a: Klefki|100/100|[from] drain|[of] p1a: Vileplume
|-activate|p1a: Vileplume|move: Struggle
|move|p1a: Vileplume|Struggle|p2a: Klefki
|-damage|p2a: Klefki|94/100
|-damage|p1a: Vileplume|32/100|[from] recoil
|
|-heal|p2a: Klefki|99/100|[from] item: Leftovers
|-heal|p1a: Vileplume|38/100|[from] item: Black Sludge
|upkeep
|turn|102
|
|t:|1597371019
|move|p2a: Klefki|Draining Kiss|p1a: Vileplume
|-resisted|p1a: Vileplume
|-damage|p1a: Vileplume|11/100
|-heal|p2a: Klefki|100/100|[from] drain|[of] p1a: Vileplume
|-activate|p1a: Vileplume|move: Struggle
|move|p1a: Vileplume|Struggle|p2a: Klefki
|-damage|p2a: Klefki|94/100
|-damage|p1a: Vileplume|0 fnt|[from] recoil
|faint|p1a: Vileplume
|
|win|unforgiven lies
|c|☆Dancanmanfan|gg
|l|☆Dancanmanfan
|raw|Dancanmanfan's rating: 1316 &rarr; <strong>1299</strong><br />(-17 for losing)
|raw|unforgiven lies's rating: 1356 &rarr; <strong>1373</strong><br />(+17 for winning)
|l|☆unforgiven lies
