|j|☆themathgician
|j|☆chennitoa
|inactive|Battle timer is ON: inactive players will automatically lose when time's up.
|t:|1653021169
|gametype|singles
|player|p1|themathgician|clown|
|player|p2|chennitoa|ash-sinnoh|
|teamsize|p1|6
|teamsize|p2|6
|gen|8
|tier|[Gen 8] RU
|rated|Tournament battle
|rule|Sleep Clause Mod: Limit one foe put to sleep
|rule|Species Clause: Limit one of each Pokémon
|rule|OHKO Clause: OHKO moves are banned
|rule|Evasion Moves Clause: Evasion moves are banned
|rule|Endless Battle Clause: Forcing endless battles is banned
|rule|HP Percentage Mod: HP is shown in percentages
|rule|Dynamax Clause: You cannot dynamax
|clearpoke
|poke|p1|Politoed, F|
|poke|p1|Qwilfish, F|
|poke|p1|Druddigon, F|
|poke|p1|Magneton|
|poke|p1|Ludicolo, F|
|poke|p1|Hitmonlee, M|
|poke|p2|Toxtricity, F|
|poke|p2|Porygon2|
|poke|p2|Reuniclus, M|
|poke|p2|Suicune|
|poke|p2|Togekiss, F|
|poke|p2|Metagross|
|teampreview
|j|*Lady Monita ✿
|inactive|chennitoa also wants the timer to be on.
|inactive|themathgician also wants the timer to be on.
|j| Ycbew
|
|t:|1653021177
|start
|switch|p1a: Druddigon|Druddigon, F|100/100
|switch|p2a: Toxtricity|Toxtricity, F|100/100
|turn|1
|
|t:|1653021182
|move|p2a: Toxtricity|Volt Switch|p1a: Druddigon
|-resisted|p1a: Druddigon
|-damage|p1a: Druddigon|72/100
|
|t:|1653021184
|switch|p2a: Togekiss|Togekiss, F|100/100|[from]move: Volt Switch
|move|p1a: Druddigon|Dragon Tail|p2a: Togekiss
|-immune|p2a: Togekiss
|
|upkeep
|turn|2
|
|t:|1653021193
|move|p2a: Togekiss|Air Slash|p1a: Druddigon
|-damage|p1a: Druddigon|43/100
|move|p1a: Druddigon|Toxic|p2a: Togekiss|[miss]
|-miss|p1a: Druddigon|p2a: Togekiss
|
|upkeep
|turn|3
|
|t:|1653021203
|move|p2a: Togekiss|Air Slash|p1a: Druddigon
|-damage|p1a: Druddigon|10/100
|move|p1a: Druddigon|Stealth Rock|p2a: Togekiss
|-sidestart|p2: chennitoa|move: Stealth Rock
|
|upkeep
|turn|4
|
|t:|1653021209
|move|p2a: Togekiss|Air Slash|p1a: Druddigon
|-damage|p1a: Druddigon|0 fnt
|faint|p1a: Druddigon
|
|upkeep
|
|t:|1653021213
|switch|p1a: Magneton|Magneton|100/100
|turn|5
|
|t:|1653021216
|move|p1a: Magneton|Volt Switch|p2a: Togekiss
|-supereffective|p2a: Togekiss
|-damage|p2a: Togekiss|44/100
|
|t:|1653021220
|switch|p1a: Politoed|Politoed, F|100/100|[from]move: Volt Switch
|-weather|RainDance|[from] ability: Drizzle|[of] p1a: Politoed
|move|p2a: Togekiss|Defog|p1a: Politoed
|-unboost|p1a: Politoed|evasion|1
|-sideend|p2: chennitoa|Stealth Rock|[from] move: Defog|[of] p2a: Togekiss
|
|-weather|RainDance|[upkeep]
|upkeep
|turn|6
|
|t:|1653021233
|switch|p1a: Qwilfish|Qwilfish, F|100/100
|move|p2a: Togekiss|Roost|p2a: Togekiss
|-heal|p2a: Togekiss|94/100
|-singleturn|p2a: Togekiss|move: Roost
|
|-weather|RainDance|[upkeep]
|upkeep
|turn|7
|
|t:|1653021243
|switch|p2a: Reuniclus|Reuniclus, M|100/100
|move|p1a: Qwilfish|Liquidation|p2a: Reuniclus
|-damage|p2a: Reuniclus|40/100
|-unboost|p2a: Reuniclus|def|1
|
|-weather|RainDance|[upkeep]
|-heal|p2a: Reuniclus|46/100|[from] item: Leftovers
|upkeep
|turn|8
|
|t:|1653021256
|switch|p2a: Suicune|Suicune|100/100
|-ability|p2a: Suicune|Pressure
|move|p1a: Qwilfish|Liquidation|p2a: Suicune
|-resisted|p2a: Suicune
|-damage|p2a: Suicune|75/100
|
|-weather|RainDance|[upkeep]
|-heal|p2a: Suicune|81/100|[from] item: Leftovers
|upkeep
|turn|9
|
|t:|1653021266
|switch|p1a: Ludicolo|Ludicolo, F|100/100
|move|p2a: Suicune|Calm Mind|p2a: Suicune
|-boost|p2a: Suicune|spa|1
|-boost|p2a: Suicune|spd|1
|
|-weather|RainDance|[upkeep]
|-heal|p2a: Suicune|88/100|[from] item: Leftovers
|upkeep
|turn|10
|
|t:|1653021294
|move|p2a: Suicune|Protect|p2a: Suicune
|-singleturn|p2a: Suicune|Protect
|move|p1a: Ludicolo|Leaf Storm|p2a: Suicune
|-activate|p2a: Suicune|move: Protect
|
|-weather|RainDance|[upkeep]
|-heal|p2a: Suicune|94/100|[from] item: Leftovers
|upkeep
|turn|11
|
|t:|1653021303
|switch|p1a: Qwilfish|Qwilfish, F|100/100
|move|p2a: Suicune|Calm Mind|p2a: Suicune
|-boost|p2a: Suicune|spa|1
|-boost|p2a: Suicune|spd|1
|
|-weather|RainDance|[upkeep]
|-heal|p2a: Suicune|99/100|[from] item: Leftovers
|upkeep
|turn|12
|
|t:|1653021316
|move|p1a: Qwilfish|Liquidation|p2a: Suicune
|-resisted|p2a: Suicune
|-damage|p2a: Suicune|75/100
|move|p2a: Suicune|Substitute|p2a: Suicune
|-start|p2a: Suicune|Substitute
|-damage|p2a: Suicune|50/100
|
|-weather|none
|-heal|p2a: Suicune|56/100|[from] item: Leftovers
|upkeep
|turn|13
|
|t:|1653021324
|switch|p1a: Politoed|Politoed, F|100/100
|-weather|RainDance|[from] ability: Drizzle|[of] p1a: Politoed
|move|p2a: Suicune|Calm Mind|p2a: Suicune
|-boost|p2a: Suicune|spa|1
|-boost|p2a: Suicune|spd|1
|
|-weather|RainDance|[upkeep]
|-heal|p2a: Suicune|62/100|[from] item: Leftovers
|upkeep
|turn|14
|
|t:|1653021333
|move|p2a: Suicune|Calm Mind|p2a: Suicune
|-boost|p2a: Suicune|spa|1
|-boost|p2a: Suicune|spd|1
|move|p1a: Politoed|Haze|p1a: Politoed
|-clearallboost
|
|-weather|RainDance|[upkeep]
|-heal|p2a: Suicune|68/100|[from] item: Leftovers
|upkeep
|turn|15
|
|t:|1653021357
|move|p2a: Suicune|Calm Mind|p2a: Suicune
|-boost|p2a: Suicune|spa|1
|-boost|p2a: Suicune|spd|1
|move|p1a: Politoed|Weather Ball|p2a: Suicune
|-resisted|p2a: Suicune
|-activate|p2a: Suicune|move: Substitute|[damage]
|
|-weather|RainDance|[upkeep]
|-heal|p2a: Suicune|75/100|[from] item: Leftovers
|upkeep
|turn|16
|
|t:|1653021372
|move|p2a: Suicune|Calm Mind|p2a: Suicune
|-boost|p2a: Suicune|spa|1
|-boost|p2a: Suicune|spd|1
|move|p1a: Politoed|Haze|p1a: Politoed
|-clearallboost
|
|-weather|RainDance|[upkeep]
|-heal|p2a: Suicune|81/100|[from] item: Leftovers
|upkeep
|turn|17
|
|t:|1653021380
|move|p2a: Suicune|Calm Mind|p2a: Suicune
|-boost|p2a: Suicune|spa|1
|-boost|p2a: Suicune|spd|1
|move|p1a: Politoed|Weather Ball|p2a: Suicune
|-resisted|p2a: Suicune
|-activate|p2a: Suicune|move: Substitute|[damage]
|
|-weather|RainDance|[upkeep]
|-heal|p2a: Suicune|87/100|[from] item: Leftovers
|upkeep
|turn|18
|
|t:|1653021389
|switch|p2a: Toxtricity|Toxtricity, F|100/100
|move|p1a: Politoed|Haze|p1a: Politoed
|-clearallboost
|
|-weather|RainDance|[upkeep]
|upkeep
|turn|19
|
|t:|1653021403
|switch|p1a: Magneton|Magneton|100/100
|move|p2a: Toxtricity|Overdrive|p1a: Magneton
|-resisted|p1a: Magneton
|-damage|p1a: Magneton|35/100
|
|-weather|RainDance|[upkeep]
|upkeep
|turn|20
|
|t:|1653021410
|move|p1a: Magneton|Steel Beam|p2a: Toxtricity
|-resisted|p2a: Toxtricity
|-damage|p2a: Toxtricity|43/100
|-damage|p1a: Magneton|0 fnt|[from] mindblown
|faint|p1a: Magneton
|move|p2a: Toxtricity|Overdrive|p1: Magneton|[notarget]
|-fail|p2a: Toxtricity
|
|-weather|none
|upkeep
|
|t:|1653021417
|switch|p1a: Hitmonlee|Hitmonlee, M|100/100
|turn|21
|
|t:|1653021424
|switch|p1a: Politoed|Politoed, F|100/100
|-weather|RainDance|[from] ability: Drizzle|[of] p1a: Politoed
|switch|p2a: Suicune|Suicune|87/100
|-ability|p2a: Suicune|Pressure
|
|-weather|RainDance|[upkeep]
|-heal|p2a: Suicune|93/100|[from] item: Leftovers
|upkeep
|turn|22
|
|t:|1653021433
|switch|p1a: Ludicolo|Ludicolo, F|100/100
|move|p2a: Suicune|Protect||[still]
|-fail|p2a: Suicune
|
|-weather|RainDance|[upkeep]
|-heal|p2a: Suicune|99/100|[from] item: Leftovers
|upkeep
|turn|23
|
|t:|1653021442
|move|p2a: Suicune|Protect|p2a: Suicune
|-singleturn|p2a: Suicune|Protect
|move|p1a: Ludicolo|Giga Drain|p2a: Suicune
|-activate|p2a: Suicune|move: Protect
|
|-weather|RainDance|[upkeep]
|-heal|p2a: Suicune|100/100|[from] item: Leftovers
|upkeep
|turn|24
|
|t:|1653021450
|switch|p2a: Porygon2|Porygon2|100/100
|-ability|p2a: Porygon2|Swift Swim|[from] ability: Trace|[of] p1a: Ludicolo
|move|p1a: Ludicolo|Giga Drain|p2a: Porygon2
|-damage|p2a: Porygon2|76/100
|
|-weather|RainDance|[upkeep]
|upkeep
|turn|25
|
|t:|1653021460
|switch|p1a: Qwilfish|Qwilfish, F|100/100
|move|p2a: Porygon2|Toxic|p1a: Qwilfish
|-immune|p1a: Qwilfish
|
|-weather|RainDance|[upkeep]
|upkeep
|turn|26
|
|t:|1653021468
|switch|p2a: Suicune|Suicune|100/100
|-ability|p2a: Suicune|Pressure
|move|p1a: Qwilfish|Poison Jab|p2a: Suicune
|-damage|p2a: Suicune|72/100
|-status|p2a: Suicune|psn
|
|-weather|RainDance|[upkeep]
|-heal|p2a: Suicune|78/100 psn|[from] item: Leftovers
|-damage|p2a: Suicune|65/100 psn|[from] psn
|upkeep
|turn|27
|
|t:|1653021479
|switch|p1a: Ludicolo|Ludicolo, F|100/100
|move|p2a: Suicune|Rest|p2a: Suicune
|-status|p2a: Suicune|slp|[from] move: Rest
|-heal|p2a: Suicune|100/100 slp|[silent]
|
|-weather|RainDance|[upkeep]
|upkeep
|turn|28
|
|t:|1653021488
|switch|p2a: Porygon2|Porygon2|76/100
|-ability|p2a: Porygon2|Swift Swim|[from] ability: Trace|[of] p1a: Ludicolo
|move|p1a: Ludicolo|Hydro Pump|p2a: Porygon2
|-damage|p2a: Porygon2|22/100
|
|-weather|none
|upkeep
|turn|29
|
|t:|1653021496
|move|p1a: Ludicolo|Hydro Pump|p2a: Porygon2|[miss]
|-miss|p1a: Ludicolo|p2a: Porygon2
|move|p2a: Porygon2|Recover|p2a: Porygon2
|-heal|p2a: Porygon2|72/100
|
|upkeep
|turn|30
|c|☆themathgician|omg
|c|☆chennitoa|yas
|
|t:|1653021504
|switch|p1a: Qwilfish|Qwilfish, F|100/100
|move|p2a: Porygon2|Toxic|p1a: Qwilfish
|-immune|p1a: Qwilfish
|
|upkeep
|turn|31
|
|t:|1653021511
|switch|p1a: Politoed|Politoed, F|100/100
|-weather|RainDance|[from] ability: Drizzle|[of] p1a: Politoed
|move|p2a: Porygon2|Teleport|p2a: Porygon2
|
|t:|1653021513
|switch|p2a: Toxtricity|Toxtricity, F|43/100|[from]move: Teleport
|
|-weather|RainDance|[upkeep]
|upkeep
|turn|32
|
|t:|1653021520
|switch|p1a: Ludicolo|Ludicolo, F|100/100
|move|p2a: Toxtricity|Overdrive|p1a: Ludicolo
|-damage|p1a: Ludicolo|27/100
|
|-weather|RainDance|[upkeep]
|upkeep
|turn|33
|
|t:|1653021529
|switch|p2a: Suicune|Suicune|100/100 slp
|-ability|p2a: Suicune|Pressure
|move|p1a: Ludicolo|Giga Drain|p2a: Suicune
|-supereffective|p2a: Suicune
|-damage|p2a: Suicune|32/100 slp
|-heal|p1a: Ludicolo|65/100|[from] drain|[of] p2a: Suicune
|
|-weather|RainDance|[upkeep]
|-heal|p2a: Suicune|38/100 slp|[from] item: Leftovers
|upkeep
|turn|34
|
|t:|1653021539
|switch|p1a: Qwilfish|Qwilfish, F|100/100
|switch|p2a: Togekiss|Togekiss, F|94/100
|
|-weather|RainDance|[upkeep]
|upkeep
|turn|35
|
|t:|1653021546
|switch|p2a: Suicune|Suicune|38/100 slp
|-ability|p2a: Suicune|Pressure
|move|p1a: Qwilfish|Liquidation|p2a: Suicune
|-resisted|p2a: Suicune
|-damage|p2a: Suicune|13/100 slp
|
|-weather|RainDance|[upkeep]
|-heal|p2a: Suicune|20/100 slp|[from] item: Leftovers
|upkeep
|turn|36
|
|t:|1653021565
|move|p1a: Qwilfish|Liquidation|p2a: Suicune
|-resisted|p2a: Suicune
|-damage|p2a: Suicune|0 fnt
|faint|p2a: Suicune
|
|-weather|RainDance|[upkeep]
|upkeep
|
|t:|1653021574
|switch|p2a: Metagross|Metagross|100/100
|turn|37
|
|t:|1653021586
|switch|p1a: Hitmonlee|Hitmonlee, M|100/100
|move|p2a: Metagross|Cosmic Power|p2a: Metagross
|-boost|p2a: Metagross|def|1
|-boost|p2a: Metagross|spd|1
|
|-weather|RainDance|[upkeep]
|upkeep
|turn|38
|
|t:|1653021594
|move|p1a: Hitmonlee|Curse|p1a: Hitmonlee
|-unboost|p1a: Hitmonlee|spe|1
|-boost|p1a: Hitmonlee|atk|1
|-boost|p1a: Hitmonlee|def|1
|-enditem|p1a: Hitmonlee|White Herb
|-clearnegativeboost|p1a: Hitmonlee|[silent]
|move|p2a: Metagross|Body Press|p1a: Hitmonlee
|-damage|p1a: Hitmonlee|43/100
|
|-weather|none
|upkeep
|turn|39
|
|t:|1653021602
|move|p1a: Hitmonlee|Knock Off|p2a: Metagross
|-supereffective|p2a: Metagross
|-damage|p2a: Metagross|47/100
|-enditem|p2a: Metagross|Leftovers|[from] move: Knock Off|[of] p1a: Hitmonlee
|move|p2a: Metagross|Body Press|p1a: Hitmonlee
|-damage|p1a: Hitmonlee|0 fnt
|faint|p1a: Hitmonlee
|
|upkeep
|
|t:|1653021611
|switch|p1a: Politoed|Politoed, F|100/100
|-weather|RainDance|[from] ability: Drizzle|[of] p1a: Politoed
|turn|40
|
|t:|1653021615
|move|p2a: Metagross|Body Press|p1a: Politoed
|-damage|p1a: Politoed|63/100
|move|p1a: Politoed|Haze|p1a: Politoed
|-clearallboost
|
|-weather|RainDance|[upkeep]
|upkeep
|turn|41
|
|t:|1653021625
|switch|p1a: Qwilfish|Qwilfish, F|100/100
|move|p2a: Metagross|Body Press|p1a: Qwilfish
|-resisted|p1a: Qwilfish
|-damage|p1a: Qwilfish|84/100
|
|-weather|RainDance|[upkeep]
|upkeep
|turn|42
|
|t:|1653021631
|switch|p2a: Reuniclus|Reuniclus, M|46/100
|move|p1a: Qwilfish|Liquidation|p2a: Reuniclus
|-damage|p2a: Reuniclus|0 fnt
|faint|p2a: Reuniclus
|
|-weather|RainDance|[upkeep]
|upkeep
|
|t:|1653021638
|switch|p2a: Togekiss|Togekiss, F|94/100
|turn|43
|
|t:|1653021647
|move|p1a: Qwilfish|Liquidation|p2a: Togekiss
|-damage|p2a: Togekiss|29/100
|move|p2a: Togekiss|Thunder Wave|p1a: Qwilfish
|-status|p1a: Qwilfish|par
|
|-weather|RainDance|[upkeep]
|upkeep
|turn|44
|
|t:|1653021653
|switch|p2a: Metagross|Metagross|47/100
|cant|p1a: Qwilfish|par
|
|-weather|RainDance|[upkeep]
|upkeep
|turn|45
|
|t:|1653021659
|cant|p1a: Qwilfish|par
|move|p2a: Metagross|Cosmic Power|p2a: Metagross
|-boost|p2a: Metagross|def|1
|-boost|p2a: Metagross|spd|1
|
|-weather|RainDance|[upkeep]
|upkeep
|turn|46
|c|☆themathgician|. _ .
|
|t:|1653021666
|move|p1a: Qwilfish|Liquidation|p2a: Metagross
|-damage|p2a: Metagross|3/100
|move|p2a: Metagross|Rest|p2a: Metagross
|-status|p2a: Metagross|slp|[from] move: Rest
|-heal|p2a: Metagross|100/100 slp|[silent]
|
|-weather|RainDance|[upkeep]
|upkeep
|turn|47
|c|☆themathgician|I want to die
|c|☆chennitoa|yas
|
|t:|1653021680
|switch|p1a: Ludicolo|Ludicolo, F|65/100
|cant|p2a: Metagross|slp
|
|-weather|none
|upkeep
|turn|48
|
|t:|1653021686
|cant|p2a: Metagross|slp
|move|p1a: Ludicolo|Hydro Pump|p2a: Metagross
|-damage|p2a: Metagross|63/100 slp
|
|upkeep
|turn|49
|
|t:|1653021691
|switch|p1a: Politoed|Politoed, F|63/100
|-weather|RainDance|[from] ability: Drizzle|[of] p1a: Politoed
|-curestatus|p2a: Metagross|slp|[msg]
|move|p2a: Metagross|Body Press|p1a: Politoed
|-damage|p1a: Politoed|21/100
|
|-weather|RainDance|[upkeep]
|upkeep
|turn|50
|
|t:|1653021700
|move|p2a: Metagross|Body Press|p1a: Politoed
|-damage|p1a: Politoed|0 fnt
|faint|p1a: Politoed
|
|-weather|RainDance|[upkeep]
|upkeep
|
|t:|1653021705
|switch|p1a: Ludicolo|Ludicolo, F|65/100
|turn|51
|
|t:|1653021707
|move|p1a: Ludicolo|Hydro Pump|p2a: Metagross
|-damage|p2a: Metagross|0 fnt
|faint|p2a: Metagross
|
|-weather|RainDance|[upkeep]
|upkeep
|
|t:|1653021710
|switch|p2a: Porygon2|Porygon2|72/100
|-ability|p2a: Porygon2|Swift Swim|[from] ability: Trace|[of] p1a: Ludicolo
|turn|52
|
|t:|1653021716
|switch|p1a: Qwilfish|Qwilfish, F|84/100 par
|move|p2a: Porygon2|Recover|p2a: Porygon2
|-heal|p2a: Porygon2|100/100
|
|-weather|RainDance|[upkeep]
|upkeep
|turn|53
|
|t:|1653021724
|switch|p2a: Togekiss|Togekiss, F|29/100
|move|p1a: Qwilfish|Liquidation|p2a: Togekiss
|-damage|p2a: Togekiss|0 fnt
|faint|p2a: Togekiss
|
|-weather|RainDance|[upkeep]
|upkeep
|
|t:|1653021726
|switch|p2a: Porygon2|Porygon2|100/100
|-ability|p2a: Porygon2|Swift Swim|[from] ability: Trace|[of] p1a: Qwilfish
|turn|54
|
|t:|1653021734
|move|p2a: Porygon2|Recover||[still]
|-fail|p2a: Porygon2|heal
|move|p1a: Qwilfish|Liquidation|p2a: Porygon2
|-damage|p2a: Porygon2|46/100
|
|-weather|RainDance|[upkeep]
|upkeep
|turn|55
|
|t:|1653021739
|move|p2a: Porygon2|Recover|p2a: Porygon2
|-heal|p2a: Porygon2|96/100
|move|p1a: Qwilfish|Liquidation|p2a: Porygon2
|-damage|p2a: Porygon2|38/100
|-unboost|p2a: Porygon2|def|1
|
|-weather|RainDance|[upkeep]
|upkeep
|turn|56
|
|t:|1653021747
|move|p2a: Porygon2|Recover|p2a: Porygon2
|-heal|p2a: Porygon2|88/100
|move|p1a: Qwilfish|Liquidation|p2a: Porygon2
|-damage|p2a: Porygon2|0 fnt
|faint|p2a: Porygon2
|
|-weather|none
|upkeep
|
|t:|1653021749
|switch|p2a: Toxtricity|Toxtricity, F|43/100
|turn|57
|c|☆chennitoa|gg
|
|t:|1653021755
|switch|p1a: Ludicolo|Ludicolo, F|65/100
|move|p2a: Toxtricity|Overdrive|p1a: Ludicolo
|-damage|p1a: Ludicolo|0 fnt
|faint|p1a: Ludicolo
|
|upkeep
|
|t:|1653021762
|switch|p1a: Qwilfish|Qwilfish, F|84/100 par
|turn|58
|
|t:|1653021764
|move|p1a: Qwilfish|Aqua Jet|p2a: Toxtricity
|-damage|p2a: Toxtricity|0 fnt
|faint|p2a: Toxtricity
|
|win|themathgician
|n|☆themathgician|themathgician
|n|☆chennitoa|chennitoa
|n|*Lady Monita ✿|ladymonita
|n| Ycbew|ycbew
|l|*Lady Monita ✿
|c| Ycbew|gg
|c|☆themathgician|gg
|l|☆chennitoa
|c| Ycbew|oh
|c| Ycbew|damn
|l| Ycbew
