|j|☆Glidinganteater
|j|☆Beraldinhoo
|inactive|Battle timer is ON: inactive players will automatically lose when time's up.
|t:|1624386740
|gametype|singles
|player|p1|Glidinganteater|palmer|
|player|p2|Beraldinhoo|dawn-gen4pt|
|teamsize|p1|6
|teamsize|p2|6
|gen|8
|tier|[Gen 8] RU
|rated|Tournament battle
|rule|Sleep Clause Mod: Limit one foe put to sleep
|rule|Species Clause: Limit one of each Pokémon
|rule|OHKO Clause: OHKO moves are banned
|rule|Evasion Moves Clause: Evasion moves are banned
|rule|Endless Battle Clause: Forcing endless battles is banned
|rule|HP Percentage Mod: HP is shown in percentages
|rule|Dynamax Clause: You cannot dynamax
|clearpoke
|poke|p1|Cresselia, F|
|poke|p1|Diancie|
|poke|p1|Cobalion|
|poke|p1|Gastrodon-East, M|
|poke|p1|Golisopod, M|
|poke|p1|Dhelmise|
|poke|p2|Jynx, F|
|poke|p2|Vileplume, F|
|poke|p2|Metagross|
|poke|p2|Milotic, F|
|poke|p2|Noivern, M|
|poke|p2|Mienshao, M|
|teampreview
|c|☆Beraldinhoo|Hf
|
|t:|1624386766
|start
|switch|p1a: Diancie|Diancie|100/100
|switch|p2a: Vileplume|Vileplume, F|100/100
|turn|1
|
|t:|1624386794
|switch|p1a: Golisopod|Golisopod, M|100/100
|move|p2a: Vileplume|Corrosive Gas|p1a: Golisopod
|-enditem|p1a: Golisopod|Heavy-Duty Boots|[from] move: Corrosive Gas|[of] p2a: Vileplume
|
|upkeep
|turn|2
|c|☆Glidinganteater|U2
|j|+yourwelcomethank
|
|t:|1624386807
|move|p1a: Golisopod|Knock Off|p2a: Vileplume
|-damage|p2a: Vileplume|75/100
|-enditem|p2a: Vileplume|Heavy-Duty Boots|[from] move: Knock Off|[of] p1a: Golisopod
|move|p2a: Vileplume|Sludge Bomb|p1a: Golisopod
|-damage|p1a: Golisopod|60/100
|-status|p1a: Golisopod|psn
|
|-damage|p1a: Golisopod|48/100 psn|[from] psn
|upkeep
|-activate|p1a: Golisopod|ability: Emergency Exit
|inactive|Glidinganteater has 120 seconds left.
|
|t:|1624386835
|switch|p1a: Cresselia|Cresselia, F, shiny|100/100
|turn|3
|inactive|Glidinganteater has 120 seconds left.
|
|t:|1624386841
|switch|p2a: Metagross|Metagross|100/100
|move|p1a: Cresselia|Substitute|p1a: Cresselia
|-start|p1a: Cresselia|Substitute
|-damage|p1a: Cresselia|75/100
|
|-heal|p1a: Cresselia|82/100|[from] item: Leftovers
|upkeep
|turn|4
|
|t:|1624386846
|move|p1a: Cresselia|Calm Mind|p1a: Cresselia
|-boost|p1a: Cresselia|spa|1
|-boost|p1a: Cresselia|spd|1
|move|p2a: Metagross|Meteor Mash|p1a: Cresselia
|-end|p1a: Cresselia|Substitute
|
|-heal|p1a: Cresselia|88/100|[from] item: Leftovers
|upkeep
|turn|5
|
|t:|1624386849
|switch|p1a: Cobalion|Cobalion|100/100
|move|p2a: Metagross|Meteor Mash|p1a: Cobalion
|-resisted|p1a: Cobalion
|-damage|p1a: Cobalion|81/100
|-damage|p2a: Metagross|84/100|[from] item: Rocky Helmet|[of] p1a: Cobalion
|
|-heal|p2a: Metagross|90/100|[from] item: Leftovers
|upkeep
|turn|6
|
|t:|1624386853
|move|p1a: Cobalion|Volt Switch|p2a: Metagross
|-damage|p2a: Metagross|77/100
|
|t:|1624386857
|switch|p1a: Gastrodon|Gastrodon-East, M|100/100|[from]move: Volt Switch
|move|p2a: Metagross|Earthquake|p1a: Gastrodon
|-damage|p1a: Gastrodon|77/100
|
|-heal|p2a: Metagross|83/100|[from] item: Leftovers
|-heal|p1a: Gastrodon|83/100|[from] item: Leftovers
|upkeep
|turn|7
|j| Hadds
|
|t:|1624386865
|switch|p2a: Vileplume|Vileplume, F|75/100
|move|p1a: Gastrodon|Ice Beam|p2a: Vileplume
|-supereffective|p2a: Vileplume
|-damage|p2a: Vileplume|34/100
|
|-heal|p1a: Gastrodon|89/100|[from] item: Leftovers
|upkeep
|turn|8
|
|t:|1624386879
|switch|p1a: Golisopod|Golisopod, M|48/100 psn
|move|p2a: Vileplume|Strength Sap|p1a: Golisopod
|-unboost|p1a: Golisopod|atk|1
|-heal|p2a: Vileplume|100/100
|
|-damage|p1a: Golisopod|36/100 psn|[from] psn
|upkeep
|turn|9
|
|t:|1624386895
|switch|p1a: Cobalion|Cobalion|81/100
|move|p2a: Vileplume|Sludge Bomb|p1a: Cobalion
|-immune|p1a: Cobalion
|
|upkeep
|turn|10
|
|t:|1624386905
|move|p1a: Cobalion|Stealth Rock|p2a: Vileplume
|-sidestart|p2: Beraldinhoo|move: Stealth Rock
|move|p2a: Vileplume|Corrosive Gas|p1a: Cobalion
|-enditem|p1a: Cobalion|Rocky Helmet|[from] move: Corrosive Gas|[of] p2a: Vileplume
|
|upkeep
|turn|11
|
|t:|1624386910
|switch|p2a: Noivern|Noivern, M|100/100
|move|p1a: Cobalion|Iron Head|p2a: Noivern
|-damage|p2a: Noivern|59/100
|
|upkeep
|turn|12
|
|t:|1624386918
|switch|p1a: Diancie|Diancie|100/100
|move|p2a: Noivern|Defog|p1a: Diancie
|-fail|p1a: Diancie|unboost|[from] ability: Clear Body|[of] p1a: Diancie
|-sideend|p2: Beraldinhoo|Stealth Rock|[from] move: Defog|[of] p2a: Noivern
|
|upkeep
|turn|13
|
|t:|1624386925
|switch|p2a: Metagross|Metagross|83/100
|move|p1a: Diancie|Diamond Storm|p2a: Metagross
|-resisted|p2a: Metagross
|-damage|p2a: Metagross|71/100
|-boost|p1a: Diancie|def|2
|
|-heal|p2a: Metagross|77/100|[from] item: Leftovers
|upkeep
|turn|14
|
|t:|1624386930
|move|p2a: Metagross|Stealth Rock|p1a: Diancie
|-sidestart|p1: Glidinganteater|move: Stealth Rock
|move|p1a: Diancie|Body Press|p2a: Metagross
|-damage|p2a: Metagross|38/100
|
|-heal|p2a: Metagross|44/100|[from] item: Leftovers
|upkeep
|turn|15
|
|t:|1624386950
|move|p2a: Metagross|Meteor Mash|p1a: Diancie
|-supereffective|p1a: Diancie
|-damage|p1a: Diancie|32/100
|move|p1a: Diancie|Body Press|p2a: Metagross
|-damage|p2a: Metagross|2/100
|
|-heal|p2a: Metagross|8/100|[from] item: Leftovers
|-heal|p1a: Diancie|38/100|[from] item: Leftovers
|upkeep
|turn|16
|
|t:|1624386964
|switch|p1a: Gastrodon|Gastrodon-East, M|89/100
|-damage|p1a: Gastrodon|83/100|[from] Stealth Rock
|move|p2a: Metagross|Meteor Mash|p1a: Gastrodon|[miss]
|-miss|p2a: Metagross|p1a: Gastrodon
|
|-heal|p2a: Metagross|14/100|[from] item: Leftovers
|-heal|p1a: Gastrodon|89/100|[from] item: Leftovers
|upkeep
|turn|17
|
|t:|1624386975
|switch|p2a: Vileplume|Vileplume, F|100/100
|move|p1a: Gastrodon|Earth Power|p2a: Vileplume
|-damage|p2a: Vileplume|70/100
|
|-heal|p1a: Gastrodon|95/100|[from] item: Leftovers
|upkeep
|turn|18
|
|t:|1624386991
|switch|p2a: Mienshao|Mienshao, M|100/100
|switch|p1a: Dhelmise|Dhelmise|100/100
|
|upkeep
|turn|19
|
|t:|1624387003
|move|p2a: Mienshao|U-turn|p1a: Dhelmise
|-damage|p1a: Dhelmise|75/100
|
|t:|1624387006
|switch|p2a: Vileplume|Vileplume, F|70/100|[from]move: U-turn
|move|p1a: Dhelmise|Rapid Spin|p2a: Vileplume
|-damage|p2a: Vileplume|56/100
|-boost|p1a: Dhelmise|spe|1
|-sideend|p1: Glidinganteater|Stealth Rock|[from] move: Rapid Spin|[of] p1a: Dhelmise
|
|upkeep
|turn|20
|inactive|Glidinganteater has 120 seconds left.
|
|t:|1624387053
|switch|p1a: Golisopod|Golisopod, M|36/100 psn
|move|p2a: Vileplume|Strength Sap|p1a: Golisopod
|-unboost|p1a: Golisopod|atk|1
|-heal|p2a: Vileplume|100/100
|
|-damage|p1a: Golisopod|23/100 psn|[from] psn
|upkeep
|turn|21
|
|t:|1624387061
|move|p1a: Golisopod|Spikes|p2a: Vileplume
|-sidestart|p2: Beraldinhoo|Spikes
|move|p2a: Vileplume|Giga Drain|p1a: Golisopod
|-damage|p1a: Golisopod|0 fnt
|faint|p1a: Golisopod
|
|upkeep
|j| LarsoTubeJeanLouis
|
|t:|1624387066
|switch|p1a: Cresselia|Cresselia, F, shiny|88/100
|turn|22
|j| Voyagar
|
|t:|1624387076
|switch|p2a: Jynx|Jynx, F|100/100
|move|p1a: Cresselia|Substitute|p1a: Cresselia
|-start|p1a: Cresselia|Substitute
|-damage|p1a: Cresselia|63/100
|
|-heal|p1a: Cresselia|69/100|[from] item: Leftovers
|upkeep
|turn|23
|
|t:|1624387080
|move|p2a: Jynx|Nasty Plot|p2a: Jynx
|-boost|p2a: Jynx|spa|2
|move|p1a: Cresselia|Calm Mind|p1a: Cresselia
|-boost|p1a: Cresselia|spa|1
|-boost|p1a: Cresselia|spd|1
|
|-heal|p1a: Cresselia|75/100|[from] item: Leftovers
|upkeep
|turn|24
|
|t:|1624387091
|move|p2a: Jynx|Ice Beam|p1a: Cresselia
|-end|p1a: Cresselia|Substitute
|move|p1a: Cresselia|Moonblast|p2a: Jynx
|-damage|p2a: Jynx|67/100
|
|-heal|p1a: Cresselia|81/100|[from] item: Leftovers
|upkeep
|turn|25
|
|t:|1624387112
|switch|p1a: Dhelmise|Dhelmise|75/100
|move|p2a: Jynx|Ice Beam|p1a: Dhelmise
|-supereffective|p1a: Dhelmise
|-damage|p1a: Dhelmise|0 fnt
|faint|p1a: Dhelmise
|
|upkeep
|
|t:|1624387117
|switch|p1a: Cobalion|Cobalion|81/100
|turn|26
|
|t:|1624387127
|switch|p2a: Noivern|Noivern, M|59/100
|move|p1a: Cobalion|Volt Switch|p2a: Noivern
|-damage|p2a: Noivern|41/100
|
|t:|1624387131
|switch|p1a: Diancie|Diancie|38/100|[from]move: Volt Switch
|
|-heal|p1a: Diancie|44/100|[from] item: Leftovers
|upkeep
|turn|27
|
|t:|1624387139
|switch|p2a: Milotic|Milotic, F|100/100
|move|p1a: Diancie|Diamond Storm|p2a: Milotic
|-damage|p2a: Milotic|76/100
|
|-heal|p1a: Diancie|50/100|[from] item: Leftovers
|upkeep
|turn|28
|
|t:|1624387150
|move|p2a: Milotic|Toxic|p1a: Diancie
|-status|p1a: Diancie|tox
|move|p1a: Diancie|Toxic|p2a: Milotic
|-status|p2a: Milotic|tox
|
|-heal|p1a: Diancie|56/100 tox|[from] item: Leftovers
|-damage|p2a: Milotic|70/100 tox|[from] psn
|-damage|p1a: Diancie|50/100 tox|[from] psn
|upkeep
|turn|29
|
|t:|1624387155
|move|p2a: Milotic|Flip Turn|p1a: Diancie
|-supereffective|p1a: Diancie
|-damage|p1a: Diancie|31/100 tox
|
|t:|1624387161
|switch|p2a: Vileplume|Vileplume, F|100/100|[from]move: Flip Turn
|-damage|p2a: Vileplume|88/100|[from] Spikes
|move|p1a: Diancie|Heal Bell|p1a: Diancie
|-activate|p1a: Diancie|move: Heal Bell
|-curestatus|p1a: Diancie|tox|[msg]
|
|-heal|p1a: Diancie|37/100|[from] item: Leftovers
|upkeep
|turn|30
|inactive|Glidinganteater has 120 seconds left.
|
|t:|1624387200
|switch|p1a: Gastrodon|Gastrodon-East, M|95/100
|move|p2a: Vileplume|Giga Drain|p1a: Gastrodon
|-supereffective|p1a: Gastrodon
|-damage|p1a: Gastrodon|0 fnt
|-heal|p2a: Vileplume|100/100|[from] drain|[of] p1a: Gastrodon
|faint|p1a: Gastrodon
|
|upkeep
|
|t:|1624387203
|switch|p1a: Cresselia|Cresselia, F, shiny|81/100
|turn|31
|inactive|Beraldinhoo has 120 seconds left.
|
|t:|1624387234
|switch|p2a: Jynx|Jynx, F|67/100
|move|p1a: Cresselia|Substitute|p1a: Cresselia
|-start|p1a: Cresselia|Substitute
|-damage|p1a: Cresselia|56/100
|
|-heal|p1a: Cresselia|63/100|[from] item: Leftovers
|upkeep
|turn|32
|
|t:|1624387239
|move|p2a: Jynx|Nasty Plot|p2a: Jynx
|-boost|p2a: Jynx|spa|2
|move|p1a: Cresselia|Moonblast|p2a: Jynx
|-damage|p2a: Jynx|41/100
|
|-heal|p1a: Cresselia|69/100|[from] item: Leftovers
|upkeep
|turn|33
|
|t:|1624387248
|move|p2a: Jynx|Ice Beam|p1a: Cresselia
|-end|p1a: Cresselia|Substitute
|move|p1a: Cresselia|Moonblast|p2a: Jynx
|-damage|p2a: Jynx|17/100
|
|-heal|p1a: Cresselia|75/100|[from] item: Leftovers
|upkeep
|turn|34
|inactive|Glidinganteater has 120 seconds left.
|
|t:|1624387279
|switch|p1a: Cobalion|Cobalion|81/100
|move|p2a: Jynx|Psychic|p1a: Cobalion
|-damage|p1a: Cobalion|0 fnt
|faint|p1a: Cobalion
|
|upkeep
|inactive|Glidinganteater has 120 seconds left.
|c|☆Beraldinhoo|gg
|
|t:|1624387286
|switch|p1a: Diancie|Diancie|37/100
|turn|35
|
|t:|1624387291
|move|p2a: Jynx|Ice Beam|p1a: Diancie
|-damage|p1a: Diancie|0 fnt
|faint|p1a: Diancie
|
|upkeep
|
|t:|1624387295
|switch|p1a: Cresselia|Cresselia, F, shiny|75/100
|turn|36
|
|t:|1624387301
|move|p2a: Jynx|Ice Beam|p1a: Cresselia
|-damage|p1a: Cresselia|18/100
|-status|p1a: Cresselia|frz
|cant|p1a: Cresselia|frz
|
|-heal|p1a: Cresselia|24/100 frz|[from] item: Leftovers
|upkeep
|turn|37
|-message|Glidinganteater forfeited.
|
|win|Beraldinhoo
|n|☆Glidinganteater|glidinganteater
|n|☆Beraldinhoo|beraldinhoo
|n| yourwelcomethank|yourwelcomethank
|n| Hadds|hadds
|n| LarsoTubeJeanLouis|larsotubejeanlouis
|n| Voyagar|voyagar
|l|☆Glidinganteater
|l| LarsoTubeJeanLouis
