|j|☆falcu
|j|☆HitMonAtTheTop
|t:|1652560557
|gametype|singles
|player|p1|falcu|giovanni|1392
|player|p2|HitMonAtTheTop|#ho3nconfirm3d|1677
|teamsize|p1|6
|teamsize|p2|6
|gen|8
|tier|[Gen 8] RU
|rated|
|rule|Sleep Clause Mod: Limit one foe put to sleep
|rule|Species Clause: Limit one of each Pokémon
|rule|OHKO Clause: OHKO moves are banned
|rule|Evasion Moves Clause: Evasion moves are banned
|rule|Endless Battle Clause: Forcing endless battles is banned
|rule|HP Percentage Mod: HP is shown in percentages
|rule|Dynamax Clause: You cannot dynamax
|clearpoke
|poke|p1|Indeedee, M|
|poke|p1|Sceptile, M|
|poke|p1|Espeon, M|
|poke|p1|Starmie|
|poke|p1|Flygon, M|
|poke|p1|Talonflame, F|
|poke|p2|Aurorus, F|
|poke|p2|Sandslash-Alola, F|
|poke|p2|Arctovish|
|poke|p2|Hitmontop, M|
|poke|p2|Abomasnow, F|
|poke|p2|Crobat, M|
|teampreview
|inactive|Battle timer is ON: inactive players will automatically lose when time's up. (requested by HitMonAtTheTop)
|j| Macron le candaule
|inactive|falcu has 120 seconds left.
|
|t:|1652560622
|start
|switch|p1a: Indeedee|Indeedee, M|100/100
|switch|p2a: Aurorus|Aurorus, F|100/100
|-fieldstart|move: Psychic Terrain|[from] ability: Psychic Surge|[of] p1a: Indeedee
|-weather|Hail|[from] ability: Snow Warning|[of] p2a: Aurorus
|turn|1
|
|t:|1652560628
|move|p1a: Indeedee|Expanding Force|p2a: Aurorus
|-damage|p2a: Aurorus|30/100
|move|p2a: Aurorus|Blizzard|p1a: Indeedee
|-damage|p1a: Indeedee|32/100
|
|-weather|Hail|[upkeep]
|-damage|p1a: Indeedee|26/100|[from] Hail
|upkeep
|turn|2
|inactive|falcu has 120 seconds left.
|
|t:|1652560667
|move|p1a: Indeedee|Expanding Force|p2a: Aurorus
|-damage|p2a: Aurorus|0 fnt
|faint|p2a: Aurorus
|
|-weather|Hail|[upkeep]
|-damage|p1a: Indeedee|20/100|[from] Hail
|upkeep
|
|t:|1652560674
|switch|p2a: Sandslash|Sandslash-Alola, F|100/100
|turn|3
|inactive|falcu has 120 seconds left.
|inactive|falcu has 90 seconds left.
|
|t:|1652560737
|switch|p1a: Flygon|Flygon, M|100/100
|move|p2a: Sandslash|Triple Axel|p1a: Flygon
|-supereffective|p1a: Flygon
|-damage|p1a: Flygon|55/100
|-supereffective|p1a: Flygon
|-damage|p1a: Flygon|0 fnt
|faint|p1a: Flygon
|-hitcount|p1: Flygon|2
|
|-weather|Hail|[upkeep]
|upkeep
|inactive|falcu has 60 seconds left.
|
|t:|1652560768
|switch|p1a: Talonflame|Talonflame, F|100/100
|-enditem|p1a: Talonflame|Psychic Seed
|-boost|p1a: Talonflame|spd|1|[from] item: Psychic Seed
|turn|4
|
|t:|1652560776
|switch|p2a: Crobat|Crobat, M|100/100
|move|p1a: Talonflame|Flame Charge|p2a: Crobat
|-damage|p2a: Crobat|82/100
|-boost|p1a: Talonflame|spe|1
|-damage|p1a: Talonflame|84/100|[from] item: Rocky Helmet|[of] p2a: Crobat
|
|-weather|Hail|[upkeep]
|-damage|p1a: Talonflame|78/100|[from] Hail
|-damage|p2a: Crobat|76/100|[from] Hail
|upkeep
|turn|5
|
|t:|1652560786
|move|p1a: Talonflame|Swords Dance|p1a: Talonflame
|-boost|p1a: Talonflame|atk|2
|move|p2a: Crobat|Toxic|p1a: Talonflame
|-status|p1a: Talonflame|tox
|
|-weather|none
|-damage|p1a: Talonflame|72/100 tox|[from] psn
|upkeep
|turn|6
|
|t:|1652560791
|move|p1a: Talonflame|Acrobatics|p2a: Crobat
|-damage|p2a: Crobat|0 fnt
|-damage|p1a: Talonflame|55/100 tox|[from] item: Rocky Helmet|[of] p2a: Crobat
|faint|p2a: Crobat
|
|-damage|p1a: Talonflame|43/100 tox|[from] psn
|upkeep
|
|t:|1652560798
|switch|p2a: Abomasnow|Abomasnow, F|100/100
|-weather|Hail|[from] ability: Snow Warning|[of] p2a: Abomasnow
|turn|7
|inactive|falcu has 60 seconds left.
|
|t:|1652560836
|move|p2a: Abomasnow|Ice Shard|p1a: Talonflame
|-hint|Psychic Terrain doesn't affect Pokémon immune to Ground.
|-damage|p1a: Talonflame|18/100 tox
|move|p1a: Talonflame|Flame Charge|p2a: Abomasnow
|-supereffective|p2a: Abomasnow
|-damage|p2a: Abomasnow|0 fnt
|-boost|p1a: Talonflame|spe|1
|faint|p2a: Abomasnow
|
|-weather|Hail|[upkeep]
|-damage|p1a: Talonflame|12/100 tox|[from] Hail
|-damage|p1a: Talonflame|0 fnt|[from] psn
|faint|p1a: Talonflame
|upkeep
|inactive|falcu has 30 seconds left.
|
|t:|1652560873
|switch|p1a: Starmie|Starmie|100/100
|switch|p2a: Sandslash|Sandslash-Alola, F|100/100
|turn|8
|inactive|falcu has 30 seconds left.
|inactive|falcu has 20 seconds left.
|inactive|falcu has 15 seconds left.
|inactive|falcu has 10 seconds left.
|
|t:|1652560900
|move|p2a: Sandslash|Knock Off|p1a: Starmie
|-supereffective|p1a: Starmie
|-damage|p1a: Starmie|17/100
|-enditem|p1a: Starmie|Life Orb|[from] move: Knock Off|[of] p2a: Sandslash
|move|p1a: Starmie|Expanding Force|p2a: Sandslash
|-resisted|p2a: Sandslash
|-damage|p2a: Sandslash|14/100
|
|-weather|Hail|[upkeep]
|-damage|p1a: Starmie|10/100|[from] Hail
|-fieldend|move: Psychic Terrain
|upkeep
|turn|9
|inactive|falcu has 20 seconds left this turn.
|inactive|falcu has 15 seconds left.
|inactive|falcu has 10 seconds left.
|
|t:|1652560912
|move|p2a: Sandslash|Knock Off|p1a: Starmie
|-supereffective|p1a: Starmie
|-damage|p1a: Starmie|0 fnt
|faint|p1a: Starmie
|
|-weather|Hail|[upkeep]
|upkeep
|inactive|falcu has 15 seconds left this turn.
|inactive|falcu has 10 seconds left.
|
|t:|1652560919
|switch|p1a: Indeedee|Indeedee, M|20/100
|-fieldstart|move: Psychic Terrain|[from] ability: Psychic Surge|[of] p1a: Indeedee
|turn|10
|inactive|falcu has 20 seconds left this turn.
|inactive|falcu has 15 seconds left.
|
|t:|1652560926
|move|p2a: Sandslash|Triple Axel|p1a: Indeedee
|-damage|p1a: Indeedee|2/100
|-damage|p1a: Indeedee|0 fnt
|faint|p1a: Indeedee
|-hitcount|p1: Indeedee|2
|
|-weather|Hail|[upkeep]
|upkeep
|inactive|falcu has 20 seconds left this turn.
|inactive|falcu has 15 seconds left.
|
|t:|1652560934
|switch|p1a: Sceptile|Sceptile, M|100/100
|-enditem|p1a: Sceptile|Psychic Seed
|-boost|p1a: Sceptile|spd|1|[from] item: Psychic Seed
|turn|11
|inactive|falcu has 25 seconds left this turn.
|inactive|falcu has 20 seconds left.
|
|t:|1652560941
|move|p1a: Sceptile|Earthquake|p2a: Sandslash
|-supereffective|p2a: Sandslash
|-damage|p2a: Sandslash|0 fnt
|faint|p2a: Sandslash
|
|-weather|Hail|[upkeep]
|-damage|p1a: Sceptile|94/100|[from] Hail
|upkeep
|inactive|falcu has 25 seconds left this turn.
|
|t:|1652560943
|switch|p2a: Hitmontop|Hitmontop, M|100/100
|turn|12
|inactive|falcu has 30 seconds left.
|inactive|falcu has 20 seconds left.
|
|t:|1652560960
|move|p1a: Sceptile|Leaf Blade|p2a: Hitmontop
|-damage|p2a: Hitmontop|56/100
|move|p2a: Hitmontop|Triple Axel|p1a: Sceptile
|-supereffective|p1a: Sceptile
|-damage|p1a: Sceptile|68/100
|-supereffective|p1a: Sceptile
|-damage|p1a: Sceptile|16/100
|-supereffective|p1a: Sceptile
|-damage|p1a: Sceptile|0 fnt
|faint|p1a: Sceptile
|-hitcount|p1: Sceptile|3
|
|-weather|Hail|[upkeep]
|-damage|p2a: Hitmontop|50/100|[from] Hail
|upkeep
|inactive|falcu has 25 seconds left this turn.
|inactive|falcu has 20 seconds left.
|
|t:|1652560969
|switch|p1a: Espeon|Espeon, M|100/100
|turn|13
|inactive|falcu has 30 seconds left this turn.
|inactive|falcu has 20 seconds left.
|inactive|falcu has 15 seconds left.
|
|t:|1652560986
|move|p1a: Espeon|Expanding Force|p2a: Hitmontop
|-supereffective|p2a: Hitmontop
|-damage|p2a: Hitmontop|0 fnt
|faint|p2a: Hitmontop
|
|-weather|Hail|[upkeep]
|-damage|p1a: Espeon|94/100|[from] Hail
|upkeep
|inactive|falcu has 20 seconds left this turn.
|
|t:|1652560989
|switch|p2a: Arctovish|Arctovish|100/100
|turn|14
|inactive|falcu has 30 seconds left this turn.
|
|t:|1652560995
|move|p2a: Arctovish|Fishious Rend|p1a: Espeon
|-damage|p1a: Espeon|0 fnt
|faint|p1a: Espeon
|
|win|HitMonAtTheTop
|inactive|falcu has 30 seconds left this turn.
|raw|falcu's rating: 1392 &rarr; <strong>1386</strong><br />(-6 for losing)
|raw|HitMonAtTheTop's rating: 1677 &rarr; <strong>1683</strong><br />(+6 for winning)
|l|☆HitMonAtTheTop
