|j|☆DannyDevitoDorito
|j|☆EpicOwl10
|t:|1625608957
|gametype|singles
|player|p1|DannyDevitoDorito|hilbert|1000
|player|p2|EpicOwl10|lucas|1121
|teamsize|p1|6
|teamsize|p2|6
|gen|8
|tier|[Gen 8] RU
|rated|
|rule|Sleep Clause Mod: Limit one foe put to sleep
|rule|Species Clause: Limit one of each Pokémon
|rule|OHKO Clause: OHKO moves are banned
|rule|Evasion Moves Clause: Evasion moves are banned
|rule|Endless Battle Clause: Forcing endless battles is banned
|rule|HP Percentage Mod: HP is shown in percentages
|rule|Dynamax Clause: You cannot dynamax
|clearpoke
|poke|p1|Lucario, M|
|poke|p1|Chandelure, F|
|poke|p1|Raikou|
|poke|p1|Weezing-Galar, M|
|poke|p1|Umbreon, M|
|poke|p1|Seismitoad, F|
|poke|p2|Ninetales-Alola, M|
|poke|p2|Arctozolt|
|poke|p2|Steelix, F|
|poke|p2|Flygon, M|
|poke|p2|Reuniclus, F|
|poke|p2|Barraskewda, M|
|teampreview
|
|t:|1625608974
|start
|switch|p1a: Raikou|Raikou|100/100
|switch|p2a: Flygon|Flygon, M|100/100
|-ability|p1a: Raikou|Pressure
|turn|1
|
|t:|1625609027
|switch|p1a: Weezing|Weezing-Galar, M|100/100
|move|p2a: Flygon|U-turn|p1a: Weezing
|-resisted|p1a: Weezing
|-damage|p1a: Weezing|98/100
|
|t:|1625609031
|switch|p2a: Steelix|Steelix, F|100/100|[from]move: U-turn
|
|-heal|p1a: Weezing|100/100|[from] item: Black Sludge
|upkeep
|turn|2
|
|t:|1625609045
|move|p1a: Weezing|Will-O-Wisp|p2a: Steelix
|-status|p2a: Steelix|brn
|move|p2a: Steelix|Stealth Rock|p1a: Weezing
|-sidestart|p1: DannyDevitoDorito|move: Stealth Rock
|
|-damage|p2a: Steelix|94/100 brn|[from] brn
|upkeep
|turn|3
|
|t:|1625609055
|switch|p2a: Ninetales|Ninetales-Alola, M|100/100
|-weather|Hail|[from] ability: Snow Warning|[of] p2a: Ninetales
|move|p1a: Weezing|Defog|p2a: Ninetales
|-unboost|p2a: Ninetales|evasion|1
|-sideend|p1: DannyDevitoDorito|Stealth Rock|[from] move: Defog|[of] p1a: Weezing
|
|-weather|Hail|[upkeep]
|-damage|p1a: Weezing|95/100|[from] Hail
|-heal|p1a: Weezing|100/100|[from] item: Black Sludge
|upkeep
|turn|4
|
|t:|1625609096
|move|p2a: Ninetales|Encore|p1a: Weezing
|-start|p1a: Weezing|Encore
|move|p1a: Weezing|Defog|p2a: Ninetales
|-unboost|p2a: Ninetales|evasion|1
|
|-weather|Hail|[upkeep]
|-damage|p1a: Weezing|95/100|[from] Hail
|-heal|p1a: Weezing|100/100|[from] item: Black Sludge
|upkeep
|turn|5
|
|t:|1625609110
|switch|p2a: Arctozolt|Arctozolt|100/100
|move|p1a: Weezing|Defog|p2a: Arctozolt
|-unboost|p2a: Arctozolt|evasion|1
|
|-weather|Hail|[upkeep]
|-damage|p1a: Weezing|95/100|[from] Hail
|-heal|p1a: Weezing|100/100|[from] item: Black Sludge
|upkeep
|turn|6
|
|t:|1625609145
|move|p2a: Arctozolt|Freeze-Dry|p1a: Weezing
|-crit|p1a: Weezing
|-damage|p1a: Weezing|37/100
|-damage|p2a: Arctozolt|91/100|[from] item: Life Orb
|move|p1a: Weezing|Defog|p2a: Arctozolt
|-unboost|p2a: Arctozolt|evasion|1
|
|-weather|Hail|[upkeep]
|-damage|p1a: Weezing|31/100|[from] Hail
|-heal|p1a: Weezing|37/100|[from] item: Black Sludge
|-end|p1a: Weezing|Encore
|upkeep
|turn|7
|inactive|Battle timer is ON: inactive players will automatically lose when time's up. (requested by EpicOwl10)
|
|t:|1625609176
|switch|p1a: Chandelure|Chandelure, F|100/100
|move|p2a: Arctozolt|Bolt Beak|p1a: Chandelure
|-damage|p1a: Chandelure|0 fnt
|faint|p1a: Chandelure
|-damage|p2a: Arctozolt|81/100|[from] item: Life Orb
|
|-weather|Hail|[upkeep]
|upkeep
|
|t:|1625609189
|switch|p1a: Lucario|Lucario, M|100/100
|turn|8
|
|t:|1625609200
|move|p2a: Arctozolt|Bolt Beak|p1a: Lucario
|-enditem|p1a: Lucario|Focus Sash
|-damage|p1a: Lucario|1/100
|-damage|p2a: Arctozolt|71/100|[from] item: Life Orb
|move|p1a: Lucario|Close Combat|p2a: Arctozolt
|-supereffective|p2a: Arctozolt
|-damage|p2a: Arctozolt|0 fnt
|-unboost|p1a: Lucario|def|1
|-unboost|p1a: Lucario|spd|1
|faint|p2a: Arctozolt
|
|-weather|Hail|[upkeep]
|-damage|p1a: Lucario|0 fnt|[from] Hail
|faint|p1a: Lucario
|upkeep
|
|t:|1625609216
|switch|p1a: Umbreon|Umbreon, M, shiny|100/100
|switch|p2a: Flygon|Flygon, M|100/100
|turn|9
|
|t:|1625609228
|move|p2a: Flygon|U-turn|p1a: Umbreon
|-supereffective|p1a: Umbreon
|-damage|p1a: Umbreon|75/100
|
|t:|1625609238
|switch|p2a: Steelix|Steelix, F|94/100 brn|[from]move: U-turn
|move|p1a: Umbreon|Wish|p1a: Umbreon
|
|-weather|Hail|[upkeep]
|-damage|p1a: Umbreon|69/100|[from] Hail
|-damage|p2a: Steelix|88/100 brn|[from] Hail
|-heal|p1a: Umbreon|75/100|[from] item: Leftovers
|-heal|p2a: Steelix|94/100 brn|[from] item: Leftovers
|-damage|p2a: Steelix|88/100 brn|[from] brn
|upkeep
|turn|10
|
|t:|1625609251
|switch|p1a: Weezing|Weezing-Galar, M|37/100
|move|p2a: Steelix|Stealth Rock|p1a: Weezing
|-sidestart|p1: DannyDevitoDorito|move: Stealth Rock
|
|-weather|none
|-heal|p1a: Weezing|96/100|[from] move: Wish|[wisher] Umbreon
|-heal|p1a: Weezing|100/100|[from] item: Black Sludge
|-heal|p2a: Steelix|94/100 brn|[from] item: Leftovers
|-damage|p2a: Steelix|88/100 brn|[from] brn
|upkeep
|turn|11
|
|t:|1625609264
|switch|p2a: Ninetales|Ninetales-Alola, M|100/100
|-weather|Hail|[from] ability: Snow Warning|[of] p2a: Ninetales
|move|p1a: Weezing|Defog|p2a: Ninetales
|-unboost|p2a: Ninetales|evasion|1
|-sideend|p1: DannyDevitoDorito|Stealth Rock|[from] move: Defog|[of] p1a: Weezing
|
|-weather|Hail|[upkeep]
|-damage|p1a: Weezing|95/100|[from] Hail
|-heal|p1a: Weezing|100/100|[from] item: Black Sludge
|upkeep
|turn|12
|
|t:|1625609279
|move|p2a: Ninetales|Freeze-Dry|p1a: Weezing
|-damage|p1a: Weezing|74/100
|move|p1a: Weezing|Will-O-Wisp|p2a: Ninetales
|-status|p2a: Ninetales|brn
|
|-weather|Hail|[upkeep]
|-damage|p1a: Weezing|68/100|[from] Hail
|-heal|p1a: Weezing|74/100|[from] item: Black Sludge
|-damage|p2a: Ninetales|94/100 brn|[from] brn
|upkeep
|turn|13
|
|t:|1625609294
|switch|p1a: Umbreon|Umbreon, M, shiny|75/100
|move|p2a: Ninetales|Encore||[still]
|-fail|p2a: Ninetales
|
|-weather|Hail|[upkeep]
|-damage|p1a: Umbreon|69/100|[from] Hail
|-heal|p1a: Umbreon|75/100|[from] item: Leftovers
|-damage|p2a: Ninetales|88/100 brn|[from] brn
|upkeep
|turn|14
|
|t:|1625609306
|move|p2a: Ninetales|Aurora Veil|p2a: Ninetales
|-sidestart|p2: EpicOwl10|move: Aurora Veil
|move|p1a: Umbreon|Foul Play|p2a: Ninetales
|-resisted|p2a: Ninetales
|-damage|p2a: Ninetales|83/100 brn
|
|-weather|Hail|[upkeep]
|-damage|p1a: Umbreon|69/100|[from] Hail
|-heal|p1a: Umbreon|75/100|[from] item: Leftovers
|-damage|p2a: Ninetales|77/100 brn|[from] brn
|upkeep
|turn|15
|
|t:|1625609316
|switch|p2a: Flygon|Flygon, M|100/100
|move|p1a: Umbreon|Wish|p1a: Umbreon
|
|-weather|Hail|[upkeep]
|-damage|p2a: Flygon|94/100|[from] Hail
|-damage|p1a: Umbreon|69/100|[from] Hail
|-heal|p2a: Flygon|100/100|[from] item: Leftovers
|-heal|p1a: Umbreon|75/100|[from] item: Leftovers
|upkeep
|turn|16
|
|t:|1625609328
|switch|p1a: Weezing|Weezing-Galar, M|74/100
|move|p2a: Flygon|U-turn|p1a: Weezing
|-resisted|p1a: Weezing
|-damage|p1a: Weezing|71/100
|
|t:|1625609335
|switch|p2a: Reuniclus|Reuniclus, F|100/100|[from]move: U-turn
|
|-weather|Hail|[upkeep]
|-damage|p1a: Weezing|65/100|[from] Hail
|-damage|p2a: Reuniclus|94/100|[from] Hail
|-heal|p1a: Weezing|100/100|[from] move: Wish|[wisher] Umbreon
|upkeep
|turn|17
|
|t:|1625609350
|switch|p1a: Umbreon|Umbreon, M, shiny|75/100
|move|p2a: Reuniclus|Future Sight|p1a: Umbreon
|-start|p2a: Reuniclus|move: Future Sight
|
|-weather|Hail|[upkeep]
|-damage|p1a: Umbreon|69/100|[from] Hail
|-damage|p2a: Reuniclus|88/100|[from] Hail
|-heal|p1a: Umbreon|75/100|[from] item: Leftovers
|upkeep
|turn|18
|
|t:|1625609380
|move|p1a: Umbreon|Wish|p1a: Umbreon
|move|p2a: Reuniclus|Focus Blast|p1a: Umbreon|[miss]
|-miss|p2a: Reuniclus|p1a: Umbreon
|
|-weather|none
|-heal|p1a: Umbreon|81/100|[from] item: Leftovers
|-sideend|p2: EpicOwl10|move: Aurora Veil
|upkeep
|turn|19
|
|t:|1625609391
|move|p1a: Umbreon|Foul Play|p2a: Reuniclus
|-supereffective|p2a: Reuniclus
|-damage|p2a: Reuniclus|54/100
|move|p2a: Reuniclus|Focus Blast|p1a: Umbreon
|-supereffective|p1a: Umbreon
|-damage|p1a: Umbreon|45/100
|
|-end|p1a: Umbreon|move: Future Sight
|-immune|p1a: Umbreon
|-heal|p1a: Umbreon|95/100|[from] move: Wish|[wisher] Umbreon
|-heal|p1a: Umbreon|100/100|[from] item: Leftovers
|upkeep
|turn|20
|
|t:|1625609410
|switch|p2a: Flygon|Flygon, M|100/100
|move|p1a: Umbreon|Foul Play|p2a: Flygon
|-damage|p2a: Flygon|61/100
|
|-heal|p2a: Flygon|67/100|[from] item: Leftovers
|upkeep
|turn|21
|
|t:|1625609419
|switch|p1a: Weezing|Weezing-Galar, M|100/100
|move|p2a: Flygon|U-turn|p1a: Weezing
|-resisted|p1a: Weezing
|-damage|p1a: Weezing|98/100
|
|t:|1625609422
|switch|p2a: Reuniclus|Reuniclus, F|87/100|[from]move: U-turn
|
|-heal|p1a: Weezing|100/100|[from] item: Black Sludge
|upkeep
|turn|22
|
|t:|1625609430
|switch|p1a: Umbreon|Umbreon, M, shiny|100/100
|move|p2a: Reuniclus|Future Sight|p1a: Umbreon
|-start|p2a: Reuniclus|move: Future Sight
|
|upkeep
|turn|23
|
|t:|1625609442
|move|p1a: Umbreon|Toxic|p2a: Reuniclus
|-status|p2a: Reuniclus|tox
|move|p2a: Reuniclus|Focus Blast|p1a: Umbreon
|-supereffective|p1a: Umbreon
|-damage|p1a: Umbreon|68/100
|
|-heal|p1a: Umbreon|74/100|[from] item: Leftovers
|-damage|p2a: Reuniclus|81/100 tox|[from] psn
|upkeep
|turn|24
|
|t:|1625609458
|switch|p2a: Barraskewda|Barraskewda, M|100/100
|move|p1a: Umbreon|Wish|p1a: Umbreon
|
|-end|p1a: Umbreon|move: Future Sight
|-immune|p1a: Umbreon
|-heal|p1a: Umbreon|80/100|[from] item: Leftovers
|upkeep
|turn|25
|
|t:|1625609467
|switch|p1a: Weezing|Weezing-Galar, M|100/100
|move|p2a: Barraskewda|Close Combat|p1a: Weezing
|-resisted|p1a: Weezing
|-damage|p1a: Weezing|95/100
|-unboost|p2a: Barraskewda|def|1
|-unboost|p2a: Barraskewda|spd|1
|
|-heal|p1a: Weezing|100/100|[from] move: Wish|[wisher] Umbreon
|upkeep
|turn|26
|
|t:|1625609479
|switch|p2a: Reuniclus|Reuniclus, F|100/100 tox
|move|p1a: Weezing|Strange Steam|p2a: Reuniclus
|-damage|p2a: Reuniclus|89/100 tox
|
|-damage|p2a: Reuniclus|83/100 tox|[from] psn
|upkeep
|turn|27
|
|t:|1625609489
|switch|p1a: Umbreon|Umbreon, M, shiny|80/100
|switch|p2a: Barraskewda|Barraskewda, M|100/100
|
|-heal|p1a: Umbreon|86/100|[from] item: Leftovers
|upkeep
|turn|28
|
|t:|1625609498
|switch|p1a: Weezing|Weezing-Galar, M|100/100
|move|p2a: Barraskewda|Flip Turn|p1a: Weezing
|-damage|p1a: Weezing|80/100
|
|t:|1625609502
|switch|p2a: Flygon|Flygon, M|67/100|[from]move: Flip Turn
|
|-heal|p2a: Flygon|73/100|[from] item: Leftovers
|-heal|p1a: Weezing|86/100|[from] item: Black Sludge
|upkeep
|turn|29
|
|t:|1625609512
|move|p2a: Flygon|U-turn|p1a: Weezing
|-resisted|p1a: Weezing
|-damage|p1a: Weezing|83/100
|
|t:|1625609529
|switch|p2a: Steelix|Steelix, F|88/100 brn|[from]move: U-turn
|move|p1a: Weezing|Strange Steam|p2a: Steelix
|-resisted|p2a: Steelix
|-damage|p2a: Steelix|75/100 brn
|
|-heal|p1a: Weezing|89/100|[from] item: Black Sludge
|-heal|p2a: Steelix|81/100 brn|[from] item: Leftovers
|-damage|p2a: Steelix|75/100 brn|[from] brn
|upkeep
|turn|30
|
|t:|1625609545
|switch|p1a: Seismitoad|Seismitoad, F|100/100
|move|p2a: Steelix|Heavy Slam|p1a: Seismitoad
|-resisted|p1a: Seismitoad
|-damage|p1a: Seismitoad|89/100
|
|-heal|p2a: Steelix|81/100 brn|[from] item: Leftovers
|-damage|p2a: Steelix|75/100 brn|[from] brn
|upkeep
|turn|31
|inactive|DannyDevitoDorito has 120 seconds left.
|
|t:|1625609581
|move|p1a: Seismitoad|Liquidation|p2a: Steelix
|-supereffective|p2a: Steelix
|-damage|p2a: Steelix|23/100 brn
|move|p2a: Steelix|Toxic|p1a: Seismitoad
|-status|p1a: Seismitoad|tox
|
|-heal|p2a: Steelix|29/100 brn|[from] item: Leftovers
|-damage|p1a: Seismitoad|83/100 tox|[from] psn
|-damage|p2a: Steelix|23/100 brn|[from] brn
|upkeep
|turn|32
|
|t:|1625609592
|switch|p2a: Ninetales|Ninetales-Alola, M|77/100 brn
|-weather|Hail|[from] ability: Snow Warning|[of] p2a: Ninetales
|move|p1a: Seismitoad|Liquidation|p2a: Ninetales
|-damage|p2a: Ninetales|15/100 brn
|
|-weather|Hail|[upkeep]
|-damage|p1a: Seismitoad|77/100 tox|[from] Hail
|-damage|p1a: Seismitoad|65/100 tox|[from] psn
|-damage|p2a: Ninetales|8/100 brn|[from] brn
|upkeep
|turn|33
|
|t:|1625609605
|switch|p1a: Umbreon|Umbreon, M, shiny|86/100
|move|p2a: Ninetales|Freeze-Dry|p1a: Umbreon
|-damage|p1a: Umbreon|75/100
|
|-weather|Hail|[upkeep]
|-damage|p1a: Umbreon|69/100|[from] Hail
|-heal|p1a: Umbreon|75/100|[from] item: Leftovers
|-damage|p2a: Ninetales|2/100 brn|[from] brn
|upkeep
|turn|34
|
|t:|1625609618
|move|p2a: Ninetales|Freeze-Dry|p1a: Umbreon
|-damage|p1a: Umbreon|64/100
|move|p1a: Umbreon|Wish|p1a: Umbreon
|
|-weather|Hail|[upkeep]
|-damage|p1a: Umbreon|58/100|[from] Hail
|-heal|p1a: Umbreon|64/100|[from] item: Leftovers
|-damage|p2a: Ninetales|0 fnt|[from] brn
|faint|p2a: Ninetales
|upkeep
|
|t:|1625609642
|switch|p2a: Barraskewda|Barraskewda, M|100/100
|turn|35
|inactive|DannyDevitoDorito has 120 seconds left.
|
|t:|1625609649
|move|p1a: Umbreon|Protect|p1a: Umbreon
|-singleturn|p1a: Umbreon|Protect
|move|p2a: Barraskewda|Liquidation|p1a: Umbreon
|-activate|p1a: Umbreon|move: Protect
|
|-weather|Hail|[upkeep]
|-damage|p2a: Barraskewda|94/100|[from] Hail
|-damage|p1a: Umbreon|58/100|[from] Hail
|-heal|p1a: Umbreon|100/100|[from] move: Wish|[wisher] Umbreon
|upkeep
|turn|36
|inactive|DannyDevitoDorito has 120 seconds left.
|
|t:|1625609672
|switch|p1a: Seismitoad|Seismitoad, F|65/100 tox
|move|p2a: Barraskewda|Liquidation|p1a: Seismitoad
|-heal|p1a: Seismitoad|90/100 tox|[from] ability: Water Absorb|[of] p2a: Barraskewda
|
|-weather|Hail|[upkeep]
|-damage|p2a: Barraskewda|88/100|[from] Hail
|-damage|p1a: Seismitoad|84/100 tox|[from] Hail
|-damage|p1a: Seismitoad|78/100 tox|[from] psn
|upkeep
|turn|37
|
|t:|1625609685
|switch|p2a: Reuniclus|Reuniclus, F|100/100 tox
|switch|p1a: Weezing|Weezing-Galar, M|89/100
|
|-weather|Hail|[upkeep]
|-damage|p1a: Weezing|83/100|[from] Hail
|-damage|p2a: Reuniclus|94/100 tox|[from] Hail
|-heal|p1a: Weezing|89/100|[from] item: Black Sludge
|-damage|p2a: Reuniclus|88/100 tox|[from] psn
|upkeep
|turn|38
|
|t:|1625609701
|switch|p1a: Umbreon|Umbreon, M, shiny|100/100
|move|p2a: Reuniclus|Psyshock|p1a: Umbreon
|-immune|p1a: Umbreon
|
|-weather|Hail|[upkeep]
|-damage|p1a: Umbreon|94/100|[from] Hail
|-damage|p2a: Reuniclus|82/100 tox|[from] Hail
|-heal|p1a: Umbreon|100/100|[from] item: Leftovers
|-damage|p2a: Reuniclus|70/100 tox|[from] psn
|upkeep
|turn|39
|
|t:|1625609723
|move|p1a: Umbreon|Foul Play|p2a: Reuniclus
|-supereffective|p2a: Reuniclus
|-damage|p2a: Reuniclus|34/100 tox
|move|p2a: Reuniclus|Focus Blast|p1a: Umbreon
|-supereffective|p1a: Umbreon
|-damage|p1a: Umbreon|63/100
|
|-weather|none
|-heal|p1a: Umbreon|69/100|[from] item: Leftovers
|-damage|p2a: Reuniclus|16/100 tox|[from] psn
|upkeep
|turn|40
|
|t:|1625609735
|switch|p2a: Flygon|Flygon, M|73/100
|move|p1a: Umbreon|Wish|p1a: Umbreon
|
|-heal|p2a: Flygon|79/100|[from] item: Leftovers
|-heal|p1a: Umbreon|75/100|[from] item: Leftovers
|upkeep
|turn|41
|
|t:|1625609746
|move|p1a: Umbreon|Protect|p1a: Umbreon
|-singleturn|p1a: Umbreon|Protect
|move|p2a: Flygon|U-turn|p1a: Umbreon
|-activate|p1a: Umbreon|move: Protect
|
|-heal|p1a: Umbreon|100/100|[from] move: Wish|[wisher] Umbreon
|-heal|p2a: Flygon|85/100|[from] item: Leftovers
|upkeep
|turn|42
|
|t:|1625609770
|switch|p1a: Weezing|Weezing-Galar, M|89/100
|move|p2a: Flygon|U-turn|p1a: Weezing
|-resisted|p1a: Weezing
|-damage|p1a: Weezing|86/100
|
|t:|1625609786
|switch|p2a: Barraskewda|Barraskewda, M|88/100|[from]move: U-turn
|
|-heal|p1a: Weezing|92/100|[from] item: Black Sludge
|upkeep
|turn|43
|
|t:|1625609794
|move|p2a: Barraskewda|Liquidation|p1a: Weezing
|-damage|p1a: Weezing|65/100
|move|p1a: Weezing|Will-O-Wisp|p2a: Barraskewda|[miss]
|-miss|p1a: Weezing|p2a: Barraskewda
|
|-heal|p1a: Weezing|71/100|[from] item: Black Sludge
|upkeep
|turn|44
|
|t:|1625609803
|switch|p2a: Steelix|Steelix, F|23/100 brn
|move|p1a: Weezing|Will-O-Wisp|p2a: Steelix|[miss]
|-miss|p1a: Weezing|p2a: Steelix
|
|-heal|p1a: Weezing|77/100|[from] item: Black Sludge
|-heal|p2a: Steelix|29/100 brn|[from] item: Leftovers
|-damage|p2a: Steelix|23/100 brn|[from] brn
|upkeep
|turn|45
|inactive|EpicOwl10 has 120 seconds left.
|
|t:|1625609854
|switch|p1a: Seismitoad|Seismitoad, F|78/100 tox
|move|p2a: Steelix|Heavy Slam|p1a: Seismitoad
|-resisted|p1a: Seismitoad
|-damage|p1a: Seismitoad|66/100 tox
|
|-heal|p2a: Steelix|29/100 brn|[from] item: Leftovers
|-damage|p1a: Seismitoad|60/100 tox|[from] psn
|-damage|p2a: Steelix|23/100 brn|[from] brn
|upkeep
|turn|46
|
|t:|1625609865
|switch|p2a: Reuniclus|Reuniclus, F|49/100 tox
|move|p1a: Seismitoad|Knock Off|p2a: Reuniclus
|-supereffective|p2a: Reuniclus
|-damage|p2a: Reuniclus|0 fnt
|-enditem|p2a: Reuniclus|Assault Vest|[from] move: Knock Off|[of] p1a: Seismitoad
|faint|p2a: Reuniclus
|
|-damage|p1a: Seismitoad|48/100 tox|[from] psn
|upkeep
|
|t:|1625609881
|switch|p2a: Flygon|Flygon, M|85/100
|turn|47
|
|t:|1625609886
|switch|p1a: Weezing|Weezing-Galar, M|77/100
|move|p2a: Flygon|Earthquake|p1a: Weezing
|-immune|p1a: Weezing|[from] ability: Levitate
|
|-heal|p2a: Flygon|91/100|[from] item: Leftovers
|-heal|p1a: Weezing|83/100|[from] item: Black Sludge
|upkeep
|turn|48
|inactive|EpicOwl10 has 120 seconds left.
|inactive|EpicOwl10 has 90 seconds left.
|
|t:|1625609927
|move|p2a: Flygon|U-turn|p1a: Weezing
|-resisted|p1a: Weezing
|-damage|p1a: Weezing|81/100
|
|t:|1625609929
|switch|p2a: Steelix|Steelix, F|23/100 brn|[from]move: U-turn
|move|p1a: Weezing|Strange Steam|p2a: Steelix
|-resisted|p2a: Steelix
|-damage|p2a: Steelix|12/100 brn
|
|-heal|p1a: Weezing|87/100|[from] item: Black Sludge
|-heal|p2a: Steelix|18/100 brn|[from] item: Leftovers
|-damage|p2a: Steelix|12/100 brn|[from] brn
|upkeep
|turn|49
|inactive|DannyDevitoDorito has 120 seconds left.
|
|t:|1625609946
|switch|p1a: Seismitoad|Seismitoad, F|48/100 tox
|move|p2a: Steelix|Heavy Slam|p1a: Seismitoad
|-resisted|p1a: Seismitoad
|-crit|p1a: Seismitoad
|-damage|p1a: Seismitoad|31/100 tox
|
|-heal|p2a: Steelix|18/100 brn|[from] item: Leftovers
|-damage|p1a: Seismitoad|25/100 tox|[from] psn
|-damage|p2a: Steelix|12/100 brn|[from] brn
|upkeep
|turn|50
|
|t:|1625609965
|move|p1a: Seismitoad|Knock Off|p2a: Steelix
|-damage|p2a: Steelix|0 fnt
|-enditem|p2a: Steelix|Leftovers|[from] move: Knock Off|[of] p1a: Seismitoad
|faint|p2a: Steelix
|
|-damage|p1a: Seismitoad|13/100 tox|[from] psn
|upkeep
|inactive|EpicOwl10 has 90 seconds left.
|-message|EpicOwl10 forfeited.
|
|win|DannyDevitoDorito
|raw|DannyDevitoDorito's rating: 1000 &rarr; <strong>1050</strong><br />(+50 for winning)
|raw|EpicOwl10's rating: 1090 &rarr; <strong>1061</strong><br />(-29 for losing)
|l|☆EpicOwl10
||Ladder isn't responding, score probably updated but might not have (Request timeout).
