|j|☆Steven Davis
|j|☆btestboy
|t:|1651418637
|gametype|singles
|player|p1|Steven Davis|steven|1537
|player|p2|btestboy|spenser-gen3|1493
|teamsize|p1|6
|teamsize|p2|6
|gen|8
|tier|[Gen 8] RU
|rated|
|rule|Sleep Clause Mod: Limit one foe put to sleep
|rule|Species Clause: Limit one of each Pokémon
|rule|OHKO Clause: OHKO moves are banned
|rule|Evasion Moves Clause: Evasion moves are banned
|rule|Endless Battle Clause: Forcing endless battles is banned
|rule|HP Percentage Mod: HP is shown in percentages
|rule|Dynamax Clause: You cannot dynamax
|clearpoke
|poke|p1|Weezing-Galar, F|
|poke|p1|Registeel|
|poke|p1|Reuniclus, M|
|poke|p1|Flygon, M|
|poke|p1|Golisopod, M|
|poke|p1|Chandelure, M|
|poke|p2|Toxtricity, M|
|poke|p2|Entei|
|poke|p2|Flygon, F|
|poke|p2|Milotic, M|
|poke|p2|Klefki, F|
|poke|p2|Inteleon, M|
|teampreview
|c|☆btestboy|glhf
|j| noob_omega
|c|☆Steven Davis|Hf
|
|t:|1651418661
|start
|switch|p1a: Golisopod|Golisopod, M, shiny|100/100
|switch|p2a: Toxtricity|Toxtricity, M|100/100
|turn|1
|
|t:|1651418671
|switch|p1a: Registeel|Registeel|100/100
|move|p2a: Toxtricity|Volt Switch|p1a: Registeel
|-damage|p1a: Registeel|75/100
|
|t:|1651418677
|switch|p2a: Entei|Entei, shiny|100/100|[from]move: Volt Switch
|
|-heal|p1a: Registeel|81/100|[from] item: Leftovers
|upkeep
|turn|2
|
|t:|1651418693
|switch|p2a: Flygon|Flygon, F|100/100
|switch|p1a: Weezing|Weezing-Galar, F|100/100
|
|upkeep
|turn|3
|
|t:|1651418704
|switch|p2a: Klefki|Klefki, F|100/100
|move|p1a: Weezing|Sludge Bomb|p2a: Klefki
|-immune|p2a: Klefki
|
|upkeep
|turn|4
|
|t:|1651418711
|move|p2a: Klefki|Spikes|p1a: Weezing
|-sidestart|p1: Steven Davis|Spikes
|move|p1a: Weezing|Will-O-Wisp|p2a: Klefki
|-status|p2a: Klefki|brn
|
|-damage|p2a: Klefki|95/100 brn|[from] brn
|upkeep
|turn|5
|
|t:|1651418715
|move|p2a: Klefki|Thunder Wave|p1a: Weezing
|-status|p1a: Weezing|par
|move|p1a: Weezing|Strange Steam|p2a: Klefki
|-resisted|p2a: Klefki
|-damage|p2a: Klefki|78/100 brn
|
|-heal|p2a: Klefki|84/100 brn|[from] item: Leftovers
|-damage|p2a: Klefki|78/100 brn|[from] brn
|upkeep
|turn|6
|
|t:|1651418719
|switch|p2a: Toxtricity|Toxtricity, M|100/100
|move|p1a: Weezing|Defog|p2a: Toxtricity
|-unboost|p2a: Toxtricity|evasion|1
|-sideend|p1: Steven Davis|Spikes|[from] move: Defog|[of] p1a: Weezing
|
|upkeep
|turn|7
|
|t:|1651418725
|switch|p1a: Registeel|Registeel|81/100
|move|p2a: Toxtricity|Boomburst|p1a: Registeel
|-resisted|p1a: Registeel
|-damage|p1a: Registeel|58/100
|
|-heal|p1a: Registeel|65/100|[from] item: Leftovers
|upkeep
|turn|8
|
|t:|1651418733
|switch|p2a: Klefki|Klefki, F|78/100 brn
|move|p1a: Registeel|Stealth Rock|p2a: Klefki
|-sidestart|p2: btestboy|move: Stealth Rock
|
|-heal|p2a: Klefki|84/100 brn|[from] item: Leftovers
|-heal|p1a: Registeel|71/100|[from] item: Leftovers
|-damage|p2a: Klefki|78/100 brn|[from] brn
|upkeep
|turn|9
|
|t:|1651418744
|switch|p1a: Flygon|Flygon, M|100/100
|move|p2a: Klefki|Spikes|p1a: Flygon
|-sidestart|p1: Steven Davis|Spikes
|
|-heal|p2a: Klefki|84/100 brn|[from] item: Leftovers
|-damage|p2a: Klefki|78/100 brn|[from] brn
|upkeep
|turn|10
|
|t:|1651418747
|move|p2a: Klefki|Magnet Rise|p2a: Klefki
|-start|p2a: Klefki|Magnet Rise
|move|p1a: Flygon|U-turn|p2a: Klefki
|-resisted|p2a: Klefki
|-damage|p2a: Klefki|74/100 brn
|
|t:|1651418750
|switch|p1a: Golisopod|Golisopod, M, shiny|100/100|[from]move: U-turn
|
|-heal|p2a: Klefki|80/100 brn|[from] item: Leftovers
|-damage|p2a: Klefki|74/100 brn|[from] brn
|upkeep
|turn|11
|
|t:|1651418756
|move|p2a: Klefki|Thunder Wave|p1a: Golisopod
|-status|p1a: Golisopod|par
|move|p1a: Golisopod|Knock Off|p2a: Klefki
|-resisted|p2a: Klefki
|-damage|p2a: Klefki|59/100 brn
|-enditem|p2a: Klefki|Leftovers|[from] move: Knock Off|[of] p1a: Golisopod
|
|-damage|p2a: Klefki|53/100 brn|[from] brn
|upkeep
|turn|12
|
|t:|1651418760
|move|p2a: Klefki|Spikes|p1a: Golisopod
|-sidestart|p1: Steven Davis|Spikes
|cant|p1a: Golisopod|par
|
|-damage|p2a: Klefki|47/100 brn|[from] brn
|upkeep
|turn|13
|
|t:|1651418764
|switch|p2a: Toxtricity|Toxtricity, M|100/100
|-damage|p2a: Toxtricity|88/100|[from] Stealth Rock
|move|p1a: Golisopod|Spikes|p2a: Toxtricity
|-sidestart|p2: btestboy|Spikes
|
|upkeep
|turn|14
|
|t:|1651418779
|switch|p1a: Registeel|Registeel|71/100
|-damage|p1a: Registeel|54/100|[from] Spikes
|move|p2a: Toxtricity|Boomburst|p1a: Registeel
|-resisted|p1a: Registeel
|-damage|p1a: Registeel|30/100
|
|-heal|p1a: Registeel|36/100|[from] item: Leftovers
|upkeep
|turn|15
|
|t:|1651418790
|move|p2a: Toxtricity|Boomburst|p1a: Registeel
|-resisted|p1a: Registeel
|-damage|p1a: Registeel|12/100
|move|p1a: Registeel|Seismic Toss|p2a: Toxtricity
|-damage|p2a: Toxtricity|54/100
|
|-heal|p1a: Registeel|18/100|[from] item: Leftovers
|upkeep
|turn|16
|
|t:|1651418794
|switch|p2a: Flygon|Flygon, F|100/100
|-damage|p2a: Flygon|94/100|[from] Stealth Rock
|switch|p1a: Chandelure|Chandelure, M, shiny|100/100
|-damage|p1a: Chandelure|84/100|[from] Spikes
|
|upkeep
|turn|17
|
|t:|1651418804
|switch|p1a: Golisopod|Golisopod, M, shiny|100/100 par
|move|p2a: Flygon|Earthquake|p1a: Golisopod
|-resisted|p1a: Golisopod
|-damage|p1a: Golisopod|84/100 par
|
|upkeep
|turn|18
|
|t:|1651418813
|move|p2a: Flygon|Defog|p1a: Golisopod
|-unboost|p1a: Golisopod|evasion|1
|-sideend|p1: Steven Davis|Spikes|[from] move: Defog|[of] p2a: Flygon
|-sideend|p2: btestboy|Spikes|[from] move: Defog|[of] p2a: Flygon
|-sideend|p2: btestboy|Stealth Rock|[from] move: Defog|[of] p2a: Flygon
|move|p1a: Golisopod|Spikes|p2a: Flygon
|-sidestart|p2: btestboy|Spikes
|
|upkeep
|turn|19
|
|t:|1651418818
|move|p2a: Flygon|Defog|p1a: Golisopod
|-unboost|p1a: Golisopod|evasion|1
|-sideend|p2: btestboy|Spikes|[from] move: Defog|[of] p2a: Flygon
|cant|p1a: Golisopod|par
|
|upkeep
|turn|20
|
|t:|1651418824
|move|p2a: Flygon|Earthquake|p1a: Golisopod
|-resisted|p1a: Golisopod
|-damage|p1a: Golisopod|68/100 par
|cant|p1a: Golisopod|par
|
|upkeep
|turn|21
|
|t:|1651418827
|move|p2a: Flygon|Earthquake|p1a: Golisopod
|-resisted|p1a: Golisopod
|-damage|p1a: Golisopod|54/100 par
|cant|p1a: Golisopod|par
|
|upkeep
|turn|22
|
|t:|1651418831
|switch|p1a: Flygon|Flygon, M|100/100
|move|p2a: Flygon|Earthquake|p1a: Flygon
|-immune|p1a: Flygon|[from] ability: Levitate
|
|upkeep
|turn|23
|
|t:|1651418836
|move|p1a: Flygon|U-turn|p2a: Flygon
|-damage|p2a: Flygon|70/100
|-damage|p1a: Flygon|84/100|[from] item: Rocky Helmet|[of] p2a: Flygon
|
|t:|1651418839
|switch|p1a: Weezing|Weezing-Galar, F|100/100 par|[from]move: U-turn
|move|p2a: Flygon|U-turn|p1a: Weezing
|-resisted|p1a: Weezing
|-damage|p1a: Weezing|97/100 par
|-damage|p2a: Flygon|54/100|[from] item: Rocky Helmet|[of] p1a: Weezing
|
|t:|1651418844
|switch|p2a: Toxtricity|Toxtricity, M|54/100|[from]move: U-turn
|
|upkeep
|turn|24
|
|t:|1651418850
|switch|p1a: Chandelure|Chandelure, M, shiny|84/100
|move|p2a: Toxtricity|Volt Switch|p1a: Chandelure
|-damage|p1a: Chandelure|10/100
|
|t:|1651418861
|switch|p2a: Inteleon|Inteleon, M|100/100|[from]move: Volt Switch
|
|upkeep
|turn|25
|
|t:|1651418867
|switch|p1a: Golisopod|Golisopod, M, shiny|54/100 par
|move|p2a: Inteleon|Dark Pulse|p1a: Golisopod
|-damage|p1a: Golisopod|22/100 par
|-activate|p1a: Golisopod|ability: Emergency Exit
|
|t:|1651418877
|switch|p1a: Flygon|Flygon, M|84/100
|
|upkeep
|turn|26
|
|t:|1651418907
|switch|p2a: Klefki|Klefki, F|47/100 brn
|move|p1a: Flygon|Earthquake|p2a: Klefki
|-supereffective|p2a: Klefki
|-damage|p2a: Klefki|0 fnt
|faint|p2a: Klefki
|
|upkeep
|
|t:|1651418914
|switch|p2a: Flygon|Flygon, F|54/100
|turn|27
|
|t:|1651418919
|switch|p1a: Weezing|Weezing-Galar, F|97/100 par
|move|p2a: Flygon|Roost|p2a: Flygon
|-heal|p2a: Flygon|100/100
|-singleturn|p2a: Flygon|move: Roost
|
|upkeep
|turn|28
|
|t:|1651418936
|switch|p1a: Flygon|Flygon, M|84/100
|move|p2a: Flygon|U-turn|p1a: Flygon
|-damage|p1a: Flygon|60/100
|
|t:|1651418941
|switch|p2a: Inteleon|Inteleon, M|100/100|[from]move: U-turn
|
|upkeep
|turn|29
|
|t:|1651418947
|move|p2a: Inteleon|Snipe Shot|p1a: Flygon
|-damage|p1a: Flygon|1/100
|move|p1a: Flygon|U-turn|p2a: Inteleon
|-damage|p2a: Inteleon|66/100
|
|t:|1651418966
|switch|p1a: Reuniclus|Reuniclus, M, shiny|100/100|[from]move: U-turn
|
|upkeep
|turn|30
|
|t:|1651418969
|switch|p2a: Milotic|Milotic, M|100/100
|move|p1a: Reuniclus|Psyshock|p2a: Milotic
|-damage|p2a: Milotic|73/100
|
|upkeep
|turn|31
|
|t:|1651418975
|move|p2a: Milotic|Scald|p1a: Reuniclus
|-damage|p1a: Reuniclus|77/100
|move|p1a: Reuniclus|Psyshock|p2a: Milotic
|-damage|p2a: Milotic|49/100
|
|-heal|p1a: Reuniclus|83/100|[from] item: Leftovers
|upkeep
|turn|32
|
|t:|1651418977
|move|p2a: Milotic|Recover|p2a: Milotic
|-heal|p2a: Milotic|99/100
|move|p1a: Reuniclus|Calm Mind|p1a: Reuniclus
|-boost|p1a: Reuniclus|spa|1
|-boost|p1a: Reuniclus|spd|1
|
|-heal|p1a: Reuniclus|89/100|[from] item: Leftovers
|upkeep
|turn|33
|
|t:|1651418980
|move|p2a: Milotic|Haze|p2a: Milotic
|-clearallboost
|move|p1a: Reuniclus|Psyshock|p2a: Milotic
|-damage|p2a: Milotic|76/100
|
|-heal|p1a: Reuniclus|95/100|[from] item: Leftovers
|upkeep
|turn|34
|
|t:|1651418985
|move|p2a: Milotic|Scald|p1a: Reuniclus
|-damage|p1a: Reuniclus|68/100
|move|p1a: Reuniclus|Calm Mind|p1a: Reuniclus
|-boost|p1a: Reuniclus|spa|1
|-boost|p1a: Reuniclus|spd|1
|
|-heal|p1a: Reuniclus|74/100|[from] item: Leftovers
|upkeep
|turn|35
|
|t:|1651418989
|move|p2a: Milotic|Haze|p2a: Milotic
|-clearallboost
|move|p1a: Reuniclus|Calm Mind|p1a: Reuniclus
|-boost|p1a: Reuniclus|spa|1
|-boost|p1a: Reuniclus|spd|1
|
|-heal|p1a: Reuniclus|80/100|[from] item: Leftovers
|upkeep
|turn|36
|
|t:|1651418991
|move|p2a: Milotic|Haze|p2a: Milotic
|-clearallboost
|move|p1a: Reuniclus|Calm Mind|p1a: Reuniclus
|-boost|p1a: Reuniclus|spa|1
|-boost|p1a: Reuniclus|spd|1
|
|-heal|p1a: Reuniclus|86/100|[from] item: Leftovers
|upkeep
|turn|37
|
|t:|1651418997
|switch|p1a: Chandelure|Chandelure, M, shiny|10/100
|move|p2a: Milotic|Haze|p2a: Milotic
|-clearallboost
|
|upkeep
|turn|38
|
|t:|1651419010
|switch|p2a: Flygon|Flygon, F|100/100
|move|p1a: Chandelure|Energy Ball|p2a: Flygon
|-damage|p2a: Flygon|37/100
|
|upkeep
|turn|39
|
|t:|1651419022
|switch|p1a: Flygon|Flygon, M|1/100
|move|p2a: Flygon|U-turn|p1a: Flygon
|-damage|p1a: Flygon|0 fnt
|faint|p1a: Flygon
|
|t:|1651419038
|switch|p2a: Entei|Entei, shiny|100/100|[from]move: U-turn
|
|upkeep
|
|t:|1651419054
|switch|p1a: Golisopod|Golisopod, M, shiny|22/100 par
|turn|40
|
|t:|1651419060
|move|p1a: Golisopod|First Impression|p2a: Entei
|-resisted|p2a: Entei
|-damage|p2a: Entei|72/100
|move|p2a: Entei|Stone Edge|p1a: Golisopod
|-supereffective|p1a: Golisopod
|-damage|p1a: Golisopod|0 fnt
|faint|p1a: Golisopod
|
|upkeep
|
|t:|1651419066
|switch|p1a: Registeel|Registeel|18/100
|turn|41
|
|t:|1651419071
|switch|p2a: Flygon|Flygon, F|37/100
|move|p1a: Registeel|Toxic|p2a: Flygon
|-status|p2a: Flygon|tox
|
|-heal|p1a: Registeel|24/100|[from] item: Leftovers
|-damage|p2a: Flygon|31/100 tox|[from] psn
|upkeep
|turn|42
|
|t:|1651419078
|switch|p1a: Reuniclus|Reuniclus, M, shiny|86/100
|move|p2a: Flygon|Earthquake|p1a: Reuniclus
|-damage|p1a: Reuniclus|59/100
|
|-heal|p1a: Reuniclus|65/100|[from] item: Leftovers
|-damage|p2a: Flygon|19/100 tox|[from] psn
|upkeep
|turn|43
|
|t:|1651419084
|switch|p2a: Milotic|Milotic, M|76/100
|move|p1a: Reuniclus|Recover|p1a: Reuniclus
|-heal|p1a: Reuniclus|100/100
|
|upkeep
|turn|44
|
|t:|1651419088
|switch|p1a: Registeel|Registeel|24/100
|move|p2a: Milotic|Scald|p1a: Registeel
|-damage|p1a: Registeel|9/100
|
|-heal|p1a: Registeel|15/100|[from] item: Leftovers
|upkeep
|turn|45
|
|t:|1651419091
|move|p2a: Milotic|Flip Turn|p1a: Registeel
|-damage|p1a: Registeel|7/100
|
|t:|1651419095
|switch|p2a: Flygon|Flygon, F|19/100 tox|[from]move: Flip Turn
|move|p1a: Registeel|Stealth Rock|p2a: Flygon
|-sidestart|p2: btestboy|move: Stealth Rock
|
|-heal|p1a: Registeel|13/100|[from] item: Leftovers
|-damage|p2a: Flygon|13/100 tox|[from] psn
|upkeep
|turn|46
|
|t:|1651419101
|move|p2a: Flygon|Roost|p2a: Flygon
|-heal|p2a: Flygon|63/100 tox
|-singleturn|p2a: Flygon|move: Roost
|move|p1a: Registeel|Stealth Rock||[still]
|-fail|p1a: Registeel
|
|-heal|p1a: Registeel|19/100|[from] item: Leftovers
|-damage|p2a: Flygon|51/100 tox|[from] psn
|upkeep
|turn|47
|
|t:|1651419115
|move|p2a: Flygon|Earthquake|p1a: Registeel
|-supereffective|p1a: Registeel
|-damage|p1a: Registeel|0 fnt
|faint|p1a: Registeel
|
|-damage|p2a: Flygon|33/100 tox|[from] psn
|upkeep
|
|t:|1651419123
|switch|p1a: Reuniclus|Reuniclus, M, shiny|100/100
|turn|48
|
|t:|1651419127
|switch|p2a: Milotic|Milotic, M|76/100
|move|p1a: Reuniclus|Psyshock|p2a: Milotic
|-damage|p2a: Milotic|50/100
|
|upkeep
|turn|49
|
|t:|1651419133
|move|p2a: Milotic|Recover|p2a: Milotic
|-heal|p2a: Milotic|99/100
|move|p1a: Reuniclus|Calm Mind|p1a: Reuniclus
|-boost|p1a: Reuniclus|spa|1
|-boost|p1a: Reuniclus|spd|1
|
|upkeep
|turn|50
|
|t:|1651419135
|move|p2a: Milotic|Haze|p2a: Milotic
|-clearallboost
|move|p1a: Reuniclus|Calm Mind|p1a: Reuniclus
|-boost|p1a: Reuniclus|spa|1
|-boost|p1a: Reuniclus|spd|1
|
|upkeep
|turn|51
|
|t:|1651419137
|move|p2a: Milotic|Haze|p2a: Milotic
|-clearallboost
|move|p1a: Reuniclus|Calm Mind|p1a: Reuniclus
|-boost|p1a: Reuniclus|spa|1
|-boost|p1a: Reuniclus|spd|1
|
|upkeep
|turn|52
|
|t:|1651419139
|move|p2a: Milotic|Haze|p2a: Milotic
|-clearallboost
|move|p1a: Reuniclus|Psyshock|p2a: Milotic
|-damage|p2a: Milotic|75/100
|
|upkeep
|turn|53
|
|t:|1651419142
|switch|p1a: Chandelure|Chandelure, M, shiny|10/100
|move|p2a: Milotic|Scald|p1a: Chandelure
|-supereffective|p1a: Chandelure
|-damage|p1a: Chandelure|0 fnt
|faint|p1a: Chandelure
|
|upkeep
|c|☆Steven Davis|Gg
|c|☆btestboy|gg sorry about all the paras on pod
|-message|Steven Davis forfeited.
|
|win|btestboy
|raw|Steven Davis's rating: 1537 &rarr; <strong>1514</strong><br />(-23 for losing)
|raw|btestboy's rating: 1493 &rarr; <strong>1516</strong><br />(+23 for winning)
|l|☆Steven Davis
