|j|☆trout szn
|j|☆quimbs
|player|p1|trout szn|161|1405
|player|p2|quimbs|102|1304
|teamsize|p1|6
|teamsize|p2|6
|gametype|singles
|gen|8
|tier|[Gen 8] RU
|rated|
|clearpoke
|poke|p1|Vikavolt, F|
|poke|p1|Goodra, F|
|poke|p1|Cinccino, F|
|poke|p1|Salazzle, F|
|poke|p1|Sigilyph, F|
|poke|p1|Steelix, M|
|poke|p2|Barbaracle, F|
|poke|p2|Accelgor, M|
|poke|p2|Pangoro, F|
|poke|p2|Snorlax, M|
|poke|p2|Turtonator, M|
|poke|p2|Rapidash-Galar, M|
|rule|Sleep Clause Mod: Limit one foe put to sleep
|rule|Species Clause: Limit one of each Pokémon
|rule|OHKO Clause: OHKO moves are banned
|rule|Evasion Moves Clause: Evasion moves are banned
|rule|Endless Battle Clause: Forcing endless battles is banned
|rule|HP Percentage Mod: HP is shown in percentages
|rule|Dynamax Clause: You cannot dynamax
|teampreview
|inactive|Battle timer is ON: inactive players will automatically lose when time's up. (requested by trout szn)
|
|start
|switch|p1a: Vikavolt|Vikavolt, F, shiny|100/100
|switch|p2a: Accelgor|Accelgor, M|100/100
|turn|1
|
|move|p2a: Accelgor|Spikes|p1a: Vikavolt
|-sidestart|p1: trout szn|Spikes
|move|p1a: Vikavolt|Sticky Web|p2a: Accelgor
|-sidestart|p2: quimbs|move: Sticky Web
|
|upkeep
|turn|2
|inactive|quimbs has 120 seconds left.
|
|move|p2a: Accelgor|Spikes|p1a: Vikavolt
|-sidestart|p1: trout szn|Spikes
|move|p1a: Vikavolt|Volt Switch|p2a: Accelgor
|-damage|p2a: Accelgor|38/100
|j| ICANTMON
|
|switch|p1a: Steelix|Steelix, M|100/100|[from]move: Volt Switch
|-damage|p1a: Steelix|84/100|[from] Spikes
|
|-heal|p1a: Steelix|90/100|[from] item: Leftovers
|upkeep
|turn|3
|
|move|p2a: Accelgor|Yawn|p1a: Steelix
|-start|p1a: Steelix|move: Yawn|[of] p2a: Accelgor
|move|p1a: Steelix|Heavy Slam|p2a: Accelgor
|-damage|p2a: Accelgor|0 fnt
|faint|p2a: Accelgor
|
|-heal|p1a: Steelix|96/100|[from] item: Leftovers
|upkeep
|
|switch|p2a: Barbaracle|Barbaracle, F|100/100
|-activate|p2a: Barbaracle|move: Sticky Web
|-unboost|p2a: Barbaracle|spe|1
|-enditem|p2a: Barbaracle|White Herb
|-clearnegativeboost|p2a: Barbaracle|[silent]
|turn|4
|
|move|p2a: Barbaracle|Shell Smash|p2a: Barbaracle
|-unboost|p2a: Barbaracle|def|1
|-unboost|p2a: Barbaracle|spd|1
|-boost|p2a: Barbaracle|atk|2
|-boost|p2a: Barbaracle|spa|2
|-boost|p2a: Barbaracle|spe|2
|move|p1a: Steelix|Body Press|p2a: Barbaracle
|-supereffective|p2a: Barbaracle
|-damage|p2a: Barbaracle|0 fnt
|faint|p2a: Barbaracle
|
|-heal|p1a: Steelix|100/100|[from] item: Leftovers
|-end|p1a: Steelix|move: Yawn|[silent]
|-status|p1a: Steelix|slp
|upkeep
|
|switch|p2a: Turtonator|Turtonator, M|100/100
|-activate|p2a: Turtonator|move: Sticky Web
|-unboost|p2a: Turtonator|spe|1
|-enditem|p2a: Turtonator|White Herb
|-clearnegativeboost|p2a: Turtonator|[silent]
|turn|5
|
|switch|p1a: Goodra|Goodra, F|100/100
|-damage|p1a: Goodra|84/100|[from] Spikes
|move|p2a: Turtonator|Shell Smash|p2a: Turtonator
|-unboost|p2a: Turtonator|def|1
|-unboost|p2a: Turtonator|spd|1
|-boost|p2a: Turtonator|atk|2
|-boost|p2a: Turtonator|spa|2
|-boost|p2a: Turtonator|spe|2
|
|upkeep
|turn|6
|
|move|p2a: Turtonator|Draco Meteor|p1a: Goodra
|-supereffective|p1a: Goodra
|-damage|p1a: Goodra|3/100
|-unboost|p2a: Turtonator|spa|2
|move|p1a: Goodra|Draco Meteor|p2a: Turtonator
|-supereffective|p2a: Turtonator
|-damage|p2a: Turtonator|0 fnt
|-unboost|p1a: Goodra|spa|2
|faint|p2a: Turtonator
|
|upkeep
|
|switch|p2a: Snorlax|Snorlax, M|100/100
|-activate|p2a: Snorlax|move: Sticky Web
|-unboost|p2a: Snorlax|spe|1
|turn|7
|
|switch|p1a: Vikavolt|Vikavolt, F, shiny|100/100
|move|p2a: Snorlax|Curse|p2a: Snorlax
|-unboost|p2a: Snorlax|spe|1
|-boost|p2a: Snorlax|atk|1
|-boost|p2a: Snorlax|def|1
|
|upkeep
|turn|8
|
|move|p1a: Vikavolt|Bug Buzz|p2a: Snorlax
|-damage|p2a: Snorlax|74/100
|move|p2a: Snorlax|Curse|p2a: Snorlax
|-unboost|p2a: Snorlax|spe|1
|-boost|p2a: Snorlax|atk|1
|-boost|p2a: Snorlax|def|1
|
|-heal|p2a: Snorlax|80/100|[from] item: Leftovers
|upkeep
|turn|9
|
|move|p1a: Vikavolt|Bug Buzz|p2a: Snorlax
|-damage|p2a: Snorlax|55/100
|-unboost|p2a: Snorlax|spd|1
|move|p2a: Snorlax|Curse|p2a: Snorlax
|-unboost|p2a: Snorlax|spe|1
|-boost|p2a: Snorlax|atk|1
|-boost|p2a: Snorlax|def|1
|
|-heal|p2a: Snorlax|62/100|[from] item: Leftovers
|upkeep
|turn|10
|
|move|p1a: Vikavolt|Bug Buzz|p2a: Snorlax
|-damage|p2a: Snorlax|27/100
|move|p2a: Snorlax|Rest|p2a: Snorlax
|-status|p2a: Snorlax|slp|[from] move: Rest
|-heal|p2a: Snorlax|100/100 slp|[silent]
|
|upkeep
|turn|11
|
|move|p1a: Vikavolt|Bug Buzz|p2a: Snorlax
|-damage|p2a: Snorlax|60/100 slp
|-unboost|p2a: Snorlax|spd|1
|cant|p2a: Snorlax|slp
|move|p2a: Snorlax|Sleep Talk|p2a: Snorlax
|move|p2a: Snorlax|Darkest Lariat|p1a: Vikavolt|[from]Sleep Talk
|-damage|p1a: Vikavolt|42/100
|-enditem|p1a: Vikavolt|Red Card|[of] p2a: Snorlax
|drag|p2a: Rapidash|Rapidash-Galar, M|100/100
|-activate|p2a: Rapidash|move: Sticky Web
|-unboost|p2a: Rapidash|spe|1
|
|upkeep
|turn|12
|
|move|p2a: Rapidash|Play Rough|p1a: Vikavolt
|-damage|p1a: Vikavolt|2/100
|move|p1a: Vikavolt|Volt Switch|p2a: Rapidash
|-damage|p2a: Rapidash|38/100
|
|switch|p1a: Sigilyph|Sigilyph, F|100/100|[from]move: Volt Switch
|
|upkeep
|turn|13
|
|switch|p2a: Pangoro|Pangoro, F, shiny|100/100
|-activate|p2a: Pangoro|move: Sticky Web
|-unboost|p2a: Pangoro|spe|1
|move|p1a: Sigilyph|Heat Wave|p2a: Pangoro
|-damage|p2a: Pangoro|48/100
|
|upkeep
|turn|14
|
|move|p1a: Sigilyph|Heat Wave|p2a: Pangoro
|-damage|p2a: Pangoro|0 fnt
|faint|p2a: Pangoro
|
|upkeep
|-message|quimbs forfeited.
|
|win|trout szn
|l|☆quimbs
||Ladder (probably) updated, but score could not be retrieved (Response not received).
