|j|☆Fyggyf
|j|☆TheonReekGreyjoy
|t:|1657647644
|gametype|singles
|player|p1|Fyggyf|170|1404
|player|p2|TheonReekGreyjoy|169|1661
|teamsize|p1|6
|teamsize|p2|6
|gen|8
|tier|[Gen 8] RU
|rated|
|rule|Sleep Clause Mod: Limit one foe put to sleep
|rule|Species Clause: Limit one of each Pokémon
|rule|OHKO Clause: OHKO moves are banned
|rule|Evasion Moves Clause: Evasion moves are banned
|rule|Endless Battle Clause: Forcing endless battles is banned
|rule|HP Percentage Mod: HP is shown in percentages
|rule|Dynamax Clause: You cannot dynamax
|clearpoke
|poke|p1|Xurkitree|
|poke|p1|Nidoqueen, F|
|poke|p1|Gardevoir, M|
|poke|p1|Pangoro, F|
|poke|p1|Crobat, M|
|poke|p1|Starmie|
|poke|p2|Seismitoad, F|
|poke|p2|Vanilluxe, M|
|poke|p2|Arctovish|
|poke|p2|Incineroar, F|
|poke|p2|Flygon, F|
|poke|p2|Sandslash-Alola, M|
|teampreview
|
|t:|1657647667
|start
|switch|p1a: Pangoro|Pangoro, F|100/100
|switch|p2a: Seismitoad|Seismitoad, F|100/100
|turn|1
|
|t:|1657647677
|move|p1a: Pangoro|Knock Off|p2a: Seismitoad
|-damage|p2a: Seismitoad|47/100
|-enditem|p2a: Seismitoad|Leftovers|[from] move: Knock Off|[of] p1a: Pangoro
|move|p2a: Seismitoad|Scald|p1a: Pangoro
|-damage|p1a: Pangoro|69/100
|
|upkeep
|turn|2
|
|t:|1657647686
|switch|p1a: Starmie|Starmie|100/100
|move|p2a: Seismitoad|Stealth Rock|p1a: Starmie
|-sidestart|p1: Fyggyf|move: Stealth Rock
|
|upkeep
|turn|3
|
|t:|1657647691
|move|p2a: Seismitoad|Protect|p2a: Seismitoad
|-singleturn|p2a: Seismitoad|Protect
|move|p1a: Starmie|Ice Beam|p2a: Seismitoad
|-activate|p2a: Seismitoad|move: Protect
|
|upkeep
|turn|4
|
|t:|1657647699
|move|p2a: Seismitoad|Earthquake|p1a: Starmie
|-damage|p1a: Starmie|58/100
|move|p1a: Starmie|Teleport|p1a: Starmie
|
|t:|1657647702
|switch|p1a: Crobat|Crobat, M|100/100|[from]move: Teleport
|
|upkeep
|turn|5
|
|t:|1657647707
|move|p1a: Crobat|Toxic|p2a: Seismitoad
|-status|p2a: Seismitoad|tox
|move|p2a: Seismitoad|Scald|p1a: Crobat
|-damage|p1a: Crobat|77/100
|
|-damage|p2a: Seismitoad|41/100 tox|[from] psn
|upkeep
|turn|6
|
|t:|1657647715
|switch|p2a: Vanilluxe|Vanilluxe, M|100/100
|-weather|Hail|[from] ability: Snow Warning|[of] p2a: Vanilluxe
|move|p1a: Crobat|Defog|p2a: Vanilluxe
|-unboost|p2a: Vanilluxe|evasion|1
|-sideend|p1: Fyggyf|Stealth Rock|[from] move: Defog|[of] p1a: Crobat
|
|-weather|Hail|[upkeep]
|-damage|p1a: Crobat|71/100|[from] Hail
|upkeep
|turn|7
|
|t:|1657647733
|move|p1a: Crobat|Toxic|p2a: Vanilluxe
|-status|p2a: Vanilluxe|tox
|move|p2a: Vanilluxe|Blizzard|p1a: Crobat
|-supereffective|p1a: Crobat
|-damage|p1a: Crobat|0 fnt
|faint|p1a: Crobat
|
|-weather|Hail|[upkeep]
|-damage|p2a: Vanilluxe|94/100 tox|[from] psn
|upkeep
|
|t:|1657647741
|switch|p1a: Pangoro|Pangoro, F|69/100
|turn|8
|
|t:|1657647751
|switch|p2a: Seismitoad|Seismitoad, F|41/100 tox
|move|p1a: Pangoro|Bullet Punch|p2a: Seismitoad
|-resisted|p2a: Seismitoad
|-crit|p2a: Seismitoad
|-damage|p2a: Seismitoad|29/100 tox
|
|-weather|Hail|[upkeep]
|-damage|p1a: Pangoro|63/100|[from] Hail
|-damage|p2a: Seismitoad|23/100 tox|[from] Hail
|-damage|p2a: Seismitoad|17/100 tox|[from] psn
|upkeep
|turn|9
|
|t:|1657647758
|move|p1a: Pangoro|Bullet Punch|p2a: Seismitoad
|-resisted|p2a: Seismitoad
|-damage|p2a: Seismitoad|9/100 tox
|move|p2a: Seismitoad|Stealth Rock|p1a: Pangoro
|-sidestart|p1: Fyggyf|move: Stealth Rock
|
|-weather|Hail|[upkeep]
|-damage|p1a: Pangoro|57/100|[from] Hail
|-damage|p2a: Seismitoad|3/100 tox|[from] Hail
|-damage|p2a: Seismitoad|0 fnt|[from] psn
|faint|p2a: Seismitoad
|upkeep
|
|t:|1657647771
|switch|p2a: Arctovish|Arctovish|100/100
|turn|10
|
|t:|1657647779
|move|p1a: Pangoro|Bullet Punch|p2a: Arctovish
|-damage|p2a: Arctovish|78/100
|move|p2a: Arctovish|Fishious Rend|p1a: Pangoro
|-damage|p1a: Pangoro|0 fnt
|faint|p1a: Pangoro
|
|-weather|Hail|[upkeep]
|upkeep
|
|t:|1657647785
|switch|p1a: Gardevoir|Gardevoir, M|100/100
|-damage|p1a: Gardevoir|88/100|[from] Stealth Rock
|-ability|p1a: Gardevoir|Slush Rush|[from] ability: Trace|[of] p2a: Arctovish
|turn|11
|
|t:|1657647792
|switch|p2a: Incineroar|Incineroar, F|100/100
|-ability|p2a: Incineroar|Intimidate|boost
|-unboost|p1a: Gardevoir|atk|1
|move|p1a: Gardevoir|Moonblast|p2a: Incineroar
|-damage|p2a: Incineroar|55/100
|-unboost|p2a: Incineroar|spa|1
|
|-weather|Hail|[upkeep]
|-damage|p1a: Gardevoir|82/100|[from] Hail
|-damage|p2a: Incineroar|49/100|[from] Hail
|upkeep
|turn|12
|
|t:|1657647804
|switch|p1a: Nidoqueen|Nidoqueen, F|100/100
|-damage|p1a: Nidoqueen|94/100|[from] Stealth Rock
|switch|p2a: Sandslash|Sandslash-Alola, M|100/100
|
|-weather|Hail|[upkeep]
|-damage|p1a: Nidoqueen|88/100|[from] Hail
|upkeep
|turn|13
|
|t:|1657647809
|move|p2a: Sandslash|Triple Axel|p1a: Nidoqueen|[miss]
|-miss|p2a: Sandslash|p1a: Nidoqueen
|move|p1a: Nidoqueen|Earth Power|p2a: Sandslash
|-supereffective|p2a: Sandslash
|-damage|p2a: Sandslash|0 fnt
|faint|p2a: Sandslash
|
|-weather|none
|upkeep
|c|☆TheonReekGreyjoy|ooof
|inactive|Battle timer is ON: inactive players will automatically lose when time's up. (requested by Fyggyf)
|
|t:|1657647825
|switch|p2a: Flygon|Flygon, F|100/100
|turn|14
|
|t:|1657647830
|switch|p1a: Gardevoir|Gardevoir, M|82/100
|-damage|p1a: Gardevoir|70/100|[from] Stealth Rock
|-ability|p1a: Gardevoir|Levitate|[from] ability: Trace|[of] p2a: Flygon
|move|p2a: Flygon|Earthquake|p1a: Gardevoir
|-immune|p1a: Gardevoir|[from] ability: Levitate
|
|upkeep
|turn|15
|
|t:|1657647840
|switch|p2a: Vanilluxe|Vanilluxe, M|94/100 tox
|-weather|Hail|[from] ability: Snow Warning|[of] p2a: Vanilluxe
|move|p1a: Gardevoir|Moonblast|p2a: Vanilluxe
|-damage|p2a: Vanilluxe|33/100 tox
|-unboost|p2a: Vanilluxe|spa|1
|
|-weather|Hail|[upkeep]
|-damage|p1a: Gardevoir|64/100|[from] Hail
|-damage|p2a: Vanilluxe|27/100 tox|[from] psn
|upkeep
|turn|16
|
|t:|1657647852
|switch|p2a: Incineroar|Incineroar, F|49/100
|-ability|p2a: Incineroar|Intimidate|boost
|-unboost|p1a: Gardevoir|atk|1
|move|p1a: Gardevoir|Moonblast|p2a: Incineroar
|-damage|p2a: Incineroar|3/100
|
|-weather|Hail|[upkeep]
|-damage|p1a: Gardevoir|58/100|[from] Hail
|-damage|p2a: Incineroar|0 fnt|[from] Hail
|faint|p2a: Incineroar
|upkeep
|
|t:|1657647855
|switch|p2a: Arctovish|Arctovish|78/100
|turn|17
|
|t:|1657647860
|switch|p1a: Starmie|Starmie|58/100
|move|p2a: Arctovish|Fishious Rend|p1a: Starmie
|-resisted|p1a: Starmie
|-damage|p1a: Starmie|0 fnt
|faint|p1a: Starmie
|
|-weather|Hail|[upkeep]
|upkeep
|
|t:|1657647864
|switch|p1a: Gardevoir|Gardevoir, M|58/100
|-damage|p1a: Gardevoir|45/100|[from] Stealth Rock
|-ability|p1a: Gardevoir|Slush Rush|[from] ability: Trace|[of] p2a: Arctovish
|turn|18
|
|t:|1657647872
|move|p1a: Gardevoir|Moonblast|p2a: Arctovish
|-damage|p2a: Arctovish|23/100
|move|p2a: Arctovish|Fishious Rend|p1a: Gardevoir
|-damage|p1a: Gardevoir|0 fnt
|faint|p1a: Gardevoir
|
|-weather|Hail|[upkeep]
|upkeep
|
|t:|1657647879
|switch|p1a: Xurkitree|Xurkitree|100/100
|-damage|p1a: Xurkitree|88/100|[from] Stealth Rock
|turn|19
|
|t:|1657647883
|move|p1a: Xurkitree|Dazzling Gleam|p2a: Arctovish
|-damage|p2a: Arctovish|0 fnt
|faint|p2a: Arctovish
|-ability|p1a: Xurkitree|Beast Boost|boost
|-boost|p1a: Xurkitree|spa|1
|
|-weather|Hail|[upkeep]
|-damage|p1a: Xurkitree|82/100|[from] Hail
|upkeep
|
|t:|1657647888
|switch|p2a: Flygon|Flygon, F|100/100
|turn|20
|
|t:|1657647894
|move|p1a: Xurkitree|Dazzling Gleam|p2a: Flygon
|-supereffective|p2a: Flygon
|-damage|p2a: Flygon|20/100
|move|p2a: Flygon|Earthquake|p1a: Xurkitree
|-supereffective|p1a: Xurkitree
|-damage|p1a: Xurkitree|0 fnt
|faint|p1a: Xurkitree
|
|-weather|Hail|[upkeep]
|-damage|p2a: Flygon|14/100|[from] Hail
|-heal|p2a: Flygon|20/100|[from] item: Leftovers
|upkeep
|
|t:|1657647900
|switch|p1a: Nidoqueen|Nidoqueen, F|88/100
|-damage|p1a: Nidoqueen|82/100|[from] Stealth Rock
|turn|21
|
|t:|1657647904
|move|p1a: Nidoqueen|Ice Beam|p2a: Flygon
|-supereffective|p2a: Flygon
|-damage|p2a: Flygon|0 fnt
|faint|p2a: Flygon
|
|-weather|Hail|[upkeep]
|-damage|p1a: Nidoqueen|76/100|[from] Hail
|upkeep
|
|t:|1657647906
|switch|p2a: Vanilluxe|Vanilluxe, M|27/100 tox
|turn|22
|
|t:|1657647914
|move|p1a: Nidoqueen|Earth Power|p2a: Vanilluxe
|-damage|p2a: Vanilluxe|0 fnt
|faint|p2a: Vanilluxe
|
|win|Fyggyf
|raw|Fyggyf's rating: 1404 &rarr; <strong>1437</strong><br />(+33 for winning)
|raw|TheonReekGreyjoy's rating: 1661 &rarr; <strong>1628</strong><br />(-33 for losing)
|c|☆TheonReekGreyjoy|lucky
||Ladder isn't responding, score probably updated but might not have (Request timeout).
