|j|☆Fat Teams are gay
|j|☆Diegocoostaa
|player|p1|Fat Teams are gay|noland-gen3|1407
|player|p2|Diegocoostaa|acetrainer|1452
|teamsize|p1|6
|teamsize|p2|6
|gametype|singles
|gen|8
|tier|[Gen 8] RU
|rated|
|clearpoke
|poke|p1|Cinccino, F|
|poke|p1|Silvally-*|
|poke|p1|Galvantula, M|
|poke|p1|Pawniard, F|
|poke|p1|Toxicroak, M|
|poke|p1|Ninetales, F|
|poke|p2|Goodra, F|
|poke|p2|Silvally-*|
|poke|p2|Aromatisse, F|
|poke|p2|Machamp, M|
|poke|p2|Rotom|
|poke|p2|Mudsdale, M|
|rule|Sleep Clause Mod: Limit one foe put to sleep
|rule|Species Clause: Limit one of each Pokémon
|rule|OHKO Clause: OHKO moves are banned
|rule|Evasion Moves Clause: Evasion moves are banned
|rule|Endless Battle Clause: Forcing endless battles is banned
|rule|HP Percentage Mod: HP is shown in percentages
|rule|Dynamax Clause: You cannot dynamax
|teampreview
|
|start
|switch|p1a: Galvantula|Galvantula, M|100/100
|switch|p2a: Azoth|Silvally-Steel|100/100
|turn|1
|
|move|p1a: Galvantula|Thunder|p2a: Azoth|[miss]
|-miss|p1a: Galvantula|p2a: Azoth
|move|p2a: Azoth|Flame Charge|p1a: Galvantula
|-supereffective|p1a: Galvantula
|-damage|p1a: Galvantula|47/100
|-boost|p2a: Azoth|spe|1
|
|upkeep
|turn|2
|
|switch|p1a: Ninetales|Ninetales, F, shiny|100/100
|-weather|SunnyDay|[from] ability: Drought|[of] p1a: Ninetales
|move|p2a: Azoth|Multi-Attack|p1a: Ninetales
|-resisted|p1a: Ninetales
|-damage|p1a: Ninetales|60/100
|
|-weather|SunnyDay|[upkeep]
|upkeep
|turn|3
|
|move|p2a: Azoth|Parting Shot|p1a: Ninetales
|-unboost|p1a: Ninetales|atk|1
|-unboost|p1a: Ninetales|spa|1
|-enditem|p1a: Ninetales|Eject Pack
|
|switch|p2a: Susan Boyle|Goodra, F|100/100|[from]move: Parting Shot
|switch|p1a: Galvantula|Galvantula, M|47/100
|
|-weather|SunnyDay|[upkeep]
|upkeep
|turn|4
|
|move|p1a: Galvantula|Sticky Web|p2a: Susan Boyle
|-sidestart|p2: Diegocoostaa|move: Sticky Web
|move|p2a: Susan Boyle|Fire Blast|p1a: Galvantula
|-supereffective|p1a: Galvantula
|-damage|p1a: Galvantula|0 fnt
|faint|p1a: Galvantula
|
|-weather|SunnyDay|[upkeep]
|upkeep
|
|switch|p1a: Pawniard|Pawniard, F|100/100
|turn|5
|
|move|p1a: Pawniard|Knock Off|p2a: Susan Boyle
|-damage|p2a: Susan Boyle|49/100
|-enditem|p2a: Susan Boyle|Assault Vest|[from] move: Knock Off|[of] p1a: Pawniard
|move|p2a: Susan Boyle|Fire Blast|p1a: Pawniard|[miss]
|-miss|p2a: Susan Boyle|p1a: Pawniard
|
|-weather|SunnyDay|[upkeep]
|upkeep
|turn|6
|j| gorex
|
|move|p1a: Pawniard|Swords Dance|p1a: Pawniard
|-boost|p1a: Pawniard|atk|2
|move|p2a: Susan Boyle|Fire Blast|p1a: Pawniard
|-supereffective|p1a: Pawniard
|-enditem|p1a: Pawniard|Focus Sash
|-damage|p1a: Pawniard|1/100
|
|-weather|none
|upkeep
|turn|7
|
|switch|p2a: Azoth|Silvally-Steel|100/100
|-activate|p2a: Azoth|move: Sticky Web
|-unboost|p2a: Azoth|spe|1
|move|p1a: Pawniard|Iron Head|p2a: Azoth
|-resisted|p2a: Azoth
|-damage|p2a: Azoth|65/100
|
|upkeep
|turn|8
|
|move|p1a: Pawniard|Knock Off|p2a: Azoth
|-damage|p2a: Azoth|6/100
|move|p2a: Azoth|Defog|p1a: Pawniard
|-unboost|p1a: Pawniard|evasion|1
|-ability|p1a: Pawniard|Defiant
|-boost|p1a: Pawniard|atk|2
|-sideend|p2: Diegocoostaa|Sticky Web|[from] move: Defog|[of] p2a: Azoth
|
|upkeep
|turn|9
|
|move|p1a: Pawniard|Knock Off|p2a: Azoth
|-damage|p2a: Azoth|0 fnt
|faint|p2a: Azoth
|
|upkeep
|
|switch|p2a: Victor Belfort|Machamp, M|100/100
|turn|10
|
|move|p2a: Victor Belfort|Bullet Punch|p1a: Pawniard
|-resisted|p1a: Pawniard
|-damage|p1a: Pawniard|0 fnt
|faint|p1a: Pawniard
|
|upkeep
|
|switch|p1a: Silvally|Silvally-Ghost|100/100
|turn|11
|j| Lola Reve
|
|switch|p2a: Pocotó|Mudsdale, M|100/100
|move|p1a: Silvally|Swords Dance|p1a: Silvally
|-boost|p1a: Silvally|atk|2
|
|upkeep
|turn|12
|
|move|p1a: Silvally|U-turn|p2a: Pocotó
|-crit|p2a: Pocotó
|-damage|p2a: Pocotó|67/100
|-ability|p2a: Pocotó|Stamina|boost
|-boost|p2a: Pocotó|def|1
|
|switch|p1a: Cinccino|Cinccino, F|100/100|[from]move: U-turn
|move|p2a: Pocotó|Earthquake|p1a: Cinccino
|-damage|p1a: Cinccino|24/100
|
|-heal|p2a: Pocotó|73/100|[from] item: Leftovers
|upkeep
|turn|13
|
|move|p1a: Cinccino|Bullet Seed|p2a: Pocotó
|-supereffective|p2a: Pocotó
|-damage|p2a: Pocotó|65/100
|-ability|p2a: Pocotó|Stamina|boost
|-boost|p2a: Pocotó|def|1
|-supereffective|p2a: Pocotó
|-damage|p2a: Pocotó|58/100
|-ability|p2a: Pocotó|Stamina|boost
|-boost|p2a: Pocotó|def|1
|-supereffective|p2a: Pocotó
|-damage|p2a: Pocotó|53/100
|-ability|p2a: Pocotó|Stamina|boost
|-boost|p2a: Pocotó|def|1
|-supereffective|p2a: Pocotó
|-damage|p2a: Pocotó|49/100
|-ability|p2a: Pocotó|Stamina|boost
|-boost|p2a: Pocotó|def|1
|-supereffective|p2a: Pocotó
|-damage|p2a: Pocotó|45/100
|-ability|p2a: Pocotó|Stamina|boost
|-boost|p2a: Pocotó|def|1
|-hitcount|p2a: Pocotó|5
|-damage|p1a: Cinccino|14/100|[from] item: Life Orb
|move|p2a: Pocotó|Stealth Rock|p1a: Cinccino
|-sidestart|p1: Fat Teams are gay|move: Stealth Rock
|
|-heal|p2a: Pocotó|51/100|[from] item: Leftovers
|upkeep
|turn|14
|
|move|p1a: Cinccino|Bullet Seed|p2a: Pocotó
|-supereffective|p2a: Pocotó
|-damage|p2a: Pocotó|48/100
|-supereffective|p2a: Pocotó
|-damage|p2a: Pocotó|45/100
|-supereffective|p2a: Pocotó
|-damage|p2a: Pocotó|41/100
|-supereffective|p2a: Pocotó
|-damage|p2a: Pocotó|38/100
|-supereffective|p2a: Pocotó
|-damage|p2a: Pocotó|35/100
|-hitcount|p2a: Pocotó|5
|-damage|p1a: Cinccino|4/100|[from] item: Life Orb
|move|p2a: Pocotó|Earthquake|p1a: Cinccino
|-damage|p1a: Cinccino|0 fnt
|faint|p1a: Cinccino
|
|-heal|p2a: Pocotó|41/100|[from] item: Leftovers
|upkeep
|
|switch|p1a: Ninetales|Ninetales, F, shiny|60/100
|-damage|p1a: Ninetales|36/100|[from] Stealth Rock
|-weather|SunnyDay|[from] ability: Drought|[of] p1a: Ninetales
|turn|15
|
|switch|p2a: Susan Boyle|Goodra, F|49/100
|move|p1a: Ninetales|Solar Beam||[still]
|-prepare|p1a: Ninetales|Solar Beam|p2a: Susan Boyle
|-anim|p1a: Ninetales|Solar Beam|p2a: Susan Boyle
|-ability|p2a: Susan Boyle|Sap Sipper|boost
|-boost|p2a: Susan Boyle|atk|1
|
|-weather|SunnyDay|[upkeep]
|upkeep
|turn|16
|
|move|p1a: Ninetales|Overheat|p2a: Susan Boyle
|-resisted|p2a: Susan Boyle
|-damage|p2a: Susan Boyle|26/100
|-unboost|p1a: Ninetales|spa|2
|move|p2a: Susan Boyle|Earthquake|p1a: Ninetales
|-supereffective|p1a: Ninetales
|-damage|p1a: Ninetales|0 fnt
|faint|p1a: Ninetales
|
|-weather|SunnyDay|[upkeep]
|upkeep
|
|switch|p1a: Silvally|Silvally-Ghost|100/100
|-damage|p1a: Silvally|88/100|[from] Stealth Rock
|turn|17
|
|move|p1a: Silvally|Multi-Attack|p2a: Susan Boyle
|-damage|p2a: Susan Boyle|0 fnt
|faint|p2a: Susan Boyle
|
|-weather|SunnyDay|[upkeep]
|upkeep
|
|switch|p2a: Lady Gaga|Aromatisse, F, shiny|100/100
|turn|18
|
|move|p1a: Silvally|U-turn|p2a: Lady Gaga
|-resisted|p2a: Lady Gaga
|-crit|p2a: Lady Gaga
|-damage|p2a: Lady Gaga|90/100
|
|switch|p1a: Toxicroak|Toxicroak, M|100/100|[from]move: U-turn
|-damage|p1a: Toxicroak|94/100|[from] Stealth Rock
|move|p2a: Lady Gaga|Moonblast|p1a: Toxicroak
|-damage|p1a: Toxicroak|46/100
|
|-weather|SunnyDay|[upkeep]
|-damage|p1a: Toxicroak|34/100|[from] ability: Dry Skin|[of] p1a: Toxicroak
|-heal|p2a: Lady Gaga|96/100|[from] item: Leftovers
|upkeep
|turn|19
|
|move|p1a: Toxicroak|Nasty Plot|p1a: Toxicroak
|-boost|p1a: Toxicroak|spa|2
|move|p2a: Lady Gaga|Moonblast|p1a: Toxicroak
|-damage|p1a: Toxicroak|0 fnt
|faint|p1a: Toxicroak
|
|-weather|none
|-heal|p2a: Lady Gaga|100/100|[from] item: Leftovers
|upkeep
|-message|Fat Teams are gay forfeited.
|
|win|Diegocoostaa
|l|☆Fat Teams are gay
|raw|Fat Teams are gay's rating: 1407 &rarr; <strong>1389</strong><br />(-18 for losing)
|raw|Diegocoostaa's rating: 1452 &rarr; <strong>1470</strong><br />(+18 for winning)
