|j|☆OriginalSurko
|j|☆v1olette2
|player|p1|OriginalSurko|blue|1283
|player|p2|v1olette2|170|1386
|teamsize|p1|6
|teamsize|p2|6
|gametype|singles
|gen|8
|tier|[Gen 8] RU
|rated|
|clearpoke
|poke|p1|Eiscue, M|
|poke|p1|Hitmonlee, M|
|poke|p1|Steelix, M|
|poke|p1|Salazzle, F|
|poke|p1|Xatu, F|
|poke|p1|Vikavolt, F|
|poke|p2|Scrafty, M|
|poke|p2|Qwilfish, M|
|poke|p2|Charizard, F|
|poke|p2|Steelix, M|
|poke|p2|Jellicent, F|
|poke|p2|Indeedee, M|
|rule|Sleep Clause Mod: Limit one foe put to sleep
|rule|Species Clause: Limit one of each Pokémon
|rule|OHKO Clause: OHKO moves are banned
|rule|Evasion Moves Clause: Evasion moves are banned
|rule|Endless Battle Clause: Forcing endless battles is banned
|rule|HP Percentage Mod: HP is shown in percentages
|rule|Dynamax Clause: You cannot dynamax
|teampreview
|
|start
|switch|p1a: Xatu|Xatu, F|100/100
|switch|p2a: Jellicent|Jellicent, F|100/100
|turn|1
|
|switch|p2a: Scrafty|Scrafty, M|100/100
|move|p1a: Xatu|Toxic|p2a: Scrafty
|-status|p2a: Scrafty|tox
|
|-activate|p2a: Scrafty|ability: Shed Skin
|-curestatus|p2a: Scrafty|tox|[msg]
|upkeep
|turn|2
|
|switch|p1a: Steelix|Steelix, M|100/100
|move|p2a: Scrafty|Knock Off|p1a: Steelix
|-damage|p1a: Steelix|88/100
|-enditem|p1a: Steelix|Leftovers|[from] move: Knock Off|[of] p2a: Scrafty
|
|upkeep
|turn|3
|
|switch|p2a: Charizard|Charizard, F|100/100
|move|p1a: Steelix|Stealth Rock|p2a: Charizard
|-sidestart|p2: v1olette2|move: Stealth Rock
|
|upkeep
|turn|4
|
|switch|p1a: Xatu|Xatu, F|100/100
|move|p2a: Charizard|Flamethrower|p1a: Xatu
|-damage|p1a: Xatu|61/100
|
|-heal|p1a: Xatu|67/100|[from] item: Leftovers
|upkeep
|turn|5
|
|switch|p2a: Scrafty|Scrafty, M|100/100
|-damage|p2a: Scrafty|95/100|[from] Stealth Rock
|move|p1a: Xatu|Roost|p1a: Xatu
|-heal|p1a: Xatu|100/100
|-singleturn|p1a: Xatu|move: Roost
|
|-heal|p2a: Scrafty|100/100|[from] item: Leftovers
|upkeep
|turn|6
|
|switch|p1a: Steelix|Steelix, M|88/100
|move|p2a: Scrafty|Super Fang|p1a: Steelix|[miss]
|-miss|p2a: Scrafty|p1a: Steelix
|
|upkeep
|turn|7
|
|move|p2a: Scrafty|Super Fang|p1a: Steelix
|-damage|p1a: Steelix|44/100
|move|p1a: Steelix|Body Press|p2a: Scrafty
|-supereffective|p2a: Scrafty
|-damage|p2a: Scrafty|18/100
|
|-heal|p2a: Scrafty|24/100|[from] item: Leftovers
|upkeep
|turn|8
|
|switch|p2a: Charizard|Charizard, F|100/100
|move|p1a: Steelix|Body Press|p2a: Charizard
|-resisted|p2a: Charizard
|-damage|p2a: Charizard|77/100
|
|upkeep
|turn|9
|
|switch|p1a: Salazzle|Salazzle, F|100/100
|move|p2a: Charizard|Flamethrower|p1a: Salazzle
|-resisted|p1a: Salazzle
|-damage|p1a: Salazzle|55/100
|
|upkeep
|turn|10
|
|move|p1a: Salazzle|Sludge Wave|p2a: Charizard
|-damage|p2a: Charizard|25/100
|move|p2a: Charizard|Hurricane|p1a: Salazzle
|-damage|p1a: Salazzle|0 fnt
|faint|p1a: Salazzle
|
|upkeep
|
|switch|p1a: Xatu|Xatu, F|100/100
|turn|11
|
|switch|p2a: Scrafty|Scrafty, M|24/100
|-damage|p2a: Scrafty|18/100|[from] Stealth Rock
|move|p1a: Xatu|Psychic|p2a: Scrafty
|-immune|p2a: Scrafty
|
|-heal|p2a: Scrafty|24/100|[from] item: Leftovers
|upkeep
|turn|12
|
|switch|p1a: Steelix|Steelix, M|44/100
|move|p2a: Scrafty|Rest|p2a: Scrafty
|-status|p2a: Scrafty|slp|[from] move: Rest
|-heal|p2a: Scrafty|100/100 slp|[silent]
|
|-activate|p2a: Scrafty|ability: Shed Skin
|-curestatus|p2a: Scrafty|slp|[msg]
|upkeep
|turn|13
|
|switch|p2a: Jellicent|Jellicent, F|100/100
|-damage|p2a: Jellicent|88/100|[from] Stealth Rock
|move|p1a: Steelix|Body Press|p2a: Jellicent
|-immune|p2a: Jellicent
|
|-heal|p2a: Jellicent|94/100|[from] item: Leftovers
|upkeep
|turn|14
|
|switch|p1a: Vikavolt|Vikavolt, F|100/100
|move|p2a: Jellicent|Scald|p1a: Vikavolt
|-damage|p1a: Vikavolt|64/100
|
|-heal|p1a: Vikavolt|70/100|[from] item: Leftovers
|-heal|p2a: Jellicent|100/100|[from] item: Leftovers
|upkeep
|turn|15
|
|switch|p2a: Steelix|Steelix, M|100/100
|-damage|p2a: Steelix|97/100|[from] Stealth Rock
|move|p1a: Vikavolt|Agility|p1a: Vikavolt
|-boost|p1a: Vikavolt|spe|2
|
|-heal|p1a: Vikavolt|76/100|[from] item: Leftovers
|-heal|p2a: Steelix|100/100|[from] item: Leftovers
|upkeep
|turn|16
|
|move|p1a: Vikavolt|Energy Ball|p2a: Steelix
|-damage|p2a: Steelix|66/100
|move|p2a: Steelix|Toxic|p1a: Vikavolt|[miss]
|-miss|p2a: Steelix|p1a: Vikavolt
|
|-heal|p1a: Vikavolt|82/100|[from] item: Leftovers
|-heal|p2a: Steelix|72/100|[from] item: Leftovers
|upkeep
|turn|17
|
|move|p1a: Vikavolt|Energy Ball|p2a: Steelix
|-damage|p2a: Steelix|39/100
|move|p2a: Steelix|Toxic|p1a: Vikavolt
|-status|p1a: Vikavolt|tox
|
|-heal|p1a: Vikavolt|88/100 tox|[from] item: Leftovers
|-heal|p2a: Steelix|45/100|[from] item: Leftovers
|-damage|p1a: Vikavolt|82/100 tox|[from] psn
|upkeep
|turn|18
|
|move|p1a: Vikavolt|Energy Ball|p2a: Steelix
|-damage|p2a: Steelix|9/100
|move|p2a: Steelix|Stealth Rock|p1a: Vikavolt
|-sidestart|p1: OriginalSurko|move: Stealth Rock
|
|-heal|p1a: Vikavolt|88/100 tox|[from] item: Leftovers
|-heal|p2a: Steelix|15/100|[from] item: Leftovers
|-damage|p1a: Vikavolt|76/100 tox|[from] psn
|upkeep
|turn|19
|
|move|p1a: Vikavolt|Energy Ball|p2a: Steelix
|-damage|p2a: Steelix|0 fnt
|faint|p2a: Steelix
|
|-heal|p1a: Vikavolt|82/100 tox|[from] item: Leftovers
|-damage|p1a: Vikavolt|64/100 tox|[from] psn
|upkeep
|
|switch|p2a: Indeedee|Indeedee, M|100/100
|-damage|p2a: Indeedee|88/100|[from] Stealth Rock
|-fieldstart|move: Psychic Terrain|[from] ability: Psychic Surge|[of] p2a: Indeedee
|turn|20
|
|move|p2a: Indeedee|Psychic|p1a: Vikavolt
|-damage|p1a: Vikavolt|0 fnt
|faint|p1a: Vikavolt
|
|upkeep
|
|switch|p1a: Xatu|Xatu, F|100/100
|-damage|p1a: Xatu|76/100|[from] Stealth Rock
|turn|21
|
|switch|p2a: Scrafty|Scrafty, M|100/100
|-damage|p2a: Scrafty|95/100|[from] Stealth Rock
|move|p1a: Xatu|Defog|p2a: Scrafty
|-unboost|p2a: Scrafty|evasion|1
|-sideend|p2: v1olette2|Stealth Rock|[from] move: Defog|[of] p1a: Xatu
|-sideend|p1: OriginalSurko|Stealth Rock|[from] move: Defog|[of] p1a: Xatu
|-fieldend|move: Psychic Terrain
|
|-heal|p1a: Xatu|82/100|[from] item: Leftovers
|-heal|p2a: Scrafty|100/100|[from] item: Leftovers
|upkeep
|turn|22
|
|switch|p1a: Steelix|Steelix, M|44/100
|move|p2a: Scrafty|Super Fang|p1a: Steelix
|-damage|p1a: Steelix|23/100
|
|upkeep
|turn|23
|
|switch|p2a: Jellicent|Jellicent, F|100/100
|move|p1a: Steelix|Stealth Rock|p2a: Jellicent
|-sidestart|p2: v1olette2|move: Stealth Rock
|
|upkeep
|turn|24
|
|move|p2a: Jellicent|Scald|p1a: Steelix
|-supereffective|p1a: Steelix
|-damage|p1a: Steelix|0 fnt
|faint|p1a: Steelix
|
|upkeep
|
|switch|p1a: Xatu|Xatu, F|82/100
|turn|25
|
|switch|p2a: Scrafty|Scrafty, M|100/100
|-damage|p2a: Scrafty|95/100|[from] Stealth Rock
|move|p1a: Xatu|Toxic|p2a: Scrafty
|-status|p2a: Scrafty|tox
|
|-heal|p1a: Xatu|88/100|[from] item: Leftovers
|-heal|p2a: Scrafty|100/100 tox|[from] item: Leftovers
|-damage|p2a: Scrafty|95/100 tox|[from] psn
|upkeep
|turn|26
|
|switch|p1a: Hitmonlee|Hitmonlee, M|100/100
|move|p2a: Scrafty|Knock Off|p1a: Hitmonlee
|-resisted|p1a: Hitmonlee
|-damage|p1a: Hitmonlee|66/100
|-enditem|p1a: Hitmonlee|Normal Gem|[from] move: Knock Off|[of] p2a: Scrafty
|
|-heal|p2a: Scrafty|100/100 tox|[from] item: Leftovers
|-damage|p2a: Scrafty|89/100 tox|[from] psn
|upkeep
|turn|27
|
|switch|p2a: Qwilfish|Qwilfish, M, shiny|100/100
|-damage|p2a: Qwilfish|88/100|[from] Stealth Rock
|-ability|p2a: Qwilfish|Intimidate|boost
|-unboost|p1a: Hitmonlee|atk|1
|move|p1a: Hitmonlee|Knock Off|p2a: Qwilfish
|-damage|p2a: Qwilfish|69/100
|-enditem|p2a: Qwilfish|Leftovers|[from] move: Knock Off|[of] p1a: Hitmonlee
|
|upkeep
|turn|28
|
|switch|p1a: Xatu|Xatu, F|88/100
|move|p2a: Qwilfish|Poison Jab|p1a: Xatu
|-damage|p1a: Xatu|52/100
|
|-heal|p1a: Xatu|58/100|[from] item: Leftovers
|upkeep
|turn|29
|
|switch|p1a: Hitmonlee|Hitmonlee, M|66/100
|switch|p2a: Scrafty|Scrafty, M|89/100 tox
|-damage|p2a: Scrafty|83/100 tox|[from] Stealth Rock
|
|-heal|p2a: Scrafty|89/100 tox|[from] item: Leftovers
|-damage|p2a: Scrafty|83/100 tox|[from] psn
|upkeep
|turn|30
|
|switch|p2a: Qwilfish|Qwilfish, M, shiny|69/100
|-damage|p2a: Qwilfish|56/100|[from] Stealth Rock
|-ability|p2a: Qwilfish|Intimidate|boost
|-unboost|p1a: Hitmonlee|atk|1
|move|p1a: Hitmonlee|Close Combat|p2a: Qwilfish
|-resisted|p2a: Qwilfish
|-damage|p2a: Qwilfish|39/100
|-unboost|p1a: Hitmonlee|def|1
|-unboost|p1a: Hitmonlee|spd|1
|
|upkeep
|turn|31
|
|switch|p1a: Xatu|Xatu, F|58/100
|move|p2a: Qwilfish|Poison Jab|p1a: Xatu
|-damage|p1a: Xatu|21/100
|
|-heal|p1a: Xatu|27/100|[from] item: Leftovers
|upkeep
|turn|32
|
|move|p1a: Xatu|Roost|p1a: Xatu
|-heal|p1a: Xatu|77/100
|-singleturn|p1a: Xatu|move: Roost
|move|p2a: Qwilfish|Poison Jab|p1a: Xatu
|-damage|p1a: Xatu|40/100
|-status|p1a: Xatu|psn
|
|-heal|p1a: Xatu|46/100 psn|[from] item: Leftovers
|-damage|p1a: Xatu|34/100 psn|[from] psn
|upkeep
|turn|33
|
|switch|p2a: Scrafty|Scrafty, M|83/100 tox
|-damage|p2a: Scrafty|77/100 tox|[from] Stealth Rock
|move|p1a: Xatu|Roost|p1a: Xatu
|-heal|p1a: Xatu|84/100 psn
|-singleturn|p1a: Xatu|move: Roost
|
|-heal|p1a: Xatu|90/100 psn|[from] item: Leftovers
|-heal|p2a: Scrafty|83/100 tox|[from] item: Leftovers
|-damage|p1a: Xatu|78/100 psn|[from] psn
|-damage|p2a: Scrafty|77/100 tox|[from] psn
|upkeep
|turn|34
|
|switch|p1a: Hitmonlee|Hitmonlee, M|66/100
|move|p2a: Scrafty|Knock Off|p1a: Hitmonlee
|-resisted|p1a: Hitmonlee
|-damage|p1a: Hitmonlee|40/100
|
|-heal|p2a: Scrafty|83/100 tox|[from] item: Leftovers
|-damage|p2a: Scrafty|71/100 tox|[from] psn
|upkeep
|turn|35
|
|switch|p2a: Qwilfish|Qwilfish, M, shiny|39/100
|-damage|p2a: Qwilfish|27/100|[from] Stealth Rock
|-ability|p2a: Qwilfish|Intimidate|boost
|-unboost|p1a: Hitmonlee|atk|1
|move|p1a: Hitmonlee|Knock Off|p2a: Qwilfish
|-damage|p2a: Qwilfish|14/100
|
|upkeep
|turn|36
|
|move|p1a: Hitmonlee|Knock Off|p2a: Qwilfish
|-damage|p2a: Qwilfish|0 fnt
|faint|p2a: Qwilfish
|
|upkeep
|
|switch|p2a: Indeedee|Indeedee, M|88/100
|-damage|p2a: Indeedee|76/100|[from] Stealth Rock
|-fieldstart|move: Psychic Terrain|[from] ability: Psychic Surge|[of] p2a: Indeedee
|turn|37
|
|move|p2a: Indeedee|Psychic|p1a: Hitmonlee
|-supereffective|p1a: Hitmonlee
|-damage|p1a: Hitmonlee|0 fnt
|faint|p1a: Hitmonlee
|
|upkeep
|
|switch|p1a: Xatu|Xatu, F|78/100 psn
|turn|38
|
|switch|p2a: Scrafty|Scrafty, M|71/100 tox
|-damage|p2a: Scrafty|65/100 tox|[from] Stealth Rock
|switch|p1a: Eiscue|Eiscue, M|100/100
|
|-activate|p2a: Scrafty|ability: Shed Skin
|-curestatus|p2a: Scrafty|tox|[msg]
|-heal|p2a: Scrafty|71/100|[from] item: Leftovers
|upkeep
|turn|39
|
|move|p1a: Eiscue|Substitute|p1a: Eiscue
|-start|p1a: Eiscue|Substitute
|-damage|p1a: Eiscue|75/100
|move|p2a: Scrafty|Knock Off|p1a: Eiscue
|-end|p1a: Eiscue|Substitute
|
|-heal|p2a: Scrafty|77/100|[from] item: Leftovers
|upkeep
|turn|40
|j| Ponyhofleiter
|
|move|p1a: Eiscue|Belly Drum|p1a: Eiscue
|-damage|p1a: Eiscue|25/100
|-setboost|p1a: Eiscue|atk|6|[from] move: Belly Drum
|-enditem|p1a: Eiscue|Salac Berry|[eat]
|-boost|p1a: Eiscue|spe|1|[from] item: Salac Berry
|move|p2a: Scrafty|Bulk Up|p2a: Scrafty
|-boost|p2a: Scrafty|atk|1
|-boost|p2a: Scrafty|def|1
|
|-heal|p2a: Scrafty|83/100|[from] item: Leftovers
|upkeep
|turn|41
|l| Ponyhofleiter
|
|move|p1a: Eiscue|Ice Punch|p2a: Scrafty
|-damage|p2a: Scrafty|13/100
|move|p2a: Scrafty|Knock Off|p1a: Eiscue
|-activate|p1a: Eiscue|ability: Ice Face
|-damage|p1a: Eiscue|25/100
|detailschange|p1a: Eiscue|Eiscue-Noice, M
|
|-heal|p2a: Scrafty|19/100|[from] item: Leftovers
|-fieldend|move: Psychic Terrain
|upkeep
|turn|42
|c|☆OriginalSurko|thank you
|
|move|p1a: Eiscue|Ice Punch|p2a: Scrafty
|-damage|p2a: Scrafty|0 fnt
|faint|p2a: Scrafty
|
|upkeep
|
|switch|p2a: Indeedee|Indeedee, M|76/100
|-damage|p2a: Indeedee|64/100|[from] Stealth Rock
|-fieldstart|move: Psychic Terrain|[from] ability: Psychic Surge|[of] p2a: Indeedee
|turn|43
|
|move|p1a: Eiscue|Ice Punch|p2a: Indeedee
|-damage|p2a: Indeedee|0 fnt
|faint|p2a: Indeedee
|
|upkeep
|
|switch|p2a: Jellicent|Jellicent, F|100/100
|-damage|p2a: Jellicent|88/100|[from] Stealth Rock
|turn|44
|
|move|p1a: Eiscue|Ice Punch|p2a: Jellicent
|-resisted|p2a: Jellicent
|-damage|p2a: Jellicent|39/100
|move|p2a: Jellicent|Scald|p1a: Eiscue
|-damage|p1a: Eiscue|0 fnt
|faint|p1a: Eiscue
|
|-heal|p2a: Jellicent|45/100|[from] item: Leftovers
|upkeep
|
|switch|p1a: Xatu|Xatu, F|78/100 psn
|turn|45
|
|move|p1a: Xatu|Toxic|p2a: Jellicent
|-status|p2a: Jellicent|tox
|move|p2a: Jellicent|Recover|p2a: Jellicent
|-heal|p2a: Jellicent|95/100 tox
|
|-heal|p1a: Xatu|84/100 psn|[from] item: Leftovers
|-heal|p2a: Jellicent|100/100 tox|[from] item: Leftovers
|-damage|p1a: Xatu|71/100 psn|[from] psn
|-damage|p2a: Jellicent|94/100 tox|[from] psn
|upkeep
|turn|46
|
|move|p1a: Xatu|Roost|p1a: Xatu
|-heal|p1a: Xatu|100/100 psn
|-singleturn|p1a: Xatu|move: Roost
|move|p2a: Jellicent|Scald|p1a: Xatu
|-damage|p1a: Xatu|79/100 psn
|
|-heal|p1a: Xatu|85/100 psn|[from] item: Leftovers
|-heal|p2a: Jellicent|100/100 tox|[from] item: Leftovers
|-damage|p1a: Xatu|72/100 psn|[from] psn
|-damage|p2a: Jellicent|88/100 tox|[from] psn
|upkeep
|turn|47
|
|move|p1a: Xatu|Toxic|p2a: Jellicent
|-fail|p2a: Jellicent|tox
|move|p2a: Jellicent|Scald|p1a: Xatu
|-damage|p1a: Xatu|49/100 psn
|
|-heal|p1a: Xatu|55/100 psn|[from] item: Leftovers
|-heal|p2a: Jellicent|94/100 tox|[from] item: Leftovers
|-damage|p1a: Xatu|43/100 psn|[from] psn
|-damage|p2a: Jellicent|76/100 tox|[from] psn
|-fieldend|move: Psychic Terrain
|upkeep
|turn|48
|
|move|p1a: Xatu|Roost|p1a: Xatu
|-heal|p1a: Xatu|93/100 psn
|-singleturn|p1a: Xatu|move: Roost
|move|p2a: Jellicent|Scald|p1a: Xatu
|-damage|p1a: Xatu|73/100 psn
|
|-heal|p1a: Xatu|79/100 psn|[from] item: Leftovers
|-heal|p2a: Jellicent|82/100 tox|[from] item: Leftovers
|-damage|p1a: Xatu|66/100 psn|[from] psn
|-damage|p2a: Jellicent|57/100 tox|[from] psn
|upkeep
|turn|49
|
|move|p1a: Xatu|Roost|p1a: Xatu
|-heal|p1a: Xatu|100/100 psn
|-singleturn|p1a: Xatu|move: Roost
|move|p2a: Jellicent|Recover|p2a: Jellicent
|-heal|p2a: Jellicent|100/100 tox
|
|-damage|p1a: Xatu|88/100 psn|[from] psn
|-damage|p2a: Jellicent|69/100 tox|[from] psn
|upkeep
|turn|50
|
|move|p1a: Xatu|Psychic|p2a: Jellicent
|-damage|p2a: Jellicent|47/100 tox
|-unboost|p2a: Jellicent|spd|1
|move|p2a: Jellicent|Scald|p1a: Xatu
|-damage|p1a: Xatu|67/100 psn
|
|-heal|p1a: Xatu|73/100 psn|[from] item: Leftovers
|-heal|p2a: Jellicent|53/100 tox|[from] item: Leftovers
|-damage|p1a: Xatu|61/100 psn|[from] psn
|-damage|p2a: Jellicent|16/100 tox|[from] psn
|upkeep
|turn|51
|
|move|p1a: Xatu|Roost|p1a: Xatu
|-heal|p1a: Xatu|100/100 psn
|-singleturn|p1a: Xatu|move: Roost
|move|p2a: Jellicent|Recover|p2a: Jellicent
|-heal|p2a: Jellicent|66/100 tox
|
|-heal|p2a: Jellicent|72/100 tox|[from] item: Leftovers
|-damage|p1a: Xatu|88/100 psn|[from] psn
|-damage|p2a: Jellicent|29/100 tox|[from] psn
|upkeep
|turn|52
|
|move|p1a: Xatu|Psychic|p2a: Jellicent
|-damage|p2a: Jellicent|0 fnt
|faint|p2a: Jellicent
|
|-heal|p1a: Xatu|94/100 psn|[from] item: Leftovers
|-damage|p1a: Xatu|82/100 psn|[from] psn
|upkeep
|
|switch|p2a: Charizard|Charizard, F|25/100
|turn|53
|
|move|p2a: Charizard|Roost|p2a: Charizard
|-heal|p2a: Charizard|75/100
|-singleturn|p2a: Charizard|move: Roost
|move|p1a: Xatu|Toxic|p2a: Charizard
|-status|p2a: Charizard|tox
|
|-heal|p1a: Xatu|88/100 psn|[from] item: Leftovers
|-damage|p2a: Charizard|69/100 tox|[from] psn
|-damage|p1a: Xatu|76/100 psn|[from] psn
|upkeep
|turn|54
|
|move|p2a: Charizard|Hurricane|p1a: Xatu
|-damage|p1a: Xatu|26/100 psn
|move|p1a: Xatu|Roost|p1a: Xatu
|-heal|p1a: Xatu|76/100 psn
|-singleturn|p1a: Xatu|move: Roost
|
|-heal|p1a: Xatu|82/100 psn|[from] item: Leftovers
|-damage|p2a: Charizard|57/100 tox|[from] psn
|-damage|p1a: Xatu|70/100 psn|[from] psn
|upkeep
|turn|55
|
|move|p2a: Charizard|Hurricane|p1a: Xatu
|-damage|p1a: Xatu|22/100 psn
|move|p1a: Xatu|Roost|p1a: Xatu
|-heal|p1a: Xatu|72/100 psn
|-singleturn|p1a: Xatu|move: Roost
|
|-heal|p1a: Xatu|78/100 psn|[from] item: Leftovers
|-damage|p2a: Charizard|39/100 tox|[from] psn
|-damage|p1a: Xatu|66/100 psn|[from] psn
|upkeep
|turn|56
|
|move|p2a: Charizard|Hurricane|p1a: Xatu
|-damage|p1a: Xatu|17/100 psn
|move|p1a: Xatu|Roost|p1a: Xatu
|-heal|p1a: Xatu|67/100 psn
|-singleturn|p1a: Xatu|move: Roost
|
|-heal|p1a: Xatu|73/100 psn|[from] item: Leftovers
|-damage|p2a: Charizard|14/100 tox|[from] psn
|-damage|p1a: Xatu|61/100 psn|[from] psn
|upkeep
|turn|57
|c|☆OriginalSurko|gg
|
|move|p2a: Charizard|Hurricane|p1a: Xatu
|-damage|p1a: Xatu|11/100 psn
|move|p1a: Xatu|Roost|p1a: Xatu
|-heal|p1a: Xatu|61/100 psn
|-singleturn|p1a: Xatu|move: Roost
|
|-heal|p1a: Xatu|67/100 psn|[from] item: Leftovers
|-damage|p2a: Charizard|0 fnt|[from] psn
|faint|p2a: Charizard
|
|win|OriginalSurko
|upkeep
||Ladder (probably) updated, but score could not be retrieved (Response not received).
