|j|☆Petric stollas
|j|☆literallyfreemoney
|t:|1630369083
|gametype|singles
|player|p1|Petric stollas|170|1194
|player|p2|literallyfreemoney|17|1393
|teamsize|p1|6
|teamsize|p2|6
|gen|8
|tier|[Gen 8] RU
|rated|
|rule|Sleep Clause Mod: Limit one foe put to sleep
|rule|Species Clause: Limit one of each Pokémon
|rule|OHKO Clause: OHKO moves are banned
|rule|Evasion Moves Clause: Evasion moves are banned
|rule|Endless Battle Clause: Forcing endless battles is banned
|rule|HP Percentage Mod: HP is shown in percentages
|rule|Dynamax Clause: You cannot dynamax
|clearpoke
|poke|p1|Cloyster, M|
|poke|p1|Vanilluxe, F|
|poke|p1|Klefki, M|
|poke|p1|Togekiss, M|
|poke|p1|Xurkitree|
|poke|p1|Metagross|
|poke|p2|Lucario, F|
|poke|p2|Aerodactyl, F|
|poke|p2|Golisopod, M|
|poke|p2|Vaporeon, M|
|poke|p2|Chandelure, M|
|poke|p2|Goodra, M|
|teampreview
|
|t:|1630369089
|start
|switch|p1a: Xurkitree|Xurkitree|100/100
|switch|p2a: Puhteradactyl|Aerodactyl, F|100/100
|-ability|p2a: Puhteradactyl|Unnerve
|turn|1
|
|t:|1630369097
|move|p2a: Puhteradactyl|Stealth Rock|p1a: Xurkitree
|-sidestart|p1: Petric stollas|move: Stealth Rock
|move|p1a: Xurkitree|Zap Cannon|p2a: Puhteradactyl
|-supereffective|p2a: Puhteradactyl
|-enditem|p2a: Puhteradactyl|Focus Sash
|-damage|p2a: Puhteradactyl|1/100
|-status|p2a: Puhteradactyl|par
|
|upkeep
|turn|2
|
|t:|1630369106
|move|p1a: Xurkitree|Thunderbolt|p2a: Puhteradactyl
|-supereffective|p2a: Puhteradactyl
|-damage|p2a: Puhteradactyl|0 fnt
|faint|p2a: Puhteradactyl
|-ability|p1a: Xurkitree|Beast Boost|boost
|-boost|p1a: Xurkitree|spa|1
|
|upkeep
|
|t:|1630369112
|switch|p2a: Goodra|Goodra, M|100/100
|turn|3
|
|t:|1630369122
|move|p1a: Xurkitree|Calm Mind|p1a: Xurkitree
|-boost|p1a: Xurkitree|spa|1
|-boost|p1a: Xurkitree|spd|1
|move|p2a: Goodra|Draco Meteor|p1a: Xurkitree|[miss]
|-miss|p2a: Goodra|p1a: Xurkitree
|
|upkeep
|turn|4
|
|t:|1630369129
|move|p1a: Xurkitree|Calm Mind|p1a: Xurkitree
|-boost|p1a: Xurkitree|spa|1
|-boost|p1a: Xurkitree|spd|1
|move|p2a: Goodra|Ice Beam|p1a: Xurkitree
|-damage|p1a: Xurkitree|78/100
|-status|p1a: Xurkitree|frz
|
|upkeep
|turn|5
|
|t:|1630369142
|switch|p2a: Lucy|Lucario, F|100/100
|-curestatus|p1a: Xurkitree|frz|[msg]
|move|p1a: Xurkitree|Zap Cannon|p2a: Lucy|[miss]
|-miss|p1a: Xurkitree|p2a: Lucy
|-enditem|p1a: Xurkitree|Blunder Policy
|-boost|p1a: Xurkitree|spe|2
|
|upkeep
|turn|6
|c|☆literallyfreemoney|lmao
|c|☆literallyfreemoney|omg
|
|t:|1630369158
|move|p2a: Lucy|Extreme Speed|p1a: Xurkitree
|-damage|p1a: Xurkitree|33/100
|-damage|p2a: Lucy|91/100|[from] item: Life Orb
|move|p1a: Xurkitree|Thunderbolt|p2a: Lucy
|-damage|p2a: Lucy|0 fnt
|faint|p2a: Lucy
|-ability|p1a: Xurkitree|Beast Boost|boost
|-boost|p1a: Xurkitree|spa|1
|
|upkeep
|
|t:|1630369162
|switch|p2a: *w*G O A L I E*w*|Golisopod, M|100/100
|turn|7
|
|t:|1630369171
|switch|p1a: Metagross|Metagross|100/100
|-damage|p1a: Metagross|94/100|[from] Stealth Rock
|move|p2a: *w*G O A L I E*w*|First Impression|p1a: Metagross
|-damage|p1a: Metagross|64/100
|-damage|p2a: *w*G O A L I E*w*|84/100|[from] item: Rocky Helmet|[of] p1a: Metagross
|
|upkeep
|turn|8
|
|t:|1630369181
|move|p1a: Metagross|Stealth Rock|p2a: *w*G O A L I E*w*
|-sidestart|p2: literallyfreemoney|move: Stealth Rock
|move|p2a: *w*G O A L I E*w*|Knock Off|p1a: Metagross
|-supereffective|p1a: Metagross
|-damage|p1a: Metagross|20/100
|-damage|p2a: *w*G O A L I E*w*|68/100|[from] item: Rocky Helmet|[of] p1a: Metagross
|-enditem|p1a: Metagross|Rocky Helmet|[from] move: Knock Off|[of] p2a: *w*G O A L I E*w*
|
|upkeep
|turn|9
|
|t:|1630369194
|move|p1a: Metagross|Toxic|p2a: *w*G O A L I E*w*|[miss]
|-miss|p1a: Metagross|p2a: *w*G O A L I E*w*
|move|p2a: *w*G O A L I E*w*|Spikes|p1a: Metagross
|-sidestart|p1: Petric stollas|Spikes
|
|upkeep
|turn|10
|
|t:|1630369200
|move|p1a: Metagross|Toxic|p2a: *w*G O A L I E*w*
|-status|p2a: *w*G O A L I E*w*|tox
|move|p2a: *w*G O A L I E*w*|Knock Off|p1a: Metagross
|-supereffective|p1a: Metagross
|-damage|p1a: Metagross|0 fnt
|faint|p1a: Metagross
|
|-damage|p2a: *w*G O A L I E*w*|61/100 tox|[from] psn
|upkeep
|
|t:|1630369215
|switch|p1a: Togekiss|Togekiss, M|100/100
|-damage|p1a: Togekiss|76/100|[from] Stealth Rock
|turn|11
|
|t:|1630369227
|switch|p2a: Goodra|Goodra, M|100/100
|-damage|p2a: Goodra|88/100|[from] Stealth Rock
|move|p1a: Togekiss|Defog|p2a: Goodra
|-unboost|p2a: Goodra|evasion|1
|-sideend|p2: literallyfreemoney|Stealth Rock|[from] move: Defog|[of] p1a: Togekiss
|-sideend|p1: Petric stollas|Spikes|[from] move: Defog|[of] p1a: Togekiss
|-sideend|p1: Petric stollas|Stealth Rock|[from] move: Defog|[of] p1a: Togekiss
|
|-heal|p1a: Togekiss|82/100|[from] item: Leftovers
|upkeep
|turn|12
|
|t:|1630369237
|move|p2a: Goodra|Thunderbolt|p1a: Togekiss
|-supereffective|p1a: Togekiss
|-damage|p1a: Togekiss|34/100
|move|p1a: Togekiss|Thunder Wave|p2a: Goodra
|-status|p2a: Goodra|par
|
|-heal|p1a: Togekiss|40/100|[from] item: Leftovers
|upkeep
|turn|13
|
|t:|1630369248
|move|p1a: Togekiss|Air Slash|p2a: Goodra
|-damage|p2a: Goodra|66/100 par
|move|p2a: Goodra|Ice Beam|p1a: Togekiss
|-supereffective|p1a: Togekiss
|-damage|p1a: Togekiss|0 fnt
|faint|p1a: Togekiss
|
|upkeep
|
|t:|1630369279
|switch|p1a: Vanilluxe|Vanilluxe, F|100/100
|-weather|Hail|[from] ability: Snow Warning|[of] p1a: Vanilluxe
|turn|14
|
|t:|1630369285
|switch|p2a: Vaporeon|Vaporeon, M|100/100
|move|p1a: Vanilluxe|Aurora Veil|p1a: Vanilluxe
|-sidestart|p1: Petric stollas|move: Aurora Veil
|
|-weather|Hail|[upkeep]
|-damage|p2a: Vaporeon|94/100|[from] Hail
|-heal|p2a: Vaporeon|100/100|[from] item: Leftovers
|upkeep
|turn|15
|
|t:|1630369296
|switch|p1a: Xurkitree|Xurkitree|33/100
|move|p2a: Vaporeon|Heal Bell|p2a: Vaporeon
|-activate|p2a: Vaporeon|move: Heal Bell
|-curestatus|p2: *w*G O A L I E*w*|tox|[msg]
|-curestatus|p2: Goodra|par|[msg]
|
|-weather|Hail|[upkeep]
|-damage|p1a: Xurkitree|27/100|[from] Hail
|-damage|p2a: Vaporeon|94/100|[from] Hail
|-heal|p2a: Vaporeon|100/100|[from] item: Leftovers
|upkeep
|turn|16
|j| SunQdl
|
|t:|1630369314
|move|p1a: Xurkitree|Thunderbolt|p2a: Vaporeon
|-supereffective|p2a: Vaporeon
|-damage|p2a: Vaporeon|0 fnt
|faint|p2a: Vaporeon
|-ability|p1a: Xurkitree|Beast Boost|boost
|-boost|p1a: Xurkitree|spa|1
|
|-weather|Hail|[upkeep]
|-damage|p1a: Xurkitree|21/100|[from] Hail
|upkeep
|
|t:|1630369318
|switch|p2a: *w*G O A L I E*w*|Golisopod, M|61/100
|turn|17
|
|t:|1630369327
|move|p2a: *w*G O A L I E*w*|First Impression|p1a: Xurkitree
|-damage|p1a: Xurkitree|0 fnt
|faint|p1a: Xurkitree
|
|-weather|Hail|[upkeep]
|-damage|p2a: *w*G O A L I E*w*|55/100|[from] Hail
|upkeep
|
|t:|1630369335
|switch|p1a: Cloyster|Cloyster, M|100/100
|turn|18
|c|☆literallyfreemoney|gg
|
|t:|1630369348
|move|p1a: Cloyster|Shell Smash|p1a: Cloyster
|-unboost|p1a: Cloyster|def|1
|-unboost|p1a: Cloyster|spd|1
|-boost|p1a: Cloyster|atk|2
|-boost|p1a: Cloyster|spa|2
|-boost|p1a: Cloyster|spe|2
|-enditem|p1a: Cloyster|White Herb
|-clearnegativeboost|p1a: Cloyster|[silent]
|move|p2a: *w*G O A L I E*w*|Knock Off|p1a: Cloyster
|-damage|p1a: Cloyster|90/100
|
|-weather|none
|-sideend|p1: Petric stollas|move: Aurora Veil
|upkeep
|turn|19
|-message|literallyfreemoney forfeited.
|
|win|Petric stollas
|raw|Petric stollas's rating: 1194 &rarr; <strong>1232</strong><br />(+38 for winning)
|raw|literallyfreemoney's rating: 1393 &rarr; <strong>1363</strong><br />(-30 for losing)
|l|☆literallyfreemoney
