|j|☆Sheerluck Holmes
|j|☆Its oyster time
|t:|1652612239
|gametype|singles
|player|p1|Sheerluck Holmes|ash|1372
|player|p2|Its oyster time|ninjaboy|1461
|teamsize|p1|6
|teamsize|p2|6
|gen|8
|tier|[Gen 8] RU
|rated|
|rule|Sleep Clause Mod: Limit one foe put to sleep
|rule|Species Clause: Limit one of each Pokémon
|rule|OHKO Clause: OHKO moves are banned
|rule|Evasion Moves Clause: Evasion moves are banned
|rule|Endless Battle Clause: Forcing endless battles is banned
|rule|HP Percentage Mod: HP is shown in percentages
|rule|Dynamax Clause: You cannot dynamax
|clearpoke
|poke|p1|Chandelure, F|
|poke|p1|Nidoqueen, F|
|poke|p1|Bronzong|
|poke|p1|Togekiss, F|
|poke|p1|Golisopod, M|
|poke|p1|Flygon, M|
|poke|p2|Umbreon, M|
|poke|p2|Pyukumuku, F|
|poke|p2|Nidoqueen, F|
|poke|p2|Reuniclus, F|
|poke|p2|Registeel|
|poke|p2|Togekiss, F|
|teampreview
|inactive|Battle timer is ON: inactive players will automatically lose when time's up. (requested by Sheerluck Holmes)
|inactive|Its oyster time also wants the timer to be on.
|
|t:|1652612255
|start
|switch|p1a: Chandelure|Chandelure, F|100/100
|switch|p2a: Nidoqueen|Nidoqueen, F|100/100
|turn|1
|
|t:|1652612264
|switch|p1a: Bronzong|Bronzong|100/100
|move|p2a: Nidoqueen|Earth Power|p1a: Bronzong
|-immune|p1a: Bronzong|[from] ability: Levitate
|
|upkeep
|turn|2
|
|t:|1652612268
|move|p2a: Nidoqueen|Stealth Rock|p1a: Bronzong
|-sidestart|p1: Sheerluck Holmes|move: Stealth Rock
|move|p1a: Bronzong|Stealth Rock|p2a: Nidoqueen
|-sidestart|p2: Its oyster time|move: Stealth Rock
|
|upkeep
|turn|3
|
|t:|1652612281
|switch|p2a: Reuniclus|Reuniclus, F|100/100
|move|p1a: Bronzong|Earthquake|p2a: Reuniclus
|-crit|p2a: Reuniclus
|-damage|p2a: Reuniclus|77/100
|
|upkeep
|turn|4
|
|t:|1652612287
|switch|p1a: Golisopod|Golisopod, M|100/100
|move|p2a: Reuniclus|Psyshock|p1a: Golisopod
|-damage|p1a: Golisopod|73/100
|
|upkeep
|turn|5
|
|t:|1652612292
|switch|p2a: Togekiss|Togekiss, F|100/100
|move|p1a: Golisopod|Knock Off|p2a: Togekiss
|-resisted|p2a: Togekiss
|-damage|p2a: Togekiss|88/100
|-enditem|p2a: Togekiss|Heavy-Duty Boots|[from] move: Knock Off|[of] p1a: Golisopod
|
|upkeep
|turn|6
|
|t:|1652612309
|switch|p1a: Bronzong|Bronzong|100/100
|-damage|p1a: Bronzong|94/100|[from] Stealth Rock
|move|p2a: Togekiss|Air Slash|p1a: Bronzong
|-resisted|p1a: Bronzong
|-damage|p1a: Bronzong|84/100
|
|-heal|p1a: Bronzong|90/100|[from] item: Leftovers
|upkeep
|turn|7
|
|t:|1652612315
|switch|p2a: Reuniclus|Reuniclus, F|77/100
|move|p1a: Bronzong|Heavy Slam|p2a: Reuniclus
|-damage|p2a: Reuniclus|49/100
|-damage|p1a: Bronzong|74/100|[from] item: Rocky Helmet|[of] p2a: Reuniclus
|
|-heal|p1a: Bronzong|80/100|[from] item: Leftovers
|upkeep
|turn|8
|
|t:|1652612335
|switch|p1a: Togekiss|Togekiss, F|100/100
|-damage|p1a: Togekiss|76/100|[from] Stealth Rock
|move|p2a: Reuniclus|Recover|p2a: Reuniclus
|-heal|p2a: Reuniclus|99/100
|
|upkeep
|turn|9
|
|t:|1652612340
|switch|p2a: Nidoqueen|Nidoqueen, F|100/100
|-damage|p2a: Nidoqueen|94/100|[from] Stealth Rock
|move|p1a: Togekiss|Trick|p2a: Nidoqueen
|-activate|p1a: Togekiss|move: Trick|[of] p2a: Nidoqueen
|-item|p2a: Nidoqueen|Choice Scarf|[from] move: Trick
|-item|p1a: Togekiss|Black Sludge|[from] move: Trick
|
|-damage|p1a: Togekiss|64/100|[from] item: Black Sludge
|upkeep
|turn|10
|
|t:|1652612345
|switch|p1a: Bronzong|Bronzong|80/100
|-damage|p1a: Bronzong|74/100|[from] Stealth Rock
|move|p2a: Nidoqueen|Ice Beam|p1a: Bronzong
|-resisted|p1a: Bronzong
|-damage|p1a: Bronzong|66/100
|
|-heal|p1a: Bronzong|72/100|[from] item: Leftovers
|upkeep
|turn|11
|
|t:|1652612356
|switch|p2a: Reuniclus|Reuniclus, F|99/100
|move|p1a: Bronzong|Toxic|p2a: Reuniclus
|-status|p2a: Reuniclus|tox
|
|-heal|p1a: Bronzong|79/100|[from] item: Leftovers
|upkeep
|turn|12
|
|t:|1652612361
|switch|p1a: Togekiss|Togekiss, F|64/100
|-damage|p1a: Togekiss|39/100|[from] Stealth Rock
|move|p2a: Reuniclus|Psyshock|p1a: Togekiss
|-damage|p1a: Togekiss|2/100
|
|-damage|p1a: Togekiss|0 fnt|[from] item: Black Sludge
|faint|p1a: Togekiss
|upkeep
|
|t:|1652612365
|switch|p1a: Chandelure|Chandelure, F|100/100
|-damage|p1a: Chandelure|76/100|[from] Stealth Rock
|turn|13
|
|t:|1652612371
|switch|p2a: Umbreon|Umbreon, M|100/100
|move|p1a: Chandelure|Flamethrower|p2a: Umbreon
|-crit|p2a: Umbreon
|-damage|p2a: Umbreon|40/100
|-status|p2a: Umbreon|brn
|-activate|p2a: Umbreon|ability: Synchronize
|-immune|p1a: Chandelure
|
|-damage|p2a: Umbreon|33/100 brn|[from] brn
|upkeep
|turn|14
|j| Schattenw0lf
|
|t:|1652612376
|switch|p2a: Pyukumuku|Pyukumuku, F|100/100
|-damage|p2a: Pyukumuku|88/100|[from] Stealth Rock
|move|p1a: Chandelure|Flamethrower|p2a: Pyukumuku
|-resisted|p2a: Pyukumuku
|-damage|p2a: Pyukumuku|55/100
|
|-heal|p2a: Pyukumuku|61/100|[from] item: Leftovers
|upkeep
|turn|15
|
|t:|1652612379
|switch|p1a: Bronzong|Bronzong|79/100
|-damage|p1a: Bronzong|72/100|[from] Stealth Rock
|move|p2a: Pyukumuku|Recover|p2a: Pyukumuku
|-heal|p2a: Pyukumuku|100/100
|
|-heal|p1a: Bronzong|79/100|[from] item: Leftovers
|upkeep
|turn|16
|
|t:|1652612385
|switch|p2a: Reuniclus|Reuniclus, F|99/100 tox
|move|p1a: Bronzong|Toxic|p2a: Reuniclus
|-fail|p2a: Reuniclus|tox
|
|-heal|p1a: Bronzong|85/100|[from] item: Leftovers
|upkeep
|turn|17
|
|t:|1652612393
|switch|p1a: Golisopod|Golisopod, M|73/100
|move|p2a: Reuniclus|Calm Mind|p2a: Reuniclus
|-boost|p2a: Reuniclus|spa|1
|-boost|p2a: Reuniclus|spd|1
|
|upkeep
|turn|18
|
|t:|1652612399
|switch|p2a: Togekiss|Togekiss, F|88/100
|-damage|p2a: Togekiss|63/100|[from] Stealth Rock
|move|p1a: Golisopod|First Impression|p2a: Togekiss
|-resisted|p2a: Togekiss
|-damage|p2a: Togekiss|53/100
|
|upkeep
|turn|19
|
|t:|1652612404
|switch|p1a: Bronzong|Bronzong|85/100
|-damage|p1a: Bronzong|79/100|[from] Stealth Rock
|move|p2a: Togekiss|Roost|p2a: Togekiss
|-heal|p2a: Togekiss|100/100
|-singleturn|p2a: Togekiss|move: Roost
|
|-heal|p1a: Bronzong|85/100|[from] item: Leftovers
|upkeep
|turn|20
|
|t:|1652612419
|switch|p2a: Pyukumuku|Pyukumuku, F|100/100
|-damage|p2a: Pyukumuku|88/100|[from] Stealth Rock
|switch|p1a: Chandelure|Chandelure, F|76/100
|-damage|p1a: Chandelure|51/100|[from] Stealth Rock
|
|-heal|p2a: Pyukumuku|94/100|[from] item: Leftovers
|upkeep
|turn|21
|
|t:|1652612425
|move|p1a: Chandelure|Trick|p2a: Pyukumuku
|-activate|p1a: Chandelure|move: Trick|[of] p2a: Pyukumuku
|-item|p2a: Pyukumuku|Choice Specs|[from] move: Trick
|-item|p1a: Chandelure|Leftovers|[from] move: Trick
|move|p2a: Pyukumuku|Toxic|p1a: Chandelure
|-status|p1a: Chandelure|tox
|
|-heal|p1a: Chandelure|57/100 tox|[from] item: Leftovers
|-damage|p1a: Chandelure|51/100 tox|[from] psn
|upkeep
|turn|22
|
|t:|1652612432
|move|p1a: Chandelure|Shadow Ball|p2a: Pyukumuku
|-damage|p2a: Pyukumuku|51/100
|-unboost|p2a: Pyukumuku|spd|1
|move|p2a: Pyukumuku|Toxic|p1a: Chandelure
|-fail|p1a: Chandelure|tox
|
|-heal|p1a: Chandelure|57/100 tox|[from] item: Leftovers
|-damage|p1a: Chandelure|45/100 tox|[from] psn
|upkeep
|turn|23
|
|t:|1652612439
|move|p1a: Chandelure|Shadow Ball|p2a: Pyukumuku
|-damage|p2a: Pyukumuku|0 fnt
|faint|p2a: Pyukumuku
|
|-heal|p1a: Chandelure|51/100 tox|[from] item: Leftovers
|-damage|p1a: Chandelure|32/100 tox|[from] psn
|upkeep
|
|t:|1652612441
|switch|p2a: Nidoqueen|Nidoqueen, F|94/100
|-damage|p2a: Nidoqueen|88/100|[from] Stealth Rock
|turn|24
|
|t:|1652612446
|switch|p1a: Bronzong|Bronzong|85/100
|-damage|p1a: Bronzong|79/100|[from] Stealth Rock
|move|p2a: Nidoqueen|Ice Beam|p1a: Bronzong
|-resisted|p1a: Bronzong
|-damage|p1a: Bronzong|71/100
|
|-heal|p1a: Bronzong|77/100|[from] item: Leftovers
|upkeep
|turn|25
|
|t:|1652612451
|switch|p2a: Reuniclus|Reuniclus, F|99/100 tox
|switch|p1a: Flygon|Flygon, M|100/100
|-damage|p1a: Flygon|94/100|[from] Stealth Rock
|
|-heal|p1a: Flygon|100/100|[from] item: Leftovers
|upkeep
|turn|26
|
|t:|1652612455
|move|p1a: Flygon|Defog|p2a: Reuniclus
|-unboost|p2a: Reuniclus|evasion|1
|-sideend|p2: Its oyster time|Stealth Rock|[from] move: Defog|[of] p1a: Flygon
|-sideend|p1: Sheerluck Holmes|Stealth Rock|[from] move: Defog|[of] p1a: Flygon
|move|p2a: Reuniclus|Calm Mind|p2a: Reuniclus
|-boost|p2a: Reuniclus|spa|1
|-boost|p2a: Reuniclus|spd|1
|
|upkeep
|turn|27
|
|t:|1652612461
|switch|p1a: Golisopod|Golisopod, M|73/100
|move|p2a: Reuniclus|Psyshock|p1a: Golisopod
|-damage|p1a: Golisopod|36/100
|-activate|p1a: Golisopod|ability: Emergency Exit
|
|t:|1652612463
|switch|p1a: Chandelure|Chandelure, F|32/100 tox
|
|-heal|p1a: Chandelure|38/100 tox|[from] item: Leftovers
|-damage|p1a: Chandelure|32/100 tox|[from] psn
|upkeep
|turn|28
|
|t:|1652612471
|move|p1a: Chandelure|Shadow Ball|p2a: Reuniclus
|-supereffective|p2a: Reuniclus
|-damage|p2a: Reuniclus|43/100 tox
|move|p2a: Reuniclus|Recover|p2a: Reuniclus
|-heal|p2a: Reuniclus|93/100 tox
|
|-heal|p1a: Chandelure|38/100 tox|[from] item: Leftovers
|-damage|p1a: Chandelure|26/100 tox|[from] psn
|upkeep
|turn|29
|
|t:|1652612481
|switch|p1a: Golisopod|Golisopod, M|36/100
|move|p2a: Reuniclus|Recover|p2a: Reuniclus
|-heal|p2a: Reuniclus|100/100 tox
|
|upkeep
|turn|30
|
|t:|1652612486
|switch|p2a: Togekiss|Togekiss, F|100/100
|move|p1a: Golisopod|Knock Off|p2a: Togekiss
|-resisted|p2a: Togekiss
|-damage|p2a: Togekiss|91/100
|
|upkeep
|turn|31
|
|t:|1652612498
|switch|p1a: Bronzong|Bronzong|77/100
|move|p2a: Togekiss|Air Slash|p1a: Bronzong
|-resisted|p1a: Bronzong
|-crit|p1a: Bronzong
|-damage|p1a: Bronzong|62/100
|
|-heal|p1a: Bronzong|68/100|[from] item: Leftovers
|upkeep
|turn|32
|
|t:|1652612502
|switch|p2a: Umbreon|Umbreon, M|33/100 brn
|move|p1a: Bronzong|Stealth Rock|p2a: Umbreon
|-sidestart|p2: Its oyster time|move: Stealth Rock
|
|-heal|p1a: Bronzong|74/100|[from] item: Leftovers
|-damage|p2a: Umbreon|27/100 brn|[from] brn
|upkeep
|turn|33
|
|t:|1652612504
|move|p2a: Umbreon|Wish|p2a: Umbreon
|move|p1a: Bronzong|Heavy Slam|p2a: Umbreon
|-damage|p2a: Umbreon|0 fnt
|faint|p2a: Umbreon
|
|-heal|p1a: Bronzong|80/100|[from] item: Leftovers
|upkeep
|
|t:|1652612514
|switch|p2a: Reuniclus|Reuniclus, F|100/100 tox
|turn|34
|
|t:|1652612522
|switch|p1a: Flygon|Flygon, M|100/100
|move|p2a: Reuniclus|Calm Mind|p2a: Reuniclus
|-boost|p2a: Reuniclus|spa|1
|-boost|p2a: Reuniclus|spd|1
|
|upkeep
|turn|35
|
|t:|1652612528
|move|p1a: Flygon|Earthquake|p2a: Reuniclus
|-damage|p2a: Reuniclus|78/100 tox
|move|p2a: Reuniclus|Recover|p2a: Reuniclus
|-heal|p2a: Reuniclus|100/100 tox
|
|upkeep
|turn|36
|
|t:|1652612533
|switch|p1a: Golisopod|Golisopod, M|36/100
|move|p2a: Reuniclus|Psyshock|p1a: Golisopod
|-damage|p1a: Golisopod|0 fnt
|faint|p1a: Golisopod
|
|upkeep
|
|t:|1652612535
|switch|p1a: Chandelure|Chandelure, F|26/100 tox
|turn|37
|
|t:|1652612538
|move|p1a: Chandelure|Shadow Ball|p2a: Reuniclus
|-supereffective|p2a: Reuniclus
|-damage|p2a: Reuniclus|47/100 tox
|-unboost|p2a: Reuniclus|spd|1
|move|p2a: Reuniclus|Recover|p2a: Reuniclus
|-heal|p2a: Reuniclus|97/100 tox
|
|-heal|p1a: Chandelure|32/100 tox|[from] item: Leftovers
|-damage|p1a: Chandelure|26/100 tox|[from] psn
|upkeep
|turn|38
|
|t:|1652612543
|switch|p2a: Registeel|Registeel|100/100
|-damage|p2a: Registeel|94/100|[from] Stealth Rock
|move|p1a: Chandelure|Shadow Ball|p2a: Registeel
|-damage|p2a: Registeel|71/100
|
|-heal|p1a: Chandelure|32/100 tox|[from] item: Leftovers
|-heal|p2a: Registeel|77/100|[from] item: Leftovers
|-damage|p1a: Chandelure|20/100 tox|[from] psn
|upkeep
|turn|39
|
|t:|1652612554
|switch|p1a: Nidoqueen|Nidoqueen, F|100/100
|switch|p2a: Nidoqueen|Nidoqueen, F|88/100
|-damage|p2a: Nidoqueen|82/100|[from] Stealth Rock
|
|upkeep
|turn|40
|
|t:|1652612560
|switch|p1a: Bronzong|Bronzong|80/100
|move|p2a: Nidoqueen|Earth Power|p1a: Bronzong
|-immune|p1a: Bronzong|[from] ability: Levitate
|
|-heal|p1a: Bronzong|87/100|[from] item: Leftovers
|upkeep
|turn|41
|
|t:|1652612569
|switch|p1a: Chandelure|Chandelure, F|20/100 tox
|move|p2a: Nidoqueen|Earth Power|p1a: Chandelure
|-supereffective|p1a: Chandelure
|-damage|p1a: Chandelure|0 fnt
|faint|p1a: Chandelure
|
|upkeep
|
|t:|1652612578
|switch|p1a: Bronzong|Bronzong|87/100
|turn|42
|
|t:|1652612583
|switch|p2a: Reuniclus|Reuniclus, F|97/100 tox
|switch|p1a: Nidoqueen|Nidoqueen, F|100/100
|
|upkeep
|turn|43
|
|t:|1652612586
|move|p1a: Nidoqueen|Sludge Wave|p2a: Reuniclus
|-damage|p2a: Reuniclus|39/100 tox
|move|p2a: Reuniclus|Calm Mind|p2a: Reuniclus
|-boost|p2a: Reuniclus|spa|1
|-boost|p2a: Reuniclus|spd|1
|
|upkeep
|turn|44
|
|t:|1652612589
|move|p1a: Nidoqueen|Sludge Wave|p2a: Reuniclus
|-crit|p2a: Reuniclus
|-damage|p2a: Reuniclus|0 fnt
|faint|p2a: Reuniclus
|
|upkeep
|c|☆Its oyster time|man
|
|t:|1652612612
|switch|p2a: Nidoqueen|Nidoqueen, F|82/100
|-damage|p2a: Nidoqueen|75/100|[from] Stealth Rock
|turn|45
|
|t:|1652612625
|switch|p1a: Bronzong|Bronzong|87/100
|move|p2a: Nidoqueen|Earth Power|p1a: Bronzong
|-immune|p1a: Bronzong|[from] ability: Levitate
|
|-heal|p1a: Bronzong|93/100|[from] item: Leftovers
|upkeep
|turn|46
|
|t:|1652612629
|switch|p2a: Registeel|Registeel|77/100
|-damage|p2a: Registeel|71/100|[from] Stealth Rock
|move|p1a: Bronzong|Toxic|p2a: Registeel
|-immune|p2a: Registeel
|
|-heal|p2a: Registeel|77/100|[from] item: Leftovers
|-heal|p1a: Bronzong|99/100|[from] item: Leftovers
|upkeep
|turn|47
|
|t:|1652612631
|move|p2a: Registeel|Iron Defense|p2a: Registeel
|-boost|p2a: Registeel|def|2
|move|p1a: Bronzong|Earthquake|p2a: Registeel
|-supereffective|p2a: Registeel
|-crit|p2a: Registeel
|-damage|p2a: Registeel|36/100
|
|-heal|p2a: Registeel|42/100|[from] item: Leftovers
|-heal|p1a: Bronzong|100/100|[from] item: Leftovers
|upkeep
|turn|48
|
|t:|1652612641
|switch|p1a: Flygon|Flygon, M|100/100
|move|p2a: Registeel|Body Press|p1a: Flygon
|-damage|p1a: Flygon|49/100
|
|-heal|p1a: Flygon|55/100|[from] item: Leftovers
|-heal|p2a: Registeel|48/100|[from] item: Leftovers
|upkeep
|turn|49
|
|t:|1652612643
|move|p2a: Registeel|Protect|p2a: Registeel
|-singleturn|p2a: Registeel|Protect
|move|p1a: Flygon|Earthquake|p2a: Registeel
|-activate|p2a: Registeel|move: Protect
|
|-heal|p1a: Flygon|61/100|[from] item: Leftovers
|-heal|p2a: Registeel|54/100|[from] item: Leftovers
|upkeep
|turn|50
|
|t:|1652612646
|switch|p2a: Togekiss|Togekiss, F|91/100
|-damage|p2a: Togekiss|66/100|[from] Stealth Rock
|move|p1a: Flygon|Earthquake|p2a: Togekiss
|-immune|p2a: Togekiss
|
|-heal|p1a: Flygon|67/100|[from] item: Leftovers
|upkeep
|turn|51
|
|t:|1652612654
|switch|p2a: Nidoqueen|Nidoqueen, F|75/100
|-damage|p2a: Nidoqueen|69/100|[from] Stealth Rock
|move|p1a: Flygon|Toxic|p2a: Nidoqueen
|-immune|p2a: Nidoqueen
|
|-heal|p1a: Flygon|73/100|[from] item: Leftovers
|upkeep
|turn|52
|
|t:|1652612657
|switch|p1a: Bronzong|Bronzong|100/100
|move|p2a: Nidoqueen|Ice Beam|p1a: Bronzong
|-resisted|p1a: Bronzong
|-damage|p1a: Bronzong|93/100
|
|-heal|p1a: Bronzong|99/100|[from] item: Leftovers
|upkeep
|turn|53
|
|t:|1652612662
|switch|p2a: Togekiss|Togekiss, F|66/100
|-damage|p2a: Togekiss|41/100|[from] Stealth Rock
|move|p1a: Bronzong|Heavy Slam|p2a: Togekiss
|-supereffective|p2a: Togekiss
|-damage|p2a: Togekiss|0 fnt
|faint|p2a: Togekiss
|
|-heal|p1a: Bronzong|100/100|[from] item: Leftovers
|upkeep
|
|t:|1652612664
|switch|p2a: Registeel|Registeel|54/100
|-damage|p2a: Registeel|48/100|[from] Stealth Rock
|turn|54
|
|t:|1652612672
|switch|p1a: Nidoqueen|Nidoqueen, F|100/100
|move|p2a: Registeel|Iron Defense|p2a: Registeel
|-boost|p2a: Registeel|def|2
|
|-heal|p2a: Registeel|54/100|[from] item: Leftovers
|upkeep
|turn|55
|l| Schattenw0lf
|c|☆Sheerluck Holmes|gg
|c|☆Its oyster time|ofc u had to crit
|c|☆Its oyster time|fuck no
|
|t:|1652612685
|move|p1a: Nidoqueen|Earth Power|p2a: Registeel
|-supereffective|p2a: Registeel
|-damage|p2a: Registeel|0 fnt
|faint|p2a: Registeel
|
|upkeep
|
|t:|1652612688
|switch|p2a: Nidoqueen|Nidoqueen, F|69/100
|-damage|p2a: Nidoqueen|63/100|[from] Stealth Rock
|turn|56
|
|t:|1652612691
|switch|p1a: Bronzong|Bronzong|100/100
|move|p2a: Nidoqueen|Earth Power|p1a: Bronzong
|-immune|p1a: Bronzong|[from] ability: Levitate
|
|upkeep
|turn|57
|
|t:|1652612694
|move|p2a: Nidoqueen|Earth Power|p1a: Bronzong
|-immune|p1a: Bronzong|[from] ability: Levitate
|move|p1a: Bronzong|Earthquake|p2a: Nidoqueen
|-supereffective|p2a: Nidoqueen
|-damage|p2a: Nidoqueen|19/100
|
|upkeep
|turn|58
|
|t:|1652612697
|move|p2a: Nidoqueen|Earth Power|p1a: Bronzong
|-immune|p1a: Bronzong|[from] ability: Levitate
|move|p1a: Bronzong|Earthquake|p2a: Nidoqueen
|-supereffective|p2a: Nidoqueen
|-damage|p2a: Nidoqueen|0 fnt
|faint|p2a: Nidoqueen
|
|win|Sheerluck Holmes
|raw|Sheerluck Holmes's rating: 1372 &rarr; <strong>1398</strong><br />(+26 for winning)
|raw|Its oyster time's rating: 1480 &rarr; <strong>1454</strong><br />(-26 for losing)
|l|☆Its oyster time
