|j|☆Vubuu
|j|☆Dancanmanfan
|t:|1596886510
|player|p1|Vubuu|cameraman|1045
|player|p2|Dancanmanfan|clay|1143
|teamsize|p1|6
|teamsize|p2|6
|gametype|singles
|gen|8
|tier|[Gen 8] RU
|rated|
|clearpoke
|poke|p1|Gigalith, F|
|poke|p1|Lycanroc, M|
|poke|p1|Virizion|
|poke|p1|Xatu, F|
|poke|p1|Silvally-*|
|poke|p1|Indeedee-F, F|
|poke|p2|Inteleon, M|
|poke|p2|Centiskorch, M|
|poke|p2|Galvantula, F|
|poke|p2|Scrafty, F|
|poke|p2|Silvally-*|
|poke|p2|Lycanroc, F|
|rule|Sleep Clause Mod: Limit one foe put to sleep
|rule|Species Clause: Limit one of each Pokémon
|rule|OHKO Clause: OHKO moves are banned
|rule|Evasion Moves Clause: Evasion moves are banned
|rule|Endless Battle Clause: Forcing endless battles is banned
|rule|HP Percentage Mod: HP is shown in percentages
|rule|Dynamax Clause: You cannot dynamax
|teampreview
|inactive|Battle timer is ON: inactive players will automatically lose when time's up. (requested by Vubuu)
|
|t:|1596886533
|start
|switch|p1a: Gigalith|Gigalith, F|100/100
|switch|p2a: Inteleon|Inteleon, M|100/100
|-weather|Sandstorm|[from] ability: Sand Stream|[of] p1a: Gigalith
|turn|1
|
|t:|1596886542
|switch|p1a: Virizion|Virizion|100/100
|move|p2a: Inteleon|Snipe Shot|p1a: Virizion
|-resisted|p1a: Virizion
|-crit|p1a: Virizion
|-damage|p1a: Virizion|55/100
|
|-weather|Sandstorm|[upkeep]
|-damage|p1a: Virizion|49/100|[from] Sandstorm
|-damage|p2a: Inteleon|94/100|[from] Sandstorm
|upkeep
|turn|2
|
|t:|1596886550
|switch|p1a: Lycanroc|Lycanroc, M|100/100
|switch|p2a: Centiskorch|Centiskorch, M|100/100
|
|-weather|Sandstorm|[upkeep]
|-damage|p2a: Centiskorch|94/100|[from] Sandstorm
|upkeep
|turn|3
|
|t:|1596886564
|move|p1a: Lycanroc|Stone Edge|p2a: Centiskorch
|-supereffective|p2a: Centiskorch
|-damage|p2a: Centiskorch|0 fnt
|-damage|p1a: Lycanroc|91/100|[from] item: Life Orb
|faint|p2a: Centiskorch
|
|-weather|Sandstorm|[upkeep]
|upkeep
|
|t:|1596886571
|switch|p2a: Silvally|Silvally-Fairy|100/100
|turn|4
|
|t:|1596886576
|switch|p1a: Indeedee|Indeedee-F, F|100/100
|-fieldstart|move: Psychic Terrain|[from] ability: Psychic Surge|[of] p1a: Indeedee
|move|p2a: Silvally|Multi-Attack|p1a: Indeedee
|-damage|p1a: Indeedee|19/100
|
|-weather|Sandstorm|[upkeep]
|-damage|p2a: Silvally|94/100|[from] Sandstorm
|-damage|p1a: Indeedee|13/100|[from] Sandstorm
|upkeep
|turn|5
|
|t:|1596886579
|move|p2a: Silvally|Multi-Attack|p1a: Indeedee
|-damage|p1a: Indeedee|0 fnt
|faint|p1a: Indeedee
|
|-weather|Sandstorm|[upkeep]
|-damage|p2a: Silvally|88/100|[from] Sandstorm
|upkeep
|
|t:|1596886585
|switch|p1a: Xatu|Xatu, F|100/100
|turn|6
|
|t:|1596886589
|move|p2a: Silvally|Flame Charge|p1a: Xatu
|-damage|p1a: Xatu|87/100
|-boost|p2a: Silvally|spe|1
|move|p1a: Xatu|Psyshock|p2a: Silvally
|-damage|p2a: Silvally|61/100
|
|-weather|Sandstorm|[upkeep]
|-damage|p2a: Silvally|55/100|[from] Sandstorm
|-damage|p1a: Xatu|81/100|[from] Sandstorm
|upkeep
|turn|7
|
|t:|1596886595
|move|p2a: Silvally|Swords Dance|p2a: Silvally
|-boost|p2a: Silvally|atk|2
|move|p1a: Xatu|Teleport|p1a: Xatu
|
|t:|1596886599
|switch|p1a: Lycanroc|Lycanroc, M|91/100|[from]move: Teleport
|
|-weather|Sandstorm|[upkeep]
|-damage|p2a: Silvally|49/100|[from] Sandstorm
|upkeep
|turn|8
|
|t:|1596886602
|move|p1a: Lycanroc|Stone Edge|p2a: Silvally
|-crit|p2a: Silvally
|-damage|p2a: Silvally|0 fnt
|-damage|p1a: Lycanroc|81/100|[from] item: Life Orb
|faint|p2a: Silvally
|
|-weather|none
|-fieldend|move: Psychic Terrain
|upkeep
|
|t:|1596886611
|switch|p2a: Galvantula|Galvantula, F|100/100
|turn|9
|
|t:|1596886620
|switch|p1a: Xatu|Xatu, F|81/100
|move|p2a: Galvantula|Giga Drain|p1a: Xatu
|-resisted|p1a: Xatu
|-damage|p1a: Xatu|65/100
|
|upkeep
|turn|10
|
|t:|1596886625
|switch|p1a: Gigalith|Gigalith, F|100/100
|-weather|Sandstorm|[from] ability: Sand Stream|[of] p1a: Gigalith
|move|p2a: Galvantula|Thunder|p1a: Gigalith
|-damage|p1a: Gigalith|73/100
|
|-weather|Sandstorm|[upkeep]
|-damage|p2a: Galvantula|94/100|[from] Sandstorm
|upkeep
|turn|11
|
|t:|1596886629
|switch|p1a: Xatu|Xatu, F|65/100
|move|p2a: Galvantula|Sticky Web|p1a: Xatu
|move|p1a: Xatu|Sticky Web|p2a: Galvantula|[from]Magic Bounce
|-sidestart|p2: Dancanmanfan|move: Sticky Web
|
|-weather|Sandstorm|[upkeep]
|-damage|p2a: Galvantula|88/100|[from] Sandstorm
|-damage|p1a: Xatu|59/100|[from] Sandstorm
|upkeep
|turn|12
|
|t:|1596886633
|move|p2a: Galvantula|Thunder|p1a: Xatu
|-supereffective|p1a: Xatu
|-damage|p1a: Xatu|0 fnt
|faint|p1a: Xatu
|
|-weather|Sandstorm|[upkeep]
|-damage|p2a: Galvantula|82/100|[from] Sandstorm
|upkeep
|
|t:|1596886636
|switch|p1a: Lycanroc|Lycanroc, M|81/100
|turn|13
|
|t:|1596886646
|move|p1a: Lycanroc|Stone Edge|p2a: Galvantula
|-supereffective|p2a: Galvantula
|-damage|p2a: Galvantula|0 fnt
|-damage|p1a: Lycanroc|71/100|[from] item: Life Orb
|faint|p2a: Galvantula
|
|-weather|Sandstorm|[upkeep]
|upkeep
|
|t:|1596886650
|switch|p2a: Lycanroc|Lycanroc, F|100/100
|-activate|p2a: Lycanroc|move: Sticky Web
|-unboost|p2a: Lycanroc|spe|1
|turn|14
|
|t:|1596886656
|move|p1a: Lycanroc|Close Combat|p2a: Lycanroc
|-supereffective|p2a: Lycanroc
|-damage|p2a: Lycanroc|0 fnt
|-unboost|p1a: Lycanroc|def|1
|-unboost|p1a: Lycanroc|spd|1
|-damage|p1a: Lycanroc|61/100|[from] item: Life Orb
|faint|p2a: Lycanroc
|
|-weather|Sandstorm|[upkeep]
|upkeep
|
|t:|1596886660
|switch|p2a: Scrafty|Scrafty, F|100/100
|-activate|p2a: Scrafty|move: Sticky Web
|-unboost|p2a: Scrafty|spe|1
|turn|15
|
|t:|1596886667
|move|p1a: Lycanroc|Close Combat|p2a: Scrafty
|-supereffective|p2a: Scrafty
|-damage|p2a: Scrafty|0 fnt
|-unboost|p1a: Lycanroc|def|1
|-unboost|p1a: Lycanroc|spd|1
|-damage|p1a: Lycanroc|51/100|[from] item: Life Orb
|faint|p2a: Scrafty
|
|-weather|Sandstorm|[upkeep]
|upkeep
|
|t:|1596886670
|switch|p2a: Inteleon|Inteleon, M|94/100
|-activate|p2a: Inteleon|move: Sticky Web
|-unboost|p2a: Inteleon|spe|1
|turn|16
|
|t:|1596886673
|move|p1a: Lycanroc|Close Combat|p2a: Inteleon
|-damage|p2a: Inteleon|0 fnt
|-unboost|p1a: Lycanroc|def|1
|-unboost|p1a: Lycanroc|spd|1
|-damage|p1a: Lycanroc|41/100|[from] item: Life Orb
|faint|p2a: Inteleon
|
|win|Vubuu
|c|☆Dancanmanfan|gg
|raw|Vubuu's rating: 1046 &rarr; <strong>1088</strong><br />(+42 for winning)
|raw|Dancanmanfan's rating: 1143 &rarr; <strong>1111</strong><br />(-32 for losing)
|l|☆Dancanmanfan
