|j|☆wishful thinking 1
|j|‽DjDeadlyHugs
|t:|1645421144
|gametype|singles
|player|p1|wishful thinking 1|102|1509
|player|p2|DjDeadlyHugs|blackbelt|1403
|teamsize|p1|6
|teamsize|p2|6
|gen|8
|tier|[Gen 8] RU
|rated|
|rule|Sleep Clause Mod: Limit one foe put to sleep
|rule|Species Clause: Limit one of each Pokémon
|rule|OHKO Clause: OHKO moves are banned
|rule|Evasion Moves Clause: Evasion moves are banned
|rule|Endless Battle Clause: Forcing endless battles is banned
|rule|HP Percentage Mod: HP is shown in percentages
|rule|Dynamax Clause: You cannot dynamax
|clearpoke
|poke|p1|Incineroar, F|
|poke|p1|Celebi|
|poke|p1|Rhyperior, M|
|poke|p1|Cobalion|
|poke|p1|Togekiss, F|
|poke|p1|Reuniclus, M|
|poke|p2|Celebi|
|poke|p2|Porygon-Z|
|poke|p2|Nidoqueen, F|
|poke|p2|Togekiss, F|
|poke|p2|Sharpedo, F|
|poke|p2|Bewear, F|
|teampreview
|inactive|Battle timer is ON: inactive players will automatically lose when time's up. (requested by DjDeadlyHugs)
|j| shehatescarlos
|
|t:|1645421159
|start
|switch|p1a: Reuniclus|Reuniclus, M|100/100
|switch|p2a: Nidoqueen|Nidoqueen, F|100/100
|turn|1
|
|t:|1645421169
|switch|p2a: Sharpedo|Sharpedo, F|100/100
|move|p1a: Reuniclus|Psyshock|p2a: Sharpedo
|-immune|p2a: Sharpedo
|
|upkeep
|turn|2
|
|t:|1645421176
|switch|p1a: Cobalion|Cobalion|100/100
|move|p2a: Sharpedo|Flip Turn|p1a: Cobalion
|-damage|p1a: Cobalion|62/100
|-damage|p2a: Sharpedo|91/100|[from] item: Life Orb
|l| shehatescarlos
|
|t:|1645421180
|switch|p2a: Nidoqueen|Nidoqueen, F|100/100|[from]move: Flip Turn
|
|-heal|p1a: Cobalion|68/100|[from] item: Leftovers
|upkeep
|turn|3
|
|t:|1645421190
|switch|p1a: Reuniclus|Reuniclus, M|100/100
|move|p2a: Nidoqueen|Earth Power|p1a: Reuniclus
|-damage|p1a: Reuniclus|48/100
|
|upkeep
|turn|4
|
|t:|1645421198
|switch|p1a: Rhyperior|Rhyperior, M|100/100
|move|p2a: Nidoqueen|Earth Power|p1a: Rhyperior
|-supereffective|p1a: Rhyperior
|-damage|p1a: Rhyperior|29/100
|
|-heal|p1a: Rhyperior|35/100|[from] item: Leftovers
|upkeep
|turn|5
|
|t:|1645421201
|switch|p1a: Togekiss|Togekiss, F|100/100
|move|p2a: Nidoqueen|Earth Power|p1a: Togekiss
|-immune|p1a: Togekiss
|
|upkeep
|turn|6
|
|t:|1645421206
|move|p2a: Nidoqueen|Sludge Wave|p1a: Togekiss
|-supereffective|p1a: Togekiss
|-damage|p1a: Togekiss|18/100
|move|p1a: Togekiss|Air Slash|p2a: Nidoqueen
|-damage|p2a: Nidoqueen|62/100
|
|upkeep
|turn|7
|
|t:|1645421211
|move|p2a: Nidoqueen|Earth Power|p1a: Togekiss
|-immune|p1a: Togekiss
|move|p1a: Togekiss|Defog|p2a: Nidoqueen
|-unboost|p2a: Nidoqueen|evasion|1
|
|upkeep
|turn|8
|
|t:|1645421217
|switch|p1a: Celebi|Celebi|100/100
|move|p2a: Nidoqueen|Sludge Wave|p1a: Celebi
|-supereffective|p1a: Celebi
|-damage|p1a: Celebi|0 fnt
|faint|p1a: Celebi
|
|upkeep
|-message|wishful thinking 1 forfeited.
|
|win|DjDeadlyHugs
|raw|wishful thinking 1's rating: 1509 &rarr; <strong>1483</strong><br />(-26 for losing)
|raw|DjDeadlyHugs's rating: 1403 &rarr; <strong>1429</strong><br />(+26 for winning)
|l|☆wishful thinking 1
