|j|☆whistling
|j|☆12949usersonline
|player|p1|whistling|proton|1623
|player|p2|12949usersonline|101|1329
|teamsize|p1|6
|teamsize|p2|6
|gametype|singles
|gen|8
|tier|[Gen 8] RU
|rated|
|clearpoke
|poke|p1|Passimian, M|
|poke|p1|Coalossal, M|
|poke|p1|Steelix, M|
|poke|p1|Mantine, M|
|poke|p1|Indeedee, M|
|poke|p1|Vileplume, F|
|poke|p2|Steelix, F|
|poke|p2|Vanilluxe, M|
|poke|p2|Mantine, F|
|poke|p2|Indeedee, M|
|poke|p2|Vileplume, F|
|poke|p2|Passimian, F|
|rule|Sleep Clause Mod: Limit one foe put to sleep
|rule|Species Clause: Limit one of each Pokémon
|rule|OHKO Clause: OHKO moves are banned
|rule|Evasion Moves Clause: Evasion moves are banned
|rule|Endless Battle Clause: Forcing endless battles is banned
|rule|HP Percentage Mod: HP is shown in percentages
|rule|Dynamax Clause: You cannot dynamax
|teampreview
|
|start
|switch|p1a: Coalossal|Coalossal, M|100/100
|switch|p2a: Steelix|Steelix, F|100/100
|turn|1
|inactive|Battle timer is ON: inactive players will automatically lose when time's up. (requested by 12949usersonline)
|
|move|p1a: Coalossal|Will-O-Wisp|p2a: Steelix
|-status|p2a: Steelix|brn
|move|p2a: Steelix|Earthquake|p1a: Coalossal
|-supereffective|p1a: Coalossal
|-damage|p1a: Coalossal|54/100
|
|-damage|p2a: Steelix|94/100 brn|[from] brn
|upkeep
|turn|2
|j|+Averardo
|j|+Meteordash
|
|move|p1a: Coalossal|Fire Blast|p2a: Steelix
|-supereffective|p2a: Steelix
|-damage|p2a: Steelix|43/100 brn
|move|p2a: Steelix|Earthquake|p1a: Coalossal
|-supereffective|p1a: Coalossal
|-damage|p1a: Coalossal|8/100
|
|-heal|p2a: Steelix|49/100 brn|[from] item: Leftovers
|-damage|p2a: Steelix|43/100 brn|[from] brn
|upkeep
|turn|3
|
|switch|p2a: Mantine|Mantine, F|100/100
|move|p1a: Coalossal|Spikes|p2a: Mantine
|-sidestart|p2: 12949usersonline|Spikes
|
|upkeep
|turn|4
|
|switch|p1a: Passimian|Passimian, M|100/100
|move|p2a: Mantine|Defog|p1a: Passimian
|-unboost|p1a: Passimian|evasion|1
|-ability|p1a: Passimian|Defiant
|-boost|p1a: Passimian|atk|2
|-sideend|p2: 12949usersonline|Spikes|[from] move: Defog|[of] p2a: Mantine
|
|upkeep
|turn|5
|
|switch|p2a: Passimian|Passimian, F|100/100
|move|p1a: Passimian|Close Combat|p2a: Passimian
|-damage|p2a: Passimian|0 fnt
|-unboost|p1a: Passimian|def|1
|-unboost|p1a: Passimian|spd|1
|faint|p2a: Passimian
|
|upkeep
|
|switch|p2a: Indeedee|Indeedee, M|100/100
|-fieldstart|move: Psychic Terrain|[from] ability: Psychic Surge|[of] p2a: Indeedee
|turn|6
|
|switch|p1a: Steelix|Steelix, M|100/100
|move|p2a: Indeedee|Psychic|p1a: Steelix
|-resisted|p1a: Steelix
|-damage|p1a: Steelix|67/100
|
|-heal|p1a: Steelix|73/100|[from] item: Leftovers
|upkeep
|turn|7
|j| Doictor_DraX
|l| Doictor_DraX
|
|switch|p2a: Mantine|Mantine, F|100/100
|move|p1a: Steelix|Stealth Rock|p2a: Mantine
|-sidestart|p2: 12949usersonline|move: Stealth Rock
|
|-heal|p1a: Steelix|79/100|[from] item: Leftovers
|upkeep
|turn|8
|
|move|p2a: Mantine|Defog|p1a: Steelix
|-unboost|p1a: Steelix|evasion|1
|-sideend|p2: 12949usersonline|Stealth Rock|[from] move: Defog|[of] p2a: Mantine
|-fieldend|move: Psychic Terrain
|move|p1a: Steelix|Toxic|p2a: Mantine|[miss]
|-miss|p1a: Steelix|p2a: Mantine
|
|-heal|p1a: Steelix|85/100|[from] item: Leftovers
|upkeep
|turn|9
|
|switch|p1a: Mantine|Mantine, M|100/100
|move|p2a: Mantine|Scald|p1a: Mantine
|-immune|p1a: Mantine|[from] ability: Water Absorb
|
|upkeep
|turn|10
|
|move|p1a: Mantine|Toxic|p2a: Mantine
|-status|p2a: Mantine|tox
|move|p2a: Mantine|Toxic|p1a: Mantine
|-status|p1a: Mantine|tox
|
|-damage|p1a: Mantine|94/100 tox|[from] psn
|-damage|p2a: Mantine|94/100 tox|[from] psn
|upkeep
|turn|11
|
|switch|p1a: Coalossal|Coalossal, M|8/100
|switch|p2a: Vanilluxe|Vanilluxe, M|100/100
|-weather|Hail|[from] ability: Snow Warning|[of] p2a: Vanilluxe
|
|-weather|Hail|[upkeep]
|-damage|p1a: Coalossal|2/100|[from] Hail
|upkeep
|turn|12
|
|move|p2a: Vanilluxe|Blizzard|p1a: Coalossal
|-resisted|p1a: Coalossal
|-damage|p1a: Coalossal|0 fnt
|faint|p1a: Coalossal
|
|-weather|Hail|[upkeep]
|upkeep
|
|switch|p1a: Passimian|Passimian, M|100/100
|turn|13
|
|switch|p2a: Vileplume|Vileplume, F|100/100
|move|p1a: Passimian|Gunk Shot|p2a: Vileplume
|-damage|p2a: Vileplume|54/100
|
|-weather|Hail|[upkeep]
|-damage|p1a: Passimian|94/100|[from] Hail
|-damage|p2a: Vileplume|48/100|[from] Hail
|-heal|p2a: Vileplume|54/100|[from] item: Black Sludge
|upkeep
|turn|14
|
|switch|p1a: Indeedee|Indeedee, M|100/100
|-fieldstart|move: Psychic Terrain|[from] ability: Psychic Surge|[of] p1a: Indeedee
|move|p2a: Vileplume|Strength Sap|p1a: Indeedee
|-unboost|p1a: Indeedee|atk|1
|-heal|p2a: Vileplume|88/100
|
|-weather|Hail|[upkeep]
|-damage|p1a: Indeedee|94/100|[from] Hail
|-damage|p2a: Vileplume|82/100|[from] Hail
|-heal|p2a: Vileplume|88/100|[from] item: Black Sludge
|upkeep
|turn|15
|
|switch|p2a: Mantine|Mantine, F|94/100 tox
|move|p1a: Indeedee|Trick|p2a: Mantine
|-activate|p1a: Indeedee|move: Trick|[of] p2a: Mantine
|-item|p2a: Mantine|Choice Scarf|[from] move: Trick
|-item|p1a: Indeedee|Heavy-Duty Boots|[from] move: Trick
|
|-weather|none
|-damage|p2a: Mantine|88/100 tox|[from] psn
|upkeep
|turn|16
|
|switch|p1a: Steelix|Steelix, M|85/100
|switch|p2a: Indeedee|Indeedee, M|100/100
|
|-heal|p1a: Steelix|91/100|[from] item: Leftovers
|upkeep
|turn|17
|
|move|p2a: Indeedee|Mystical Fire|p1a: Steelix
|-supereffective|p1a: Steelix
|-damage|p1a: Steelix|26/100
|-unboost|p1a: Steelix|spa|1
|move|p1a: Steelix|Heavy Slam|p2a: Indeedee
|-damage|p2a: Indeedee|28/100
|
|-heal|p1a: Steelix|32/100|[from] item: Leftovers
|upkeep
|turn|18
|
|switch|p2a: Vanilluxe|Vanilluxe, M|100/100
|-weather|Hail|[from] ability: Snow Warning|[of] p2a: Vanilluxe
|move|p1a: Steelix|Stealth Rock|p2a: Vanilluxe
|-sidestart|p2: 12949usersonline|move: Stealth Rock
|
|-weather|Hail|[upkeep]
|-damage|p1a: Steelix|26/100|[from] Hail
|-heal|p1a: Steelix|32/100|[from] item: Leftovers
|-fieldend|move: Psychic Terrain
|upkeep
|turn|19
|
|move|p2a: Vanilluxe|Blizzard|p1a: Steelix
|-damage|p1a: Steelix|0 fnt
|faint|p1a: Steelix
|
|-weather|Hail|[upkeep]
|upkeep
|
|switch|p1a: Passimian|Passimian, M|94/100
|turn|20
|
|switch|p2a: Steelix|Steelix, F|43/100 brn
|-damage|p2a: Steelix|40/100 brn|[from] Stealth Rock
|move|p1a: Passimian|Close Combat|p2a: Steelix
|-supereffective|p2a: Steelix
|-damage|p2a: Steelix|0 fnt
|-unboost|p1a: Passimian|def|1
|-unboost|p1a: Passimian|spd|1
|faint|p2a: Steelix
|
|-weather|Hail|[upkeep]
|-damage|p1a: Passimian|88/100|[from] Hail
|upkeep
|
|switch|p2a: Vileplume|Vileplume, F|88/100
|-damage|p2a: Vileplume|76/100|[from] Stealth Rock
|turn|21
|j| Ramolost
|
|switch|p1a: Indeedee|Indeedee, M|94/100
|-fieldstart|move: Psychic Terrain|[from] ability: Psychic Surge|[of] p1a: Indeedee
|move|p2a: Vileplume|Sludge Bomb|p1a: Indeedee
|-damage|p1a: Indeedee|48/100
|
|-weather|Hail|[upkeep]
|-damage|p1a: Indeedee|42/100|[from] Hail
|-damage|p2a: Vileplume|70/100|[from] Hail
|-heal|p2a: Vileplume|76/100|[from] item: Black Sludge
|upkeep
|turn|22
|
|switch|p2a: Mantine|Mantine, F|88/100 tox
|-damage|p2a: Mantine|63/100 tox|[from] Stealth Rock
|move|p1a: Indeedee|Psychic|p2a: Mantine
|-damage|p2a: Mantine|34/100 tox
|
|-weather|none
|-damage|p2a: Mantine|28/100 tox|[from] psn
|upkeep
|turn|23
|
|move|p1a: Indeedee|Psychic|p2a: Mantine
|-crit|p2a: Mantine
|-damage|p2a: Mantine|0 fnt
|faint|p2a: Mantine
|
|upkeep
|
|switch|p2a: Vanilluxe|Vanilluxe, M|100/100
|-weather|Hail|[from] ability: Snow Warning|[of] p2a: Vanilluxe
|turn|24
|
|switch|p1a: Vileplume|Vileplume, F|100/100
|move|p2a: Vanilluxe|Autotomize|p2a: Vanilluxe
|-boost|p2a: Vanilluxe|spe|2
|-start|p2a: Vanilluxe|Autotomize
|
|-weather|Hail|[upkeep]
|-damage|p1a: Vileplume|94/100|[from] Hail
|-heal|p1a: Vileplume|100/100|[from] item: Black Sludge
|upkeep
|turn|25
|
|move|p2a: Vanilluxe|Blizzard|p1a: Vileplume
|-supereffective|p1a: Vileplume
|-damage|p1a: Vileplume|0 fnt
|faint|p1a: Vileplume
|
|-weather|Hail|[upkeep]
|-fieldend|move: Psychic Terrain
|upkeep
|
|switch|p1a: Passimian|Passimian, M|88/100
|turn|26
|
|move|p2a: Vanilluxe|Blizzard|p1a: Passimian
|-damage|p1a: Passimian|0 fnt
|faint|p1a: Passimian
|
|-weather|Hail|[upkeep]
|upkeep
|
|switch|p1a: Indeedee|Indeedee, M|42/100
|-fieldstart|move: Psychic Terrain|[from] ability: Psychic Surge|[of] p1a: Indeedee
|turn|27
|
|move|p2a: Vanilluxe|Blizzard|p1a: Indeedee
|-damage|p1a: Indeedee|0 fnt
|faint|p1a: Indeedee
|
|-weather|Hail|[upkeep]
|upkeep
|
|switch|p1a: Mantine|Mantine, M|94/100 tox
|turn|28
|
|move|p2a: Vanilluxe|Freeze-Dry|p1a: Mantine
|-supereffective|p1a: Mantine
|-damage|p1a: Mantine|0 fnt
|faint|p1a: Mantine
|
|win|12949usersonline
|l|☆whistling
|l|+Averardo
|raw|whistling's rating: 1623 &rarr; <strong>1590</strong><br />(-33 for losing)
|raw|12949usersonline's rating: 1329 &rarr; <strong>1363</strong><br />(+34 for winning)
|l|+Meteordash
