|raw|<div class="broadcast-blue"><strong>This battle is required to be public due to a player having a name starting with 'rult70'.</div>
|j|‽toxrus1
|j|☆rult70m mac3 ✝
|t:|1626512884
|gametype|singles
|player|p1|toxrus1|beauty-gen4dp|1354
|player|p2|rult70m mac3 ✝|roxie|1466
|teamsize|p1|6
|teamsize|p2|6
|gen|8
|tier|[Gen 8] RU
|rated|
|rule|Sleep Clause Mod: Limit one foe put to sleep
|rule|Species Clause: Limit one of each Pokémon
|rule|OHKO Clause: OHKO moves are banned
|rule|Evasion Moves Clause: Evasion moves are banned
|rule|Endless Battle Clause: Forcing endless battles is banned
|rule|HP Percentage Mod: HP is shown in percentages
|rule|Dynamax Clause: You cannot dynamax
|clearpoke
|poke|p1|Indeedee, M|
|poke|p1|Incineroar, F|
|poke|p1|Cobalion|
|poke|p1|Noivern, M|
|poke|p1|Seismitoad, M|
|poke|p1|Toxtricity, M|
|poke|p2|Reuniclus, M|
|poke|p2|Metagross|
|poke|p2|Gastrodon, F|
|poke|p2|Tyrantrum, F|
|poke|p2|Roserade, F|
|poke|p2|Togekiss, M|
|teampreview
|inactive|Battle timer is ON: inactive players will automatically lose when time's up. (requested by toxrus1)
|
|t:|1626512915
|start
|switch|p1a: Toxtricity|Toxtricity, M|100/100
|switch|p2a: little lies|Metagross|100/100
|turn|1
|
|t:|1626512936
|switch|p1a: Seismitoad|Seismitoad, M|100/100
|move|p2a: little lies|Zen Headbutt|p1a: Seismitoad
|-damage|p1a: Seismitoad|50/100
|
|-heal|p1a: Seismitoad|57/100|[from] item: Leftovers
|upkeep
|turn|2
|
|t:|1626512944
|switch|p2a: isnt it midnight|Roserade, F|100/100
|move|p1a: Seismitoad|Stealth Rock|p2a: isnt it midnight
|-sidestart|p2: rult70m mac3 ✝|move: Stealth Rock
|
|-heal|p1a: Seismitoad|63/100|[from] item: Leftovers
|upkeep
|turn|3
|
|t:|1626512953
|switch|p1a: Toxtricity|Toxtricity, M|100/100
|move|p2a: isnt it midnight|Grass Knot|p1a: Toxtricity
|-resisted|p1a: Toxtricity
|-damage|p1a: Toxtricity|76/100
|
|upkeep
|turn|4
|
|t:|1626512967
|move|p2a: isnt it midnight|Sludge Bomb|p1a: Toxtricity
|-resisted|p1a: Toxtricity
|-damage|p1a: Toxtricity|42/100
|move|p1a: Toxtricity|Boomburst|p2a: isnt it midnight
|-damage|p2a: isnt it midnight|0 fnt
|faint|p2a: isnt it midnight
|
|upkeep
|
|t:|1626512982
|switch|p2a: big love|Togekiss, M|100/100
|turn|5
|
|t:|1626512990
|switch|p1a: Cobalion|Cobalion|100/100
|move|p2a: big love|Air Slash|p1a: Cobalion
|-damage|p1a: Cobalion|58/100
|
|upkeep
|turn|6
|
|t:|1626513003
|switch|p1a: Toxtricity|Toxtricity, M|42/100
|switch|p2a: tango in the night|Gastrodon, F|100/100
|
|upkeep
|turn|7
|
|t:|1626513014
|switch|p2a: everywhere|Tyrantrum, F|100/100
|-damage|p2a: everywhere|88/100|[from] Stealth Rock
|move|p1a: Toxtricity|Boomburst|p2a: everywhere
|-resisted|p2a: everywhere
|-damage|p2a: everywhere|3/100
|
|upkeep
|turn|8
|
|t:|1626513035
|switch|p1a: Cobalion|Cobalion|58/100
|move|p2a: everywhere|Stealth Rock|p1a: Cobalion
|-sidestart|p1: toxrus1|move: Stealth Rock
|
|upkeep
|turn|9
|
|t:|1626513045
|switch|p2a: little lies|Metagross|100/100
|-damage|p2a: little lies|95/100|[from] Stealth Rock
|move|p1a: Cobalion|Swords Dance|p1a: Cobalion
|-boost|p1a: Cobalion|atk|2
|
|upkeep
|turn|10
|
|t:|1626513049
|move|p1a: Cobalion|Close Combat|p2a: little lies
|-damage|p2a: little lies|0 fnt
|-unboost|p1a: Cobalion|def|1
|-unboost|p1a: Cobalion|spd|1
|faint|p2a: little lies
|
|upkeep
|
|t:|1626513054
|switch|p2a: tango in the night|Gastrodon, F|100/100
|turn|11
|
|t:|1626513063
|switch|p1a: Seismitoad|Seismitoad, M|63/100
|-damage|p1a: Seismitoad|57/100|[from] Stealth Rock
|move|p2a: tango in the night|Earth Power|p1a: Seismitoad
|-damage|p1a: Seismitoad|24/100
|
|-heal|p1a: Seismitoad|30/100|[from] item: Leftovers
|upkeep
|turn|12
|
|t:|1626513069
|move|p1a: Seismitoad|Knock Off|p2a: tango in the night
|-damage|p2a: tango in the night|85/100
|-enditem|p2a: tango in the night|Heavy-Duty Boots|[from] move: Knock Off|[of] p1a: Seismitoad
|move|p2a: tango in the night|Earth Power|p1a: Seismitoad
|-damage|p1a: Seismitoad|0 fnt
|faint|p1a: Seismitoad
|
|upkeep
|
|t:|1626513073
|switch|p1a: Toxtricity|Toxtricity, M|42/100
|-damage|p1a: Toxtricity|30/100|[from] Stealth Rock
|turn|13
|
|t:|1626513080
|switch|p2a: everywhere|Tyrantrum, F|3/100
|-damage|p2a: everywhere|0 fnt|[from] Stealth Rock
|faint|p2a: everywhere
|move|p1a: Toxtricity|Boomburst|p2: everywhere|[notarget]
|-fail|p1a: Toxtricity
|
|upkeep
|
|t:|1626513082
|switch|p2a: big love|Togekiss, M|100/100
|turn|14
|
|t:|1626513090
|switch|p1a: Noivern|Noivern, M|100/100
|-item|p2a: big love|Heavy-Duty Boots|[from] ability: Frisk|[of] p1a: Noivern|[identify]
|move|p2a: big love|Flamethrower|p1a: Noivern
|-resisted|p1a: Noivern
|-damage|p1a: Noivern|88/100
|
|upkeep
|turn|15
|
|t:|1626513096
|move|p1a: Noivern|Defog|p2a: big love
|-unboost|p2a: big love|evasion|1
|-sideend|p2: rult70m mac3 ✝|Stealth Rock|[from] move: Defog|[of] p1a: Noivern
|-sideend|p1: toxrus1|Stealth Rock|[from] move: Defog|[of] p1a: Noivern
|move|p2a: big love|Nasty Plot|p2a: big love
|-boost|p2a: big love|spa|2
|
|upkeep
|turn|16
|
|t:|1626513101
|move|p1a: Noivern|U-turn|p2a: big love
|-resisted|p2a: big love
|-damage|p2a: big love|98/100
|
|t:|1626513107
|switch|p1a: Incineroar|Incineroar, F|100/100|[from]move: U-turn
|-ability|p1a: Incineroar|Intimidate|boost
|-unboost|p2a: big love|atk|1
|move|p2a: big love|Air Slash|p1a: Incineroar
|-damage|p1a: Incineroar|57/100
|
|upkeep
|turn|17
|
|t:|1626513114
|switch|p1a: Noivern|Noivern, M|88/100
|-item|p2a: big love|Heavy-Duty Boots|[from] ability: Frisk|[of] p1a: Noivern|[identify]
|move|p2a: big love|Air Slash|p1a: Noivern
|-damage|p1a: Noivern|19/100
|
|upkeep
|turn|18
|
|t:|1626513118
|move|p1a: Noivern|Roost|p1a: Noivern
|-heal|p1a: Noivern|69/100
|-singleturn|p1a: Noivern|move: Roost
|move|p2a: big love|Air Slash|p1a: Noivern
|-damage|p1a: Noivern|6/100
|
|upkeep
|turn|19
|
|t:|1626513121
|move|p1a: Noivern|Roost|p1a: Noivern
|-heal|p1a: Noivern|56/100
|-singleturn|p1a: Noivern|move: Roost
|move|p2a: big love|Air Slash|p1a: Noivern
|-damage|p1a: Noivern|0 fnt
|faint|p1a: Noivern
|
|upkeep
|
|t:|1626513125
|switch|p1a: Indeedee|Indeedee, M|100/100
|-fieldstart|move: Psychic Terrain|[from] ability: Psychic Surge|[of] p1a: Indeedee
|turn|20
|
|t:|1626513137
|switch|p2a: tango in the night|Gastrodon, F|85/100
|move|p1a: Indeedee|Expanding Force|p2a: tango in the night
|-damage|p2a: tango in the night|24/100
|
|upkeep
|turn|21
|
|t:|1626513144
|move|p1a: Indeedee|Expanding Force|p2a: tango in the night
|-damage|p2a: tango in the night|0 fnt
|faint|p2a: tango in the night
|
|upkeep
|
|t:|1626513148
|switch|p2a: mystified|Reuniclus, M|100/100
|turn|22
|
|t:|1626513153
|switch|p1a: Toxtricity|Toxtricity, M|30/100
|move|p2a: mystified|Calm Mind|p2a: mystified
|-boost|p2a: mystified|spa|1
|-boost|p2a: mystified|spd|1
|
|upkeep
|turn|23
|
|t:|1626513172
|move|p1a: Toxtricity|Boomburst|p2a: mystified
|-damage|p2a: mystified|43/100
|move|p2a: mystified|Recover|p2a: mystified
|-heal|p2a: mystified|93/100
|
|-heal|p2a: mystified|99/100|[from] item: Leftovers
|upkeep
|turn|24
|
|t:|1626513178
|move|p1a: Toxtricity|Boomburst|p2a: mystified
|-damage|p2a: mystified|42/100
|move|p2a: mystified|Calm Mind|p2a: mystified
|-boost|p2a: mystified|spa|1
|-boost|p2a: mystified|spd|1
|
|-heal|p2a: mystified|48/100|[from] item: Leftovers
|-fieldend|move: Psychic Terrain
|upkeep
|turn|25
|
|t:|1626513182
|move|p1a: Toxtricity|Boomburst|p2a: mystified
|-damage|p2a: mystified|6/100
|move|p2a: mystified|Recover|p2a: mystified
|-heal|p2a: mystified|57/100
|
|-heal|p2a: mystified|63/100|[from] item: Leftovers
|upkeep
|turn|26
|
|t:|1626513185
|move|p1a: Toxtricity|Boomburst|p2a: mystified
|-damage|p2a: mystified|17/100
|move|p2a: mystified|Recover|p2a: mystified
|-heal|p2a: mystified|68/100
|
|-heal|p2a: mystified|74/100|[from] item: Leftovers
|upkeep
|turn|27
|
|t:|1626513191
|move|p1a: Toxtricity|Boomburst|p2a: mystified
|-damage|p2a: mystified|30/100
|move|p2a: mystified|Recover|p2a: mystified
|-heal|p2a: mystified|80/100
|
|-heal|p2a: mystified|87/100|[from] item: Leftovers
|upkeep
|turn|28
|
|t:|1626513196
|move|p1a: Toxtricity|Boomburst|p2a: mystified
|-damage|p2a: mystified|42/100
|move|p2a: mystified|Recover|p2a: mystified
|-heal|p2a: mystified|92/100
|
|-heal|p2a: mystified|98/100|[from] item: Leftovers
|upkeep
|turn|29
|
|t:|1626513200
|switch|p1a: Indeedee|Indeedee, M|100/100
|-fieldstart|move: Psychic Terrain|[from] ability: Psychic Surge|[of] p1a: Indeedee
|move|p2a: mystified|Psyshock|p1a: Indeedee
|-resisted|p1a: Indeedee
|-damage|p1a: Indeedee|10/100
|
|-heal|p2a: mystified|100/100|[from] item: Leftovers
|upkeep
|turn|30
|
|t:|1626513217
|move|p1a: Indeedee|Expanding Force|p2a: mystified
|-resisted|p2a: mystified
|-damage|p2a: mystified|85/100
|move|p2a: mystified|Psyshock|p1a: Indeedee
|-resisted|p1a: Indeedee
|-damage|p1a: Indeedee|0 fnt
|faint|p1a: Indeedee
|
|-heal|p2a: mystified|91/100|[from] item: Leftovers
|upkeep
|
|t:|1626513222
|switch|p1a: Toxtricity|Toxtricity, M|30/100
|turn|31
|
|t:|1626513225
|move|p1a: Toxtricity|Boomburst|p2a: mystified
|-damage|p2a: mystified|44/100
|move|p2a: mystified|Psyshock|p1a: Toxtricity
|-supereffective|p1a: Toxtricity
|-damage|p1a: Toxtricity|0 fnt
|faint|p1a: Toxtricity
|
|-heal|p2a: mystified|50/100|[from] item: Leftovers
|upkeep
|
|t:|1626513230
|switch|p1a: Incineroar|Incineroar, F|57/100
|-ability|p1a: Incineroar|Intimidate|boost
|-unboost|p2a: mystified|atk|1
|turn|32
|
|t:|1626513234
|move|p1a: Incineroar|Knock Off|p2a: mystified
|-supereffective|p2a: mystified
|-damage|p2a: mystified|0 fnt
|-enditem|p2a: mystified|Leftovers|[from] move: Knock Off|[of] p1a: Incineroar
|faint|p2a: mystified
|
|upkeep
|
|t:|1626513237
|switch|p2a: big love|Togekiss, M|98/100
|turn|33
|
|t:|1626513242
|move|p2a: big love|Air Slash|p1a: Incineroar
|-damage|p1a: Incineroar|37/100
|move|p1a: Incineroar|Toxic|p2a: big love
|-status|p2a: big love|tox
|
|-damage|p2a: big love|92/100 tox|[from] psn
|-fieldend|move: Psychic Terrain
|upkeep
|turn|34
|
|t:|1626513258
|move|p2a: big love|Air Slash|p1a: Incineroar
|-damage|p1a: Incineroar|15/100
|move|p1a: Incineroar|Overheat|p2a: big love
|-damage|p2a: big love|61/100 tox
|-unboost|p1a: Incineroar|spa|2
|
|-damage|p2a: big love|49/100 tox|[from] psn
|upkeep
|turn|35
|
|t:|1626513266
|move|p2a: big love|Roost|p2a: big love
|-heal|p2a: big love|99/100 tox
|-singleturn|p2a: big love|move: Roost
|move|p1a: Incineroar|U-turn|p2a: big love
|-resisted|p2a: big love
|-damage|p2a: big love|91/100 tox
|
|t:|1626513268
|switch|p1a: Cobalion|Cobalion|58/100|[from]move: U-turn
|
|-damage|p2a: big love|72/100 tox|[from] psn
|upkeep
|turn|36
|
|t:|1626513270
|move|p1a: Cobalion|Volt Switch|p2a: big love
|-supereffective|p2a: big love
|-damage|p2a: big love|52/100 tox
|
|t:|1626513274
|switch|p1a: Incineroar|Incineroar, F|15/100|[from]move: Volt Switch
|-ability|p1a: Incineroar|Intimidate|boost
|-unboost|p2a: big love|atk|1
|move|p2a: big love|Flamethrower|p1a: Incineroar
|-resisted|p1a: Incineroar
|-damage|p1a: Incineroar|6/100
|
|-damage|p2a: big love|28/100 tox|[from] psn
|upkeep
|turn|37
|
|t:|1626513283
|move|p2a: big love|Flamethrower|p1a: Incineroar
|-resisted|p1a: Incineroar
|-damage|p1a: Incineroar|0 fnt
|faint|p1a: Incineroar
|
|-damage|p2a: big love|0 fnt|[from] psn
|faint|p2a: big love
|
|win|toxrus1
|upkeep
|raw|toxrus1's rating: 1354 &rarr; <strong>1380</strong><br />(+26 for winning)
|raw|rult70m mac3 ✝'s rating: 1466 &rarr; <strong>1440</strong><br />(-26 for losing)
|l|☆rult70m mac3 ✝
