|j|☆hogg
|j|☆laprascancer
|inactive|Battle timer is ON: inactive players will automatically lose when time's up.
|player|p1|hogg|guitarist|
|player|p2|laprascancer|morty-gen2|
|teamsize|p1|6
|teamsize|p2|6
|gametype|singles
|gen|8
|tier|[Gen 8] RU
|rated|Tournament battle
|clearpoke
|poke|p1|Ninetales, F|
|poke|p1|Leafeon, M|
|poke|p1|Duraludon, M|
|poke|p1|Indeedee-F, F|
|poke|p1|Charizard, M|
|poke|p1|Gurdurr, F|
|poke|p2|Virizion|
|poke|p2|Rhydon, M|
|poke|p2|Charizard, M|
|poke|p2|Silvally-*|
|poke|p2|Drapion, F|
|poke|p2|Boltund, F|
|rule|Sleep Clause Mod: Limit one foe put to sleep
|rule|Species Clause: Limit one of each Pokémon
|rule|OHKO Clause: OHKO moves are banned
|rule|Evasion Moves Clause: Evasion moves are banned
|rule|Endless Battle Clause: Forcing endless battles is banned
|rule|HP Percentage Mod: HP is shown in percentages
|rule|Dynamax Clause: You cannot dynamax
|teampreview
|c|☆hogg|hf
|
|start
|switch|p1a: Duraludon|Duraludon, M|100/100
|switch|p2a: Charizard|Charizard, M|100/100
|turn|1
|
|switch|p1a: Charizard|Charizard, M|100/100
|move|p2a: Charizard|Fire Blast|p1a: Charizard
|-resisted|p1a: Charizard
|-damage|p1a: Charizard|75/100
|
|upkeep
|turn|2
|
|switch|p2a: Rhydon|Rhydon, M|100/100
|move|p1a: Charizard|Air Slash|p2a: Rhydon
|-resisted|p2a: Rhydon
|-damage|p2a: Rhydon|83/100
|
|upkeep
|turn|3
|
|move|p1a: Charizard|Focus Blast|p2a: Rhydon
|-supereffective|p2a: Rhydon
|-damage|p2a: Rhydon|0 fnt
|faint|p2a: Rhydon
|
|upkeep
|
|switch|p2a: Boltund|Boltund, F|100/100
|turn|4
|j| Zwek
|
|switch|p1a: Duraludon|Duraludon, M|100/100
|move|p2a: Boltund|Thunder Fang|p1a: Duraludon
|-resisted|p1a: Duraludon
|-damage|p1a: Duraludon|69/100
|
|upkeep
|turn|5
|
|move|p2a: Boltund|Thunder Fang|p1a: Duraludon
|-resisted|p1a: Duraludon
|-damage|p1a: Duraludon|35/100
|move|p1a: Duraludon|Stealth Rock|p2a: Boltund
|-sidestart|p2: laprascancer|move: Stealth Rock
|
|upkeep
|turn|6
|
|switch|p2a: Virizion|Virizion|100/100
|-damage|p2a: Virizion|94/100|[from] Stealth Rock
|move|p1a: Duraludon|Draco Meteor|p2a: Virizion
|-damage|p2a: Virizion|29/100
|-unboost|p1a: Duraludon|spa|2
|-damage|p1a: Duraludon|25/100|[from] item: Life Orb
|
|-heal|p2a: Virizion|35/100|[from] item: Leftovers
|upkeep
|turn|7
|
|switch|p1a: Ninetales|Ninetales, F|100/100
|-weather|SunnyDay|[from] ability: Drought|[of] p1a: Ninetales
|move|p2a: Virizion|Focus Blast|p1a: Ninetales|[miss]
|-miss|p2a: Virizion|p1a: Ninetales
|
|-weather|SunnyDay|[upkeep]
|-heal|p2a: Virizion|41/100|[from] item: Leftovers
|upkeep
|turn|8
|
|switch|p2a: Charizard|Charizard, M|100/100
|switch|p1a: Duraludon|Duraludon, M|25/100
|
|-weather|SunnyDay|[upkeep]
|upkeep
|turn|9
|
|move|p2a: Charizard|Fire Blast|p1a: Duraludon
|-damage|p1a: Duraludon|0 fnt
|faint|p1a: Duraludon
|
|-weather|SunnyDay|[upkeep]
|upkeep
|j| 413XPlayz
|
|switch|p1a: Charizard|Charizard, M|75/100
|turn|10
|
|move|p2a: Charizard|Roost||[still]
|-fail|p2a: Charizard|heal
|move|p1a: Charizard|Fire Blast|p2a: Charizard
|-resisted|p2a: Charizard
|-damage|p2a: Charizard|39/100
|
|-weather|SunnyDay|[upkeep]
|-damage|p1a: Charizard|62/100|[from] ability: Solar Power|[of] p1a: Charizard
|upkeep
|turn|11
|
|move|p2a: Charizard|Roost|p2a: Charizard
|-heal|p2a: Charizard|90/100
|-singleturn|p2a: Charizard|move: Roost
|move|p1a: Charizard|Fire Blast|p2a: Charizard
|-resisted|p2a: Charizard
|-damage|p2a: Charizard|31/100
|
|-weather|SunnyDay|[upkeep]
|-damage|p1a: Charizard|50/100|[from] ability: Solar Power|[of] p1a: Charizard
|upkeep
|turn|12
|
|move|p2a: Charizard|Fire Blast|p1a: Charizard
|-resisted|p1a: Charizard
|-damage|p1a: Charizard|0 fnt
|faint|p1a: Charizard
|
|-weather|SunnyDay|[upkeep]
|upkeep
|
|switch|p1a: Leafeon|Leafeon, M|100/100
|turn|13
|
|move|p1a: Leafeon|Knock Off|p2a: Charizard
|-damage|p2a: Charizard|0 fnt
|-enditem|p2a: Charizard|Heavy-Duty Boots|[from] move: Knock Off|[of] p1a: Leafeon
|-damage|p1a: Leafeon|91/100|[from] item: Life Orb
|faint|p2a: Charizard
|
|-weather|SunnyDay|[upkeep]
|upkeep
|
|switch|p2a: Drapion|Drapion, F|100/100
|-damage|p2a: Drapion|88/100|[from] Stealth Rock
|turn|14
|
|switch|p1a: Gurdurr|Gurdurr, F|100/100
|move|p2a: Drapion|Poison Jab|p1a: Gurdurr
|-damage|p1a: Gurdurr|76/100
|
|-weather|none
|upkeep
|turn|15
|
|switch|p2a: Silvally|Silvally-Fairy|100/100
|-damage|p2a: Silvally|88/100|[from] Stealth Rock
|move|p1a: Gurdurr|Drain Punch|p2a: Silvally
|-resisted|p2a: Silvally
|-damage|p2a: Silvally|69/100
|-heal|p1a: Gurdurr|85/100|[from] drain|[of] p2a: Silvally
|
|upkeep
|turn|16
|
|switch|p1a: Ninetales|Ninetales, F|100/100
|-weather|SunnyDay|[from] ability: Drought|[of] p1a: Ninetales
|move|p2a: Silvally|U-turn|p1a: Ninetales
|-resisted|p1a: Ninetales
|-crit|p1a: Ninetales
|-damage|p1a: Ninetales|76/100
|
|switch|p2a: Boltund|Boltund, F|100/100|[from]move: U-turn
|-damage|p2a: Boltund|88/100|[from] Stealth Rock
|
|-weather|SunnyDay|[upkeep]
|upkeep
|turn|17
|
|move|p2a: Boltund|Fire Fang|p1a: Ninetales
|-resisted|p1a: Ninetales
|-damage|p1a: Ninetales|33/100
|move|p1a: Ninetales|Flame Charge|p2a: Boltund
|-damage|p2a: Boltund|56/100
|-boost|p1a: Ninetales|spe|1
|
|-weather|SunnyDay|[upkeep]
|upkeep
|turn|18
|
|move|p1a: Ninetales|Fire Blast|p2a: Boltund
|-damage|p2a: Boltund|0 fnt
|faint|p2a: Boltund
|
|-weather|SunnyDay|[upkeep]
|upkeep
|
|switch|p2a: Drapion|Drapion, F|88/100
|-damage|p2a: Drapion|76/100|[from] Stealth Rock
|turn|19
|
|switch|p1a: Gurdurr|Gurdurr, F|85/100
|move|p2a: Drapion|Knock Off|p1a: Gurdurr
|-resisted|p1a: Gurdurr
|-damage|p1a: Gurdurr|72/100
|-enditem|p1a: Gurdurr|Eviolite|[from] move: Knock Off|[of] p2a: Drapion
|
|-weather|SunnyDay|[upkeep]
|upkeep
|turn|20
|
|switch|p2a: Virizion|Virizion|41/100
|-damage|p2a: Virizion|35/100|[from] Stealth Rock
|move|p1a: Gurdurr|Drain Punch|p2a: Virizion
|-damage|p2a: Virizion|0 fnt
|-heal|p1a: Gurdurr|87/100|[from] drain|[of] p2a: Virizion
|faint|p2a: Virizion
|
|-weather|SunnyDay|[upkeep]
|upkeep
|
|switch|p2a: Silvally|Silvally-Fairy|69/100
|-damage|p2a: Silvally|57/100|[from] Stealth Rock
|turn|21
|
|switch|p1a: Indeedee|Indeedee-F, F|100/100
|-fieldstart|move: Psychic Terrain|[from] ability: Psychic Surge|[of] p1a: Indeedee
|move|p2a: Silvally|Multi-Attack|p1a: Indeedee
|-damage|p1a: Indeedee|9/100
|
|-weather|SunnyDay|[upkeep]
|upkeep
|turn|22
|
|move|p1a: Indeedee|Mystical Fire|p2a: Silvally
|-damage|p2a: Silvally|23/100
|-unboost|p2a: Silvally|spa|1
|move|p2a: Silvally|Multi-Attack|p1a: Indeedee
|-damage|p1a: Indeedee|0 fnt
|faint|p1a: Indeedee
|
|-weather|SunnyDay|[upkeep]
|upkeep
|
|switch|p1a: Leafeon|Leafeon, M|91/100
|turn|23
|
|switch|p2a: Drapion|Drapion, F|76/100
|-damage|p2a: Drapion|63/100|[from] Stealth Rock
|move|p1a: Leafeon|Solar Blade||[still]
|-prepare|p1a: Leafeon|Solar Blade|p2a: Drapion
|-anim|p1a: Leafeon|Solar Blade|p2a: Drapion
|-resisted|p2a: Drapion
|-damage|p2a: Drapion|13/100
|-damage|p1a: Leafeon|81/100|[from] item: Life Orb
|
|-weather|none
|upkeep
|turn|24
|l| Zwek
|
|switch|p2a: Silvally|Silvally-Fairy|23/100
|-damage|p2a: Silvally|11/100|[from] Stealth Rock
|switch|p1a: Ninetales|Ninetales, F|33/100
|-weather|SunnyDay|[from] ability: Drought|[of] p1a: Ninetales
|
|-weather|SunnyDay|[upkeep]
|upkeep
|turn|25
|
|move|p1a: Ninetales|Flame Charge|p2a: Silvally
|-damage|p2a: Silvally|0 fnt
|-boost|p1a: Ninetales|spe|1
|faint|p2a: Silvally
|
|-weather|SunnyDay|[upkeep]
|-fieldend|move: Psychic Terrain
|upkeep
|j|+Mac3
|
|switch|p2a: Drapion|Drapion, F|13/100
|-damage|p2a: Drapion|1/100|[from] Stealth Rock
|turn|26
|
|move|p1a: Ninetales|Flame Charge|p2a: Drapion
|-damage|p2a: Drapion|0 fnt
|-boost|p1a: Ninetales|spe|1
|faint|p2a: Drapion
|
|win|hogg
