|html|<div class="broadcast-blue"><strong>[Gen 8] RU is currently suspecting Zygarde-10%! For information on how to participate check out the <a href="https://www.smogon.com/forums/threads/np-ru-stage-6-i-wanna-be-your-dog-zygarde-10-suspect-test.3679181/#post-8768959">suspect thread</a>.</strong></div>
|j|☆Petric stollas
|j|☆dammp
|t:|1614773099
|player|p1|Petric stollas|170|1257
|player|p2|dammp|boarder|1422
|teamsize|p1|6
|teamsize|p2|6
|gametype|singles
|gen|8
|tier|[Gen 8] RU
|rated|
|clearpoke
|poke|p1|Cloyster, M|
|poke|p1|Vanilluxe, F|
|poke|p1|Klefki, M|
|poke|p1|Togekiss, M|
|poke|p1|Xurkitree|
|poke|p1|Metagross|
|poke|p2|Steelix, M|
|poke|p2|Rotom-Mow|
|poke|p2|Doublade, F|
|poke|p2|Mimikyu, F|
|poke|p2|Cloyster, F|
|poke|p2|Regidrago|
|rule|Sleep Clause Mod: Limit one foe put to sleep
|rule|Species Clause: Limit one of each Pokémon
|rule|OHKO Clause: OHKO moves are banned
|rule|Evasion Moves Clause: Evasion moves are banned
|rule|Endless Battle Clause: Forcing endless battles is banned
|rule|HP Percentage Mod: HP is shown in percentages
|rule|Dynamax Clause: You cannot dynamax
|teampreview
|
|t:|1614773114
|start
|switch|p1a: Vanilluxe|Vanilluxe, F|100/100
|switch|p2a: Rotom|Rotom-Mow|100/100
|-weather|Hail|[from] ability: Snow Warning|[of] p1a: Vanilluxe
|turn|1
|inactive|Battle timer is ON: inactive players will automatically lose when time's up. (requested by dammp)
|inactive|Petric stollas has 120 seconds left.
|
|t:|1614773183
|move|p2a: Rotom|Volt Switch|p1a: Vanilluxe
|-damage|p1a: Vanilluxe|60/100
|
|t:|1614773190
|switch|p2a: Cloyster|Cloyster, F|100/100|[from]move: Volt Switch
|move|p1a: Vanilluxe|Aurora Veil|p1a: Vanilluxe
|-sidestart|p1: Petric stollas|move: Aurora Veil
|
|-weather|Hail|[upkeep]
|upkeep
|turn|2
|
|t:|1614773201
|switch|p1a: Klefki|Klefki, M|100/100
|move|p2a: Cloyster|Rapid Spin|p1a: Klefki
|-resisted|p1a: Klefki
|-damage|p1a: Klefki|97/100
|-boost|p2a: Cloyster|spe|1
|
|-weather|Hail|[upkeep]
|-damage|p1a: Klefki|91/100|[from] Hail
|upkeep
|turn|3
|
|t:|1614773211
|move|p1a: Klefki|Thunder Wave|p2a: Cloyster
|-status|p2a: Cloyster|par
|move|p2a: Cloyster|Spikes|p1a: Klefki
|-sidestart|p1: Petric stollas|Spikes
|
|-weather|Hail|[upkeep]
|-damage|p1a: Klefki|85/100|[from] Hail
|upkeep
|turn|4
|
|t:|1614773223
|switch|p1a: Xurkitree|Xurkitree|100/100
|-damage|p1a: Xurkitree|88/100|[from] Spikes
|move|p2a: Cloyster|Spikes|p1a: Xurkitree
|-sidestart|p1: Petric stollas|Spikes
|
|-weather|Hail|[upkeep]
|-damage|p1a: Xurkitree|82/100|[from] Hail
|upkeep
|turn|5
|
|t:|1614773233
|switch|p2a: Rotom|Rotom-Mow|100/100
|move|p1a: Xurkitree|Energy Ball|p2a: Rotom
|-resisted|p2a: Rotom
|-damage|p2a: Rotom|71/100
|
|-weather|none
|-sideend|p1: Petric stollas|move: Aurora Veil
|upkeep
|turn|6
|
|t:|1614773242
|switch|p1a: Vanilluxe|Vanilluxe, F|60/100
|-damage|p1a: Vanilluxe|43/100|[from] Spikes
|-weather|Hail|[from] ability: Snow Warning|[of] p1a: Vanilluxe
|move|p2a: Rotom|Volt Switch|p1a: Vanilluxe
|-damage|p1a: Vanilluxe|2/100
|
|t:|1614773250
|switch|p2a: Cloyster|Cloyster, F|100/100 par|[from]move: Volt Switch
|
|-weather|Hail|[upkeep]
|upkeep
|turn|7
|
|t:|1614773260
|cant|p2a: Cloyster|par
|move|p1a: Vanilluxe|Explosion|p2a: Cloyster
|-damage|p2a: Cloyster|71/100 par
|faint|p1a: Vanilluxe
|
|-weather|Hail|[upkeep]
|upkeep
|
|t:|1614773269
|switch|p1a: Cloyster|Cloyster, M|100/100
|-damage|p1a: Cloyster|84/100|[from] Spikes
|turn|8
|
|t:|1614773278
|switch|p2a: Steelix|Steelix, M|100/100
|move|p1a: Cloyster|Shell Smash|p1a: Cloyster
|-unboost|p1a: Cloyster|def|1
|-unboost|p1a: Cloyster|spd|1
|-boost|p1a: Cloyster|atk|2
|-boost|p1a: Cloyster|spa|2
|-boost|p1a: Cloyster|spe|2
|
|-weather|Hail|[upkeep]
|-damage|p2a: Steelix|94/100|[from] Hail
|-heal|p2a: Steelix|100/100|[from] item: Leftovers
|upkeep
|turn|9
|
|t:|1614773290
|move|p1a: Cloyster|Icicle Spear|p2a: Steelix
|-damage|p2a: Steelix|91/100
|-damage|p2a: Steelix|80/100
|-damage|p2a: Steelix|70/100
|-damage|p2a: Steelix|60/100
|-damage|p2a: Steelix|49/100
|-hitcount|p2a: Steelix|5
|cant|p2a: Steelix|flinch
|
|-weather|Hail|[upkeep]
|-damage|p2a: Steelix|43/100|[from] Hail
|-heal|p2a: Steelix|49/100|[from] item: Leftovers
|upkeep
|turn|10
|
|t:|1614773304
|move|p1a: Cloyster|Liquidation|p2a: Steelix
|-supereffective|p2a: Steelix
|-damage|p2a: Steelix|0 fnt
|faint|p2a: Steelix
|
|-weather|none
|upkeep
|
|t:|1614773307
|switch|p2a: Doublade|Doublade, F|100/100
|turn|11
|
|t:|1614773319
|move|p1a: Cloyster|Liquidation|p2a: Doublade
|-damage|p2a: Doublade|60/100
|-unboost|p2a: Doublade|def|1
|move|p2a: Doublade|Iron Head|p1a: Cloyster
|-damage|p1a: Cloyster|29/100
|
|upkeep
|turn|12
|
|t:|1614773327
|move|p2a: Doublade|Shadow Sneak|p1a: Cloyster
|-damage|p1a: Cloyster|3/100
|move|p1a: Cloyster|Liquidation|p2a: Doublade
|-damage|p2a: Doublade|0 fnt
|faint|p2a: Doublade
|
|upkeep
|
|t:|1614773330
|switch|p2a: Mimikyu|Mimikyu, F|100/100
|turn|13
|
|t:|1614773340
|switch|p1a: Metagross|Metagross|100/100
|-damage|p1a: Metagross|84/100|[from] Spikes
|move|p2a: Mimikyu|Shadow Sneak|p1a: Metagross
|-supereffective|p1a: Metagross
|-damage|p1a: Metagross|60/100
|-damage|p2a: Mimikyu|84/100|[from] item: Rocky Helmet|[of] p1a: Metagross
|-damage|p2a: Mimikyu|74/100|[from] item: Life Orb
|
|upkeep
|turn|14
|
|t:|1614773350
|move|p2a: Mimikyu|Shadow Claw|p1a: Metagross
|-supereffective|p1a: Metagross
|-damage|p1a: Metagross|15/100
|-damage|p2a: Mimikyu|58/100|[from] item: Rocky Helmet|[of] p1a: Metagross
|-damage|p2a: Mimikyu|48/100|[from] item: Life Orb
|move|p1a: Metagross|Toxic|p2a: Mimikyu
|-status|p2a: Mimikyu|tox
|
|-damage|p2a: Mimikyu|42/100 tox|[from] psn
|upkeep
|turn|15
|l|☆Petric stollas
|inactive|Petric stollas disconnected and has a minute to reconnect!
|player|p1|
|j|☆Petric stollas
|inactive|Petric stollas reconnected and has 145 seconds left.
|player|p1|Petric stollas|170
|
|t:|1614773362
|move|p2a: Mimikyu|Shadow Sneak|p1a: Metagross
|-supereffective|p1a: Metagross
|-damage|p1a: Metagross|0 fnt
|-damage|p2a: Mimikyu|26/100 tox|[from] item: Rocky Helmet|[of] p1a: Metagross
|-damage|p2a: Mimikyu|16/100 tox|[from] item: Life Orb
|faint|p1a: Metagross
|
|-damage|p2a: Mimikyu|4/100 tox|[from] psn
|upkeep
|
|t:|1614773376
|switch|p1a: Togekiss|Togekiss, M|100/100
|turn|16
|
|t:|1614773388
|move|p2a: Mimikyu|Play Rough|p1a: Togekiss
|-damage|p1a: Togekiss|59/100
|-damage|p2a: Mimikyu|0 fnt|[from] item: Life Orb
|faint|p2a: Mimikyu
|move|p1a: Togekiss|Defog|p2: Mimikyu|[notarget]
|-fail|p1a: Togekiss
|
|-heal|p1a: Togekiss|65/100|[from] item: Leftovers
|upkeep
|
|t:|1614773395
|switch|p2a: Rotom|Rotom-Mow|71/100
|turn|17
|
|t:|1614773407
|switch|p1a: Cloyster|Cloyster, M|3/100
|-damage|p1a: Cloyster|0 fnt|[from] Spikes
|faint|p1a: Cloyster
|move|p2a: Rotom|Volt Switch|p1: Cloyster|[notarget]
|-fail|p2a: Rotom
|
|upkeep
|
|t:|1614773415
|switch|p1a: Xurkitree|Xurkitree|82/100
|-damage|p1a: Xurkitree|65/100|[from] Spikes
|turn|18
|
|t:|1614773423
|move|p2a: Rotom|Volt Switch|p1a: Xurkitree
|-resisted|p1a: Xurkitree
|-damage|p1a: Xurkitree|39/100
|
|t:|1614773427
|switch|p2a: Regidrago|Regidrago|100/100|[from]move: Volt Switch
|move|p1a: Xurkitree|Calm Mind|p1a: Xurkitree
|-boost|p1a: Xurkitree|spa|1
|-boost|p1a: Xurkitree|spd|1
|
|upkeep
|turn|19
|
|t:|1614773439
|move|p2a: Regidrago|Ancient Power|p1a: Xurkitree
|-damage|p1a: Xurkitree|14/100
|move|p1a: Xurkitree|Thunderbolt|p2a: Regidrago
|-resisted|p2a: Regidrago
|-damage|p2a: Regidrago|50/100
|-status|p2a: Regidrago|par
|
|upkeep
|turn|20
|
|t:|1614773448
|move|p1a: Xurkitree|Thunderbolt|p2a: Regidrago
|-resisted|p2a: Regidrago
|-damage|p2a: Regidrago|0 fnt
|faint|p2a: Regidrago
|-ability|p1a: Xurkitree|Beast Boost|boost
|-boost|p1a: Xurkitree|spa|1
|
|upkeep
|
|t:|1614773454
|switch|p2a: Rotom|Rotom-Mow|71/100
|turn|21
|
|t:|1614773457
|move|p2a: Rotom|Volt Switch|p1a: Xurkitree
|-resisted|p1a: Xurkitree
|-damage|p1a: Xurkitree|0 fnt
|faint|p1a: Xurkitree
|
|t:|1614773460
|switch|p2a: Cloyster|Cloyster, F|71/100 par|[from]move: Volt Switch
|
|upkeep
|
|t:|1614773468
|switch|p1a: Togekiss|Togekiss, M|65/100
|turn|22
|
|t:|1614773475
|move|p2a: Cloyster|Ice Shard|p1a: Togekiss
|-supereffective|p1a: Togekiss
|-damage|p1a: Togekiss|36/100
|move|p1a: Togekiss|Air Slash|p2a: Cloyster
|-damage|p2a: Cloyster|0 fnt
|faint|p2a: Cloyster
|
|-heal|p1a: Togekiss|42/100|[from] item: Leftovers
|upkeep
|
|t:|1614773478
|switch|p2a: Rotom|Rotom-Mow|71/100
|turn|23
|j| Andresa<3
|
|t:|1614773487
|move|p2a: Rotom|Volt Switch|p1a: Togekiss
|-supereffective|p1a: Togekiss
|-damage|p1a: Togekiss|0 fnt
|faint|p1a: Togekiss
|
|upkeep
|
|t:|1614773492
|switch|p1a: Klefki|Klefki, M|85/100
|-damage|p1a: Klefki|69/100|[from] Spikes
|turn|24
|
|t:|1614773496
|move|p1a: Klefki|Light Screen|p1a: Klefki
|-sidestart|p1: Petric stollas|move: Light Screen
|move|p2a: Rotom|Volt Switch|p1a: Klefki
|-damage|p1a: Klefki|53/100
|
|upkeep
|turn|25
|
|t:|1614773502
|move|p2a: Rotom|Volt Switch|p1a: Klefki
|-damage|p1a: Klefki|40/100
|move|p1a: Klefki|Play Rough|p2a: Rotom
|-damage|p2a: Rotom|40/100
|
|upkeep
|turn|26
|
|t:|1614773510
|move|p2a: Rotom|Volt Switch|p1a: Klefki
|-damage|p1a: Klefki|25/100
|move|p1a: Klefki|Play Rough|p2a: Rotom
|-damage|p2a: Rotom|5/100
|
|upkeep
|turn|27
|
|t:|1614773517
|move|p2a: Rotom|Volt Switch|p1a: Klefki
|-damage|p1a: Klefki|11/100
|move|p1a: Klefki|Play Rough|p2a: Rotom
|-damage|p2a: Rotom|0 fnt
|faint|p2a: Rotom
|
|win|Petric stollas
|l|☆dammp
|raw|Petric stollas's rating: 1257 &rarr; <strong>1293</strong><br />(+36 for winning)
|raw|dammp's rating: 1422 &rarr; <strong>1393</strong><br />(-29 for losing)
