|j|☆Wormadam-Gold
|j|☆yung centibro
|player|p1|Wormadam-Gold|ethan-gen2|1331
|player|p2|yung centibro|1|1307
|teamsize|p1|6
|teamsize|p2|6
|gametype|singles
|gen|8
|tier|[Gen 8] RU
|rated|
|rule|Sleep Clause Mod: Limit one foe put to sleep
|rule|Species Clause: Limit one of each Pokémon
|rule|OHKO Clause: OHKO moves are banned
|rule|Evasion Moves Clause: Evasion moves are banned
|rule|Endless Battle Clause: Forcing endless battles is banned
|rule|HP Percentage Mod: HP is shown in percentages
|clearpoke
|poke|p1|Pangoro, F|
|poke|p1|Silvally-*|
|poke|p1|Xatu, M|
|poke|p1|Snorlax, M|
|poke|p1|Dhelmise|
|poke|p1|Gigalith, M|
|poke|p2|Passimian, M|
|poke|p2|Sigilyph, M|
|poke|p2|Silvally-*|
|poke|p2|Vaporeon, F|
|poke|p2|Vileplume, F|
|poke|p2|Gigalith, M|
|rule|Dynamax Clause: You cannot dynamax
|teampreview
|inactive|Battle timer is ON: inactive players will automatically lose when time's up. (requested by Wormadam-Gold)
|inactive|yung centibro has 120 seconds left.
|inactive|yung centibro has 90 seconds left.
|j| blvckcooper
|l| blvckcooper
|inactive|yung centibro has 60 seconds left.
|
|start
|switch|p1a: Xatu|Xatu, M|100/100
|switch|p2a: Passimian|Passimian, M|100/100
|turn|1
|inactive|yung centibro has 120 seconds left.
|
|switch|p2a: Sigilyph|Sigilyph, M|100/100
|switch|p1a: Silvally|Silvally-Fairy|100/100
|
|upkeep
|turn|2
|
|switch|p2a: Vileplume|Vileplume, F|100/100
|switch|p1a: Gigalith|Gigalith, M|100/100
|-weather|Sandstorm|[from] ability: Sand Stream|[of] p1a: Gigalith
|
|-weather|Sandstorm|[upkeep]
|-damage|p2a: Vileplume|94/100|[from] Sandstorm
|-heal|p2a: Vileplume|100/100|[from] item: Leftovers
|upkeep
|turn|3
|j| barba atun
|
|switch|p1a: Snorlax|Snorlax, M|100/100
|move|p2a: Vileplume|Giga Drain|p1a: Snorlax
|-damage|p1a: Snorlax|86/100
|
|-weather|Sandstorm|[upkeep]
|-damage|p2a: Vileplume|94/100|[from] Sandstorm
|-damage|p1a: Snorlax|80/100|[from] Sandstorm
|-heal|p2a: Vileplume|100/100|[from] item: Leftovers
|-heal|p1a: Snorlax|86/100|[from] item: Leftovers
|upkeep
|turn|4
|
|switch|p1a: Xatu|Xatu, M|100/100
|move|p2a: Vileplume|Growth|p2a: Vileplume
|-boost|p2a: Vileplume|atk|1
|-boost|p2a: Vileplume|spa|1
|
|-weather|Sandstorm|[upkeep]
|-damage|p1a: Xatu|95/100|[from] Sandstorm
|-damage|p2a: Vileplume|94/100|[from] Sandstorm
|-heal|p2a: Vileplume|100/100|[from] item: Leftovers
|upkeep
|turn|5
|
|move|p1a: Xatu|Psychic|p2a: Vileplume
|-supereffective|p2a: Vileplume
|-damage|p2a: Vileplume|41/100
|move|p2a: Vileplume|Sludge Bomb|p1a: Xatu
|-damage|p1a: Xatu|25/100
|
|-weather|Sandstorm|[upkeep]
|-damage|p1a: Xatu|19/100|[from] Sandstorm
|-damage|p2a: Vileplume|35/100|[from] Sandstorm
|-heal|p2a: Vileplume|41/100|[from] item: Leftovers
|upkeep
|turn|6
|inactive|yung centibro has 120 seconds left.
|
|switch|p2a: Silvally|Silvally-Steel|100/100
|move|p1a: Xatu|Roost|p1a: Xatu
|-heal|p1a: Xatu|69/100
|-singleturn|p1a: Xatu|move: Roost
|
|-weather|none
|upkeep
|turn|7
|
|move|p2a: Silvally|Multi-Attack|p1a: Xatu
|-damage|p1a: Xatu|3/100
|-damage|p2a: Silvally|84/100|[from] item: Rocky Helmet|[of] p1a: Xatu
|move|p1a: Xatu|U-turn|p2a: Silvally
|-resisted|p2a: Silvally
|-damage|p2a: Silvally|78/100
|
|switch|p1a: Pangoro|Pangoro, F|100/100|[from]move: U-turn
|
|upkeep
|turn|8
|
|move|p2a: Silvally|U-turn|p1a: Pangoro
|-damage|p1a: Pangoro|75/100
|
|switch|p2a: Sigilyph|Sigilyph, M|100/100|[from]move: U-turn
|move|p1a: Pangoro|Darkest Lariat|p2a: Sigilyph
|-supereffective|p2a: Sigilyph
|-damage|p2a: Sigilyph|0 fnt
|faint|p2a: Sigilyph
|
|upkeep
|
|switch|p2a: Passimian|Passimian, M|100/100
|turn|9
|
|switch|p1a: Silvally|Silvally-Fairy|100/100
|move|p2a: Passimian|U-turn|p1a: Silvally
|-resisted|p1a: Silvally
|-damage|p1a: Silvally|93/100
|
|switch|p2a: Silvally|Silvally-Steel|78/100|[from]move: U-turn
|
|upkeep
|turn|10
|
|switch|p1a: Xatu|Xatu, M|3/100
|move|p2a: Silvally|Multi-Attack|p1a: Xatu
|-damage|p1a: Xatu|0 fnt
|-damage|p2a: Silvally|62/100|[from] item: Rocky Helmet|[of] p1a: Xatu
|faint|p1a: Xatu
|
|upkeep
|
|switch|p1a: Pangoro|Pangoro, F|75/100
|turn|11
|
|move|p2a: Silvally|U-turn|p1a: Pangoro
|-damage|p1a: Pangoro|51/100
|
|switch|p2a: Passimian|Passimian, M|100/100|[from]move: U-turn
|move|p1a: Pangoro|Close Combat|p2a: Passimian
|-damage|p2a: Passimian|0 fnt
|-unboost|p1a: Pangoro|def|1
|-unboost|p1a: Pangoro|spd|1
|faint|p2a: Passimian
|
|upkeep
|
|switch|p2a: Silvally|Silvally-Steel|62/100
|turn|12
|
|switch|p1a: Silvally|Silvally-Fairy|93/100
|move|p2a: Silvally|Multi-Attack|p1a: Silvally
|-supereffective|p1a: Silvally
|-damage|p1a: Silvally|26/100
|
|upkeep
|turn|13
|
|move|p2a: Silvally|Multi-Attack|p1a: Silvally
|-supereffective|p1a: Silvally
|-damage|p1a: Silvally|0 fnt
|faint|p1a: Silvally
|
|upkeep
|
|switch|p1a: Dhelmise|Dhelmise|100/100
|turn|14
|
|move|p2a: Silvally|U-turn|p1a: Dhelmise
|-damage|p1a: Dhelmise|77/100
|j| bsvdvsbbs
|
|switch|p2a: Gigalith|Gigalith, M|100/100|[from]move: U-turn
|-weather|Sandstorm|[from] ability: Sand Stream|[of] p2a: Gigalith
|move|p1a: Dhelmise|Shadow Claw|p2a: Gigalith
|-damage|p2a: Gigalith|72/100
|
|-weather|Sandstorm|[upkeep]
|-damage|p1a: Dhelmise|71/100|[from] Sandstorm
|-heal|p1a: Dhelmise|77/100|[from] item: Leftovers
|-heal|p2a: Gigalith|78/100|[from] item: Leftovers
|upkeep
|turn|15
|inactive|yung centibro has 120 seconds left.
|
|move|p1a: Dhelmise|Shadow Claw|p2a: Gigalith
|-damage|p2a: Gigalith|50/100
|move|p2a: Gigalith|Rock Blast|p1a: Dhelmise
|-damage|p1a: Dhelmise|63/100
|-damage|p1a: Dhelmise|49/100
|-damage|p1a: Dhelmise|34/100
|-hitcount|p1a: Dhelmise|3
|
|-weather|Sandstorm|[upkeep]
|-damage|p1a: Dhelmise|28/100|[from] Sandstorm
|-heal|p1a: Dhelmise|34/100|[from] item: Leftovers
|-heal|p2a: Gigalith|56/100|[from] item: Leftovers
|upkeep
|turn|16
|inactive|yung centibro has 120 seconds left.
|
|move|p1a: Dhelmise|Anchor Shot|p2a: Gigalith
|-supereffective|p2a: Gigalith
|-damage|p2a: Gigalith|0 fnt
|faint|p2a: Gigalith
|
|-weather|Sandstorm|[upkeep]
|-damage|p1a: Dhelmise|28/100|[from] Sandstorm
|-heal|p1a: Dhelmise|34/100|[from] item: Leftovers
|upkeep
|
|switch|p2a: Silvally|Silvally-Steel|62/100
|turn|17
|
|move|p2a: Silvally|Swords Dance|p2a: Silvally
|-boost|p2a: Silvally|atk|2
|move|p1a: Dhelmise|Shadow Claw|p2a: Silvally
|-damage|p2a: Silvally|18/100
|
|-weather|Sandstorm|[upkeep]
|-damage|p1a: Dhelmise|28/100|[from] Sandstorm
|-heal|p1a: Dhelmise|34/100|[from] item: Leftovers
|upkeep
|turn|18
|
|move|p2a: Silvally|Multi-Attack|p1a: Dhelmise
|-damage|p1a: Dhelmise|0 fnt
|faint|p1a: Dhelmise
|
|-weather|none
|upkeep
|
|switch|p1a: Snorlax|Snorlax, M|86/100
|turn|19
|
|move|p2a: Silvally|Multi-Attack|p1a: Snorlax
|-damage|p1a: Snorlax|10/100
|move|p1a: Snorlax|Earthquake|p2a: Silvally
|-supereffective|p2a: Silvally
|-damage|p2a: Silvally|0 fnt
|faint|p2a: Silvally
|
|-heal|p1a: Snorlax|16/100|[from] item: Leftovers
|upkeep
|
|switch|p2a: Vileplume|Vileplume, F|41/100
|turn|20
|
|move|p2a: Vileplume|Strength Sap|p1a: Snorlax
|-unboost|p1a: Snorlax|atk|1
|-heal|p2a: Vileplume|100/100
|move|p1a: Snorlax|Rest|p1a: Snorlax
|-status|p1a: Snorlax|slp|[from] move: Rest
|-heal|p1a: Snorlax|100/100 slp|[silent]
|
|upkeep
|turn|21
|
|switch|p1a: Pangoro|Pangoro, F|51/100
|move|p2a: Vileplume|Growth|p2a: Vileplume
|-boost|p2a: Vileplume|atk|1
|-boost|p2a: Vileplume|spa|1
|
|upkeep
|turn|22
|
|move|p1a: Pangoro|Darkest Lariat|p2a: Vileplume
|-damage|p2a: Vileplume|46/100
|move|p2a: Vileplume|Giga Drain|p1a: Pangoro
|-damage|p1a: Pangoro|0 fnt
|-heal|p2a: Vileplume|70/100|[from] drain|[of] p1a: Pangoro
|faint|p1a: Pangoro
|
|-heal|p2a: Vileplume|76/100|[from] item: Leftovers
|upkeep
|
|switch|p1a: Snorlax|Snorlax, M|100/100 slp
|turn|23
|
|move|p2a: Vileplume|Growth|p2a: Vileplume
|-boost|p2a: Vileplume|atk|1
|-boost|p2a: Vileplume|spa|1
|cant|p1a: Snorlax|slp
|
|-heal|p2a: Vileplume|82/100|[from] item: Leftovers
|upkeep
|turn|24
|
|move|p2a: Vileplume|Growth|p2a: Vileplume
|-boost|p2a: Vileplume|atk|1
|-boost|p2a: Vileplume|spa|1
|cant|p1a: Snorlax|slp
|
|-heal|p2a: Vileplume|89/100|[from] item: Leftovers
|upkeep
|turn|25
|
|move|p2a: Vileplume|Sludge Bomb|p1a: Snorlax
|-damage|p1a: Snorlax|61/100 slp
|-curestatus|p1a: Snorlax|slp|[msg]
|move|p1a: Snorlax|Body Slam|p2a: Vileplume
|-damage|p2a: Vileplume|65/100
|
|-heal|p2a: Vileplume|71/100|[from] item: Leftovers
|-heal|p1a: Snorlax|67/100|[from] item: Leftovers
|upkeep
|turn|26
|
|move|p2a: Vileplume|Sludge Bomb|p1a: Snorlax
|-damage|p1a: Snorlax|27/100
|move|p1a: Snorlax|Body Slam|p2a: Vileplume
|-crit|p2a: Vileplume
|-damage|p2a: Vileplume|32/100
|
|-heal|p2a: Vileplume|38/100|[from] item: Leftovers
|-heal|p1a: Snorlax|33/100|[from] item: Leftovers
|upkeep
|turn|27
|c|☆yung centibro|gg
|
|move|p2a: Vileplume|Sludge Bomb|p1a: Snorlax
|-damage|p1a: Snorlax|0 fnt
|faint|p1a: Snorlax
|
|-heal|p2a: Vileplume|44/100|[from] item: Leftovers
|upkeep
|
|switch|p1a: Gigalith|Gigalith, M|100/100
|-weather|Sandstorm|[from] ability: Sand Stream|[of] p1a: Gigalith
|turn|28
|
|move|p2a: Vileplume|Giga Drain|p1a: Gigalith
|-supereffective|p1a: Gigalith
|-damage|p1a: Gigalith|27/100
|-heal|p2a: Vileplume|83/100|[from] drain|[of] p1a: Gigalith
|move|p1a: Gigalith|Rock Blast|p2a: Vileplume
|-damage|p2a: Vileplume|75/100
|-damage|p2a: Vileplume|67/100
|-damage|p2a: Vileplume|58/100
|-hitcount|p2a: Vileplume|3
|
|-weather|Sandstorm|[upkeep]
|-damage|p2a: Vileplume|52/100|[from] Sandstorm
|-heal|p2a: Vileplume|58/100|[from] item: Leftovers
|-heal|p1a: Gigalith|33/100|[from] item: Leftovers
|upkeep
|turn|29
|
|move|p2a: Vileplume|Giga Drain|p1a: Gigalith
|-supereffective|p1a: Gigalith
|-damage|p1a: Gigalith|0 fnt
|-heal|p2a: Vileplume|76/100|[from] drain|[of] p1a: Gigalith
|faint|p1a: Gigalith
|
|win|yung centibro
|l|☆Wormadam-Gold
