|j|☆big bad alolem
|j|☆Bootlegusername
|player|p1|big bad alolem|1|1320
|player|p2|Bootlegusername|170|1409
|teamsize|p1|6
|teamsize|p2|6
|gametype|singles
|gen|8
|tier|[Gen 8] RU
|rated|
|clearpoke
|poke|p1|Sneasel, F|
|poke|p1|Rotom|
|poke|p1|Vikavolt, F|
|poke|p1|Rhydon, M|
|poke|p1|Drampa, F|
|poke|p1|Passimian, M|
|poke|p2|Drapion, M|
|poke|p2|Steelix, M|
|poke|p2|Snorlax, M|
|poke|p2|Vileplume, F|
|poke|p2|Silvally-*|
|poke|p2|Virizion|
|rule|Sleep Clause Mod: Limit one foe put to sleep
|rule|Species Clause: Limit one of each Pokémon
|rule|OHKO Clause: OHKO moves are banned
|rule|Evasion Moves Clause: Evasion moves are banned
|rule|Endless Battle Clause: Forcing endless battles is banned
|rule|HP Percentage Mod: HP is shown in percentages
|rule|Dynamax Clause: You cannot dynamax
|teampreview
|
|start
|switch|p1a: ghostfacekillaz|Rotom|100/100
|switch|p2a: Drapion|Drapion, M|100/100
|turn|1
|
|switch|p2a: Silvally|Silvally-Fairy|100/100
|move|p1a: ghostfacekillaz|Will-O-Wisp|p2a: Silvally
|-status|p2a: Silvally|brn
|
|-damage|p2a: Silvally|94/100 brn|[from] brn
|upkeep
|turn|2
|
|move|p2a: Silvally|Swords Dance|p2a: Silvally
|-boost|p2a: Silvally|atk|2
|move|p1a: ghostfacekillaz|Hex|p2a: Silvally
|-damage|p2a: Silvally|44/100 brn
|
|-damage|p2a: Silvally|38/100 brn|[from] brn
|upkeep
|turn|3
|
|switch|p2a: Drapion|Drapion, M|100/100
|move|p1a: ghostfacekillaz|Hex|p2a: Drapion
|-resisted|p2a: Drapion
|-damage|p2a: Drapion|88/100
|
|-heal|p2a: Drapion|94/100|[from] item: Black Sludge
|upkeep
|turn|4
|
|move|p1a: ghostfacekillaz|Will-O-Wisp|p2a: Drapion|[miss]
|-miss|p1a: ghostfacekillaz|p2a: Drapion
|move|p2a: Drapion|Knock Off|p1a: ghostfacekillaz
|-supereffective|p1a: ghostfacekillaz
|-enditem|p1a: ghostfacekillaz|Colbur Berry|[eat]
|-enditem|p1a: ghostfacekillaz|Colbur Berry|[weaken]
|-damage|p1a: ghostfacekillaz|43/100
|
|-heal|p2a: Drapion|100/100|[from] item: Black Sludge
|upkeep
|turn|5
|
|move|p1a: ghostfacekillaz|Will-O-Wisp|p2a: Drapion|[miss]
|-miss|p1a: ghostfacekillaz|p2a: Drapion
|move|p2a: Drapion|Acupressure|p2a: Drapion
|-boost|p2a: Drapion|accuracy|2
|
|upkeep
|turn|6
|
|move|p1a: ghostfacekillaz|Will-O-Wisp|p2a: Drapion
|-status|p2a: Drapion|brn
|move|p2a: Drapion|Acupressure|p2a: Drapion
|-boost|p2a: Drapion|evasion|2
|
|-damage|p2a: Drapion|94/100 brn|[from] brn
|upkeep
|turn|7
|
|move|p1a: ghostfacekillaz|Pain Split|p2a: Drapion
|-sethp|p2a: Drapion|62/100 brn|[from] move: Pain Split|[silent]
|-sethp|p1a: ghostfacekillaz|88/100|[from] move: Pain Split
|move|p2a: Drapion|Knock Off|p1a: ghostfacekillaz
|-supereffective|p1a: ghostfacekillaz
|-damage|p1a: ghostfacekillaz|54/100
|
|-heal|p2a: Drapion|68/100 brn|[from] item: Black Sludge
|-damage|p2a: Drapion|62/100 brn|[from] brn
|upkeep
|turn|8
|
|move|p1a: ghostfacekillaz|Volt Switch|p2a: Drapion
|-damage|p2a: Drapion|37/100 brn
|
|switch|p1a: rocketman|Rhydon, M|100/100|[from]move: Volt Switch
|move|p2a: Drapion|Acupressure|p2a: Drapion
|-boost|p2a: Drapion|spd|2
|
|-heal|p2a: Drapion|43/100 brn|[from] item: Black Sludge
|-damage|p2a: Drapion|37/100 brn|[from] brn
|upkeep
|turn|9
|
|switch|p2a: Vileplume|Vileplume, F|100/100
|move|p1a: rocketman|Stealth Rock|p2a: Vileplume
|-sidestart|p2: Bootlegusername|move: Stealth Rock
|
|upkeep
|turn|10
|
|switch|p1a: electriclove|Vikavolt, F|100/100
|move|p2a: Vileplume|Sludge Bomb|p1a: electriclove
|-damage|p1a: electriclove|60/100
|
|upkeep
|turn|11
|
|switch|p2a: Steelix|Steelix, M|100/100
|-damage|p2a: Steelix|97/100|[from] Stealth Rock
|move|p1a: electriclove|Sticky Web|p2a: Steelix
|-sidestart|p2: Bootlegusername|move: Sticky Web
|
|-heal|p2a: Steelix|100/100|[from] item: Leftovers
|upkeep
|turn|12
|
|move|p1a: electriclove|Energy Ball|p2a: Steelix
|-damage|p2a: Steelix|73/100
|move|p2a: Steelix|Stealth Rock|p1a: electriclove
|-sidestart|p1: big bad alolem|move: Stealth Rock
|
|-heal|p2a: Steelix|79/100|[from] item: Leftovers
|upkeep
|turn|13
|
|switch|p2a: Snorlax|Snorlax, M|100/100
|-damage|p2a: Snorlax|88/100|[from] Stealth Rock
|-activate|p2a: Snorlax|move: Sticky Web
|-unboost|p2a: Snorlax|spe|1
|move|p1a: electriclove|Energy Ball|p2a: Snorlax
|-damage|p2a: Snorlax|74/100
|
|-heal|p2a: Snorlax|80/100|[from] item: Leftovers
|upkeep
|turn|14
|
|move|p1a: electriclove|Volt Switch|p2a: Snorlax
|-damage|p2a: Snorlax|66/100
|
|switch|p1a: kungfufighting|Passimian, M|100/100|[from]move: Volt Switch
|-damage|p1a: kungfufighting|94/100|[from] Stealth Rock
|move|p2a: Snorlax|Darkest Lariat|p1a: kungfufighting
|-resisted|p1a: kungfufighting
|-damage|p1a: kungfufighting|82/100
|
|-heal|p2a: Snorlax|72/100|[from] item: Leftovers
|upkeep
|turn|15
|
|switch|p2a: Vileplume|Vileplume, F|100/100
|-damage|p2a: Vileplume|88/100|[from] Stealth Rock
|-activate|p2a: Vileplume|move: Sticky Web
|-unboost|p2a: Vileplume|spe|1
|move|p1a: kungfufighting|Close Combat|p2a: Vileplume
|-resisted|p2a: Vileplume
|-damage|p2a: Vileplume|64/100
|-unboost|p1a: kungfufighting|def|1
|-unboost|p1a: kungfufighting|spd|1
|-status|p1a: kungfufighting|slp|[from] ability: Effect Spore|[of] p2a: Vileplume
|
|-heal|p2a: Vileplume|71/100|[from] item: Black Sludge
|upkeep
|turn|16
|
|switch|p1a: cobrastarship|Drampa, F|100/100
|-damage|p1a: cobrastarship|88/100|[from] Stealth Rock
|move|p2a: Vileplume|Sludge Bomb|p1a: cobrastarship
|-damage|p1a: cobrastarship|47/100
|
|-heal|p2a: Vileplume|77/100|[from] item: Black Sludge
|upkeep
|turn|17
|
|switch|p2a: Snorlax|Snorlax, M|72/100
|-damage|p2a: Snorlax|59/100|[from] Stealth Rock
|-activate|p2a: Snorlax|move: Sticky Web
|-unboost|p2a: Snorlax|spe|1
|move|p1a: cobrastarship|Roost|p1a: cobrastarship
|-heal|p1a: cobrastarship|97/100
|-singleturn|p1a: cobrastarship|move: Roost
|
|-heal|p2a: Snorlax|66/100|[from] item: Leftovers
|upkeep
|turn|18
|
|switch|p1a: rocketman|Rhydon, M|100/100
|-damage|p1a: rocketman|95/100|[from] Stealth Rock
|switch|p2a: Virizion|Virizion|100/100
|-activate|p2a: Virizion|move: Sticky Web
|-unboost|p2a: Virizion|spe|1
|-damage|p2a: Virizion|94/100|[from] Stealth Rock
|
|-heal|p2a: Virizion|100/100|[from] item: Leftovers
|upkeep
|turn|19
|
|switch|p1a: kungfufighting|Passimian, M|82/100 slp
|-damage|p1a: kungfufighting|76/100 slp|[from] Stealth Rock
|move|p2a: Virizion|Swords Dance|p2a: Virizion
|-boost|p2a: Virizion|atk|2
|
|upkeep
|turn|20
|
|cant|p1a: kungfufighting|slp
|move|p2a: Virizion|Leaf Blade|p1a: kungfufighting
|-damage|p1a: kungfufighting|0 fnt
|faint|p1a: kungfufighting
|
|upkeep
|
|switch|p1a: slowdancingin|Sneasel, F|100/100
|-damage|p1a: slowdancingin|76/100|[from] Stealth Rock
|turn|21
|
|switch|p2a: Steelix|Steelix, M|79/100
|-damage|p2a: Steelix|76/100|[from] Stealth Rock
|-activate|p2a: Steelix|move: Sticky Web
|-unboost|p2a: Steelix|spe|1
|move|p1a: slowdancingin|Swords Dance|p1a: slowdancingin
|-boost|p1a: slowdancingin|atk|2
|
|-heal|p2a: Steelix|82/100|[from] item: Leftovers
|upkeep
|turn|22
|
|move|p1a: slowdancingin|Low Kick|p2a: Steelix
|-supereffective|p2a: Steelix
|-damage|p2a: Steelix|0 fnt
|-damage|p1a: slowdancingin|66/100|[from] item: Life Orb
|faint|p2a: Steelix
|
|upkeep
|-message|Bootlegusername forfeited.
|
|win|big bad alolem
|l|☆Bootlegusername
|raw|big bad alolem's rating: 1320 &rarr; <strong>1345</strong><br />(+25 for winning)
|raw|Bootlegusername's rating: 1409 &rarr; <strong>1384</strong><br />(-25 for losing)
