|j|☆monotypewhat
|j|☆Upward Trend
|player|p1|monotypewhat|165|1408
|player|p2|Upward Trend|ghetsis-gen5bw|1379
|teamsize|p1|6
|teamsize|p2|6
|gametype|singles
|gen|8
|tier|[Gen 8] RU
|rated|
|clearpoke
|poke|p1|Xatu, F|
|poke|p1|Accelgor, F|
|poke|p1|Vaporeon, M|
|poke|p1|Goodra, M|
|poke|p1|Machamp, M|
|poke|p1|Runerigus, M|
|poke|p2|Gourgeist-*, F|
|poke|p2|Perrserker, F|
|poke|p2|Galvantula, M|
|poke|p2|Gigalith, M|
|poke|p2|Sigilyph, F|
|poke|p2|Quagsire, F|
|rule|Sleep Clause Mod: Limit one foe put to sleep
|rule|Species Clause: Limit one of each Pokémon
|rule|OHKO Clause: OHKO moves are banned
|rule|Evasion Moves Clause: Evasion moves are banned
|rule|Endless Battle Clause: Forcing endless battles is banned
|rule|HP Percentage Mod: HP is shown in percentages
|rule|Dynamax Clause: You cannot dynamax
|teampreview
|inactive|Battle timer is ON: inactive players will automatically lose when time's up. (requested by monotypewhat)
|j| SlimePressed
|
|start
|switch|p1a: Runerigus|Runerigus, M|100/100
|switch|p2a: Gourgeist|Gourgeist-Small, F|100/100
|-item|p1a: Runerigus|Colbur Berry|[from] ability: Frisk|[of] p2a: Gourgeist|[identify]
|turn|1
|
|move|p2a: Gourgeist|Power Whip|p1a: Runerigus
|-supereffective|p1a: Runerigus
|-damage|p1a: Runerigus|34/100
|-activate|p2a: Gourgeist|ability: Wandering Spirit|Wandering Spirit|Frisk|[of] p1a: Runerigus
|-item|p2a: Gourgeist|Life Orb|[from] ability: Frisk|[of] p1a: Runerigus|[identify]
|-damage|p2a: Gourgeist|91/100|[from] item: Life Orb
|move|p1a: Runerigus|Toxic Spikes|p2a: Gourgeist
|-sidestart|p2: Upward Trend|move: Toxic Spikes
|
|upkeep
|turn|2
|
|switch|p1a: Goodra|Goodra, M|100/100
|move|p2a: Gourgeist|Substitute|p2a: Gourgeist
|-start|p2a: Gourgeist|Substitute
|-damage|p2a: Gourgeist|66/100
|
|upkeep
|turn|3
|
|move|p2a: Gourgeist|Shadow Sneak|p1a: Goodra
|-damage|p1a: Goodra|78/100
|-damage|p2a: Gourgeist|56/100|[from] item: Life Orb
|move|p1a: Goodra|Fire Blast|p2a: Gourgeist
|-supereffective|p2a: Gourgeist
|-crit|p2a: Gourgeist
|-end|p2a: Gourgeist|Substitute
|
|-heal|p1a: Goodra|84/100|[from] item: Leftovers
|upkeep
|turn|4
|
|move|p2a: Gourgeist|Substitute|p2a: Gourgeist
|-start|p2a: Gourgeist|Substitute
|-damage|p2a: Gourgeist|31/100
|move|p1a: Goodra|Draco Meteor|p2a: Gourgeist
|-end|p2a: Gourgeist|Substitute
|-unboost|p1a: Goodra|spa|2
|
|-heal|p1a: Goodra|90/100|[from] item: Leftovers
|upkeep
|turn|5
|
|move|p2a: Gourgeist|Substitute|p2a: Gourgeist
|-start|p2a: Gourgeist|Substitute
|-damage|p2a: Gourgeist|6/100
|move|p1a: Goodra|Draco Meteor|p2a: Gourgeist|[miss]
|-miss|p1a: Goodra|p2a: Gourgeist
|
|-heal|p1a: Goodra|96/100|[from] item: Leftovers
|upkeep
|turn|6
|
|move|p2a: Gourgeist|Pain Split|p1a: Goodra
|-sethp|p1a: Goodra|50/100|[from] move: Pain Split|[silent]
|-sethp|p2a: Gourgeist|76/100|[from] move: Pain Split
|move|p1a: Goodra|Draco Meteor|p2a: Gourgeist
|-end|p2a: Gourgeist|Substitute
|-unboost|p1a: Goodra|spa|2
|
|-heal|p1a: Goodra|56/100|[from] item: Leftovers
|upkeep
|turn|7
|
|switch|p1a: Vaporeon|Vaporeon, M|100/100
|move|p2a: Gourgeist|Power Whip|p1a: Vaporeon
|-supereffective|p1a: Vaporeon
|-damage|p1a: Vaporeon|0 fnt
|-damage|p2a: Gourgeist|66/100|[from] item: Life Orb
|faint|p1a: Vaporeon
|
|upkeep
|
|switch|p1a: Goodra|Goodra, M|56/100
|turn|8
|
|move|p2a: Gourgeist|Substitute|p2a: Gourgeist
|-start|p2a: Gourgeist|Substitute
|-damage|p2a: Gourgeist|42/100
|move|p1a: Goodra|Fire Blast|p2a: Gourgeist|[miss]
|-miss|p1a: Goodra|p2a: Gourgeist
|
|-heal|p1a: Goodra|62/100|[from] item: Leftovers
|upkeep
|turn|9
|
|move|p2a: Gourgeist|Shadow Sneak|p1a: Goodra
|-damage|p1a: Goodra|38/100
|-damage|p2a: Gourgeist|32/100|[from] item: Life Orb
|move|p1a: Goodra|Fire Blast|p2a: Gourgeist
|-supereffective|p2a: Gourgeist
|-end|p2a: Gourgeist|Substitute
|
|-heal|p1a: Goodra|44/100|[from] item: Leftovers
|upkeep
|turn|10
|
|move|p2a: Gourgeist|Substitute|p2a: Gourgeist
|-start|p2a: Gourgeist|Substitute
|-damage|p2a: Gourgeist|7/100
|move|p1a: Goodra|Fire Blast|p2a: Gourgeist
|-supereffective|p2a: Gourgeist
|-crit|p2a: Gourgeist
|-end|p2a: Gourgeist|Substitute
|
|-heal|p1a: Goodra|50/100|[from] item: Leftovers
|upkeep
|turn|11
|
|move|p2a: Gourgeist|Pain Split|p1a: Goodra
|-sethp|p1a: Goodra|27/100|[from] move: Pain Split|[silent]
|-sethp|p2a: Gourgeist|41/100|[from] move: Pain Split
|move|p1a: Goodra|Fire Blast|p2a: Gourgeist
|-supereffective|p2a: Gourgeist
|-damage|p2a: Gourgeist|0 fnt
|faint|p2a: Gourgeist
|
|-heal|p1a: Goodra|33/100|[from] item: Leftovers
|upkeep
|
|switch|p2a: Sigilyph|Sigilyph, F|100/100
|turn|12
|
|switch|p1a: Runerigus|Runerigus, M|34/100
|move|p2a: Sigilyph|Psyshock|p1a: Runerigus
|-damage|p1a: Runerigus|7/100
|
|upkeep
|turn|13
|
|move|p2a: Sigilyph|Psyshock|p1a: Runerigus
|-damage|p1a: Runerigus|0 fnt
|faint|p1a: Runerigus
|
|upkeep
|
|switch|p1a: Accelgor|Accelgor, F|100/100
|turn|14
|
|switch|p2a: Gigalith|Gigalith, M|100/100
|-status|p2a: Gigalith|psn
|-weather|Sandstorm|[from] ability: Sand Stream|[of] p2a: Gigalith
|move|p1a: Accelgor|U-turn|p2a: Gigalith
|-damage|p2a: Gigalith|88/100 psn
|
|switch|p1a: Machamp|Machamp, M|100/100|[from]move: U-turn
|
|-weather|Sandstorm|[upkeep]
|-damage|p1a: Machamp|94/100|[from] Sandstorm
|-heal|p2a: Gigalith|94/100 psn|[from] item: Leftovers
|-damage|p2a: Gigalith|81/100 psn|[from] psn
|-status|p1a: Machamp|brn|[from] item: Flame Orb
|upkeep
|turn|15
|
|switch|p2a: Quagsire|Quagsire, F|100/100
|-status|p2a: Quagsire|psn
|move|p1a: Machamp|Close Combat|p2a: Quagsire
|-damage|p2a: Quagsire|22/100 psn
|-unboost|p1a: Machamp|def|1
|-unboost|p1a: Machamp|spd|1
|
|-weather|Sandstorm|[upkeep]
|-damage|p1a: Machamp|88/100 brn|[from] Sandstorm
|-heal|p2a: Quagsire|28/100 psn|[from] item: Leftovers
|-damage|p1a: Machamp|82/100 brn|[from] brn
|-damage|p2a: Quagsire|16/100 psn|[from] psn
|upkeep
|turn|16
|j| krizik
|
|move|p1a: Machamp|Knock Off|p2a: Quagsire
|-damage|p2a: Quagsire|0 fnt
|-enditem|p2a: Quagsire|Leftovers|[from] move: Knock Off|[of] p1a: Machamp
|faint|p2a: Quagsire
|
|-weather|Sandstorm|[upkeep]
|-damage|p1a: Machamp|76/100 brn|[from] Sandstorm
|-damage|p1a: Machamp|69/100 brn|[from] brn
|upkeep
|
|switch|p2a: Galvantula|Galvantula, M|100/100
|-status|p2a: Galvantula|psn
|turn|17
|
|switch|p1a: Goodra|Goodra, M|33/100
|move|p2a: Galvantula|Volt Switch|p1a: Goodra
|-resisted|p1a: Goodra
|-damage|p1a: Goodra|20/100
|-damage|p2a: Galvantula|91/100 psn|[from] item: Life Orb
|
|switch|p2a: Sigilyph|Sigilyph, F|100/100|[from]move: Volt Switch
|
|-weather|Sandstorm|[upkeep]
|-damage|p1a: Goodra|14/100|[from] Sandstorm
|-heal|p1a: Goodra|20/100|[from] item: Leftovers
|upkeep
|turn|18
|
|move|p2a: Sigilyph|Psyshock|p1a: Goodra
|-damage|p1a: Goodra|0 fnt
|faint|p1a: Goodra
|
|-weather|none
|upkeep
|
|switch|p1a: Accelgor|Accelgor, F|100/100
|turn|19
|
|switch|p2a: Gigalith|Gigalith, M|81/100 psn
|-weather|Sandstorm|[from] ability: Sand Stream|[of] p2a: Gigalith
|move|p1a: Accelgor|Bug Buzz|p2a: Gigalith
|-damage|p2a: Gigalith|50/100 psn
|
|-weather|Sandstorm|[upkeep]
|-damage|p1a: Accelgor|95/100|[from] Sandstorm
|-heal|p2a: Gigalith|56/100 psn|[from] item: Leftovers
|-damage|p2a: Gigalith|44/100 psn|[from] psn
|upkeep
|turn|20
|
|switch|p1a: Xatu|Xatu, F|100/100
|move|p2a: Gigalith|Heavy Slam|p1a: Xatu
|-damage|p1a: Xatu|39/100
|
|-weather|Sandstorm|[upkeep]
|-damage|p1a: Xatu|33/100|[from] Sandstorm
|-heal|p2a: Gigalith|50/100 psn|[from] item: Leftovers
|-damage|p2a: Gigalith|37/100 psn|[from] psn
|upkeep
|turn|21
|
|switch|p2a: Galvantula|Galvantula, M|91/100 psn
|move|p1a: Xatu|Psychic|p2a: Galvantula
|-damage|p2a: Galvantula|23/100 psn
|
|-weather|Sandstorm|[upkeep]
|-damage|p2a: Galvantula|17/100 psn|[from] Sandstorm
|-damage|p1a: Xatu|27/100|[from] Sandstorm
|-damage|p2a: Galvantula|5/100 psn|[from] psn
|upkeep
|turn|22
|
|move|p2a: Galvantula|Bug Buzz|p1a: Xatu
|-damage|p1a: Xatu|0 fnt
|-damage|p2a: Galvantula|0 fnt|[from] item: Life Orb
|faint|p1a: Xatu
|faint|p2a: Galvantula
|
|-weather|Sandstorm|[upkeep]
|upkeep
|
|switch|p2a: Perrserker|Perrserker, F|100/100
|switch|p1a: Accelgor|Accelgor, F|95/100
|turn|23
|
|move|p1a: Accelgor|Focus Blast|p2a: Perrserker|[miss]
|-miss|p1a: Accelgor|p2a: Perrserker
|move|p2a: Perrserker|Iron Head|p1a: Accelgor
|-damage|p1a: Accelgor|0 fnt
|faint|p1a: Accelgor
|
|-weather|none
|upkeep
|
|switch|p1a: Machamp|Machamp, M|69/100 brn
|turn|24
|
|move|p2a: Perrserker|Iron Head|p1a: Machamp
|-damage|p1a: Machamp|0 fnt
|faint|p1a: Machamp
|
|win|Upward Trend
|raw|monotypewhat's rating: 1408 &rarr; <strong>1386</strong><br />(-22 for losing)
|raw|Upward Trend's rating: 1379 &rarr; <strong>1401</strong><br />(+22 for winning)
|l|☆monotypewhat
|l|☆Upward Trend
|l| SlimePressed
|j|☆Upward Trend
|player|p2|Upward Trend|ghetsis-gen5bw
