|j|☆Takatalvi
|j|☆Tenshinhan
|t:|1643125431
|gametype|singles
|player|p1|Takatalvi|102|
|player|p2|Tenshinhan|101|
|teamsize|p1|6
|teamsize|p2|6
|gen|8
|tier|[Gen 8] RU
|rule|Sleep Clause Mod: Limit one foe put to sleep
|rule|Species Clause: Limit one of each Pokémon
|rule|OHKO Clause: OHKO moves are banned
|rule|Evasion Moves Clause: Evasion moves are banned
|rule|Endless Battle Clause: Forcing endless battles is banned
|rule|HP Percentage Mod: HP is shown in percentages
|rule|Dynamax Clause: You cannot dynamax
|clearpoke
|poke|p1|Gastrodon, M|
|poke|p1|Gardevoir, F|
|poke|p1|Xurkitree|
|poke|p1|Incineroar, F|
|poke|p1|Steelix, F|
|poke|p1|Noivern, F|
|poke|p2|Politoed, M|
|poke|p2|Tornadus, M|
|poke|p2|Klefki, M|
|poke|p2|Kingdra, F|
|poke|p2|Seismitoad, M|
|poke|p2|Sharpedo, F|
|teampreview
|c|☆Takatalvi|gl hf bro
|j| TopLel TopKek
|c|☆Tenshinhan|Igual padre
|c| TopLel TopKek|Dale kakatalvi
|c| TopLel TopKek|TENSHO HAY MÁS COSAS QUE RAIN EN LA VIDA FDP
|j| osolanai
|c|☆Takatalvi|Tensho
|c|☆Takatalvi|Me sacaste un rain
|c|☆Takatalvi|Que clase de hijo le hace eso a su padre
|j| wesh papillon
|c|☆Tenshinhan|Uno que está harto de que su padre lo abandone y siempre tener q buscarse la vida
|c|☆Takatalvi|JAJAJA
|c|☆Takatalvi|Razonable
|c| osolanai|hf both teams
|l| wesh papillon
|
|t:|1643125531
|start
|switch|p1a: Xurkitree|Xurkitree|100/100
|switch|p2a: Kingdra|Kingdra, F|100/100
|turn|1
|j| wesh papillon
|l| wesh papillon
|j| wesh papillon
|inactive|Battle timer is ON: inactive players will automatically lose when time's up. (requested by Tenshinhan)
|
|t:|1643125577
|move|p1a: Xurkitree|Volt Switch|p2a: Kingdra
|-crit|p2a: Kingdra
|-damage|p2a: Kingdra|11/100
|l| wesh papillon
|inactive|Takatalvi has 270 seconds left.
|j| VyoletRayn
|inactive|Takatalvi has 240 seconds left.
|j| toytean
|
|t:|1643125667
|switch|p1a: Steelix|Steelix, F|100/100|[from]move: Volt Switch
|move|p2a: Kingdra|Draco Meteor|p1a: Steelix
|-resisted|p1a: Steelix
|-damage|p1a: Steelix|62/100
|-unboost|p2a: Kingdra|spa|2
|
|-heal|p1a: Steelix|68/100|[from] item: Leftovers
|upkeep
|turn|2
|inactive|Takatalvi has 210 seconds left.
|
|t:|1643125683
|switch|p2a: Seismitoad|Seismitoad, M|100/100
|move|p1a: Steelix|Stealth Rock|p2a: Seismitoad
|-sidestart|p2: Tenshinhan|move: Stealth Rock
|
|-heal|p1a: Steelix|74/100|[from] item: Leftovers
|upkeep
|turn|3
|inactive|Takatalvi has 210 seconds left.
|
|t:|1643125705
|move|p2a: Seismitoad|Stealth Rock|p1a: Steelix
|-sidestart|p1: Takatalvi|move: Stealth Rock
|move|p1a: Steelix|Toxic|p2a: Seismitoad
|-status|p2a: Seismitoad|tox
|
|-heal|p1a: Steelix|80/100|[from] item: Leftovers
|-damage|p2a: Seismitoad|95/100 tox|[from] psn
|upkeep
|turn|4
|j| wesh papillon
|j| Draphirion
|inactive|Takatalvi has 180 seconds left.
|inactive|Takatalvi has 150 seconds left.
|l| TopLel TopKek
|
|t:|1643125786
|switch|p2a: Politoed|Politoed, M|100/100
|-damage|p2a: Politoed|88/100|[from] Stealth Rock
|-weather|RainDance|[from] ability: Drizzle|[of] p2a: Politoed
|move|p1a: Steelix|Earthquake|p2a: Politoed
|-damage|p2a: Politoed|60/100
|
|-weather|RainDance|[upkeep]
|-heal|p1a: Steelix|86/100|[from] item: Leftovers
|upkeep
|turn|5
|j| Jeza.p
|
|t:|1643125807
|switch|p2a: Seismitoad|Seismitoad, M|95/100 tox
|-damage|p2a: Seismitoad|89/100 tox|[from] Stealth Rock
|switch|p1a: Gastrodon|Gastrodon, M|100/100
|
|-weather|RainDance|[upkeep]
|-damage|p2a: Seismitoad|83/100 tox|[from] psn
|upkeep
|turn|6
|l| wesh papillon
|j| karpfan420
|inactive|Takatalvi has 120 seconds left.
|
|t:|1643125830
|switch|p1a: Steelix|Steelix, F|86/100
|-damage|p1a: Steelix|83/100|[from] Stealth Rock
|move|p2a: Seismitoad|Power Whip|p1a: Steelix
|-crit|p1a: Steelix
|-damage|p1a: Steelix|45/100
|-damage|p2a: Seismitoad|73/100 tox|[from] item: Life Orb
|
|-weather|RainDance|[upkeep]
|-heal|p1a: Steelix|51/100|[from] item: Leftovers
|-damage|p2a: Seismitoad|61/100 tox|[from] psn
|upkeep
|turn|7
|inactive|Takatalvi has 120 seconds left.
|l| Draphirion
|j| TopLel TopKek
|inactive|Takatalvi has 90 seconds left.
|
|t:|1643125882
|move|p2a: Seismitoad|Liquidation|p1a: Steelix
|-supereffective|p1a: Steelix
|-damage|p1a: Steelix|0 fnt
|faint|p1a: Steelix
|-damage|p2a: Seismitoad|51/100 tox|[from] item: Life Orb
|
|-weather|RainDance|[upkeep]
|-damage|p2a: Seismitoad|33/100 tox|[from] psn
|upkeep
|l| VyoletRayn
|j| Draphirion
|inactive|Takatalvi has 60 seconds left.
|j| VyoletRayn
|j| Micciu20250
|j| Skimmythegod
|j| AzZoCcX
|inactive|Takatalvi has 30 seconds left.
|
|t:|1643125933
|switch|p1a: Noivern|Noivern, F|100/100
|turn|8
|j| Churielix
|l| Skimmythegod
|
|t:|1643125947
|switch|p2a: Klefki|Klefki, M|100/100
|-damage|p2a: Klefki|95/100|[from] Stealth Rock
|move|p1a: Noivern|Roost||[still]
|-fail|p1a: Noivern|heal
|
|-weather|RainDance|[upkeep]
|upkeep
|turn|9
|
|t:|1643125955
|switch|p1a: Gastrodon|Gastrodon, M|100/100
|move|p2a: Klefki|Spikes|p1a: Gastrodon
|-sidestart|p1: Takatalvi|Spikes
|
|-weather|RainDance|[upkeep]
|upkeep
|turn|10
|
|t:|1643125965
|switch|p2a: Tornadus|Tornadus, M|100/100
|move|p1a: Gastrodon|Earth Power|p2a: Tornadus
|-immune|p2a: Tornadus
|
|-weather|RainDance|[upkeep]
|upkeep
|turn|11
|
|t:|1643125978
|move|p2a: Tornadus|Hurricane|p1a: Gastrodon
|-damage|p1a: Gastrodon|47/100
|move|p1a: Gastrodon|Recover|p1a: Gastrodon
|-heal|p1a: Gastrodon|97/100
|
|-weather|none
|upkeep
|turn|12
|
|t:|1643125996
|switch|p1a: Gardevoir|Gardevoir, F|100/100
|-damage|p1a: Gardevoir|88/100|[from] Stealth Rock
|-damage|p1a: Gardevoir|76/100|[from] Spikes
|-ability|p1a: Gardevoir|Prankster|[from] ability: Trace|[of] p2a: Tornadus
|move|p2a: Tornadus|Nasty Plot|p2a: Tornadus
|-boost|p2a: Tornadus|spa|2
|
|upkeep
|turn|13
|
|t:|1643126006
|move|p2a: Tornadus|Hurricane|p1a: Gardevoir|[miss]
|-miss|p2a: Tornadus|p1a: Gardevoir
|move|p1a: Gardevoir|Moonblast|p2a: Tornadus
|-damage|p2a: Tornadus|0 fnt
|faint|p2a: Tornadus
|
|upkeep
|c| AzZoCcX|:)
|c| Draphirion|What a joke
|c| AzZoCcX|What a game
|c| TopLel TopKek|robamos
|c|☆Takatalvi|robamos
|c| Churielix|A bueno eres Takacalvi
|
|t:|1643126027
|switch|p2a: Klefki|Klefki, M|95/100
|-damage|p2a: Klefki|89/100|[from] Stealth Rock
|turn|14
|c| Churielix|*que
|c| Draphirion|Putain contre des clown pas foutu de trouver un sub en 1 semaine
|l| AzZoCcX
|c| Draphirion|ça fou la haine
|j| Quarante8
|c|☆Takatalvi|des clown le ganó en powc a tensho
|inactive|Takatalvi has 30 seconds left.
|c|☆Takatalvi|Que este retirado no me hace un payaso xd
|
|t:|1643126057
|switch|p1a: Incineroar|Incineroar, F|100/100
|-ability|p1a: Incineroar|Intimidate|boost
|-unboost|p2a: Klefki|atk|1
|switch|p2a: Seismitoad|Seismitoad, M|33/100 tox
|-damage|p2a: Seismitoad|27/100 tox|[from] Stealth Rock
|
|-damage|p2a: Seismitoad|21/100 tox|[from] psn
|upkeep
|turn|15
|inactive|Takatalvi has 30 seconds left.
|j| AzZoCcX
|l| VyoletRayn
|
|t:|1643126078
|switch|p2a: Politoed|Politoed, M|60/100
|-damage|p2a: Politoed|47/100|[from] Stealth Rock
|-weather|RainDance|[from] ability: Drizzle|[of] p2a: Politoed
|move|p1a: Incineroar|Knock Off|p2a: Politoed
|-damage|p2a: Politoed|12/100
|-enditem|p2a: Politoed|Damp Rock|[from] move: Knock Off|[of] p1a: Incineroar
|
|-weather|RainDance|[upkeep]
|upkeep
|turn|16
|inactive|Takatalvi has 30 seconds left.
|j| VyoletRayn
|c| AzZoCcX|We werent talking of you but ok
|l| VyoletRayn
|inactive|Takatalvi has 20 seconds left.
|inactive|Takatalvi has 15 seconds left.
|
|t:|1643126101
|switch|p1a: Gardevoir|Gardevoir, F|76/100
|-damage|p1a: Gardevoir|64/100|[from] Spikes
|-damage|p1a: Gardevoir|51/100|[from] Stealth Rock
|-ability|p1a: Gardevoir|Drizzle|[from] ability: Trace|[of] p2a: Politoed
|move|p2a: Politoed|Toxic|p1a: Gardevoir
|-status|p1a: Gardevoir|tox
|
|-weather|RainDance|[upkeep]
|-damage|p1a: Gardevoir|45/100 tox|[from] psn
|upkeep
|turn|17
|inactive|Takatalvi has 25 seconds left this turn.
|inactive|Takatalvi has 20 seconds left.
|l| Micciu20250
|
|t:|1643126110
|move|p2a: Politoed|Protect|p2a: Politoed
|-singleturn|p2a: Politoed|Protect
|move|p1a: Gardevoir|Moonblast|p2a: Politoed
|-activate|p2a: Politoed|move: Protect
|
|-weather|RainDance|[upkeep]
|-damage|p1a: Gardevoir|33/100 tox|[from] psn
|upkeep
|turn|18
|inactive|Takatalvi has 30 seconds left this turn.
|j| VyoletRayn
|l| TopLel TopKek
|
|t:|1643126124
|switch|p2a: Klefki|Klefki, M|89/100
|-damage|p2a: Klefki|83/100|[from] Stealth Rock
|move|p1a: Gardevoir|Moonblast|p2a: Klefki
|-resisted|p2a: Klefki
|-damage|p2a: Klefki|52/100
|-enditem|p2a: Klefki|Eject Button
|inactive|Takatalvi has 30 seconds left this turn.
|
|t:|1643126132
|switch|p2a: Sharpedo|Sharpedo, F|100/100
|-damage|p2a: Sharpedo|88/100|[from] Stealth Rock
|
|-weather|RainDance|[upkeep]
|-damage|p1a: Gardevoir|15/100 tox|[from] psn
|upkeep
|turn|19
|j| TopLel TopKek
|
|t:|1643126140
|move|p2a: Sharpedo|Crunch|p1a: Gardevoir
|-damage|p1a: Gardevoir|0 fnt
|faint|p1a: Gardevoir
|-damage|p2a: Sharpedo|78/100|[from] item: Life Orb
|
|-weather|RainDance|[upkeep]
|-ability|p2a: Sharpedo|Speed Boost|boost
|-boost|p2a: Sharpedo|spe|1
|upkeep
|
|t:|1643126148
|switch|p1a: Xurkitree|Xurkitree|100/100
|-damage|p1a: Xurkitree|88/100|[from] Spikes
|-damage|p1a: Xurkitree|76/100|[from] Stealth Rock
|turn|20
|
|t:|1643126157
|switch|p1a: Gastrodon|Gastrodon, M|97/100
|move|p2a: Sharpedo|Protect||[still]
|-fail|p2a: Sharpedo
|
|-weather|RainDance|[upkeep]
|-ability|p2a: Sharpedo|Speed Boost|boost
|-boost|p2a: Sharpedo|spe|1
|upkeep
|turn|21
|inactive|Takatalvi has 30 seconds left.
|
|t:|1643126185
|move|p2a: Sharpedo|Crunch|p1a: Gastrodon
|-damage|p1a: Gastrodon|58/100
|-damage|p2a: Sharpedo|68/100|[from] item: Life Orb
|move|p1a: Gastrodon|Toxic|p2a: Sharpedo
|-status|p2a: Sharpedo|tox
|
|-weather|RainDance|[upkeep]
|-damage|p2a: Sharpedo|62/100 tox|[from] psn
|-ability|p2a: Sharpedo|Speed Boost|boost
|-boost|p2a: Sharpedo|spe|1
|upkeep
|turn|22
|j| Hervalt
|l| Draphirion
|
|t:|1643126201
|switch|p2a: Klefki|Klefki, M|52/100
|-damage|p2a: Klefki|46/100|[from] Stealth Rock
|move|p1a: Gastrodon|Recover|p1a: Gastrodon
|-heal|p1a: Gastrodon|100/100
|
|-weather|none
|upkeep
|turn|23
|inactive|Takatalvi has 30 seconds left.
|
|t:|1643126222
|switch|p1a: Incineroar|Incineroar, F|100/100
|-ability|p1a: Incineroar|Intimidate|boost
|-unboost|p2a: Klefki|atk|1
|move|p2a: Klefki|Rain Dance|p2a: Klefki
|-weather|RainDance
|
|-weather|RainDance|[upkeep]
|upkeep
|turn|24
|inactive|Takatalvi has 30 seconds left.
|inactive|Takatalvi has 20 seconds left.
|
|t:|1643126241
|switch|p2a: Politoed|Politoed, M|12/100
|-damage|p2a: Politoed|0 fnt|[from] Stealth Rock
|faint|p2a: Politoed
|move|p1a: Incineroar|U-turn|p2: Politoed|[notarget]
|-fail|p1a: Incineroar
|
|-weather|RainDance|[upkeep]
|upkeep
|inactive|Takatalvi has 25 seconds left this turn.
|
|t:|1643126246
|switch|p2a: Seismitoad|Seismitoad, M|21/100 tox
|-damage|p2a: Seismitoad|15/100 tox|[from] Stealth Rock
|turn|25
|inactive|Takatalvi has 30 seconds left.
|inactive|Takatalvi has 20 seconds left.
|inactive|Takatalvi has 15 seconds left.
|
|t:|1643126270
|move|p2a: Seismitoad|Liquidation|p1a: Incineroar
|-supereffective|p1a: Incineroar
|-crit|p1a: Incineroar
|-damage|p1a: Incineroar|0 fnt
|faint|p1a: Incineroar
|-damage|p2a: Seismitoad|5/100 tox|[from] item: Life Orb
|
|-weather|RainDance|[upkeep]
|-damage|p2a: Seismitoad|0 fnt|[from] psn
|faint|p2a: Seismitoad
|upkeep
|inactive|Takatalvi has 25 seconds left this turn.
|inactive|Takatalvi has 20 seconds left.
|l| AzZoCcX
|inactive|Takatalvi has 15 seconds left.
|
|t:|1643126281
|switch|p2a: Klefki|Klefki, M|46/100
|switch|p1a: Xurkitree|Xurkitree|76/100
|-damage|p1a: Xurkitree|63/100|[from] Spikes
|-damage|p1a: Xurkitree|51/100|[from] Stealth Rock
|-damage|p2a: Klefki|40/100|[from] Stealth Rock
|turn|26
|inactive|Takatalvi has 25 seconds left this turn.
|l| VyoletRayn
|j| VyoletRayn
|
|t:|1643126293
|move|p1a: Xurkitree|Thunderbolt|p2a: Klefki
|-damage|p2a: Klefki|0 fnt
|faint|p2a: Klefki
|-ability|p1a: Xurkitree|Beast Boost|boost
|-boost|p1a: Xurkitree|spa|1
|
|-weather|RainDance|[upkeep]
|upkeep
|inactive|Takatalvi has 30 seconds left this turn.
|
|t:|1643126297
|switch|p2a: Sharpedo|Sharpedo, F|62/100 tox
|-damage|p2a: Sharpedo|50/100 tox|[from] Stealth Rock
|turn|27
|
|t:|1643126304
|move|p2a: Sharpedo|Protect|p2a: Sharpedo
|-singleturn|p2a: Sharpedo|Protect
|move|p1a: Xurkitree|Thunderbolt|p2a: Sharpedo
|-activate|p2a: Sharpedo|move: Protect
|
|-weather|none
|-damage|p2a: Sharpedo|44/100 tox|[from] psn
|-ability|p2a: Sharpedo|Speed Boost|boost
|-boost|p2a: Sharpedo|spe|1
|upkeep
|turn|28
|j| Skimmythegod
|inactive|Takatalvi has 30 seconds left.
|
|t:|1643126320
|switch|p1a: Noivern|Noivern, F|100/100
|move|p2a: Sharpedo|Crunch|p1a: Noivern
|-damage|p1a: Noivern|22/100
|-damage|p2a: Sharpedo|34/100 tox|[from] item: Life Orb
|
|-damage|p2a: Sharpedo|21/100 tox|[from] psn
|-ability|p2a: Sharpedo|Speed Boost|boost
|-boost|p2a: Sharpedo|spe|1
|upkeep
|turn|29
|l| Skimmythegod
|
|t:|1643126326
|move|p2a: Sharpedo|Crunch|p1a: Noivern
|-damage|p1a: Noivern|0 fnt
|faint|p1a: Noivern
|-damage|p2a: Sharpedo|12/100 tox|[from] item: Life Orb
|
|-damage|p2a: Sharpedo|0 fnt|[from] psn
|faint|p2a: Sharpedo
|upkeep
|c| Churielix|q
|c|☆Tenshinhan|GG
|
|t:|1643126334
|switch|p1a: Gastrodon|Gastrodon, M|100/100
|switch|p2a: Kingdra|Kingdra, F|11/100
|-damage|p2a: Kingdra|0 fnt|[from] Stealth Rock
|faint|p2a: Kingdra
|
|win|Takatalvi
|c|☆Takatalvi|gg
|l|☆Tenshinhan
|l| Churielix
|l| VyoletRayn
|c|☆Takatalvi|wp bro
