|j|☆Leffen stan
|j|☆CaspaRuskoAlt
|player|p1|Leffen stan|swimmerf|1476
|player|p2|CaspaRuskoAlt|102|1493
|teamsize|p1|6
|teamsize|p2|6
|gametype|singles
|gen|8
|tier|[Gen 8] RU
|rated|
|clearpoke
|poke|p1|Rhydon, F|
|poke|p1|Goodra, F|
|poke|p1|Mantine, M|
|poke|p1|Aromatisse, M|
|poke|p1|Copperajah, F|
|poke|p1|Rillaboom, F|
|poke|p2|Sableye, F|
|poke|p2|Steelix, M|
|poke|p2|Goodra, M|
|poke|p2|Aromatisse, F|
|poke|p2|Mantine, F|
|poke|p2|Gallade, M|
|rule|Sleep Clause Mod: Limit one foe put to sleep
|rule|Species Clause: Limit one of each Pokémon
|rule|OHKO Clause: OHKO moves are banned
|rule|Evasion Moves Clause: Evasion moves are banned
|rule|Endless Battle Clause: Forcing endless battles is banned
|rule|HP Percentage Mod: HP is shown in percentages
|rule|Dynamax Clause: You cannot dynamax
|teampreview
|inactive|Battle timer is ON: inactive players will automatically lose when time's up. (requested by CaspaRuskoAlt)
|
|start
|switch|p1a: Goodra|Goodra, F|100/100
|switch|p2a: Sableye|Sableye, F, shiny|100/100
|turn|1
|
|switch|p2a: Aromatisse|Aromatisse, F, shiny|100/100
|move|p1a: Goodra|Sludge Bomb|p2a: Aromatisse
|-supereffective|p2a: Aromatisse
|-damage|p2a: Aromatisse|45/100
|
|-heal|p2a: Aromatisse|51/100|[from] item: Leftovers
|upkeep
|turn|2
|
|switch|p1a: Mantine|Mantine, M|100/100
|switch|p2a: Steelix|Steelix, M, shiny|100/100
|
|upkeep
|turn|3
|
|move|p1a: Mantine|Scald|p2a: Steelix
|-supereffective|p2a: Steelix
|-damage|p2a: Steelix|55/100
|move|p2a: Steelix|Toxic|p1a: Mantine|[miss]
|-miss|p2a: Steelix|p1a: Mantine
|
|-heal|p2a: Steelix|61/100|[from] item: Leftovers
|upkeep
|turn|4
|
|switch|p2a: Mantine|Mantine, F, shiny|100/100
|move|p1a: Mantine|Scald|p2a: Mantine
|-immune|p2a: Mantine|[from] ability: Water Absorb
|
|upkeep
|turn|5
|
|move|p2a: Mantine|Toxic|p1a: Mantine
|-status|p1a: Mantine|tox
|move|p1a: Mantine|Toxic|p2a: Mantine
|-status|p2a: Mantine|tox
|
|-damage|p1a: Mantine|94/100 tox|[from] psn
|-damage|p2a: Mantine|94/100 tox|[from] psn
|upkeep
|turn|6
|
|switch|p1a: Aromatisse|Aromatisse, M|100/100
|switch|p2a: Steelix|Steelix, M, shiny|61/100
|
|-heal|p2a: Steelix|67/100|[from] item: Leftovers
|upkeep
|turn|7
|
|switch|p1a: Goodra|Goodra, F|100/100
|move|p2a: Steelix|Heavy Slam|p1a: Goodra
|-damage|p1a: Goodra|69/100
|
|-heal|p2a: Steelix|73/100|[from] item: Leftovers
|upkeep
|turn|8
|
|switch|p2a: Goodra|Goodra, M|100/100
|move|p1a: Goodra|Fire Blast|p2a: Goodra
|-resisted|p2a: Goodra
|-crit|p2a: Goodra
|-damage|p2a: Goodra|81/100
|
|upkeep
|turn|9
|
|switch|p1a: Copperajah|Copperajah, F|100/100
|move|p2a: Goodra|Sludge Bomb|p1a: Copperajah
|-immune|p1a: Copperajah
|
|upkeep
|turn|10
|
|switch|p2a: Mantine|Mantine, F, shiny|94/100 tox
|switch|p1a: Goodra|Goodra, F|69/100
|
|-damage|p2a: Mantine|88/100 tox|[from] psn
|upkeep
|turn|11
|
|switch|p2a: Steelix|Steelix, M, shiny|73/100
|move|p1a: Goodra|Thunderbolt|p2a: Steelix
|-immune|p2a: Steelix
|
|-heal|p2a: Steelix|80/100|[from] item: Leftovers
|upkeep
|turn|12
|
|switch|p1a: Mantine|Mantine, M|94/100 tox
|move|p2a: Steelix|Stealth Rock|p1a: Mantine
|-sidestart|p1: Leffen stan|move: Stealth Rock
|
|-heal|p2a: Steelix|86/100|[from] item: Leftovers
|-damage|p1a: Mantine|88/100 tox|[from] psn
|upkeep
|turn|13
|
|switch|p2a: Goodra|Goodra, M|81/100
|move|p1a: Mantine|Defog|p2a: Goodra
|-unboost|p2a: Goodra|evasion|1
|-sideend|p1: Leffen stan|Stealth Rock|[from] move: Defog|[of] p1a: Mantine
|
|-damage|p1a: Mantine|76/100 tox|[from] psn
|upkeep
|turn|14
|
|switch|p1a: Aromatisse|Aromatisse, M|100/100
|move|p2a: Goodra|Flamethrower|p1a: Aromatisse
|-damage|p1a: Aromatisse|73/100
|
|-heal|p1a: Aromatisse|80/100|[from] item: Leftovers
|upkeep
|turn|15
|
|switch|p1a: Rhydon|Rhydon, F|100/100
|move|p2a: Goodra|Sludge Bomb|p1a: Rhydon
|-resisted|p1a: Rhydon
|-damage|p1a: Rhydon|96/100
|
|upkeep
|turn|16
|
|switch|p2a: Sableye|Sableye, F, shiny|100/100
|move|p1a: Rhydon|Stealth Rock|p2a: Sableye
|-sidestart|p2: CaspaRuskoAlt|move: Stealth Rock
|
|upkeep
|turn|17
|
|switch|p1a: Aromatisse|Aromatisse, M|80/100
|move|p2a: Sableye|Knock Off|p1a: Aromatisse
|-resisted|p1a: Aromatisse
|-damage|p1a: Aromatisse|70/100
|-enditem|p1a: Aromatisse|Leftovers|[from] move: Knock Off|[of] p2a: Sableye
|
|upkeep
|turn|18
|
|switch|p2a: Steelix|Steelix, M, shiny|86/100
|-damage|p2a: Steelix|83/100|[from] Stealth Rock
|move|p1a: Aromatisse|Aromatherapy|p1a: Aromatisse
|-activate|p1a: Aromatisse|move: Aromatherapy
|-curestatus|p1: Mantine|tox|[msg]
|
|-heal|p2a: Steelix|89/100|[from] item: Leftovers
|upkeep
|turn|19
|
|switch|p1a: Goodra|Goodra, F|69/100
|move|p2a: Steelix|Stealth Rock|p1a: Goodra
|-sidestart|p1: Leffen stan|move: Stealth Rock
|
|-heal|p2a: Steelix|95/100|[from] item: Leftovers
|upkeep
|turn|20
|
|move|p1a: Goodra|Fire Blast|p2a: Steelix
|-supereffective|p2a: Steelix
|-damage|p2a: Steelix|6/100
|move|p2a: Steelix|Heavy Slam|p1a: Goodra
|-damage|p1a: Goodra|40/100
|
|-heal|p2a: Steelix|13/100|[from] item: Leftovers
|upkeep
|turn|21
|
|move|p1a: Goodra|Fire Blast|p2a: Steelix
|-supereffective|p2a: Steelix
|-damage|p2a: Steelix|0 fnt
|faint|p2a: Steelix
|
|upkeep
|
|switch|p2a: Gallade|Gallade, M, shiny|100/100
|-damage|p2a: Gallade|94/100|[from] Stealth Rock
|turn|22
|
|switch|p1a: Mantine|Mantine, M|76/100
|move|p2a: Gallade|Trick|p1a: Mantine
|-activate|p2a: Gallade|move: Trick|[of] p1a: Mantine
|-item|p1a: Mantine|Choice Scarf|[from] move: Trick
|-item|p2a: Gallade|Heavy-Duty Boots|[from] move: Trick
|
|upkeep
|turn|23
|
|move|p2a: Gallade|Psycho Cut|p1a: Mantine
|-damage|p1a: Mantine|47/100
|move|p1a: Mantine|Toxic|p2a: Gallade
|-status|p2a: Gallade|tox
|
|-damage|p2a: Gallade|88/100 tox|[from] psn
|upkeep
|turn|24
|
|switch|p1a: Aromatisse|Aromatisse, M|70/100
|-damage|p1a: Aromatisse|57/100|[from] Stealth Rock
|move|p2a: Gallade|Psycho Cut|p1a: Aromatisse
|-damage|p1a: Aromatisse|33/100
|
|-damage|p2a: Gallade|76/100 tox|[from] psn
|upkeep
|turn|25
|
|move|p2a: Gallade|Poison Jab|p1a: Aromatisse
|-supereffective|p1a: Aromatisse
|-damage|p1a: Aromatisse|0 fnt
|faint|p1a: Aromatisse
|
|-damage|p2a: Gallade|58/100 tox|[from] psn
|upkeep
|
|switch|p1a: Rillaboom|Rillaboom, F|100/100
|-damage|p1a: Rillaboom|88/100|[from] Stealth Rock
|turn|26
|
|switch|p2a: Sableye|Sableye, F, shiny|100/100
|-damage|p2a: Sableye|88/100|[from] Stealth Rock
|move|p1a: Rillaboom|U-turn|p2a: Sableye
|-damage|p2a: Sableye|65/100
|
|switch|p1a: Goodra|Goodra, F|40/100|[from]move: U-turn
|-damage|p1a: Goodra|28/100|[from] Stealth Rock
|
|-heal|p2a: Sableye|71/100|[from] item: Leftovers
|upkeep
|turn|27
|
|switch|p2a: Aromatisse|Aromatisse, F, shiny|51/100
|-damage|p2a: Aromatisse|39/100|[from] Stealth Rock
|move|p1a: Goodra|Sludge Bomb|p2a: Aromatisse
|-supereffective|p2a: Aromatisse
|-damage|p2a: Aromatisse|0 fnt
|faint|p2a: Aromatisse
|
|upkeep
|
|switch|p2a: Goodra|Goodra, M|81/100
|-damage|p2a: Goodra|69/100|[from] Stealth Rock
|turn|28
|
|switch|p1a: Copperajah|Copperajah, F|100/100
|-damage|p1a: Copperajah|94/100|[from] Stealth Rock
|move|p2a: Goodra|Flamethrower|p1a: Copperajah
|-supereffective|p1a: Copperajah
|-damage|p1a: Copperajah|55/100
|
|upkeep
|turn|29
|
|switch|p2a: Mantine|Mantine, F, shiny|88/100 tox
|move|p1a: Copperajah|Heavy Slam|p2a: Mantine
|-resisted|p2a: Mantine
|-damage|p2a: Mantine|73/100 tox
|
|-damage|p2a: Mantine|67/100 tox|[from] psn
|upkeep
|turn|30
|
|move|p2a: Mantine|Scald|p1a: Copperajah
|-damage|p1a: Copperajah|41/100
|move|p1a: Copperajah|Power Whip|p2a: Mantine
|-damage|p2a: Mantine|28/100 tox
|
|-damage|p2a: Mantine|16/100 tox|[from] psn
|upkeep
|turn|31
|
|move|p2a: Mantine|Scald|p1a: Copperajah
|-damage|p1a: Copperajah|25/100
|move|p1a: Copperajah|Power Whip|p2a: Mantine
|-damage|p2a: Mantine|0 fnt
|faint|p2a: Mantine
|
|upkeep
|
|switch|p2a: Gallade|Gallade, M, shiny|58/100 tox
|turn|32
|
|move|p2a: Gallade|Close Combat|p1a: Copperajah
|-supereffective|p1a: Copperajah
|-damage|p1a: Copperajah|0 fnt
|-unboost|p2a: Gallade|def|1
|-unboost|p2a: Gallade|spd|1
|faint|p1a: Copperajah
|
|-damage|p2a: Gallade|51/100 tox|[from] psn
|upkeep
|inactive|Leffen stan has 120 seconds left.
|
|switch|p1a: Rillaboom|Rillaboom, F|88/100
|-damage|p1a: Rillaboom|76/100|[from] Stealth Rock
|turn|33
|inactive|Leffen stan has 120 seconds left.
|
|switch|p2a: Sableye|Sableye, F, shiny|71/100
|-damage|p2a: Sableye|58/100|[from] Stealth Rock
|move|p1a: Rillaboom|Knock Off|p2a: Sableye
|-damage|p2a: Sableye|25/100
|-enditem|p2a: Sableye|Leftovers|[from] move: Knock Off|[of] p1a: Rillaboom
|
|upkeep
|turn|34
|inactive|Leffen stan has 120 seconds left.
|
|switch|p1a: Mantine|Mantine, M|47/100
|-damage|p1a: Mantine|22/100|[from] Stealth Rock
|move|p2a: Sableye|Recover|p2a: Sableye
|-heal|p2a: Sableye|75/100
|
|upkeep
|turn|35
|inactive|Leffen stan has 120 seconds left.
|
|switch|p2a: Gallade|Gallade, M, shiny|51/100 tox
|move|p1a: Mantine|Toxic|p2a: Gallade|[miss]
|-miss|p1a: Mantine|p2a: Gallade
|
|-damage|p2a: Gallade|45/100 tox|[from] psn
|upkeep
|turn|36
|
|move|p2a: Gallade|Close Combat|p1a: Mantine
|-resisted|p1a: Mantine
|-damage|p1a: Mantine|0 fnt
|-unboost|p2a: Gallade|def|1
|-unboost|p2a: Gallade|spd|1
|faint|p1a: Mantine
|
|-damage|p2a: Gallade|33/100 tox|[from] psn
|upkeep
|
|switch|p1a: Rillaboom|Rillaboom, F|76/100
|-damage|p1a: Rillaboom|64/100|[from] Stealth Rock
|turn|37
|
|switch|p2a: Sableye|Sableye, F, shiny|75/100
|-damage|p2a: Sableye|62/100|[from] Stealth Rock
|move|p1a: Rillaboom|U-turn|p2a: Sableye
|-damage|p2a: Sableye|38/100
|
|switch|p1a: Goodra|Goodra, F|28/100|[from]move: U-turn
|-damage|p1a: Goodra|15/100|[from] Stealth Rock
|
|upkeep
|turn|38
|inactive|CaspaRuskoAlt has 120 seconds left.
|
|switch|p2a: Goodra|Goodra, M|69/100
|-damage|p2a: Goodra|57/100|[from] Stealth Rock
|move|p1a: Goodra|Draco Meteor|p2a: Goodra
|-supereffective|p2a: Goodra
|-damage|p2a: Goodra|0 fnt
|-unboost|p1a: Goodra|spa|2
|faint|p2a: Goodra
|
|upkeep
|inactive|CaspaRuskoAlt has 120 seconds left.
|
|switch|p2a: Gallade|Gallade, M, shiny|33/100 tox
|turn|39
|
|switch|p1a: Rhydon|Rhydon, F|96/100
|-damage|p1a: Rhydon|90/100|[from] Stealth Rock
|move|p2a: Gallade|Close Combat|p1a: Rhydon
|-supereffective|p1a: Rhydon
|-damage|p1a: Rhydon|33/100
|-unboost|p2a: Gallade|def|1
|-unboost|p2a: Gallade|spd|1
|
|-damage|p2a: Gallade|27/100 tox|[from] psn
|upkeep
|turn|40
|
|move|p2a: Gallade|Close Combat|p1a: Rhydon
|-supereffective|p1a: Rhydon
|-damage|p1a: Rhydon|0 fnt
|-unboost|p2a: Gallade|def|1
|-unboost|p2a: Gallade|spd|1
|faint|p1a: Rhydon
|
|-damage|p2a: Gallade|15/100 tox|[from] psn
|upkeep
|
|switch|p1a: Rillaboom|Rillaboom, F|64/100
|-damage|p1a: Rillaboom|51/100|[from] Stealth Rock
|turn|41
|
|move|p1a: Rillaboom|Wood Hammer|p2a: Gallade
|-damage|p2a: Gallade|0 fnt
|-damage|p1a: Rillaboom|47/100|[from] Recoil
|faint|p2a: Gallade
|
|upkeep
|
|switch|p2a: Sableye|Sableye, F, shiny|38/100
|-damage|p2a: Sableye|25/100|[from] Stealth Rock
|turn|42
|
|move|p2a: Sableye|Recover|p2a: Sableye
|-heal|p2a: Sableye|75/100
|move|p1a: Rillaboom|Wood Hammer|p2a: Sableye
|-damage|p2a: Sableye|21/100
|-damage|p1a: Rillaboom|32/100|[from] Recoil
|
|upkeep
|turn|43
|
|move|p2a: Sableye|Recover|p2a: Sableye
|-heal|p2a: Sableye|71/100
|move|p1a: Rillaboom|Wood Hammer|p2a: Sableye
|-damage|p2a: Sableye|0 fnt
|-damage|p1a: Rillaboom|11/100|[from] Recoil
|faint|p2a: Sableye
|
|win|Leffen stan
|raw|Leffen stan's rating: 1476 &rarr; <strong>1497</strong><br />(+21 for winning)
|raw|CaspaRuskoAlt's rating: 1494 &rarr; <strong>1473</strong><br />(-21 for losing)
|c|☆Leffen stan|gg
|c|☆CaspaRuskoAlt|bg u still trash
|l|☆CaspaRuskoAlt
