|j|☆au revoir soshanna
|j|☆111l111
|t:|1598318770
|player|p1|au revoir soshanna|teammagmagruntf-gen3|1496
|player|p2|111l111|lucas|1357
|teamsize|p1|6
|teamsize|p2|6
|gametype|singles
|gen|8
|tier|[Gen 8] RU
|rated|
|clearpoke
|poke|p1|Golurk|
|poke|p1|Rotom-Mow|
|poke|p1|Gardevoir, F|
|poke|p1|Copperajah, F|
|poke|p1|Golisopod, F|
|poke|p1|Drapion, M|
|poke|p2|Bewear, F|
|poke|p2|Exeggutor-Alola, M|
|poke|p2|Bronzong|
|poke|p2|Silvally-*|
|poke|p2|Mantine, F|
|poke|p2|Drapion, M|
|rule|Sleep Clause Mod: Limit one foe put to sleep
|rule|Species Clause: Limit one of each Pokémon
|rule|OHKO Clause: OHKO moves are banned
|rule|Evasion Moves Clause: Evasion moves are banned
|rule|Endless Battle Clause: Forcing endless battles is banned
|rule|HP Percentage Mod: HP is shown in percentages
|rule|Dynamax Clause: You cannot dynamax
|teampreview
|inactive|Battle timer is ON: inactive players will automatically lose when time's up. (requested by 111l111)
|c|☆111l111|sensei?
|
|t:|1598318801
|start
|switch|p1a: Drapion|Drapion, M|100/100
|switch|p2a: Exeggutor|Exeggutor-Alola, M|100/100
|-item|p1a: Drapion|Black Glasses|[from] ability: Frisk|[of] p2a: Exeggutor|[identify]
|turn|1
|
|t:|1598318813
|switch|p2a: Mantine|Mantine, F|100/100
|move|p1a: Drapion|Knock Off|p2a: Mantine
|-damage|p2a: Mantine|64/100
|-enditem|p2a: Mantine|Heavy-Duty Boots|[from] move: Knock Off|[of] p1a: Drapion
|
|upkeep
|turn|2
|
|t:|1598318822
|switch|p1a: Rotom|Rotom-Mow|100/100
|move|p2a: Mantine|Scald|p1a: Rotom
|-resisted|p1a: Rotom
|-damage|p1a: Rotom|86/100
|
|-heal|p1a: Rotom|92/100|[from] item: Leftovers
|upkeep
|turn|3
|
|t:|1598318828
|switch|p2a: Exeggutor|Exeggutor-Alola, M|100/100
|-item|p1a: Rotom|Leftovers|[from] ability: Frisk|[of] p2a: Exeggutor|[identify]
|move|p1a: Rotom|Volt Switch|p2a: Exeggutor
|-resisted|p2a: Exeggutor
|-damage|p2a: Exeggutor|91/100
|inactive|au revoir soshanna has 120 seconds left.
|
|t:|1598318869
|switch|p1a: Golurk|Golurk|100/100|[from]move: Volt Switch
|
|upkeep
|turn|4
|j| SpacialRendevous
|
|t:|1598318879
|switch|p2a: Mantine|Mantine, F|64/100
|move|p1a: Golurk|Poltergeist||[still]
|-fail|p1a: Golurk
|
|upkeep
|turn|5
|
|t:|1598318896
|switch|p1a: Rotom|Rotom-Mow|92/100
|switch|p2a: Bewear|Bewear, F|100/100
|
|-heal|p1a: Rotom|98/100|[from] item: Leftovers
|upkeep
|turn|6
|inactive|au revoir soshanna has 120 seconds left.
|
|t:|1598318917
|move|p1a: Rotom|Volt Switch|p2a: Bewear
|-damage|p2a: Bewear|56/100
|
|t:|1598318925
|switch|p1a: Gardevoir|Gardevoir, F|100/100|[from]move: Volt Switch
|-ability|p1a: Gardevoir|Fluffy|[from] ability: Trace|[of] p2a: Bewear
|move|p2a: Bewear|Darkest Lariat|p1a: Gardevoir
|-damage|p1a: Gardevoir|74/100
|
|upkeep
|turn|7
|inactive|au revoir soshanna has 120 seconds left.
|
|t:|1598318939
|switch|p1a: Drapion|Drapion, M|100/100
|switch|p2a: Bronzong|Bronzong|100/100
|
|upkeep
|turn|8
|inactive|au revoir soshanna has 120 seconds left.
|
|t:|1598318945
|switch|p2a: Drapion|Drapion, M|100/100
|move|p1a: Drapion|Knock Off|p2a: Drapion
|-resisted|p2a: Drapion
|-damage|p2a: Drapion|75/100
|-enditem|p2a: Drapion|Choice Scarf|[from] move: Knock Off|[of] p1a: Drapion
|
|upkeep
|turn|9
|
|t:|1598318951
|move|p1a: Drapion|Earthquake|p2a: Drapion
|-supereffective|p2a: Drapion
|-damage|p2a: Drapion|15/100
|move|p2a: Drapion|Earthquake|p1a: Drapion
|-supereffective|p1a: Drapion
|-damage|p1a: Drapion|39/100
|
|upkeep
|turn|10
|
|t:|1598318960
|switch|p1a: Golisopod|Golisopod, F|100/100
|move|p2a: Drapion|Earthquake|p1a: Golisopod
|-resisted|p1a: Golisopod
|-damage|p1a: Golisopod|91/100
|
|upkeep
|turn|11
|
|t:|1598318964
|switch|p2a: Mantine|Mantine, F|64/100
|move|p1a: Golisopod|Spikes|p2a: Mantine
|-sidestart|p2: 111l111|Spikes
|
|upkeep
|turn|12
|
|t:|1598318969
|switch|p2a: Exeggutor|Exeggutor-Alola, M|91/100
|-damage|p2a: Exeggutor|78/100|[from] Spikes
|-item|p1a: Golisopod|Heavy-Duty Boots|[from] ability: Frisk|[of] p2a: Exeggutor|[identify]
|switch|p1a: Rotom|Rotom-Mow|98/100
|
|-heal|p1a: Rotom|100/100|[from] item: Leftovers
|upkeep
|turn|13
|
|t:|1598318973
|move|p1a: Rotom|Volt Switch|p2a: Exeggutor
|-resisted|p2a: Exeggutor
|-damage|p2a: Exeggutor|68/100
|
|t:|1598318976
|switch|p1a: Copperajah|Copperajah, F|100/100|[from]move: Volt Switch
|move|p2a: Exeggutor|Flamethrower|p1a: Copperajah
|-supereffective|p1a: Copperajah
|-damage|p1a: Copperajah|31/100
|-damage|p2a: Exeggutor|58/100|[from] item: Life Orb
|
|-heal|p1a: Copperajah|37/100|[from] item: Leftovers
|upkeep
|turn|14
|
|t:|1598318988
|move|p2a: Exeggutor|Flamethrower|p1a: Copperajah
|-supereffective|p1a: Copperajah
|-damage|p1a: Copperajah|0 fnt
|-damage|p2a: Exeggutor|48/100|[from] item: Life Orb
|faint|p1a: Copperajah
|
|upkeep
|
|t:|1598318999
|switch|p1a: Drapion|Drapion, M|39/100
|turn|15
|
|t:|1598319003
|switch|p2a: Mantine|Mantine, F|64/100
|move|p1a: Drapion|Knock Off|p2a: Mantine
|-damage|p2a: Mantine|38/100
|
|upkeep
|turn|16
|
|t:|1598319031
|switch|p1a: Rotom|Rotom-Mow|100/100
|move|p2a: Mantine|Roost|p2a: Mantine
|-heal|p2a: Mantine|88/100
|-singleturn|p2a: Mantine|move: Roost
|
|upkeep
|turn|17
|
|t:|1598319036
|switch|p2a: Bronzong|Bronzong|100/100
|-damage|p2a: Bronzong|88/100|[from] Spikes
|move|p1a: Rotom|Volt Switch|p2a: Bronzong
|-damage|p2a: Bronzong|69/100
|
|t:|1598319041
|switch|p1a: Drapion|Drapion, M|39/100|[from]move: Volt Switch
|
|-heal|p2a: Bronzong|75/100|[from] item: Leftovers
|upkeep
|turn|18
|
|t:|1598319051
|switch|p2a: Drapion|Drapion, M|15/100
|-damage|p2a: Drapion|3/100|[from] Spikes
|move|p1a: Drapion|Knock Off|p2a: Drapion
|-resisted|p2a: Drapion
|-damage|p2a: Drapion|0 fnt
|faint|p2a: Drapion
|
|upkeep
|
|t:|1598319054
|switch|p2a: Bewear|Bewear, F|56/100
|-damage|p2a: Bewear|43/100|[from] Spikes
|turn|19
|
|t:|1598319077
|switch|p1a: Golurk|Golurk|100/100
|move|p2a: Bewear|Double-Edge|p1a: Golurk
|-immune|p1a: Golurk
|
|upkeep
|turn|20
|
|t:|1598319089
|move|p2a: Bewear|Darkest Lariat|p1a: Golurk
|-supereffective|p1a: Golurk
|-damage|p1a: Golurk|20/100
|move|p1a: Golurk|Stone Edge|p2a: Bewear
|-resisted|p2a: Bewear
|-crit|p2a: Bewear
|-damage|p2a: Bewear|0 fnt
|faint|p2a: Bewear
|
|upkeep
|
|t:|1598319103
|switch|p2a: Silvally|Silvally-Fairy|100/100
|-damage|p2a: Silvally|88/100|[from] Spikes
|turn|21
|
|t:|1598319120
|move|p2a: Silvally|Multi-Attack|p1a: Golurk
|-damage|p1a: Golurk|0 fnt
|faint|p1a: Golurk
|
|upkeep
|
|t:|1598319131
|switch|p1a: Rotom|Rotom-Mow|100/100
|turn|22
|
|t:|1598319142
|move|p1a: Rotom|Volt Switch|p2a: Silvally
|-damage|p2a: Silvally|60/100
|
|t:|1598319149
|switch|p1a: Golisopod|Golisopod, F|91/100|[from]move: Volt Switch
|move|p2a: Silvally|Multi-Attack|p1a: Golisopod
|-damage|p1a: Golisopod|61/100
|
|upkeep
|turn|23
|
|t:|1598319156
|move|p1a: Golisopod|First Impression|p2a: Silvally
|-resisted|p2a: Silvally
|-damage|p2a: Silvally|39/100
|move|p2a: Silvally|Rock Slide|p1a: Golisopod
|-supereffective|p1a: Golisopod
|-damage|p1a: Golisopod|36/100
|-activate|p1a: Golisopod|ability: Emergency Exit
|
|t:|1598319165
|switch|p1a: Rotom|Rotom-Mow|100/100
|
|upkeep
|turn|24
|
|t:|1598319172
|switch|p2a: Bronzong|Bronzong|75/100
|-damage|p2a: Bronzong|62/100|[from] Spikes
|move|p1a: Rotom|Nasty Plot|p1a: Rotom
|-boost|p1a: Rotom|spa|2
|
|-heal|p2a: Bronzong|69/100|[from] item: Leftovers
|upkeep
|turn|25
|
|t:|1598319178
|move|p1a: Rotom|Volt Switch|p2a: Bronzong
|-damage|p2a: Bronzong|29/100
|
|t:|1598319185
|switch|p1a: Golisopod|Golisopod, F|36/100|[from]move: Volt Switch
|move|p2a: Bronzong|Gyro Ball|p1a: Golisopod
|-resisted|p1a: Golisopod
|-damage|p1a: Golisopod|29/100
|
|-heal|p2a: Bronzong|36/100|[from] item: Leftovers
|upkeep
|turn|26
|
|t:|1598319197
|switch|p2a: Mantine|Mantine, F|88/100
|move|p1a: Golisopod|Leech Life|p2a: Mantine
|-resisted|p2a: Mantine
|-damage|p2a: Mantine|70/100
|-heal|p1a: Golisopod|39/100|[from] drain|[of] p2a: Mantine
|
|upkeep
|turn|27
|
|t:|1598319202
|switch|p1a: Rotom|Rotom-Mow|100/100
|move|p2a: Mantine|Defog|p1a: Rotom
|-unboost|p1a: Rotom|evasion|1
|-sideend|p2: 111l111|Spikes|[from] move: Defog|[of] p2a: Mantine
|
|upkeep
|turn|28
|
|t:|1598319209
|switch|p2a: Exeggutor|Exeggutor-Alola, M|48/100
|-item|p1a: Rotom|Leftovers|[from] ability: Frisk|[of] p2a: Exeggutor|[identify]
|move|p1a: Rotom|Volt Switch|p2a: Exeggutor
|-resisted|p2a: Exeggutor
|-damage|p2a: Exeggutor|37/100
|inactive|au revoir soshanna has 120 seconds left.
|
|t:|1598319240
|switch|p1a: Drapion|Drapion, M|39/100|[from]move: Volt Switch
|
|upkeep
|turn|29
|
|t:|1598319250
|switch|p2a: Mantine|Mantine, F|70/100
|move|p1a: Drapion|Knock Off|p2a: Mantine
|-damage|p2a: Mantine|46/100
|
|upkeep
|turn|30
|
|t:|1598319256
|switch|p1a: Rotom|Rotom-Mow|100/100
|move|p2a: Mantine|Roost|p2a: Mantine
|-heal|p2a: Mantine|96/100
|-singleturn|p2a: Mantine|move: Roost
|
|upkeep
|turn|31
|
|t:|1598319262
|switch|p2a: Exeggutor|Exeggutor-Alola, M|37/100
|-item|p1a: Rotom|Leftovers|[from] ability: Frisk|[of] p2a: Exeggutor|[identify]
|move|p1a: Rotom|Nasty Plot|p1a: Rotom
|-boost|p1a: Rotom|spa|2
|
|upkeep
|turn|32
|
|t:|1598319269
|move|p1a: Rotom|Volt Switch|p2a: Exeggutor
|-resisted|p2a: Exeggutor
|-damage|p2a: Exeggutor|16/100
|
|t:|1598319272
|switch|p1a: Gardevoir|Gardevoir, F|74/100|[from]move: Volt Switch
|-ability|p1a: Gardevoir|Frisk|[from] ability: Trace|[of] p2a: Exeggutor
|-item|p2a: Exeggutor|Life Orb|[from] ability: Frisk|[of] p1a: Gardevoir|[identify]
|move|p2a: Exeggutor|Synthesis|p2a: Exeggutor
|-heal|p2a: Exeggutor|66/100
|
|upkeep
|turn|33
|
|t:|1598319283
|switch|p2a: Silvally|Silvally-Fairy|39/100
|move|p1a: Gardevoir|Moonblast|p2a: Silvally
|-damage|p2a: Silvally|0 fnt
|faint|p2a: Silvally
|
|upkeep
|
|t:|1598319286
|switch|p2a: Bronzong|Bronzong|36/100
|turn|34
|
|t:|1598319295
|switch|p1a: Golisopod|Golisopod, F|39/100
|switch|p2a: Exeggutor|Exeggutor-Alola, M|66/100
|-item|p1a: Golisopod|Heavy-Duty Boots|[from] ability: Frisk|[of] p2a: Exeggutor|[identify]
|
|upkeep
|turn|35
|
|t:|1598319298
|switch|p2a: Mantine|Mantine, F|96/100
|move|p1a: Golisopod|First Impression|p2a: Mantine
|-resisted|p2a: Mantine
|-crit|p2a: Mantine
|-damage|p2a: Mantine|64/100
|
|upkeep
|turn|36
|
|t:|1598319304
|switch|p2a: Exeggutor|Exeggutor-Alola, M|66/100
|-item|p1a: Golisopod|Heavy-Duty Boots|[from] ability: Frisk|[of] p2a: Exeggutor|[identify]
|move|p1a: Golisopod|Leech Life|p2a: Exeggutor
|-supereffective|p2a: Exeggutor
|-damage|p2a: Exeggutor|0 fnt
|-heal|p1a: Golisopod|72/100|[from] drain|[of] p2a: Exeggutor
|faint|p2a: Exeggutor
|
|upkeep
|-message|111l111 forfeited.
|
|win|au revoir soshanna
|l|☆111l111
|raw|au revoir soshanna's rating: 1496 &rarr; <strong>1509</strong><br />(+13 for winning)
|raw|111l111's rating: 1364 &rarr; <strong>1352</strong><br />(-12 for losing)
