|j|☆purple mountains
|j|☆NaomiGogoat67
|t:|1612322219
|player|p1|purple mountains|teammagmagruntf-gen3|1494
|player|p2|NaomiGogoat67|guzma|1241
|teamsize|p1|6
|teamsize|p2|6
|gametype|singles
|gen|8
|tier|[Gen 8] RU
|rated|
|clearpoke
|poke|p1|Metagross|
|poke|p1|Zygarde-10%|
|poke|p1|Thundurus, M|
|poke|p1|Snorlax, F|
|poke|p1|Golisopod, F|
|poke|p1|Togekiss, F|
|poke|p2|Zarude|
|poke|p2|Toxtricity, F|
|poke|p2|Togekiss, F|
|poke|p2|Registeel|
|poke|p2|Milotic, M|
|poke|p2|Mimikyu, M|
|rule|Sleep Clause Mod: Limit one foe put to sleep
|rule|Species Clause: Limit one of each Pokémon
|rule|OHKO Clause: OHKO moves are banned
|rule|Evasion Moves Clause: Evasion moves are banned
|rule|Endless Battle Clause: Forcing endless battles is banned
|rule|HP Percentage Mod: HP is shown in percentages
|rule|Dynamax Clause: You cannot dynamax
|teampreview
|c|☆NaomiGogoat67|glhf
|inactive|Battle timer is ON: inactive players will automatically lose when time's up. (requested by NaomiGogoat67)
|
|t:|1612322243
|start
|switch|p1a: Zygarde|Zygarde-10%|100/100
|switch|p2a: Milotic|Milotic, M|100/100
|-ability|p1a: Zygarde|Aura Break
|turn|1
|
|t:|1612322256
|switch|p1a: Snorlax|Snorlax, F|100/100
|move|p2a: Milotic|Scald|p1a: Snorlax
|-damage|p1a: Snorlax|88/100
|
|-heal|p1a: Snorlax|94/100|[from] item: Leftovers
|upkeep
|turn|2
|
|t:|1612322266
|move|p2a: Milotic|Scald|p1a: Snorlax
|-damage|p1a: Snorlax|81/100
|-status|p1a: Snorlax|brn
|move|p1a: Snorlax|Curse|p1a: Snorlax
|-unboost|p1a: Snorlax|spe|1
|-boost|p1a: Snorlax|atk|1
|-boost|p1a: Snorlax|def|1
|
|-heal|p1a: Snorlax|87/100 brn|[from] item: Leftovers
|-damage|p1a: Snorlax|81/100 brn|[from] brn
|upkeep
|turn|3
|
|t:|1612322271
|move|p2a: Milotic|Flip Turn|p1a: Snorlax
|-damage|p1a: Snorlax|74/100 brn
|
|t:|1612322275
|switch|p2a: Registeel|Registeel|100/100|[from]move: Flip Turn
|move|p1a: Snorlax|Body Slam|p2a: Registeel
|-resisted|p2a: Registeel
|-damage|p2a: Registeel|93/100
|-status|p2a: Registeel|par
|
|-heal|p2a: Registeel|99/100 par|[from] item: Leftovers
|-heal|p1a: Snorlax|80/100 brn|[from] item: Leftovers
|-damage|p1a: Snorlax|74/100 brn|[from] brn
|upkeep
|turn|4
|
|t:|1612322284
|move|p2a: Registeel|Stealth Rock|p1a: Snorlax
|-sidestart|p1: purple mountains|move: Stealth Rock
|move|p1a: Snorlax|Curse|p1a: Snorlax
|-unboost|p1a: Snorlax|spe|1
|-boost|p1a: Snorlax|atk|1
|-boost|p1a: Snorlax|def|1
|
|-heal|p2a: Registeel|100/100 par|[from] item: Leftovers
|-heal|p1a: Snorlax|80/100 brn|[from] item: Leftovers
|-damage|p1a: Snorlax|74/100 brn|[from] brn
|upkeep
|turn|5
|
|t:|1612322288
|move|p2a: Registeel|Seismic Toss|p1a: Snorlax
|-damage|p1a: Snorlax|54/100 brn
|move|p1a: Snorlax|Curse|p1a: Snorlax
|-unboost|p1a: Snorlax|spe|1
|-boost|p1a: Snorlax|atk|1
|-boost|p1a: Snorlax|def|1
|
|-heal|p1a: Snorlax|60/100 brn|[from] item: Leftovers
|-damage|p1a: Snorlax|54/100 brn|[from] brn
|upkeep
|turn|6
|
|t:|1612322293
|cant|p2a: Registeel|par
|move|p1a: Snorlax|Curse|p1a: Snorlax
|-unboost|p1a: Snorlax|spe|1
|-boost|p1a: Snorlax|atk|1
|-boost|p1a: Snorlax|def|1
|
|-heal|p1a: Snorlax|60/100 brn|[from] item: Leftovers
|-damage|p1a: Snorlax|54/100 brn|[from] brn
|upkeep
|turn|7
|
|t:|1612322296
|move|p2a: Registeel|Seismic Toss|p1a: Snorlax
|-damage|p1a: Snorlax|34/100 brn
|move|p1a: Snorlax|Rest|p1a: Snorlax
|-status|p1a: Snorlax|slp|[from] move: Rest
|-heal|p1a: Snorlax|100/100 slp|[silent]
|
|upkeep
|turn|8
|
|t:|1612322302
|cant|p2a: Registeel|par
|cant|p1a: Snorlax|slp
|
|upkeep
|turn|9
|
|t:|1612322305
|move|p2a: Registeel|Seismic Toss|p1a: Snorlax
|-damage|p1a: Snorlax|81/100 slp
|cant|p1a: Snorlax|slp
|
|-heal|p1a: Snorlax|87/100 slp|[from] item: Leftovers
|upkeep
|turn|10
|
|t:|1612322309
|move|p2a: Registeel|Seismic Toss|p1a: Snorlax
|-damage|p1a: Snorlax|67/100 slp
|-curestatus|p1a: Snorlax|slp|[msg]
|move|p1a: Snorlax|Curse|p1a: Snorlax
|-unboost|p1a: Snorlax|spe|1
|-boost|p1a: Snorlax|atk|1
|-boost|p1a: Snorlax|def|1
|
|-heal|p1a: Snorlax|73/100|[from] item: Leftovers
|upkeep
|turn|11
|
|t:|1612322315
|move|p2a: Registeel|Toxic|p1a: Snorlax
|-status|p1a: Snorlax|tox
|move|p1a: Snorlax|Darkest Lariat|p2a: Registeel
|-damage|p2a: Registeel|53/100 par
|
|-heal|p2a: Registeel|59/100 par|[from] item: Leftovers
|-heal|p1a: Snorlax|79/100 tox|[from] item: Leftovers
|-damage|p1a: Snorlax|73/100 tox|[from] psn
|upkeep
|turn|12
|
|t:|1612322322
|move|p2a: Registeel|Seismic Toss|p1a: Snorlax
|-damage|p1a: Snorlax|54/100 tox
|move|p1a: Snorlax|Darkest Lariat|p2a: Registeel
|-damage|p2a: Registeel|8/100 par
|
|-heal|p2a: Registeel|14/100 par|[from] item: Leftovers
|-heal|p1a: Snorlax|60/100 tox|[from] item: Leftovers
|-damage|p1a: Snorlax|48/100 tox|[from] psn
|upkeep
|turn|13
|
|t:|1612322329
|switch|p2a: Togekiss|Togekiss, F|100/100
|move|p1a: Snorlax|Rest|p1a: Snorlax
|-status|p1a: Snorlax|slp|[from] move: Rest
|-heal|p1a: Snorlax|100/100 slp|[silent]
|
|upkeep
|turn|14
|
|t:|1612322333
|move|p2a: Togekiss|Air Slash|p1a: Snorlax
|-damage|p1a: Snorlax|86/100 slp
|cant|p1a: Snorlax|slp
|
|-heal|p1a: Snorlax|92/100 slp|[from] item: Leftovers
|upkeep
|turn|15
|
|t:|1612322335
|move|p2a: Togekiss|Air Slash|p1a: Snorlax
|-damage|p1a: Snorlax|78/100 slp
|cant|p1a: Snorlax|slp
|
|-heal|p1a: Snorlax|84/100 slp|[from] item: Leftovers
|upkeep
|turn|16
|
|t:|1612322338
|move|p2a: Togekiss|Air Slash|p1a: Snorlax
|-damage|p1a: Snorlax|70/100 slp
|-curestatus|p1a: Snorlax|slp|[msg]
|cant|p1a: Snorlax|flinch
|
|-heal|p1a: Snorlax|76/100|[from] item: Leftovers
|upkeep
|turn|17
|
|t:|1612322344
|move|p2a: Togekiss|Air Slash|p1a: Snorlax
|-damage|p1a: Snorlax|62/100
|cant|p1a: Snorlax|flinch
|
|-heal|p1a: Snorlax|68/100|[from] item: Leftovers
|upkeep
|turn|18
|
|t:|1612322348
|move|p2a: Togekiss|Air Slash|p1a: Snorlax
|-damage|p1a: Snorlax|52/100
|cant|p1a: Snorlax|flinch
|
|-heal|p1a: Snorlax|58/100|[from] item: Leftovers
|upkeep
|turn|19
|
|t:|1612322351
|move|p2a: Togekiss|Air Slash|p1a: Snorlax
|-damage|p1a: Snorlax|43/100
|cant|p1a: Snorlax|flinch
|
|-heal|p1a: Snorlax|49/100|[from] item: Leftovers
|upkeep
|turn|20
|
|t:|1612322355
|move|p2a: Togekiss|Air Slash|p1a: Snorlax
|-damage|p1a: Snorlax|35/100
|cant|p1a: Snorlax|flinch
|
|-heal|p1a: Snorlax|41/100|[from] item: Leftovers
|upkeep
|turn|21
|
|t:|1612322358
|move|p2a: Togekiss|Air Slash|p1a: Snorlax
|-damage|p1a: Snorlax|26/100
|cant|p1a: Snorlax|flinch
|
|-heal|p1a: Snorlax|32/100|[from] item: Leftovers
|upkeep
|turn|22
|
|t:|1612322363
|move|p2a: Togekiss|Air Slash|p1a: Snorlax
|-damage|p1a: Snorlax|18/100
|cant|p1a: Snorlax|flinch
|
|-heal|p1a: Snorlax|24/100|[from] item: Leftovers
|upkeep
|turn|23
|
|t:|1612322366
|move|p2a: Togekiss|Air Slash|p1a: Snorlax
|-damage|p1a: Snorlax|8/100
|cant|p1a: Snorlax|flinch
|
|-heal|p1a: Snorlax|14/100|[from] item: Leftovers
|upkeep
|turn|24
|
|t:|1612322371
|move|p2a: Togekiss|Air Slash|p1a: Snorlax
|-damage|p1a: Snorlax|0 fnt
|faint|p1a: Snorlax
|
|upkeep
|
|t:|1612322401
|switch|p1a: Metagross|Metagross|100/100
|-damage|p1a: Metagross|94/100|[from] Stealth Rock
|turn|25
|
|t:|1612322403
|move|p2a: Togekiss|Thunder Wave|p1a: Metagross
|-status|p1a: Metagross|par
|cant|p1a: Metagross|par
|
|-heal|p1a: Metagross|100/100 par|[from] item: Leftovers
|upkeep
|turn|26
|
|t:|1612322407
|move|p2a: Togekiss|Air Slash|p1a: Metagross|[miss]
|-miss|p2a: Togekiss|p1a: Metagross
|move|p1a: Metagross|Stealth Rock|p2a: Togekiss
|-sidestart|p2: NaomiGogoat67|move: Stealth Rock
|
|upkeep
|turn|27
|
|t:|1612322410
|move|p2a: Togekiss|Defog|p1a: Metagross
|-fail|p1a: Metagross|unboost|[from] ability: Clear Body|[of] p1a: Metagross
|-sideend|p1: purple mountains|Stealth Rock|[from] move: Defog|[of] p2a: Togekiss
|-sideend|p2: NaomiGogoat67|Stealth Rock|[from] move: Defog|[of] p2a: Togekiss
|move|p1a: Metagross|Meteor Mash|p2a: Togekiss
|-supereffective|p2a: Togekiss
|-damage|p2a: Togekiss|18/100
|-boost|p1a: Metagross|atk|1
|
|upkeep
|turn|28
|
|t:|1612322413
|move|p2a: Togekiss|Air Slash|p1a: Metagross
|-resisted|p1a: Metagross
|-damage|p1a: Metagross|84/100 par
|cant|p1a: Metagross|flinch
|
|-heal|p1a: Metagross|90/100 par|[from] item: Leftovers
|upkeep
|turn|29
|
|t:|1612322417
|move|p2a: Togekiss|Air Slash|p1a: Metagross|[miss]
|-miss|p2a: Togekiss|p1a: Metagross
|move|p1a: Metagross|Stealth Rock|p2a: Togekiss
|-sidestart|p2: NaomiGogoat67|move: Stealth Rock
|
|-heal|p1a: Metagross|96/100 par|[from] item: Leftovers
|upkeep
|turn|30
|
|t:|1612322421
|move|p2a: Togekiss|Air Slash|p1a: Metagross
|-resisted|p1a: Metagross
|-damage|p1a: Metagross|80/100 par
|cant|p1a: Metagross|flinch
|
|-heal|p1a: Metagross|86/100 par|[from] item: Leftovers
|upkeep
|turn|31
|
|t:|1612322426
|switch|p1a: Thundurus|Thundurus, M|100/100
|move|p2a: Togekiss|Air Slash|p1a: Thundurus
|-resisted|p1a: Thundurus
|-damage|p1a: Thundurus|79/100
|
|upkeep
|turn|32
|
|t:|1612322436
|move|p1a: Thundurus|Knock Off|p2a: Togekiss
|-resisted|p2a: Togekiss
|-damage|p2a: Togekiss|10/100
|-enditem|p2a: Togekiss|Heavy-Duty Boots|[from] move: Knock Off|[of] p1a: Thundurus
|move|p2a: Togekiss|Defog|p1a: Thundurus
|-unboost|p1a: Thundurus|evasion|1
|-ability|p1a: Thundurus|Defiant
|-boost|p1a: Thundurus|atk|2
|-sideend|p2: NaomiGogoat67|Stealth Rock|[from] move: Defog|[of] p2a: Togekiss
|
|upkeep
|turn|33
|
|t:|1612322443
|move|p1a: Thundurus|Thunderbolt|p2a: Togekiss
|-supereffective|p2a: Togekiss
|-damage|p2a: Togekiss|0 fnt
|faint|p2a: Togekiss
|
|upkeep
|
|t:|1612322446
|switch|p2a: Toxtricity|Toxtricity, F, shiny|100/100
|turn|34
|
|t:|1612322452
|move|p1a: Thundurus|Knock Off|p2a: Toxtricity
|-damage|p2a: Toxtricity|29/100
|-enditem|p2a: Toxtricity|Choice Specs|[from] move: Knock Off|[of] p1a: Thundurus
|move|p2a: Toxtricity|Boomburst|p1a: Thundurus
|-damage|p1a: Thundurus|0 fnt
|faint|p1a: Thundurus
|
|upkeep
|
|t:|1612322461
|switch|p1a: Zygarde|Zygarde-10%|100/100
|-ability|p1a: Zygarde|Aura Break
|turn|35
|
|t:|1612322467
|switch|p2a: Milotic|Milotic, M|100/100
|move|p1a: Zygarde|Thousand Arrows|p2a: Milotic
|-damage|p2a: Milotic|58/100
|
|-heal|p2a: Milotic|64/100|[from] item: Leftovers
|upkeep
|turn|36
|
|t:|1612322480
|switch|p1a: Metagross|Metagross|86/100 par
|move|p2a: Milotic|Scald|p1a: Metagross
|-damage|p1a: Metagross|56/100 par
|
|-heal|p2a: Milotic|70/100|[from] item: Leftovers
|-heal|p1a: Metagross|62/100 par|[from] item: Leftovers
|upkeep
|turn|37
|
|t:|1612322486
|move|p2a: Milotic|Scald|p1a: Metagross
|-damage|p1a: Metagross|32/100 par
|move|p1a: Metagross|Stealth Rock|p2a: Milotic
|-sidestart|p2: NaomiGogoat67|move: Stealth Rock
|
|-heal|p2a: Milotic|76/100|[from] item: Leftovers
|-heal|p1a: Metagross|38/100 par|[from] item: Leftovers
|upkeep
|turn|38
|
|t:|1612322490
|move|p2a: Milotic|Scald|p1a: Metagross
|-damage|p1a: Metagross|9/100 par
|cant|p1a: Metagross|par
|
|-heal|p2a: Milotic|82/100|[from] item: Leftovers
|-heal|p1a: Metagross|15/100 par|[from] item: Leftovers
|upkeep
|turn|39
|
|t:|1612322496
|switch|p1a: Togekiss|Togekiss, F|100/100
|move|p2a: Milotic|Scald|p1a: Togekiss
|-damage|p1a: Togekiss|79/100
|
|-heal|p2a: Milotic|88/100|[from] item: Leftovers
|upkeep
|turn|40
|
|t:|1612322500
|move|p1a: Togekiss|Air Slash|p2a: Milotic
|-crit|p2a: Milotic
|-damage|p2a: Milotic|56/100
|cant|p2a: Milotic|flinch
|
|-heal|p2a: Milotic|62/100|[from] item: Leftovers
|upkeep
|turn|41
|
|t:|1612322503
|move|p1a: Togekiss|Air Slash|p2a: Milotic
|-damage|p2a: Milotic|40/100
|cant|p2a: Milotic|flinch
|
|-heal|p2a: Milotic|46/100|[from] item: Leftovers
|upkeep
|turn|42
|
|t:|1612322506
|move|p1a: Togekiss|Air Slash|p2a: Milotic
|-damage|p2a: Milotic|25/100
|cant|p2a: Milotic|flinch
|
|-heal|p2a: Milotic|31/100|[from] item: Leftovers
|upkeep
|turn|43
|
|t:|1612322509
|move|p1a: Togekiss|Air Slash|p2a: Milotic
|-damage|p2a: Milotic|10/100
|cant|p2a: Milotic|flinch
|
|-heal|p2a: Milotic|16/100|[from] item: Leftovers
|upkeep
|turn|44
|
|t:|1612322512
|move|p1a: Togekiss|Air Slash|p2a: Milotic
|-damage|p2a: Milotic|0 fnt
|faint|p2a: Milotic
|
|upkeep
|
|t:|1612322514
|switch|p2a: Mimikyu|Mimikyu, M, shiny|100/100
|-damage|p2a: Mimikyu|88/100|[from] Stealth Rock
|turn|45
|
|t:|1612322520
|move|p2a: Mimikyu|Swords Dance|p2a: Mimikyu
|-boost|p2a: Mimikyu|atk|2
|move|p1a: Togekiss|Air Slash|p2a: Mimikyu
|-activate|p2a: Mimikyu|ability: Disguise
|-damage|p2a: Mimikyu|88/100
|detailschange|p2a: Mimikyu|Mimikyu-Busted, M, shiny
|-damage|p2a: Mimikyu|76/100|[from] pokemon: Mimikyu-Busted
|
|upkeep
|turn|46
|
|t:|1612322528
|switch|p1a: Metagross|Metagross|15/100 par
|move|p2a: Mimikyu|Shadow Sneak|p1a: Metagross
|-supereffective|p1a: Metagross
|-crit|p1a: Metagross
|-damage|p1a: Metagross|0 fnt
|-damage|p2a: Mimikyu|66/100|[from] item: Life Orb
|faint|p1a: Metagross
|
|upkeep
|
|t:|1612322535
|switch|p1a: Golisopod|Golisopod, F|100/100
|turn|47
|
|t:|1612322539
|move|p1a: Golisopod|Aqua Jet|p2a: Mimikyu
|-damage|p2a: Mimikyu|29/100
|move|p2a: Mimikyu|Play Rough|p1a: Golisopod|[miss]
|-miss|p2a: Mimikyu|p1a: Golisopod
|
|upkeep
|turn|48
|
|t:|1612322548
|move|p1a: Golisopod|Aqua Jet|p2a: Mimikyu
|-damage|p2a: Mimikyu|0 fnt
|faint|p2a: Mimikyu
|
|upkeep
|
|t:|1612322553
|switch|p2a: Toxtricity|Toxtricity, F, shiny|29/100
|-damage|p2a: Toxtricity|17/100|[from] Stealth Rock
|turn|49
|
|t:|1612322556
|move|p1a: Golisopod|Aqua Jet|p2a: Toxtricity
|-damage|p2a: Toxtricity|0 fnt
|faint|p2a: Toxtricity
|
|upkeep
|
|t:|1612322558
|switch|p2a: Registeel|Registeel|14/100 par
|-damage|p2a: Registeel|8/100 par|[from] Stealth Rock
|turn|50
|
|t:|1612322561
|move|p1a: Golisopod|Liquidation|p2a: Registeel
|-damage|p2a: Registeel|0 fnt
|faint|p2a: Registeel
|
|upkeep
|
|t:|1612322563
|switch|p2a: Zarude|Zarude|100/100
|turn|51
|
|t:|1612322567
|switch|p1a: Zygarde|Zygarde-10%|100/100
|-ability|p1a: Zygarde|Aura Break
|move|p2a: Zarude|Power Whip|p1a: Zygarde
|-damage|p1a: Zygarde|0 fnt
|faint|p1a: Zygarde
|
|upkeep
|
|t:|1612322569
|switch|p1a: Golisopod|Golisopod, F|100/100
|turn|52
|
|t:|1612322572
|move|p1a: Golisopod|First Impression|p2a: Zarude
|-supereffective|p2a: Zarude
|-damage|p2a: Zarude|0 fnt
|faint|p2a: Zarude
|
|win|purple mountains
|c|☆NaomiGogoat67|gg
|l|☆NaomiGogoat67
|c|☆purple mountains|gg
|raw|purple mountains's rating: 1495 &rarr; <strong>1503</strong><br />(+8 for winning)
|raw|NaomiGogoat67's rating: 1256 &rarr; <strong>1246</strong><br />(-10 for losing)
