|j|☆monotypewhat
|j|☆VentusQ
|player|p1|monotypewhat|165|1492
|player|p2|VentusQ|janitor|1256
|teamsize|p1|6
|teamsize|p2|6
|gametype|singles
|gen|8
|tier|[Gen 8] RU
|rated|
|clearpoke
|poke|p1|Accelgor, F|
|poke|p1|Goodra, M|
|poke|p1|Aromatisse, M|
|poke|p1|Steelix, F|
|poke|p1|Machamp, M|
|poke|p1|Dhelmise|
|poke|p2|Passimian, F|
|poke|p2|Accelgor, F|
|poke|p2|Silvally-*|
|poke|p2|Roserade, M|
|poke|p2|Sigilyph, M|
|poke|p2|Drednaw, M|
|rule|Sleep Clause Mod: Limit one foe put to sleep
|rule|Species Clause: Limit one of each Pokémon
|rule|OHKO Clause: OHKO moves are banned
|rule|Evasion Moves Clause: Evasion moves are banned
|rule|Endless Battle Clause: Forcing endless battles is banned
|rule|HP Percentage Mod: HP is shown in percentages
|rule|Dynamax Clause: You cannot dynamax
|teampreview
|l|☆monotypewhat
|player|p1|
|j|☆monotypewhat
|player|p1|monotypewhat|165
|inactive|Battle timer is ON: inactive players will automatically lose when time's up. (requested by monotypewhat)
|
|start
|switch|p1a: Machamp|Machamp, M|100/100
|switch|p2a: Accelgor|Accelgor, F|100/100
|turn|1
|
|move|p2a: Accelgor|Spikes|p1a: Machamp
|-sidestart|p1: monotypewhat|Spikes
|move|p1a: Machamp|Knock Off|p2a: Accelgor
|-damage|p2a: Accelgor|20/100
|-enditem|p2a: Accelgor|Focus Sash|[from] move: Knock Off|[of] p1a: Machamp
|
|-status|p1a: Machamp|brn|[from] item: Flame Orb
|upkeep
|turn|2
|
|switch|p2a: Sigilyph|Sigilyph, M|100/100
|move|p1a: Machamp|Bullet Punch|p2a: Sigilyph
|-damage|p2a: Sigilyph|66/100
|
|-damage|p1a: Machamp|94/100 brn|[from] brn
|upkeep
|turn|3
|
|switch|p1a: Goodra|Goodra, M|100/100
|-damage|p1a: Goodra|88/100|[from] Spikes
|move|p2a: Sigilyph|Psychic|p1a: Goodra
|-damage|p1a: Goodra|56/100
|
|-heal|p1a: Goodra|62/100|[from] item: Leftovers
|upkeep
|turn|4
|
|switch|p2a: Accelgor|Accelgor, F|20/100
|move|p1a: Goodra|Dragon Pulse|p2a: Accelgor
|-damage|p2a: Accelgor|0 fnt
|faint|p2a: Accelgor
|
|-heal|p1a: Goodra|68/100|[from] item: Leftovers
|upkeep
|
|switch|p2a: Passimian|Passimian, F|100/100
|turn|5
|
|switch|p1a: Machamp|Machamp, M|94/100 brn
|-damage|p1a: Machamp|82/100 brn|[from] Spikes
|move|p2a: Passimian|Close Combat|p1a: Machamp
|-damage|p1a: Machamp|3/100 brn
|-unboost|p2a: Passimian|def|1
|-unboost|p2a: Passimian|spd|1
|
|-damage|p1a: Machamp|0 fnt|[from] brn
|faint|p1a: Machamp
|upkeep
|
|switch|p1a: Dhelmise|Dhelmise|100/100
|-damage|p1a: Dhelmise|88/100|[from] Spikes
|turn|6
|
|switch|p2a: Silvally|Silvally-Ghost|100/100
|move|p1a: Dhelmise|Shadow Claw|p2a: Silvally
|-supereffective|p2a: Silvally
|-damage|p2a: Silvally|7/100
|
|upkeep
|turn|7
|
|switch|p1a: Steelix|Steelix, F|100/100
|-damage|p1a: Steelix|88/100|[from] Spikes
|move|p2a: Silvally|Multi-Attack|p1a: Steelix
|-damage|p1a: Steelix|65/100
|
|-heal|p1a: Steelix|71/100|[from] item: Leftovers
|upkeep
|turn|8
|
|switch|p2a: Drednaw|Drednaw, M|100/100
|move|p1a: Steelix|Stealth Rock|p2a: Drednaw
|-sidestart|p2: VentusQ|move: Stealth Rock
|
|-heal|p1a: Steelix|77/100|[from] item: Leftovers
|upkeep
|turn|9
|
|move|p2a: Drednaw|Liquidation|p1a: Steelix
|-supereffective|p1a: Steelix
|-damage|p1a: Steelix|18/100
|move|p1a: Steelix|Earthquake|p2a: Drednaw
|-supereffective|p2a: Drednaw
|-damage|p2a: Drednaw|11/100
|
|-heal|p1a: Steelix|24/100|[from] item: Leftovers
|upkeep
|turn|10
|
|move|p2a: Drednaw|Liquidation|p1a: Steelix
|-supereffective|p1a: Steelix
|-damage|p1a: Steelix|0 fnt
|faint|p1a: Steelix
|
|upkeep
|
|switch|p1a: Dhelmise|Dhelmise|88/100
|-damage|p1a: Dhelmise|76/100|[from] Spikes
|turn|11
|
|move|p2a: Drednaw|Liquidation|p1a: Dhelmise
|-resisted|p1a: Dhelmise
|-damage|p1a: Dhelmise|43/100
|move|p1a: Dhelmise|Rapid Spin|p2a: Drednaw
|-resisted|p2a: Drednaw
|-damage|p2a: Drednaw|0 fnt
|-sideend|p1: monotypewhat|Spikes|[from] move: Rapid Spin|[of] p1a: Dhelmise
|-boost|p1a: Dhelmise|spe|1
|faint|p2a: Drednaw
|
|upkeep
|
|switch|p2a: Roserade|Roserade, M|100/100
|-damage|p2a: Roserade|88/100|[from] Stealth Rock
|turn|12
|
|move|p2a: Roserade|Sludge Bomb|p1a: Dhelmise
|-damage|p1a: Dhelmise|0 fnt
|faint|p1a: Dhelmise
|
|upkeep
|
|switch|p1a: Goodra|Goodra, M|68/100
|turn|13
|
|switch|p2a: Silvally|Silvally-Ghost|7/100
|-damage|p2a: Silvally|0 fnt|[from] Stealth Rock
|faint|p2a: Silvally
|move|p1a: Goodra|Fire Blast|p2: Silvally|[notarget]
|-fail|p1a: Goodra
|
|-heal|p1a: Goodra|74/100|[from] item: Leftovers
|upkeep
|
|switch|p2a: Passimian|Passimian, F|100/100
|-damage|p2a: Passimian|94/100|[from] Stealth Rock
|turn|14
|
|switch|p1a: Aromatisse|Aromatisse, M|100/100
|move|p2a: Passimian|Gunk Shot|p1a: Aromatisse
|-supereffective|p1a: Aromatisse
|-crit|p1a: Aromatisse
|-damage|p1a: Aromatisse|20/100
|
|-heal|p1a: Aromatisse|26/100|[from] item: Leftovers
|upkeep
|turn|15
|
|move|p1a: Aromatisse|Protect|p1a: Aromatisse
|-singleturn|p1a: Aromatisse|Protect
|move|p2a: Passimian|Gunk Shot|p1a: Aromatisse
|-activate|p1a: Aromatisse|move: Protect
|
|-heal|p1a: Aromatisse|32/100|[from] item: Leftovers
|upkeep
|turn|16
|
|move|p2a: Passimian|Gunk Shot|p1a: Aromatisse
|-supereffective|p1a: Aromatisse
|-damage|p1a: Aromatisse|0 fnt
|faint|p1a: Aromatisse
|
|upkeep
|
|switch|p1a: Goodra|Goodra, M|74/100
|turn|17
|
|switch|p2a: Sigilyph|Sigilyph, M|66/100
|move|p1a: Goodra|Dragon Pulse|p2a: Sigilyph
|-damage|p2a: Sigilyph|7/100
|
|-heal|p1a: Goodra|80/100|[from] item: Leftovers
|upkeep
|turn|18
|
|move|p2a: Sigilyph|Air Slash|p1a: Goodra
|-damage|p1a: Goodra|53/100
|cant|p1a: Goodra|flinch
|
|-heal|p1a: Goodra|59/100|[from] item: Leftovers
|upkeep
|turn|19
|
|move|p2a: Sigilyph|Air Slash|p1a: Goodra
|-damage|p1a: Goodra|31/100
|move|p1a: Goodra|Rest|p1a: Goodra
|-status|p1a: Goodra|slp|[from] move: Rest
|-heal|p1a: Goodra|100/100 slp|[silent]
|
|upkeep
|turn|20
|
|move|p2a: Sigilyph|Calm Mind|p2a: Sigilyph
|-boost|p2a: Sigilyph|spa|1
|-boost|p2a: Sigilyph|spd|1
|cant|p1a: Goodra|slp
|move|p1a: Goodra|Sleep Talk|p1a: Goodra
|move|p1a: Goodra|Rest|p1a: Goodra|[from]Sleep Talk
|-fail|p1a: Goodra|heal
|
|upkeep
|turn|21
|
|move|p2a: Sigilyph|Air Slash|p1a: Goodra
|-damage|p1a: Goodra|63/100 slp
|cant|p1a: Goodra|slp
|move|p1a: Goodra|Sleep Talk|p1a: Goodra
|move|p1a: Goodra|Rest|p1a: Goodra|[from]Sleep Talk
|-fail|p1a: Goodra
|
|-heal|p1a: Goodra|69/100 slp|[from] item: Leftovers
|upkeep
|turn|22
|
|move|p2a: Sigilyph|Air Slash|p1a: Goodra
|-damage|p1a: Goodra|29/100 slp
|-curestatus|p1a: Goodra|slp|[msg]
|move|p1a: Goodra|Rest|p1a: Goodra
|-status|p1a: Goodra|slp|[from] move: Rest
|-heal|p1a: Goodra|100/100 slp|[silent]
|
|upkeep
|turn|23
|
|move|p2a: Sigilyph|Air Slash|p1a: Goodra
|-damage|p1a: Goodra|60/100 slp
|cant|p1a: Goodra|slp
|move|p1a: Goodra|Sleep Talk|p1a: Goodra
|move|p1a: Goodra|Fire Blast|p2a: Sigilyph|[from]Sleep Talk
|-damage|p2a: Sigilyph|0 fnt
|faint|p2a: Sigilyph
|
|-heal|p1a: Goodra|66/100 slp|[from] item: Leftovers
|upkeep
|
|switch|p2a: Passimian|Passimian, F|94/100
|-damage|p2a: Passimian|88/100|[from] Stealth Rock
|turn|24
|
|switch|p1a: Accelgor|Accelgor, F|100/100
|move|p2a: Passimian|Close Combat|p1a: Accelgor
|-resisted|p1a: Accelgor
|-damage|p1a: Accelgor|36/100
|-unboost|p2a: Passimian|def|1
|-unboost|p2a: Passimian|spd|1
|
|upkeep
|turn|25
|
|move|p1a: Accelgor|Sludge Bomb|p2a: Passimian
|-damage|p2a: Passimian|6/100
|move|p2a: Passimian|Close Combat|p1a: Accelgor
|-resisted|p1a: Accelgor
|-damage|p1a: Accelgor|0 fnt
|-unboost|p2a: Passimian|def|1
|-unboost|p2a: Passimian|spd|1
|faint|p1a: Accelgor
|
|upkeep
|
|switch|p1a: Goodra|Goodra, M|66/100 slp
|turn|26
|
|move|p2a: Passimian|Close Combat|p1a: Goodra
|-damage|p1a: Goodra|0 fnt
|-unboost|p2a: Passimian|def|1
|-unboost|p2a: Passimian|spd|1
|faint|p1a: Goodra
|
|win|VentusQ
|raw|monotypewhat's rating: 1492 &rarr; <strong>1460</strong><br />(-32 for losing)
|raw|VentusQ's rating: 1256 &rarr; <strong>1296</strong><br />(+40 for winning)
|l|☆monotypewhat
