|j|☆Glidinganteater
|j|☆ladder nooby
|t:|1621666847
|gametype|singles
|player|p1|Glidinganteater|palmer|1493
|player|p2|ladder nooby|preschooler|1264
|teamsize|p1|6
|teamsize|p2|6
|gen|8
|tier|[Gen 8] RU
|rated|
|rule|Sleep Clause Mod: Limit one foe put to sleep
|rule|Species Clause: Limit one of each Pokémon
|rule|OHKO Clause: OHKO moves are banned
|rule|Evasion Moves Clause: Evasion moves are banned
|rule|Endless Battle Clause: Forcing endless battles is banned
|rule|HP Percentage Mod: HP is shown in percentages
|rule|Dynamax Clause: You cannot dynamax
|clearpoke
|poke|p1|Diancie|
|poke|p1|Talonflame, M|
|poke|p1|Steelix, M|
|poke|p1|Suicune|
|poke|p1|Roserade, F|
|poke|p1|Ditto|
|poke|p2|Necrozma|
|poke|p2|Darmanitan, M|
|poke|p2|Klefki, M|
|poke|p2|Umbreon, F|
|poke|p2|Seismitoad, F|
|poke|p2|Xurkitree|
|teampreview
|
|t:|1621666864
|start
|switch|p1a: Suicune|Suicune|100/100
|switch|p2a: Darmanitan|Darmanitan, M|100/100
|-ability|p1a: Suicune|Pressure
|turn|1
|
|t:|1621666871
|move|p2a: Darmanitan|U-turn|p1a: Suicune
|-damage|p1a: Suicune|71/100
|
|t:|1621666874
|switch|p2a: Seismitoad|Seismitoad, F|100/100|[from]move: U-turn
|move|p1a: Suicune|Substitute|p1a: Suicune
|-start|p1a: Suicune|Substitute
|-damage|p1a: Suicune|46/100
|
|-heal|p1a: Suicune|52/100|[from] item: Leftovers
|upkeep
|turn|2
|
|t:|1621666883
|move|p1a: Suicune|Calm Mind|p1a: Suicune
|-boost|p1a: Suicune|spa|1
|-boost|p1a: Suicune|spd|1
|move|p2a: Seismitoad|Stealth Rock|p1a: Suicune
|-sidestart|p1: Glidinganteater|move: Stealth Rock
|
|-heal|p1a: Suicune|59/100|[from] item: Leftovers
|upkeep
|turn|3
|
|t:|1621666890
|move|p1a: Suicune|Calm Mind|p1a: Suicune
|-boost|p1a: Suicune|spa|1
|-boost|p1a: Suicune|spd|1
|move|p2a: Seismitoad|Knock Off|p1a: Suicune
|-activate|p1a: Suicune|move: Substitute|[damage]
|
|-heal|p1a: Suicune|65/100|[from] item: Leftovers
|upkeep
|turn|4
|
|t:|1621666908
|move|p1a: Suicune|Calm Mind|p1a: Suicune
|-boost|p1a: Suicune|spa|1
|-boost|p1a: Suicune|spd|1
|move|p2a: Seismitoad|Knock Off|p1a: Suicune
|-end|p1a: Suicune|Substitute
|
|-heal|p1a: Suicune|71/100|[from] item: Leftovers
|upkeep
|turn|5
|
|t:|1621666923
|switch|p2a: Xurkitree|Xurkitree|100/100
|move|p1a: Suicune|Substitute|p1a: Suicune
|-start|p1a: Suicune|Substitute
|-damage|p1a: Suicune|46/100
|
|-heal|p1a: Suicune|52/100|[from] item: Leftovers
|upkeep
|turn|6
|
|t:|1621666931
|move|p2a: Xurkitree|Volt Switch|p1a: Suicune
|-supereffective|p1a: Suicune
|-end|p1a: Suicune|Substitute
|
|t:|1621666942
|switch|p2a: Umbreon|Umbreon, F|100/100|[from]move: Volt Switch
|move|p1a: Suicune|Scald|p2a: Umbreon
|-damage|p2a: Umbreon|67/100
|-status|p2a: Umbreon|brn
|-activate|p2a: Umbreon|ability: Synchronize
|-status|p1a: Suicune|brn
|
|-heal|p1a: Suicune|58/100 brn|[from] item: Leftovers
|-heal|p2a: Umbreon|73/100 brn|[from] item: Leftovers
|-damage|p1a: Suicune|52/100 brn|[from] brn
|-damage|p2a: Umbreon|67/100 brn|[from] brn
|upkeep
|turn|7
|
|t:|1621666967
|switch|p1a: Diancie|Diancie|100/100
|-damage|p1a: Diancie|88/100|[from] Stealth Rock
|move|p2a: Umbreon|Foul Play|p1a: Diancie
|-resisted|p1a: Diancie
|-damage|p1a: Diancie|82/100
|
|-heal|p2a: Umbreon|73/100 brn|[from] item: Leftovers
|-heal|p1a: Diancie|88/100|[from] item: Leftovers
|-damage|p2a: Umbreon|67/100 brn|[from] brn
|upkeep
|turn|8
|
|t:|1621666978
|switch|p2a: Darmanitan|Darmanitan, M|100/100
|move|p1a: Diancie|Heal Bell|p1a: Diancie
|-activate|p1a: Diancie|move: Heal Bell
|-curestatus|p1: Suicune|brn|[msg]
|
|-heal|p1a: Diancie|94/100|[from] item: Leftovers
|upkeep
|turn|9
|
|t:|1621666990
|switch|p1a: Talonflame|Talonflame, M|100/100
|move|p2a: Darmanitan|Earthquake|p1a: Talonflame
|-immune|p1a: Talonflame
|
|upkeep
|turn|10
|
|t:|1621666997
|switch|p2a: Seismitoad|Seismitoad, F|100/100
|move|p1a: Talonflame|U-turn|p2a: Seismitoad
|-damage|p2a: Seismitoad|90/100
|-damage|p1a: Talonflame|84/100|[from] item: Rocky Helmet|[of] p2a: Seismitoad
|
|t:|1621666999
|switch|p1a: Roserade|Roserade, F, shiny|100/100|[from]move: U-turn
|-damage|p1a: Roserade|88/100|[from] Stealth Rock
|
|-heal|p1a: Roserade|94/100|[from] item: Black Sludge
|upkeep
|turn|11
|
|t:|1621667013
|move|p1a: Roserade|Spikes|p2a: Seismitoad
|-sidestart|p2: ladder nooby|Spikes
|move|p2a: Seismitoad|Knock Off|p1a: Roserade
|-damage|p1a: Roserade|57/100
|-enditem|p1a: Roserade|Black Sludge|[from] move: Knock Off|[of] p2a: Seismitoad
|
|upkeep
|turn|12
|
|t:|1621667020
|switch|p2a: Klefki|Klefki, M|100/100
|-damage|p2a: Klefki|88/100|[from] Spikes
|move|p1a: Roserade|Spikes|p2a: Klefki
|-sidestart|p2: ladder nooby|Spikes
|
|-heal|p2a: Klefki|94/100|[from] item: Leftovers
|upkeep
|turn|13
|
|t:|1621667031
|switch|p1a: Steelix|Steelix, M|100/100
|-damage|p1a: Steelix|97/100|[from] Stealth Rock
|move|p2a: Klefki|Spikes|p1a: Steelix
|-sidestart|p1: Glidinganteater|Spikes
|
|-heal|p2a: Klefki|99/100|[from] item: Leftovers
|-heal|p1a: Steelix|100/100|[from] item: Leftovers
|upkeep
|turn|14
|
|t:|1621667040
|move|p2a: Klefki|Spikes|p1a: Steelix
|-sidestart|p1: Glidinganteater|Spikes
|move|p1a: Steelix|Earthquake|p2a: Klefki
|-supereffective|p2a: Klefki
|-damage|p2a: Klefki|54/100
|
|-heal|p2a: Klefki|60/100|[from] item: Leftovers
|upkeep
|turn|15
|
|t:|1621667048
|switch|p2a: Umbreon|Umbreon, F|67/100 brn
|-damage|p2a: Umbreon|50/100 brn|[from] Spikes
|move|p1a: Steelix|Earthquake|p2a: Umbreon
|-damage|p2a: Umbreon|27/100 brn
|
|-heal|p2a: Umbreon|33/100 brn|[from] item: Leftovers
|-damage|p2a: Umbreon|27/100 brn|[from] brn
|upkeep
|turn|16
|
|t:|1621667058
|switch|p1a: Diancie|Diancie|94/100
|-damage|p1a: Diancie|78/100|[from] Spikes
|-damage|p1a: Diancie|65/100|[from] Stealth Rock
|move|p2a: Umbreon|Wish|p2a: Umbreon
|
|-heal|p2a: Umbreon|33/100 brn|[from] item: Leftovers
|-heal|p1a: Diancie|72/100|[from] item: Leftovers
|-damage|p2a: Umbreon|27/100 brn|[from] brn
|upkeep
|turn|17
|
|t:|1621667068
|move|p2a: Umbreon|Toxic|p1a: Diancie
|-status|p1a: Diancie|tox
|move|p1a: Diancie|Toxic||[still]
|-fail|p1a: Diancie
|
|-heal|p2a: Umbreon|77/100 brn|[from] move: Wish|[wisher] Umbreon
|-heal|p2a: Umbreon|83/100 brn|[from] item: Leftovers
|-heal|p1a: Diancie|78/100 tox|[from] item: Leftovers
|-damage|p1a: Diancie|72/100 tox|[from] psn
|-damage|p2a: Umbreon|77/100 brn|[from] brn
|upkeep
|turn|18
|
|t:|1621667087
|move|p2a: Umbreon|Wish|p2a: Umbreon
|move|p1a: Diancie|Heal Bell|p1a: Diancie
|-activate|p1a: Diancie|move: Heal Bell
|-curestatus|p1a: Diancie|tox|[msg]
|
|-heal|p2a: Umbreon|83/100 brn|[from] item: Leftovers
|-heal|p1a: Diancie|78/100|[from] item: Leftovers
|-damage|p2a: Umbreon|77/100 brn|[from] brn
|upkeep
|turn|19
|
|t:|1621667096
|switch|p2a: Klefki|Klefki, M|60/100
|-damage|p2a: Klefki|44/100|[from] Spikes
|move|p1a: Diancie|Toxic|p2a: Klefki
|-immune|p2a: Klefki
|
|-heal|p2a: Klefki|100/100|[from] move: Wish|[wisher] Umbreon
|-heal|p1a: Diancie|84/100|[from] item: Leftovers
|upkeep
|turn|20
|
|t:|1621667108
|switch|p1a: Steelix|Steelix, M|100/100
|-damage|p1a: Steelix|84/100|[from] Spikes
|-damage|p1a: Steelix|81/100|[from] Stealth Rock
|move|p2a: Klefki|Calm Mind|p2a: Klefki
|-boost|p2a: Klefki|spa|1
|-boost|p2a: Klefki|spd|1
|
|-heal|p1a: Steelix|87/100|[from] item: Leftovers
|upkeep
|turn|21
|
|t:|1621667117
|move|p2a: Klefki|Spikes|p1a: Steelix
|-sidestart|p1: Glidinganteater|Spikes
|move|p1a: Steelix|Earthquake|p2a: Klefki
|-supereffective|p2a: Klefki
|-damage|p2a: Klefki|51/100
|
|-heal|p2a: Klefki|57/100|[from] item: Leftovers
|-heal|p1a: Steelix|93/100|[from] item: Leftovers
|upkeep
|turn|22
|
|t:|1621667128
|move|p2a: Klefki|Draining Kiss|p1a: Steelix
|-resisted|p1a: Steelix
|-damage|p1a: Steelix|84/100
|-heal|p2a: Klefki|65/100|[from] drain|[of] p1a: Steelix
|move|p1a: Steelix|Earthquake|p2a: Klefki
|-supereffective|p2a: Klefki
|-damage|p2a: Klefki|15/100
|
|-heal|p2a: Klefki|21/100|[from] item: Leftovers
|-heal|p1a: Steelix|90/100|[from] item: Leftovers
|upkeep
|turn|23
|
|t:|1621667141
|move|p2a: Klefki|Thunder Wave|p1a: Steelix
|-immune|p1a: Steelix
|move|p1a: Steelix|Earthquake|p2a: Klefki
|-supereffective|p2a: Klefki
|-damage|p2a: Klefki|0 fnt
|faint|p2a: Klefki
|
|-heal|p1a: Steelix|97/100|[from] item: Leftovers
|upkeep
|
|t:|1621667149
|switch|p2a: Darmanitan|Darmanitan, M|100/100
|-damage|p2a: Darmanitan|84/100|[from] Spikes
|turn|24
|
|t:|1621667166
|switch|p1a: Talonflame|Talonflame, M|84/100
|move|p2a: Darmanitan|Flare Blitz|p1a: Talonflame
|-resisted|p1a: Talonflame
|-damage|p1a: Talonflame|18/100
|-damage|p2a: Darmanitan|64/100|[from] Recoil
|
|upkeep
|turn|25
|
|t:|1621667174
|switch|p2a: Seismitoad|Seismitoad, F|90/100
|-damage|p2a: Seismitoad|73/100|[from] Spikes
|move|p1a: Talonflame|Brave Bird|p2a: Seismitoad
|-damage|p2a: Seismitoad|50/100
|-damage|p1a: Talonflame|1/100|[from] item: Rocky Helmet|[of] p2a: Seismitoad
|-damage|p1a: Talonflame|0 fnt|[from] Recoil
|faint|p1a: Talonflame
|
|upkeep
|
|t:|1621667179
|switch|p1a: Roserade|Roserade, F, shiny|57/100
|-damage|p1a: Roserade|45/100|[from] Stealth Rock
|-damage|p1a: Roserade|20/100|[from] Spikes
|turn|26
|
|t:|1621667188
|move|p1a: Roserade|Synthesis|p1a: Roserade
|-heal|p1a: Roserade|70/100
|move|p2a: Seismitoad|Scald|p1a: Roserade
|-resisted|p1a: Roserade
|-damage|p1a: Roserade|55/100
|
|upkeep
|turn|27
|
|t:|1621667196
|move|p1a: Roserade|Spikes|p2a: Seismitoad
|-sidestart|p2: ladder nooby|Spikes
|move|p2a: Seismitoad|Scald|p1a: Roserade
|-resisted|p1a: Roserade
|-damage|p1a: Roserade|41/100
|
|upkeep
|turn|28
|
|t:|1621667202
|move|p1a: Roserade|Synthesis|p1a: Roserade
|-heal|p1a: Roserade|91/100
|move|p2a: Seismitoad|Scald|p1a: Roserade
|-resisted|p1a: Roserade
|-damage|p1a: Roserade|78/100
|
|upkeep
|turn|29
|
|t:|1621667209
|move|p1a: Roserade|Giga Drain|p2a: Seismitoad
|-supereffective|p2a: Seismitoad
|-damage|p2a: Seismitoad|0 fnt
|-heal|p1a: Roserade|100/100|[from] drain|[of] p2a: Seismitoad
|faint|p2a: Seismitoad
|
|upkeep
|
|t:|1621667214
|switch|p2a: Darmanitan|Darmanitan, M|64/100
|-damage|p2a: Darmanitan|39/100|[from] Spikes
|turn|30
|
|t:|1621667222
|switch|p1a: Suicune|Suicune|52/100
|-damage|p1a: Suicune|27/100|[from] Spikes
|-damage|p1a: Suicune|15/100|[from] Stealth Rock
|-ability|p1a: Suicune|Pressure
|move|p2a: Darmanitan|Flare Blitz|p1a: Suicune
|-resisted|p1a: Suicune
|-damage|p1a: Suicune|0 fnt
|faint|p1a: Suicune
|-damage|p2a: Darmanitan|34/100|[from] Recoil
|
|upkeep
|
|t:|1621667232
|switch|p1a: Ditto|Ditto, shiny|100/100
|-damage|p1a: Ditto|76/100|[from] Spikes
|-damage|p1a: Ditto|63/100|[from] Stealth Rock
|-transform|p1a: Ditto|p2a: Darmanitan|[from] ability: Imposter
|turn|31
|
|t:|1621667249
|switch|p2a: Umbreon|Umbreon, F|77/100 brn
|-damage|p2a: Umbreon|53/100 brn|[from] Spikes
|move|p1a: Ditto|Flare Blitz|p2a: Umbreon
|-damage|p2a: Umbreon|0 fnt
|faint|p2a: Umbreon
|-damage|p1a: Ditto|41/100|[from] Recoil
|
|upkeep
|
|t:|1621667258
|switch|p2a: Necrozma|Necrozma|100/100
|-damage|p2a: Necrozma|76/100|[from] Spikes
|turn|32
|
|t:|1621667264
|move|p1a: Ditto|Flare Blitz|p2a: Necrozma
|-damage|p2a: Necrozma|0 fnt
|faint|p2a: Necrozma
|-damage|p1a: Ditto|13/100|[from] Recoil
|
|upkeep
|
|t:|1621667272
|switch|p2a: Darmanitan|Darmanitan, M|34/100
|-damage|p2a: Darmanitan|9/100|[from] Spikes
|turn|33
|
|t:|1621667275
|move|p1a: Ditto|Flare Blitz|p2a: Darmanitan
|-resisted|p2a: Darmanitan
|-damage|p2a: Darmanitan|0 fnt
|faint|p2a: Darmanitan
|-damage|p1a: Ditto|10/100|[from] Recoil
|
|upkeep
|c|☆Glidinganteater|Gg
|
|t:|1621667281
|switch|p2a: Xurkitree|Xurkitree|100/100
|-damage|p2a: Xurkitree|76/100|[from] Spikes
|turn|34
|c|☆ladder nooby|gg
|c|☆ladder nooby|fuck ditto
|c|☆ladder nooby|i hate this man
|
|t:|1621667298
|move|p1a: Ditto|Flare Blitz|p2a: Xurkitree
|-damage|p2a: Xurkitree|0 fnt
|faint|p2a: Xurkitree
|-damage|p1a: Ditto|0 fnt|[from] Recoil
|faint|p1a: Ditto
|
|win|Glidinganteater
|raw|Glidinganteater's rating: 1493 &rarr; <strong>1501</strong><br />(+8 for winning)
|raw|ladder nooby's rating: 1264 &rarr; <strong>1253</strong><br />(-11 for losing)
|c|☆Glidinganteater|Yeha ditto sucks
|l|☆ladder nooby
|c|☆Glidinganteater|but it really helps against set up sweepers like poltergeist and cloyster
