|j|☆one step from eden
|j|☆Loomert
|player|p1|one step from eden|morty-gen2|1388
|player|p2|Loomert|cyclist-gen4|1374
|teamsize|p1|6
|teamsize|p2|6
|gametype|singles
|gen|8
|tier|[Gen 8] RU
|rated|
|clearpoke
|poke|p1|Virizion|
|poke|p1|Lanturn, F|
|poke|p1|Silvally-*|
|poke|p1|Mudsdale, F|
|poke|p1|Turtonator, F|
|poke|p1|Toxicroak, F|
|poke|p2|Raichu-Alola, F|
|poke|p2|Charizard, F|
|poke|p2|Vileplume, M|
|poke|p2|Passimian, M|
|poke|p2|Copperajah, M|
|poke|p2|Gastrodon, M|
|rule|Sleep Clause Mod: Limit one foe put to sleep
|rule|Species Clause: Limit one of each Pokémon
|rule|OHKO Clause: OHKO moves are banned
|rule|Evasion Moves Clause: Evasion moves are banned
|rule|Endless Battle Clause: Forcing endless battles is banned
|rule|HP Percentage Mod: HP is shown in percentages
|rule|Dynamax Clause: You cannot dynamax
|teampreview
|
|start
|switch|p1a: Lanturn|Lanturn, F|100/100
|switch|p2a: Passimian|Passimian, M|100/100
|turn|1
|
|move|p1a: Lanturn|Protect|p1a: Lanturn
|-singleturn|p1a: Lanturn|Protect
|move|p2a: Passimian|U-turn|p1a: Lanturn
|-activate|p1a: Lanturn|move: Protect
|
|upkeep
|turn|2
|
|move|p2a: Passimian|U-turn|p1a: Lanturn
|-damage|p1a: Lanturn|69/100
|
|switch|p2a: Gastrodon|Gastrodon, M|100/100|[from]move: U-turn
|move|p1a: Lanturn|Volt Switch|p2a: Gastrodon
|-immune|p2a: Gastrodon
|
|-heal|p1a: Lanturn|75/100|[from] item: Leftovers
|upkeep
|turn|3
|
|move|p1a: Lanturn|Protect|p1a: Lanturn
|-singleturn|p1a: Lanturn|Protect
|move|p2a: Gastrodon|Toxic|p1a: Lanturn
|-activate|p1a: Lanturn|move: Protect
|
|-heal|p1a: Lanturn|82/100|[from] item: Leftovers
|upkeep
|turn|4
|
|switch|p1a: Virizion|Virizion|100/100
|move|p2a: Gastrodon|Earthquake|p1a: Virizion
|-resisted|p1a: Virizion
|-crit|p1a: Virizion
|-damage|p1a: Virizion|71/100
|
|upkeep
|turn|5
|
|switch|p2a: Vileplume|Vileplume, M|100/100
|move|p1a: Virizion|Focus Blast|p2a: Vileplume|[miss]
|-miss|p1a: Virizion|p2a: Vileplume
|
|upkeep
|turn|6
|
|switch|p1a: Silvally|Silvally-Steel|100/100
|switch|p2a: Charizard|Charizard, F|100/100
|
|upkeep
|turn|7
|
|switch|p1a: Lanturn|Lanturn, F|82/100
|move|p2a: Charizard|Toxic|p1a: Lanturn
|-status|p1a: Lanturn|tox
|
|-heal|p1a: Lanturn|88/100 tox|[from] item: Leftovers
|-damage|p1a: Lanturn|82/100 tox|[from] psn
|upkeep
|turn|8
|
|switch|p2a: Gastrodon|Gastrodon, M|100/100
|switch|p1a: Virizion|Virizion|71/100
|
|upkeep
|turn|9
|
|move|p1a: Virizion|Air Slash|p2a: Gastrodon
|-damage|p2a: Gastrodon|75/100
|move|p2a: Gastrodon|Earthquake|p1a: Virizion
|-resisted|p1a: Virizion
|-damage|p1a: Virizion|52/100
|
|-heal|p2a: Gastrodon|81/100|[from] item: Leftovers
|upkeep
|turn|10
|
|switch|p1a: Mudsdale|Mudsdale, F|100/100
|switch|p2a: Vileplume|Vileplume, M|100/100
|
|upkeep
|turn|11
|
|move|p2a: Vileplume|Growth|p2a: Vileplume
|-boost|p2a: Vileplume|atk|1
|-boost|p2a: Vileplume|spa|1
|move|p1a: Mudsdale|Stealth Rock|p2a: Vileplume
|-sidestart|p2: Loomert|move: Stealth Rock
|
|upkeep
|turn|12
|
|switch|p1a: Silvally|Silvally-Steel|100/100
|move|p2a: Vileplume|Giga Drain|p1a: Silvally
|-resisted|p1a: Silvally
|-damage|p1a: Silvally|76/100
|
|upkeep
|turn|13
|
|switch|p2a: Charizard|Charizard, F|100/100
|move|p1a: Silvally|Work Up|p1a: Silvally
|-boost|p1a: Silvally|atk|1
|-boost|p1a: Silvally|spa|1
|
|upkeep
|turn|14
|
|switch|p1a: Turtonator|Turtonator, F|100/100
|move|p2a: Charizard|Flamethrower|p1a: Turtonator
|-resisted|p1a: Turtonator
|-damage|p1a: Turtonator|91/100
|
|upkeep
|turn|15
|
|move|p2a: Charizard|Defog|p1a: Turtonator
|-unboost|p1a: Turtonator|evasion|1
|-sideend|p2: Loomert|Stealth Rock|[from] move: Defog|[of] p2a: Charizard
|move|p1a: Turtonator|Toxic|p2a: Charizard
|-status|p2a: Charizard|tox
|
|-damage|p2a: Charizard|94/100 tox|[from] psn
|upkeep
|turn|16
|
|switch|p2a: Gastrodon|Gastrodon, M|81/100
|move|p1a: Turtonator|Toxic|p2a: Gastrodon
|-status|p2a: Gastrodon|tox
|
|-heal|p2a: Gastrodon|87/100 tox|[from] item: Leftovers
|-damage|p2a: Gastrodon|81/100 tox|[from] psn
|upkeep
|turn|17
|
|switch|p1a: Virizion|Virizion|52/100
|move|p2a: Gastrodon|Toxic|p1a: Virizion
|-status|p1a: Virizion|tox
|
|-heal|p2a: Gastrodon|87/100 tox|[from] item: Leftovers
|-damage|p1a: Virizion|46/100 tox|[from] psn
|-damage|p2a: Gastrodon|75/100 tox|[from] psn
|upkeep
|turn|18
|
|switch|p1a: Silvally|Silvally-Steel|76/100
|switch|p2a: Vileplume|Vileplume, M|100/100
|
|upkeep
|turn|19
|
|move|p1a: Silvally|Thunderbolt|p2a: Vileplume
|-resisted|p2a: Vileplume
|-damage|p2a: Vileplume|91/100
|move|p2a: Vileplume|Strength Sap|p1a: Silvally
|-unboost|p1a: Silvally|atk|1
|-heal|p2a: Vileplume|100/100
|
|upkeep
|turn|20
|
|switch|p1a: Toxicroak|Toxicroak, F|100/100
|switch|p2a: Passimian|Passimian, M|100/100
|
|upkeep
|turn|21
|
|move|p1a: Toxicroak|Knock Off|p2a: Passimian
|-resisted|p2a: Passimian
|-damage|p2a: Passimian|85/100
|-enditem|p2a: Passimian|Choice Scarf|[from] move: Knock Off|[of] p1a: Toxicroak
|move|p2a: Passimian|Earthquake|p1a: Toxicroak
|-supereffective|p1a: Toxicroak
|-damage|p1a: Toxicroak|5/100
|
|upkeep
|turn|22
|
|switch|p1a: Mudsdale|Mudsdale, F|100/100
|move|p2a: Passimian|U-turn|p1a: Mudsdale
|-damage|p1a: Mudsdale|86/100
|-ability|p1a: Mudsdale|Stamina|boost
|-boost|p1a: Mudsdale|def|1
|
|switch|p2a: Vileplume|Vileplume, M|100/100|[from]move: U-turn
|
|-heal|p1a: Mudsdale|92/100|[from] item: Leftovers
|upkeep
|turn|23
|
|switch|p2a: Charizard|Charizard, F|94/100 tox
|switch|p1a: Turtonator|Turtonator, F|91/100
|
|-damage|p2a: Charizard|88/100 tox|[from] psn
|upkeep
|turn|24
|
|switch|p1a: Lanturn|Lanturn, F|82/100 tox
|move|p2a: Charizard|Toxic|p1a: Lanturn
|-fail|p1a: Lanturn|tox
|
|-heal|p1a: Lanturn|88/100 tox|[from] item: Leftovers
|-damage|p2a: Charizard|76/100 tox|[from] psn
|-damage|p1a: Lanturn|82/100 tox|[from] psn
|upkeep
|turn|25
|
|switch|p2a: Gastrodon|Gastrodon, M|75/100 tox
|move|p1a: Lanturn|Heal Bell|p1a: Lanturn
|-activate|p1a: Lanturn|move: Heal Bell
|-curestatus|p1a: Lanturn|tox|[msg]
|-curestatus|p1: Virizion|tox|[msg]
|
|-heal|p1a: Lanturn|88/100|[from] item: Leftovers
|-heal|p2a: Gastrodon|81/100 tox|[from] item: Leftovers
|-damage|p2a: Gastrodon|75/100 tox|[from] psn
|upkeep
|turn|26
|
|switch|p1a: Virizion|Virizion|46/100
|move|p2a: Gastrodon|Toxic|p1a: Virizion
|-status|p1a: Virizion|tox
|
|-heal|p2a: Gastrodon|81/100 tox|[from] item: Leftovers
|-damage|p1a: Virizion|40/100 tox|[from] psn
|-damage|p2a: Gastrodon|69/100 tox|[from] psn
|upkeep
|turn|27
|
|switch|p2a: Vileplume|Vileplume, M|100/100
|move|p1a: Virizion|Air Slash|p2a: Vileplume
|-supereffective|p2a: Vileplume
|-damage|p2a: Vileplume|39/100
|
|-heal|p2a: Vileplume|45/100|[from] item: Black Sludge
|-damage|p1a: Virizion|27/100 tox|[from] psn
|upkeep
|turn|28
|
|switch|p1a: Toxicroak|Toxicroak, F|5/100
|move|p2a: Vileplume|Strength Sap|p1a: Toxicroak
|-unboost|p1a: Toxicroak|atk|1
|-heal|p2a: Vileplume|100/100
|
|upkeep
|turn|29
|
|move|p1a: Toxicroak|Knock Off|p2a: Vileplume
|-damage|p2a: Vileplume|84/100
|-enditem|p2a: Vileplume|Black Sludge|[from] move: Knock Off|[of] p1a: Toxicroak
|move|p2a: Vileplume|Giga Drain|p1a: Toxicroak
|-resisted|p1a: Toxicroak
|-damage|p1a: Toxicroak|0 fnt
|-heal|p2a: Vileplume|86/100|[from] drain|[of] p1a: Toxicroak
|faint|p1a: Toxicroak
|
|upkeep
|
|switch|p1a: Silvally|Silvally-Steel|76/100
|turn|30
|
|switch|p2a: Gastrodon|Gastrodon, M|69/100 tox
|move|p1a: Silvally|Work Up|p1a: Silvally
|-boost|p1a: Silvally|atk|1
|-boost|p1a: Silvally|spa|1
|
|-heal|p2a: Gastrodon|75/100 tox|[from] item: Leftovers
|-damage|p2a: Gastrodon|69/100 tox|[from] psn
|upkeep
|turn|31
|l|☆Loomert
|player|p2|
|j|☆Loomert
|player|p2|Loomert|cyclist-gen4
|
|move|p1a: Silvally|Multi-Attack|p2a: Gastrodon
|-resisted|p2a: Gastrodon
|-damage|p2a: Gastrodon|38/100 tox
|move|p2a: Gastrodon|Earthquake|p1a: Silvally
|-supereffective|p1a: Silvally
|-damage|p1a: Silvally|0 fnt
|faint|p1a: Silvally
|
|-heal|p2a: Gastrodon|44/100 tox|[from] item: Leftovers
|-damage|p2a: Gastrodon|32/100 tox|[from] psn
|upkeep
|j| Kairak
|inactive|Battle timer is ON: inactive players will automatically lose when time's up. (requested by Loomert)
|
|switch|p1a: Virizion|Virizion|27/100 tox
|turn|32
|
|move|p1a: Virizion|Air Slash|p2a: Gastrodon
|-damage|p2a: Gastrodon|6/100 tox
|move|p2a: Gastrodon|Earthquake|p1a: Virizion
|-resisted|p1a: Virizion
|-damage|p1a: Virizion|8/100 tox
|
|-heal|p2a: Gastrodon|12/100 tox|[from] item: Leftovers
|-damage|p1a: Virizion|1/100 tox|[from] psn
|-damage|p2a: Gastrodon|0 fnt|[from] psn
|faint|p2a: Gastrodon
|upkeep
|
|switch|p2a: Vileplume|Vileplume, M|86/100
|turn|33
|
|move|p1a: Virizion|Air Slash|p2a: Vileplume
|-supereffective|p2a: Vileplume
|-damage|p2a: Vileplume|23/100
|cant|p2a: Vileplume|flinch
|
|-damage|p1a: Virizion|0 fnt|[from] psn
|faint|p1a: Virizion
|upkeep
|
|switch|p1a: Turtonator|Turtonator, F|91/100
|turn|34
|
|move|p2a: Vileplume|Sludge Bomb|p1a: Turtonator
|-damage|p1a: Turtonator|51/100
|move|p1a: Turtonator|Flamethrower|p2a: Vileplume
|-supereffective|p2a: Vileplume
|-damage|p2a: Vileplume|0 fnt
|faint|p2a: Vileplume
|
|upkeep
|
|switch|p2a: Passimian|Passimian, M|85/100
|turn|35
|
|switch|p1a: Mudsdale|Mudsdale, F|92/100
|move|p2a: Passimian|Close Combat|p1a: Mudsdale
|-damage|p1a: Mudsdale|51/100
|-unboost|p2a: Passimian|def|1
|-unboost|p2a: Passimian|spd|1
|-ability|p1a: Mudsdale|Stamina|boost
|-boost|p1a: Mudsdale|def|1
|
|-heal|p1a: Mudsdale|57/100|[from] item: Leftovers
|upkeep
|turn|36
|
|switch|p2a: Charizard|Charizard, F|76/100 tox
|move|p1a: Mudsdale|Stealth Rock|p2a: Charizard
|-sidestart|p2: Loomert|move: Stealth Rock
|
|-heal|p1a: Mudsdale|63/100|[from] item: Leftovers
|-damage|p2a: Charizard|70/100 tox|[from] psn
|upkeep
|turn|37
|
|switch|p1a: Lanturn|Lanturn, F|88/100
|move|p2a: Charizard|Defog|p1a: Lanturn
|-unboost|p1a: Lanturn|evasion|1
|-sideend|p2: Loomert|Stealth Rock|[from] move: Defog|[of] p2a: Charizard
|
|-heal|p1a: Lanturn|94/100|[from] item: Leftovers
|-damage|p2a: Charizard|58/100 tox|[from] psn
|upkeep
|turn|38
|l| Kairak
|
|switch|p2a: Copperajah|Copperajah, M|100/100
|move|p1a: Lanturn|Volt Switch|p2a: Copperajah
|-damage|p2a: Copperajah|84/100
|
|switch|p1a: Mudsdale|Mudsdale, F|63/100|[from]move: Volt Switch
|
|-heal|p1a: Mudsdale|70/100|[from] item: Leftovers
|upkeep
|turn|39
|
|move|p2a: Copperajah|Power Whip|p1a: Mudsdale
|-supereffective|p1a: Mudsdale
|-damage|p1a: Mudsdale|12/100
|-ability|p1a: Mudsdale|Stamina|boost
|-boost|p1a: Mudsdale|def|1
|move|p1a: Mudsdale|Earthquake|p2a: Copperajah
|-supereffective|p2a: Copperajah
|-damage|p2a: Copperajah|0 fnt
|faint|p2a: Copperajah
|
|-heal|p1a: Mudsdale|18/100|[from] item: Leftovers
|upkeep
|
|switch|p2a: Passimian|Passimian, M|85/100
|turn|40
|
|move|p2a: Passimian|Knock Off|p1a: Mudsdale
|-damage|p1a: Mudsdale|4/100
|-ability|p1a: Mudsdale|Stamina|boost
|-boost|p1a: Mudsdale|def|1
|-enditem|p1a: Mudsdale|Leftovers|[from] move: Knock Off|[of] p2a: Passimian
|move|p1a: Mudsdale|Earthquake|p2a: Passimian
|-damage|p2a: Passimian|43/100
|
|upkeep
|turn|41
|
|move|p2a: Passimian|Knock Off|p1a: Mudsdale
|-damage|p1a: Mudsdale|0 fnt
|faint|p1a: Mudsdale
|
|upkeep
|
|switch|p1a: Turtonator|Turtonator, F|51/100
|turn|42
|
|switch|p2a: Charizard|Charizard, F|58/100 tox
|move|p1a: Turtonator|Flamethrower|p2a: Charizard
|-resisted|p2a: Charizard
|-damage|p2a: Charizard|43/100 tox
|
|-damage|p2a: Charizard|37/100 tox|[from] psn
|upkeep
|turn|43
|
|switch|p1a: Lanturn|Lanturn, F|94/100
|move|p2a: Charizard|Toxic|p1a: Lanturn
|-status|p1a: Lanturn|tox
|
|-heal|p1a: Lanturn|99/100 tox|[from] item: Leftovers
|-damage|p2a: Charizard|24/100 tox|[from] psn
|-damage|p1a: Lanturn|94/100 tox|[from] psn
|upkeep
|turn|44
|
|move|p2a: Charizard|Roost|p2a: Charizard
|-heal|p2a: Charizard|75/100 tox
|-singleturn|p2a: Charizard|move: Roost
|move|p1a: Lanturn|Volt Switch|p2a: Charizard
|-damage|p2a: Charizard|51/100 tox
|
|switch|p1a: Turtonator|Turtonator, F|51/100|[from]move: Volt Switch
|
|-damage|p2a: Charizard|33/100 tox|[from] psn
|upkeep
|turn|45
|
|switch|p1a: Lanturn|Lanturn, F|94/100 tox
|move|p2a: Charizard|Toxic|p1a: Lanturn
|-fail|p1a: Lanturn|tox
|
|-heal|p1a: Lanturn|99/100 tox|[from] item: Leftovers
|-damage|p2a: Charizard|8/100 tox|[from] psn
|-damage|p1a: Lanturn|94/100 tox|[from] psn
|upkeep
|turn|46
|
|move|p2a: Charizard|Flamethrower|p1a: Lanturn
|-resisted|p1a: Lanturn
|-damage|p1a: Lanturn|75/100 tox
|move|p1a: Lanturn|Volt Switch|p2a: Charizard
|-supereffective|p2a: Charizard
|-damage|p2a: Charizard|0 fnt
|faint|p2a: Charizard
|
|switch|p1a: Turtonator|Turtonator, F|51/100|[from]move: Volt Switch
|
|upkeep
|
|switch|p2a: Raichu|Raichu-Alola, F|100/100
|turn|47
|
|move|p2a: Raichu|Nasty Plot|p2a: Raichu
|-boost|p2a: Raichu|spa|2
|move|p1a: Turtonator|Flamethrower|p2a: Raichu
|-damage|p2a: Raichu|60/100
|
|upkeep
|turn|48
|
|move|p2a: Raichu|Thunderbolt|p1a: Turtonator
|-resisted|p1a: Turtonator
|-damage|p1a: Turtonator|0 fnt
|-damage|p2a: Raichu|50/100|[from] item: Life Orb
|faint|p1a: Turtonator
|
|upkeep
|
|switch|p1a: Lanturn|Lanturn, F|75/100 tox
|turn|49
|
|move|p2a: Raichu|Grass Knot|p1a: Lanturn
|-supereffective|p1a: Lanturn
|-damage|p1a: Lanturn|32/100 tox
|-damage|p2a: Raichu|40/100|[from] item: Life Orb
|move|p1a: Lanturn|Surf|p2a: Raichu
|-damage|p2a: Raichu|0 fnt
|faint|p2a: Raichu
|
|-heal|p1a: Lanturn|38/100 tox|[from] item: Leftovers
|-damage|p1a: Lanturn|32/100 tox|[from] psn
|upkeep
|
|switch|p2a: Passimian|Passimian, M|43/100
|turn|50
|
|move|p2a: Passimian|Close Combat|p1a: Lanturn
|-damage|p1a: Lanturn|0 fnt
|-unboost|p2a: Passimian|def|1
|-unboost|p2a: Passimian|spd|1
|faint|p1a: Lanturn
|
|win|Loomert
|l|☆one step from eden
||Ladder (probably) updated, but score could not be retrieved (Response not received).
