|j|☆ernicors
|j|☆Testinganteater
|t:|1629832726
|gametype|singles
|player|p1|ernicors|169|1147
|player|p2|Testinganteater|boarder|1352
|teamsize|p1|6
|teamsize|p2|6
|gen|8
|tier|[Gen 8] RU
|rated|
|rule|Sleep Clause Mod: Limit one foe put to sleep
|rule|Species Clause: Limit one of each Pokémon
|rule|OHKO Clause: OHKO moves are banned
|rule|Evasion Moves Clause: Evasion moves are banned
|rule|Endless Battle Clause: Forcing endless battles is banned
|rule|HP Percentage Mod: HP is shown in percentages
|rule|Dynamax Clause: You cannot dynamax
|clearpoke
|poke|p1|Porygon2|
|poke|p1|Necrozma|
|poke|p1|Stakataka|
|poke|p1|Marowak-Alola, M|
|poke|p1|Reuniclus, M|
|poke|p1|Metagross|
|poke|p2|Escavalier, M|
|poke|p2|Gastrodon-East, M|
|poke|p2|Xurkitree|
|poke|p2|Diancie|
|poke|p2|Crobat, M|
|poke|p2|Obstagoon, M|
|teampreview
|inactive|Battle timer is ON: inactive players will automatically lose when time's up. (requested by ernicors)
|
|t:|1629832745
|start
|switch|p1a: Stakataka|Stakataka|100/100
|switch|p2a: Obstagoon|Obstagoon, M|100/100
|-item|p1a: Stakataka|Air Balloon
|turn|1
|
|t:|1629832749
|move|p2a: Obstagoon|Obstruct|p2a: Obstagoon
|-singleturn|p2a: Obstagoon|Protect
|move|p1a: Stakataka|Trick Room|p1a: Stakataka
|-fieldstart|move: Trick Room|[of] p1a: Stakataka
|
|-status|p2a: Obstagoon|brn|[from] item: Flame Orb
|upkeep
|turn|2
|
|t:|1629832757
|switch|p2a: Gastrodon|Gastrodon-East, M|100/100
|move|p1a: Stakataka|Gyro Ball|p2a: Gastrodon
|-resisted|p2a: Gastrodon
|-damage|p2a: Gastrodon|77/100
|
|upkeep
|turn|3
|
|t:|1629832768
|switch|p1a: Reuniclus|Reuniclus, M|100/100
|move|p2a: Gastrodon|Earth Power|p1a: Reuniclus
|-damage|p1a: Reuniclus|77/100
|
|-heal|p1a: Reuniclus|83/100|[from] item: Leftovers
|upkeep
|turn|4
|
|t:|1629832778
|switch|p2a: Escavalier|Escavalier, M|100/100
|move|p1a: Reuniclus|Calm Mind|p1a: Reuniclus
|-boost|p1a: Reuniclus|spa|1
|-boost|p1a: Reuniclus|spd|1
|
|-heal|p1a: Reuniclus|89/100|[from] item: Leftovers
|upkeep
|turn|5
|
|t:|1629832785
|switch|p1a: Porygon2|Porygon2|100/100
|-ability|p1a: Porygon2|Overcoat|[from] ability: Trace|[of] p2a: Escavalier
|move|p2a: Escavalier|Megahorn|p1a: Porygon2
|-damage|p1a: Porygon2|70/100
|
|-fieldend|move: Trick Room
|upkeep
|turn|6
|
|t:|1629832790
|move|p2a: Escavalier|Knock Off|p1a: Porygon2
|-damage|p1a: Porygon2|53/100
|-enditem|p1a: Porygon2|Eviolite|[from] move: Knock Off|[of] p2a: Escavalier
|move|p1a: Porygon2|Trick Room|p1a: Porygon2
|-fieldstart|move: Trick Room|[of] p1a: Porygon2
|
|upkeep
|turn|7
|
|t:|1629832799
|move|p2a: Escavalier|Close Combat|p1a: Porygon2
|-supereffective|p1a: Porygon2
|-damage|p1a: Porygon2|0 fnt
|-unboost|p2a: Escavalier|def|1
|-unboost|p2a: Escavalier|spd|1
|faint|p1a: Porygon2
|
|upkeep
|
|t:|1629832804
|switch|p1a: Marowak|Marowak-Alola, M|100/100
|turn|8
|
|t:|1629832830
|switch|p2a: Crobat|Crobat, M|100/100
|move|p1a: Marowak|Swords Dance|p1a: Marowak
|-boost|p1a: Marowak|atk|2
|
|upkeep
|turn|9
|
|t:|1629832839
|switch|p2a: Obstagoon|Obstagoon, M|100/100 brn
|move|p1a: Marowak|Flare Blitz|p2a: Obstagoon
|-damage|p2a: Obstagoon|0 fnt
|faint|p2a: Obstagoon
|
|upkeep
|inactive|Testinganteater has 120 seconds left.
|
|t:|1629832856
|switch|p2a: Crobat|Crobat, M|100/100
|turn|10
|
|t:|1629832863
|move|p1a: Marowak|Poltergeist|p2a: Crobat|[miss]
|-miss|p1a: Marowak|p2a: Crobat
|move|p2a: Crobat|U-turn|p1a: Marowak
|-resisted|p1a: Marowak
|-damage|p1a: Marowak|97/100
|
|t:|1629832870
|switch|p2a: Gastrodon|Gastrodon-East, M|77/100|[from]move: U-turn
|
|-fieldend|move: Trick Room
|upkeep
|turn|11
|
|t:|1629832879
|switch|p1a: Necrozma|Necrozma|100/100
|move|p2a: Gastrodon|Ice Beam|p1a: Necrozma
|-damage|p1a: Necrozma|87/100
|
|-heal|p1a: Necrozma|93/100|[from] item: Leftovers
|upkeep
|turn|12
|
|t:|1629832883
|move|p2a: Gastrodon|Toxic|p1a: Necrozma
|-status|p1a: Necrozma|tox
|move|p1a: Necrozma|Trick Room|p1a: Necrozma
|-fieldstart|move: Trick Room|[of] p1a: Necrozma
|
|-heal|p1a: Necrozma|99/100 tox|[from] item: Leftovers
|-damage|p1a: Necrozma|93/100 tox|[from] psn
|upkeep
|turn|13
|
|t:|1629832895
|switch|p2a: Escavalier|Escavalier, M|100/100
|switch|p1a: Reuniclus|Reuniclus, M|89/100
|
|-heal|p1a: Reuniclus|95/100|[from] item: Leftovers
|upkeep
|turn|14
|
|t:|1629832902
|switch|p1a: Marowak|Marowak-Alola, M|97/100
|move|p2a: Escavalier|Knock Off|p1a: Marowak
|-supereffective|p1a: Marowak
|-damage|p1a: Marowak|42/100
|-enditem|p1a: Marowak|Thick Club|[from] move: Knock Off|[of] p2a: Escavalier
|
|upkeep
|turn|15
|
|t:|1629832911
|switch|p2a: Gastrodon|Gastrodon-East, M|77/100
|move|p1a: Marowak|Flare Blitz|p2a: Gastrodon
|-resisted|p2a: Gastrodon
|-damage|p2a: Gastrodon|58/100
|
|upkeep
|turn|16
|
|t:|1629832917
|move|p1a: Marowak|Poltergeist|p2a: Gastrodon
|-activate|p2a: Gastrodon|move: Poltergeist|Heavy-Duty Boots
|-damage|p2a: Gastrodon|24/100
|move|p2a: Gastrodon|Recover|p2a: Gastrodon
|-heal|p2a: Gastrodon|74/100
|
|-fieldend|move: Trick Room
|upkeep
|turn|17
|
|t:|1629832925
|switch|p1a: Necrozma|Necrozma|93/100 tox
|move|p2a: Gastrodon|Earth Power|p1a: Necrozma
|-damage|p1a: Necrozma|75/100 tox
|
|-heal|p1a: Necrozma|81/100 tox|[from] item: Leftovers
|-damage|p1a: Necrozma|75/100 tox|[from] psn
|upkeep
|turn|18
|
|t:|1629832933
|move|p2a: Gastrodon|Recover|p2a: Gastrodon
|-heal|p2a: Gastrodon|100/100
|move|p1a: Necrozma|Trick Room|p1a: Necrozma
|-fieldstart|move: Trick Room|[of] p1a: Necrozma
|
|-heal|p1a: Necrozma|81/100 tox|[from] item: Leftovers
|-damage|p1a: Necrozma|69/100 tox|[from] psn
|upkeep
|turn|19
|
|t:|1629832938
|switch|p1a: Metagross|Metagross|100/100
|move|p2a: Gastrodon|Earth Power|p1a: Metagross
|-supereffective|p1a: Metagross
|-damage|p1a: Metagross|46/100
|
|upkeep
|turn|20
|
|t:|1629832945
|move|p2a: Gastrodon|Earth Power|p1a: Metagross
|-supereffective|p1a: Metagross
|-damage|p1a: Metagross|0 fnt
|faint|p1a: Metagross
|
|upkeep
|
|t:|1629832952
|switch|p1a: Reuniclus|Reuniclus, M|95/100
|turn|21
|
|t:|1629832956
|switch|p2a: Escavalier|Escavalier, M|100/100
|move|p1a: Reuniclus|Iron Defense|p1a: Reuniclus
|-boost|p1a: Reuniclus|def|2
|
|-heal|p1a: Reuniclus|100/100|[from] item: Leftovers
|upkeep
|turn|22
|c|☆Testinganteater|reuni needs banned fr
|
|t:|1629832986
|move|p1a: Reuniclus|Iron Defense|p1a: Reuniclus
|-boost|p1a: Reuniclus|def|2
|move|p2a: Escavalier|Knock Off|p1a: Reuniclus
|-supereffective|p1a: Reuniclus
|-damage|p1a: Reuniclus|84/100
|-enditem|p1a: Reuniclus|Leftovers|[from] move: Knock Off|[of] p2a: Escavalier
|
|-fieldend|move: Trick Room
|upkeep
|turn|23
|
|t:|1629832996
|move|p2a: Escavalier|Megahorn|p1a: Reuniclus
|-supereffective|p1a: Reuniclus
|-damage|p1a: Reuniclus|57/100
|move|p1a: Reuniclus|Iron Defense|p1a: Reuniclus
|-boost|p1a: Reuniclus|def|2
|
|upkeep
|turn|24
|
|t:|1629833003
|move|p2a: Escavalier|Megahorn|p1a: Reuniclus
|-supereffective|p1a: Reuniclus
|-damage|p1a: Reuniclus|34/100
|move|p1a: Reuniclus|Calm Mind|p1a: Reuniclus
|-boost|p1a: Reuniclus|spa|1
|-boost|p1a: Reuniclus|spd|1
|
|upkeep
|turn|25
|
|t:|1629833008
|move|p2a: Escavalier|Megahorn|p1a: Reuniclus
|-supereffective|p1a: Reuniclus
|-damage|p1a: Reuniclus|13/100
|move|p1a: Reuniclus|Stored Power|p2a: Escavalier
|-resisted|p2a: Escavalier
|-damage|p2a: Escavalier|60/100
|
|-heal|p2a: Escavalier|66/100|[from] item: Leftovers
|upkeep
|turn|26
|
|t:|1629833016
|move|p2a: Escavalier|Megahorn|p1a: Reuniclus
|-supereffective|p1a: Reuniclus
|-damage|p1a: Reuniclus|0 fnt
|faint|p1a: Reuniclus
|
|-heal|p2a: Escavalier|72/100|[from] item: Leftovers
|upkeep
|
|t:|1629833023
|switch|p1a: Necrozma|Necrozma|69/100 tox
|turn|27
|
|t:|1629833033
|switch|p2a: Diancie|Diancie|100/100
|move|p1a: Necrozma|Trick Room|p1a: Necrozma
|-fieldstart|move: Trick Room|[of] p1a: Necrozma
|
|-heal|p1a: Necrozma|75/100 tox|[from] item: Leftovers
|-damage|p1a: Necrozma|69/100 tox|[from] psn
|upkeep
|turn|28
|
|t:|1629833039
|move|p2a: Diancie|Body Press|p1a: Necrozma
|-resisted|p1a: Necrozma
|-damage|p1a: Necrozma|57/100 tox
|move|p1a: Necrozma|Earth Power|p2a: Diancie
|-supereffective|p2a: Diancie
|-damage|p2a: Diancie|70/100
|
|-heal|p2a: Diancie|76/100|[from] item: Leftovers
|-heal|p1a: Necrozma|63/100 tox|[from] item: Leftovers
|-damage|p1a: Necrozma|50/100 tox|[from] psn
|upkeep
|turn|29
|
|t:|1629833051
|move|p2a: Diancie|Diamond Storm|p1a: Necrozma
|-damage|p1a: Necrozma|20/100 tox
|-boost|p2a: Diancie|def|2
|move|p1a: Necrozma|Morning Sun|p1a: Necrozma
|-heal|p1a: Necrozma|70/100 tox
|
|-heal|p2a: Diancie|83/100|[from] item: Leftovers
|-heal|p1a: Necrozma|76/100 tox|[from] item: Leftovers
|-damage|p1a: Necrozma|58/100 tox|[from] psn
|upkeep
|turn|30
|
|t:|1629833060
|switch|p1a: Stakataka|Stakataka|100/100
|-item|p1a: Stakataka|Air Balloon
|move|p2a: Diancie|Body Press|p1a: Stakataka
|-supereffective|p1a: Stakataka
|-damage|p1a: Stakataka|0 fnt
|-enditem|p1a: Stakataka|Air Balloon
|faint|p1a: Stakataka
|
|-heal|p2a: Diancie|89/100|[from] item: Leftovers
|upkeep
|-message|ernicors forfeited.
|
|win|Testinganteater
|l|☆ernicors
|raw|ernicors's rating: 1147 &rarr; <strong>1135</strong><br />(-12 for losing)
|raw|Testinganteater's rating: 1353 &rarr; <strong>1362</strong><br />(+9 for winning)
