|j|☆LethalHobo723
|j|☆Braves17
|t:|1603846987
|player|p1|LethalHobo723|170|
|player|p2|Braves17|102|
|teamsize|p1|6
|teamsize|p2|6
|gametype|singles
|gen|8
|tier|[Gen 8] RU
|rated|Tournament battle
|clearpoke
|poke|p1|Gigalith, M|
|poke|p1|Ninetales, F|
|poke|p1|Klefki, M|
|poke|p1|Dhelmise|
|poke|p1|Lycanroc, F|
|poke|p1|Blastoise, M|
|poke|p2|Bewear, F|
|poke|p2|Silvally-*|
|poke|p2|Dragalge, F|
|poke|p2|Hitmonlee, M|
|poke|p2|Lycanroc, M|
|poke|p2|Inteleon, M|
|rule|Sleep Clause Mod: Limit one foe put to sleep
|rule|Species Clause: Limit one of each Pokémon
|rule|OHKO Clause: OHKO moves are banned
|rule|Evasion Moves Clause: Evasion moves are banned
|rule|Endless Battle Clause: Forcing endless battles is banned
|rule|HP Percentage Mod: HP is shown in percentages
|rule|Dynamax Clause: You cannot dynamax
|teampreview
|inactive|Battle timer is ON: inactive players will automatically lose when time's up. (requested by LethalHobo723)
|j|*Lady Monita
|j| marshallwu
|j| Suzize
|j| Zoaw
|j| payresse
|j| silver_z71
|j| LeCadreur
|c|☆Braves17|gl hf
|j| vumshi
|
|t:|1603846995
|start
|switch|p1a: Klefki|Klefki, M|100/100
|switch|p2a: Inteleon|Inteleon, M|100/100
|turn|1
|c|☆LethalHobo723|u2
|j| oreo salad
|
|t:|1603847000
|move|p1a: Klefki|Thunder Wave|p2a: Inteleon
|-status|p2a: Inteleon|par
|move|p2a: Inteleon|Snipe Shot|p1a: Klefki
|-damage|p1a: Klefki|58/100
|
|-heal|p1a: Klefki|64/100|[from] item: Leftovers
|upkeep
|turn|2
|
|t:|1603847005
|move|p1a: Klefki|Spikes|p2a: Inteleon
|-sidestart|p2: Braves17|Spikes
|move|p2a: Inteleon|Snipe Shot|p1a: Klefki
|-crit|p1a: Klefki
|-damage|p1a: Klefki|0 fnt
|faint|p1a: Klefki
|
|upkeep
|
|t:|1603847021
|switch|p1a: Blastoise|Blastoise, M|100/100
|turn|3
|
|t:|1603847033
|switch|p2a: Dragalge|Dragalge, F|100/100
|-damage|p2a: Dragalge|88/100|[from] Spikes
|move|p1a: Blastoise|Shell Smash|p1a: Blastoise
|-unboost|p1a: Blastoise|def|1
|-unboost|p1a: Blastoise|spd|1
|-boost|p1a: Blastoise|atk|2
|-boost|p1a: Blastoise|spa|2
|-boost|p1a: Blastoise|spe|2
|-enditem|p1a: Blastoise|White Herb
|-clearnegativeboost|p1a: Blastoise|[silent]
|
|upkeep
|turn|4
|j| deadpool6190
|
|t:|1603847038
|move|p1a: Blastoise|Ice Beam|p2a: Dragalge
|-supereffective|p2a: Dragalge
|-damage|p2a: Dragalge|4/100
|move|p2a: Dragalge|Draco Meteor|p1a: Blastoise
|-damage|p1a: Blastoise|0 fnt
|-unboost|p2a: Dragalge|spa|2
|faint|p1a: Blastoise
|
|upkeep
|j| e~t~h~e~y
|
|t:|1603847049
|switch|p1a: Gigalith|Gigalith, M|100/100
|-weather|Sandstorm|[from] ability: Sand Stream|[of] p1a: Gigalith
|turn|5
|
|t:|1603847053
|switch|p2a: Silvally|Silvally-Dark|100/100
|-damage|p2a: Silvally|88/100|[from] Spikes
|move|p1a: Gigalith|Stealth Rock|p2a: Silvally
|-sidestart|p2: Braves17|move: Stealth Rock
|
|-weather|Sandstorm|[upkeep]
|-damage|p2a: Silvally|82/100|[from] Sandstorm
|upkeep
|turn|6
|j| Primal Yaldabaoth
|
|t:|1603847059
|move|p2a: Silvally|Defog|p1a: Gigalith
|-unboost|p1a: Gigalith|evasion|1
|-sideend|p2: Braves17|Spikes|[from] move: Defog|[of] p2a: Silvally
|-sideend|p2: Braves17|Stealth Rock|[from] move: Defog|[of] p2a: Silvally
|move|p1a: Gigalith|Stone Edge|p2a: Silvally
|-damage|p2a: Silvally|55/100
|
|-weather|Sandstorm|[upkeep]
|-damage|p2a: Silvally|49/100|[from] Sandstorm
|upkeep
|turn|7
|
|t:|1603847064
|move|p2a: Silvally|Toxic|p1a: Gigalith
|-status|p1a: Gigalith|tox
|move|p1a: Gigalith|Stealth Rock|p2a: Silvally
|-sidestart|p2: Braves17|move: Stealth Rock
|
|-weather|Sandstorm|[upkeep]
|-damage|p2a: Silvally|43/100|[from] Sandstorm
|-damage|p1a: Gigalith|94/100 tox|[from] psn
|upkeep
|turn|8
|
|t:|1603847068
|move|p2a: Silvally|Defog|p1a: Gigalith
|-unboost|p1a: Gigalith|evasion|1
|-sideend|p2: Braves17|Stealth Rock|[from] move: Defog|[of] p2a: Silvally
|move|p1a: Gigalith|Stone Edge|p2a: Silvally
|-damage|p2a: Silvally|15/100
|
|-weather|Sandstorm|[upkeep]
|-damage|p2a: Silvally|9/100|[from] Sandstorm
|-damage|p1a: Gigalith|82/100 tox|[from] psn
|upkeep
|turn|9
|
|t:|1603847070
|move|p2a: Silvally|Multi-Attack|p1a: Gigalith
|-damage|p1a: Gigalith|53/100 tox
|move|p1a: Gigalith|Stealth Rock|p2a: Silvally
|-sidestart|p2: Braves17|move: Stealth Rock
|
|-weather|Sandstorm|[upkeep]
|-damage|p2a: Silvally|3/100|[from] Sandstorm
|-damage|p1a: Gigalith|34/100 tox|[from] psn
|upkeep
|turn|10
|c| Primal Yaldabaoth|This match will now be cursed with bad rng
|
|t:|1603847074
|move|p2a: Silvally|Defog|p1a: Gigalith
|-unboost|p1a: Gigalith|evasion|1
|-sideend|p2: Braves17|Stealth Rock|[from] move: Defog|[of] p2a: Silvally
|move|p1a: Gigalith|Stealth Rock|p2a: Silvally
|-sidestart|p2: Braves17|move: Stealth Rock
|
|-weather|Sandstorm|[upkeep]
|-damage|p2a: Silvally|0 fnt|[from] Sandstorm
|faint|p2a: Silvally
|-damage|p1a: Gigalith|10/100 tox|[from] psn
|upkeep
|j| NotAnHacker
|
|t:|1603847080
|switch|p2a: Hitmonlee|Hitmonlee, M|100/100
|-damage|p2a: Hitmonlee|94/100|[from] Stealth Rock
|turn|11
|j| B1nd00
|
|t:|1603847085
|switch|p1a: Dhelmise|Dhelmise|100/100
|move|p2a: Hitmonlee|Curse|p2a: Hitmonlee
|-unboost|p2a: Hitmonlee|spe|1
|-boost|p2a: Hitmonlee|atk|1
|-boost|p2a: Hitmonlee|def|1
|-enditem|p2a: Hitmonlee|White Herb
|-clearnegativeboost|p2a: Hitmonlee|[silent]
|
|-weather|Sandstorm|[upkeep]
|-damage|p2a: Hitmonlee|88/100|[from] Sandstorm
|-damage|p1a: Dhelmise|94/100|[from] Sandstorm
|upkeep
|turn|12
|
|t:|1603847092
|move|p2a: Hitmonlee|Knock Off|p1a: Dhelmise
|-supereffective|p1a: Dhelmise
|-damage|p1a: Dhelmise|25/100
|move|p1a: Dhelmise|Poltergeist||[still]
|-fail|p1a: Dhelmise
|
|-weather|none
|upkeep
|turn|13
|
|t:|1603847097
|move|p2a: Hitmonlee|Knock Off|p1a: Dhelmise
|-supereffective|p1a: Dhelmise
|-damage|p1a: Dhelmise|0 fnt
|faint|p1a: Dhelmise
|
|upkeep
|
|t:|1603847102
|switch|p1a: Ninetales|Ninetales, F, shiny|100/100
|turn|14
|
|t:|1603847106
|move|p2a: Hitmonlee|Earthquake|p1a: Ninetales
|-supereffective|p1a: Ninetales
|-damage|p1a: Ninetales|0 fnt
|faint|p1a: Ninetales
|
|upkeep
|c|☆LethalHobo723|gg
|
|t:|1603847113
|switch|p1a: Gigalith|Gigalith, M|10/100 tox
|-weather|Sandstorm|[from] ability: Sand Stream|[of] p1a: Gigalith
|turn|15
|c|☆Braves17|gg
|
|t:|1603847117
|move|p2a: Hitmonlee|Knock Off|p1a: Gigalith
|-damage|p1a: Gigalith|0 fnt
|-enditem|p1a: Gigalith|Smooth Rock|[from] move: Knock Off|[of] p2a: Hitmonlee
|faint|p1a: Gigalith
|
|-weather|Sandstorm|[upkeep]
|-damage|p2a: Hitmonlee|82/100|[from] Sandstorm
|upkeep
|
|t:|1603847120
|switch|p1a: Lycanroc|Lycanroc, F|100/100
|turn|16
|
|t:|1603847122
|move|p1a: Lycanroc|Close Combat|p2a: Hitmonlee
|-damage|p2a: Hitmonlee|4/100
|-unboost|p1a: Lycanroc|def|1
|-unboost|p1a: Lycanroc|spd|1
|-damage|p1a: Lycanroc|91/100|[from] item: Life Orb
|move|p2a: Hitmonlee|Earthquake|p1a: Lycanroc
|-supereffective|p1a: Lycanroc
|-damage|p1a: Lycanroc|0 fnt
|faint|p1a: Lycanroc
|
|win|Braves17
