|j|☆larkin97
|j|☆Testinganteater
|t:|1659804854
|gametype|singles
|player|p1|larkin97|ethan|1156
|player|p2|Testinganteater|juggler|1293
|teamsize|p1|6
|teamsize|p2|6
|gen|8
|tier|[Gen 8] RU
|rated|
|rule|Sleep Clause Mod: Limit one foe put to sleep
|rule|Species Clause: Limit one of each Pokémon
|rule|OHKO Clause: OHKO moves are banned
|rule|Evasion Items Clause: Evasion items are banned
|rule|Evasion Moves Clause: Evasion moves are banned
|rule|Endless Battle Clause: Forcing endless battles is banned
|rule|HP Percentage Mod: HP is shown in percentages
|rule|Dynamax Clause: You cannot dynamax
|clearpoke
|poke|p1|Umbreon, M|
|poke|p1|Cloyster, F|
|poke|p1|Flygon, M|
|poke|p1|Togekiss, F|
|poke|p1|Lucario, F|
|poke|p1|Golisopod, F|
|poke|p2|Sigilyph, M|
|poke|p2|Milotic, F|
|poke|p2|Dhelmise|
|poke|p2|Metagross|
|poke|p2|Flygon, M|
|poke|p2|Umbreon, M|
|teampreview
|
|t:|1659804865
|start
|switch|p1a: Cloyster|Cloyster, F, shiny|100/100
|switch|p2a: Milotic|Milotic, F|100/100
|turn|1
|inactive|Battle timer is ON: inactive players will automatically lose when time's up. (requested by Testinganteater)
|
|t:|1659804875
|move|p1a: Cloyster|Shell Smash|p1a: Cloyster
|-unboost|p1a: Cloyster|def|1
|-unboost|p1a: Cloyster|spd|1
|-boost|p1a: Cloyster|atk|2
|-boost|p1a: Cloyster|spa|2
|-boost|p1a: Cloyster|spe|2
|move|p2a: Milotic|Haze|p2a: Milotic
|-clearallboost
|
|upkeep
|turn|2
|
|t:|1659804888
|move|p1a: Cloyster|Icicle Spear|p2a: Milotic
|-resisted|p2a: Milotic
|-damage|p2a: Milotic|96/100
|-resisted|p2a: Milotic
|-damage|p2a: Milotic|91/100
|-resisted|p2a: Milotic
|-damage|p2a: Milotic|87/100
|-resisted|p2a: Milotic
|-damage|p2a: Milotic|82/100
|-resisted|p2a: Milotic
|-damage|p2a: Milotic|77/100
|-hitcount|p2a: Milotic|5
|move|p2a: Milotic|Scald|p1a: Cloyster
|-resisted|p1a: Cloyster
|-damage|p1a: Cloyster|65/100
|
|upkeep
|turn|3
|
|t:|1659804903
|switch|p1a: Umbreon|Umbreon, M, shiny|100/100
|move|p2a: Milotic|Scald|p1a: Umbreon
|-damage|p1a: Umbreon|87/100
|
|-heal|p1a: Umbreon|93/100|[from] item: Leftovers
|upkeep
|turn|4
|
|t:|1659804917
|move|p2a: Milotic|Recover|p2a: Milotic
|-heal|p2a: Milotic|100/100
|move|p1a: Umbreon|Wish|p1a: Umbreon
|
|-heal|p1a: Umbreon|99/100|[from] item: Leftovers
|upkeep
|turn|5
|
|t:|1659804923
|move|p2a: Milotic|Flip Turn|p1a: Umbreon
|-damage|p1a: Umbreon|88/100
|
|t:|1659804930
|switch|p2a: Sigilyph|Sigilyph, M, shiny|100/100|[from]move: Flip Turn
|move|p1a: Umbreon|Toxic|p2a: Sigilyph
|-status|p2a: Sigilyph|tox
|
|-heal|p1a: Umbreon|100/100|[from] move: Wish|[wisher] Umbreon
|upkeep
|turn|6
|
|t:|1659804941
|move|p2a: Sigilyph|Psycho Shift|p1a: Umbreon
|-status|p1a: Umbreon|tox
|-activate|p1a: Umbreon|ability: Synchronize
|-fail|p2a: Sigilyph|tox
|-curestatus|p2a: Sigilyph|tox|[msg]
|move|p1a: Umbreon|Foul Play|p2a: Sigilyph
|-supereffective|p2a: Sigilyph
|-damage|p2a: Sigilyph|64/100
|
|-damage|p1a: Umbreon|94/100 tox|[from] psn
|-status|p2a: Sigilyph|brn|[from] item: Flame Orb
|upkeep
|turn|7
|
|t:|1659804964
|move|p1a: Umbreon|Protect|p1a: Umbreon
|-singleturn|p1a: Umbreon|Protect
|move|p2a: Sigilyph|Calm Mind|p2a: Sigilyph
|-boost|p2a: Sigilyph|spa|1
|-boost|p2a: Sigilyph|spd|1
|
|-heal|p1a: Umbreon|100/100 tox|[from] item: Leftovers
|-damage|p1a: Umbreon|88/100 tox|[from] psn
|upkeep
|turn|8
|
|t:|1659804972
|move|p2a: Sigilyph|Roost|p2a: Sigilyph
|-heal|p2a: Sigilyph|100/100 brn
|-singleturn|p2a: Sigilyph|move: Roost
|move|p1a: Umbreon|Foul Play|p2a: Sigilyph
|-supereffective|p2a: Sigilyph
|-damage|p2a: Sigilyph|65/100 brn
|
|-heal|p1a: Umbreon|94/100 tox|[from] item: Leftovers
|-damage|p1a: Umbreon|76/100 tox|[from] psn
|upkeep
|turn|9
|
|t:|1659804983
|switch|p1a: Flygon|Flygon, M|100/100
|move|p2a: Sigilyph|Calm Mind|p2a: Sigilyph
|-boost|p2a: Sigilyph|spa|1
|-boost|p2a: Sigilyph|spd|1
|
|upkeep
|turn|10
|
|t:|1659804992
|move|p2a: Sigilyph|Roost|p2a: Sigilyph
|-heal|p2a: Sigilyph|100/100 brn
|-singleturn|p2a: Sigilyph|move: Roost
|move|p1a: Flygon|Stone Edge|p2a: Sigilyph
|-damage|p2a: Sigilyph|50/100 brn
|-damage|p1a: Flygon|91/100|[from] item: Life Orb
|
|upkeep
|turn|11
|
|t:|1659805000
|move|p2a: Sigilyph|Psycho Shift|p1a: Flygon
|-status|p1a: Flygon|brn
|-curestatus|p2a: Sigilyph|brn|[msg]
|move|p1a: Flygon|Stone Edge|p2a: Sigilyph|[miss]
|-miss|p1a: Flygon|p2a: Sigilyph
|
|-damage|p1a: Flygon|85/100 brn|[from] brn
|-status|p2a: Sigilyph|brn|[from] item: Flame Orb
|upkeep
|turn|12
|
|t:|1659805013
|move|p2a: Sigilyph|Roost|p2a: Sigilyph
|-heal|p2a: Sigilyph|100/100 brn
|-singleturn|p2a: Sigilyph|move: Roost
|move|p1a: Flygon|Stone Edge|p2a: Sigilyph
|-damage|p2a: Sigilyph|77/100 brn
|-damage|p1a: Flygon|75/100 brn|[from] item: Life Orb
|
|-damage|p1a: Flygon|69/100 brn|[from] brn
|upkeep
|turn|13
|
|t:|1659805032
|switch|p1a: Umbreon|Umbreon, M, shiny|76/100 tox
|move|p2a: Sigilyph|Calm Mind|p2a: Sigilyph
|-boost|p2a: Sigilyph|spa|1
|-boost|p2a: Sigilyph|spd|1
|
|-heal|p1a: Umbreon|82/100 tox|[from] item: Leftovers
|-damage|p1a: Umbreon|76/100 tox|[from] psn
|upkeep
|turn|14
|
|t:|1659805039
|move|p1a: Umbreon|Protect|p1a: Umbreon
|-singleturn|p1a: Umbreon|Protect
|move|p2a: Sigilyph|Air Slash|p1a: Umbreon
|-activate|p1a: Umbreon|move: Protect
|
|-heal|p1a: Umbreon|82/100 tox|[from] item: Leftovers
|-damage|p1a: Umbreon|70/100 tox|[from] psn
|upkeep
|turn|15
|
|t:|1659805048
|move|p2a: Sigilyph|Air Slash|p1a: Umbreon
|-damage|p1a: Umbreon|37/100 tox
|move|p1a: Umbreon|Wish|p1a: Umbreon
|
|-heal|p1a: Umbreon|43/100 tox|[from] item: Leftovers
|-damage|p1a: Umbreon|25/100 tox|[from] psn
|upkeep
|turn|16
|
|t:|1659805059
|move|p1a: Umbreon|Protect|p1a: Umbreon
|-singleturn|p1a: Umbreon|Protect
|move|p2a: Sigilyph|Calm Mind|p2a: Sigilyph
|-boost|p2a: Sigilyph|spa|1
|-boost|p2a: Sigilyph|spd|1
|
|-heal|p1a: Umbreon|75/100 tox|[from] move: Wish|[wisher] Umbreon
|-heal|p1a: Umbreon|81/100 tox|[from] item: Leftovers
|-damage|p1a: Umbreon|57/100 tox|[from] psn
|upkeep
|turn|17
|
|t:|1659805072
|move|p2a: Sigilyph|Air Slash|p1a: Umbreon
|-damage|p1a: Umbreon|15/100 tox
|cant|p1a: Umbreon|flinch
|
|-heal|p1a: Umbreon|22/100 tox|[from] item: Leftovers
|-damage|p1a: Umbreon|0 fnt|[from] psn
|faint|p1a: Umbreon
|upkeep
|
|t:|1659805075
|switch|p1a: Cloyster|Cloyster, F, shiny|65/100
|turn|18
|
|t:|1659805079
|move|p2a: Sigilyph|Air Slash|p1a: Cloyster
|-damage|p1a: Cloyster|0 fnt
|faint|p1a: Cloyster
|
|upkeep
|
|t:|1659805083
|switch|p1a: Golisopod|Golisopod, F, shiny|100/100
|turn|19
|
|t:|1659805091
|move|p2a: Sigilyph|Roost|p2a: Sigilyph
|-heal|p2a: Sigilyph|100/100 brn
|-singleturn|p2a: Sigilyph|move: Roost
|move|p1a: Golisopod|Knock Off|p2a: Sigilyph
|-supereffective|p2a: Sigilyph
|-damage|p2a: Sigilyph|19/100 brn
|-enditem|p2a: Sigilyph|Flame Orb|[from] move: Knock Off|[of] p1a: Golisopod
|
|upkeep
|turn|20
|
|t:|1659805097
|move|p2a: Sigilyph|Air Slash|p1a: Golisopod
|-supereffective|p1a: Golisopod
|-damage|p1a: Golisopod|0 fnt
|faint|p1a: Golisopod
|
|upkeep
|
|t:|1659805101
|switch|p1a: Togekiss|Togekiss, F|100/100
|turn|21
|
|t:|1659805107
|move|p2a: Sigilyph|Roost|p2a: Sigilyph
|-heal|p2a: Sigilyph|69/100 brn
|-singleturn|p2a: Sigilyph|move: Roost
|move|p1a: Togekiss|Air Slash|p2a: Sigilyph
|-damage|p2a: Sigilyph|54/100 brn
|
|upkeep
|turn|22
|
|t:|1659805117
|move|p2a: Sigilyph|Roost|p2a: Sigilyph
|-heal|p2a: Sigilyph|100/100 brn
|-singleturn|p2a: Sigilyph|move: Roost
|move|p1a: Togekiss|Nasty Plot|p1a: Togekiss
|-boost|p1a: Togekiss|spa|2
|
|upkeep
|turn|23
|
|t:|1659805121
|move|p2a: Sigilyph|Air Slash|p1a: Togekiss
|-damage|p1a: Togekiss|18/100
|move|p1a: Togekiss|Nasty Plot|p1a: Togekiss
|-boost|p1a: Togekiss|spa|2
|
|upkeep
|turn|24
|
|t:|1659805127
|move|p2a: Sigilyph|Air Slash|p1a: Togekiss|[miss]
|-miss|p2a: Sigilyph|p1a: Togekiss
|move|p1a: Togekiss|Flamethrower|p2a: Sigilyph
|-damage|p2a: Sigilyph|67/100 brn
|
|upkeep
|turn|25
|
|t:|1659805133
|move|p2a: Sigilyph|Air Slash|p1a: Togekiss
|-damage|p1a: Togekiss|0 fnt
|faint|p1a: Togekiss
|
|upkeep
|
|t:|1659805137
|switch|p1a: Lucario|Lucario, F|100/100
|turn|26
|
|t:|1659805142
|move|p2a: Sigilyph|Air Slash|p1a: Lucario|[miss]
|-miss|p2a: Sigilyph|p1a: Lucario
|move|p1a: Lucario|Flash Cannon|p2a: Sigilyph
|-damage|p2a: Sigilyph|52/100 brn
|
|upkeep
|turn|27
|
|t:|1659805147
|move|p2a: Sigilyph|Air Slash|p1a: Lucario
|-damage|p1a: Lucario|0 fnt
|faint|p1a: Lucario
|
|upkeep
|-message|larkin97 forfeited.
|
|win|Testinganteater
|raw|larkin97's rating: 1156 &rarr; <strong>1140</strong><br />(-16 for losing)
|raw|Testinganteater's rating: 1293 &rarr; <strong>1309</strong><br />(+16 for winning)
|l|☆larkin97
|c|☆Testinganteater|Gg
||Ladder isn't responding, score probably updated but might not have (Request timeout).
