|html|<div class="broadcast-blue"><strong>[Gen 8] RU is currently suspecting Zygarde-10%! For information on how to participate check out the <a href="https://www.smogon.com/forums/threads/np-ru-stage-6-i-wanna-be-your-dog-zygarde-10-suspect-test.3679181/#post-8768959">suspect thread</a>.</strong></div>
|j|☆Xeyaqusinzohwl
|j|☆ruz9 locked up
|t:|1615040578
|player|p1|Xeyaqusinzohwl|doubleteam|1396
|player|p2|ruz9 locked up|lucas|1490
|teamsize|p1|6
|teamsize|p2|6
|gametype|singles
|gen|8
|tier|[Gen 8] RU
|rated|
|clearpoke
|poke|p1|Regidrago|
|poke|p1|Mantine, M|
|poke|p1|Umbreon, F|
|poke|p1|Registeel|
|poke|p1|Toxtricity, F|
|poke|p1|Decidueye, M|
|poke|p2|Togekiss, F|
|poke|p2|Zarude|
|poke|p2|Raikou|
|poke|p2|Registeel|
|poke|p2|Chandelure, F|
|poke|p2|Gastrodon, M|
|rule|Sleep Clause Mod: Limit one foe put to sleep
|rule|Species Clause: Limit one of each Pokémon
|rule|OHKO Clause: OHKO moves are banned
|rule|Evasion Moves Clause: Evasion moves are banned
|rule|Endless Battle Clause: Forcing endless battles is banned
|rule|HP Percentage Mod: HP is shown in percentages
|rule|Dynamax Clause: You cannot dynamax
|teampreview
|inactive|Battle timer is ON: inactive players will automatically lose when time's up. (requested by Xeyaqusinzohwl)
|
|t:|1615040594
|start
|switch|p1a: Decidueye|Decidueye, M, shiny|100/100
|switch|p2a: Registeel|Registeel|100/100
|turn|1
|
|t:|1615040602
|switch|p1a: Mantine|Mantine, M, shiny|100/100
|switch|p2a: Zarude|Zarude|100/100
|
|upkeep
|turn|2
|
|t:|1615040608
|move|p2a: Zarude|U-turn|p1a: Mantine
|-resisted|p1a: Mantine
|-damage|p1a: Mantine|91/100
|
|t:|1615040612
|switch|p2a: Registeel|Registeel|100/100|[from]move: U-turn
|move|p1a: Mantine|Toxic|p2a: Registeel
|-immune|p2a: Registeel
|
|upkeep
|turn|3
|
|t:|1615040616
|move|p1a: Mantine|Scald|p2a: Registeel
|-damage|p2a: Registeel|87/100
|move|p2a: Registeel|Stealth Rock|p1a: Mantine
|-sidestart|p1: Xeyaqusinzohwl|move: Stealth Rock
|
|-heal|p2a: Registeel|93/100|[from] item: Leftovers
|upkeep
|turn|4
|
|t:|1615040622
|move|p1a: Mantine|Defog|p2a: Registeel
|-fail|p2a: Registeel|unboost|[from] ability: Clear Body|[of] p2a: Registeel
|-sideend|p1: Xeyaqusinzohwl|Stealth Rock|[from] move: Defog|[of] p1a: Mantine
|move|p2a: Registeel|Toxic|p1a: Mantine
|-status|p1a: Mantine|tox
|
|-heal|p2a: Registeel|99/100|[from] item: Leftovers
|-damage|p1a: Mantine|85/100 tox|[from] psn
|upkeep
|turn|5
|
|t:|1615040627
|move|p1a: Mantine|Scald|p2a: Registeel
|-damage|p2a: Registeel|88/100
|-status|p2a: Registeel|brn
|move|p2a: Registeel|Stealth Rock|p1a: Mantine
|-sidestart|p1: Xeyaqusinzohwl|move: Stealth Rock
|
|-heal|p2a: Registeel|94/100 brn|[from] item: Leftovers
|-damage|p1a: Mantine|72/100 tox|[from] psn
|-damage|p2a: Registeel|88/100 brn|[from] brn
|upkeep
|turn|6
|
|t:|1615040632
|move|p1a: Mantine|Defog|p2a: Registeel
|-fail|p2a: Registeel|unboost|[from] ability: Clear Body|[of] p2a: Registeel
|-sideend|p1: Xeyaqusinzohwl|Stealth Rock|[from] move: Defog|[of] p1a: Mantine
|move|p2a: Registeel|Seismic Toss|p1a: Mantine
|-damage|p1a: Mantine|46/100 tox
|
|-heal|p2a: Registeel|94/100 brn|[from] item: Leftovers
|-damage|p1a: Mantine|27/100 tox|[from] psn
|-damage|p2a: Registeel|88/100 brn|[from] brn
|upkeep
|turn|7
|
|t:|1615040635
|switch|p1a: Umbreon|Umbreon, F, shiny|100/100
|move|p2a: Registeel|Stealth Rock|p1a: Umbreon
|-sidestart|p1: Xeyaqusinzohwl|move: Stealth Rock
|
|-heal|p2a: Registeel|94/100 brn|[from] item: Leftovers
|-damage|p2a: Registeel|88/100 brn|[from] brn
|upkeep
|turn|8
|
|t:|1615040643
|move|p1a: Umbreon|Heal Bell|p1a: Umbreon
|-activate|p1a: Umbreon|move: Heal Bell
|-curestatus|p1: Mantine|tox|[msg]
|move|p2a: Registeel|Toxic||[still]
|-status|p1a: Umbreon|tox
|-activate|p1a: Umbreon|ability: Synchronize
|-fail|p1a: Umbreon
|
|-heal|p2a: Registeel|94/100 brn|[from] item: Leftovers
|-damage|p1a: Umbreon|94/100 tox|[from] psn
|-damage|p2a: Registeel|88/100 brn|[from] brn
|upkeep
|turn|9
|
|t:|1615040652
|switch|p2a: Zarude|Zarude|100/100
|move|p1a: Umbreon|Wish|p1a: Umbreon
|
|-heal|p1a: Umbreon|100/100 tox|[from] item: Leftovers
|-damage|p1a: Umbreon|88/100 tox|[from] psn
|upkeep
|turn|10
|
|t:|1615040660
|move|p2a: Zarude|Darkest Lariat|p1a: Umbreon
|-resisted|p1a: Umbreon
|-damage|p1a: Umbreon|76/100 tox
|move|p1a: Umbreon|Foul Play|p2a: Zarude
|-resisted|p2a: Zarude
|-damage|p2a: Zarude|79/100
|
|-heal|p1a: Umbreon|100/100 tox|[from] move: Wish|[wisher] Umbreon
|-damage|p1a: Umbreon|82/100 tox|[from] psn
|upkeep
|turn|11
|
|t:|1615040665
|move|p2a: Zarude|Power Whip|p1a: Umbreon
|-damage|p1a: Umbreon|45/100 tox
|move|p1a: Umbreon|Heal Bell|p1a: Umbreon
|-activate|p1a: Umbreon|move: Heal Bell
|-curestatus|p1a: Umbreon|tox|[msg]
|
|-heal|p1a: Umbreon|51/100|[from] item: Leftovers
|upkeep
|turn|12
|
|t:|1615040671
|move|p2a: Zarude|Jungle Healing|p2a: Zarude
|-heal|p2a: Zarude|100/100
|move|p1a: Umbreon|Wish|p1a: Umbreon
|
|-heal|p1a: Umbreon|57/100|[from] item: Leftovers
|upkeep
|turn|13
|
|t:|1615040675
|move|p2a: Zarude|Darkest Lariat|p1a: Umbreon
|-resisted|p1a: Umbreon
|-damage|p1a: Umbreon|45/100
|move|p1a: Umbreon|Foul Play|p2a: Zarude
|-resisted|p2a: Zarude
|-damage|p2a: Zarude|77/100
|
|-heal|p1a: Umbreon|95/100|[from] move: Wish|[wisher] Umbreon
|-heal|p1a: Umbreon|100/100|[from] item: Leftovers
|upkeep
|turn|14
|
|t:|1615040680
|switch|p1a: Registeel|Registeel|100/100
|-damage|p1a: Registeel|94/100|[from] Stealth Rock
|move|p2a: Zarude|U-turn|p1a: Registeel
|-resisted|p1a: Registeel
|-damage|p1a: Registeel|87/100
|
|t:|1615040691
|switch|p2a: Chandelure|Chandelure, F|100/100|[from]move: U-turn
|
|-heal|p1a: Registeel|93/100|[from] item: Leftovers
|upkeep
|turn|15
|
|t:|1615040698
|switch|p1a: Mantine|Mantine, M, shiny|27/100
|move|p2a: Chandelure|Calm Mind|p2a: Chandelure
|-boost|p2a: Chandelure|spa|1
|-boost|p2a: Chandelure|spd|1
|
|upkeep
|turn|16
|
|t:|1615040706
|move|p2a: Chandelure|Hex|p1a: Mantine
|-damage|p1a: Mantine|0 fnt
|faint|p1a: Mantine
|
|upkeep
|
|t:|1615040710
|switch|p1a: Umbreon|Umbreon, F, shiny|100/100
|-damage|p1a: Umbreon|88/100|[from] Stealth Rock
|turn|17
|
|t:|1615040722
|switch|p2a: Zarude|Zarude|77/100
|move|p1a: Umbreon|Foul Play|p2a: Zarude
|-resisted|p2a: Zarude
|-damage|p2a: Zarude|57/100
|
|-heal|p1a: Umbreon|94/100|[from] item: Leftovers
|upkeep
|turn|18
|
|t:|1615040728
|move|p2a: Zarude|Jungle Healing|p2a: Zarude
|-heal|p2a: Zarude|83/100
|move|p1a: Umbreon|Foul Play|p2a: Zarude
|-resisted|p2a: Zarude
|-damage|p2a: Zarude|62/100
|
|-heal|p1a: Umbreon|99/100|[from] item: Leftovers
|upkeep
|turn|19
|
|t:|1615040731
|move|p2a: Zarude|U-turn|p1a: Umbreon
|-supereffective|p1a: Umbreon
|-damage|p1a: Umbreon|73/100
|
|t:|1615040735
|switch|p2a: Togekiss|Togekiss, F|100/100|[from]move: U-turn
|move|p1a: Umbreon|Wish|p1a: Umbreon
|
|-heal|p1a: Umbreon|79/100|[from] item: Leftovers
|upkeep
|turn|20
|
|t:|1615040741
|switch|p2a: Gastrodon|Gastrodon, M|100/100
|switch|p1a: Toxtricity|Toxtricity, F, shiny|100/100
|-damage|p1a: Toxtricity|88/100|[from] Stealth Rock
|
|-heal|p1a: Toxtricity|100/100|[from] move: Wish|[wisher] Umbreon
|upkeep
|turn|21
|
|t:|1615040746
|move|p1a: Toxtricity|Sludge Bomb|p2a: Gastrodon
|-resisted|p2a: Gastrodon
|-damage|p2a: Gastrodon|70/100
|-status|p2a: Gastrodon|psn
|move|p2a: Gastrodon|Earth Power|p1a: Toxtricity
|-supereffective|p1a: Toxtricity
|-damage|p1a: Toxtricity|0 fnt
|faint|p1a: Toxtricity
|
|-damage|p2a: Gastrodon|58/100 psn|[from] psn
|upkeep
|
|t:|1615040753
|switch|p1a: Decidueye|Decidueye, M, shiny|100/100
|-damage|p1a: Decidueye|88/100|[from] Stealth Rock
|turn|22
|
|t:|1615040761
|switch|p2a: Zarude|Zarude|62/100
|move|p1a: Decidueye|Swords Dance|p1a: Decidueye
|-boost|p1a: Decidueye|atk|2
|
|-heal|p1a: Decidueye|94/100|[from] item: Leftovers
|upkeep
|turn|23
|
|t:|1615040765
|switch|p1a: Umbreon|Umbreon, F, shiny|79/100
|-damage|p1a: Umbreon|67/100|[from] Stealth Rock
|move|p2a: Zarude|Darkest Lariat|p1a: Umbreon
|-resisted|p1a: Umbreon
|-damage|p1a: Umbreon|55/100
|
|-heal|p1a: Umbreon|61/100|[from] item: Leftovers
|upkeep
|turn|24
|
|t:|1615040771
|move|p2a: Zarude|Jungle Healing|p2a: Zarude
|-heal|p2a: Zarude|87/100
|move|p1a: Umbreon|Wish|p1a: Umbreon
|
|-heal|p1a: Umbreon|67/100|[from] item: Leftovers
|upkeep
|turn|25
|
|t:|1615040776
|move|p2a: Zarude|U-turn|p1a: Umbreon
|-supereffective|p1a: Umbreon
|-damage|p1a: Umbreon|40/100
|
|t:|1615040779
|switch|p2a: Togekiss|Togekiss, F|100/100|[from]move: U-turn
|move|p1a: Umbreon|Foul Play|p2a: Togekiss
|-resisted|p2a: Togekiss
|-damage|p2a: Togekiss|94/100
|
|-heal|p1a: Umbreon|90/100|[from] move: Wish|[wisher] Umbreon
|-heal|p1a: Umbreon|96/100|[from] item: Leftovers
|upkeep
|turn|26
|
|t:|1615040783
|move|p2a: Togekiss|Thunder Wave|p1a: Umbreon
|-status|p1a: Umbreon|par
|-activate|p1a: Umbreon|ability: Synchronize
|-status|p2a: Togekiss|par
|move|p1a: Umbreon|Wish|p1a: Umbreon
|
|-heal|p1a: Umbreon|100/100 par|[from] item: Leftovers
|upkeep
|turn|27
|
|t:|1615040786
|switch|p1a: Registeel|Registeel|93/100
|-damage|p1a: Registeel|87/100|[from] Stealth Rock
|move|p2a: Togekiss|Heal Bell|p2a: Togekiss
|-activate|p2a: Togekiss|move: Heal Bell
|-curestatus|p2a: Togekiss|par|[msg]
|-curestatus|p2: Registeel|brn|[msg]
|-curestatus|p2: Gastrodon|psn|[msg]
|
|-heal|p1a: Registeel|100/100|[from] move: Wish|[wisher] Umbreon
|upkeep
|turn|28
|
|t:|1615040792
|switch|p2a: Chandelure|Chandelure, F|100/100
|move|p1a: Registeel|Stealth Rock|p2a: Chandelure
|-sidestart|p2: ruz9 locked up|move: Stealth Rock
|
|upkeep
|turn|29
|
|t:|1615040797
|move|p2a: Chandelure|Flamethrower|p1a: Registeel
|-supereffective|p1a: Registeel
|-damage|p1a: Registeel|46/100
|-status|p1a: Registeel|brn
|move|p1a: Registeel|Toxic|p2a: Chandelure
|-status|p2a: Chandelure|tox
|
|-heal|p1a: Registeel|52/100 brn|[from] item: Leftovers
|-damage|p2a: Chandelure|94/100 tox|[from] psn
|-damage|p1a: Registeel|46/100 brn|[from] brn
|upkeep
|turn|30
|
|t:|1615040804
|switch|p2a: Togekiss|Togekiss, F|94/100
|move|p1a: Registeel|Heavy Slam|p2a: Togekiss
|-supereffective|p2a: Togekiss
|-damage|p2a: Togekiss|67/100
|
|-heal|p1a: Registeel|52/100 brn|[from] item: Leftovers
|-damage|p1a: Registeel|46/100 brn|[from] brn
|upkeep
|turn|31
|
|t:|1615040807
|move|p2a: Togekiss|Heal Bell|p2a: Togekiss
|-activate|p2a: Togekiss|move: Heal Bell
|-curestatus|p2: Chandelure|tox|[msg]
|move|p1a: Registeel|Toxic|p2a: Togekiss|[miss]
|-miss|p1a: Registeel|p2a: Togekiss
|
|-heal|p1a: Registeel|52/100 brn|[from] item: Leftovers
|-damage|p1a: Registeel|46/100 brn|[from] brn
|upkeep
|turn|32
|
|t:|1615040811
|switch|p2a: Registeel|Registeel|88/100
|-damage|p2a: Registeel|82/100|[from] Stealth Rock
|move|p1a: Registeel|Toxic|p2a: Registeel
|-immune|p2a: Registeel
|
|-heal|p1a: Registeel|52/100 brn|[from] item: Leftovers
|-heal|p2a: Registeel|88/100|[from] item: Leftovers
|-damage|p1a: Registeel|46/100 brn|[from] brn
|upkeep
|turn|33
|
|t:|1615040814
|switch|p1a: Umbreon|Umbreon, F, shiny|100/100 par
|-damage|p1a: Umbreon|88/100 par|[from] Stealth Rock
|move|p2a: Registeel|Seismic Toss|p1a: Umbreon
|-damage|p1a: Umbreon|63/100 par
|
|-heal|p2a: Registeel|94/100|[from] item: Leftovers
|-heal|p1a: Umbreon|69/100 par|[from] item: Leftovers
|upkeep
|turn|34
|
|t:|1615040820
|switch|p2a: Togekiss|Togekiss, F|67/100
|move|p1a: Umbreon|Heal Bell|p1a: Umbreon
|-activate|p1a: Umbreon|move: Heal Bell
|-curestatus|p1a: Umbreon|par|[msg]
|-curestatus|p1: Registeel|brn|[msg]
|
|-heal|p1a: Umbreon|75/100|[from] item: Leftovers
|upkeep
|turn|35
|
|t:|1615040826
|move|p2a: Togekiss|Roost|p2a: Togekiss
|-heal|p2a: Togekiss|100/100
|-singleturn|p2a: Togekiss|move: Roost
|move|p1a: Umbreon|Wish|p1a: Umbreon
|
|-heal|p1a: Umbreon|81/100|[from] item: Leftovers
|upkeep
|turn|36
|
|t:|1615040831
|switch|p2a: Gastrodon|Gastrodon, M|58/100
|switch|p1a: Registeel|Registeel|46/100
|-damage|p1a: Registeel|40/100|[from] Stealth Rock
|
|-heal|p1a: Registeel|94/100|[from] move: Wish|[wisher] Umbreon
|-heal|p1a: Registeel|99/100|[from] item: Leftovers
|upkeep
|turn|37
|
|t:|1615040836
|move|p1a: Registeel|Toxic|p2a: Gastrodon
|-status|p2a: Gastrodon|tox
|move|p2a: Gastrodon|Recover|p2a: Gastrodon
|-heal|p2a: Gastrodon|100/100 tox
|
|-heal|p1a: Registeel|100/100|[from] item: Leftovers
|-damage|p2a: Gastrodon|94/100 tox|[from] psn
|upkeep
|turn|38
|
|t:|1615040841
|switch|p2a: Registeel|Registeel|94/100
|-damage|p2a: Registeel|88/100|[from] Stealth Rock
|move|p1a: Registeel|Heavy Slam|p2a: Registeel
|-resisted|p2a: Registeel
|-damage|p2a: Registeel|85/100
|
|-heal|p2a: Registeel|91/100|[from] item: Leftovers
|upkeep
|turn|39
|
|t:|1615040845
|move|p1a: Registeel|Seismic Toss|p2a: Registeel
|-damage|p2a: Registeel|64/100
|move|p2a: Registeel|Seismic Toss|p1a: Registeel
|-damage|p1a: Registeel|73/100
|
|-heal|p1a: Registeel|79/100|[from] item: Leftovers
|-heal|p2a: Registeel|70/100|[from] item: Leftovers
|upkeep
|turn|40
|
|t:|1615040850
|switch|p2a: Chandelure|Chandelure, F|94/100
|move|p1a: Registeel|Seismic Toss|p2a: Chandelure
|-immune|p2a: Chandelure
|
|-heal|p1a: Registeel|85/100|[from] item: Leftovers
|upkeep
|turn|41
|
|t:|1615040853
|move|p2a: Chandelure|Flamethrower|p1a: Registeel
|-supereffective|p1a: Registeel
|-damage|p1a: Registeel|31/100
|move|p1a: Registeel|Toxic|p2a: Chandelure
|-status|p2a: Chandelure|tox
|
|-heal|p1a: Registeel|37/100|[from] item: Leftovers
|-damage|p2a: Chandelure|88/100 tox|[from] psn
|upkeep
|turn|42
|
|t:|1615040859
|switch|p2a: Togekiss|Togekiss, F|100/100
|move|p1a: Registeel|Heavy Slam|p2a: Togekiss
|-supereffective|p2a: Togekiss
|-damage|p2a: Togekiss|45/100
|
|-heal|p1a: Registeel|43/100|[from] item: Leftovers
|upkeep
|turn|43
|
|t:|1615040866
|switch|p2a: Chandelure|Chandelure, F|88/100 tox
|move|p1a: Registeel|Heavy Slam|p2a: Chandelure
|-resisted|p2a: Chandelure
|-damage|p2a: Chandelure|63/100 tox
|
|-heal|p1a: Registeel|49/100|[from] item: Leftovers
|-damage|p2a: Chandelure|57/100 tox|[from] psn
|upkeep
|turn|44
|
|t:|1615040870
|switch|p1a: Umbreon|Umbreon, F, shiny|81/100
|-damage|p1a: Umbreon|69/100|[from] Stealth Rock
|move|p2a: Chandelure|Flamethrower||[still]
|-damage|p1a: Umbreon|34/100
|-status|p1a: Umbreon|brn
|-activate|p1a: Umbreon|ability: Synchronize
|-fail|p1a: Umbreon
|
|-heal|p1a: Umbreon|40/100 brn|[from] item: Leftovers
|-damage|p2a: Chandelure|45/100 tox|[from] psn
|-damage|p1a: Umbreon|34/100 brn|[from] brn
|upkeep
|turn|45
|
|t:|1615040880
|switch|p1a: Registeel|Registeel|49/100
|-damage|p1a: Registeel|43/100|[from] Stealth Rock
|move|p2a: Chandelure|Flamethrower|p1a: Registeel
|-supereffective|p1a: Registeel
|-damage|p1a: Registeel|0 fnt
|faint|p1a: Registeel
|
|-damage|p2a: Chandelure|26/100 tox|[from] psn
|upkeep
|
|t:|1615040887
|switch|p1a: Decidueye|Decidueye, M, shiny|94/100
|-damage|p1a: Decidueye|82/100|[from] Stealth Rock
|turn|46
|
|t:|1615040892
|switch|p2a: Zarude|Zarude|87/100
|move|p1a: Decidueye|Brave Bird|p2a: Zarude
|-supereffective|p2a: Zarude
|-damage|p2a: Zarude|18/100
|-damage|p1a: Decidueye|59/100|[from] Recoil
|
|-heal|p1a: Decidueye|65/100|[from] item: Leftovers
|upkeep
|turn|47
|
|t:|1615040907
|switch|p1a: Umbreon|Umbreon, F, shiny|34/100 brn
|-damage|p1a: Umbreon|22/100 brn|[from] Stealth Rock
|move|p2a: Zarude|Darkest Lariat|p1a: Umbreon
|-resisted|p1a: Umbreon
|-damage|p1a: Umbreon|9/100 brn
|
|-heal|p1a: Umbreon|15/100 brn|[from] item: Leftovers
|-damage|p1a: Umbreon|9/100 brn|[from] brn
|upkeep
|turn|48
|
|t:|1615040913
|move|p2a: Zarude|Darkest Lariat|p1a: Umbreon
|-resisted|p1a: Umbreon
|-damage|p1a: Umbreon|0 fnt
|faint|p1a: Umbreon
|
|upkeep
|
|t:|1615040916
|switch|p1a: Regidrago|Regidrago|100/100
|-damage|p1a: Regidrago|88/100|[from] Stealth Rock
|turn|49
|
|t:|1615040926
|move|p2a: Zarude|Darkest Lariat|p1a: Regidrago
|-damage|p1a: Regidrago|45/100
|move|p1a: Regidrago|Fire Fang|p2a: Zarude
|-supereffective|p2a: Zarude
|-damage|p2a: Zarude|0 fnt
|faint|p2a: Zarude
|
|upkeep
|
|t:|1615040941
|switch|p2a: Gastrodon|Gastrodon, M|94/100 tox
|turn|50
|
|t:|1615040947
|move|p1a: Regidrago|Fire Fang|p2a: Gastrodon
|-resisted|p2a: Gastrodon
|-damage|p2a: Gastrodon|83/100 tox
|move|p2a: Gastrodon|Toxic|p1a: Regidrago
|-status|p1a: Regidrago|tox
|
|-damage|p1a: Regidrago|39/100 tox|[from] psn
|-damage|p2a: Gastrodon|77/100 tox|[from] psn
|upkeep
|turn|51
|
|t:|1615040951
|move|p1a: Regidrago|Fire Fang|p2a: Gastrodon
|-resisted|p2a: Gastrodon
|-damage|p2a: Gastrodon|66/100 tox
|move|p2a: Gastrodon|Earth Power|p1a: Regidrago
|-damage|p1a: Regidrago|9/100 tox
|-unboost|p1a: Regidrago|spd|1
|
|-damage|p1a: Regidrago|0 fnt|[from] psn
|faint|p1a: Regidrago
|-damage|p2a: Gastrodon|54/100 tox|[from] psn
|upkeep
|
|t:|1615040954
|switch|p1a: Decidueye|Decidueye, M, shiny|65/100
|-damage|p1a: Decidueye|53/100|[from] Stealth Rock
|turn|52
|
|t:|1615040962
|move|p1a: Decidueye|Swords Dance|p1a: Decidueye
|-boost|p1a: Decidueye|atk|2
|move|p2a: Gastrodon|Toxic|p1a: Decidueye
|-status|p1a: Decidueye|tox
|
|-heal|p1a: Decidueye|59/100 tox|[from] item: Leftovers
|-damage|p1a: Decidueye|53/100 tox|[from] psn
|-damage|p2a: Gastrodon|35/100 tox|[from] psn
|upkeep
|turn|53
|
|t:|1615040967
|move|p1a: Decidueye|Leaf Blade|p2a: Gastrodon
|-supereffective|p2a: Gastrodon
|-damage|p2a: Gastrodon|0 fnt
|faint|p2a: Gastrodon
|
|-heal|p1a: Decidueye|59/100 tox|[from] item: Leftovers
|-damage|p1a: Decidueye|47/100 tox|[from] psn
|upkeep
|
|t:|1615040970
|switch|p2a: Raikou|Raikou|100/100
|-ability|p2a: Raikou|Pressure
|turn|54
|
|t:|1615040975
|move|p2a: Raikou|Volt Switch|p1a: Decidueye
|-resisted|p1a: Decidueye
|-damage|p1a: Decidueye|30/100 tox
|
|t:|1615040984
|switch|p2a: Registeel|Registeel|70/100|[from]move: Volt Switch
|-damage|p2a: Registeel|64/100|[from] Stealth Rock
|move|p1a: Decidueye|Leaf Blade|p2a: Registeel
|-resisted|p2a: Registeel
|-damage|p2a: Registeel|18/100
|
|-heal|p1a: Decidueye|37/100 tox|[from] item: Leftovers
|-heal|p2a: Registeel|24/100|[from] item: Leftovers
|-damage|p1a: Decidueye|18/100 tox|[from] psn
|upkeep
|turn|55
|
|t:|1615040990
|move|p1a: Decidueye|Leaf Blade|p2a: Registeel
|-resisted|p2a: Registeel
|-damage|p2a: Registeel|0 fnt
|faint|p2a: Registeel
|
|-heal|p1a: Decidueye|24/100 tox|[from] item: Leftovers
|-damage|p1a: Decidueye|0 fnt|[from] psn
|faint|p1a: Decidueye
|
|win|ruz9 locked up
|upkeep
|c|☆ruz9 locked up|gg
|raw|Xeyaqusinzohwl's rating: 1416 &rarr; <strong>1400</strong><br />(-16 for losing)
|raw|ruz9 locked up's rating: 1490 &rarr; <strong>1506</strong><br />(+16 for winning)
