|j|☆Yves Stone
|j|☆ILoveVileplume
|inactive|Battle timer is ON: inactive players will automatically lose when time's up.
|t:|1607528257
|player|p1|Yves Stone|steven|
|player|p2|ILoveVileplume|aromalady|
|teamsize|p1|6
|teamsize|p2|6
|gametype|singles
|gen|8
|tier|[Gen 8] RU
|rated|Tournament battle
|clearpoke
|poke|p1|Galvantula, M|
|poke|p1|Zarude|
|poke|p1|Copperajah, F|
|poke|p1|Mantine, M|
|poke|p1|Diggersby, F|
|poke|p1|Weezing-Galar, F|
|poke|p2|Zarude|
|poke|p2|Raikou|
|poke|p2|Metagross|
|poke|p2|Suicune|
|poke|p2|Togekiss, M|
|poke|p2|Diggersby, F|
|rule|Sleep Clause Mod: Limit one foe put to sleep
|rule|Species Clause: Limit one of each Pokémon
|rule|OHKO Clause: OHKO moves are banned
|rule|Evasion Moves Clause: Evasion moves are banned
|rule|Endless Battle Clause: Forcing endless battles is banned
|rule|HP Percentage Mod: HP is shown in percentages
|rule|Dynamax Clause: You cannot dynamax
|teampreview
|j| Fero Guava
|c|☆Yves Stone|hf
|inactive|Yves Stone has 120 seconds left.
|inactive|ILoveVileplume has 120 seconds left.
|
|t:|1607528308
|start
|switch|p1a: Galvantula|Galvantula, M|100/100
|switch|p2a: Diggersby|Diggersby, F|100/100
|turn|1
|
|t:|1607528322
|move|p2a: Diggersby|U-turn|p1a: Galvantula
|-damage|p1a: Galvantula|49/100
|
|t:|1607528324
|switch|p2a: Metagross|Metagross|100/100|[from]move: U-turn
|move|p1a: Galvantula|Sticky Web|p2a: Metagross
|-sidestart|p2: ILoveVileplume|move: Sticky Web
|
|upkeep
|turn|2
|
|t:|1607528337
|move|p1a: Galvantula|Thunder|p2a: Metagross
|-damage|p2a: Metagross|47/100
|move|p2a: Metagross|Stealth Rock|p1a: Galvantula
|-sidestart|p1: Yves Stone|move: Stealth Rock
|
|-heal|p2a: Metagross|53/100|[from] item: Leftovers
|upkeep
|turn|3
|
|t:|1607528349
|switch|p2a: Diggersby|Diggersby, F|100/100
|-activate|p2a: Diggersby|move: Sticky Web
|-unboost|p2a: Diggersby|spe|1
|move|p1a: Galvantula|Thunder|p2a: Diggersby
|-immune|p2a: Diggersby
|
|upkeep
|turn|4
|
|t:|1607528366
|switch|p1a: Weezing|Weezing-Galar, F|100/100
|-damage|p1a: Weezing|88/100|[from] Stealth Rock
|move|p2a: Diggersby|U-turn|p1a: Weezing
|-resisted|p1a: Weezing
|-damage|p1a: Weezing|82/100
|l| Fero Guava
|inactive|ILoveVileplume has 120 seconds left.
|
|t:|1607528397
|switch|p2a: Suicune|Suicune|100/100|[from]move: U-turn
|-activate|p2a: Suicune|move: Sticky Web
|-unboost|p2a: Suicune|spe|1
|-ability|p2a: Suicune|Pressure
|
|-heal|p1a: Weezing|88/100|[from] item: Black Sludge
|upkeep
|turn|5
|
|t:|1607528405
|move|p2a: Suicune|Substitute|p2a: Suicune
|-start|p2a: Suicune|Substitute
|-damage|p2a: Suicune|75/100
|move|p1a: Weezing|Sludge Bomb|p2a: Suicune
|-end|p2a: Suicune|Substitute
|
|-heal|p2a: Suicune|82/100|[from] item: Leftovers
|-heal|p1a: Weezing|95/100|[from] item: Black Sludge
|upkeep
|turn|6
|
|t:|1607528417
|move|p2a: Suicune|Protect|p2a: Suicune
|-singleturn|p2a: Suicune|Protect
|move|p1a: Weezing|Sludge Bomb|p2a: Suicune
|-activate|p2a: Suicune|move: Protect
|
|-heal|p2a: Suicune|88/100|[from] item: Leftovers
|-heal|p1a: Weezing|100/100|[from] item: Black Sludge
|upkeep
|turn|7
|
|t:|1607528426
|move|p2a: Suicune|Substitute|p2a: Suicune
|-start|p2a: Suicune|Substitute
|-damage|p2a: Suicune|63/100
|move|p1a: Weezing|Sludge Bomb|p2a: Suicune
|-end|p2a: Suicune|Substitute
|
|-heal|p2a: Suicune|69/100|[from] item: Leftovers
|upkeep
|turn|8
|
|t:|1607528433
|move|p2a: Suicune|Scald|p1a: Weezing
|-crit|p1a: Weezing
|-damage|p1a: Weezing|49/100
|move|p1a: Weezing|Sludge Bomb|p2a: Suicune
|-damage|p2a: Suicune|40/100
|
|-heal|p2a: Suicune|46/100|[from] item: Leftovers
|-heal|p1a: Weezing|55/100|[from] item: Black Sludge
|upkeep
|turn|9
|
|t:|1607528443
|move|p2a: Suicune|Protect|p2a: Suicune
|-singleturn|p2a: Suicune|Protect
|move|p1a: Weezing|Toxic Spikes|p2a: Suicune
|-sidestart|p2: ILoveVileplume|move: Toxic Spikes
|
|-heal|p2a: Suicune|52/100|[from] item: Leftovers
|-heal|p1a: Weezing|61/100|[from] item: Black Sludge
|upkeep
|turn|10
|inactive|Yves Stone has 120 seconds left.
|
|t:|1607528479
|move|p2a: Suicune|Calm Mind|p2a: Suicune
|-boost|p2a: Suicune|spa|1
|-boost|p2a: Suicune|spd|1
|move|p1a: Weezing|Sludge Bomb|p2a: Suicune
|-damage|p2a: Suicune|34/100
|-status|p2a: Suicune|psn
|
|-heal|p2a: Suicune|40/100 psn|[from] item: Leftovers
|-heal|p1a: Weezing|67/100|[from] item: Black Sludge
|-damage|p2a: Suicune|27/100 psn|[from] psn
|upkeep
|turn|11
|inactive|Yves Stone has 120 seconds left.
|
|t:|1607528495
|switch|p1a: Mantine|Mantine, M|100/100
|move|p2a: Suicune|Scald|p1a: Mantine
|-immune|p1a: Mantine|[from] ability: Water Absorb
|
|-heal|p2a: Suicune|34/100 psn|[from] item: Leftovers
|-damage|p2a: Suicune|21/100 psn|[from] psn
|upkeep
|turn|12
|
|t:|1607528524
|switch|p2a: Togekiss|Togekiss, M|100/100
|move|p1a: Mantine|Toxic|p2a: Togekiss
|-status|p2a: Togekiss|tox
|
|-damage|p2a: Togekiss|94/100 tox|[from] psn
|upkeep
|turn|13
|inactive|Yves Stone has 90 seconds left.
|
|t:|1607528553
|move|p2a: Togekiss|Defog|p1a: Mantine
|-unboost|p1a: Mantine|evasion|1
|-sideend|p1: Yves Stone|Stealth Rock|[from] move: Defog|[of] p2a: Togekiss
|-sideend|p2: ILoveVileplume|Toxic Spikes|[from] move: Defog|[of] p2a: Togekiss
|-sideend|p2: ILoveVileplume|Sticky Web|[from] move: Defog|[of] p2a: Togekiss
|move|p1a: Mantine|Scald|p2a: Togekiss
|-damage|p2a: Togekiss|75/100 tox
|
|-damage|p2a: Togekiss|62/100 tox|[from] psn
|upkeep
|turn|14
|inactive|Yves Stone has 60 seconds left.
|
|t:|1607528594
|switch|p2a: Raikou|Raikou|100/100
|-ability|p2a: Raikou|Pressure
|switch|p1a: Diggersby|Diggersby, F|100/100
|
|upkeep
|turn|15
|
|t:|1607528609
|switch|p2a: Zarude|Zarude|100/100
|move|p1a: Diggersby|Body Slam|p2a: Zarude
|-damage|p2a: Zarude|21/100
|
|upkeep
|turn|16
|
|t:|1607528643
|switch|p1a: Weezing|Weezing-Galar, F|67/100
|move|p2a: Zarude|U-turn|p1a: Weezing
|-resisted|p1a: Weezing
|-damage|p1a: Weezing|62/100
|
|t:|1607528651
|switch|p2a: Metagross|Metagross|53/100|[from]move: U-turn
|
|-heal|p2a: Metagross|60/100|[from] item: Leftovers
|-heal|p1a: Weezing|68/100|[from] item: Black Sludge
|upkeep
|turn|17
|
|t:|1607528658
|move|p2a: Metagross|Stealth Rock|p1a: Weezing
|-sidestart|p1: Yves Stone|move: Stealth Rock
|move|p1a: Weezing|Fire Blast|p2a: Metagross
|-supereffective|p2a: Metagross
|-damage|p2a: Metagross|0 fnt
|faint|p2a: Metagross
|
|-heal|p1a: Weezing|75/100|[from] item: Black Sludge
|upkeep
|
|t:|1607528667
|switch|p2a: Raikou|Raikou|100/100
|-ability|p2a: Raikou|Pressure
|turn|18
|
|t:|1607528672
|move|p2a: Raikou|Thunderbolt|p1a: Weezing
|-crit|p1a: Weezing
|-damage|p1a: Weezing|0 fnt
|faint|p1a: Weezing
|
|upkeep
|inactive|Yves Stone has 60 seconds left.
|
|t:|1607528690
|switch|p1a: Zarude|Zarude|100/100
|-damage|p1a: Zarude|88/100|[from] Stealth Rock
|turn|19
|inactive|Yves Stone has 60 seconds left.
|
|t:|1607528704
|switch|p2a: Suicune|Suicune|21/100 psn
|-ability|p2a: Suicune|Pressure
|move|p1a: Zarude|Power Whip|p2a: Suicune|[miss]
|-miss|p1a: Zarude|p2a: Suicune
|
|-heal|p2a: Suicune|27/100 psn|[from] item: Leftovers
|-damage|p2a: Suicune|15/100 psn|[from] psn
|upkeep
|turn|20
|inactive|Yves Stone has 60 seconds left.
|
|t:|1607528716
|move|p1a: Zarude|Power Whip|p2a: Suicune
|-supereffective|p2a: Suicune
|-damage|p2a: Suicune|0 fnt
|faint|p2a: Suicune
|
|upkeep
|
|t:|1607528722
|switch|p2a: Togekiss|Togekiss, M|62/100 tox
|turn|21
|j| Fero Guava
|
|t:|1607528737
|switch|p1a: Mantine|Mantine, M|100/100
|switch|p2a: Raikou|Raikou|100/100
|-ability|p2a: Raikou|Pressure
|
|upkeep
|turn|22
|l| Fero Guava
|inactive|Yves Stone has 60 seconds left.
|
|t:|1607528760
|switch|p1a: Copperajah|Copperajah, F|100/100
|-damage|p1a: Copperajah|94/100|[from] Stealth Rock
|move|p2a: Raikou|Volt Switch|p1a: Copperajah
|-damage|p1a: Copperajah|71/100
|
|t:|1607528767
|switch|p2a: Diggersby|Diggersby, F|100/100|[from]move: Volt Switch
|
|-heal|p1a: Copperajah|77/100|[from] item: Leftovers
|upkeep
|turn|23
|
|t:|1607528773
|move|p2a: Diggersby|Earthquake|p1a: Copperajah
|-supereffective|p1a: Copperajah
|-damage|p1a: Copperajah|0 fnt
|faint|p1a: Copperajah
|
|upkeep
|
|t:|1607528777
|switch|p1a: Zarude|Zarude|88/100
|-damage|p1a: Zarude|76/100|[from] Stealth Rock
|turn|24
|j| Malkobaran
|inactive|ILoveVileplume has 120 seconds left.
|
|t:|1607528822
|switch|p2a: Zarude|Zarude|21/100
|move|p1a: Zarude|U-turn|p2a: Zarude
|-supereffective|p2a: Zarude
|-damage|p2a: Zarude|0 fnt
|faint|p2a: Zarude
|l| Malkobaran
|
|t:|1607528847
|switch|p1a: Mantine|Mantine, M|100/100|[from]move: U-turn
|
|upkeep
|
|t:|1607528853
|switch|p2a: Raikou|Raikou|100/100
|-ability|p2a: Raikou|Pressure
|turn|25
|inactive|Yves Stone has 60 seconds left.
|inactive|ILoveVileplume has 90 seconds left.
|
|t:|1607528901
|switch|p1a: Zarude|Zarude|76/100
|-damage|p1a: Zarude|64/100|[from] Stealth Rock
|move|p2a: Raikou|Aura Sphere|p1a: Zarude
|-supereffective|p1a: Zarude
|-damage|p1a: Zarude|11/100
|
|upkeep
|turn|26
|inactive|Yves Stone has 60 seconds left.
|inactive|ILoveVileplume has 90 seconds left.
|
|t:|1607528919
|switch|p2a: Togekiss|Togekiss, M|62/100 tox
|switch|p1a: Mantine|Mantine, M|100/100
|
|-damage|p2a: Togekiss|56/100 tox|[from] psn
|upkeep
|turn|27
|inactive|Yves Stone has 60 seconds left.
|inactive|ILoveVileplume has 90 seconds left.
|
|t:|1607528939
|move|p2a: Togekiss|Roost|p2a: Togekiss
|-heal|p2a: Togekiss|100/100 tox
|-singleturn|p2a: Togekiss|move: Roost
|move|p1a: Mantine|Defog|p2a: Togekiss
|-unboost|p2a: Togekiss|evasion|1
|-sideend|p1: Yves Stone|Stealth Rock|[from] move: Defog|[of] p1a: Mantine
|
|-damage|p2a: Togekiss|88/100 tox|[from] psn
|upkeep
|turn|28
|inactive|ILoveVileplume has 90 seconds left.
|
|t:|1607528949
|move|p2a: Togekiss|Air Slash|p1a: Mantine
|-damage|p1a: Mantine|79/100
|cant|p1a: Mantine|flinch
|
|-damage|p2a: Togekiss|70/100 tox|[from] psn
|upkeep
|turn|29
|
|t:|1607528954
|switch|p2a: Raikou|Raikou|100/100
|-ability|p2a: Raikou|Pressure
|move|p1a: Mantine|Roost|p1a: Mantine
|-heal|p1a: Mantine|100/100
|-singleturn|p1a: Mantine|move: Roost
|
|upkeep
|turn|30
|inactive|Yves Stone has 60 seconds left.
|inactive|ILoveVileplume has 90 seconds left.
|
|t:|1607528995
|switch|p1a: Zarude|Zarude|11/100
|move|p2a: Raikou|Aura Sphere|p1a: Zarude
|-supereffective|p1a: Zarude
|-damage|p1a: Zarude|0 fnt
|faint|p1a: Zarude
|
|upkeep
|
|t:|1607529004
|switch|p1a: Galvantula|Galvantula, M|49/100
|turn|31
|inactive|ILoveVileplume has 60 seconds left.
|
|t:|1607529028
|move|p2a: Raikou|Scald|p1a: Galvantula
|-damage|p1a: Galvantula|0 fnt
|faint|p1a: Galvantula
|
|upkeep
|
|t:|1607529037
|switch|p1a: Diggersby|Diggersby, F|100/100
|turn|32
|
|t:|1607529048
|switch|p2a: Togekiss|Togekiss, M|70/100 tox
|move|p1a: Diggersby|Quick Attack|p2a: Togekiss
|-damage|p2a: Togekiss|38/100 tox
|
|-damage|p2a: Togekiss|32/100 tox|[from] psn
|upkeep
|turn|33
|
|t:|1607529054
|move|p1a: Diggersby|Quick Attack|p2a: Togekiss
|-damage|p2a: Togekiss|0 fnt
|faint|p2a: Togekiss
|
|upkeep
|j| uidguwdd
|inactive|ILoveVileplume has 60 seconds left.
|l| uidguwdd
|
|t:|1607529076
|switch|p2a: Diggersby|Diggersby, F|100/100
|turn|34
|
|t:|1607529084
|switch|p1a: Mantine|Mantine, M|100/100
|move|p2a: Diggersby|Body Slam|p1a: Mantine
|-damage|p1a: Mantine|58/100
|
|upkeep
|turn|35
|inactive|ILoveVileplume has 60 seconds left.
|inactive|Yves Stone has 60 seconds left.
|inactive|ILoveVileplume has 30 seconds left.
|
|t:|1607529132
|switch|p1a: Diggersby|Diggersby, F|100/100
|move|p2a: Diggersby|Body Slam|p1a: Diggersby
|-damage|p1a: Diggersby|24/100
|
|upkeep
|turn|36
|
|t:|1607529142
|move|p1a: Diggersby|Quick Attack|p2a: Diggersby
|-damage|p2a: Diggersby|49/100
|move|p2a: Diggersby|Body Slam|p1a: Diggersby
|-damage|p1a: Diggersby|0 fnt
|faint|p1a: Diggersby
|
|upkeep
|
|t:|1607529148
|switch|p1a: Mantine|Mantine, M|58/100
|turn|37
|
|t:|1607529152
|move|p2a: Diggersby|Body Slam|p1a: Mantine
|-damage|p1a: Mantine|11/100
|move|p1a: Mantine|Roost|p1a: Mantine
|-heal|p1a: Mantine|61/100
|-singleturn|p1a: Mantine|move: Roost
|
|upkeep
|turn|38
|
|t:|1607529155
|move|p2a: Diggersby|Body Slam|p1a: Mantine
|-damage|p1a: Mantine|18/100
|move|p1a: Mantine|Roost|p1a: Mantine
|-heal|p1a: Mantine|68/100
|-singleturn|p1a: Mantine|move: Roost
|
|upkeep
|turn|39
|
|t:|1607529158
|move|p2a: Diggersby|Body Slam|p1a: Mantine
|-damage|p1a: Mantine|25/100
|move|p1a: Mantine|Roost|p1a: Mantine
|-heal|p1a: Mantine|76/100
|-singleturn|p1a: Mantine|move: Roost
|
|upkeep
|turn|40
|
|t:|1607529161
|move|p2a: Diggersby|Body Slam|p1a: Mantine
|-damage|p1a: Mantine|31/100
|move|p1a: Mantine|Roost|p1a: Mantine
|-heal|p1a: Mantine|81/100
|-singleturn|p1a: Mantine|move: Roost
|
|upkeep
|turn|41
|
|t:|1607529164
|move|p2a: Diggersby|Body Slam|p1a: Mantine
|-damage|p1a: Mantine|35/100
|move|p1a: Mantine|Roost|p1a: Mantine
|-heal|p1a: Mantine|85/100
|-singleturn|p1a: Mantine|move: Roost
|
|upkeep
|turn|42
|
|t:|1607529172
|move|p2a: Diggersby|Body Slam|p1a: Mantine
|-damage|p1a: Mantine|43/100
|move|p1a: Mantine|Scald|p2a: Diggersby
|-supereffective|p2a: Diggersby
|-damage|p2a: Diggersby|0 fnt
|faint|p2a: Diggersby
|
|upkeep
|
|t:|1607529174
|switch|p2a: Raikou|Raikou|100/100
|-ability|p2a: Raikou|Pressure
|turn|43
|
|t:|1607529177
|move|p2a: Raikou|Thunderbolt|p1a: Mantine
|-supereffective|p1a: Mantine
|-damage|p1a: Mantine|0 fnt
|faint|p1a: Mantine
|
|win|ILoveVileplume
|n|☆Yves Stone|yvesstone
|n|☆ILoveVileplume|ilovevileplume
|c|☆Yves Stone|gg
