|j|☆Newtoyzzz
|j|☆Splashinganteater
|t:|1608929916
|player|p1|Newtoyzzz|169|1271
|player|p2|Splashinganteater|palmer|1287
|teamsize|p1|6
|teamsize|p2|6
|gametype|singles
|gen|8
|tier|[Gen 8] RU
|rated|
|clearpoke
|poke|p1|Marowak-Alola, F|
|poke|p1|Stakataka|
|poke|p1|Porygon2|
|poke|p1|Cresselia, F|
|poke|p1|Regidrago|
|poke|p1|Glastrier|
|poke|p2|Entei|
|poke|p2|Zarude|
|poke|p2|Drampa, M|
|poke|p2|Cobalion|
|poke|p2|Chandelure, M|
|poke|p2|Blastoise, M|
|rule|Sleep Clause Mod: Limit one foe put to sleep
|rule|Species Clause: Limit one of each Pokémon
|rule|OHKO Clause: OHKO moves are banned
|rule|Evasion Moves Clause: Evasion moves are banned
|rule|Endless Battle Clause: Forcing endless battles is banned
|rule|HP Percentage Mod: HP is shown in percentages
|rule|Dynamax Clause: You cannot dynamax
|teampreview
|
|t:|1608929943
|start
|switch|p1a: maxataka|Stakataka|100/100
|switch|p2a: Chandelure|Chandelure, M, shiny|100/100
|turn|1
|
|t:|1608929953
|switch|p1a: robber ducky|Porygon2, shiny|100/100
|move|p2a: Chandelure|Trick|p1a: robber ducky
|-activate|p2a: Chandelure|move: Trick|[of] p1a: robber ducky
|-item|p1a: robber ducky|Choice Specs|[from] move: Trick
|-item|p2a: Chandelure|Eviolite|[from] move: Trick
|
|upkeep
|turn|2
|
|t:|1608929963
|move|p2a: Chandelure|Fire Blast|p1a: robber ducky
|-damage|p1a: robber ducky|57/100
|move|p1a: robber ducky|Trick Room|p1a: robber ducky
|-fieldstart|move: Trick Room|[of] p1a: robber ducky
|
|upkeep
|turn|3
|c|☆Newtoyzzz|o nice
|
|t:|1608929978
|switch|p1a: scarf eruption|Regidrago|100/100
|move|p2a: Chandelure|Trick|p1a: scarf eruption
|-activate|p2a: Chandelure|move: Trick|[of] p1a: scarf eruption
|-item|p1a: scarf eruption|Eviolite|[from] move: Trick
|-item|p2a: Chandelure|Choice Specs|[from] move: Trick
|
|upkeep
|turn|4
|c|☆Splashinganteater|Tricks fun
|
|t:|1608930015
|switch|p2a: Cobalion|Cobalion|100/100
|move|p1a: scarf eruption|Dragon Energy|p2a: Cobalion
|-resisted|p2a: Cobalion
|-damage|p2a: Cobalion|28/100
|
|upkeep
|turn|5
|
|t:|1608930028
|move|p1a: scarf eruption|Dragon Energy|p2a: Cobalion
|-resisted|p2a: Cobalion
|-damage|p2a: Cobalion|0 fnt
|faint|p2a: Cobalion
|
|upkeep
|
|t:|1608930041
|switch|p2a: Entei|Entei, shiny|100/100
|turn|6
|inactive|Battle timer is ON: inactive players will automatically lose when time's up. (requested by Splashinganteater)
|
|t:|1608930097
|move|p2a: Entei|Extreme Speed|p1a: scarf eruption
|-damage|p1a: scarf eruption|64/100
|move|p1a: scarf eruption|Draco Meteor|p2a: Entei
|-damage|p2a: Entei|0 fnt
|-unboost|p1a: scarf eruption|spa|2
|faint|p2a: Entei
|
|-fieldend|move: Trick Room
|upkeep
|
|t:|1608930111
|switch|p2a: Chandelure|Chandelure, M, shiny|100/100
|turn|7
|
|t:|1608930124
|switch|p1a: robber ducky|Porygon2, shiny|57/100
|move|p2a: Chandelure|Shadow Ball|p1a: robber ducky
|-immune|p1a: robber ducky
|
|upkeep
|turn|8
|
|t:|1608930147
|switch|p2a: Drampa|Drampa, M|100/100
|move|p1a: robber ducky|Trick Room|p1a: robber ducky
|-fieldstart|move: Trick Room|[of] p1a: robber ducky
|
|upkeep
|turn|9
|
|t:|1608930160
|switch|p1a: maxataka|Stakataka|100/100
|move|p2a: Drampa|Flamethrower|p1a: maxataka
|-damage|p1a: maxataka|71/100
|
|upkeep
|turn|10
|
|t:|1608930165
|switch|p2a: Blastoise|Blastoise, M|100/100
|move|p1a: maxataka|Body Press|p2a: Blastoise
|-damage|p2a: Blastoise|78/100
|
|upkeep
|turn|11
|
|t:|1608930180
|switch|p1a: scarf eruption|Regidrago|64/100
|move|p2a: Blastoise|Scald|p1a: scarf eruption
|-resisted|p1a: scarf eruption
|-damage|p1a: scarf eruption|54/100
|
|upkeep
|turn|12
|j| coronal
|j|+EonX
|inactive|Splashinganteater has 120 seconds left.
|
|t:|1608930206
|switch|p2a: Chandelure|Chandelure, M, shiny|100/100
|move|p1a: scarf eruption|Dragon Pulse|p2a: Chandelure
|-crit|p2a: Chandelure
|-damage|p2a: Chandelure|0 fnt
|faint|p2a: Chandelure
|
|-fieldend|move: Trick Room
|upkeep
|inactive|Splashinganteater has 120 seconds left.
|
|t:|1608930215
|switch|p2a: Zarude|Zarude|100/100
|turn|13
|
|t:|1608930233
|move|p2a: Zarude|Darkest Lariat|p1a: scarf eruption
|-damage|p1a: scarf eruption|19/100
|move|p1a: scarf eruption|Dragon Pulse|p2a: Zarude
|-damage|p2a: Zarude|35/100
|
|-heal|p2a: Zarude|41/100|[from] item: Leftovers
|upkeep
|turn|14
|
|t:|1608930241
|switch|p1a: robber ducky|Porygon2, shiny|57/100
|move|p2a: Zarude|Darkest Lariat|p1a: robber ducky
|-damage|p1a: robber ducky|15/100
|
|-heal|p2a: Zarude|47/100|[from] item: Leftovers
|upkeep
|turn|15
|l| coronal
|inactive|Splashinganteater has 120 seconds left.
|
|t:|1608930289
|move|p2a: Zarude|Darkest Lariat|p1a: robber ducky
|-damage|p1a: robber ducky|0 fnt
|faint|p1a: robber ducky
|
|-heal|p2a: Zarude|53/100|[from] item: Leftovers
|upkeep
|inactive|Newtoyzzz has 120 seconds left.
|
|t:|1608930323
|switch|p1a: maxataka|Stakataka|71/100
|turn|16
|
|t:|1608930332
|switch|p2a: Blastoise|Blastoise, M|78/100
|move|p1a: maxataka|Stone Edge|p2a: Blastoise|[miss]
|-miss|p1a: maxataka|p2a: Blastoise
|
|upkeep
|turn|17
|inactive|Splashinganteater has 120 seconds left.
|
|t:|1608930351
|switch|p1a: moto moto|Cresselia, F, shiny|100/100
|move|p2a: Blastoise|Scald|p1a: moto moto
|-damage|p1a: moto moto|85/100
|
|upkeep
|turn|18
|
|t:|1608930374
|move|p2a: Blastoise|Toxic|p1a: moto moto
|-status|p1a: moto moto|tox
|move|p1a: moto moto|Ice Beam|p2a: Blastoise
|-resisted|p2a: Blastoise
|-damage|p2a: Blastoise|71/100
|
|-damage|p1a: moto moto|79/100 tox|[from] psn
|upkeep
|turn|19
|
|t:|1608930388
|move|p2a: Blastoise|Scald|p1a: moto moto
|-damage|p1a: moto moto|66/100 tox
|move|p1a: moto moto|Trick Room|p1a: moto moto
|-fieldstart|move: Trick Room|[of] p1a: moto moto
|
|-damage|p1a: moto moto|54/100 tox|[from] psn
|upkeep
|turn|20
|inactive|Splashinganteater has 90 seconds left.
|
|t:|1608930408
|switch|p1a: scarf eruption|Regidrago|19/100
|move|p2a: Blastoise|Flip Turn|p1a: scarf eruption
|-resisted|p1a: scarf eruption
|-damage|p1a: scarf eruption|11/100
|inactive|Splashinganteater has 90 seconds left.
|
|t:|1608930414
|switch|p2a: Drampa|Drampa, M|100/100|[from]move: Flip Turn
|
|upkeep
|turn|21
|inactive|Splashinganteater has 90 seconds left.
|
|t:|1608930435
|switch|p1a: maxataka|Stakataka|71/100
|move|p2a: Drampa|Flamethrower|p1a: maxataka
|-damage|p1a: maxataka|41/100
|
|upkeep
|turn|22
|
|t:|1608930443
|switch|p2a: Blastoise|Blastoise, M|71/100
|move|p1a: maxataka|Body Press|p2a: Blastoise
|-damage|p2a: Blastoise|46/100
|
|upkeep
|turn|23
|
|t:|1608930457
|switch|p1a: moto moto|Cresselia, F, shiny|54/100 tox
|move|p2a: Blastoise|Scald|p1a: moto moto
|-damage|p1a: moto moto|39/100 tox
|
|-damage|p1a: moto moto|32/100 tox|[from] psn
|-fieldend|move: Trick Room
|upkeep
|turn|24
|
|t:|1608930468
|move|p2a: Blastoise|Scald|p1a: moto moto
|-damage|p1a: moto moto|17/100 tox
|move|p1a: moto moto|Trick Room|p1a: moto moto
|-fieldstart|move: Trick Room|[of] p1a: moto moto
|
|-damage|p1a: moto moto|5/100 tox|[from] psn
|upkeep
|turn|25
|
|t:|1608930479
|move|p1a: moto moto|Lunar Dance|p1a: moto moto
|faint|p1a: moto moto
|move|p2a: Blastoise|Flip Turn|p1: moto moto|[notarget]
|-fail|p2a: Blastoise
|
|upkeep
|
|t:|1608930485
|switch|p1a: scarf eruption|Regidrago|11/100
|-heal|p1a: scarf eruption|100/100|[from] move: Lunar Dance
|turn|26
|c|☆Newtoyzzz|gg
|
|t:|1608930509
|move|p1a: scarf eruption|Dragon Energy|p2a: Blastoise
|-damage|p2a: Blastoise|0 fnt
|faint|p2a: Blastoise
|
|upkeep
|
|t:|1608930513
|switch|p2a: Drampa|Drampa, M|100/100
|turn|27
|
|t:|1608930520
|switch|p1a: alolawak|Marowak-Alola, F|100/100
|move|p2a: Drampa|Flamethrower|p1a: alolawak
|-resisted|p1a: alolawak
|-damage|p1a: alolawak|83/100
|
|upkeep
|turn|28
|inactive|Splashinganteater has 90 seconds left.
|
|t:|1608930552
|move|p1a: alolawak|Earthquake|p2a: Drampa
|-damage|p2a: Drampa|56/100
|move|p2a: Drampa|Hyper Voice|p1a: alolawak
|-immune|p1a: alolawak
|
|-fieldend|move: Trick Room
|upkeep
|turn|29
|inactive|Splashinganteater has 90 seconds left.
|
|t:|1608930564
|move|p2a: Drampa|Roost|p2a: Drampa
|-heal|p2a: Drampa|100/100
|-singleturn|p2a: Drampa|move: Roost
|move|p1a: alolawak|Earthquake|p2a: Drampa
|-damage|p2a: Drampa|60/100
|
|upkeep
|turn|30
|inactive|Splashinganteater has 90 seconds left.
|
|t:|1608930578
|move|p2a: Drampa|Calm Mind|p2a: Drampa
|-boost|p2a: Drampa|spa|1
|-boost|p2a: Drampa|spd|1
|move|p1a: alolawak|Earthquake|p2a: Drampa
|-damage|p2a: Drampa|20/100
|-ability|p2a: Drampa|Berserk|boost
|-boost|p2a: Drampa|spa|1
|
|upkeep
|turn|31
|
|t:|1608930588
|switch|p1a: scarf eruption|Regidrago|100/100
|move|p2a: Drampa|Roost|p2a: Drampa
|-heal|p2a: Drampa|70/100
|-singleturn|p2a: Drampa|move: Roost
|
|upkeep
|turn|32
|
|t:|1608930597
|move|p1a: scarf eruption|Dragon Energy|p2a: Drampa
|-supereffective|p2a: Drampa
|-damage|p2a: Drampa|0 fnt
|faint|p2a: Drampa
|
|upkeep
|-message|Splashinganteater forfeited.
|
|win|Newtoyzzz
|l|+EonX
|raw|Newtoyzzz's rating: 1245 &rarr; <strong>1273</strong><br />(+28 for winning)
|raw|Splashinganteater's rating: 1287 &rarr; <strong>1259</strong><br />(-28 for losing)
