|j|☆Kla0Trixx
|j|☆calista72
|player|p1|Kla0Trixx|2|1362
|player|p2|calista72|iris-gen5bw2|1273
|teamsize|p1|6
|teamsize|p2|6
|gametype|singles
|gen|8
|tier|[Gen 8] RU
|rated|
|clearpoke
|poke|p1|Whimsicott, F|
|poke|p1|Jellicent, M|
|poke|p1|Toxicroak, F|
|poke|p1|Braviary, M|
|poke|p1|Steelix, F|
|poke|p1|Rotom-Mow|
|poke|p2|Frosmoth, F|
|poke|p2|Vaporeon, M|
|poke|p2|Rotom-Mow|
|poke|p2|Bewear, M|
|poke|p2|Silvally-*|
|poke|p2|Salazzle, F|
|rule|Sleep Clause Mod: Limit one foe put to sleep
|rule|Species Clause: Limit one of each Pokémon
|rule|OHKO Clause: OHKO moves are banned
|rule|Evasion Moves Clause: Evasion moves are banned
|rule|Endless Battle Clause: Forcing endless battles is banned
|rule|HP Percentage Mod: HP is shown in percentages
|rule|Dynamax Clause: You cannot dynamax
|teampreview
|c|☆calista72|hi gl
|c|☆Kla0Trixx|u2
|
|start
|switch|p1a: Rotom|Rotom-Mow|100/100
|switch|p2a: Vaporeon|Vaporeon, M|100/100
|turn|1
|inactive|Battle timer is ON: inactive players will automatically lose when time's up. (requested by calista72)
|
|move|p2a: Vaporeon|Protect|p2a: Vaporeon
|-singleturn|p2a: Vaporeon|Protect
|move|p1a: Rotom|Volt Switch|p2a: Vaporeon
|-activate|p2a: Vaporeon|move: Protect
|
|upkeep
|turn|2
|
|switch|p2a: Rotom|Rotom-Mow|100/100
|move|p1a: Rotom|Volt Switch|p2a: Rotom
|-resisted|p2a: Rotom
|-damage|p2a: Rotom|90/100
|
|switch|p1a: Whimsicott|Whimsicott, F|100/100|[from]move: Volt Switch
|
|-heal|p2a: Rotom|96/100|[from] item: Leftovers
|upkeep
|turn|3
|
|move|p1a: Whimsicott|Substitute|p1a: Whimsicott
|-start|p1a: Whimsicott|Substitute
|-damage|p1a: Whimsicott|76/100
|move|p2a: Rotom|Volt Switch|p1a: Whimsicott
|-resisted|p1a: Whimsicott
|-crit|p1a: Whimsicott
|-end|p1a: Whimsicott|Substitute
|
|switch|p2a: Salazzle|Salazzle, F|100/100|[from]move: Volt Switch
|
|-heal|p1a: Whimsicott|82/100|[from] item: Leftovers
|upkeep
|turn|4
|
|move|p1a: Whimsicott|Protect|p1a: Whimsicott
|-singleturn|p1a: Whimsicott|Protect
|move|p2a: Salazzle|Toxic|p1a: Whimsicott
|-activate|p1a: Whimsicott|move: Protect
|
|-heal|p1a: Whimsicott|88/100|[from] item: Leftovers
|upkeep
|turn|5
|
|switch|p1a: Jellicent|Jellicent, M|100/100
|move|p2a: Salazzle|Toxic|p1a: Jellicent
|-status|p1a: Jellicent|tox
|
|-damage|p1a: Jellicent|94/100 tox|[from] psn
|upkeep
|turn|6
|
|switch|p2a: Vaporeon|Vaporeon, M|100/100
|move|p1a: Jellicent|Scald|p2a: Vaporeon
|-immune|p2a: Vaporeon|[from] ability: Water Absorb
|
|-heal|p1a: Jellicent|100/100 tox|[from] item: Leftovers
|-damage|p1a: Jellicent|88/100 tox|[from] psn
|upkeep
|turn|7
|
|switch|p1a: Whimsicott|Whimsicott, F|88/100
|move|p2a: Vaporeon|Wish|p2a: Vaporeon
|
|-heal|p1a: Whimsicott|94/100|[from] item: Leftovers
|upkeep
|turn|8
|
|switch|p2a: Rotom|Rotom-Mow|96/100
|move|p1a: Whimsicott|Substitute|p1a: Whimsicott
|-start|p1a: Whimsicott|Substitute
|-damage|p1a: Whimsicott|70/100
|
|-heal|p2a: Rotom|100/100|[from] move: Wish|[wisher] Vaporeon
|-heal|p1a: Whimsicott|76/100|[from] item: Leftovers
|upkeep
|turn|9
|
|move|p1a: Whimsicott|Protect|p1a: Whimsicott
|-singleturn|p1a: Whimsicott|Protect
|move|p2a: Rotom|Nasty Plot|p2a: Rotom
|-boost|p2a: Rotom|spa|2
|
|-heal|p1a: Whimsicott|82/100|[from] item: Leftovers
|upkeep
|turn|10
|
|move|p2a: Rotom|Stored Power|p1a: Whimsicott
|-end|p1a: Whimsicott|Substitute
|move|p1a: Whimsicott|Moonblast|p2a: Rotom
|-damage|p2a: Rotom|65/100
|
|-heal|p2a: Rotom|71/100|[from] item: Leftovers
|-heal|p1a: Whimsicott|88/100|[from] item: Leftovers
|upkeep
|turn|11
|
|switch|p1a: Braviary|Braviary, M|100/100
|move|p2a: Rotom|Stored Power|p1a: Braviary
|-damage|p1a: Braviary|53/100
|
|-heal|p2a: Rotom|78/100|[from] item: Leftovers
|upkeep
|turn|12
|
|move|p1a: Braviary|U-turn|p2a: Rotom
|-supereffective|p2a: Rotom
|-damage|p2a: Rotom|12/100
|
|switch|p1a: Rotom|Rotom-Mow|100/100|[from]move: U-turn
|move|p2a: Rotom|Volt Switch|p1a: Rotom
|-resisted|p1a: Rotom
|-damage|p1a: Rotom|78/100
|
|switch|p2a: Salazzle|Salazzle, F|100/100|[from]move: Volt Switch
|
|upkeep
|turn|13
|
|move|p2a: Salazzle|Flamethrower|p1a: Rotom
|-supereffective|p1a: Rotom
|-damage|p1a: Rotom|0 fnt
|faint|p1a: Rotom
|
|upkeep
|
|switch|p1a: Jellicent|Jellicent, M|88/100 tox
|turn|14
|
|switch|p2a: Vaporeon|Vaporeon, M|100/100
|move|p1a: Jellicent|Toxic|p2a: Vaporeon
|-status|p2a: Vaporeon|tox
|
|-heal|p1a: Jellicent|94/100 tox|[from] item: Leftovers
|-damage|p2a: Vaporeon|94/100 tox|[from] psn
|-damage|p1a: Jellicent|88/100 tox|[from] psn
|upkeep
|turn|15
|
|switch|p1a: Whimsicott|Whimsicott, F|88/100
|move|p2a: Vaporeon|Wish|p2a: Vaporeon
|
|-heal|p1a: Whimsicott|94/100|[from] item: Leftovers
|-heal|p2a: Vaporeon|100/100 tox|[from] item: Leftovers
|-damage|p2a: Vaporeon|88/100 tox|[from] psn
|upkeep
|turn|16
|
|switch|p2a: Salazzle|Salazzle, F|100/100
|move|p1a: Whimsicott|Moonblast|p2a: Salazzle
|-resisted|p2a: Salazzle
|-damage|p2a: Salazzle|88/100
|
|-heal|p2a: Salazzle|100/100|[from] move: Wish|[wisher] Vaporeon
|-heal|p1a: Whimsicott|100/100|[from] item: Leftovers
|upkeep
|turn|17
|
|move|p1a: Whimsicott|Substitute|p1a: Whimsicott
|-start|p1a: Whimsicott|Substitute
|-damage|p1a: Whimsicott|76/100
|move|p2a: Salazzle|Flamethrower|p1a: Whimsicott
|-supereffective|p1a: Whimsicott
|-end|p1a: Whimsicott|Substitute
|
|-heal|p1a: Whimsicott|82/100|[from] item: Leftovers
|upkeep
|turn|18
|
|move|p1a: Whimsicott|Protect|p1a: Whimsicott
|-singleturn|p1a: Whimsicott|Protect
|move|p2a: Salazzle|Flamethrower|p1a: Whimsicott
|-activate|p1a: Whimsicott|move: Protect
|
|-heal|p1a: Whimsicott|88/100|[from] item: Leftovers
|upkeep
|turn|19
|
|switch|p1a: Jellicent|Jellicent, M|88/100 tox
|move|p2a: Salazzle|Flamethrower|p1a: Jellicent
|-resisted|p1a: Jellicent
|-damage|p1a: Jellicent|73/100 tox
|
|-heal|p1a: Jellicent|79/100 tox|[from] item: Leftovers
|-damage|p1a: Jellicent|73/100 tox|[from] psn
|upkeep
|turn|20
|
|switch|p2a: Vaporeon|Vaporeon, M|88/100 tox
|move|p1a: Jellicent|Scald|p2a: Vaporeon
|-heal|p2a: Vaporeon|100/100 tox|[from] ability: Water Absorb|[of] p1a: Jellicent
|
|-heal|p1a: Jellicent|79/100 tox|[from] item: Leftovers
|-damage|p2a: Vaporeon|94/100 tox|[from] psn
|-damage|p1a: Jellicent|67/100 tox|[from] psn
|upkeep
|turn|21
|
|switch|p1a: Whimsicott|Whimsicott, F|88/100
|move|p2a: Vaporeon|Heal Bell|p2a: Vaporeon
|-activate|p2a: Vaporeon|move: Heal Bell
|-curestatus|p2a: Vaporeon|tox|[msg]
|
|-heal|p1a: Whimsicott|94/100|[from] item: Leftovers
|-heal|p2a: Vaporeon|100/100|[from] item: Leftovers
|upkeep
|turn|22
|
|switch|p2a: Salazzle|Salazzle, F|100/100
|move|p1a: Whimsicott|Substitute|p1a: Whimsicott
|-start|p1a: Whimsicott|Substitute
|-damage|p1a: Whimsicott|70/100
|
|-heal|p1a: Whimsicott|76/100|[from] item: Leftovers
|upkeep
|turn|23
|
|move|p1a: Whimsicott|Leech Seed|p2a: Salazzle
|-start|p2a: Salazzle|move: Leech Seed
|move|p2a: Salazzle|Sludge Wave|p1a: Whimsicott
|-supereffective|p1a: Whimsicott
|-end|p1a: Whimsicott|Substitute
|
|-heal|p1a: Whimsicott|82/100|[from] item: Leftovers
|-damage|p2a: Salazzle|88/100|[from] Leech Seed|[of] p1a: Whimsicott
|-heal|p1a: Whimsicott|92/100|[silent]
|upkeep
|turn|24
|
|move|p1a: Whimsicott|Substitute|p1a: Whimsicott
|-start|p1a: Whimsicott|Substitute
|-damage|p1a: Whimsicott|68/100
|move|p2a: Salazzle|Sludge Wave|p1a: Whimsicott
|-supereffective|p1a: Whimsicott
|-end|p1a: Whimsicott|Substitute
|
|-heal|p1a: Whimsicott|74/100|[from] item: Leftovers
|-damage|p2a: Salazzle|76/100|[from] Leech Seed|[of] p1a: Whimsicott
|-heal|p1a: Whimsicott|84/100|[silent]
|upkeep
|turn|25
|
|move|p1a: Whimsicott|Substitute|p1a: Whimsicott
|-start|p1a: Whimsicott|Substitute
|-damage|p1a: Whimsicott|60/100
|move|p2a: Salazzle|Sludge Wave|p1a: Whimsicott
|-supereffective|p1a: Whimsicott
|-end|p1a: Whimsicott|Substitute
|
|-heal|p1a: Whimsicott|66/100|[from] item: Leftovers
|-damage|p2a: Salazzle|64/100|[from] Leech Seed|[of] p1a: Whimsicott
|-heal|p1a: Whimsicott|76/100|[silent]
|upkeep
|turn|26
|
|move|p1a: Whimsicott|Protect|p1a: Whimsicott
|-singleturn|p1a: Whimsicott|Protect
|move|p2a: Salazzle|Sludge Wave|p1a: Whimsicott
|-activate|p1a: Whimsicott|move: Protect
|
|-heal|p1a: Whimsicott|83/100|[from] item: Leftovers
|-damage|p2a: Salazzle|51/100|[from] Leech Seed|[of] p1a: Whimsicott
|-heal|p1a: Whimsicott|93/100|[silent]
|upkeep
|turn|27
|
|move|p1a: Whimsicott|Substitute|p1a: Whimsicott
|-start|p1a: Whimsicott|Substitute
|-damage|p1a: Whimsicott|68/100
|move|p2a: Salazzle|Sludge Wave|p1a: Whimsicott
|-supereffective|p1a: Whimsicott
|-crit|p1a: Whimsicott
|-end|p1a: Whimsicott|Substitute
|
|-heal|p1a: Whimsicott|74/100|[from] item: Leftovers
|-damage|p2a: Salazzle|39/100|[from] Leech Seed|[of] p1a: Whimsicott
|-heal|p1a: Whimsicott|85/100|[silent]
|upkeep
|turn|28
|
|switch|p2a: Rotom|Rotom-Mow|12/100
|move|p1a: Whimsicott|Substitute|p1a: Whimsicott
|-start|p1a: Whimsicott|Substitute
|-damage|p1a: Whimsicott|60/100
|
|-heal|p2a: Rotom|18/100|[from] item: Leftovers
|-heal|p1a: Whimsicott|66/100|[from] item: Leftovers
|upkeep
|turn|29
|
|switch|p2a: Vaporeon|Vaporeon, M|100/100
|move|p1a: Whimsicott|Moonblast|p2a: Vaporeon
|-damage|p2a: Vaporeon|81/100
|-unboost|p2a: Vaporeon|spa|1
|
|-heal|p1a: Whimsicott|73/100|[from] item: Leftovers
|-heal|p2a: Vaporeon|87/100|[from] item: Leftovers
|upkeep
|turn|30
|
|move|p1a: Whimsicott|Leech Seed|p2a: Vaporeon
|-start|p2a: Vaporeon|move: Leech Seed
|move|p2a: Vaporeon|Wish|p2a: Vaporeon
|
|-heal|p1a: Whimsicott|79/100|[from] item: Leftovers
|-heal|p2a: Vaporeon|93/100|[from] item: Leftovers
|-damage|p2a: Vaporeon|81/100|[from] Leech Seed|[of] p1a: Whimsicott
|-heal|p1a: Whimsicott|95/100|[silent]
|upkeep
|turn|31
|
|switch|p2a: Salazzle|Salazzle, F|39/100
|move|p1a: Whimsicott|Moonblast|p2a: Salazzle
|-resisted|p2a: Salazzle
|-damage|p2a: Salazzle|28/100
|
|-heal|p2a: Salazzle|100/100|[from] move: Wish|[wisher] Vaporeon
|-heal|p1a: Whimsicott|100/100|[from] item: Leftovers
|upkeep
|turn|32
|
|switch|p2a: Vaporeon|Vaporeon, M|81/100
|move|p1a: Whimsicott|Leech Seed|p2a: Vaporeon
|-start|p2a: Vaporeon|move: Leech Seed
|
|-heal|p2a: Vaporeon|87/100|[from] item: Leftovers
|-damage|p2a: Vaporeon|75/100|[from] Leech Seed|[of] p1a: Whimsicott
|upkeep
|turn|33
|
|switch|p1a: Braviary|Braviary, M|53/100
|move|p2a: Vaporeon|Wish|p2a: Vaporeon
|
|-heal|p2a: Vaporeon|81/100|[from] item: Leftovers
|-damage|p2a: Vaporeon|68/100|[from] Leech Seed|[of] p1a: Braviary
|-heal|p1a: Braviary|69/100|[silent]
|upkeep
|turn|34
|inactive|calista72 has 120 seconds left.
|
|switch|p2a: Bewear|Bewear, M|100/100
|move|p1a: Braviary|Brave Bird|p2a: Bewear
|-supereffective|p2a: Bewear
|-damage|p2a: Bewear|33/100
|-damage|p1a: Braviary|42/100|[from] Recoil
|
|-heal|p2a: Bewear|87/100|[from] move: Wish|[wisher] Vaporeon
|upkeep
|turn|35
|
|switch|p1a: Jellicent|Jellicent, M|67/100 tox
|move|p2a: Bewear|Darkest Lariat|p1a: Jellicent
|-supereffective|p1a: Jellicent
|-damage|p1a: Jellicent|16/100 tox
|
|-heal|p1a: Jellicent|23/100 tox|[from] item: Leftovers
|-damage|p1a: Jellicent|16/100 tox|[from] psn
|upkeep
|turn|36
|
|switch|p1a: Whimsicott|Whimsicott, F|100/100
|move|p2a: Bewear|Darkest Lariat|p1a: Whimsicott
|-resisted|p1a: Whimsicott
|-damage|p1a: Whimsicott|86/100
|
|-heal|p1a: Whimsicott|92/100|[from] item: Leftovers
|upkeep
|turn|37
|
|switch|p1a: Braviary|Braviary, M|42/100
|switch|p2a: Vaporeon|Vaporeon, M|68/100
|
|-heal|p2a: Vaporeon|74/100|[from] item: Leftovers
|upkeep
|turn|38
|
|move|p2a: Vaporeon|Protect|p2a: Vaporeon
|-singleturn|p2a: Vaporeon|Protect
|move|p1a: Braviary|Thrash|p2a: Vaporeon
|-activate|p2a: Vaporeon|move: Protect
|
|-heal|p2a: Vaporeon|80/100|[from] item: Leftovers
|upkeep
|turn|39
|
|switch|p2a: Bewear|Bewear, M|87/100
|move|p1a: Braviary|Thrash|p2a: Bewear
|-damage|p2a: Bewear|51/100
|
|upkeep
|turn|40
|
|move|p1a: Braviary|Thrash|p2a: Bewear|[from]lockedmove
|-damage|p2a: Bewear|18/100
|-start|p1a: Braviary|confusion|[fatigue]
|move|p2a: Bewear|Drain Punch|p1a: Braviary
|-damage|p1a: Braviary|0 fnt
|-heal|p2a: Bewear|36/100|[from] drain|[of] p1a: Braviary
|faint|p1a: Braviary
|
|upkeep
|
|switch|p1a: Toxicroak|Toxicroak, F|100/100
|turn|41
|
|move|p1a: Toxicroak|Sludge Wave|p2a: Bewear
|-damage|p2a: Bewear|0 fnt
|-damage|p1a: Toxicroak|91/100|[from] item: Life Orb
|faint|p2a: Bewear
|
|upkeep
|
|switch|p2a: Silvally|Silvally-Fairy|100/100
|turn|42
|
|switch|p1a: Steelix|Steelix, F|100/100
|move|p2a: Silvally|Psychic Fangs|p1a: Steelix
|-resisted|p1a: Steelix
|-damage|p1a: Steelix|96/100
|
|-heal|p1a: Steelix|100/100|[from] item: Leftovers
|upkeep
|turn|43
|
|move|p2a: Silvally|U-turn|p1a: Steelix
|-resisted|p1a: Steelix
|-damage|p1a: Steelix|97/100
|
|switch|p2a: Vaporeon|Vaporeon, M|80/100|[from]move: U-turn
|move|p1a: Steelix|Stealth Rock|p2a: Vaporeon
|-sidestart|p2: calista72|move: Stealth Rock
|
|-heal|p2a: Vaporeon|86/100|[from] item: Leftovers
|-heal|p1a: Steelix|100/100|[from] item: Leftovers
|upkeep
|turn|44
|
|switch|p1a: Jellicent|Jellicent, M|16/100 tox
|move|p2a: Vaporeon|Wish|p2a: Vaporeon
|
|-heal|p2a: Vaporeon|92/100|[from] item: Leftovers
|-heal|p1a: Jellicent|23/100 tox|[from] item: Leftovers
|-damage|p1a: Jellicent|16/100 tox|[from] psn
|upkeep
|turn|45
|
|switch|p2a: Rotom|Rotom-Mow|18/100
|-damage|p2a: Rotom|6/100|[from] Stealth Rock
|move|p1a: Jellicent|Strength Sap|p2a: Rotom
|-unboost|p2a: Rotom|atk|1
|-heal|p1a: Jellicent|46/100 tox
|
|-heal|p2a: Rotom|95/100|[from] move: Wish|[wisher] Vaporeon
|-heal|p2a: Rotom|100/100|[from] item: Leftovers
|-heal|p1a: Jellicent|53/100 tox|[from] item: Leftovers
|-damage|p1a: Jellicent|40/100 tox|[from] psn
|upkeep
|turn|46
|
|switch|p1a: Steelix|Steelix, F|100/100
|move|p2a: Rotom|Volt Switch|p1a: Steelix
|-immune|p1a: Steelix
|
|upkeep
|turn|47
|
|move|p2a: Rotom|Leaf Storm|p1a: Steelix
|-damage|p1a: Steelix|21/100
|-unboost|p2a: Rotom|spa|2
|move|p1a: Steelix|Toxic|p2a: Rotom
|-status|p2a: Rotom|tox
|
|-heal|p1a: Steelix|27/100|[from] item: Leftovers
|-damage|p2a: Rotom|94/100 tox|[from] psn
|upkeep
|turn|48
|
|move|p1a: Steelix|Protect|p1a: Steelix
|-singleturn|p1a: Steelix|Protect
|move|p2a: Rotom|Volt Switch|p1a: Steelix
|-activate|p1a: Steelix|move: Protect
|
|-heal|p2a: Rotom|100/100 tox|[from] item: Leftovers
|-heal|p1a: Steelix|34/100|[from] item: Leftovers
|-damage|p2a: Rotom|88/100 tox|[from] psn
|upkeep
|turn|49
|
|switch|p1a: Whimsicott|Whimsicott, F|92/100
|move|p2a: Rotom|Volt Switch|p1a: Whimsicott
|-resisted|p1a: Whimsicott
|-damage|p1a: Whimsicott|82/100
|
|switch|p2a: Vaporeon|Vaporeon, M|92/100|[from]move: Volt Switch
|-damage|p2a: Vaporeon|80/100|[from] Stealth Rock
|
|-heal|p1a: Whimsicott|88/100|[from] item: Leftovers
|-heal|p2a: Vaporeon|86/100|[from] item: Leftovers
|upkeep
|turn|50
|
|move|p1a: Whimsicott|Leech Seed|p2a: Vaporeon
|-start|p2a: Vaporeon|move: Leech Seed
|move|p2a: Vaporeon|Heal Bell|p2a: Vaporeon
|-activate|p2a: Vaporeon|move: Heal Bell
|-curestatus|p2: Rotom|tox|[msg]
|
|-heal|p1a: Whimsicott|95/100|[from] item: Leftovers
|-heal|p2a: Vaporeon|92/100|[from] item: Leftovers
|-damage|p2a: Vaporeon|80/100|[from] Leech Seed|[of] p1a: Whimsicott
|-heal|p1a: Whimsicott|100/100|[silent]
|upkeep
|turn|51
|
|switch|p1a: Steelix|Steelix, F|34/100
|move|p2a: Vaporeon|Wish|p2a: Vaporeon
|
|-heal|p2a: Vaporeon|86/100|[from] item: Leftovers
|-heal|p1a: Steelix|40/100|[from] item: Leftovers
|-damage|p2a: Vaporeon|74/100|[from] Leech Seed|[of] p1a: Steelix
|-heal|p1a: Steelix|55/100|[silent]
|upkeep
|turn|52
|
|switch|p1a: Jellicent|Jellicent, M|40/100 tox
|move|p2a: Vaporeon|Scald|p1a: Jellicent
|-heal|p1a: Jellicent|65/100 tox|[from] ability: Water Absorb|[of] p2a: Vaporeon
|
|-heal|p2a: Vaporeon|100/100|[from] move: Wish|[wisher] Vaporeon
|-heal|p1a: Jellicent|71/100 tox|[from] item: Leftovers
|-damage|p2a: Vaporeon|88/100|[from] Leech Seed|[of] p1a: Jellicent
|-heal|p1a: Jellicent|84/100 tox|[silent]
|-damage|p1a: Jellicent|78/100 tox|[from] psn
|upkeep
|turn|53
|
|switch|p1a: Toxicroak|Toxicroak, F|91/100
|move|p2a: Vaporeon|Protect||[still]
|-fail|p2a: Vaporeon
|
|-heal|p2a: Vaporeon|94/100|[from] item: Leftovers
|-damage|p2a: Vaporeon|82/100|[from] Leech Seed|[of] p1a: Toxicroak
|-heal|p1a: Toxicroak|100/100|[silent]
|upkeep
|turn|54
|
|switch|p2a: Salazzle|Salazzle, F|100/100
|-damage|p2a: Salazzle|76/100|[from] Stealth Rock
|move|p1a: Toxicroak|Sludge Wave|p2a: Salazzle
|-resisted|p2a: Salazzle
|-damage|p2a: Salazzle|27/100
|-damage|p1a: Toxicroak|91/100|[from] item: Life Orb
|
|upkeep
|turn|55
|
|switch|p1a: Jellicent|Jellicent, M|78/100 tox
|move|p2a: Salazzle|Flamethrower|p1a: Jellicent
|-resisted|p1a: Jellicent
|-damage|p1a: Jellicent|62/100 tox
|
|-heal|p1a: Jellicent|68/100 tox|[from] item: Leftovers
|-damage|p1a: Jellicent|62/100 tox|[from] psn
|upkeep
|turn|56
|
|switch|p2a: Vaporeon|Vaporeon, M|82/100
|-damage|p2a: Vaporeon|70/100|[from] Stealth Rock
|move|p1a: Jellicent|Strength Sap|p2a: Vaporeon
|-unboost|p2a: Vaporeon|atk|1
|-heal|p1a: Jellicent|92/100 tox
|
|-heal|p2a: Vaporeon|76/100|[from] item: Leftovers
|-heal|p1a: Jellicent|98/100 tox|[from] item: Leftovers
|-damage|p1a: Jellicent|86/100 tox|[from] psn
|upkeep
|turn|57
|
|switch|p1a: Toxicroak|Toxicroak, F|91/100
|move|p2a: Vaporeon|Wish|p2a: Vaporeon
|
|-heal|p2a: Vaporeon|82/100|[from] item: Leftovers
|upkeep
|turn|58
|
|switch|p2a: Frosmoth|Frosmoth, F|100/100
|move|p1a: Toxicroak|Sludge Wave|p2a: Frosmoth
|-crit|p2a: Frosmoth
|-damage|p2a: Frosmoth|56/100
|-damage|p1a: Toxicroak|81/100|[from] item: Life Orb
|
|-heal|p2a: Frosmoth|100/100|[from] move: Wish|[wisher] Vaporeon
|upkeep
|turn|59
|
|switch|p1a: Jellicent|Jellicent, M|86/100 tox
|move|p2a: Frosmoth|Quiver Dance|p2a: Frosmoth
|-boost|p2a: Frosmoth|spa|1
|-boost|p2a: Frosmoth|spd|1
|-boost|p2a: Frosmoth|spe|1
|
|-heal|p1a: Jellicent|92/100 tox|[from] item: Leftovers
|-damage|p1a: Jellicent|86/100 tox|[from] psn
|upkeep
|turn|60
|
|move|p2a: Frosmoth|Giga Drain|p1a: Jellicent
|-supereffective|p1a: Jellicent
|-crit|p1a: Jellicent
|-damage|p1a: Jellicent|2/100 tox
|move|p1a: Jellicent|Toxic|p2a: Frosmoth
|-status|p2a: Frosmoth|tox
|
|-heal|p1a: Jellicent|8/100 tox|[from] item: Leftovers
|-damage|p2a: Frosmoth|94/100 tox|[from] psn
|-damage|p1a: Jellicent|0 fnt|[from] psn
|faint|p1a: Jellicent
|upkeep
|
|switch|p1a: Whimsicott|Whimsicott, F|100/100
|turn|61
|
|move|p1a: Whimsicott|Substitute|p1a: Whimsicott
|-start|p1a: Whimsicott|Substitute
|-damage|p1a: Whimsicott|76/100
|move|p2a: Frosmoth|Ice Beam|p1a: Whimsicott
|-supereffective|p1a: Whimsicott
|-end|p1a: Whimsicott|Substitute
|
|-heal|p1a: Whimsicott|82/100|[from] item: Leftovers
|-damage|p2a: Frosmoth|82/100 tox|[from] psn
|upkeep
|turn|62
|
|move|p1a: Whimsicott|Protect|p1a: Whimsicott
|-singleturn|p1a: Whimsicott|Protect
|move|p2a: Frosmoth|Ice Beam|p1a: Whimsicott
|-activate|p1a: Whimsicott|move: Protect
|
|-heal|p1a: Whimsicott|88/100|[from] item: Leftovers
|-damage|p2a: Frosmoth|64/100 tox|[from] psn
|upkeep
|turn|63
|
|switch|p2a: Vaporeon|Vaporeon, M|82/100
|-damage|p2a: Vaporeon|69/100|[from] Stealth Rock
|move|p1a: Whimsicott|Substitute|p1a: Whimsicott
|-start|p1a: Whimsicott|Substitute
|-damage|p1a: Whimsicott|63/100
|
|-heal|p1a: Whimsicott|70/100|[from] item: Leftovers
|-heal|p2a: Vaporeon|75/100|[from] item: Leftovers
|upkeep
|turn|64
|
|move|p1a: Whimsicott|Leech Seed|p2a: Vaporeon
|-start|p2a: Vaporeon|move: Leech Seed
|move|p2a: Vaporeon|Wish|p2a: Vaporeon
|
|-heal|p1a: Whimsicott|76/100|[from] item: Leftovers
|-heal|p2a: Vaporeon|81/100|[from] item: Leftovers
|-damage|p2a: Vaporeon|69/100|[from] Leech Seed|[of] p1a: Whimsicott
|-heal|p1a: Whimsicott|92/100|[silent]
|upkeep
|turn|65
|
|switch|p2a: Silvally|Silvally-Fairy|100/100
|-damage|p2a: Silvally|88/100|[from] Stealth Rock
|move|p1a: Whimsicott|Moonblast|p2a: Silvally
|-damage|p2a: Silvally|57/100
|
|-heal|p2a: Silvally|100/100|[from] move: Wish|[wisher] Vaporeon
|-heal|p1a: Whimsicott|98/100|[from] item: Leftovers
|upkeep
|turn|66
|
|move|p1a: Whimsicott|Leech Seed|p2a: Silvally
|-start|p2a: Silvally|move: Leech Seed
|move|p2a: Silvally|Defog|p1a: Whimsicott
|-sideend|p2: calista72|Stealth Rock|[from] move: Defog|[of] p2a: Silvally
|
|-heal|p1a: Whimsicott|100/100|[from] item: Leftovers
|-damage|p2a: Silvally|88/100|[from] Leech Seed|[of] p1a: Whimsicott
|upkeep
|turn|67
|
|switch|p2a: Vaporeon|Vaporeon, M|69/100
|switch|p1a: Steelix|Steelix, F|55/100
|
|-heal|p2a: Vaporeon|75/100|[from] item: Leftovers
|-heal|p1a: Steelix|61/100|[from] item: Leftovers
|upkeep
|turn|68
|
|switch|p1a: Toxicroak|Toxicroak, F|81/100
|move|p2a: Vaporeon|Scald|p1a: Toxicroak
|-heal|p1a: Toxicroak|100/100|[from] ability: Dry Skin|[of] p2a: Vaporeon
|
|-heal|p2a: Vaporeon|81/100|[from] item: Leftovers
|upkeep
|turn|69
|
|switch|p2a: Frosmoth|Frosmoth, F|64/100 tox
|move|p1a: Toxicroak|Nasty Plot|p1a: Toxicroak
|-boost|p1a: Toxicroak|spa|2
|
|-damage|p2a: Frosmoth|58/100 tox|[from] psn
|upkeep
|turn|70
|
|move|p1a: Toxicroak|Sludge Wave|p2a: Frosmoth
|-damage|p2a: Frosmoth|0 fnt
|-damage|p1a: Toxicroak|91/100|[from] item: Life Orb
|faint|p2a: Frosmoth
|
|upkeep
|
|switch|p2a: Silvally|Silvally-Fairy|88/100
|turn|71
|
|switch|p1a: Steelix|Steelix, F|61/100
|move|p2a: Silvally|U-turn|p1a: Steelix
|-resisted|p1a: Steelix
|-damage|p1a: Steelix|57/100
|
|switch|p2a: Salazzle|Salazzle, F|27/100|[from]move: U-turn
|
|-heal|p1a: Steelix|63/100|[from] item: Leftovers
|upkeep
|turn|72
|
|move|p1a: Steelix|Protect|p1a: Steelix
|-singleturn|p1a: Steelix|Protect
|move|p2a: Salazzle|Flamethrower|p1a: Steelix
|-activate|p1a: Steelix|move: Protect
|
|-heal|p1a: Steelix|70/100|[from] item: Leftovers
|upkeep
|turn|73
|
|move|p2a: Salazzle|Flamethrower|p1a: Steelix
|-supereffective|p1a: Steelix
|-damage|p1a: Steelix|0 fnt
|faint|p1a: Steelix
|
|upkeep
|
|switch|p1a: Whimsicott|Whimsicott, F|100/100
|turn|74
|
|move|p1a: Whimsicott|Leech Seed|p2a: Salazzle
|-start|p2a: Salazzle|move: Leech Seed
|move|p2a: Salazzle|Flamethrower|p1a: Whimsicott
|-supereffective|p1a: Whimsicott
|-damage|p1a: Whimsicott|0 fnt
|faint|p1a: Whimsicott
|
|upkeep
|
|switch|p1a: Toxicroak|Toxicroak, F|91/100
|turn|75
|
|move|p1a: Toxicroak|Vacuum Wave|p2a: Salazzle
|-resisted|p2a: Salazzle
|-damage|p2a: Salazzle|8/100
|-damage|p1a: Toxicroak|81/100|[from] item: Life Orb
|move|p2a: Salazzle|Flamethrower|p1a: Toxicroak
|-damage|p1a: Toxicroak|2/100
|
|-damage|p2a: Salazzle|0 fnt|[from] Leech Seed|[of] p1a: Toxicroak
|-heal|p1a: Toxicroak|9/100|[silent]
|faint|p2a: Salazzle
|upkeep
|
|switch|p2a: Silvally|Silvally-Fairy|88/100
|turn|76
|
|move|p2a: Silvally|Psychic Fangs|p1a: Toxicroak
|-supereffective|p1a: Toxicroak
|-damage|p1a: Toxicroak|0 fnt
|faint|p1a: Toxicroak
|
|win|calista72
|l|☆Kla0Trixx
