|j|☆eruza02
|j|☆Steven Davis
|t:|1646349151
|gametype|singles
|player|p1|eruza02|265|1344
|player|p2|Steven Davis|steven|1403
|teamsize|p1|6
|teamsize|p2|6
|gen|8
|tier|[Gen 8] RU
|rated|
|rule|Sleep Clause Mod: Limit one foe put to sleep
|rule|Species Clause: Limit one of each Pokémon
|rule|OHKO Clause: OHKO moves are banned
|rule|Evasion Moves Clause: Evasion moves are banned
|rule|Endless Battle Clause: Forcing endless battles is banned
|rule|HP Percentage Mod: HP is shown in percentages
|rule|Dynamax Clause: You cannot dynamax
|clearpoke
|poke|p1|Metagross|
|poke|p1|Rhyperior, F|
|poke|p1|Golisopod, F|
|poke|p1|Braviary, M|
|poke|p1|Whimsicott, F|
|poke|p1|Regidrago|
|poke|p2|Weezing-Galar, F|
|poke|p2|Chandelure, M|
|poke|p2|Golisopod, M|
|poke|p2|Flygon, F|
|poke|p2|Registeel|
|poke|p2|Reuniclus, F|
|teampreview
|
|t:|1646349167
|start
|switch|p1a: Metagross|Metagross|100/100
|switch|p2a: Golisopod|Golisopod, M|100/100
|turn|1
|inactive|Battle timer is ON: inactive players will automatically lose when time's up. (requested by eruza02)
|
|t:|1646349176
|move|p1a: Metagross|Psycho Cut|p2a: Golisopod
|-damage|p2a: Golisopod|66/100
|move|p2a: Golisopod|Spikes|p1a: Metagross
|-sidestart|p1: eruza02|Spikes
|
|upkeep
|turn|2
|
|t:|1646349185
|switch|p2a: Registeel|Registeel|100/100
|move|p1a: Metagross|Psycho Cut|p2a: Registeel
|-resisted|p2a: Registeel
|-damage|p2a: Registeel|86/100
|
|-heal|p2a: Registeel|93/100|[from] item: Leftovers
|upkeep
|turn|3
|
|t:|1646349196
|switch|p1a: Rhyperior|Rhyperior, F|100/100
|-damage|p1a: Rhyperior|88/100|[from] Spikes
|move|p2a: Registeel|Seismic Toss|p1a: Rhyperior
|-damage|p1a: Rhyperior|61/100
|
|-heal|p2a: Registeel|99/100|[from] item: Leftovers
|upkeep
|turn|4
|
|t:|1646349205
|switch|p2a: Golisopod|Golisopod, M|66/100
|move|p1a: Rhyperior|Swords Dance|p1a: Rhyperior
|-boost|p1a: Rhyperior|atk|2
|
|upkeep
|turn|5
|
|t:|1646349230
|move|p1a: Rhyperior|Rock Blast|p2a: Golisopod
|-supereffective|p2a: Golisopod
|-damage|p2a: Golisopod|21/100
|-supereffective|p2a: Golisopod
|-damage|p2a: Golisopod|0 fnt
|faint|p2a: Golisopod
|-hitcount|p2: Golisopod|2
|
|upkeep
|
|t:|1646349235
|switch|p2a: Chandelure|Chandelure, M, shiny|100/100
|turn|6
|
|t:|1646349244
|move|p2a: Chandelure|Energy Ball|p1a: Rhyperior
|-supereffective|p1a: Rhyperior
|-damage|p1a: Rhyperior|0 fnt
|faint|p1a: Rhyperior
|
|upkeep
|
|t:|1646349258
|switch|p1a: Golisopod|Golisopod, F|100/100
|-damage|p1a: Golisopod|88/100|[from] Spikes
|turn|7
|
|t:|1646349266
|move|p1a: Golisopod|Aqua Jet|p2a: Chandelure
|-supereffective|p2a: Chandelure
|-damage|p2a: Chandelure|25/100
|-damage|p1a: Golisopod|78/100|[from] item: Life Orb
|move|p2a: Chandelure|Energy Ball|p1a: Golisopod
|-damage|p1a: Golisopod|26/100
|-activate|p1a: Golisopod|ability: Emergency Exit
|
|t:|1646349280
|switch|p1a: Braviary|Braviary, M|100/100
|
|upkeep
|turn|8
|
|t:|1646349294
|switch|p2a: Weezing|Weezing-Galar, F|100/100
|-ability|p2a: Weezing|Neutralizing Gas
|move|p1a: Braviary|Brave Bird|p2a: Weezing
|-damage|p2a: Weezing|38/100
|-damage|p1a: Braviary|81/100|[from] Recoil
|
|-heal|p2a: Weezing|44/100|[from] item: Black Sludge
|upkeep
|turn|9
|
|t:|1646349305
|-end|p2a: Weezing|ability: Neutralizing Gas
|switch|p2a: Registeel|Registeel|99/100
|move|p1a: Braviary|Brave Bird|p2a: Registeel
|-resisted|p2a: Registeel
|-damage|p2a: Registeel|65/100
|-damage|p1a: Braviary|70/100|[from] Recoil
|
|-heal|p2a: Registeel|71/100|[from] item: Leftovers
|upkeep
|turn|10
|
|t:|1646349319
|switch|p1a: Whimsicott|Whimsicott, F|100/100
|move|p2a: Registeel|Stealth Rock|p1a: Whimsicott
|-sidestart|p1: eruza02|move: Stealth Rock
|
|-heal|p2a: Registeel|77/100|[from] item: Leftovers
|upkeep
|turn|11
|
|t:|1646349327
|move|p1a: Whimsicott|Encore|p2a: Registeel
|-start|p2a: Registeel|Encore
|move|p2a: Registeel|Stealth Rock||[still]
|-fail|p2a: Registeel
|
|-heal|p2a: Registeel|83/100|[from] item: Leftovers
|upkeep
|turn|12
|
|t:|1646349339
|switch|p2a: Chandelure|Chandelure, M, shiny|25/100
|move|p1a: Whimsicott|Defog|p2a: Chandelure
|-unboost|p2a: Chandelure|evasion|1
|-sideend|p1: eruza02|Spikes|[from] move: Defog|[of] p1a: Whimsicott
|-sideend|p1: eruza02|Stealth Rock|[from] move: Defog|[of] p1a: Whimsicott
|
|upkeep
|turn|13
|
|t:|1646349349
|move|p1a: Whimsicott|Moonblast|p2a: Chandelure
|-resisted|p2a: Chandelure
|-damage|p2a: Chandelure|0 fnt
|faint|p2a: Chandelure
|
|upkeep
|
|t:|1646349358
|switch|p2a: Weezing|Weezing-Galar, F|44/100
|-ability|p2a: Weezing|Neutralizing Gas
|turn|14
|
|t:|1646349377
|move|p1a: Whimsicott|Moonblast|p2a: Weezing
|-resisted|p2a: Weezing
|-damage|p2a: Weezing|19/100
|move|p2a: Weezing|Will-O-Wisp|p1a: Whimsicott
|-status|p1a: Whimsicott|brn
|
|-heal|p2a: Weezing|25/100|[from] item: Black Sludge
|-damage|p1a: Whimsicott|94/100 brn|[from] brn
|upkeep
|turn|15
|
|t:|1646349393
|switch|p1a: Metagross|Metagross|100/100
|-end|p2a: Weezing|ability: Neutralizing Gas
|switch|p2a: Registeel|Registeel|83/100
|
|-heal|p2a: Registeel|89/100|[from] item: Leftovers
|upkeep
|turn|16
|
|t:|1646349402
|move|p1a: Metagross|Earthquake|p2a: Registeel
|-supereffective|p2a: Registeel
|-damage|p2a: Registeel|35/100
|move|p2a: Registeel|Stealth Rock|p1a: Metagross
|-sidestart|p1: eruza02|move: Stealth Rock
|
|-heal|p2a: Registeel|41/100|[from] item: Leftovers
|upkeep
|turn|17
|
|t:|1646349411
|switch|p2a: Flygon|Flygon, F|100/100
|move|p1a: Metagross|Earthquake|p2a: Flygon
|-immune|p2a: Flygon|[from] ability: Levitate
|
|upkeep
|turn|18
|
|t:|1646349418
|move|p2a: Flygon|U-turn|p1a: Metagross
|-damage|p1a: Metagross|85/100
|
|t:|1646349421
|switch|p2a: Reuniclus|Reuniclus, F|100/100|[from]move: U-turn
|move|p1a: Metagross|Iron Head|p2a: Reuniclus
|-damage|p2a: Reuniclus|67/100
|
|-heal|p2a: Reuniclus|73/100|[from] item: Leftovers
|upkeep
|turn|19
|
|t:|1646349434
|switch|p1a: Whimsicott|Whimsicott, F|94/100 brn
|move|p2a: Reuniclus|Recover|p2a: Reuniclus
|-heal|p2a: Reuniclus|100/100
|
|-damage|p1a: Whimsicott|88/100 brn|[from] brn
|upkeep
|turn|20
|
|t:|1646349443
|switch|p2a: Registeel|Registeel|41/100
|move|p1a: Whimsicott|Defog|p2a: Registeel
|-fail|p2a: Registeel|unboost|[from] ability: Clear Body|[of] p2a: Registeel
|-sideend|p1: eruza02|Stealth Rock|[from] move: Defog|[of] p1a: Whimsicott
|
|-heal|p2a: Registeel|47/100|[from] item: Leftovers
|-damage|p1a: Whimsicott|82/100 brn|[from] brn
|upkeep
|turn|21
|
|t:|1646349454
|switch|p1a: Braviary|Braviary, M|70/100
|move|p2a: Registeel|Stealth Rock|p1a: Braviary
|-sidestart|p1: eruza02|move: Stealth Rock
|
|-heal|p2a: Registeel|53/100|[from] item: Leftovers
|upkeep
|turn|22
|
|t:|1646349463
|switch|p2a: Reuniclus|Reuniclus, F|100/100
|move|p1a: Braviary|Close Combat|p2a: Reuniclus
|-resisted|p2a: Reuniclus
|-damage|p2a: Reuniclus|78/100
|-unboost|p1a: Braviary|def|1
|-unboost|p1a: Braviary|spd|1
|
|-heal|p2a: Reuniclus|84/100|[from] item: Leftovers
|upkeep
|turn|23
|
|t:|1646349475
|switch|p1a: Whimsicott|Whimsicott, F|82/100 brn
|move|p2a: Reuniclus|Psyshock|p1a: Whimsicott
|-damage|p1a: Whimsicott|28/100 brn
|
|-heal|p2a: Reuniclus|91/100|[from] item: Leftovers
|-damage|p1a: Whimsicott|22/100 brn|[from] brn
|upkeep
|turn|24
|
|t:|1646349491
|switch|p2a: Registeel|Registeel|53/100
|move|p1a: Whimsicott|Defog|p2a: Registeel
|-fail|p2a: Registeel|unboost|[from] ability: Clear Body|[of] p2a: Registeel
|-sideend|p1: eruza02|Stealth Rock|[from] move: Defog|[of] p1a: Whimsicott
|
|-heal|p2a: Registeel|59/100|[from] item: Leftovers
|-damage|p1a: Whimsicott|16/100 brn|[from] brn
|upkeep
|turn|25
|
|t:|1646349501
|switch|p1a: Braviary|Braviary, M|70/100
|move|p2a: Registeel|Stealth Rock|p1a: Braviary
|-sidestart|p1: eruza02|move: Stealth Rock
|
|-heal|p2a: Registeel|65/100|[from] item: Leftovers
|upkeep
|turn|26
|
|t:|1646349510
|switch|p2a: Reuniclus|Reuniclus, F|91/100
|move|p1a: Braviary|Thrash|p2a: Reuniclus
|-damage|p2a: Reuniclus|25/100
|
|-heal|p2a: Reuniclus|31/100|[from] item: Leftovers
|upkeep
|turn|27
|
|t:|1646349522
|switch|p2a: Flygon|Flygon, F|100/100
|move|p1a: Braviary|Thrash|p2a: Flygon|[from]lockedmove
|-crit|p2a: Flygon
|-damage|p2a: Flygon|0 fnt
|faint|p2a: Flygon
|-start|p1a: Braviary|confusion|[fatigue]
|
|upkeep
|
|t:|1646349525
|switch|p2a: Registeel|Registeel|65/100
|turn|28
|
|t:|1646349537
|-activate|p1a: Braviary|confusion
|move|p1a: Braviary|Thrash|p2a: Registeel
|-resisted|p2a: Registeel
|-damage|p2a: Registeel|30/100
|move|p2a: Registeel|Seismic Toss|p1a: Braviary
|-damage|p1a: Braviary|42/100
|
|-heal|p2a: Registeel|36/100|[from] item: Leftovers
|upkeep
|turn|29
|
|t:|1646349552
|-end|p1a: Braviary|confusion
|move|p1a: Braviary|Thrash|p2a: Registeel|[from]lockedmove
|-resisted|p2a: Registeel
|-damage|p2a: Registeel|5/100
|move|p2a: Registeel|Heavy Slam|p1a: Braviary
|-damage|p1a: Braviary|2/100
|
|-heal|p2a: Registeel|11/100|[from] item: Leftovers
|upkeep
|turn|30
|
|t:|1646349563
|move|p1a: Braviary|Thrash|p2a: Registeel|[from]lockedmove
|-resisted|p2a: Registeel
|-damage|p2a: Registeel|0 fnt
|faint|p2a: Registeel
|-start|p1a: Braviary|confusion|[fatigue]
|
|upkeep
|
|t:|1646349566
|switch|p2a: Weezing|Weezing-Galar, F|25/100
|-ability|p2a: Weezing|Neutralizing Gas
|turn|31
|
|t:|1646349574
|-activate|p1a: Braviary|confusion
|move|p1a: Braviary|Thrash|p2a: Weezing
|-damage|p2a: Weezing|0 fnt
|faint|p2a: Weezing
|-end|p2a: Weezing|ability: Neutralizing Gas
|
|upkeep
|
|t:|1646349576
|switch|p2a: Reuniclus|Reuniclus, F|31/100
|turn|32
|
|t:|1646349583
|-activate|p1a: Braviary|confusion
|move|p1a: Braviary|Thrash|p2a: Reuniclus|[from]lockedmove
|-damage|p2a: Reuniclus|0 fnt
|faint|p2a: Reuniclus
|
|win|eruza02
|raw|eruza02's rating: 1344 &rarr; <strong>1367</strong><br />(+23 for winning)
|raw|Steven Davis's rating: 1403 &rarr; <strong>1380</strong><br />(-23 for losing)
|l|☆Steven Davis
||Ladder isn't responding, score probably updated but might not have (Request timeout).
