|j|☆07l中国大妈
|j|☆Parnstar
|t:|1601000498
|player|p1|07l中国大妈|102|1198
|player|p2|Parnstar|youngcouple-gen4dp|1154
|teamsize|p1|6
|teamsize|p2|6
|gametype|singles
|gen|8
|tier|[Gen 8] RU
|rated|
|clearpoke
|poke|p1|Dhelmise|
|poke|p1|Slowbro-Galar, F|
|poke|p1|Steelix, F|
|poke|p1|Comfey, F|
|poke|p1|Milotic, F|
|poke|p1|Arcanine, M|
|poke|p2|Braviary, M|
|poke|p2|Decidueye, M|
|poke|p2|Vileplume, F|
|poke|p2|Hitmontop, M|
|poke|p2|Exploud, F|
|poke|p2|Silvally-*|
|rule|Sleep Clause Mod: Limit one foe put to sleep
|rule|Species Clause: Limit one of each Pokémon
|rule|OHKO Clause: OHKO moves are banned
|rule|Evasion Moves Clause: Evasion moves are banned
|rule|Endless Battle Clause: Forcing endless battles is banned
|rule|HP Percentage Mod: HP is shown in percentages
|rule|Dynamax Clause: You cannot dynamax
|teampreview
|
|t:|1601000509
|start
|switch|p1a: Steelix|Steelix, F|100/100
|switch|p2a: USA 🏉 6-10|Braviary, M, shiny|100/100
|turn|1
|
|t:|1601000518
|move|p2a: USA 🏉 6-10|Close Combat|p1a: Steelix
|-supereffective|p1a: Steelix
|-damage|p1a: Steelix|43/100
|-unboost|p2a: USA 🏉 6-10|def|1
|-unboost|p2a: USA 🏉 6-10|spd|1
|-damage|p2a: USA 🏉 6-10|91/100|[from] item: Life Orb
|move|p1a: Steelix|Stealth Rock|p2a: USA 🏉 6-10
|-sidestart|p2: Parnstar|move: Stealth Rock
|
|-heal|p1a: Steelix|49/100|[from] item: Leftovers
|upkeep
|turn|2
|
|t:|1601000534
|switch|p1a: Comfey|Comfey, F|100/100
|move|p2a: USA 🏉 6-10|Defog|p1a: Comfey
|-unboost|p1a: Comfey|evasion|1
|-sideend|p2: Parnstar|Stealth Rock|[from] move: Defog|[of] p2a: USA 🏉 6-10
|
|upkeep
|turn|3
|
|t:|1601000549
|switch|p1a: Steelix|Steelix, F|49/100
|move|p2a: USA 🏉 6-10|Brave Bird|p1a: Steelix
|-resisted|p1a: Steelix
|-damage|p1a: Steelix|26/100
|-damage|p2a: USA 🏉 6-10|84/100|[from] Recoil
|-damage|p2a: USA 🏉 6-10|74/100|[from] item: Life Orb
|
|-heal|p1a: Steelix|32/100|[from] item: Leftovers
|upkeep
|turn|4
|
|t:|1601000560
|switch|p1a: Arcanine|Arcanine, M|100/100
|-ability|p1a: Arcanine|Intimidate|boost
|-unboost|p2a: USA 🏉 6-10|atk|1
|-ability|p2a: USA 🏉 6-10|Defiant
|-boost|p2a: USA 🏉 6-10|atk|2
|move|p2a: USA 🏉 6-10|Close Combat|p1a: Arcanine
|-crit|p1a: Arcanine
|-damage|p1a: Arcanine|12/100
|-unboost|p2a: USA 🏉 6-10|def|1
|-unboost|p2a: USA 🏉 6-10|spd|1
|-damage|p2a: USA 🏉 6-10|64/100|[from] item: Life Orb
|
|upkeep
|turn|5
|
|t:|1601000576
|move|p1a: Arcanine|Extreme Speed|p2a: USA 🏉 6-10
|-damage|p2a: USA 🏉 6-10|25/100
|move|p2a: USA 🏉 6-10|Roost|p2a: USA 🏉 6-10
|-heal|p2a: USA 🏉 6-10|75/100
|-singleturn|p2a: USA 🏉 6-10|move: Roost
|
|upkeep
|turn|6
|
|t:|1601000593
|move|p1a: Arcanine|Toxic|p2a: USA 🏉 6-10
|-status|p2a: USA 🏉 6-10|tox
|move|p2a: USA 🏉 6-10|Close Combat|p1a: Arcanine
|-damage|p1a: Arcanine|0 fnt
|-unboost|p2a: USA 🏉 6-10|def|1
|-unboost|p2a: USA 🏉 6-10|spd|1
|-damage|p2a: USA 🏉 6-10|65/100 tox|[from] item: Life Orb
|faint|p1a: Arcanine
|
|-damage|p2a: USA 🏉 6-10|59/100 tox|[from] psn
|upkeep
|
|t:|1601000607
|switch|p1a: Comfey|Comfey, F|100/100
|turn|7
|
|t:|1601000612
|move|p1a: Comfey|Trick|p2a: USA 🏉 6-10
|-activate|p1a: Comfey|move: Trick|[of] p2a: USA 🏉 6-10
|-item|p2a: USA 🏉 6-10|Choice Specs|[from] move: Trick
|-item|p1a: Comfey|Life Orb|[from] move: Trick
|move|p2a: USA 🏉 6-10|Brave Bird|p1a: Comfey
|-damage|p1a: Comfey|16/100
|-damage|p2a: USA 🏉 6-10|38/100 tox|[from] Recoil
|
|-damage|p2a: USA 🏉 6-10|25/100 tox|[from] psn
|upkeep
|turn|8
|
|t:|1601000622
|switch|p2a: Teeny bopppers|Vileplume, F, shiny|100/100
|move|p1a: Comfey|Draining Kiss|p2a: Teeny bopppers
|-resisted|p2a: Teeny bopppers
|-damage|p2a: Teeny bopppers|90/100
|-heal|p1a: Comfey|24/100|[from] drain|[of] p2a: Teeny bopppers
|-status|p1a: Comfey|par|[from] ability: Effect Spore|[of] p2a: Teeny bopppers
|-damage|p1a: Comfey|15/100 par|[from] item: Life Orb
|
|-heal|p2a: Teeny bopppers|96/100|[from] item: Black Sludge
|upkeep
|turn|9
|-message|07l中国大妈 forfeited.
|
|win|Parnstar
|l|☆07l中国大妈
|raw|07l中国大妈's rating: 1198 &rarr; <strong>1169</strong><br />(-29 for losing)
|raw|Parnstar's rating: 1154 &rarr; <strong>1182</strong><br />(+28 for winning)
