|j|☆IHill
|j|☆Miesmiel
|t:|1604551746
|player|p1|IHill|102|1358
|player|p2|Miesmiel|lance|1284
|teamsize|p1|6
|teamsize|p2|6
|gametype|singles
|gen|8
|tier|[Gen 8] RU
|rated|
|clearpoke
|poke|p1|Cinccino, M|
|poke|p1|Ninetales, M|
|poke|p1|Charizard, M|
|poke|p1|Hitmonlee, M|
|poke|p1|Druddigon, F|
|poke|p1|Leafeon, M|
|poke|p2|Nidoqueen, F|
|poke|p2|Xurkitree|
|poke|p2|Virizion|
|poke|p2|Articuno|
|poke|p2|Blastoise, F|
|poke|p2|Gigalith, F|
|rule|Sleep Clause Mod: Limit one foe put to sleep
|rule|Species Clause: Limit one of each Pokémon
|rule|OHKO Clause: OHKO moves are banned
|rule|Evasion Moves Clause: Evasion moves are banned
|rule|Endless Battle Clause: Forcing endless battles is banned
|rule|HP Percentage Mod: HP is shown in percentages
|rule|Dynamax Clause: You cannot dynamax
|teampreview
|inactive|Battle timer is ON: inactive players will automatically lose when time's up. (requested by Miesmiel)
|inactive|IHill has 120 seconds left.
|inactive|IHill has 90 seconds left.
|inactive|IHill has 60 seconds left.
|inactive|IHill has 30 seconds left.
|
|t:|1604551878
|start
|switch|p1a: Cinccino|Cinccino, M, shiny|100/100
|switch|p2a: Xurkitree|Xurkitree|100/100
|turn|1
|
|t:|1604551893
|move|p2a: Xurkitree|Volt Switch|p1a: Cinccino
|-damage|p1a: Cinccino|23/100
|
|t:|1604551904
|switch|p2a: Gigalith|Gigalith, F|100/100|[from]move: Volt Switch
|move|p1a: Cinccino|Tail Slap|p2a: Gigalith
|-resisted|p2a: Gigalith
|-damage|p2a: Gigalith|96/100
|-resisted|p2a: Gigalith
|-damage|p2a: Gigalith|92/100
|-resisted|p2a: Gigalith
|-damage|p2a: Gigalith|87/100
|-resisted|p2a: Gigalith
|-damage|p2a: Gigalith|82/100
|-resisted|p2a: Gigalith
|-damage|p2a: Gigalith|78/100
|-hitcount|p2a: Gigalith|5
|
|upkeep
|turn|2
|
|t:|1604551918
|switch|p1a: Druddigon|Druddigon, F, shiny|100/100
|move|p2a: Gigalith|Stealth Rock|p1a: Druddigon
|-sidestart|p1: IHill|move: Stealth Rock
|
|upkeep
|turn|3
|
|t:|1604551935
|move|p1a: Druddigon|Stealth Rock|p2a: Gigalith
|-sidestart|p2: Miesmiel|move: Stealth Rock
|move|p2a: Gigalith|Heavy Slam|p1a: Druddigon
|-damage|p1a: Druddigon|92/100
|-damage|p2a: Gigalith|66/100|[from] ability: Rough Skin|[of] p1a: Druddigon
|-damage|p2a: Gigalith|49/100|[from] item: Rocky Helmet|[of] p1a: Druddigon
|
|upkeep
|turn|4
|
|t:|1604551942
|move|p1a: Druddigon|Glare|p2a: Gigalith
|-status|p2a: Gigalith|par
|cant|p2a: Gigalith|par
|
|upkeep
|turn|5
|
|t:|1604551967
|move|p2a: Gigalith|Explosion|p1a: Druddigon
|-damage|p1a: Druddigon|38/100
|faint|p2a: Gigalith
|move|p1a: Druddigon|Dragon Tail|p2: Gigalith|[notarget]
|-fail|p1a: Druddigon
|
|upkeep
|
|t:|1604551986
|switch|p2a: Articuno|Articuno|100/100
|-ability|p2a: Articuno|Pressure
|turn|6
|
|t:|1604552002
|move|p2a: Articuno|Defog|p1a: Druddigon
|-unboost|p1a: Druddigon|evasion|1
|-sideend|p1: IHill|Stealth Rock|[from] move: Defog|[of] p2a: Articuno
|-sideend|p2: Miesmiel|Stealth Rock|[from] move: Defog|[of] p2a: Articuno
|move|p1a: Druddigon|Glare|p2a: Articuno
|-status|p2a: Articuno|par
|
|upkeep
|turn|7
|
|t:|1604552009
|move|p1a: Druddigon|Stealth Rock|p2a: Articuno
|-sidestart|p2: Miesmiel|move: Stealth Rock
|move|p2a: Articuno|Freeze-Dry|p1a: Druddigon
|-supereffective|p1a: Druddigon
|-damage|p1a: Druddigon|0 fnt
|faint|p1a: Druddigon
|
|upkeep
|
|t:|1604552019
|switch|p1a: Cinccino|Cinccino, M, shiny|23/100
|turn|8
|
|t:|1604552024
|move|p1a: Cinccino|Tail Slap|p2a: Articuno
|-damage|p2a: Articuno|85/100 par
|-damage|p2a: Articuno|71/100 par
|-damage|p2a: Articuno|57/100 par
|-damage|p2a: Articuno|43/100 par
|-damage|p2a: Articuno|29/100 par
|-hitcount|p2a: Articuno|5
|move|p2a: Articuno|Defog|p1a: Cinccino
|-unboost|p1a: Cinccino|evasion|1
|-sideend|p2: Miesmiel|Stealth Rock|[from] move: Defog|[of] p2a: Articuno
|
|upkeep
|turn|9
|inactive|IHill has 120 seconds left.
|
|t:|1604552031
|move|p1a: Cinccino|Tail Slap|p2a: Articuno
|-damage|p2a: Articuno|15/100 par
|-damage|p2a: Articuno|0 fnt
|-hitcount|p2a: Articuno|2
|faint|p2a: Articuno
|
|upkeep
|
|t:|1604552038
|switch|p2a: Xurkitree|Xurkitree|100/100
|turn|10
|inactive|IHill has 120 seconds left.
|
|t:|1604552057
|switch|p1a: Ninetales|Ninetales, M, shiny|100/100
|-weather|SunnyDay|[from] ability: Drought|[of] p1a: Ninetales
|move|p2a: Xurkitree|Thunderbolt|p1a: Ninetales
|-damage|p1a: Ninetales|26/100
|
|-weather|SunnyDay|[upkeep]
|upkeep
|turn|11
|
|t:|1604552065
|move|p2a: Xurkitree|Thunderbolt|p1a: Ninetales
|-damage|p1a: Ninetales|0 fnt
|faint|p1a: Ninetales
|-ability|p2a: Xurkitree|Beast Boost|boost
|-boost|p2a: Xurkitree|spa|1
|
|-weather|SunnyDay|[upkeep]
|upkeep
|
|t:|1604552066
|switch|p1a: Leafeon|Leafeon, M|100/100
|turn|12
|
|t:|1604552076
|switch|p2a: Nidoqueen|Nidoqueen, F|100/100
|move|p1a: Leafeon|Solar Blade||[still]
|-prepare|p1a: Leafeon|Solar Blade
|-anim|p1a: Leafeon|Solar Blade|p2a: Nidoqueen
|-damage|p2a: Nidoqueen|0 fnt
|faint|p2a: Nidoqueen
|
|-weather|SunnyDay|[upkeep]
|upkeep
|
|t:|1604552090
|switch|p2a: Virizion|Virizion|100/100
|turn|13
|
|t:|1604552093
|move|p1a: Leafeon|Solar Blade||[still]
|-prepare|p1a: Leafeon|Solar Blade
|-anim|p1a: Leafeon|Solar Blade|p2a: Virizion
|-resisted|p2a: Virizion
|-damage|p2a: Virizion|30/100
|move|p2a: Virizion|Close Combat|p1a: Leafeon
|-damage|p1a: Leafeon|38/100
|-unboost|p2a: Virizion|def|1
|-unboost|p2a: Virizion|spd|1
|-damage|p2a: Virizion|20/100|[from] item: Life Orb
|
|-weather|SunnyDay|[upkeep]
|upkeep
|turn|14
|
|t:|1604552099
|move|p1a: Leafeon|Solar Blade||[still]
|-prepare|p1a: Leafeon|Solar Blade
|-anim|p1a: Leafeon|Solar Blade|p2a: Virizion
|-resisted|p2a: Virizion
|-damage|p2a: Virizion|0 fnt
|faint|p2a: Virizion
|
|-weather|SunnyDay|[upkeep]
|upkeep
|
|t:|1604552108
|switch|p2a: Xurkitree|Xurkitree|100/100
|turn|15
|
|t:|1604552112
|move|p1a: Leafeon|Solar Blade||[still]
|-prepare|p1a: Leafeon|Solar Blade
|-anim|p1a: Leafeon|Solar Blade|p2a: Xurkitree
|-damage|p2a: Xurkitree|0 fnt
|faint|p2a: Xurkitree
|
|-weather|SunnyDay|[upkeep]
|upkeep
|c|☆IHill|gg
|-message|Miesmiel forfeited.
|
|win|IHill
|l|☆Miesmiel
|raw|IHill's rating: 1358 &rarr; <strong>1374</strong><br />(+16 for winning)
|raw|Miesmiel's rating: 1284 &rarr; <strong>1264</strong><br />(-20 for losing)
