|j|☆Mr.X&Y97
|j|☆Schizoption
|t:|1666056955
|gametype|singles
|player|p1|Mr.X&Y97|ingo|1275
|player|p2|Schizoption|burglar-gen1|1496
|teamsize|p1|6
|teamsize|p2|6
|gen|8
|tier|[Gen 8] RU
|rated|
|rule|Sleep Clause Mod: Limit one foe put to sleep
|rule|Species Clause: Limit one of each Pokémon
|rule|OHKO Clause: OHKO moves are banned
|rule|Evasion Items Clause: Evasion items are banned
|rule|Evasion Moves Clause: Evasion moves are banned
|rule|Endless Battle Clause: Forcing endless battles is banned
|rule|HP Percentage Mod: HP is shown in percentages
|rule|Dynamax Clause: You cannot dynamax
|clearpoke
|poke|p1|Cloyster, F|
|poke|p1|Polteageist|
|poke|p1|Barbaracle, M|
|poke|p1|Crustle, M|
|poke|p1|Tornadus, M|
|poke|p1|Carracosta, M|
|poke|p2|Weezing-Galar, M|
|poke|p2|Hitmonlee, M|
|poke|p2|Mimikyu, F|
|poke|p2|Linoone, M|
|poke|p2|Accelgor, F|
|poke|p2|Tsareena, F|
|teampreview
|inactive|Battle timer is ON: inactive players will automatically lose when time's up. (requested by Mr.X&Y97)
|c|☆Mr.X&Y97|Glhf!
|
|t:|1666056967
|start
|switch|p1a: Tornadus|Tornadus, M|100/100
|switch|p2a: EsUnNinja|Accelgor, F|100/100
|turn|1
|
|t:|1666056976
|move|p2a: EsUnNinja|Spikes|p1a: Tornadus
|-sidestart|p1: Mr.X&Y97|Spikes
|move|p1a: Tornadus|Hurricane|p2a: EsUnNinja
|-supereffective|p2a: EsUnNinja
|-enditem|p2a: EsUnNinja|Focus Sash
|-damage|p2a: EsUnNinja|1/100
|-start|p2a: EsUnNinja|confusion
|
|upkeep
|turn|2
|
|t:|1666056985
|move|p1a: Tornadus|Defog|p2a: EsUnNinja
|-unboost|p2a: EsUnNinja|evasion|1
|-sideend|p1: Mr.X&Y97|Spikes|[from] move: Defog|[of] p1a: Tornadus
|-activate|p2a: EsUnNinja|confusion
|move|p2a: EsUnNinja|Yawn|p1a: Tornadus
|-start|p1a: Tornadus|move: Yawn|[of] p2a: EsUnNinja
|
|upkeep
|turn|3
|
|t:|1666056992
|-activate|p2a: EsUnNinja|confusion
|move|p2a: EsUnNinja|Spikes|p1a: Tornadus
|-sidestart|p1: Mr.X&Y97|Spikes
|move|p1a: Tornadus|U-turn|p2a: EsUnNinja
|-damage|p2a: EsUnNinja|0 fnt
|faint|p2a: EsUnNinja
|
|t:|1666057003
|switch|p1a: Barbaracle|Barbaracle, M|100/100|[from]move: U-turn
|-damage|p1a: Barbaracle|88/100|[from] Spikes
|
|upkeep
|
|t:|1666057018
|switch|p2a: Alicia Alyes|Tsareena, F|100/100
|turn|4
|
|t:|1666057032
|move|p2a: Alicia Alyes|Power Whip|p1a: Barbaracle
|-supereffective|p1a: Barbaracle
|-damage|p1a: Barbaracle|0 fnt
|faint|p1a: Barbaracle
|
|upkeep
|
|t:|1666057037
|switch|p1a: Tornadus|Tornadus, M|100/100
|turn|5
|
|t:|1666057043
|move|p1a: Tornadus|Defog||[still]
|cant|p2a: Alicia Alyes|ability: Queenly Majesty|Defog|[of] p1a: Tornadus
|move|p2a: Alicia Alyes|Rapid Spin|p1a: Tornadus
|-damage|p1a: Tornadus|71/100
|-boost|p2a: Alicia Alyes|spe|1
|
|upkeep
|turn|6
|
|t:|1666057052
|move|p2a: Alicia Alyes|Triple Axel|p1a: Tornadus
|-supereffective|p1a: Tornadus
|-damage|p1a: Tornadus|48/100
|-supereffective|p1a: Tornadus
|-damage|p1a: Tornadus|3/100
|-supereffective|p1a: Tornadus
|-damage|p1a: Tornadus|0 fnt
|faint|p1a: Tornadus
|-hitcount|p1: Tornadus|3
|
|upkeep
|inactive|Mr.X&Y97 has 120 seconds left.
|
|t:|1666057083
|switch|p1a: Crustle|Crustle, M|100/100
|-damage|p1a: Crustle|88/100|[from] Spikes
|turn|7
|inactive|Mr.X&Y97 has 120 seconds left.
|
|t:|1666057099
|move|p2a: Alicia Alyes|Power Whip|p1a: Crustle
|-damage|p1a: Crustle|17/100
|-enditem|p1a: Crustle|Liechi Berry|[eat]
|-boost|p1a: Crustle|atk|1|[from] item: Liechi Berry
|move|p1a: Crustle|X-Scissor|p2a: Alicia Alyes
|-supereffective|p2a: Alicia Alyes
|-damage|p2a: Alicia Alyes|0 fnt
|faint|p2a: Alicia Alyes
|
|upkeep
|
|t:|1666057112
|switch|p2a: Sargator|Weezing-Galar, M|100/100
|-fieldstart|move: Misty Terrain|[from] ability: Misty Surge|[of] p2a: Sargator
|turn|8
|
|t:|1666057117
|move|p2a: Sargator|Flamethrower|p1a: Crustle
|-damage|p1a: Crustle|0 fnt
|faint|p1a: Crustle
|
|upkeep
|
|t:|1666057125
|switch|p1a: Polteageist|Polteageist|100/100
|-damage|p1a: Polteageist|88/100|[from] Spikes
|turn|9
|
|t:|1666057130
|move|p1a: Polteageist|Shell Smash|p1a: Polteageist
|-unboost|p1a: Polteageist|def|1
|-unboost|p1a: Polteageist|spd|1
|-boost|p1a: Polteageist|atk|2
|-boost|p1a: Polteageist|spa|2
|-boost|p1a: Polteageist|spe|2
|-enditem|p1a: Polteageist|White Herb
|-clearnegativeboost|p1a: Polteageist|[silent]
|move|p2a: Sargator|Misty Explosion|p1a: Polteageist
|-damage|p1a: Polteageist|17/100
|faint|p2a: Sargator
|
|upkeep
|
|t:|1666057140
|switch|p2a: Soucounyan|Mimikyu, F|100/100
|turn|10
|
|t:|1666057147
|move|p1a: Polteageist|Strength Sap|p2a: Soucounyan
|-unboost|p2a: Soucounyan|atk|1
|-heal|p1a: Polteageist|100/100
|move|p2a: Soucounyan|Swords Dance|p2a: Soucounyan
|-boost|p2a: Soucounyan|atk|2
|
|upkeep
|turn|11
|
|t:|1666057156
|move|p2a: Soucounyan|Shadow Sneak|p1a: Polteageist
|-supereffective|p1a: Polteageist
|-damage|p1a: Polteageist|0 fnt
|faint|p1a: Polteageist
|-damage|p2a: Soucounyan|91/100|[from] item: Life Orb
|
|upkeep
|
|t:|1666057164
|switch|p1a: Cloyster|Cloyster, F|100/100
|-damage|p1a: Cloyster|88/100|[from] Spikes
|turn|12
|
|t:|1666057170
|move|p2a: Soucounyan|Drain Punch|p1a: Cloyster
|-supereffective|p1a: Cloyster
|-damage|p1a: Cloyster|23/100
|-heal|p2a: Soucounyan|100/100|[from] drain|[of] p1a: Cloyster
|-damage|p2a: Soucounyan|91/100|[from] item: Life Orb
|move|p1a: Cloyster|Icicle Spear|p2a: Soucounyan
|-activate|p2a: Soucounyan|ability: Disguise
|-damage|p2a: Soucounyan|91/100
|detailschange|p2a: Soucounyan|Mimikyu-Busted, F
|-damage|p2a: Soucounyan|78/100|[from] pokemon: Mimikyu-Busted
|-damage|p2a: Soucounyan|60/100
|-damage|p2a: Soucounyan|40/100
|-damage|p2a: Soucounyan|22/100
|-damage|p2a: Soucounyan|4/100
|-hitcount|p2a: Soucounyan|5
|
|upkeep
|turn|13
|inactive|Schizoption has 120 seconds left.
|
|t:|1666057204
|move|p2a: Soucounyan|Drain Punch|p1a: Cloyster
|-supereffective|p1a: Cloyster
|-damage|p1a: Cloyster|0 fnt
|-heal|p2a: Soucounyan|15/100|[from] drain|[of] p1a: Cloyster
|faint|p1a: Cloyster
|-damage|p2a: Soucounyan|5/100|[from] item: Life Orb
|
|upkeep
|
|t:|1666057206
|switch|p1a: Carracosta|Carracosta, M|100/100
|-damage|p1a: Carracosta|88/100|[from] Spikes
|turn|14
|inactive|Schizoption has 120 seconds left.
|
|t:|1666057235
|move|p2a: Soucounyan|Play Rough|p1a: Carracosta
|-damage|p1a: Carracosta|24/100
|-enditem|p1a: Carracosta|Salac Berry|[eat]
|-boost|p1a: Carracosta|spe|1|[from] item: Salac Berry
|-damage|p2a: Soucounyan|0 fnt|[from] item: Life Orb
|faint|p2a: Soucounyan
|move|p1a: Carracosta|Shell Smash|p1a: Carracosta
|-unboost|p1a: Carracosta|def|1
|-unboost|p1a: Carracosta|spd|1
|-boost|p1a: Carracosta|atk|2
|-boost|p1a: Carracosta|spa|2
|-boost|p1a: Carracosta|spe|2
|
|upkeep
|inactive|Schizoption has 120 seconds left.
|
|t:|1666057245
|switch|p2a: IpMon|Hitmonlee, M|100/100
|-enditem|p2a: IpMon|Misty Seed
|-boost|p2a: IpMon|spd|1|[from] item: Misty Seed
|turn|15
|inactive|Schizoption has 120 seconds left.
|
|t:|1666057255
|move|p2a: IpMon|Close Combat|p1a: Carracosta
|-supereffective|p1a: Carracosta
|-damage|p1a: Carracosta|0 fnt
|-unboost|p2a: IpMon|def|1
|-unboost|p2a: IpMon|spd|1
|faint|p1a: Carracosta
|
|win|Schizoption
|raw|Mr.X&amp;Y97's rating: 1275 &rarr; <strong>1265</strong><br />(-10 for losing)
|raw|Schizoption's rating: 1506 &rarr; <strong>1514</strong><br />(+8 for winning)
|l|☆Schizoption
|c|☆Mr.X&Y97|Ggs wp!
