|j|☆taoke
|j|☆maniac cop
|t:|1667995000
|gametype|singles
|player|p1|taoke|cyclist|1523
|player|p2|maniac cop|policeman|1557
|teamsize|p1|6
|teamsize|p2|6
|gen|8
|tier|[Gen 8] RU
|rated|
|rule|Sleep Clause Mod: Limit one foe put to sleep
|rule|Species Clause: Limit one of each Pokémon
|rule|OHKO Clause: OHKO moves are banned
|rule|Evasion Items Clause: Evasion items are banned
|rule|Evasion Moves Clause: Evasion moves are banned
|rule|Endless Battle Clause: Forcing endless battles is banned
|rule|HP Percentage Mod: HP is shown in percentages
|rule|Dynamax Clause: You cannot dynamax
|clearpoke
|poke|p1|Indeedee, M|
|poke|p1|Gardevoir, F|
|poke|p1|Umbreon, F|
|poke|p1|Bronzong|
|poke|p1|Weezing-Galar, F|
|poke|p1|Crobat, M|
|poke|p2|Metagross|
|poke|p2|Chandelure, F|
|poke|p2|Umbreon, F|
|poke|p2|Weezing-Galar, M|
|poke|p2|Seismitoad, M|
|poke|p2|Grimmsnarl, M|
|teampreview
|inactive|Battle timer is ON: inactive players will automatically lose when time's up. (requested by maniac cop)
|
|t:|1667995012
|start
|switch|p1a: Gardevoir|Gardevoir, F|100/100
|switch|p2a: Seismitoad|Seismitoad, M|100/100
|-ability|p1a: Gardevoir|Water Absorb|[from] ability: Trace|[of] p2a: Seismitoad
|turn|1
|
|t:|1667995021
|switch|p2a: Metagross|Metagross|100/100
|move|p1a: Gardevoir|Moonblast|p2a: Metagross
|-resisted|p2a: Metagross
|-damage|p2a: Metagross|54/100
|
|upkeep
|turn|2
|
|t:|1667995030
|switch|p1a: Bronzong|Bronzong|100/100
|move|p2a: Metagross|Trick|p1a: Bronzong
|-activate|p2a: Metagross|move: Trick|[of] p1a: Bronzong
|-item|p1a: Bronzong|Choice Scarf|[from] move: Trick
|-item|p2a: Metagross|Leftovers|[from] move: Trick
|
|-heal|p2a: Metagross|60/100|[from] item: Leftovers
|upkeep
|turn|3
|
|t:|1667995041
|move|p2a: Metagross|Iron Head|p1a: Bronzong
|-resisted|p1a: Bronzong
|-damage|p1a: Bronzong|87/100
|move|p1a: Bronzong|Stealth Rock|p2a: Metagross
|-sidestart|p2: maniac cop|move: Stealth Rock
|
|-heal|p2a: Metagross|66/100|[from] item: Leftovers
|upkeep
|turn|4
|
|t:|1667995049
|switch|p1a: Umbreon|Umbreon, F|100/100
|move|p2a: Metagross|Iron Head|p1a: Umbreon
|-damage|p1a: Umbreon|65/100
|
|-heal|p2a: Metagross|72/100|[from] item: Leftovers
|-heal|p1a: Umbreon|72/100|[from] item: Leftovers
|upkeep
|turn|5
|
|t:|1667995062
|switch|p2a: Grimmsnarl|Grimmsnarl, M|100/100
|-damage|p2a: Grimmsnarl|88/100|[from] Stealth Rock
|-item|p1a: Umbreon|Leftovers|[from] ability: Frisk|[of] p2a: Grimmsnarl|[identify]
|move|p1a: Umbreon|Foul Play|p2a: Grimmsnarl
|-resisted|p2a: Grimmsnarl
|-damage|p2a: Grimmsnarl|70/100
|
|-heal|p1a: Umbreon|78/100|[from] item: Leftovers
|upkeep
|turn|6
|
|t:|1667995073
|move|p1a: Umbreon|Protect|p1a: Umbreon
|-singleturn|p1a: Umbreon|Protect
|move|p2a: Grimmsnarl|Trick|p1a: Umbreon
|-activate|p1a: Umbreon|move: Protect
|
|-heal|p1a: Umbreon|84/100|[from] item: Leftovers
|upkeep
|turn|7
|
|t:|1667995083
|switch|p2a: Umbreon|Umbreon, F|100/100
|-damage|p2a: Umbreon|88/100|[from] Stealth Rock
|switch|p1a: Weezing|Weezing-Galar, F|100/100
|-ability|p1a: Weezing|Neutralizing Gas
|
|-heal|p2a: Umbreon|94/100|[from] item: Leftovers
|upkeep
|turn|8
|
|t:|1667995094
|move|p2a: Umbreon|Wish|p2a: Umbreon
|move|p1a: Weezing|Corrosive Gas|p2a: Umbreon
|-enditem|p2a: Umbreon|Leftovers|[from] move: Corrosive Gas|[of] p1a: Weezing
|
|upkeep
|turn|9
|
|t:|1667995101
|switch|p2a: Metagross|Metagross|72/100
|-damage|p2a: Metagross|66/100|[from] Stealth Rock
|move|p1a: Weezing|Strange Steam|p2a: Metagross
|-resisted|p2a: Metagross
|-damage|p2a: Metagross|49/100
|
|-heal|p2a: Metagross|100/100|[from] move: Wish|[wisher] Umbreon
|upkeep
|turn|10
|
|t:|1667995112
|move|p2a: Metagross|Iron Head|p1a: Weezing
|-supereffective|p1a: Weezing
|-damage|p1a: Weezing|41/100
|move|p1a: Weezing|Will-O-Wisp|p2a: Metagross
|-status|p2a: Metagross|brn
|
|-heal|p1a: Weezing|47/100|[from] item: Black Sludge
|-damage|p2a: Metagross|95/100 brn|[from] brn
|upkeep
|turn|11
|
|t:|1667995123
|switch|p2a: Chandelure|Chandelure, F|100/100
|-damage|p2a: Chandelure|76/100|[from] Stealth Rock
|move|p1a: Weezing|Pain Split|p2a: Chandelure
|-sethp|p2a: Chandelure|68/100|[from] move: Pain Split|[silent]
|-sethp|p1a: Weezing|53/100|[from] move: Pain Split
|
|-heal|p1a: Weezing|59/100|[from] item: Black Sludge
|upkeep
|turn|12
|j| akarihikari
|
|t:|1667995134
|-end|p1a: Weezing|ability: Neutralizing Gas
|switch|p1a: Umbreon|Umbreon, F|84/100
|move|p2a: Chandelure|Trick|p1a: Umbreon
|-activate|p2a: Chandelure|move: Trick|[of] p1a: Umbreon
|-item|p1a: Umbreon|Choice Scarf|[from] move: Trick
|-item|p2a: Chandelure|Leftovers|[from] move: Trick
|
|-heal|p2a: Chandelure|74/100|[from] item: Leftovers
|upkeep
|turn|13
|
|t:|1667995145
|switch|p2a: Umbreon|Umbreon, F|94/100
|-damage|p2a: Umbreon|82/100|[from] Stealth Rock
|move|p1a: Umbreon|Foul Play|p2a: Umbreon
|-resisted|p2a: Umbreon
|-damage|p2a: Umbreon|75/100
|
|upkeep
|turn|14
|
|t:|1667995154
|switch|p1a: Gardevoir|Gardevoir, F|100/100
|-ability|p1a: Gardevoir|Synchronize|[from] ability: Trace|[of] p2a: Umbreon
|move|p2a: Umbreon|Heal Bell|p2a: Umbreon
|-activate|p2a: Umbreon|move: Heal Bell
|-curestatus|p2: Metagross|brn|[msg]
|
|upkeep
|turn|15
|
|t:|1667995164
|move|p2a: Umbreon|Protect|p2a: Umbreon
|-singleturn|p2a: Umbreon|Protect
|move|p1a: Gardevoir|Moonblast|p2a: Umbreon
|-activate|p2a: Umbreon|move: Protect
|
|upkeep
|turn|16
|
|t:|1667995171
|switch|p2a: Metagross|Metagross|95/100
|-damage|p2a: Metagross|89/100|[from] Stealth Rock
|move|p1a: Gardevoir|Moonblast|p2a: Metagross
|-resisted|p2a: Metagross
|-damage|p2a: Metagross|44/100
|
|-heal|p2a: Metagross|50/100|[from] item: Leftovers
|upkeep
|turn|17
|
|t:|1667995184
|move|p1a: Gardevoir|Moonblast|p2a: Metagross
|-resisted|p2a: Metagross
|-damage|p2a: Metagross|4/100
|move|p2a: Metagross|Iron Head|p1a: Gardevoir
|-supereffective|p1a: Gardevoir
|-damage|p1a: Gardevoir|0 fnt
|faint|p1a: Gardevoir
|
|-heal|p2a: Metagross|10/100|[from] item: Leftovers
|upkeep
|
|t:|1667995193
|switch|p1a: Indeedee|Indeedee, M|100/100
|-fieldstart|move: Psychic Terrain|[from] ability: Psychic Surge|[of] p1a: Indeedee
|turn|18
|
|t:|1667995200
|switch|p2a: Umbreon|Umbreon, F|75/100
|-damage|p2a: Umbreon|63/100|[from] Stealth Rock
|move|p1a: Indeedee|Hyper Voice|p2a: Umbreon
|-damage|p2a: Umbreon|40/100
|
|upkeep
|turn|19
|
|t:|1667995211
|switch|p1a: Weezing|Weezing-Galar, F|59/100
|-ability|p1a: Weezing|Neutralizing Gas
|move|p2a: Umbreon|Wish|p2a: Umbreon
|
|-heal|p1a: Weezing|65/100|[from] item: Black Sludge
|upkeep
|turn|20
|
|t:|1667995221
|move|p2a: Umbreon|Protect|p2a: Umbreon
|-singleturn|p2a: Umbreon|Protect
|move|p1a: Weezing|Strange Steam|p2a: Umbreon
|-activate|p2a: Umbreon|move: Protect
|
|-heal|p2a: Umbreon|90/100|[from] move: Wish|[wisher] Umbreon
|-heal|p1a: Weezing|71/100|[from] item: Black Sludge
|upkeep
|turn|21
|
|t:|1667995231
|move|p2a: Umbreon|Wish|p2a: Umbreon
|move|p1a: Weezing|Strange Steam|p2a: Umbreon
|-supereffective|p2a: Umbreon
|-damage|p2a: Umbreon|61/100
|
|-heal|p1a: Weezing|77/100|[from] item: Black Sludge
|upkeep
|turn|22
|l| akarihikari
|
|t:|1667995239
|switch|p2a: Chandelure|Chandelure, F|74/100
|-damage|p2a: Chandelure|49/100|[from] Stealth Rock
|move|p1a: Weezing|Strange Steam|p2a: Chandelure
|-resisted|p2a: Chandelure
|-damage|p2a: Chandelure|30/100
|
|-heal|p2a: Chandelure|100/100|[from] move: Wish|[wisher] Umbreon
|-heal|p1a: Weezing|83/100|[from] item: Black Sludge
|-fieldend|move: Psychic Terrain
|upkeep
|turn|23
|
|t:|1667995255
|move|p2a: Chandelure|Overheat|p1a: Weezing
|-damage|p1a: Weezing|0 fnt
|-unboost|p2a: Chandelure|spa|2
|faint|p1a: Weezing
|-end|p1a: Weezing|ability: Neutralizing Gas
|
|upkeep
|
|t:|1667995261
|switch|p1a: Crobat|Crobat, M|100/100
|turn|24
|
|t:|1667995269
|switch|p2a: Weezing|Weezing-Galar, M|100/100
|-damage|p2a: Weezing|88/100|[from] Stealth Rock
|move|p1a: Crobat|Brave Bird|p2a: Weezing
|-damage|p2a: Weezing|65/100
|-damage|p1a: Crobat|84/100|[from] item: Rocky Helmet|[of] p2a: Weezing
|-damage|p1a: Crobat|77/100|[from] Recoil
|
|upkeep
|turn|25
|
|t:|1667995291
|switch|p1a: Indeedee|Indeedee, M|100/100
|-fieldstart|move: Psychic Terrain|[from] ability: Psychic Surge|[of] p1a: Indeedee
|move|p2a: Weezing|Defog|p1a: Indeedee
|-unboost|p1a: Indeedee|evasion|1
|-sideend|p2: maniac cop|Stealth Rock|[from] move: Defog|[of] p2a: Weezing
|-fieldend|move: Psychic Terrain
|
|upkeep
|turn|26
|
|t:|1667995301
|switch|p2a: Umbreon|Umbreon, F|61/100
|move|p1a: Indeedee|Trick|p2a: Umbreon
|-activate|p1a: Indeedee|move: Trick|[of] p2a: Umbreon
|-item|p2a: Umbreon|Choice Scarf|[from] move: Trick
|-enditem|p1a: Indeedee|Choice Scarf|[silent]|[from] move: Trick
|
|upkeep
|turn|27
|
|t:|1667995319
|switch|p1a: Crobat|Crobat, M|77/100
|move|p2a: Umbreon|Foul Play|p1a: Crobat
|-damage|p1a: Crobat|46/100
|
|upkeep
|turn|28
|
|t:|1667995331
|switch|p2a: Weezing|Weezing-Galar, M|65/100
|move|p1a: Crobat|Roost|p1a: Crobat
|-heal|p1a: Crobat|96/100
|-singleturn|p1a: Crobat|move: Roost
|
|upkeep
|turn|29
|inactive|taoke has 120 seconds left.
|
|t:|1667995360
|switch|p1a: Bronzong|Bronzong|87/100
|move|p2a: Weezing|Strange Steam|p1a: Bronzong
|-resisted|p1a: Bronzong
|-crit|p1a: Bronzong
|-damage|p1a: Bronzong|69/100
|
|upkeep
|turn|30
|
|t:|1667995368
|move|p2a: Weezing|Fire Blast|p1a: Bronzong
|-supereffective|p1a: Bronzong
|-damage|p1a: Bronzong|28/100
|move|p1a: Bronzong|Stealth Rock|p2a: Weezing
|-sidestart|p2: maniac cop|move: Stealth Rock
|
|upkeep
|turn|31
|
|t:|1667995376
|switch|p1a: Indeedee|Indeedee, M|100/100
|-fieldstart|move: Psychic Terrain|[from] ability: Psychic Surge|[of] p1a: Indeedee
|move|p2a: Weezing|Defog|p1a: Indeedee
|-unboost|p1a: Indeedee|evasion|1
|-sideend|p2: maniac cop|Stealth Rock|[from] move: Defog|[of] p2a: Weezing
|-fieldend|move: Psychic Terrain
|
|upkeep
|turn|32
|
|t:|1667995386
|switch|p2a: Umbreon|Umbreon, F|61/100
|move|p1a: Indeedee|Hyper Voice|p2a: Umbreon
|-damage|p2a: Umbreon|39/100
|
|upkeep
|turn|33
|
|t:|1667995393
|move|p1a: Indeedee|Hyper Voice|p2a: Umbreon
|-damage|p2a: Umbreon|16/100
|move|p2a: Umbreon|Wish|p2a: Umbreon
|
|upkeep
|turn|34
|
|t:|1667995401
|switch|p2a: Grimmsnarl|Grimmsnarl, M|70/100
|move|p1a: Indeedee|Hyper Voice|p2a: Grimmsnarl
|-damage|p2a: Grimmsnarl|21/100
|
|-heal|p2a: Grimmsnarl|80/100|[from] move: Wish|[wisher] Umbreon
|upkeep
|turn|35
|
|t:|1667995417
|switch|p1a: Crobat|Crobat, M|96/100
|move|p2a: Grimmsnarl|Darkest Lariat|p1a: Crobat
|-damage|p1a: Crobat|31/100
|
|upkeep
|turn|36
|
|t:|1667995426
|move|p1a: Crobat|Roost|p1a: Crobat
|-heal|p1a: Crobat|81/100
|-singleturn|p1a: Crobat|move: Roost
|move|p2a: Grimmsnarl|Darkest Lariat|p1a: Crobat
|-damage|p1a: Crobat|6/100
|
|upkeep
|turn|37
|
|t:|1667995434
|move|p1a: Crobat|Brave Bird|p2a: Grimmsnarl
|-damage|p2a: Grimmsnarl|29/100
|-damage|p1a: Crobat|0 fnt|[from] Recoil
|faint|p1a: Crobat
|move|p2a: Grimmsnarl|Darkest Lariat|p1: Crobat|[notarget]
|-fail|p2a: Grimmsnarl
|
|upkeep
|
|t:|1667995443
|switch|p1a: Indeedee|Indeedee, M|100/100
|-fieldstart|move: Psychic Terrain|[from] ability: Psychic Surge|[of] p1a: Indeedee
|turn|38
|
|t:|1667995451
|switch|p2a: Umbreon|Umbreon, F|16/100
|move|p1a: Indeedee|Hyper Voice|p2a: Umbreon
|-damage|p2a: Umbreon|0 fnt
|faint|p2a: Umbreon
|
|upkeep
|
|t:|1667995465
|switch|p2a: Chandelure|Chandelure, F|100/100
|turn|39
|
|t:|1667995477
|switch|p1a: Bronzong|Bronzong|28/100
|move|p2a: Chandelure|Overheat|p1a: Bronzong
|-supereffective|p1a: Bronzong
|-damage|p1a: Bronzong|0 fnt
|-unboost|p2a: Chandelure|spa|2
|faint|p1a: Bronzong
|
|upkeep
|
|t:|1667995485
|switch|p1a: Indeedee|Indeedee, M|100/100
|turn|40
|
|t:|1667995492
|switch|p2a: Metagross|Metagross|10/100
|move|p1a: Indeedee|Expanding Force|p2a: Metagross
|-resisted|p2a: Metagross
|-damage|p2a: Metagross|0 fnt
|faint|p2a: Metagross
|
|upkeep
|
|t:|1667995500
|switch|p2a: Chandelure|Chandelure, F|100/100
|turn|41
|
|t:|1667995508
|move|p1a: Indeedee|Expanding Force|p2a: Chandelure
|-damage|p2a: Chandelure|0 fnt
|faint|p2a: Chandelure
|
|upkeep
|
|t:|1667995518
|switch|p2a: Seismitoad|Seismitoad, M|100/100
|turn|42
|
|t:|1667995522
|move|p1a: Indeedee|Expanding Force|p2a: Seismitoad
|-damage|p2a: Seismitoad|12/100
|move|p2a: Seismitoad|Earthquake|p1a: Indeedee
|-damage|p1a: Indeedee|7/100
|
|-fieldend|move: Psychic Terrain
|upkeep
|turn|43
|
|t:|1667995531
|switch|p2a: Grimmsnarl|Grimmsnarl, M|29/100
|move|p1a: Indeedee|Hyper Voice|p2a: Grimmsnarl
|-damage|p2a: Grimmsnarl|0 fnt
|faint|p2a: Grimmsnarl
|
|upkeep
|-message|maniac cop forfeited.
|
|win|taoke
|raw|taoke's rating: 1523 &rarr; <strong>1545</strong><br />(+22 for winning)
|raw|maniac cop's rating: 1557 &rarr; <strong>1535</strong><br />(-22 for losing)
|l|☆maniac cop
||Ladder isn't responding, score probably updated but might not have (Request timeout).
