|j|☆Feliburn
|j|☆Silvally-Gold
|inactive|Battle timer is ON: inactive players will automatically lose when time's up.
|t:|1648409600
|gametype|singles
|player|p1|Feliburn|#feliburn|
|player|p2|Silvally-Gold|teacher-gen2|
|teamsize|p1|6
|teamsize|p2|6
|gen|8
|tier|[Gen 8] RU
|rated|Tournament battle
|rule|Sleep Clause Mod: Limit one foe put to sleep
|rule|Species Clause: Limit one of each Pokémon
|rule|OHKO Clause: OHKO moves are banned
|rule|Evasion Moves Clause: Evasion moves are banned
|rule|Endless Battle Clause: Forcing endless battles is banned
|rule|HP Percentage Mod: HP is shown in percentages
|rule|Dynamax Clause: You cannot dynamax
|rule|Inverse Mod: Weaknesses become resistances, while resistances and immunities become weaknesses.
|clearpoke
|poke|p1|Sharpedo, M|
|poke|p1|Roserade, F|
|poke|p1|Heliolisk, F|
|poke|p1|Flygon, M|
|poke|p1|Cobalion|
|poke|p1|Crobat, M|
|poke|p2|Frosmoth, M|
|poke|p2|Roserade, F|
|poke|p2|Nidoqueen, F|
|poke|p2|Jellicent, M|
|poke|p2|Umbreon, F|
|poke|p2|Noivern, F|
|teampreview
|c|☆Feliburn|hf
|c|☆Silvally-Gold|hf
|j|+yOuRwElCoMeThAnK
|c|+yOuRwElCoMeThAnK|omg the moth
|
|t:|1648409624
|start
|switch|p1a: Roserade|Roserade, F|100/100
|switch|p2a: Noivern|Noivern, F|100/100
|turn|1
|c|+yOuRwElCoMeThAnK|focus blast rn
|
|t:|1648409643
|switch|p2a: Roserade|Roserade, F|100/100
|move|p1a: Roserade|Sleep Powder|p2a: Roserade
|-immune|p2a: Roserade
|
|upkeep
|turn|2
|c|☆Feliburn|that should work
|c|☆Feliburn|on inverse
|j|%bigbtboy
|
|t:|1648409658
|move|p1a: Roserade|Leaf Storm|p2a: Roserade
|-supereffective|p2a: Roserade
|-damage|p2a: Roserade|0 fnt
|-unboost|p1a: Roserade|spa|2
|faint|p2a: Roserade
|
|upkeep
|
|t:|1648409670
|switch|p2a: Frosmoth|Frosmoth, M|100/100
|turn|3
|c|+yOuRwElCoMeThAnK|in
|
|t:|1648409685
|move|p1a: Roserade|Sleep Powder|p2a: Frosmoth
|-status|p2a: Frosmoth|slp|[from] move: Sleep Powder
|cant|p2a: Frosmoth|slp
|
|upkeep
|turn|4
|
|t:|1648409692
|switch|p1a: Flygon|Flygon, M|100/100
|cant|p2a: Frosmoth|slp
|
|upkeep
|turn|5
|
|t:|1648409698
|switch|p2a: Nidoqueen|Nidoqueen, F|100/100
|move|p1a: Flygon|Earthquake|p2a: Nidoqueen
|-resisted|p2a: Nidoqueen
|-damage|p2a: Nidoqueen|73/100
|
|upkeep
|turn|6
|
|t:|1648409703
|move|p1a: Flygon|Stone Edge|p2a: Nidoqueen
|-supereffective|p2a: Nidoqueen
|-crit|p2a: Nidoqueen
|-damage|p2a: Nidoqueen|0 fnt
|faint|p2a: Nidoqueen
|
|upkeep
|
|t:|1648409709
|switch|p2a: Noivern|Noivern, F|100/100
|turn|7
|
|t:|1648409713
|move|p2a: Noivern|Flamethrower|p1a: Flygon
|-supereffective|p1a: Flygon
|-damage|p1a: Flygon|26/100
|move|p1a: Flygon|Dragon Dance|p1a: Flygon
|-boost|p1a: Flygon|atk|1
|-boost|p1a: Flygon|spe|1
|
|upkeep
|turn|8
|c|%bigbtboy|this is unbelievably fucked up
|
|t:|1648409723
|move|p1a: Flygon|Earthquake|p2a: Noivern
|-supereffective|p2a: Noivern
|-damage|p2a: Noivern|0 fnt
|faint|p2a: Noivern
|
|upkeep
|
|t:|1648409726
|switch|p2a: Umbreon|Umbreon, F|100/100
|turn|9
|
|t:|1648409728
|move|p1a: Flygon|Earthquake|p2a: Umbreon
|-damage|p2a: Umbreon|42/100
|move|p2a: Umbreon|Foul Play|p1a: Flygon
|-damage|p1a: Flygon|0 fnt
|faint|p1a: Flygon
|
|upkeep
|c|+yOuRwElCoMeThAnK|no shuca vern?
|c|+yOuRwElCoMeThAnK|smh
|
|t:|1648409732
|switch|p1a: Sharpedo|Sharpedo, M|100/100
|turn|10
|
|t:|1648409735
|switch|p2a: Jellicent|Jellicent, M|100/100
|move|p1a: Sharpedo|Crunch|p2a: Jellicent
|-resisted|p2a: Jellicent
|-damage|p2a: Jellicent|79/100
|-damage|p1a: Sharpedo|91/100|[from] item: Life Orb
|
|-ability|p1a: Sharpedo|Speed Boost|boost
|-boost|p1a: Sharpedo|spe|1
|upkeep
|turn|11
|
|t:|1648409740
|move|p1a: Sharpedo|Close Combat|p2a: Jellicent
|-supereffective|p2a: Jellicent
|-damage|p2a: Jellicent|0 fnt
|-unboost|p1a: Sharpedo|def|1
|-unboost|p1a: Sharpedo|spd|1
|faint|p2a: Jellicent
|-damage|p1a: Sharpedo|81/100|[from] item: Life Orb
|
|-ability|p1a: Sharpedo|Speed Boost|boost
|-boost|p1a: Sharpedo|spe|1
|upkeep
|
|t:|1648409746
|switch|p2a: Umbreon|Umbreon, F|42/100
|turn|12
|
|t:|1648409749
|move|p1a: Sharpedo|Crunch|p2a: Umbreon
|-supereffective|p2a: Umbreon
|-damage|p2a: Umbreon|0 fnt
|faint|p2a: Umbreon
|-damage|p1a: Sharpedo|71/100|[from] item: Life Orb
|
|-ability|p1a: Sharpedo|Speed Boost|boost
|-boost|p1a: Sharpedo|spe|1
|upkeep
|
|t:|1648409751
|switch|p2a: Frosmoth|Frosmoth, M|100/100 slp
|turn|13
|
|t:|1648409753
|move|p1a: Sharpedo|Crunch|p2a: Frosmoth
|-damage|p2a: Frosmoth|0 fnt
|faint|p2a: Frosmoth
|-damage|p1a: Sharpedo|61/100|[from] item: Life Orb
|
|win|Feliburn
|n|☆Feliburn|feliburn
|n|☆Silvally-Gold|silvallygold
|n| yOuRwElCoMeThAnK|yourwelcomethank
|n| bigbtboy|bigbtboy
