|j|☆kecleonismyhomie
|j|☆purple mountains
|t:|1615761012
|player|p1|kecleonismyhomie|hiker-gen4|1513
|player|p2|purple mountains|teammagmagruntf-gen3|1475
|teamsize|p1|6
|teamsize|p2|6
|gametype|singles
|gen|8
|tier|[Gen 8] RU
|rated|
|clearpoke
|poke|p1|Heracross, M|
|poke|p1|Registeel|
|poke|p1|Raikou|
|poke|p1|Milotic, F|
|poke|p1|Crobat, F|
|poke|p1|Zygarde-10%|
|poke|p2|Mienshao, M|
|poke|p2|Raikou|
|poke|p2|Zarude|
|poke|p2|Gastrodon, M|
|poke|p2|Cobalion|
|poke|p2|Weezing-Galar, M|
|rule|Sleep Clause Mod: Limit one foe put to sleep
|rule|Species Clause: Limit one of each Pokémon
|rule|OHKO Clause: OHKO moves are banned
|rule|Evasion Moves Clause: Evasion moves are banned
|rule|Endless Battle Clause: Forcing endless battles is banned
|rule|HP Percentage Mod: HP is shown in percentages
|rule|Dynamax Clause: You cannot dynamax
|teampreview
|inactive|Battle timer is ON: inactive players will automatically lose when time's up. (requested by purple mountains)
|
|t:|1615761075
|start
|switch|p1a: Crobat|Crobat, F|100/100
|switch|p2a: Mienshao|Mienshao, M|100/100
|turn|1
|
|t:|1615761086
|move|p2a: Mienshao|U-turn|p1a: Crobat
|-resisted|p1a: Crobat
|-damage|p1a: Crobat|93/100
|
|t:|1615761089
|switch|p2a: Cobalion|Cobalion|100/100|[from]move: U-turn
|move|p1a: Crobat|Brave Bird|p2a: Cobalion
|-damage|p2a: Cobalion|65/100
|-damage|p1a: Crobat|77/100|[from] item: Rocky Helmet|[of] p2a: Cobalion
|-damage|p1a: Crobat|66/100|[from] Recoil
|
|upkeep
|turn|2
|
|t:|1615761119
|switch|p1a: Raikou|Raikou|100/100
|-ability|p1a: Raikou|Pressure
|move|p2a: Cobalion|Stealth Rock|p1a: Raikou
|-sidestart|p1: kecleonismyhomie|move: Stealth Rock
|
|upkeep
|turn|3
|
|t:|1615761129
|switch|p2a: Gastrodon|Gastrodon, M|100/100
|move|p1a: Raikou|Toxic|p2a: Gastrodon
|-status|p2a: Gastrodon|tox
|
|-damage|p2a: Gastrodon|94/100 tox|[from] psn
|upkeep
|turn|4
|
|t:|1615761145
|switch|p1a: Heracross|Heracross, M|100/100
|-damage|p1a: Heracross|88/100|[from] Stealth Rock
|move|p2a: Gastrodon|Ice Beam|p1a: Heracross
|-damage|p1a: Heracross|64/100
|
|-heal|p2a: Gastrodon|100/100 tox|[from] item: Leftovers
|-damage|p2a: Gastrodon|88/100 tox|[from] psn
|-status|p1a: Heracross|brn|[from] item: Flame Orb
|upkeep
|turn|5
|
|t:|1615761150
|switch|p2a: Weezing|Weezing-Galar, M|100/100
|move|p1a: Heracross|Facade|p2a: Weezing
|-damage|p2a: Weezing|56/100
|-damage|p1a: Heracross|47/100 brn|[from] item: Rocky Helmet|[of] p2a: Weezing
|
|-damage|p1a: Heracross|41/100 brn|[from] brn
|upkeep
|turn|6
|
|t:|1615761175
|move|p1a: Heracross|Facade|p2a: Weezing
|-damage|p2a: Weezing|8/100
|-damage|p1a: Heracross|24/100 brn|[from] item: Rocky Helmet|[of] p2a: Weezing
|move|p2a: Weezing|Strange Steam|p1a: Heracross
|-supereffective|p1a: Heracross
|-damage|p1a: Heracross|0 fnt
|faint|p1a: Heracross
|
|upkeep
|
|t:|1615761183
|switch|p1a: Zygarde|Zygarde-10%|100/100
|-damage|p1a: Zygarde|94/100|[from] Stealth Rock
|-ability|p1a: Zygarde|Aura Break
|turn|7
|
|t:|1615761188
|move|p1a: Zygarde|Thousand Arrows|p2a: Weezing
|-supereffective|p2a: Weezing
|-damage|p2a: Weezing|0 fnt
|faint|p2a: Weezing
|
|upkeep
|
|t:|1615761191
|switch|p2a: Zarude|Zarude|100/100
|turn|8
|
|t:|1615761200
|switch|p1a: Registeel|Registeel|100/100
|-damage|p1a: Registeel|94/100|[from] Stealth Rock
|move|p2a: Zarude|U-turn|p1a: Registeel
|-resisted|p1a: Registeel
|-damage|p1a: Registeel|88/100
|
|t:|1615761208
|switch|p2a: Cobalion|Cobalion|65/100|[from]move: U-turn
|
|-heal|p1a: Registeel|94/100|[from] item: Leftovers
|upkeep
|turn|9
|
|t:|1615761213
|move|p1a: Registeel|Protect|p1a: Registeel
|-singleturn|p1a: Registeel|Protect
|move|p2a: Cobalion|Close Combat|p1a: Registeel
|-activate|p1a: Registeel|move: Protect
|
|-heal|p1a: Registeel|99/100|[from] item: Leftovers
|upkeep
|turn|10
|
|t:|1615761219
|switch|p1a: Milotic|Milotic, F|100/100
|move|p2a: Cobalion|Close Combat|p1a: Milotic
|-damage|p1a: Milotic|64/100
|-unboost|p2a: Cobalion|def|1
|-unboost|p2a: Cobalion|spd|1
|
|upkeep
|turn|11
|
|t:|1615761222
|move|p2a: Cobalion|Volt Switch|p1a: Milotic
|-supereffective|p1a: Milotic
|-damage|p1a: Milotic|46/100
|
|t:|1615761229
|switch|p2a: Zarude|Zarude|100/100|[from]move: Volt Switch
|move|p1a: Milotic|Recover|p1a: Milotic
|-heal|p1a: Milotic|96/100
|
|upkeep
|turn|12
|
|t:|1615761236
|switch|p1a: Registeel|Registeel|99/100
|-damage|p1a: Registeel|94/100|[from] Stealth Rock
|move|p2a: Zarude|U-turn|p1a: Registeel
|-resisted|p1a: Registeel
|-damage|p1a: Registeel|86/100
|
|t:|1615761253
|switch|p2a: Mienshao|Mienshao, M|100/100|[from]move: U-turn
|
|-heal|p1a: Registeel|92/100|[from] item: Leftovers
|upkeep
|turn|13
|
|t:|1615761257
|move|p1a: Registeel|Protect|p1a: Registeel
|-singleturn|p1a: Registeel|Protect
|move|p2a: Mienshao|Knock Off|p1a: Registeel
|-activate|p1a: Registeel|move: Protect
|
|-heal|p1a: Registeel|98/100|[from] item: Leftovers
|upkeep
|turn|14
|
|t:|1615761273
|switch|p1a: Milotic|Milotic, F|96/100
|move|p2a: Mienshao|Knock Off|p1a: Milotic
|-damage|p1a: Milotic|69/100
|-enditem|p1a: Milotic|Heavy-Duty Boots|[from] move: Knock Off|[of] p2a: Mienshao
|
|upkeep
|turn|15
|
|t:|1615761280
|switch|p2a: Zarude|Zarude|100/100
|move|p1a: Milotic|Ice Beam|p2a: Zarude
|-supereffective|p2a: Zarude
|-damage|p2a: Zarude|62/100
|
|upkeep
|turn|16
|
|t:|1615761304
|switch|p1a: Crobat|Crobat, F|66/100
|move|p2a: Zarude|U-turn|p1a: Crobat
|-resisted|p1a: Crobat
|-damage|p1a: Crobat|59/100
|
|t:|1615761313
|switch|p2a: Raikou|Raikou|100/100|[from]move: U-turn
|-ability|p2a: Raikou|Pressure
|
|upkeep
|turn|17
|
|t:|1615761321
|move|p1a: Crobat|U-turn|p2a: Raikou
|-damage|p2a: Raikou|78/100
|
|t:|1615761337
|switch|p1a: Registeel|Registeel|98/100|[from]move: U-turn
|-damage|p1a: Registeel|92/100|[from] Stealth Rock
|move|p2a: Raikou|Scald|p1a: Registeel
|-damage|p1a: Registeel|79/100
|-status|p1a: Registeel|brn
|
|-heal|p1a: Registeel|85/100 brn|[from] item: Leftovers
|-damage|p1a: Registeel|79/100 brn|[from] brn
|upkeep
|turn|18
|
|t:|1615761348
|move|p2a: Raikou|Volt Switch|p1a: Registeel
|-damage|p1a: Registeel|60/100 brn
|
|t:|1615761351
|switch|p2a: Cobalion|Cobalion|65/100|[from]move: Volt Switch
|move|p1a: Registeel|Body Press|p2a: Cobalion
|-supereffective|p2a: Cobalion
|-damage|p2a: Cobalion|43/100
|-damage|p1a: Registeel|43/100 brn|[from] item: Rocky Helmet|[of] p2a: Cobalion
|
|-heal|p1a: Registeel|49/100 brn|[from] item: Leftovers
|-damage|p1a: Registeel|43/100 brn|[from] brn
|upkeep
|turn|19
|
|t:|1615761356
|move|p1a: Registeel|Protect|p1a: Registeel
|-singleturn|p1a: Registeel|Protect
|move|p2a: Cobalion|Close Combat|p1a: Registeel
|-activate|p1a: Registeel|move: Protect
|
|-heal|p1a: Registeel|49/100 brn|[from] item: Leftovers
|-damage|p1a: Registeel|43/100 brn|[from] brn
|upkeep
|turn|20
|
|t:|1615761364
|switch|p1a: Raikou|Raikou|100/100
|-ability|p1a: Raikou|Pressure
|move|p2a: Cobalion|Close Combat|p1a: Raikou
|-damage|p1a: Raikou|33/100
|-unboost|p2a: Cobalion|def|1
|-unboost|p2a: Cobalion|spd|1
|
|upkeep
|turn|21
|
|t:|1615761371
|switch|p2a: Gastrodon|Gastrodon, M|88/100 tox
|move|p1a: Raikou|Aura Sphere|p2a: Gastrodon
|-damage|p2a: Gastrodon|71/100 tox
|
|-heal|p2a: Gastrodon|77/100 tox|[from] item: Leftovers
|-damage|p2a: Gastrodon|71/100 tox|[from] psn
|upkeep
|turn|22
|
|t:|1615761385
|switch|p1a: Crobat|Crobat, F|59/100
|move|p2a: Gastrodon|Ice Beam|p1a: Crobat
|-supereffective|p1a: Crobat
|-damage|p1a: Crobat|12/100
|
|-heal|p2a: Gastrodon|77/100 tox|[from] item: Leftovers
|-damage|p2a: Gastrodon|65/100 tox|[from] psn
|upkeep
|turn|23
|
|t:|1615761403
|move|p1a: Crobat|Defog|p2a: Gastrodon
|-unboost|p2a: Gastrodon|evasion|1
|-sideend|p1: kecleonismyhomie|Stealth Rock|[from] move: Defog|[of] p1a: Crobat
|move|p2a: Gastrodon|Earth Power|p1a: Crobat
|-immune|p1a: Crobat
|
|-heal|p2a: Gastrodon|71/100 tox|[from] item: Leftovers
|-damage|p2a: Gastrodon|53/100 tox|[from] psn
|upkeep
|turn|24
|
|t:|1615761422
|switch|p1a: Zygarde|Zygarde-10%|94/100
|-ability|p1a: Zygarde|Aura Break
|switch|p2a: Cobalion|Cobalion|43/100
|
|upkeep
|turn|25
|
|t:|1615761443
|switch|p2a: Gastrodon|Gastrodon, M|53/100 tox
|move|p1a: Zygarde|Superpower|p2a: Gastrodon
|-damage|p2a: Gastrodon|5/100 tox
|-unboost|p1a: Zygarde|atk|1
|-unboost|p1a: Zygarde|def|1
|
|-heal|p2a: Gastrodon|12/100 tox|[from] item: Leftovers
|-damage|p2a: Gastrodon|5/100 tox|[from] psn
|upkeep
|turn|26
|inactive|purple mountains has 120 seconds left.
|inactive|purple mountains has 90 seconds left.
|
|t:|1615761489
|switch|p2a: Mienshao|Mienshao, M|100/100
|move|p1a: Zygarde|Superpower|p2a: Mienshao
|-damage|p2a: Mienshao|37/100
|-unboost|p1a: Zygarde|atk|1
|-unboost|p1a: Zygarde|def|1
|
|upkeep
|turn|27
|
|t:|1615761503
|switch|p1a: Registeel|Registeel|43/100 brn
|move|p2a: Mienshao|Close Combat|p1a: Registeel
|-supereffective|p1a: Registeel
|-damage|p1a: Registeel|0 fnt
|-unboost|p2a: Mienshao|def|1
|-unboost|p2a: Mienshao|spd|1
|faint|p1a: Registeel
|
|upkeep
|
|t:|1615761511
|switch|p1a: Zygarde|Zygarde-10%|94/100
|-ability|p1a: Zygarde|Aura Break
|turn|28
|
|t:|1615761515
|switch|p2a: Gastrodon|Gastrodon, M|5/100 tox
|move|p1a: Zygarde|Extreme Speed|p2a: Gastrodon
|-damage|p2a: Gastrodon|0 fnt
|faint|p2a: Gastrodon
|
|upkeep
|
|t:|1615761524
|switch|p2a: Cobalion|Cobalion|43/100
|turn|29
|inactive|kecleonismyhomie has 120 seconds left.
|
|t:|1615761569
|switch|p1a: Raikou|Raikou|33/100
|-ability|p1a: Raikou|Pressure
|move|p2a: Cobalion|Close Combat|p1a: Raikou
|-damage|p1a: Raikou|0 fnt
|-unboost|p2a: Cobalion|def|1
|-unboost|p2a: Cobalion|spd|1
|faint|p1a: Raikou
|
|upkeep
|
|t:|1615761571
|switch|p1a: Crobat|Crobat, F|12/100
|turn|30
|inactive|purple mountains has 120 seconds left.
|
|t:|1615761595
|move|p1a: Crobat|Roost|p1a: Crobat
|-heal|p1a: Crobat|62/100
|-singleturn|p1a: Crobat|move: Roost
|move|p2a: Cobalion|Volt Switch|p1a: Crobat
|-damage|p1a: Crobat|48/100
|
|t:|1615761613
|switch|p2a: Raikou|Raikou|78/100|[from]move: Volt Switch
|-ability|p2a: Raikou|Pressure
|
|upkeep
|turn|31
|
|t:|1615761618
|move|p1a: Crobat|U-turn|p2a: Raikou
|-damage|p2a: Raikou|55/100
|
|t:|1615761620
|switch|p1a: Zygarde|Zygarde-10%|94/100|[from]move: U-turn
|-ability|p1a: Zygarde|Aura Break
|move|p2a: Raikou|Scald|p1a: Zygarde
|-damage|p1a: Zygarde|55/100
|
|upkeep
|turn|32
|inactive|purple mountains has 90 seconds left.
|
|t:|1615761653
|move|p2a: Raikou|Scald|p1a: Zygarde
|-damage|p1a: Zygarde|12/100
|move|p1a: Zygarde|Superpower|p2a: Raikou
|-damage|p2a: Raikou|0 fnt
|-unboost|p1a: Zygarde|atk|1
|-unboost|p1a: Zygarde|def|1
|faint|p2a: Raikou
|
|upkeep
|inactive|purple mountains has 90 seconds left.
|
|t:|1615761663
|switch|p2a: Mienshao|Mienshao, M|70/100
|turn|33
|inactive|purple mountains has 90 seconds left.
|inactive|kecleonismyhomie has 120 seconds left.
|
|t:|1615761703
|switch|p1a: Milotic|Milotic, F|69/100
|move|p2a: Mienshao|U-turn|p1a: Milotic
|-damage|p1a: Milotic|52/100
|
|t:|1615761707
|switch|p2a: Zarude|Zarude|62/100|[from]move: U-turn
|
|upkeep
|turn|34
|inactive|purple mountains has 90 seconds left.
|
|t:|1615761720
|move|p2a: Zarude|Darkest Lariat|p1a: Milotic
|-damage|p1a: Milotic|21/100
|move|p1a: Milotic|Flip Turn|p2a: Zarude
|-resisted|p2a: Zarude
|-damage|p2a: Zarude|56/100
|inactive|kecleonismyhomie has 120 seconds left.
|
|t:|1615761741
|switch|p1a: Zygarde|Zygarde-10%|12/100|[from]move: Flip Turn
|-ability|p1a: Zygarde|Aura Break
|
|upkeep
|turn|35
|inactive|purple mountains has 90 seconds left.
|
|t:|1615761763
|switch|p2a: Cobalion|Cobalion|43/100
|move|p1a: Zygarde|Superpower|p2a: Cobalion
|-supereffective|p2a: Cobalion
|-damage|p2a: Cobalion|0 fnt
|-unboost|p1a: Zygarde|atk|1
|-unboost|p1a: Zygarde|def|1
|-damage|p1a: Zygarde|0 fnt|[from] item: Rocky Helmet|[of] p2a: Cobalion
|faint|p2a: Cobalion
|faint|p1a: Zygarde
|
|upkeep
|inactive|purple mountains has 90 seconds left.
|inactive|kecleonismyhomie has 120 seconds left.
|
|t:|1615761802
|switch|p1a: Crobat|Crobat, F|48/100
|switch|p2a: Mienshao|Mienshao, M|100/100
|turn|36
|inactive|purple mountains has 90 seconds left.
|
|t:|1615761815
|move|p2a: Mienshao|Stone Edge|p1a: Crobat
|-supereffective|p1a: Crobat
|-damage|p1a: Crobat|0 fnt
|faint|p1a: Crobat
|
|upkeep
|
|t:|1615761819
|switch|p1a: Milotic|Milotic, F|21/100
|turn|37
|
|t:|1615761824
|move|p2a: Mienshao|Stone Edge|p1a: Milotic
|-damage|p1a: Milotic|0 fnt
|faint|p1a: Milotic
|
|win|purple mountains
|raw|kecleonismyhomie's rating: 1513 &rarr; <strong>1491</strong><br />(-22 for losing)
|raw|purple mountains's rating: 1475 &rarr; <strong>1497</strong><br />(+22 for winning)
|l|☆kecleonismyhomie
