|html|<div class="broadcast-blue"><strong>[Gen 8] RU is currently suspecting Reuniclus! For information on how to participate check out the <a href="https://www.smogon.com/forums/threads/np-ru-stage-10-all-for-you-reuniclus-suspect.3692458/#post-9008540">suspect thread</a>.</strong></div>
|j|☆literallyfreemoney
|j|☆iron llama
|t:|1634694135
|gametype|singles
|player|p1|literallyfreemoney|17|1469
|player|p2|iron llama|workerice|1331
|teamsize|p1|6
|teamsize|p2|6
|gen|8
|tier|[Gen 8] RU
|rated|
|rule|Sleep Clause Mod: Limit one foe put to sleep
|rule|Species Clause: Limit one of each Pokémon
|rule|OHKO Clause: OHKO moves are banned
|rule|Evasion Moves Clause: Evasion moves are banned
|rule|Endless Battle Clause: Forcing endless battles is banned
|rule|HP Percentage Mod: HP is shown in percentages
|rule|Dynamax Clause: You cannot dynamax
|clearpoke
|poke|p1|Lucario, F|
|poke|p1|Aerodactyl, F|
|poke|p1|Golisopod, M|
|poke|p1|Vaporeon, F|
|poke|p1|Chandelure, M|
|poke|p1|Goodra, F|
|poke|p2|Gardevoir, M|
|poke|p2|Suicune|
|poke|p2|Metagross|
|poke|p2|Darmanitan, F|
|poke|p2|Heracross, F|
|poke|p2|Roserade, F|
|teampreview
|
|t:|1634694150
|start
|switch|p1a: *w*G O A L I E*w*|Golisopod, M|100/100
|switch|p2a: Metagross|Metagross|100/100
|turn|1
|
|t:|1634694156
|move|p1a: *w*G O A L I E*w*|First Impression|p2a: Metagross
|-damage|p2a: Metagross|65/100
|move|p2a: Metagross|Toxic|p1a: *w*G O A L I E*w*
|-status|p1a: *w*G O A L I E*w*|tox
|
|-heal|p2a: Metagross|72/100|[from] item: Leftovers
|-damage|p1a: *w*G O A L I E*w*|94/100 tox|[from] psn
|upkeep
|turn|2
|
|t:|1634694160
|move|p2a: Metagross|Stealth Rock|p1a: *w*G O A L I E*w*
|-sidestart|p1: literallyfreemoney|move: Stealth Rock
|move|p1a: *w*G O A L I E*w*|Spikes|p2a: Metagross
|-sidestart|p2: iron llama|Spikes
|
|-heal|p2a: Metagross|78/100|[from] item: Leftovers
|-damage|p1a: *w*G O A L I E*w*|82/100 tox|[from] psn
|upkeep
|turn|3
|
|t:|1634694171
|switch|p2a: Roserade|Roserade, F|100/100
|-damage|p2a: Roserade|88/100|[from] Spikes
|move|p1a: *w*G O A L I E*w*|Knock Off|p2a: Roserade
|-damage|p2a: Roserade|24/100
|-enditem|p2a: Roserade|Life Orb|[from] move: Knock Off|[of] p1a: *w*G O A L I E*w*
|
|-damage|p1a: *w*G O A L I E*w*|63/100 tox|[from] psn
|upkeep
|turn|4
|
|t:|1634694175
|switch|p1a: Goodra|Goodra, F|100/100
|-damage|p1a: Goodra|88/100|[from] Stealth Rock
|move|p2a: Roserade|Leaf Storm|p1a: Goodra
|-ability|p1a: Goodra|Sap Sipper|boost
|-boost|p1a: Goodra|atk|1
|
|-heal|p1a: Goodra|94/100|[from] item: Leftovers
|upkeep
|turn|5
|
|t:|1634694179
|move|p2a: Roserade|Spikes|p1a: Goodra
|-sidestart|p1: literallyfreemoney|Spikes
|move|p1a: Goodra|Ice Beam|p2a: Roserade
|-supereffective|p2a: Roserade
|-damage|p2a: Roserade|0 fnt
|faint|p2a: Roserade
|
|-heal|p1a: Goodra|100/100|[from] item: Leftovers
|upkeep
|
|t:|1634694184
|switch|p2a: Gardevoir|Gardevoir, M|100/100
|-damage|p2a: Gardevoir|88/100|[from] Spikes
|-ability|p2a: Gardevoir|Sap Sipper|[from] ability: Trace|[of] p1a: Goodra
|turn|6
|
|t:|1634694194
|switch|p1a: Lucy|Lucario, F|100/100
|-damage|p1a: Lucy|88/100|[from] Spikes
|-damage|p1a: Lucy|85/100|[from] Stealth Rock
|move|p2a: Gardevoir|Moonblast|p1a: Lucy
|-damage|p1a: Lucy|2/100
|-unboost|p1a: Lucy|spa|1
|
|upkeep
|turn|7
|
|t:|1634694199
|move|p1a: Lucy|Extreme Speed|p2a: Gardevoir
|-damage|p2a: Gardevoir|36/100
|-damage|p1a: Lucy|0 fnt|[from] item: Life Orb
|faint|p1a: Lucy
|move|p2a: Gardevoir|Moonblast|p1: Lucy|[notarget]
|-fail|p2a: Gardevoir
|
|upkeep
|
|t:|1634694206
|switch|p1a: *w*G O A L I E*w*|Golisopod, M|63/100 tox
|turn|8
|
|t:|1634694211
|switch|p2a: Metagross|Metagross|78/100
|-damage|p2a: Metagross|65/100|[from] Spikes
|move|p1a: *w*G O A L I E*w*|First Impression|p2a: Metagross
|-damage|p2a: Metagross|28/100
|
|-heal|p2a: Metagross|34/100|[from] item: Leftovers
|-damage|p1a: *w*G O A L I E*w*|57/100 tox|[from] psn
|upkeep
|turn|9
|
|t:|1634694220
|move|p2a: Metagross|Meteor Mash|p1a: *w*G O A L I E*w*
|-resisted|p1a: *w*G O A L I E*w*
|-damage|p1a: *w*G O A L I E*w*|38/100 tox
|-activate|p1a: *w*G O A L I E*w*|ability: Emergency Exit
|
|t:|1634694232
|switch|p1a: CHANDIE U( *++*)U|Chandelure, M|100/100
|-damage|p1a: CHANDIE U( *++*)U|76/100|[from] Stealth Rock
|-damage|p1a: CHANDIE U( *++*)U|63/100|[from] Spikes
|
|-heal|p2a: Metagross|40/100|[from] item: Leftovers
|upkeep
|turn|10
|
|t:|1634694241
|move|p1a: CHANDIE U( *++*)U|Shadow Ball|p2a: Metagross
|-supereffective|p2a: Metagross
|-damage|p2a: Metagross|0 fnt
|faint|p2a: Metagross
|
|upkeep
|
|t:|1634694249
|switch|p2a: Gardevoir|Gardevoir, M|36/100
|-damage|p2a: Gardevoir|24/100|[from] Spikes
|-ability|p2a: Gardevoir|Infiltrator|[from] ability: Trace|[of] p1a: CHANDIE U( *++*)U
|turn|11
|
|t:|1634694252
|move|p2a: Gardevoir|Psychic|p1a: CHANDIE U( *++*)U
|-damage|p1a: CHANDIE U( *++*)U|1/100
|move|p1a: CHANDIE U( *++*)U|Shadow Ball|p2a: Gardevoir
|-supereffective|p2a: Gardevoir
|-damage|p2a: Gardevoir|0 fnt
|faint|p2a: Gardevoir
|
|upkeep
|
|t:|1634694261
|switch|p2a: Heracross|Heracross, F|100/100
|-damage|p2a: Heracross|88/100|[from] Spikes
|turn|12
|
|t:|1634694263
|move|p1a: CHANDIE U( *++*)U|Shadow Ball|p2a: Heracross
|-damage|p2a: Heracross|32/100
|-unboost|p2a: Heracross|spd|1
|move|p2a: Heracross|Knock Off|p1a: CHANDIE U( *++*)U
|-supereffective|p1a: CHANDIE U( *++*)U
|-damage|p1a: CHANDIE U( *++*)U|0 fnt
|-enditem|p1a: CHANDIE U( *++*)U|Choice Scarf|[from] move: Knock Off|[of] p2a: Heracross
|faint|p1a: CHANDIE U( *++*)U
|
|-status|p2a: Heracross|brn|[from] item: Flame Orb
|upkeep
|
|t:|1634694278
|switch|p1a: Puhteradactyl|Aerodactyl, F|100/100
|-ability|p1a: Puhteradactyl|Unnerve
|-damage|p1a: Puhteradactyl|76/100|[from] Stealth Rock
|turn|13
|
|t:|1634694283
|move|p1a: Puhteradactyl|Dual Wingbeat|p2a: Heracross
|-supereffective|p2a: Heracross
|-damage|p2a: Heracross|0 fnt
|faint|p2a: Heracross
|-hitcount|p2: Heracross|1
|
|upkeep
|
|t:|1634694285
|switch|p2a: Suicune|Suicune|100/100
|-damage|p2a: Suicune|88/100|[from] Spikes
|-ability|p2a: Suicune|Pressure
|turn|14
|
|t:|1634694292
|switch|p1a: Vaporeon|Vaporeon, F|100/100
|-damage|p1a: Vaporeon|88/100|[from] Stealth Rock
|-damage|p1a: Vaporeon|75/100|[from] Spikes
|move|p2a: Suicune|Substitute|p2a: Suicune
|-start|p2a: Suicune|Substitute
|-damage|p2a: Suicune|63/100
|
|-heal|p2a: Suicune|69/100|[from] item: Leftovers
|-heal|p1a: Vaporeon|82/100|[from] item: Leftovers
|upkeep
|turn|15
|
|t:|1634694296
|move|p2a: Suicune|Calm Mind|p2a: Suicune
|-boost|p2a: Suicune|spa|1
|-boost|p2a: Suicune|spd|1
|move|p1a: Vaporeon|Heal Bell|p1a: Vaporeon
|-activate|p1a: Vaporeon|move: Heal Bell
|-curestatus|p1: *w*G O A L I E*w*|tox|[msg]
|
|-heal|p2a: Suicune|76/100|[from] item: Leftovers
|-heal|p1a: Vaporeon|88/100|[from] item: Leftovers
|upkeep
|turn|16
|
|t:|1634694305
|move|p2a: Suicune|Calm Mind|p2a: Suicune
|-boost|p2a: Suicune|spa|1
|-boost|p2a: Suicune|spd|1
|move|p1a: Vaporeon|Wish|p1a: Vaporeon
|
|-heal|p2a: Suicune|82/100|[from] item: Leftovers
|-heal|p1a: Vaporeon|94/100|[from] item: Leftovers
|upkeep
|turn|17
|
|t:|1634694307
|switch|p1a: *w*G O A L I E*w*|Golisopod, M|38/100
|move|p2a: Suicune|Calm Mind|p2a: Suicune
|-boost|p2a: Suicune|spa|1
|-boost|p2a: Suicune|spd|1
|
|-heal|p1a: *w*G O A L I E*w*|100/100|[from] move: Wish|[wisher] Vaporeon
|-heal|p2a: Suicune|88/100|[from] item: Leftovers
|upkeep
|turn|18
|
|t:|1634694313
|move|p1a: *w*G O A L I E*w*|First Impression|p2a: Suicune
|-end|p2a: Suicune|Substitute
|move|p2a: Suicune|Hydro Pump|p1a: *w*G O A L I E*w*
|-resisted|p1a: *w*G O A L I E*w*
|-damage|p1a: *w*G O A L I E*w*|24/100
|-activate|p1a: *w*G O A L I E*w*|ability: Emergency Exit
|
|t:|1634694320
|switch|p1a: Vaporeon|Vaporeon, F|94/100
|-damage|p1a: Vaporeon|82/100|[from] Stealth Rock
|-damage|p1a: Vaporeon|69/100|[from] Spikes
|
|-heal|p2a: Suicune|94/100|[from] item: Leftovers
|-heal|p1a: Vaporeon|75/100|[from] item: Leftovers
|upkeep
|turn|19
|
|t:|1634694324
|move|p2a: Suicune|Substitute|p2a: Suicune
|-start|p2a: Suicune|Substitute
|-damage|p2a: Suicune|69/100
|move|p1a: Vaporeon|Scald|p2a: Suicune
|-resisted|p2a: Suicune
|-activate|p2a: Suicune|move: Substitute|[damage]
|
|-heal|p2a: Suicune|76/100|[from] item: Leftovers
|-heal|p1a: Vaporeon|82/100|[from] item: Leftovers
|upkeep
|turn|20
|
|t:|1634694328
|move|p2a: Suicune|Calm Mind|p2a: Suicune
|-boost|p2a: Suicune|spa|1
|-boost|p2a: Suicune|spd|1
|move|p1a: Vaporeon|Scald|p2a: Suicune
|-resisted|p2a: Suicune
|-activate|p2a: Suicune|move: Substitute|[damage]
|
|-heal|p2a: Suicune|82/100|[from] item: Leftovers
|-heal|p1a: Vaporeon|88/100|[from] item: Leftovers
|upkeep
|turn|21
|
|t:|1634694332
|move|p2a: Suicune|Calm Mind|p2a: Suicune
|-boost|p2a: Suicune|spa|1
|-boost|p2a: Suicune|spd|1
|move|p1a: Vaporeon|Wish|p1a: Vaporeon
|
|-heal|p2a: Suicune|88/100|[from] item: Leftovers
|-heal|p1a: Vaporeon|94/100|[from] item: Leftovers
|upkeep
|turn|22
|
|t:|1634694336
|switch|p1a: *w*G O A L I E*w*|Golisopod, M|24/100
|move|p2a: Suicune|Calm Mind|p2a: Suicune
|-boost|p2a: Suicune|spa|1
|-boost|p2a: Suicune|spd|1
|
|-heal|p1a: *w*G O A L I E*w*|99/100|[from] move: Wish|[wisher] Vaporeon
|-heal|p2a: Suicune|94/100|[from] item: Leftovers
|upkeep
|turn|23
|
|t:|1634694340
|switch|p1a: Vaporeon|Vaporeon, F|94/100
|-damage|p1a: Vaporeon|82/100|[from] Stealth Rock
|-damage|p1a: Vaporeon|69/100|[from] Spikes
|move|p2a: Suicune|Hydro Pump|p1a: Vaporeon
|-heal|p1a: Vaporeon|94/100|[from] ability: Water Absorb|[of] p2a: Suicune
|
|-heal|p2a: Suicune|100/100|[from] item: Leftovers
|-heal|p1a: Vaporeon|100/100|[from] item: Leftovers
|upkeep
|turn|24
|
|t:|1634694348
|move|p1a: Vaporeon|Protect|p1a: Vaporeon
|-singleturn|p1a: Vaporeon|Protect
|move|p2a: Suicune|Calm Mind|p2a: Suicune
|-boost|p2a: Suicune|spa|0
|-boost|p2a: Suicune|spd|0
|
|upkeep
|turn|25
|
|t:|1634694353
|switch|p1a: Goodra|Goodra, F|100/100
|-damage|p1a: Goodra|88/100|[from] Spikes
|-damage|p1a: Goodra|76/100|[from] Stealth Rock
|move|p2a: Suicune|Calm Mind|p2a: Suicune
|-boost|p2a: Suicune|spa|0
|-boost|p2a: Suicune|spd|0
|
|-heal|p1a: Goodra|82/100|[from] item: Leftovers
|upkeep
|turn|26
|
|t:|1634694356
|switch|p1a: Vaporeon|Vaporeon, F|100/100
|-damage|p1a: Vaporeon|88/100|[from] Spikes
|-damage|p1a: Vaporeon|75/100|[from] Stealth Rock
|move|p2a: Suicune|Ice Beam|p1a: Vaporeon
|-resisted|p1a: Vaporeon
|-damage|p1a: Vaporeon|35/100
|-status|p1a: Vaporeon|frz
|
|-heal|p1a: Vaporeon|41/100 frz|[from] item: Leftovers
|upkeep
|turn|27
|
|t:|1634694365
|switch|p1a: *w*G O A L I E*w*|Golisopod, M|99/100
|move|p2a: Suicune|Ice Beam|p1a: *w*G O A L I E*w*
|-resisted|p1a: *w*G O A L I E*w*
|-damage|p1a: *w*G O A L I E*w*|36/100
|-activate|p1a: *w*G O A L I E*w*|ability: Emergency Exit
|-message|literallyfreemoney forfeited.
|
|win|iron llama
|raw|literallyfreemoney's rating: 1469 &rarr; <strong>1441</strong><br />(-28 for losing)
|raw|iron llama's rating: 1331 &rarr; <strong>1359</strong><br />(+28 for winning)
|l|☆literallyfreemoney
