|j|☆A floor mat
|j|☆LarsoTubeJeanLouis
|t:|1624378469
|gametype|singles
|player|p1|A floor mat|unknown|
|player|p2|LarsoTubeJeanLouis|zinnia|
|teamsize|p1|6
|teamsize|p2|6
|gen|8
|tier|[Gen 8] RU
|rule|Sleep Clause Mod: Limit one foe put to sleep
|rule|Species Clause: Limit one of each Pokémon
|rule|OHKO Clause: OHKO moves are banned
|rule|Evasion Moves Clause: Evasion moves are banned
|rule|Endless Battle Clause: Forcing endless battles is banned
|rule|HP Percentage Mod: HP is shown in percentages
|rule|Dynamax Clause: You cannot dynamax
|clearpoke
|poke|p1|Zarude|
|poke|p1|Cobalion|
|poke|p1|Crobat, M|
|poke|p1|Diancie|
|poke|p1|Gastrodon-East, M|
|poke|p1|Mienshao, M|
|poke|p2|Exploud, M|
|poke|p2|Claydol|
|poke|p2|Umbreon, F|
|poke|p2|Milotic, M|
|poke|p2|Mienshao, M|
|poke|p2|Raikou|
|teampreview
|c|☆A floor mat|kk hf!
|inactive|Battle timer is ON: inactive players will automatically lose when time's up. (requested by A floor mat)
|c|☆LarsoTubeJeanLouis|u2
|c|☆A floor mat|timer cuz it gets me in the vibe
|c|☆LarsoTubeJeanLouis|i feel ya
|
|t:|1624378496
|start
|switch|p1a: Mienshao|Mienshao, M|100/100
|switch|p2a: Claydol|Claydol|100/100
|turn|1
|c|☆LarsoTubeJeanLouis|timer is pretty great
|
|t:|1624378505
|move|p1a: Mienshao|U-turn|p2a: Claydol
|-supereffective|p2a: Claydol
|-damage|p2a: Claydol|56/100
|
|t:|1624378509
|switch|p1a: Zarude|Zarude|100/100|[from]move: U-turn
|move|p2a: Claydol|Teleport|p2a: Claydol
|
|t:|1624378517
|switch|p2a: Exploud|Exploud, M|100/100|[from]move: Teleport
|
|upkeep
|turn|2
|c|☆LarsoTubeJeanLouis|crazy turn 1
|
|t:|1624378524
|move|p1a: Zarude|Close Combat|p2a: Exploud
|-supereffective|p2a: Exploud
|-damage|p2a: Exploud|0 fnt
|-unboost|p1a: Zarude|def|1
|-unboost|p1a: Zarude|spd|1
|faint|p2a: Exploud
|
|upkeep
|c|☆LarsoTubeJeanLouis|xd
|c|☆LarsoTubeJeanLouis|hold on
|c|☆LarsoTubeJeanLouis|lemme get my
|c|☆LarsoTubeJeanLouis|not choking hat
|c|☆A floor mat|lol
|
|t:|1624378548
|switch|p2a: Mienshao|Mienshao, M|100/100
|turn|3
|c|☆LarsoTubeJeanLouis|k so
|c|☆LarsoTubeJeanLouis|i lose but ima try now
|
|t:|1624378557
|switch|p1a: Crobat|Crobat, M|100/100
|move|p2a: Mienshao|U-turn|p1a: Crobat
|-resisted|p1a: Crobat
|-damage|p1a: Crobat|95/100
|
|t:|1624378561
|switch|p2a: Raikou|Raikou|100/100|[from]move: U-turn
|-ability|p2a: Raikou|Pressure
|
|upkeep
|turn|4
|
|t:|1624378578
|switch|p1a: Gastrodon|Gastrodon-East, M|100/100
|move|p2a: Raikou|Aura Sphere|p1a: Gastrodon
|-damage|p1a: Gastrodon|75/100
|
|upkeep
|turn|5
|c|☆A floor mat|dont think u cant count urself out yet
|
|t:|1624378586
|switch|p2a: Umbreon|Umbreon, F|100/100
|move|p1a: Gastrodon|Earth Power|p2a: Umbreon
|-damage|p2a: Umbreon|86/100
|
|-heal|p2a: Umbreon|92/100|[from] item: Leftovers
|upkeep
|turn|6
|
|t:|1624378594
|switch|p1a: Cobalion|Cobalion|100/100
|move|p2a: Umbreon|Wish|p2a: Umbreon
|
|-heal|p2a: Umbreon|98/100|[from] item: Leftovers
|upkeep
|turn|7
|
|t:|1624378600
|switch|p1a: Zarude|Zarude|100/100
|switch|p2a: Claydol|Claydol|56/100
|
|-heal|p2a: Claydol|100/100|[from] move: Wish|[wisher] Umbreon
|upkeep
|turn|8
|
|t:|1624378615
|switch|p2a: Umbreon|Umbreon, F|98/100
|move|p1a: Zarude|Power Whip|p2a: Umbreon|[miss]
|-miss|p1a: Zarude|p2a: Umbreon
|
|-heal|p2a: Umbreon|100/100|[from] item: Leftovers
|upkeep
|turn|9
|c|☆LarsoTubeJeanLouis|zarude 6-0s
|
|t:|1624378624
|move|p1a: Zarude|Power Whip|p2a: Umbreon
|-damage|p2a: Umbreon|32/100
|move|p2a: Umbreon|Wish|p2a: Umbreon
|
|-heal|p2a: Umbreon|38/100|[from] item: Leftovers
|upkeep
|turn|10
|c|☆A floor mat|tru
|c|☆LarsoTubeJeanLouis|and its banded
|c|☆LarsoTubeJeanLouis|its a wrap
|
|t:|1624378634
|switch|p1a: Cobalion|Cobalion|100/100
|move|p2a: Umbreon|Foul Play|p1a: Cobalion
|-resisted|p1a: Cobalion
|-damage|p1a: Cobalion|86/100
|-ability|p1a: Cobalion|Justified|boost
|-boost|p1a: Cobalion|atk|1
|
|-heal|p2a: Umbreon|88/100|[from] move: Wish|[wisher] Umbreon
|-heal|p1a: Cobalion|92/100|[from] item: Leftovers
|-heal|p2a: Umbreon|94/100|[from] item: Leftovers
|upkeep
|turn|11
|c|☆LarsoTubeJeanLouis|inserting throwing cap
|
|t:|1624378649
|switch|p2a: Claydol|Claydol|100/100
|move|p1a: Cobalion|Swords Dance|p1a: Cobalion
|-boost|p1a: Cobalion|atk|2
|
|-heal|p1a: Cobalion|98/100|[from] item: Leftovers
|upkeep
|turn|12
|c|☆A floor mat|XD
|c|☆LarsoTubeJeanLouis|its ok
|c|☆LarsoTubeJeanLouis|im fine
|c|☆LarsoTubeJeanLouis|i can still win
|
|t:|1624378660
|move|p1a: Cobalion|Iron Head|p2a: Claydol
|-damage|p2a: Claydol|21/100
|move|p2a: Claydol|Earth Power|p1a: Cobalion
|-supereffective|p1a: Cobalion
|-damage|p1a: Cobalion|35/100
|
|-heal|p1a: Cobalion|41/100|[from] item: Leftovers
|-heal|p2a: Claydol|27/100|[from] item: Leftovers
|upkeep
|turn|13
|c|☆LarsoTubeJeanLouis|easy W
|c|☆A floor mat|TRU
|
|t:|1624378674
|move|p1a: Cobalion|Close Combat|p2a: Claydol
|-resisted|p2a: Claydol
|-damage|p2a: Claydol|0 fnt
|-unboost|p1a: Cobalion|def|1
|-unboost|p1a: Cobalion|spd|1
|faint|p2a: Claydol
|
|-heal|p1a: Cobalion|47/100|[from] item: Leftovers
|upkeep
|
|t:|1624378678
|switch|p2a: Raikou|Raikou|100/100
|-ability|p2a: Raikou|Pressure
|turn|14
|
|t:|1624378687
|switch|p1a: Gastrodon|Gastrodon-East, M|75/100
|move|p2a: Raikou|Volt Switch|p1a: Gastrodon
|-immune|p1a: Gastrodon
|
|upkeep
|turn|15
|c|☆LarsoTubeJeanLouis|crazy you made the good play
|c|☆A floor mat|i know rofl
|
|t:|1624378704
|switch|p2a: Umbreon|Umbreon, F|94/100
|move|p1a: Gastrodon|Earth Power|p2a: Umbreon
|-damage|p2a: Umbreon|77/100
|
|-heal|p2a: Umbreon|83/100|[from] item: Leftovers
|upkeep
|turn|16
|c|☆LarsoTubeJeanLouis|why am i so bad
|c|☆A floor mat|ur not bad lol
|c|☆A floor mat|ur just in a bad spot
|c|☆LarsoTubeJeanLouis|this would be different if i didn't choke and sacked exploud
|c|☆LarsoTubeJeanLouis|like
|c|☆LarsoTubeJeanLouis|turn 2
|inactive|LarsoTubeJeanLouis has 270 seconds left.
|c|☆A floor mat|kinda tru
|c|☆LarsoTubeJeanLouis|cause thats legit my only gastrodon answer xd
|
|t:|1624378747
|switch|p1a: Cobalion|Cobalion|47/100
|move|p2a: Umbreon|Foul Play|p1a: Cobalion
|-resisted|p1a: Cobalion
|-damage|p1a: Cobalion|31/100
|-ability|p1a: Cobalion|Justified|boost
|-boost|p1a: Cobalion|atk|1
|
|-heal|p1a: Cobalion|37/100|[from] item: Leftovers
|-heal|p2a: Umbreon|90/100|[from] item: Leftovers
|upkeep
|turn|17
|c|☆A floor mat|XD
|
|t:|1624378756
|move|p1a: Cobalion|Close Combat|p2a: Umbreon
|-supereffective|p2a: Umbreon
|-damage|p2a: Umbreon|0 fnt
|-unboost|p1a: Cobalion|def|1
|-unboost|p1a: Cobalion|spd|1
|faint|p2a: Umbreon
|
|-heal|p1a: Cobalion|43/100|[from] item: Leftovers
|upkeep
|
|t:|1624378760
|switch|p2a: Mienshao|Mienshao, M|100/100
|turn|18
|
|t:|1624378766
|move|p2a: Mienshao|Stone Edge|p1a: Cobalion
|-resisted|p1a: Cobalion
|-damage|p1a: Cobalion|32/100
|move|p1a: Cobalion|Close Combat|p2a: Mienshao
|-damage|p2a: Mienshao|0 fnt
|-unboost|p1a: Cobalion|def|1
|-unboost|p1a: Cobalion|spd|1
|faint|p2a: Mienshao
|
|-heal|p1a: Cobalion|38/100|[from] item: Leftovers
|upkeep
|c|☆LarsoTubeJeanLouis|crazy
|c|☆A floor mat|im crazy
|
|t:|1624378773
|switch|p2a: Raikou|Raikou|100/100
|-ability|p2a: Raikou|Pressure
|turn|19
|c|☆LarsoTubeJeanLouis|triple crip now
|c|☆LarsoTubeJeanLouis|crit*
|
|t:|1624378783
|switch|p1a: Gastrodon|Gastrodon-East, M|75/100
|move|p2a: Raikou|Aura Sphere|p1a: Gastrodon
|-damage|p1a: Gastrodon|51/100
|
|upkeep
|turn|20
|c|☆A floor mat|lol
|c|☆LarsoTubeJeanLouis|0
|
|t:|1624378791
|move|p2a: Raikou|Aura Sphere|p1a: Gastrodon
|-damage|p1a: Gastrodon|25/100
|move|p1a: Gastrodon|Recover|p1a: Gastrodon
|-heal|p1a: Gastrodon|75/100
|
|upkeep
|turn|21
|
|t:|1624378797
|move|p2a: Raikou|Aura Sphere|p1a: Gastrodon
|-damage|p1a: Gastrodon|52/100
|move|p1a: Gastrodon|Earth Power|p2a: Raikou
|-supereffective|p2a: Raikou
|-damage|p2a: Raikou|36/100
|
|upkeep
|turn|22
|
|t:|1624378804
|move|p2a: Raikou|Aura Sphere|p1a: Gastrodon
|-damage|p1a: Gastrodon|28/100
|move|p1a: Gastrodon|Recover|p1a: Gastrodon
|-heal|p1a: Gastrodon|78/100
|
|upkeep
|turn|23
|
|t:|1624378810
|move|p2a: Raikou|Aura Sphere|p1a: Gastrodon
|-damage|p1a: Gastrodon|54/100
|move|p1a: Gastrodon|Earth Power|p2a: Raikou
|-supereffective|p2a: Raikou
|-damage|p2a: Raikou|0 fnt
|faint|p2a: Raikou
|
|upkeep
|
|t:|1624378815
|switch|p2a: Milotic|Milotic, M|100/100
|turn|24
|c|☆LarsoTubeJeanLouis|its ok
|
|t:|1624378821
|switch|p1a: Zarude|Zarude|100/100
|move|p2a: Milotic|Toxic|p1a: Zarude
|-status|p1a: Zarude|tox
|
|-damage|p1a: Zarude|95/100 tox|[from] psn
|upkeep
|turn|25
|c|☆A floor mat|u can still win
|c|☆LarsoTubeJeanLouis|i can 6-0 watch
|c|☆LarsoTubeJeanLouis|or
|c|☆LarsoTubeJeanLouis|1-0
|
|t:|1624378835
|move|p1a: Zarude|Power Whip|p2a: Milotic|[miss]
|-miss|p1a: Zarude|p2a: Milotic
|move|p2a: Milotic|Scald|p1a: Zarude
|-resisted|p1a: Zarude
|-damage|p1a: Zarude|81/100 tox
|
|-damage|p1a: Zarude|69/100 tox|[from] psn
|upkeep
|turn|26
|c|☆LarsoTubeJeanLouis|1
|c|☆A floor mat|tru
|
|t:|1624378843
|move|p1a: Zarude|Power Whip|p2a: Milotic
|-supereffective|p2a: Milotic
|-damage|p2a: Milotic|0 fnt
|faint|p2a: Milotic
|
|win|A floor mat
|c|☆LarsoTubeJeanLouis|noooo
|c|☆A floor mat|lol g
|c|☆LarsoTubeJeanLouis|anyway
|c|☆A floor mat|g
|c|☆LarsoTubeJeanLouis|im picking the tier now
|c|☆LarsoTubeJeanLouis|gg
|l|☆LarsoTubeJeanLouis
|c|☆A floor mat|XD go for it
