|j|☆Actualize
|j|☆Expulso
|inactive|Battle timer is ON: inactive players will automatically lose when time's up.
|t:|1663703589
|gametype|singles
|player|p1|Actualize|emmet|
|player|p2|Expulso|#smpl2022wailordoftherings|
|teamsize|p1|6
|teamsize|p2|6
|gen|8
|tier|[Gen 8] RU
|rated|Tournament battle
|rule|Sleep Clause Mod: Limit one foe put to sleep
|rule|Species Clause: Limit one of each Pokémon
|rule|OHKO Clause: OHKO moves are banned
|rule|Evasion Items Clause: Evasion items are banned
|rule|Evasion Moves Clause: Evasion moves are banned
|rule|Endless Battle Clause: Forcing endless battles is banned
|rule|HP Percentage Mod: HP is shown in percentages
|rule|Dynamax Clause: You cannot dynamax
|clearpoke
|poke|p1|Incineroar, F|
|poke|p1|Togekiss, F|
|poke|p1|Toxtricity, M|
|poke|p1|Suicune|
|poke|p1|Raikou|
|poke|p1|Duosion, M|
|poke|p2|Centiskorch, F|
|poke|p2|Tsareena, F|
|poke|p2|Mimikyu, F|
|poke|p2|Crobat, F|
|poke|p2|Bronzong|
|poke|p2|Seismitoad, M|
|teampreview
|c|☆Expulso|hf
|j| miseryx
|j|%yOuRwElCoMeThAnk
|inactive|Actualize has 120 seconds left.
|c| miseryx|centiskorch huh
|c|☆Actualize|You too!
|
|t:|1663703628
|start
|switch|p1a: Toxtricity|Toxtricity, M|100/100
|switch|p2a: Bronzong|Bronzong|100/100
|turn|1
|
|t:|1663703635
|move|p1a: Toxtricity|Snarl|p2a: Bronzong
|-supereffective|p2a: Bronzong
|-damage|p2a: Bronzong|45/100
|-unboost|p2a: Bronzong|spa|1
|move|p2a: Bronzong|Psychic|p1a: Toxtricity
|-supereffective|p1a: Toxtricity
|-damage|p1a: Toxtricity|48/100
|
|-heal|p2a: Bronzong|51/100|[from] item: Leftovers
|upkeep
|turn|2
|
|t:|1663703644
|switch|p2a: Seismitoad|Seismitoad, M|100/100
|move|p1a: Toxtricity|Snarl|p2a: Seismitoad
|-damage|p2a: Seismitoad|55/100
|-unboost|p2a: Seismitoad|spa|1
|
|upkeep
|turn|3
|
|t:|1663703657
|switch|p1a: Togekiss|Togekiss, F|100/100
|move|p2a: Seismitoad|Liquidation|p1a: Togekiss
|-damage|p1a: Togekiss|62/100
|
|upkeep
|turn|4
|
|t:|1663703663
|move|p1a: Togekiss|Air Slash|p2a: Seismitoad
|-damage|p2a: Seismitoad|18/100
|cant|p2a: Seismitoad|flinch
|
|upkeep
|turn|5
|
|t:|1663703668
|switch|p2a: Bronzong|Bronzong|51/100
|move|p1a: Togekiss|Air Slash|p2a: Bronzong
|-resisted|p2a: Bronzong
|-damage|p2a: Bronzong|41/100
|
|-heal|p2a: Bronzong|48/100|[from] item: Leftovers
|upkeep
|turn|6
|
|t:|1663703675
|move|p1a: Togekiss|Flamethrower|p2a: Bronzong
|-supereffective|p2a: Bronzong
|-damage|p2a: Bronzong|15/100
|-status|p2a: Bronzong|brn
|move|p2a: Bronzong|Gyro Ball|p1a: Togekiss
|-supereffective|p1a: Togekiss
|-damage|p1a: Togekiss|29/100
|
|-heal|p2a: Bronzong|21/100 brn|[from] item: Leftovers
|-damage|p2a: Bronzong|15/100 brn|[from] brn
|upkeep
|turn|7
|
|t:|1663703684
|move|p1a: Togekiss|Flamethrower|p2a: Bronzong
|-supereffective|p2a: Bronzong
|-damage|p2a: Bronzong|0 fnt
|faint|p2a: Bronzong
|
|upkeep
|
|t:|1663703686
|switch|p2a: Mimikyu|Mimikyu, F|100/100
|turn|8
|
|t:|1663703703
|move|p2a: Mimikyu|Play Rough|p1a: Togekiss
|-damage|p1a: Togekiss|0 fnt
|faint|p1a: Togekiss
|-damage|p2a: Mimikyu|91/100|[from] item: Life Orb
|
|upkeep
|
|t:|1663703714
|switch|p1a: Suicune|Suicune|100/100
|-ability|p1a: Suicune|Pressure
|turn|9
|
|t:|1663703719
|switch|p2a: Seismitoad|Seismitoad, M|18/100
|move|p1a: Suicune|Scald|p2a: Seismitoad
|-heal|p2a: Seismitoad|43/100|[from] ability: Water Absorb|[of] p1a: Suicune
|
|upkeep
|turn|10
|
|t:|1663703727
|switch|p1a: Toxtricity|Toxtricity, M|48/100
|move|p2a: Seismitoad|Power Whip|p1a: Toxtricity
|-resisted|p1a: Toxtricity
|-damage|p1a: Toxtricity|20/100
|
|upkeep
|turn|11
|c|☆Actualize|Oh you making plays
|
|t:|1663703745
|switch|p2a: Mimikyu|Mimikyu, F|91/100
|move|p1a: Toxtricity|Boomburst|p2a: Mimikyu
|-immune|p2a: Mimikyu
|
|upkeep
|turn|12
|
|t:|1663703757
|switch|p1a: Suicune|Suicune|100/100
|-ability|p1a: Suicune|Pressure
|move|p2a: Mimikyu|Play Rough|p1a: Suicune
|-damage|p1a: Suicune|72/100
|-damage|p2a: Mimikyu|81/100|[from] item: Life Orb
|
|-heal|p1a: Suicune|78/100|[from] item: Leftovers
|upkeep
|turn|13
|
|t:|1663703777
|switch|p2a: Seismitoad|Seismitoad, M|43/100
|move|p1a: Suicune|Scald|p2a: Seismitoad
|-heal|p2a: Seismitoad|68/100|[from] ability: Water Absorb|[of] p1a: Suicune
|
|-heal|p1a: Suicune|84/100|[from] item: Leftovers
|upkeep
|turn|14
|
|t:|1663703789
|switch|p1a: Incineroar|Incineroar, F|100/100
|-ability|p1a: Incineroar|Intimidate|boost
|-unboost|p2a: Seismitoad|atk|1
|move|p2a: Seismitoad|Earthquake|p1a: Incineroar
|-supereffective|p1a: Incineroar
|-damage|p1a: Incineroar|29/100
|
|upkeep
|turn|15
|
|t:|1663703801
|move|p2a: Seismitoad|Earthquake|p1a: Incineroar
|-supereffective|p1a: Incineroar
|-damage|p1a: Incineroar|0 fnt
|faint|p1a: Incineroar
|
|upkeep
|
|t:|1663703809
|switch|p1a: Toxtricity|Toxtricity, M|20/100
|turn|16
|inactive|Expulso has 120 seconds left.
|
|t:|1663703846
|switch|p2a: Crobat|Crobat, F|100/100
|move|p1a: Toxtricity|Boomburst|p2a: Crobat
|-damage|p2a: Crobat|0 fnt
|faint|p2a: Crobat
|
|upkeep
|c|☆Expulso|in 1
|
|t:|1663703865
|switch|p2a: Tsareena|Tsareena, F|100/100
|turn|17
|
|t:|1663703868
|move|p2a: Tsareena|Rapid Spin|p1a: Toxtricity
|-damage|p1a: Toxtricity|0 fnt
|-boost|p2a: Tsareena|spe|1
|faint|p1a: Toxtricity
|
|upkeep
|
|t:|1663703879
|switch|p1a: Raikou|Raikou|100/100
|turn|18
|
|t:|1663703883
|move|p2a: Tsareena|Power Whip|p1a: Raikou|[miss]
|-miss|p2a: Tsareena|p1a: Raikou
|move|p1a: Raikou|Calm Mind|p1a: Raikou
|-boost|p1a: Raikou|spa|1
|-boost|p1a: Raikou|spd|1
|
|upkeep
|turn|19
|
|t:|1663703891
|move|p2a: Tsareena|Power Whip|p1a: Raikou
|-damage|p1a: Raikou|27/100
|move|p1a: Raikou|Calm Mind|p1a: Raikou
|-boost|p1a: Raikou|spa|1
|-boost|p1a: Raikou|spd|1
|
|-heal|p1a: Raikou|34/100|[from] item: Leftovers
|upkeep
|turn|20
|
|t:|1663703919
|move|p2a: Tsareena|High Jump Kick|p1a: Raikou
|-crit|p1a: Raikou
|-damage|p1a: Raikou|0 fnt
|faint|p1a: Raikou
|
|upkeep
|inactive|Actualize has 120 seconds left.
|j| original_dennis
|c|☆Actualize|Gg lmao. I'm getting smoked by this tsareena
|
|t:|1663703948
|switch|p1a: Duosion|Duosion, M|100/100
|turn|21
|j| faouzia
|
|t:|1663703953
|move|p2a: Tsareena|Power Whip|p1a: Duosion
|-damage|p1a: Duosion|60/100
|move|p1a: Duosion|Acid Armor|p1a: Duosion
|-boost|p1a: Duosion|def|2
|
|upkeep
|turn|22
|c|☆Expulso|ye tsar's good af
|l| original_dennis
|
|t:|1663703962
|switch|p2a: Centiskorch|Centiskorch, F|100/100
|move|p1a: Duosion|Recover|p1a: Duosion
|-heal|p1a: Duosion|100/100
|
|upkeep
|turn|23
|c|☆Actualize|For real underrated
|inactive|Actualize has 120 seconds left.
|
|t:|1663703970
|move|p2a: Centiskorch|Knock Off|p1a: Duosion
|-supereffective|p1a: Duosion
|-damage|p1a: Duosion|78/100
|-enditem|p1a: Duosion|Eviolite|[from] move: Knock Off|[of] p2a: Centiskorch
|move|p1a: Duosion|Calm Mind|p1a: Duosion
|-boost|p1a: Duosion|spa|1
|-boost|p1a: Duosion|spd|1
|
|upkeep
|turn|24
|
|t:|1663703979
|move|p2a: Centiskorch|Fire Lash|p1a: Duosion
|-damage|p1a: Duosion|56/100
|-unboost|p1a: Duosion|def|1
|move|p1a: Duosion|Acid Armor|p1a: Duosion
|-boost|p1a: Duosion|def|2
|
|upkeep
|turn|25
|c| miseryx|did they buff trop kick?
|
|t:|1663703987
|move|p2a: Centiskorch|Fire Lash|p1a: Duosion
|-damage|p1a: Duosion|37/100
|-unboost|p1a: Duosion|def|1
|move|p1a: Duosion|Recover|p1a: Duosion
|-heal|p1a: Duosion|87/100
|
|upkeep
|turn|26
|
|t:|1663703996
|move|p2a: Centiskorch|Leech Life|p1a: Duosion
|-supereffective|p1a: Duosion
|-damage|p1a: Duosion|44/100
|move|p1a: Duosion|Stored Power|p2a: Centiskorch
|-damage|p2a: Centiskorch|35/100
|
|upkeep
|turn|27
|
|t:|1663704002
|move|p2a: Centiskorch|Fire Lash|p1a: Duosion
|-damage|p1a: Duosion|24/100
|-unboost|p1a: Duosion|def|1
|move|p1a: Duosion|Stored Power|p2a: Centiskorch
|-damage|p2a: Centiskorch|0 fnt
|faint|p2a: Centiskorch
|
|upkeep
|
|t:|1663704006
|switch|p2a: Mimikyu|Mimikyu, F|81/100
|turn|28
|
|t:|1663704012
|move|p2a: Mimikyu|Shadow Claw|p1a: Duosion
|-supereffective|p1a: Duosion
|-damage|p1a: Duosion|0 fnt
|faint|p1a: Duosion
|-damage|p2a: Mimikyu|71/100|[from] item: Life Orb
|
|upkeep
|c|☆Actualize|That's game. Cune only has scold
|c|☆Actualize|gg's dude
|c|☆Expulso|gg wp
|-message|Actualize forfeited.
|
|win|Expulso
|n|☆Actualize|actualize
|n|☆Expulso|expulso
|n| miseryx|miseryx
|n| yOuRwElCoMeThAnk|yourwelcomethank
|n| faouzia|faouzia
