|j|☆Wick hoonguz
|j|☆Cyyru
|player|p1|Wick hoonguz|steven|1393
|player|p2|Cyyru|cyrus|1391
|teamsize|p1|6
|teamsize|p2|6
|gametype|singles
|gen|8
|tier|[Gen 8] RU
|rated|
|rule|Sleep Clause Mod: Limit one foe put to sleep
|rule|Species Clause: Limit one of each Pokémon
|rule|OHKO Clause: OHKO moves are banned
|rule|Evasion Moves Clause: Evasion moves are banned
|rule|Endless Battle Clause: Forcing endless battles is banned
|rule|HP Percentage Mod: HP is shown in percentages
|clearpoke
|poke|p1|Pyukumuku, F|
|poke|p1|Gigalith, M|
|poke|p1|Vileplume, M|
|poke|p1|Xatu, M|
|poke|p1|Sableye, M|
|poke|p1|Silvally-*|
|poke|p2|Salazzle, F|
|poke|p2|Vullaby, F|
|poke|p2|Passimian, F|
|poke|p2|Gigalith, F|
|poke|p2|Gastrodon, M|
|poke|p2|Sigilyph, M|
|rule|Dynamax Clause: You cannot dynamax
|teampreview
|j| Lax Calamitatis
|inactive|Battle timer is ON: inactive players will automatically lose when time's up. (requested by Cyyru)
|
|start
|switch|p1a: Sableye|Sableye, M|100/100
|switch|p2a: Vullaby|Vullaby, F|100/100
|turn|1
|
|move|p2a: Vullaby|Toxic|p1a: Sableye
|-status|p1a: Sableye|tox
|move|p1a: Sableye|Knock Off|p2a: Vullaby
|-resisted|p2a: Vullaby
|-damage|p2a: Vullaby|94/100
|-enditem|p2a: Vullaby|Eviolite|[from] move: Knock Off|[of] p1a: Sableye
|
|-damage|p1a: Sableye|94/100 tox|[from] psn
|upkeep
|turn|2
|
|switch|p1a: Gigalith|Gigalith, M|100/100
|-weather|Sandstorm|[from] ability: Sand Stream|[of] p1a: Gigalith
|move|p2a: Vullaby|Foul Play|p1a: Gigalith
|-damage|p1a: Gigalith|71/100
|
|-weather|Sandstorm|[upkeep]
|-heal|p1a: Gigalith|77/100|[from] item: Leftovers
|upkeep
|turn|3
|
|move|p2a: Vullaby|Foul Play|p1a: Gigalith
|-crit|p1a: Gigalith
|-damage|p1a: Gigalith|33/100
|move|p1a: Gigalith|Stealth Rock|p2a: Vullaby
|-sidestart|p2: Cyyru|move: Stealth Rock
|
|-weather|Sandstorm|[upkeep]
|-heal|p1a: Gigalith|40/100|[from] item: Leftovers
|upkeep
|turn|4
|
|switch|p2a: Gastrodon|Gastrodon, M|100/100
|-damage|p2a: Gastrodon|94/100|[from] Stealth Rock
|move|p1a: Gigalith|Rest|p1a: Gigalith
|-status|p1a: Gigalith|slp|[from] move: Rest
|-heal|p1a: Gigalith|100/100 slp|[silent]
|
|-weather|Sandstorm|[upkeep]
|-heal|p2a: Gastrodon|100/100|[from] item: Leftovers
|upkeep
|turn|5
|
|switch|p2a: Salazzle|Salazzle, F|100/100
|switch|p1a: Vileplume|Vileplume, M|100/100
|
|-weather|Sandstorm|[upkeep]
|-damage|p2a: Salazzle|94/100|[from] Sandstorm
|-damage|p1a: Vileplume|94/100|[from] Sandstorm
|-heal|p1a: Vileplume|100/100|[from] item: Leftovers
|upkeep
|turn|6
|j| chupetinha chilena
|
|switch|p1a: Pyukumuku|Pyukumuku, F|100/100
|move|p2a: Salazzle|Nasty Plot|p2a: Salazzle
|-boost|p2a: Salazzle|spa|2
|
|-weather|none
|upkeep
|turn|7
|
|move|p2a: Salazzle|Toxic|p1a: Pyukumuku
|-status|p1a: Pyukumuku|tox
|move|p1a: Pyukumuku|Mirror Coat||[still]
|-fail|p1a: Pyukumuku
|
|-damage|p1a: Pyukumuku|94/100 tox|[from] psn
|upkeep
|turn|8
|
|move|p2a: Salazzle|Nasty Plot|p2a: Salazzle
|-boost|p2a: Salazzle|spa|2
|move|p1a: Pyukumuku|Soak|p2a: Salazzle
|-start|p2a: Salazzle|typechange|Water
|
|-heal|p1a: Pyukumuku|100/100 tox|[from] item: Leftovers
|-damage|p1a: Pyukumuku|88/100 tox|[from] psn
|upkeep
|turn|9
|
|switch|p2a: Sigilyph|Sigilyph, M|100/100
|move|p1a: Pyukumuku|Toxic|p2a: Sigilyph
|-status|p2a: Sigilyph|tox
|
|-heal|p1a: Pyukumuku|94/100 tox|[from] item: Leftovers
|-damage|p1a: Pyukumuku|76/100 tox|[from] psn
|upkeep
|turn|10
|
|switch|p2a: Salazzle|Salazzle, F|94/100
|switch|p1a: Gigalith|Gigalith, M|100/100 slp
|-weather|Sandstorm|[from] ability: Sand Stream|[of] p1a: Gigalith
|
|-weather|Sandstorm|[upkeep]
|-damage|p2a: Salazzle|88/100|[from] Sandstorm
|upkeep
|turn|11
|
|switch|p2a: Gigalith|Gigalith, F|100/100
|-damage|p2a: Gigalith|88/100|[from] Stealth Rock
|cant|p1a: Gigalith|slp
|
|-weather|Sandstorm|[upkeep]
|-heal|p2a: Gigalith|94/100|[from] item: Leftovers
|upkeep
|turn|12
|
|switch|p1a: Vileplume|Vileplume, M|100/100
|move|p2a: Gigalith|Stealth Rock|p1a: Vileplume
|-sidestart|p1: Wick hoonguz|move: Stealth Rock
|
|-weather|Sandstorm|[upkeep]
|-damage|p1a: Vileplume|94/100|[from] Sandstorm
|-heal|p1a: Vileplume|100/100|[from] item: Leftovers
|-heal|p2a: Gigalith|100/100|[from] item: Leftovers
|upkeep
|turn|13
|
|switch|p2a: Sigilyph|Sigilyph, M|100/100 tox
|move|p1a: Vileplume|Aromatherapy|p1a: Vileplume
|-activate|p1a: Vileplume|move: Aromatherapy
|-curestatus|p1: Sableye|tox|[msg]
|-curestatus|p1: Pyukumuku|tox|[msg]
|-curestatus|p1: Gigalith|slp|[msg]
|
|-weather|Sandstorm|[upkeep]
|-damage|p1a: Vileplume|94/100|[from] Sandstorm
|-heal|p1a: Vileplume|100/100|[from] item: Leftovers
|upkeep
|turn|14
|
|switch|p2a: Passimian|Passimian, F|100/100
|-damage|p2a: Passimian|94/100|[from] Stealth Rock
|switch|p1a: Gigalith|Gigalith, M|100/100
|-damage|p1a: Gigalith|88/100|[from] Stealth Rock
|
|-weather|none
|-heal|p1a: Gigalith|94/100|[from] item: Leftovers
|upkeep
|turn|15
|
|switch|p1a: Sableye|Sableye, M|94/100
|-damage|p1a: Sableye|82/100|[from] Stealth Rock
|move|p2a: Passimian|Knock Off|p1a: Sableye
|-damage|p1a: Sableye|50/100
|-enditem|p1a: Sableye|Safety Goggles|[from] move: Knock Off|[of] p2a: Passimian
|
|upkeep
|turn|16
|j| scblol26
|
|switch|p2a: Vullaby|Vullaby, F|94/100
|-damage|p2a: Vullaby|69/100|[from] Stealth Rock
|move|p1a: Sableye|Recover|p1a: Sableye
|-heal|p1a: Sableye|99/100
|
|upkeep
|turn|17
|
|switch|p1a: Silvally|Silvally-Steel|100/100
|-damage|p1a: Silvally|94/100|[from] Stealth Rock
|move|p2a: Vullaby|Roost|p2a: Vullaby
|-heal|p2a: Vullaby|100/100
|-singleturn|p2a: Vullaby|move: Roost
|
|upkeep
|turn|18
|
|move|p1a: Silvally|Flash Cannon|p2a: Vullaby
|-damage|p2a: Vullaby|66/100
|move|p2a: Vullaby|Foul Play|p1a: Silvally
|-damage|p1a: Silvally|74/100
|
|upkeep
|turn|19
|
|move|p1a: Silvally|Flash Cannon|p2a: Vullaby
|-damage|p2a: Vullaby|30/100
|move|p2a: Vullaby|Roost|p2a: Vullaby
|-heal|p2a: Vullaby|80/100
|-singleturn|p2a: Vullaby|move: Roost
|
|upkeep
|turn|20
|
|move|p1a: Silvally|Parting Shot|p2a: Vullaby
|-unboost|p2a: Vullaby|atk|1
|-unboost|p2a: Vullaby|spa|1
|
|switch|p1a: Gigalith|Gigalith, M|94/100|[from]move: Parting Shot
|-damage|p1a: Gigalith|82/100|[from] Stealth Rock
|-weather|Sandstorm|[from] ability: Sand Stream|[of] p1a: Gigalith
|move|p2a: Vullaby|Roost|p2a: Vullaby
|-heal|p2a: Vullaby|100/100
|-singleturn|p2a: Vullaby|move: Roost
|
|-weather|Sandstorm|[upkeep]
|-heal|p1a: Gigalith|88/100|[from] item: Leftovers
|upkeep
|turn|21
|
|switch|p2a: Gigalith|Gigalith, F|100/100
|-damage|p2a: Gigalith|88/100|[from] Stealth Rock
|move|p1a: Gigalith|Rock Slide|p2a: Gigalith
|-damage|p2a: Gigalith|65/100
|
|-weather|Sandstorm|[upkeep]
|-heal|p1a: Gigalith|94/100|[from] item: Leftovers
|-heal|p2a: Gigalith|71/100|[from] item: Leftovers
|upkeep
|turn|22
|
|move|p1a: Gigalith|Earthquake|p2a: Gigalith
|-supereffective|p2a: Gigalith
|-damage|p2a: Gigalith|24/100
|move|p2a: Gigalith|Stone Edge|p1a: Gigalith|[miss]
|-miss|p2a: Gigalith|p1a: Gigalith
|
|-weather|Sandstorm|[upkeep]
|-heal|p1a: Gigalith|100/100|[from] item: Leftovers
|-heal|p2a: Gigalith|30/100|[from] item: Leftovers
|upkeep
|turn|23
|
|switch|p2a: Gastrodon|Gastrodon, M|100/100
|-damage|p2a: Gastrodon|94/100|[from] Stealth Rock
|move|p1a: Gigalith|Earthquake|p2a: Gastrodon
|-damage|p2a: Gastrodon|73/100
|
|-weather|Sandstorm|[upkeep]
|-heal|p2a: Gastrodon|79/100|[from] item: Leftovers
|upkeep
|turn|24
|
|switch|p2a: Salazzle|Salazzle, F|88/100
|switch|p1a: Pyukumuku|Pyukumuku, F|76/100
|-damage|p1a: Pyukumuku|64/100|[from] Stealth Rock
|
|-weather|none
|-heal|p1a: Pyukumuku|70/100|[from] item: Leftovers
|upkeep
|turn|25
|
|move|p2a: Salazzle|Toxic|p1a: Pyukumuku
|-status|p1a: Pyukumuku|tox
|move|p1a: Pyukumuku|Recover|p1a: Pyukumuku
|-heal|p1a: Pyukumuku|100/100 tox
|
|-damage|p1a: Pyukumuku|94/100 tox|[from] psn
|upkeep
|turn|26
|
|switch|p1a: Gigalith|Gigalith, M|100/100
|-damage|p1a: Gigalith|88/100|[from] Stealth Rock
|-weather|Sandstorm|[from] ability: Sand Stream|[of] p1a: Gigalith
|move|p2a: Salazzle|Nasty Plot|p2a: Salazzle
|-boost|p2a: Salazzle|spa|2
|
|-weather|Sandstorm|[upkeep]
|-damage|p2a: Salazzle|82/100|[from] Sandstorm
|-heal|p1a: Gigalith|94/100|[from] item: Leftovers
|upkeep
|turn|27
|
|switch|p2a: Gastrodon|Gastrodon, M|79/100
|-damage|p2a: Gastrodon|73/100|[from] Stealth Rock
|move|p1a: Gigalith|Earthquake|p2a: Gastrodon
|-damage|p2a: Gastrodon|52/100
|
|-weather|Sandstorm|[upkeep]
|-heal|p2a: Gastrodon|58/100|[from] item: Leftovers
|-heal|p1a: Gigalith|100/100|[from] item: Leftovers
|upkeep
|turn|28
|j| Hawerer
|
|switch|p1a: Vileplume|Vileplume, M|100/100
|-damage|p1a: Vileplume|88/100|[from] Stealth Rock
|move|p2a: Gastrodon|Recover|p2a: Gastrodon
|-heal|p2a: Gastrodon|100/100
|
|-weather|Sandstorm|[upkeep]
|-damage|p1a: Vileplume|82/100|[from] Sandstorm
|-heal|p1a: Vileplume|88/100|[from] item: Leftovers
|upkeep
|turn|29
|
|switch|p2a: Salazzle|Salazzle, F|82/100
|move|p1a: Vileplume|Aromatherapy|p1a: Vileplume
|-activate|p1a: Vileplume|move: Aromatherapy
|-curestatus|p1: Pyukumuku|tox|[msg]
|
|-weather|Sandstorm|[upkeep]
|-damage|p2a: Salazzle|76/100|[from] Sandstorm
|-damage|p1a: Vileplume|82/100|[from] Sandstorm
|-heal|p1a: Vileplume|88/100|[from] item: Leftovers
|upkeep
|turn|30
|
|switch|p1a: Gigalith|Gigalith, M|100/100
|-damage|p1a: Gigalith|88/100|[from] Stealth Rock
|move|p2a: Salazzle|Fire Blast|p1a: Gigalith
|-resisted|p1a: Gigalith
|-damage|p1a: Gigalith|75/100
|
|-weather|none
|-heal|p1a: Gigalith|81/100|[from] item: Leftovers
|upkeep
|turn|31
|c| scblol26|oh shoot this guy is 25-3
|
|switch|p2a: Gastrodon|Gastrodon, M|100/100
|-damage|p2a: Gastrodon|94/100|[from] Stealth Rock
|move|p1a: Gigalith|Earthquake|p2a: Gastrodon
|-damage|p2a: Gastrodon|73/100
|
|-heal|p2a: Gastrodon|79/100|[from] item: Leftovers
|-heal|p1a: Gigalith|87/100|[from] item: Leftovers
|upkeep
|turn|32
|
|switch|p1a: Vileplume|Vileplume, M|88/100
|-damage|p1a: Vileplume|76/100|[from] Stealth Rock
|move|p2a: Gastrodon|Scald|p1a: Vileplume
|-resisted|p1a: Vileplume
|-damage|p1a: Vileplume|63/100
|
|-heal|p1a: Vileplume|69/100|[from] item: Leftovers
|-heal|p2a: Gastrodon|85/100|[from] item: Leftovers
|upkeep
|turn|33
|
|switch|p2a: Sigilyph|Sigilyph, M|100/100 tox
|move|p1a: Vileplume|Strength Sap|p2a: Sigilyph
|-unboost|p2a: Sigilyph|atk|1
|-heal|p1a: Vileplume|99/100
|
|-heal|p1a: Vileplume|100/100|[from] item: Leftovers
|upkeep
|turn|34
|
|switch|p1a: Gigalith|Gigalith, M|87/100
|-damage|p1a: Gigalith|75/100|[from] Stealth Rock
|-weather|Sandstorm|[from] ability: Sand Stream|[of] p1a: Gigalith
|move|p2a: Sigilyph|Psychic|p1a: Gigalith
|-damage|p1a: Gigalith|49/100
|
|-weather|Sandstorm|[upkeep]
|-heal|p1a: Gigalith|56/100|[from] item: Leftovers
|upkeep
|turn|35
|
|switch|p2a: Passimian|Passimian, F|94/100
|-damage|p2a: Passimian|88/100|[from] Stealth Rock
|move|p1a: Gigalith|Rock Slide|p2a: Passimian
|-resisted|p2a: Passimian
|-crit|p2a: Passimian
|-damage|p2a: Passimian|61/100
|
|-weather|Sandstorm|[upkeep]
|-damage|p2a: Passimian|55/100|[from] Sandstorm
|-heal|p1a: Gigalith|62/100|[from] item: Leftovers
|upkeep
|turn|36
|
|switch|p2a: Gigalith|Gigalith, F|30/100
|-damage|p2a: Gigalith|18/100|[from] Stealth Rock
|switch|p1a: Xatu|Xatu, M|100/100
|-damage|p1a: Xatu|76/100|[from] Stealth Rock
|
|-weather|Sandstorm|[upkeep]
|-damage|p1a: Xatu|70/100|[from] Sandstorm
|-heal|p2a: Gigalith|24/100|[from] item: Leftovers
|upkeep
|turn|37
|
|move|p1a: Xatu|Night Shade|p2a: Gigalith
|-damage|p2a: Gigalith|0 fnt
|faint|p2a: Gigalith
|
|-weather|Sandstorm|[upkeep]
|-damage|p1a: Xatu|64/100|[from] Sandstorm
|upkeep
|
|switch|p2a: Sigilyph|Sigilyph, M|100/100 tox
|turn|38
|
|switch|p1a: Gigalith|Gigalith, M|62/100
|-damage|p1a: Gigalith|49/100|[from] Stealth Rock
|move|p2a: Sigilyph|Psychic|p1a: Gigalith
|-damage|p1a: Gigalith|23/100
|
|-weather|none
|-heal|p1a: Gigalith|30/100|[from] item: Leftovers
|upkeep
|turn|39
|
|switch|p1a: Sableye|Sableye, M|99/100
|-damage|p1a: Sableye|87/100|[from] Stealth Rock
|move|p2a: Sigilyph|Air Slash|p1a: Sableye
|-damage|p1a: Sableye|13/100
|
|upkeep
|turn|40
|
|move|p1a: Sableye|Recover|p1a: Sableye
|-heal|p1a: Sableye|63/100
|move|p2a: Sigilyph|Air Slash|p1a: Sableye
|-damage|p1a: Sableye|0 fnt
|faint|p1a: Sableye
|
|upkeep
|
|switch|p1a: Pyukumuku|Pyukumuku, F|94/100
|-damage|p1a: Pyukumuku|82/100|[from] Stealth Rock
|turn|41
|
|switch|p2a: Salazzle|Salazzle, F|76/100
|move|p1a: Pyukumuku|Mirror Coat||[still]
|-fail|p1a: Pyukumuku
|
|-heal|p1a: Pyukumuku|88/100|[from] item: Leftovers
|upkeep
|turn|42
|
|move|p2a: Salazzle|Nasty Plot|p2a: Salazzle
|-boost|p2a: Salazzle|spa|2
|move|p1a: Pyukumuku|Soak|p2a: Salazzle
|-start|p2a: Salazzle|typechange|Water
|
|-heal|p1a: Pyukumuku|94/100|[from] item: Leftovers
|upkeep
|turn|43
|
|switch|p2a: Sigilyph|Sigilyph, M|100/100 tox
|move|p1a: Pyukumuku|Toxic|p2a: Sigilyph
|-fail|p2a: Sigilyph|tox
|
|-heal|p1a: Pyukumuku|99/100|[from] item: Leftovers
|upkeep
|turn|44
|
|switch|p2a: Vullaby|Vullaby, F|100/100
|-damage|p2a: Vullaby|75/100|[from] Stealth Rock
|move|p1a: Pyukumuku|Soak|p2a: Vullaby
|-start|p2a: Vullaby|typechange|Water
|
|-heal|p1a: Pyukumuku|100/100|[from] item: Leftovers
|upkeep
|turn|45
|
|switch|p2a: Sigilyph|Sigilyph, M|100/100 tox
|switch|p1a: Xatu|Xatu, M|64/100
|-damage|p1a: Xatu|39/100|[from] Stealth Rock
|
|upkeep
|turn|46
|
|switch|p1a: Pyukumuku|Pyukumuku, F|100/100
|-damage|p1a: Pyukumuku|88/100|[from] Stealth Rock
|move|p2a: Sigilyph|Air Slash|p1a: Pyukumuku
|-damage|p1a: Pyukumuku|59/100
|
|-heal|p1a: Pyukumuku|65/100|[from] item: Leftovers
|upkeep
|turn|47
|
|move|p2a: Sigilyph|Air Slash|p1a: Pyukumuku
|-damage|p1a: Pyukumuku|36/100
|move|p1a: Pyukumuku|Recover|p1a: Pyukumuku
|-heal|p1a: Pyukumuku|86/100
|
|-heal|p1a: Pyukumuku|93/100|[from] item: Leftovers
|upkeep
|turn|48
|
|switch|p2a: Gastrodon|Gastrodon, M|85/100
|-damage|p2a: Gastrodon|79/100|[from] Stealth Rock
|move|p1a: Pyukumuku|Soak|p2a: Gastrodon
|-ability|p2a: Gastrodon|Storm Drain|boost
|-boost|p2a: Gastrodon|spa|1
|
|-heal|p2a: Gastrodon|85/100|[from] item: Leftovers
|-heal|p1a: Pyukumuku|99/100|[from] item: Leftovers
|upkeep
|turn|49
|
|switch|p2a: Salazzle|Salazzle, F|76/100
|move|p1a: Pyukumuku|Soak|p2a: Salazzle
|-start|p2a: Salazzle|typechange|Water
|
|-heal|p1a: Pyukumuku|100/100|[from] item: Leftovers
|upkeep
|turn|50
|
|switch|p2a: Sigilyph|Sigilyph, M|100/100 tox
|move|p1a: Pyukumuku|Toxic|p2a: Sigilyph|[miss]
|-miss|p1a: Pyukumuku|p2a: Sigilyph
|
|upkeep
|turn|51
|
|switch|p2a: Salazzle|Salazzle, F|76/100
|move|p1a: Pyukumuku|Soak|p2a: Salazzle
|-start|p2a: Salazzle|typechange|Water
|
|upkeep
|turn|52
|
|switch|p2a: Sigilyph|Sigilyph, M|100/100 tox
|switch|p1a: Gigalith|Gigalith, M|30/100
|-damage|p1a: Gigalith|17/100|[from] Stealth Rock
|-weather|Sandstorm|[from] ability: Sand Stream|[of] p1a: Gigalith
|
|-weather|Sandstorm|[upkeep]
|-heal|p1a: Gigalith|23/100|[from] item: Leftovers
|upkeep
|turn|53
|
|switch|p1a: Pyukumuku|Pyukumuku, F|100/100
|-damage|p1a: Pyukumuku|88/100|[from] Stealth Rock
|move|p2a: Sigilyph|Psychic|p1a: Pyukumuku
|-damage|p1a: Pyukumuku|56/100
|
|-weather|Sandstorm|[upkeep]
|-damage|p1a: Pyukumuku|50/100|[from] Sandstorm
|-heal|p1a: Pyukumuku|56/100|[from] item: Leftovers
|upkeep
|turn|54
|
|switch|p2a: Salazzle|Salazzle, F|76/100
|move|p1a: Pyukumuku|Recover|p1a: Pyukumuku
|-heal|p1a: Pyukumuku|100/100
|
|-weather|Sandstorm|[upkeep]
|-damage|p2a: Salazzle|70/100|[from] Sandstorm
|-damage|p1a: Pyukumuku|94/100|[from] Sandstorm
|-heal|p1a: Pyukumuku|100/100|[from] item: Leftovers
|upkeep
|turn|55
|
|switch|p1a: Gigalith|Gigalith, M|23/100
|-damage|p1a: Gigalith|11/100|[from] Stealth Rock
|move|p2a: Salazzle|Toxic|p1a: Gigalith
|-status|p1a: Gigalith|tox
|
|-weather|Sandstorm|[upkeep]
|-damage|p2a: Salazzle|64/100|[from] Sandstorm
|-heal|p1a: Gigalith|17/100 tox|[from] item: Leftovers
|-damage|p1a: Gigalith|11/100 tox|[from] psn
|upkeep
|turn|56
|
|move|p2a: Salazzle|Fire Blast|p1a: Gigalith|[miss]
|-miss|p2a: Salazzle|p1a: Gigalith
|move|p1a: Gigalith|Rest|p1a: Gigalith
|-status|p1a: Gigalith|slp|[from] move: Rest
|-heal|p1a: Gigalith|100/100 slp|[silent]
|
|-weather|none
|upkeep
|turn|57
|
|move|p2a: Salazzle|Nasty Plot|p2a: Salazzle
|-boost|p2a: Salazzle|spa|2
|cant|p1a: Gigalith|slp
|
|upkeep
|turn|58
|
|move|p2a: Salazzle|Fire Blast|p1a: Gigalith
|-resisted|p1a: Gigalith
|-damage|p1a: Gigalith|63/100 slp
|cant|p1a: Gigalith|slp
|
|-heal|p1a: Gigalith|69/100 slp|[from] item: Leftovers
|upkeep
|turn|59
|
|switch|p2a: Gastrodon|Gastrodon, M|85/100
|-damage|p2a: Gastrodon|79/100|[from] Stealth Rock
|-curestatus|p1a: Gigalith|slp|[msg]
|move|p1a: Gigalith|Earthquake|p2a: Gastrodon
|-damage|p2a: Gastrodon|57/100
|
|-heal|p2a: Gastrodon|63/100|[from] item: Leftovers
|-heal|p1a: Gigalith|75/100|[from] item: Leftovers
|upkeep
|turn|60
|
|switch|p2a: Sigilyph|Sigilyph, M|100/100 tox
|switch|p1a: Vileplume|Vileplume, M|100/100
|-damage|p1a: Vileplume|88/100|[from] Stealth Rock
|
|-heal|p1a: Vileplume|94/100|[from] item: Leftovers
|upkeep
|turn|61
|
|switch|p1a: Pyukumuku|Pyukumuku, F|100/100
|-damage|p1a: Pyukumuku|88/100|[from] Stealth Rock
|move|p2a: Sigilyph|Psychic|p1a: Pyukumuku
|-damage|p1a: Pyukumuku|54/100
|
|-heal|p1a: Pyukumuku|60/100|[from] item: Leftovers
|upkeep
|turn|62
|
|switch|p2a: Salazzle|Salazzle, F|64/100
|move|p1a: Pyukumuku|Recover|p1a: Pyukumuku
|-heal|p1a: Pyukumuku|100/100
|
|upkeep
|turn|63
|
|switch|p1a: Gigalith|Gigalith, M|75/100
|-damage|p1a: Gigalith|63/100|[from] Stealth Rock
|-weather|Sandstorm|[from] ability: Sand Stream|[of] p1a: Gigalith
|move|p2a: Salazzle|Toxic|p1a: Gigalith
|-status|p1a: Gigalith|tox
|
|-weather|Sandstorm|[upkeep]
|-damage|p2a: Salazzle|58/100|[from] Sandstorm
|-heal|p1a: Gigalith|69/100 tox|[from] item: Leftovers
|-damage|p1a: Gigalith|63/100 tox|[from] psn
|upkeep
|turn|64
|
|switch|p2a: Passimian|Passimian, F|55/100
|-damage|p2a: Passimian|49/100|[from] Stealth Rock
|move|p1a: Gigalith|Rest|p1a: Gigalith
|-status|p1a: Gigalith|slp|[from] move: Rest
|-heal|p1a: Gigalith|100/100 slp|[silent]
|
|-weather|Sandstorm|[upkeep]
|-damage|p2a: Passimian|43/100|[from] Sandstorm
|upkeep
|turn|65
|
|switch|p2a: Salazzle|Salazzle, F|58/100
|switch|p1a: Xatu|Xatu, M|39/100
|-damage|p1a: Xatu|14/100|[from] Stealth Rock
|
|-weather|Sandstorm|[upkeep]
|-damage|p2a: Salazzle|51/100|[from] Sandstorm
|-damage|p1a: Xatu|8/100|[from] Sandstorm
|upkeep
|turn|66
|
|move|p2a: Salazzle|Sludge Wave|p1a: Xatu
|-damage|p1a: Xatu|0 fnt
|faint|p1a: Xatu
|
|-weather|Sandstorm|[upkeep]
|-damage|p2a: Salazzle|45/100|[from] Sandstorm
|upkeep
|
|switch|p1a: Gigalith|Gigalith, M|100/100 slp
|-damage|p1a: Gigalith|88/100 slp|[from] Stealth Rock
|turn|67
|
|switch|p2a: Gastrodon|Gastrodon, M|63/100
|-damage|p2a: Gastrodon|57/100|[from] Stealth Rock
|cant|p1a: Gigalith|slp
|
|-weather|none
|-heal|p2a: Gastrodon|63/100|[from] item: Leftovers
|-heal|p1a: Gigalith|94/100 slp|[from] item: Leftovers
|upkeep
|turn|68
|
|switch|p1a: Vileplume|Vileplume, M|94/100
|-damage|p1a: Vileplume|82/100|[from] Stealth Rock
|move|p2a: Gastrodon|Earthquake|p1a: Vileplume
|-damage|p1a: Vileplume|61/100
|
|-heal|p1a: Vileplume|67/100|[from] item: Leftovers
|-heal|p2a: Gastrodon|69/100|[from] item: Leftovers
|upkeep
|turn|69
|
|switch|p2a: Sigilyph|Sigilyph, M|100/100 tox
|move|p1a: Vileplume|Sludge Bomb|p2a: Sigilyph
|-damage|p2a: Sigilyph|51/100 tox
|
|-heal|p1a: Vileplume|73/100|[from] item: Leftovers
|upkeep
|turn|70
|
|switch|p1a: Gigalith|Gigalith, M|94/100 slp
|-damage|p1a: Gigalith|82/100 slp|[from] Stealth Rock
|-weather|Sandstorm|[from] ability: Sand Stream|[of] p1a: Gigalith
|move|p2a: Sigilyph|Psychic|p1a: Gigalith
|-crit|p1a: Gigalith
|-damage|p1a: Gigalith|40/100 slp
|
|-weather|Sandstorm|[upkeep]
|-heal|p1a: Gigalith|46/100 slp|[from] item: Leftovers
|upkeep
|turn|71
|
|move|p2a: Sigilyph|Psychic|p1a: Gigalith
|-damage|p1a: Gigalith|17/100 slp
|cant|p1a: Gigalith|slp
|
|-weather|Sandstorm|[upkeep]
|-heal|p1a: Gigalith|23/100 slp|[from] item: Leftovers
|upkeep
|turn|72
|
|switch|p1a: Pyukumuku|Pyukumuku, F|100/100
|-damage|p1a: Pyukumuku|88/100|[from] Stealth Rock
|move|p2a: Sigilyph|Psychic|p1a: Pyukumuku
|-damage|p1a: Pyukumuku|52/100
|
|-weather|Sandstorm|[upkeep]
|-damage|p1a: Pyukumuku|46/100|[from] Sandstorm
|-heal|p1a: Pyukumuku|52/100|[from] item: Leftovers
|upkeep
|turn|73
|
|move|p2a: Sigilyph|Roost|p2a: Sigilyph
|-heal|p2a: Sigilyph|100/100 tox
|-singleturn|p2a: Sigilyph|move: Roost
|move|p1a: Pyukumuku|Recover|p1a: Pyukumuku
|-heal|p1a: Pyukumuku|100/100
|
|-weather|Sandstorm|[upkeep]
|-damage|p1a: Pyukumuku|94/100|[from] Sandstorm
|-heal|p1a: Pyukumuku|100/100|[from] item: Leftovers
|upkeep
|turn|74
|
|switch|p2a: Salazzle|Salazzle, F|45/100
|move|p1a: Pyukumuku|Soak|p2a: Salazzle
|-start|p2a: Salazzle|typechange|Water
|
|-weather|none
|upkeep
|turn|75
|
|switch|p2a: Sigilyph|Sigilyph, M|100/100 tox
|move|p1a: Pyukumuku|Toxic|p2a: Sigilyph
|-fail|p2a: Sigilyph|tox
|
|upkeep
|turn|76
|
|switch|p2a: Salazzle|Salazzle, F|45/100
|switch|p1a: Gigalith|Gigalith, M|23/100 slp
|-damage|p1a: Gigalith|11/100 slp|[from] Stealth Rock
|-weather|Sandstorm|[from] ability: Sand Stream|[of] p1a: Gigalith
|
|-weather|Sandstorm|[upkeep]
|-damage|p2a: Salazzle|39/100|[from] Sandstorm
|-heal|p1a: Gigalith|17/100 slp|[from] item: Leftovers
|upkeep
|turn|77
|
|move|p2a: Salazzle|Nasty Plot|p2a: Salazzle
|-boost|p2a: Salazzle|spa|2
|-curestatus|p1a: Gigalith|slp|[msg]
|move|p1a: Gigalith|Rest|p1a: Gigalith
|-status|p1a: Gigalith|slp|[from] move: Rest
|-heal|p1a: Gigalith|100/100 slp|[silent]
|
|-weather|Sandstorm|[upkeep]
|-damage|p2a: Salazzle|33/100|[from] Sandstorm
|upkeep
|turn|78
|
|move|p2a: Salazzle|Nasty Plot|p2a: Salazzle
|-boost|p2a: Salazzle|spa|2
|cant|p1a: Gigalith|slp
|
|-weather|Sandstorm|[upkeep]
|-damage|p2a: Salazzle|27/100|[from] Sandstorm
|upkeep
|turn|79
|
|move|p2a: Salazzle|Fire Blast|p1a: Gigalith
|-resisted|p1a: Gigalith
|-damage|p1a: Gigalith|64/100 slp
|cant|p1a: Gigalith|slp
|
|-weather|Sandstorm|[upkeep]
|-damage|p2a: Salazzle|21/100|[from] Sandstorm
|-heal|p1a: Gigalith|70/100 slp|[from] item: Leftovers
|upkeep
|turn|80
|
|switch|p2a: Gastrodon|Gastrodon, M|69/100
|-damage|p2a: Gastrodon|63/100|[from] Stealth Rock
|-curestatus|p1a: Gigalith|slp|[msg]
|move|p1a: Gigalith|Earthquake|p2a: Gastrodon
|-damage|p2a: Gastrodon|40/100
|
|-weather|none
|-heal|p2a: Gastrodon|47/100|[from] item: Leftovers
|-heal|p1a: Gigalith|76/100|[from] item: Leftovers
|upkeep
|turn|81
|
|switch|p1a: Vileplume|Vileplume, M|73/100
|-damage|p1a: Vileplume|61/100|[from] Stealth Rock
|move|p2a: Gastrodon|Recover|p2a: Gastrodon
|-heal|p2a: Gastrodon|97/100
|
|-heal|p1a: Vileplume|67/100|[from] item: Leftovers
|-heal|p2a: Gastrodon|100/100|[from] item: Leftovers
|upkeep
|turn|82
|
|switch|p2a: Sigilyph|Sigilyph, M|100/100 tox
|move|p1a: Vileplume|Sludge Bomb|p2a: Sigilyph
|-damage|p2a: Sigilyph|51/100 tox
|
|-heal|p1a: Vileplume|73/100|[from] item: Leftovers
|upkeep
|turn|83
|
|switch|p1a: Gigalith|Gigalith, M|76/100
|-damage|p1a: Gigalith|64/100|[from] Stealth Rock
|-weather|Sandstorm|[from] ability: Sand Stream|[of] p1a: Gigalith
|move|p2a: Sigilyph|Psychic|p1a: Gigalith
|-damage|p1a: Gigalith|38/100
|
|-weather|Sandstorm|[upkeep]
|-heal|p1a: Gigalith|44/100|[from] item: Leftovers
|upkeep
|turn|84
|
|move|p2a: Sigilyph|Roost|p2a: Sigilyph
|-heal|p2a: Sigilyph|100/100 tox
|-singleturn|p2a: Sigilyph|move: Roost
|move|p1a: Gigalith|Rock Slide|p2a: Sigilyph
|-damage|p2a: Sigilyph|54/100 tox
|
|-weather|Sandstorm|[upkeep]
|-heal|p1a: Gigalith|50/100|[from] item: Leftovers
|upkeep
|turn|85
|
|switch|p2a: Gastrodon|Gastrodon, M|100/100
|-damage|p2a: Gastrodon|94/100|[from] Stealth Rock
|move|p1a: Gigalith|Rest|p1a: Gigalith
|-status|p1a: Gigalith|slp|[from] move: Rest
|-heal|p1a: Gigalith|100/100 slp|[silent]
|
|-weather|Sandstorm|[upkeep]
|-heal|p2a: Gastrodon|100/100|[from] item: Leftovers
|upkeep
|turn|86
|
|move|p2a: Gastrodon|Scald|p1a: Gigalith
|-supereffective|p1a: Gigalith
|-damage|p1a: Gigalith|73/100 slp
|cant|p1a: Gigalith|slp
|
|-weather|Sandstorm|[upkeep]
|-heal|p1a: Gigalith|79/100 slp|[from] item: Leftovers
|upkeep
|turn|87
|
|switch|p1a: Vileplume|Vileplume, M|73/100
|-damage|p1a: Vileplume|61/100|[from] Stealth Rock
|move|p2a: Gastrodon|Earthquake|p1a: Vileplume
|-damage|p1a: Vileplume|39/100
|
|-weather|none
|-heal|p1a: Vileplume|46/100|[from] item: Leftovers
|upkeep
|turn|88
|
|switch|p2a: Sigilyph|Sigilyph, M|54/100 tox
|move|p1a: Vileplume|Strength Sap|p2a: Sigilyph
|-unboost|p2a: Sigilyph|atk|1
|-heal|p1a: Vileplume|76/100
|
|-heal|p1a: Vileplume|82/100|[from] item: Leftovers
|upkeep
|turn|89
|
|switch|p2a: Gastrodon|Gastrodon, M|100/100
|-damage|p2a: Gastrodon|94/100|[from] Stealth Rock
|switch|p1a: Pyukumuku|Pyukumuku, F|100/100
|-damage|p1a: Pyukumuku|88/100|[from] Stealth Rock
|
|-heal|p2a: Gastrodon|100/100|[from] item: Leftovers
|-heal|p1a: Pyukumuku|94/100|[from] item: Leftovers
|upkeep
|turn|90
|
|switch|p2a: Sigilyph|Sigilyph, M|54/100 tox
|switch|p1a: Gigalith|Gigalith, M|79/100 slp
|-damage|p1a: Gigalith|67/100 slp|[from] Stealth Rock
|-weather|Sandstorm|[from] ability: Sand Stream|[of] p1a: Gigalith
|
|-weather|Sandstorm|[upkeep]
|-heal|p1a: Gigalith|73/100 slp|[from] item: Leftovers
|upkeep
|turn|91
|
|switch|p2a: Gastrodon|Gastrodon, M|100/100
|-damage|p2a: Gastrodon|94/100|[from] Stealth Rock
|cant|p1a: Gigalith|slp
|
|-weather|Sandstorm|[upkeep]
|-heal|p2a: Gastrodon|100/100|[from] item: Leftovers
|-heal|p1a: Gigalith|79/100 slp|[from] item: Leftovers
|upkeep
|turn|92
|
|switch|p1a: Vileplume|Vileplume, M|82/100
|-damage|p1a: Vileplume|70/100|[from] Stealth Rock
|move|p2a: Gastrodon|Earthquake|p1a: Vileplume
|-damage|p1a: Vileplume|47/100
|
|-weather|Sandstorm|[upkeep]
|-damage|p1a: Vileplume|41/100|[from] Sandstorm
|-heal|p1a: Vileplume|47/100|[from] item: Leftovers
|upkeep
|turn|93
|
|switch|p2a: Sigilyph|Sigilyph, M|54/100 tox
|move|p1a: Vileplume|Sludge Bomb|p2a: Sigilyph
|-damage|p2a: Sigilyph|9/100 tox
|
|-weather|Sandstorm|[upkeep]
|-damage|p1a: Vileplume|41/100|[from] Sandstorm
|-heal|p1a: Vileplume|47/100|[from] item: Leftovers
|upkeep
|turn|94
|
|move|p2a: Sigilyph|Roost|p2a: Sigilyph
|-heal|p2a: Sigilyph|59/100 tox
|-singleturn|p2a: Sigilyph|move: Roost
|move|p1a: Vileplume|Sludge Bomb|p2a: Sigilyph
|-damage|p2a: Sigilyph|7/100 tox
|
|-weather|none
|-heal|p1a: Vileplume|53/100|[from] item: Leftovers
|upkeep
|turn|95
|
|switch|p1a: Gigalith|Gigalith, M|79/100 slp
|-damage|p1a: Gigalith|67/100 slp|[from] Stealth Rock
|-weather|Sandstorm|[from] ability: Sand Stream|[of] p1a: Gigalith
|move|p2a: Sigilyph|Roost|p2a: Sigilyph
|-heal|p2a: Sigilyph|57/100 tox
|-singleturn|p2a: Sigilyph|move: Roost
|
|-weather|Sandstorm|[upkeep]
|-heal|p1a: Gigalith|73/100 slp|[from] item: Leftovers
|upkeep
|turn|96
|
|move|p2a: Sigilyph|Roost|p2a: Sigilyph
|-heal|p2a: Sigilyph|100/100 tox
|-singleturn|p2a: Sigilyph|move: Roost
|-curestatus|p1a: Gigalith|slp|[msg]
|move|p1a: Gigalith|Rock Slide|p2a: Sigilyph
|-damage|p2a: Sigilyph|54/100 tox
|
|-weather|Sandstorm|[upkeep]
|-heal|p1a: Gigalith|79/100|[from] item: Leftovers
|upkeep
|turn|97
|
|switch|p2a: Gastrodon|Gastrodon, M|100/100
|-damage|p2a: Gastrodon|94/100|[from] Stealth Rock
|move|p1a: Gigalith|Rock Slide|p2a: Gastrodon
|-resisted|p2a: Gastrodon
|-damage|p2a: Gastrodon|81/100
|
|-weather|Sandstorm|[upkeep]
|-heal|p2a: Gastrodon|87/100|[from] item: Leftovers
|-heal|p1a: Gigalith|86/100|[from] item: Leftovers
|upkeep
|turn|98
|
|switch|p1a: Pyukumuku|Pyukumuku, F|94/100
|-damage|p1a: Pyukumuku|82/100|[from] Stealth Rock
|move|p2a: Gastrodon|Earthquake|p1a: Pyukumuku
|-damage|p1a: Pyukumuku|57/100
|
|-weather|Sandstorm|[upkeep]
|-damage|p1a: Pyukumuku|50/100|[from] Sandstorm
|-heal|p2a: Gastrodon|93/100|[from] item: Leftovers
|-heal|p1a: Pyukumuku|57/100|[from] item: Leftovers
|upkeep
|turn|99
|
|switch|p2a: Sigilyph|Sigilyph, M|54/100 tox
|move|p1a: Pyukumuku|Recover|p1a: Pyukumuku
|-heal|p1a: Pyukumuku|100/100
|
|-weather|none
|upkeep
|turn|100
|
|switch|p1a: Gigalith|Gigalith, M|86/100
|-damage|p1a: Gigalith|73/100|[from] Stealth Rock
|-weather|Sandstorm|[from] ability: Sand Stream|[of] p1a: Gigalith
|move|p2a: Sigilyph|Roost|p2a: Sigilyph
|-heal|p2a: Sigilyph|100/100 tox
|-singleturn|p2a: Sigilyph|move: Roost
|
|-weather|Sandstorm|[upkeep]
|-heal|p1a: Gigalith|79/100|[from] item: Leftovers
|upkeep
|turn|101
|
|switch|p2a: Gastrodon|Gastrodon, M|93/100
|-damage|p2a: Gastrodon|87/100|[from] Stealth Rock
|move|p1a: Gigalith|Rock Slide|p2a: Gastrodon
|-resisted|p2a: Gastrodon
|-damage|p2a: Gastrodon|75/100
|
|-weather|Sandstorm|[upkeep]
|-heal|p2a: Gastrodon|81/100|[from] item: Leftovers
|-heal|p1a: Gigalith|86/100|[from] item: Leftovers
|upkeep
|turn|102
|
|move|p2a: Gastrodon|Earthquake|p1a: Gigalith
|-supereffective|p1a: Gigalith
|-damage|p1a: Gigalith|45/100
|move|p1a: Gigalith|Rock Slide|p2a: Gastrodon
|-resisted|p2a: Gastrodon
|-damage|p2a: Gastrodon|68/100
|
|-weather|Sandstorm|[upkeep]
|-heal|p2a: Gastrodon|74/100|[from] item: Leftovers
|-heal|p1a: Gigalith|51/100|[from] item: Leftovers
|upkeep
|turn|103
|
|switch|p1a: Vileplume|Vileplume, M|53/100
|-damage|p1a: Vileplume|41/100|[from] Stealth Rock
|move|p2a: Gastrodon|Earthquake|p1a: Vileplume
|-damage|p1a: Vileplume|16/100
|
|-weather|Sandstorm|[upkeep]
|-damage|p1a: Vileplume|10/100|[from] Sandstorm
|-heal|p1a: Vileplume|16/100|[from] item: Leftovers
|-heal|p2a: Gastrodon|80/100|[from] item: Leftovers
|upkeep
|turn|104
|
|switch|p2a: Sigilyph|Sigilyph, M|100/100 tox
|move|p1a: Vileplume|Strength Sap|p2a: Sigilyph
|-unboost|p2a: Sigilyph|atk|1
|-heal|p1a: Vileplume|47/100
|
|-weather|none
|-heal|p1a: Vileplume|53/100|[from] item: Leftovers
|upkeep
|turn|105
|
|switch|p1a: Pyukumuku|Pyukumuku, F|100/100
|-damage|p1a: Pyukumuku|88/100|[from] Stealth Rock
|move|p2a: Sigilyph|Psychic|p1a: Pyukumuku
|-damage|p1a: Pyukumuku|54/100
|
|-heal|p1a: Pyukumuku|60/100|[from] item: Leftovers
|upkeep
|turn|106
|
|switch|p2a: Salazzle|Salazzle, F|21/100
|move|p1a: Pyukumuku|Recover|p1a: Pyukumuku
|-heal|p1a: Pyukumuku|100/100
|
|upkeep
|turn|107
|
|switch|p1a: Gigalith|Gigalith, M|51/100
|-damage|p1a: Gigalith|39/100|[from] Stealth Rock
|-weather|Sandstorm|[from] ability: Sand Stream|[of] p1a: Gigalith
|move|p2a: Salazzle|Toxic|p1a: Gigalith
|-status|p1a: Gigalith|tox
|
|-weather|Sandstorm|[upkeep]
|-damage|p2a: Salazzle|15/100|[from] Sandstorm
|-heal|p1a: Gigalith|45/100 tox|[from] item: Leftovers
|-damage|p1a: Gigalith|39/100 tox|[from] psn
|upkeep
|turn|108
|
|switch|p2a: Passimian|Passimian, F|43/100
|-damage|p2a: Passimian|37/100|[from] Stealth Rock
|move|p1a: Gigalith|Rest|p1a: Gigalith
|-status|p1a: Gigalith|slp|[from] move: Rest
|-heal|p1a: Gigalith|100/100 slp|[silent]
|
|-weather|Sandstorm|[upkeep]
|-damage|p2a: Passimian|31/100|[from] Sandstorm
|upkeep
|turn|109
|
|switch|p1a: Vileplume|Vileplume, M|53/100
|-damage|p1a: Vileplume|40/100|[from] Stealth Rock
|move|p2a: Passimian|Close Combat|p1a: Vileplume
|-resisted|p1a: Vileplume
|-damage|p1a: Vileplume|19/100
|-status|p2a: Passimian|slp|[from] ability: Effect Spore|[of] p1a: Vileplume
|-unboost|p2a: Passimian|def|1
|-unboost|p2a: Passimian|spd|1
|
|-weather|Sandstorm|[upkeep]
|-damage|p2a: Passimian|25/100 slp|[from] Sandstorm
|-damage|p1a: Vileplume|13/100|[from] Sandstorm
|-heal|p1a: Vileplume|19/100|[from] item: Leftovers
|upkeep
|turn|110
|c| scblol26|nooo
|
|switch|p2a: Sigilyph|Sigilyph, M|100/100 tox
|move|p1a: Vileplume|Strength Sap|p2a: Sigilyph
|-unboost|p2a: Sigilyph|atk|1
|-heal|p1a: Vileplume|50/100
|
|-weather|Sandstorm|[upkeep]
|-damage|p1a: Vileplume|44/100|[from] Sandstorm
|-heal|p1a: Vileplume|50/100|[from] item: Leftovers
|upkeep
|turn|111
|
|switch|p2a: Gastrodon|Gastrodon, M|80/100
|-damage|p2a: Gastrodon|74/100|[from] Stealth Rock
|switch|p1a: Pyukumuku|Pyukumuku, F|100/100
|-damage|p1a: Pyukumuku|88/100|[from] Stealth Rock
|
|-weather|none
|-heal|p2a: Gastrodon|80/100|[from] item: Leftovers
|-heal|p1a: Pyukumuku|94/100|[from] item: Leftovers
|upkeep
|turn|112
|
|switch|p2a: Sigilyph|Sigilyph, M|100/100 tox
|move|p1a: Pyukumuku|Soak|p2a: Sigilyph
|-start|p2a: Sigilyph|typechange|Water
|
|-heal|p1a: Pyukumuku|99/100|[from] item: Leftovers
|upkeep
|turn|113
|
|switch|p2a: Salazzle|Salazzle, F|15/100
|switch|p1a: Gigalith|Gigalith, M|100/100 slp
|-damage|p1a: Gigalith|88/100 slp|[from] Stealth Rock
|-weather|Sandstorm|[from] ability: Sand Stream|[of] p1a: Gigalith
|
|-weather|Sandstorm|[upkeep]
|-damage|p2a: Salazzle|8/100|[from] Sandstorm
|-heal|p1a: Gigalith|94/100 slp|[from] item: Leftovers
|upkeep
|turn|114
|l| scblol26
|
|switch|p2a: Gastrodon|Gastrodon, M|80/100
|-damage|p2a: Gastrodon|74/100|[from] Stealth Rock
|cant|p1a: Gigalith|slp
|
|-weather|Sandstorm|[upkeep]
|-heal|p2a: Gastrodon|80/100|[from] item: Leftovers
|-heal|p1a: Gigalith|100/100 slp|[from] item: Leftovers
|upkeep
|turn|115
|
|switch|p1a: Pyukumuku|Pyukumuku, F|99/100
|-damage|p1a: Pyukumuku|88/100|[from] Stealth Rock
|move|p2a: Gastrodon|Earthquake|p1a: Pyukumuku
|-damage|p1a: Pyukumuku|61/100
|
|-weather|Sandstorm|[upkeep]
|-damage|p1a: Pyukumuku|55/100|[from] Sandstorm
|-heal|p2a: Gastrodon|86/100|[from] item: Leftovers
|-heal|p1a: Pyukumuku|61/100|[from] item: Leftovers
|upkeep
|turn|116
|
|switch|p2a: Sigilyph|Sigilyph, M|100/100 tox
|move|p1a: Pyukumuku|Recover|p1a: Pyukumuku
|-heal|p1a: Pyukumuku|100/100
|
|-weather|Sandstorm|[upkeep]
|-damage|p1a: Pyukumuku|94/100|[from] Sandstorm
|-heal|p1a: Pyukumuku|100/100|[from] item: Leftovers
|upkeep
|turn|117
|
|move|p2a: Sigilyph|Heat Wave|p1a: Pyukumuku
|-resisted|p1a: Pyukumuku
|-crit|p1a: Pyukumuku
|-damage|p1a: Pyukumuku|83/100
|move|p1a: Pyukumuku|Mirror Coat|p2a: Sigilyph
|-damage|p2a: Sigilyph|62/100 tox
|
|-weather|none
|-heal|p1a: Pyukumuku|89/100|[from] item: Leftovers
|upkeep
|turn|118
|
|move|p2a: Sigilyph|Roost|p2a: Sigilyph
|-heal|p2a: Sigilyph|100/100 tox
|-singleturn|p2a: Sigilyph|move: Roost
|move|p1a: Pyukumuku|Mirror Coat||[still]
|-fail|p1a: Pyukumuku
|
|-heal|p1a: Pyukumuku|95/100|[from] item: Leftovers
|upkeep
|turn|119
|
|move|p2a: Sigilyph|Heat Wave|p1a: Pyukumuku
|-resisted|p1a: Pyukumuku
|-damage|p1a: Pyukumuku|84/100
|move|p1a: Pyukumuku|Mirror Coat|p2a: Sigilyph
|-damage|p2a: Sigilyph|75/100 tox
|
|-heal|p1a: Pyukumuku|90/100|[from] item: Leftovers
|upkeep
|turn|120
|
|switch|p2a: Salazzle|Salazzle, F|8/100
|move|p1a: Pyukumuku|Mirror Coat||[still]
|-fail|p1a: Pyukumuku
|
|-heal|p1a: Pyukumuku|96/100|[from] item: Leftovers
|upkeep
|turn|121
|
|switch|p2a: Sigilyph|Sigilyph, M|75/100 tox
|switch|p1a: Gigalith|Gigalith, M|100/100 slp
|-damage|p1a: Gigalith|88/100 slp|[from] Stealth Rock
|-weather|Sandstorm|[from] ability: Sand Stream|[of] p1a: Gigalith
|
|-weather|Sandstorm|[upkeep]
|-heal|p1a: Gigalith|94/100 slp|[from] item: Leftovers
|upkeep
|turn|122
|
|switch|p2a: Gastrodon|Gastrodon, M|86/100
|-damage|p2a: Gastrodon|80/100|[from] Stealth Rock
|cant|p1a: Gigalith|slp
|
|-weather|Sandstorm|[upkeep]
|-heal|p2a: Gastrodon|86/100|[from] item: Leftovers
|-heal|p1a: Gigalith|100/100 slp|[from] item: Leftovers
|upkeep
|turn|123
|
|switch|p1a: Pyukumuku|Pyukumuku, F|96/100
|-damage|p1a: Pyukumuku|83/100|[from] Stealth Rock
|move|p2a: Gastrodon|Earthquake|p1a: Pyukumuku
|-damage|p1a: Pyukumuku|56/100
|
|-weather|Sandstorm|[upkeep]
|-damage|p1a: Pyukumuku|50/100|[from] Sandstorm
|-heal|p2a: Gastrodon|93/100|[from] item: Leftovers
|-heal|p1a: Pyukumuku|56/100|[from] item: Leftovers
|upkeep
|turn|124
|
|switch|p2a: Sigilyph|Sigilyph, M|75/100 tox
|move|p1a: Pyukumuku|Recover|p1a: Pyukumuku
|-heal|p1a: Pyukumuku|100/100
|
|-weather|Sandstorm|[upkeep]
|-damage|p1a: Pyukumuku|94/100|[from] Sandstorm
|-heal|p1a: Pyukumuku|100/100|[from] item: Leftovers
|upkeep
|turn|125
|l| Hawerer
|
|move|p2a: Sigilyph|Roost|p2a: Sigilyph
|-heal|p2a: Sigilyph|100/100 tox
|-singleturn|p2a: Sigilyph|move: Roost
|move|p1a: Pyukumuku|Soak|p2a: Sigilyph
|-start|p2a: Sigilyph|typechange|Water
|
|-weather|none
|upkeep
|turn|126
|
|switch|p2a: Vullaby|Vullaby, F|75/100
|-damage|p2a: Vullaby|50/100|[from] Stealth Rock
|move|p1a: Pyukumuku|Soak|p2a: Vullaby
|-start|p2a: Vullaby|typechange|Water
|
|upkeep
|turn|127
|
|move|p2a: Vullaby|Toxic|p1a: Pyukumuku
|-status|p1a: Pyukumuku|tox
|move|p1a: Pyukumuku|Toxic|p2a: Vullaby
|-status|p2a: Vullaby|tox
|
|-damage|p2a: Vullaby|44/100 tox|[from] psn
|-damage|p1a: Pyukumuku|94/100 tox|[from] psn
|upkeep
|turn|128
|
|switch|p2a: Sigilyph|Sigilyph, M|100/100 tox
|switch|p1a: Vileplume|Vileplume, M|50/100
|-damage|p1a: Vileplume|38/100|[from] Stealth Rock
|
|-heal|p1a: Vileplume|44/100|[from] item: Leftovers
|upkeep
|turn|129
|
|switch|p2a: Gastrodon|Gastrodon, M|93/100
|-damage|p2a: Gastrodon|86/100|[from] Stealth Rock
|switch|p1a: Gigalith|Gigalith, M|100/100 slp
|-damage|p1a: Gigalith|88/100 slp|[from] Stealth Rock
|-weather|Sandstorm|[from] ability: Sand Stream|[of] p1a: Gigalith
|
|-weather|Sandstorm|[upkeep]
|-heal|p2a: Gastrodon|93/100|[from] item: Leftovers
|-heal|p1a: Gigalith|94/100 slp|[from] item: Leftovers
|upkeep
|turn|130
|
|switch|p1a: Silvally|Silvally-Steel|74/100
|-damage|p1a: Silvally|68/100|[from] Stealth Rock
|move|p2a: Gastrodon|Earthquake|p1a: Silvally
|-supereffective|p1a: Silvally
|-damage|p1a: Silvally|12/100
|
|-weather|Sandstorm|[upkeep]
|-heal|p2a: Gastrodon|99/100|[from] item: Leftovers
|upkeep
|turn|131
|j| Money Get Serious
|
|switch|p2a: Sigilyph|Sigilyph, M|100/100 tox
|move|p1a: Silvally|Flash Cannon|p2a: Sigilyph
|-damage|p2a: Sigilyph|61/100 tox
|-unboost|p2a: Sigilyph|spd|1
|
|-weather|Sandstorm|[upkeep]
|upkeep
|turn|132
|
|switch|p1a: Gigalith|Gigalith, M|94/100 slp
|-damage|p1a: Gigalith|82/100 slp|[from] Stealth Rock
|move|p2a: Sigilyph|Heat Wave|p1a: Gigalith
|-resisted|p1a: Gigalith
|-damage|p1a: Gigalith|73/100 slp
|
|-weather|Sandstorm|[upkeep]
|-heal|p1a: Gigalith|79/100 slp|[from] item: Leftovers
|upkeep
|turn|133
|
|switch|p2a: Gastrodon|Gastrodon, M|99/100
|-damage|p2a: Gastrodon|93/100|[from] Stealth Rock
|-curestatus|p1a: Gigalith|slp|[msg]
|move|p1a: Gigalith|Rock Slide|p2a: Gastrodon
|-resisted|p2a: Gastrodon
|-damage|p2a: Gastrodon|79/100
|
|-weather|none
|-heal|p2a: Gastrodon|85/100|[from] item: Leftovers
|-heal|p1a: Gigalith|85/100|[from] item: Leftovers
|upkeep
|turn|134
|
|switch|p1a: Silvally|Silvally-Steel|12/100
|-damage|p1a: Silvally|6/100|[from] Stealth Rock
|move|p2a: Gastrodon|Earthquake|p1a: Silvally
|-supereffective|p1a: Silvally
|-damage|p1a: Silvally|0 fnt
|faint|p1a: Silvally
|
|-heal|p2a: Gastrodon|91/100|[from] item: Leftovers
|upkeep
|
|switch|p1a: Vileplume|Vileplume, M|44/100
|-damage|p1a: Vileplume|31/100|[from] Stealth Rock
|turn|135
|
|switch|p2a: Sigilyph|Sigilyph, M|61/100 tox
|move|p1a: Vileplume|Aromatherapy|p1a: Vileplume
|-activate|p1a: Vileplume|move: Aromatherapy
|-curestatus|p1: Pyukumuku|tox|[msg]
|
|-heal|p1a: Vileplume|38/100|[from] item: Leftovers
|upkeep
|turn|136
|
|switch|p1a: Pyukumuku|Pyukumuku, F|94/100
|-damage|p1a: Pyukumuku|82/100|[from] Stealth Rock
|move|p2a: Sigilyph|Psychic|p1a: Pyukumuku
|-damage|p1a: Pyukumuku|49/100
|
|-heal|p1a: Pyukumuku|55/100|[from] item: Leftovers
|upkeep
|turn|137
|
|move|p2a: Sigilyph|Roost|p2a: Sigilyph
|-heal|p2a: Sigilyph|100/100 tox
|-singleturn|p2a: Sigilyph|move: Roost
|move|p1a: Pyukumuku|Mirror Coat||[still]
|-fail|p1a: Pyukumuku
|
|-heal|p1a: Pyukumuku|61/100|[from] item: Leftovers
|upkeep
|turn|138
|
|switch|p2a: Vullaby|Vullaby, F|44/100 tox
|-damage|p2a: Vullaby|19/100 tox|[from] Stealth Rock
|move|p1a: Pyukumuku|Recover|p1a: Pyukumuku
|-heal|p1a: Pyukumuku|100/100
|
|-damage|p2a: Vullaby|13/100 tox|[from] psn
|upkeep
|turn|139
|
|switch|p1a: Vileplume|Vileplume, M|38/100
|-damage|p1a: Vileplume|25/100|[from] Stealth Rock
|move|p2a: Vullaby|Roost|p2a: Vullaby
|-heal|p2a: Vullaby|63/100 tox
|-singleturn|p2a: Vullaby|move: Roost
|
|-heal|p1a: Vileplume|31/100|[from] item: Leftovers
|-damage|p2a: Vullaby|51/100 tox|[from] psn
|upkeep
|turn|140
|
|move|p2a: Vullaby|Foul Play|p1a: Vileplume
|-damage|p1a: Vileplume|14/100
|move|p1a: Vileplume|Strength Sap|p2a: Vullaby
|-unboost|p2a: Vullaby|atk|1
|-heal|p1a: Vileplume|47/100
|
|-heal|p1a: Vileplume|53/100|[from] item: Leftovers
|-damage|p2a: Vullaby|33/100 tox|[from] psn
|upkeep
|turn|141
|
|move|p2a: Vullaby|Roost|p2a: Vullaby
|-heal|p2a: Vullaby|83/100 tox
|-singleturn|p2a: Vullaby|move: Roost
|move|p1a: Vileplume|Sludge Bomb|p2a: Vullaby
|-damage|p2a: Vullaby|36/100 tox
|
|-heal|p1a: Vileplume|59/100|[from] item: Leftovers
|-damage|p2a: Vullaby|12/100 tox|[from] psn
|upkeep
|turn|142
|
|switch|p2a: Sigilyph|Sigilyph, M|100/100 tox
|move|p1a: Vileplume|Strength Sap|p2a: Sigilyph
|-unboost|p2a: Sigilyph|atk|1
|-heal|p1a: Vileplume|90/100
|
|-heal|p1a: Vileplume|96/100|[from] item: Leftovers
|upkeep
|turn|143
|
|switch|p2a: Gastrodon|Gastrodon, M|91/100
|-damage|p2a: Gastrodon|85/100|[from] Stealth Rock
|switch|p1a: Gigalith|Gigalith, M|85/100
|-damage|p1a: Gigalith|73/100|[from] Stealth Rock
|-weather|Sandstorm|[from] ability: Sand Stream|[of] p1a: Gigalith
|
|-weather|Sandstorm|[upkeep]
|-heal|p2a: Gastrodon|91/100|[from] item: Leftovers
|-heal|p1a: Gigalith|79/100|[from] item: Leftovers
|upkeep
|turn|144
|
|switch|p1a: Vileplume|Vileplume, M|96/100
|-damage|p1a: Vileplume|84/100|[from] Stealth Rock
|move|p2a: Gastrodon|Earthquake|p1a: Vileplume
|-damage|p1a: Vileplume|60/100
|
|-weather|Sandstorm|[upkeep]
|-damage|p1a: Vileplume|54/100|[from] Sandstorm
|-heal|p1a: Vileplume|60/100|[from] item: Leftovers
|-heal|p2a: Gastrodon|97/100|[from] item: Leftovers
|upkeep
|turn|145
|
|switch|p2a: Vullaby|Vullaby, F|12/100 tox
|-damage|p2a: Vullaby|0 fnt|[from] Stealth Rock
|faint|p2a: Vullaby
|move|p1a: Vileplume|Strength Sap|p2: Vullaby|[notarget]
|-fail|p1a: Vileplume
|
|-weather|Sandstorm|[upkeep]
|-damage|p1a: Vileplume|54/100|[from] Sandstorm
|-heal|p1a: Vileplume|60/100|[from] item: Leftovers
|upkeep
|
|switch|p2a: Sigilyph|Sigilyph, M|100/100 tox
|turn|146
|
|switch|p2a: Gastrodon|Gastrodon, M|97/100
|-damage|p2a: Gastrodon|91/100|[from] Stealth Rock
|switch|p1a: Pyukumuku|Pyukumuku, F|100/100
|-damage|p1a: Pyukumuku|88/100|[from] Stealth Rock
|
|-weather|Sandstorm|[upkeep]
|-damage|p1a: Pyukumuku|82/100|[from] Sandstorm
|-heal|p2a: Gastrodon|97/100|[from] item: Leftovers
|-heal|p1a: Pyukumuku|88/100|[from] item: Leftovers
|upkeep
|turn|147
|
|switch|p2a: Sigilyph|Sigilyph, M|100/100 tox
|move|p1a: Pyukumuku|Soak|p2a: Sigilyph
|-start|p2a: Sigilyph|typechange|Water
|
|-weather|none
|-heal|p1a: Pyukumuku|94/100|[from] item: Leftovers
|upkeep
|turn|148
|
|switch|p1a: Gigalith|Gigalith, M|79/100
|-damage|p1a: Gigalith|67/100|[from] Stealth Rock
|-weather|Sandstorm|[from] ability: Sand Stream|[of] p1a: Gigalith
|move|p2a: Sigilyph|Heat Wave|p1a: Gigalith
|-resisted|p1a: Gigalith
|-damage|p1a: Gigalith|58/100
|
|-weather|Sandstorm|[upkeep]
|-heal|p1a: Gigalith|64/100|[from] item: Leftovers
|upkeep
|turn|149
|
|switch|p2a: Gastrodon|Gastrodon, M|97/100
|-damage|p2a: Gastrodon|91/100|[from] Stealth Rock
|switch|p1a: Vileplume|Vileplume, M|60/100
|-damage|p1a: Vileplume|47/100|[from] Stealth Rock
|
|-weather|Sandstorm|[upkeep]
|-damage|p1a: Vileplume|41/100|[from] Sandstorm
|-heal|p1a: Vileplume|47/100|[from] item: Leftovers
|-heal|p2a: Gastrodon|97/100|[from] item: Leftovers
|upkeep
|turn|150
|
|move|p1a: Vileplume|Strength Sap|p2a: Gastrodon
|-unboost|p2a: Gastrodon|atk|1
|-heal|p1a: Vileplume|100/100
|move|p2a: Gastrodon|Earthquake|p1a: Vileplume
|-damage|p1a: Vileplume|85/100
|
|-weather|Sandstorm|[upkeep]
|-damage|p1a: Vileplume|79/100|[from] Sandstorm
|-heal|p1a: Vileplume|85/100|[from] item: Leftovers
|-heal|p2a: Gastrodon|100/100|[from] item: Leftovers
|upkeep
|turn|151
|
|switch|p2a: Sigilyph|Sigilyph, M|100/100 tox
|move|p1a: Vileplume|Sludge Bomb|p2a: Sigilyph
|-damage|p2a: Sigilyph|55/100 tox
|
|-weather|Sandstorm|[upkeep]
|-damage|p1a: Vileplume|79/100|[from] Sandstorm
|-heal|p1a: Vileplume|85/100|[from] item: Leftovers
|upkeep
|turn|152
|
|switch|p1a: Pyukumuku|Pyukumuku, F|94/100
|-damage|p1a: Pyukumuku|82/100|[from] Stealth Rock
|move|p2a: Sigilyph|Psychic|p1a: Pyukumuku
|-damage|p1a: Pyukumuku|50/100
|
|-weather|none
|-heal|p1a: Pyukumuku|56/100|[from] item: Leftovers
|upkeep
|turn|153
|
|move|p2a: Sigilyph|Air Slash|p1a: Pyukumuku
|-damage|p1a: Pyukumuku|28/100
|move|p1a: Pyukumuku|Recover|p1a: Pyukumuku
|-heal|p1a: Pyukumuku|78/100
|
|-heal|p1a: Pyukumuku|84/100|[from] item: Leftovers
|upkeep
|turn|154
|
|move|p2a: Sigilyph|Roost|p2a: Sigilyph
|-heal|p2a: Sigilyph|100/100 tox
|-singleturn|p2a: Sigilyph|move: Roost
|move|p1a: Pyukumuku|Soak|p2a: Sigilyph
|-start|p2a: Sigilyph|typechange|Water
|
|-heal|p1a: Pyukumuku|90/100|[from] item: Leftovers
|upkeep
|turn|155
|
|switch|p2a: Salazzle|Salazzle, F|8/100
|switch|p1a: Gigalith|Gigalith, M|64/100
|-damage|p1a: Gigalith|52/100|[from] Stealth Rock
|-weather|Sandstorm|[from] ability: Sand Stream|[of] p1a: Gigalith
|
|-weather|Sandstorm|[upkeep]
|-damage|p2a: Salazzle|2/100|[from] Sandstorm
|-heal|p1a: Gigalith|58/100|[from] item: Leftovers
|upkeep
|turn|156
|
|move|p2a: Salazzle|Toxic|p1a: Gigalith
|-status|p1a: Gigalith|tox
|move|p1a: Gigalith|Rest|p1a: Gigalith
|-status|p1a: Gigalith|slp|[from] move: Rest
|-heal|p1a: Gigalith|100/100 slp|[silent]
|
|-weather|Sandstorm|[upkeep]
|-damage|p2a: Salazzle|0 fnt|[from] Sandstorm
|faint|p2a: Salazzle
|upkeep
|
|switch|p2a: Passimian|Passimian, F|25/100 slp
|-damage|p2a: Passimian|18/100 slp|[from] Stealth Rock
|turn|157
|
|switch|p1a: Vileplume|Vileplume, M|85/100
|-damage|p1a: Vileplume|73/100|[from] Stealth Rock
|cant|p2a: Passimian|slp
|
|-weather|Sandstorm|[upkeep]
|-damage|p2a: Passimian|12/100 slp|[from] Sandstorm
|-damage|p1a: Vileplume|66/100|[from] Sandstorm
|-heal|p1a: Vileplume|73/100|[from] item: Leftovers
|upkeep
|turn|158
|
|cant|p2a: Passimian|slp
|move|p1a: Vileplume|Giga Drain|p2a: Passimian
|-damage|p2a: Passimian|0 fnt
|-heal|p1a: Vileplume|78/100|[from] drain|[of] p2a: Passimian
|faint|p2a: Passimian
|
|-weather|Sandstorm|[upkeep]
|-damage|p1a: Vileplume|72/100|[from] Sandstorm
|-heal|p1a: Vileplume|78/100|[from] item: Leftovers
|upkeep
|
|switch|p2a: Sigilyph|Sigilyph, M|100/100 tox
|turn|159
|
|switch|p1a: Pyukumuku|Pyukumuku, F|90/100
|-damage|p1a: Pyukumuku|78/100|[from] Stealth Rock
|move|p2a: Sigilyph|Psychic|p1a: Pyukumuku
|-damage|p1a: Pyukumuku|42/100
|
|-weather|none
|-heal|p1a: Pyukumuku|48/100|[from] item: Leftovers
|upkeep
|turn|160
|
|move|p2a: Sigilyph|Air Slash|p1a: Pyukumuku
|-damage|p1a: Pyukumuku|19/100
|move|p1a: Pyukumuku|Recover|p1a: Pyukumuku
|-heal|p1a: Pyukumuku|69/100
|
|-heal|p1a: Pyukumuku|75/100|[from] item: Leftovers
|upkeep
|turn|161
|
|move|p2a: Sigilyph|Air Slash|p1a: Pyukumuku
|-damage|p1a: Pyukumuku|45/100
|cant|p1a: Pyukumuku|flinch
|
|-heal|p1a: Pyukumuku|51/100|[from] item: Leftovers
|upkeep
|turn|162
|
|move|p2a: Sigilyph|Air Slash|p1a: Pyukumuku
|-damage|p1a: Pyukumuku|21/100
|move|p1a: Pyukumuku|Recover|p1a: Pyukumuku
|-heal|p1a: Pyukumuku|71/100
|
|-heal|p1a: Pyukumuku|77/100|[from] item: Leftovers
|upkeep
|turn|163
|
|move|p2a: Sigilyph|Air Slash|p1a: Pyukumuku
|-damage|p1a: Pyukumuku|50/100
|move|p1a: Pyukumuku|Mirror Coat|p2a: Sigilyph
|-damage|p2a: Sigilyph|40/100 tox
|
|-heal|p1a: Pyukumuku|56/100|[from] item: Leftovers
|upkeep
|turn|164
|
|move|p2a: Sigilyph|Air Slash|p1a: Pyukumuku
|-damage|p1a: Pyukumuku|29/100
|move|p1a: Pyukumuku|Recover|p1a: Pyukumuku
|-heal|p1a: Pyukumuku|79/100
|
|-heal|p1a: Pyukumuku|86/100|[from] item: Leftovers
|upkeep
|turn|165
|
|move|p2a: Sigilyph|Roost|p2a: Sigilyph
|-heal|p2a: Sigilyph|90/100 tox
|-singleturn|p2a: Sigilyph|move: Roost
|move|p1a: Pyukumuku|Soak|p2a: Sigilyph
|-start|p2a: Sigilyph|typechange|Water
|
|-heal|p1a: Pyukumuku|92/100|[from] item: Leftovers
|upkeep
|turn|166
|
|switch|p1a: Gigalith|Gigalith, M|100/100 slp
|-damage|p1a: Gigalith|88/100 slp|[from] Stealth Rock
|-weather|Sandstorm|[from] ability: Sand Stream|[of] p1a: Gigalith
|move|p2a: Sigilyph|Heat Wave|p1a: Gigalith|[miss]
|-miss|p2a: Sigilyph|p1a: Gigalith
|
|-weather|Sandstorm|[upkeep]
|-heal|p1a: Gigalith|94/100 slp|[from] item: Leftovers
|upkeep
|turn|167
|
|switch|p2a: Gastrodon|Gastrodon, M|100/100
|-damage|p2a: Gastrodon|94/100|[from] Stealth Rock
|cant|p1a: Gigalith|slp
|
|-weather|Sandstorm|[upkeep]
|-heal|p2a: Gastrodon|100/100|[from] item: Leftovers
|-heal|p1a: Gigalith|100/100 slp|[from] item: Leftovers
|upkeep
|turn|168
|
|switch|p2a: Sigilyph|Sigilyph, M|90/100 tox
|cant|p1a: Gigalith|slp
|
|-weather|Sandstorm|[upkeep]
|upkeep
|turn|169
|
|switch|p2a: Gastrodon|Gastrodon, M|100/100
|-damage|p2a: Gastrodon|94/100|[from] Stealth Rock
|-curestatus|p1a: Gigalith|slp|[msg]
|move|p1a: Gigalith|Rock Slide|p2a: Gastrodon
|-resisted|p2a: Gastrodon
|-damage|p2a: Gastrodon|82/100
|
|-weather|Sandstorm|[upkeep]
|-heal|p2a: Gastrodon|89/100|[from] item: Leftovers
|upkeep
|turn|170
|
|switch|p1a: Vileplume|Vileplume, M|78/100
|-damage|p1a: Vileplume|66/100|[from] Stealth Rock
|move|p2a: Gastrodon|Earthquake|p1a: Vileplume
|-damage|p1a: Vileplume|43/100
|
|-weather|none
|-heal|p1a: Vileplume|50/100|[from] item: Leftovers
|-heal|p2a: Gastrodon|95/100|[from] item: Leftovers
|upkeep
|turn|171
|
|switch|p2a: Sigilyph|Sigilyph, M|90/100 tox
|move|p1a: Vileplume|Strength Sap|p2a: Sigilyph
|-unboost|p2a: Sigilyph|atk|1
|-heal|p1a: Vileplume|80/100
|
|-heal|p1a: Vileplume|86/100|[from] item: Leftovers
|upkeep
|turn|172
|
|switch|p1a: Gigalith|Gigalith, M|100/100
|-damage|p1a: Gigalith|88/100|[from] Stealth Rock
|-weather|Sandstorm|[from] ability: Sand Stream|[of] p1a: Gigalith
|move|p2a: Sigilyph|Psychic|p1a: Gigalith
|-damage|p1a: Gigalith|63/100
|
|-weather|Sandstorm|[upkeep]
|-heal|p1a: Gigalith|69/100|[from] item: Leftovers
|upkeep
|turn|173
|
|switch|p2a: Gastrodon|Gastrodon, M|95/100
|-damage|p2a: Gastrodon|89/100|[from] Stealth Rock
|move|p1a: Gigalith|Rock Slide|p2a: Gastrodon
|-resisted|p2a: Gastrodon
|-damage|p2a: Gastrodon|77/100
|
|-weather|Sandstorm|[upkeep]
|-heal|p2a: Gastrodon|83/100|[from] item: Leftovers
|-heal|p1a: Gigalith|75/100|[from] item: Leftovers
|upkeep
|turn|174
|
|switch|p2a: Sigilyph|Sigilyph, M|90/100 tox
|switch|p1a: Vileplume|Vileplume, M|86/100
|-damage|p1a: Vileplume|74/100|[from] Stealth Rock
|
|-weather|Sandstorm|[upkeep]
|-damage|p1a: Vileplume|68/100|[from] Sandstorm
|-heal|p1a: Vileplume|74/100|[from] item: Leftovers
|upkeep
|turn|175
|
|switch|p1a: Gigalith|Gigalith, M|75/100
|-damage|p1a: Gigalith|63/100|[from] Stealth Rock
|move|p2a: Sigilyph|Psychic|p1a: Gigalith
|-damage|p1a: Gigalith|35/100
|
|-weather|Sandstorm|[upkeep]
|-heal|p1a: Gigalith|41/100|[from] item: Leftovers
|upkeep
|turn|176
|
|move|p2a: Sigilyph|Air Slash|p1a: Gigalith
|-resisted|p1a: Gigalith
|-damage|p1a: Gigalith|31/100
|move|p1a: Gigalith|Rest|p1a: Gigalith
|-status|p1a: Gigalith|slp|[from] move: Rest
|-heal|p1a: Gigalith|100/100 slp|[silent]
|
|-weather|none
|upkeep
|turn|177
|
|switch|p1a: Pyukumuku|Pyukumuku, F|92/100
|-damage|p1a: Pyukumuku|79/100|[from] Stealth Rock
|move|p2a: Sigilyph|Psychic|p1a: Pyukumuku
|-damage|p1a: Pyukumuku|45/100
|
|-heal|p1a: Pyukumuku|51/100|[from] item: Leftovers
|upkeep
|turn|178
|
|move|p2a: Sigilyph|Air Slash|p1a: Pyukumuku
|-damage|p1a: Pyukumuku|25/100
|move|p1a: Pyukumuku|Recover|p1a: Pyukumuku
|-heal|p1a: Pyukumuku|75/100
|
|-heal|p1a: Pyukumuku|81/100|[from] item: Leftovers
|upkeep
|turn|179
|
|move|p2a: Sigilyph|Air Slash|p1a: Pyukumuku
|-damage|p1a: Pyukumuku|53/100
|move|p1a: Pyukumuku|Mirror Coat|p2a: Sigilyph
|-damage|p2a: Sigilyph|30/100 tox
|
|-heal|p1a: Pyukumuku|59/100|[from] item: Leftovers
|upkeep
|turn|180
|
|move|p2a: Sigilyph|Air Slash|p1a: Pyukumuku
|-damage|p1a: Pyukumuku|29/100
|move|p1a: Pyukumuku|Mirror Coat|p2a: Sigilyph
|-damage|p2a: Sigilyph|0 fnt
|faint|p2a: Sigilyph
|
|-heal|p1a: Pyukumuku|35/100|[from] item: Leftovers
|upkeep
|
|switch|p2a: Gastrodon|Gastrodon, M|83/100
|-damage|p2a: Gastrodon|77/100|[from] Stealth Rock
|turn|181
|
|move|p2a: Gastrodon|Earthquake|p1a: Pyukumuku
|-damage|p1a: Pyukumuku|11/100
|move|p1a: Pyukumuku|Toxic|p2a: Gastrodon|[miss]
|-miss|p1a: Pyukumuku|p2a: Gastrodon
|
|-heal|p2a: Gastrodon|83/100|[from] item: Leftovers
|-heal|p1a: Pyukumuku|17/100|[from] item: Leftovers
|upkeep
|turn|182
|
|move|p2a: Gastrodon|Earthquake|p1a: Pyukumuku
|-damage|p1a: Pyukumuku|0 fnt
|faint|p1a: Pyukumuku
|
|-heal|p2a: Gastrodon|89/100|[from] item: Leftovers
|upkeep
|
|switch|p1a: Vileplume|Vileplume, M|74/100
|-damage|p1a: Vileplume|62/100|[from] Stealth Rock
|turn|183
|
|move|p1a: Vileplume|Giga Drain|p2a: Gastrodon
|-supereffective|p2a: Gastrodon
|-damage|p2a: Gastrodon|0 fnt
|-heal|p1a: Vileplume|100/100|[from] drain|[of] p2a: Gastrodon
|faint|p2a: Gastrodon
|
|win|Wick hoonguz
|c|☆Cyyru|pshh
|c|☆Wick hoonguz|Miss sucked
|c|☆Cyyru|fire blast dodge was unfortunate
|c|☆Cyyru|that was gg
|c|☆Wick hoonguz|Yes
|c|☆Wick hoonguz|Srry
|c|☆Cyyru|whatever
|c|☆Cyyru|gg
|c|☆Wick hoonguz|Gg
|l|☆Cyyru
||Ladder (probably) updated, but score could not be retrieved (Response not received).
