|j|☆Chaos $eptember
|j|☆bebo7788
|player|p1|Chaos $eptember|biker-gen2|1301
|player|p2|bebo7788|1|1351
|teamsize|p1|6
|teamsize|p2|6
|gametype|singles
|gen|8
|tier|[Gen 8] RU
|rated|
|clearpoke
|poke|p1|Rapidash-Galar, M|
|poke|p1|Gigalith, M|
|poke|p1|Vaporeon, M|
|poke|p1|Roserade, M|
|poke|p1|Goodra, M|
|poke|p1|Drifblim, F|
|poke|p2|Silvally-*|
|poke|p2|Sigilyph, M|
|poke|p2|Passimian, M|
|poke|p2|Vaporeon, F|
|poke|p2|Vileplume, M|
|poke|p2|Gigalith, M|
|rule|Sleep Clause Mod: Limit one foe put to sleep
|rule|Species Clause: Limit one of each Pokémon
|rule|OHKO Clause: OHKO moves are banned
|rule|Evasion Moves Clause: Evasion moves are banned
|rule|Endless Battle Clause: Forcing endless battles is banned
|rule|HP Percentage Mod: HP is shown in percentages
|rule|Dynamax Clause: You cannot dynamax
|teampreview
|j| Allstar *Unlocked
|j| Zam rocks Kids
|j|+killin'time
|
|start
|switch|p1a: Roserade|Roserade, M|100/100
|switch|p2a: Gigalith|Gigalith, M|100/100
|-weather|Sandstorm|[from] ability: Sand Stream|[of] p2a: Gigalith
|turn|1
|c| Zam rocks Kids|bebo from loom's old discord server?
|c|☆bebo7788|yes
|
|move|p1a: Roserade|Toxic Spikes|p2a: Gigalith
|-sidestart|p2: bebo7788|move: Toxic Spikes
|move|p2a: Gigalith|Stealth Rock|p1a: Roserade
|-sidestart|p1: Chaos $eptember|move: Stealth Rock
|
|-weather|Sandstorm|[upkeep]
|-damage|p1a: Roserade|94/100|[from] Sandstorm
|upkeep
|turn|2
|c| Zam rocks Kids|D: ily
|
|switch|p1a: Vaporeon|Vaporeon, M|100/100
|-damage|p1a: Vaporeon|88/100|[from] Stealth Rock
|switch|p2a: Sigilyph|Sigilyph, M|100/100
|
|-weather|Sandstorm|[upkeep]
|-damage|p1a: Vaporeon|82/100|[from] Sandstorm
|-heal|p1a: Vaporeon|88/100|[from] item: Leftovers
|upkeep
|turn|3
|
|move|p2a: Sigilyph|Calm Mind|p2a: Sigilyph
|-boost|p2a: Sigilyph|spa|1
|-boost|p2a: Sigilyph|spd|1
|move|p1a: Vaporeon|Yawn|p2a: Sigilyph
|-start|p2a: Sigilyph|move: Yawn|[of] p1a: Vaporeon
|
|-weather|Sandstorm|[upkeep]
|-damage|p1a: Vaporeon|82/100|[from] Sandstorm
|-heal|p1a: Vaporeon|88/100|[from] item: Leftovers
|upkeep
|turn|4
|c|☆bebo7788|ily2
|
|move|p2a: Sigilyph|Psyshock|p1a: Vaporeon
|-damage|p1a: Vaporeon|35/100
|move|p1a: Vaporeon|Wish|p1a: Vaporeon
|
|-weather|Sandstorm|[upkeep]
|-damage|p1a: Vaporeon|29/100|[from] Sandstorm
|-heal|p1a: Vaporeon|35/100|[from] item: Leftovers
|-end|p2a: Sigilyph|move: Yawn|[silent]
|-status|p2a: Sigilyph|slp
|upkeep
|turn|5
|
|cant|p2a: Sigilyph|slp
|move|p1a: Vaporeon|Scald|p2a: Sigilyph
|-damage|p2a: Sigilyph|71/100 slp
|
|-weather|none
|-heal|p1a: Vaporeon|85/100|[from] move: Wish|[wisher] Vaporeon
|-heal|p1a: Vaporeon|91/100|[from] item: Leftovers
|upkeep
|turn|6
|
|switch|p1a: Gigalith|Gigalith, M|100/100
|-damage|p1a: Gigalith|88/100|[from] Stealth Rock
|-weather|Sandstorm|[from] ability: Sand Stream|[of] p1a: Gigalith
|-curestatus|p2a: Sigilyph|slp|[msg]
|move|p2a: Sigilyph|Psyshock|p1a: Gigalith
|-damage|p1a: Gigalith|38/100
|
|-weather|Sandstorm|[upkeep]
|-heal|p1a: Gigalith|44/100|[from] item: Leftovers
|upkeep
|turn|7
|
|move|p1a: Gigalith|Protect|p1a: Gigalith
|-singleturn|p1a: Gigalith|Protect
|move|p2a: Sigilyph|Psyshock|p1a: Gigalith
|-activate|p1a: Gigalith|move: Protect
|
|-weather|Sandstorm|[upkeep]
|-heal|p1a: Gigalith|50/100|[from] item: Leftovers
|upkeep
|turn|8
|
|move|p2a: Sigilyph|Psyshock|p1a: Gigalith
|-damage|p1a: Gigalith|3/100
|move|p1a: Gigalith|Stone Edge|p2a: Sigilyph
|-supereffective|p2a: Sigilyph
|-damage|p2a: Sigilyph|0 fnt
|faint|p2a: Sigilyph
|
|-weather|Sandstorm|[upkeep]
|-heal|p1a: Gigalith|10/100|[from] item: Leftovers
|upkeep
|c|☆bebo7788|ofc
|c|☆bebo7788|ugh
|
|switch|p2a: Vileplume|Vileplume, M|100/100
|-sideend|p2: bebo7788|move: Toxic Spikes|[of] p2a: Vileplume
|turn|9
|c|☆Chaos $eptember|shut up bebeo
|c|☆bebo7788|no
|c|☆bebo7788|who are you
|c|☆Chaos $eptember|how was the loss to rob
|c|☆bebo7788|good
|
|move|p1a: Gigalith|Protect|p1a: Gigalith
|-singleturn|p1a: Gigalith|Protect
|move|p2a: Vileplume|Sludge Bomb|p1a: Gigalith
|-activate|p1a: Gigalith|move: Protect
|
|-weather|Sandstorm|[upkeep]
|-damage|p2a: Vileplume|94/100|[from] Sandstorm
|-heal|p2a: Vileplume|100/100|[from] item: Black Sludge
|-heal|p1a: Gigalith|16/100|[from] item: Leftovers
|upkeep
|turn|10
|c|☆bebo7788|hes a good player
|c|☆bebo7788|what r u on
|c|☆Chaos $eptember|i know
|c|☆Chaos $eptember|i thought u were
|c| Zam rocks Kids|bebo is goat
|c|☆bebo7788|and?
|c|☆bebo7788|i lost to a good player
|c|☆bebo7788|what does that have to do w anything
|j| Ramolost
|c|☆Chaos $eptember|stop crying
|c|☆Chaos $eptember|for a range thats in my favour
|c|☆bebo7788|can u just play
|
|switch|p1a: Drifblim|Drifblim, F|100/100
|move|p2a: Vileplume|Giga Drain|p1a: Drifblim
|-resisted|p1a: Drifblim
|-damage|p1a: Drifblim|86/100
|
|-weather|none
|upkeep
|turn|11
|c|☆bebo7788|and stop talking
|
|move|p1a: Drifblim|Defog|p2a: Vileplume
|-unboost|p2a: Vileplume|evasion|1
|-sideend|p1: Chaos $eptember|Stealth Rock|[from] move: Defog|[of] p1a: Drifblim
|move|p2a: Vileplume|Growth|p2a: Vileplume
|-boost|p2a: Vileplume|atk|1
|-boost|p2a: Vileplume|spa|1
|
|upkeep
|turn|12
|
|move|p1a: Drifblim|Will-O-Wisp|p2a: Vileplume
|-status|p2a: Vileplume|brn
|move|p2a: Vileplume|Sludge Bomb|p1a: Drifblim
|-resisted|p1a: Drifblim
|-damage|p1a: Drifblim|60/100
|-status|p1a: Drifblim|psn
|
|-damage|p1a: Drifblim|48/100 psn|[from] psn
|-damage|p2a: Vileplume|94/100 brn|[from] brn
|upkeep
|turn|13
|
|move|p1a: Drifblim|Strength Sap|p2a: Vileplume
|-unboost|p2a: Vileplume|atk|1
|-heal|p1a: Drifblim|92/100 psn
|move|p2a: Vileplume|Growth|p2a: Vileplume
|-boost|p2a: Vileplume|atk|1
|-boost|p2a: Vileplume|spa|1
|
|-heal|p2a: Vileplume|100/100 brn|[from] item: Black Sludge
|-damage|p1a: Drifblim|79/100 psn|[from] psn
|-damage|p2a: Vileplume|94/100 brn|[from] brn
|upkeep
|turn|14
|
|move|p1a: Drifblim|Hex|p2a: Vileplume
|-crit|p2a: Vileplume
|-damage|p2a: Vileplume|29/100 brn
|move|p2a: Vileplume|Growth|p2a: Vileplume
|-boost|p2a: Vileplume|atk|1
|-boost|p2a: Vileplume|spa|1
|
|-heal|p2a: Vileplume|35/100 brn|[from] item: Black Sludge
|-damage|p1a: Drifblim|67/100 psn|[from] psn
|-damage|p2a: Vileplume|29/100 brn|[from] brn
|upkeep
|turn|15
|c|☆Chaos $eptember|mb
|
|switch|p2a: Vaporeon|Vaporeon, F|100/100
|move|p1a: Drifblim|Hex|p2a: Vaporeon
|-damage|p2a: Vaporeon|85/100
|
|-heal|p2a: Vaporeon|91/100|[from] item: Leftovers
|-damage|p1a: Drifblim|54/100 psn|[from] psn
|upkeep
|turn|16
|
|move|p1a: Drifblim|Will-O-Wisp|p2a: Vaporeon
|-status|p2a: Vaporeon|brn
|move|p2a: Vaporeon|Wish|p2a: Vaporeon
|
|-heal|p2a: Vaporeon|97/100 brn|[from] item: Leftovers
|-damage|p1a: Drifblim|42/100 psn|[from] psn
|-damage|p2a: Vaporeon|91/100 brn|[from] brn
|upkeep
|turn|17
|
|switch|p2a: Silvally|Silvally-Steel|100/100
|move|p1a: Drifblim|Will-O-Wisp|p2a: Silvally
|-status|p2a: Silvally|brn
|
|-damage|p2a: Silvally|94/100 brn|[from] brn
|-damage|p1a: Drifblim|29/100 psn|[from] psn
|upkeep
|turn|18
|
|switch|p1a: Vaporeon|Vaporeon, M|91/100
|move|p2a: Silvally|U-turn|p1a: Vaporeon
|-damage|p1a: Vaporeon|84/100
|
|switch|p2a: Vileplume|Vileplume, M|29/100 brn|[from]move: U-turn
|
|-heal|p1a: Vaporeon|91/100|[from] item: Leftovers
|-heal|p2a: Vileplume|35/100 brn|[from] item: Black Sludge
|-damage|p2a: Vileplume|29/100 brn|[from] brn
|upkeep
|turn|19
|
|switch|p1a: Goodra|Goodra, M|100/100
|move|p2a: Vileplume|Strength Sap|p1a: Goodra
|-ability|p1a: Goodra|Sap Sipper|boost
|-boost|p1a: Goodra|atk|1
|
|-heal|p2a: Vileplume|35/100 brn|[from] item: Black Sludge
|-damage|p2a: Vileplume|29/100 brn|[from] brn
|upkeep
|turn|20
|
|switch|p2a: Gigalith|Gigalith, M|100/100
|-weather|Sandstorm|[from] ability: Sand Stream|[of] p2a: Gigalith
|move|p1a: Goodra|Power Whip|p2a: Gigalith
|-supereffective|p2a: Gigalith
|-damage|p2a: Gigalith|51/100
|
|-weather|Sandstorm|[upkeep]
|-damage|p1a: Goodra|94/100|[from] Sandstorm
|-heal|p2a: Gigalith|57/100|[from] item: Leftovers
|upkeep
|turn|21
|
|switch|p1a: Gigalith|Gigalith, M|16/100
|move|p2a: Gigalith|Stealth Rock|p1a: Gigalith
|-sidestart|p1: Chaos $eptember|move: Stealth Rock
|
|-weather|Sandstorm|[upkeep]
|-heal|p2a: Gigalith|64/100|[from] item: Leftovers
|-heal|p1a: Gigalith|22/100|[from] item: Leftovers
|upkeep
|turn|22
|
|move|p2a: Gigalith|Body Press|p1a: Gigalith
|-supereffective|p1a: Gigalith
|-damage|p1a: Gigalith|0 fnt
|faint|p1a: Gigalith
|
|-weather|Sandstorm|[upkeep]
|-heal|p2a: Gigalith|70/100|[from] item: Leftovers
|upkeep
|c|☆Chaos $eptember|ofc
|j| vita1
|c|☆bebo7788|?
|c|☆bebo7788|thats not a speedtie
|c|☆bebo7788|i have 16 speed
|
|switch|p1a: Rapidash|Rapidash-Galar, M|100/100
|turn|23
|
|switch|p2a: Vaporeon|Vaporeon, F|91/100 brn
|move|p1a: Rapidash|Low Kick|p2a: Vaporeon
|-damage|p2a: Vaporeon|79/100 brn
|
|-weather|Sandstorm|[upkeep]
|-damage|p1a: Rapidash|95/100|[from] Sandstorm
|-damage|p2a: Vaporeon|73/100 brn|[from] Sandstorm
|-heal|p2a: Vaporeon|79/100 brn|[from] item: Leftovers
|-damage|p2a: Vaporeon|73/100 brn|[from] brn
|upkeep
|turn|24
|
|move|p1a: Rapidash|Swords Dance|p1a: Rapidash
|-boost|p1a: Rapidash|atk|2
|move|p2a: Vaporeon|Wish|p2a: Vaporeon
|
|-weather|none
|-heal|p2a: Vaporeon|79/100 brn|[from] item: Leftovers
|-damage|p2a: Vaporeon|73/100 brn|[from] brn
|upkeep
|turn|25
|
|move|p1a: Rapidash|Play Rough|p2a: Vaporeon
|-damage|p2a: Vaporeon|17/100 brn
|move|p2a: Vaporeon|Scald|p1a: Rapidash
|-damage|p1a: Rapidash|49/100
|-status|p1a: Rapidash|brn
|
|-heal|p2a: Vaporeon|67/100 brn|[from] move: Wish|[wisher] Vaporeon
|-heal|p2a: Vaporeon|73/100 brn|[from] item: Leftovers
|-damage|p1a: Rapidash|43/100 brn|[from] brn
|-damage|p2a: Vaporeon|67/100 brn|[from] brn
|upkeep
|turn|26
|c|☆Chaos $eptember|lul
|c|☆bebo7788|lol
|c|+killin'time|lil
|c| Zam rocks Kids|bebo hows ur day been pal
|c|☆Chaos $eptember|its interesting how u lost instantly
|c|☆bebo7788|p good
|c|☆bebo7788|wby
|c|☆Chaos $eptember|anyways looks like u win now
|c| Zam rocks Kids|n_n perfect
|c|☆bebo7788|interesting how u got luckly
|c|☆bebo7788|lucky
|c|☆Chaos $eptember|oh i got lucky
|c|☆Chaos $eptember|crying about rolls
|c|☆Chaos $eptember|have fun being on the sidelines of the ru tour
|c|☆bebo7788|what ru tour
|
|switch|p1a: Vaporeon|Vaporeon, M|91/100
|-damage|p1a: Vaporeon|78/100|[from] Stealth Rock
|move|p2a: Vaporeon|Wish|p2a: Vaporeon
|
|-heal|p2a: Vaporeon|73/100 brn|[from] item: Leftovers
|-heal|p1a: Vaporeon|84/100|[from] item: Leftovers
|-damage|p2a: Vaporeon|67/100 brn|[from] brn
|upkeep
|turn|27
|c|☆bebo7788|can u go in depth
|c|☆bebo7788|what tour
|c|☆Chaos $eptember|u know exactly what tour im referring too
|c|☆bebo7788|i have no clue
|c|☆bebo7788|rupl?
|c| Zam rocks Kids|bruh bebo is the ru ladder hero
|c|☆Chaos $eptember|lol
|c|☆bebo7788|im being deadass
|c|☆bebo7788|what tour lol
|c|☆Chaos $eptember|ok bebo2788
|c|☆Chaos $eptember|7788
|c|+killin'time|,
|c|☆bebo7788|..
|c|☆bebo7788|what tour
|c|☆bebo7788|im deadass curious
|c|☆bebo7788|what r u talking about
|c|☆Chaos $eptember|alpha
|c|☆bebo7788|i lost alpha
|c|☆bebo7788|why would i be
|c|☆bebo7788|on the sidelines
|c|☆Chaos $eptember|cuz u lost
|c|☆bebo7788|......
|c|☆bebo7788|do you realize
|c|☆bebo7788|its not a team tour
|
|switch|p2a: Vileplume|Vileplume, M|29/100 brn
|switch|p1a: Goodra|Goodra, M|94/100
|-damage|p1a: Goodra|82/100|[from] Stealth Rock
|
|-heal|p2a: Vileplume|94/100 brn|[from] move: Wish|[wisher] Vaporeon
|-heal|p2a: Vileplume|99/100 brn|[from] item: Black Sludge
|-damage|p2a: Vileplume|94/100 brn|[from] brn
|upkeep
|turn|28
|c|☆bebo7788|you cant be on the sidelines
|c|☆Chaos $eptember|oh no team tours!!!!!!!!!!!!
|c|☆bebo7788|of an indivudal tour
|c|☆Chaos $eptember|lol
|c|☆bebo7788|so are you gonna tell me who u r
|c|☆Chaos $eptember|no
|c|☆bebo7788|or are you some random thats talking shit
|c|☆bebo7788|lol
|c|☆Chaos $eptember|your out
|c|☆Chaos $eptember|end of story.
|c|☆bebo7788|and
|c|☆bebo7788|i have accomplished
|c|☆Chaos $eptember|and
|c|☆bebo7788|more than u
|c|☆bebo7788|end of styory
|c|☆Chaos $eptember|LOL
|c|☆bebo7788|story
|c|☆Chaos $eptember|youve done nothing
|c|☆Chaos $eptember|bebo7788
|c|☆bebo7788|oh yes
|c|☆bebo7788|grand slam didnt happen
|c|☆bebo7788|right
|c|☆Chaos $eptember|hmmm
|
|move|p1a: Goodra|Flamethrower|p2a: Vileplume
|-supereffective|p2a: Vileplume
|-damage|p2a: Vileplume|35/100 brn
|move|p2a: Vileplume|Sludge Bomb|p1a: Goodra
|-damage|p1a: Goodra|68/100
|-status|p1a: Goodra|psn
|
|-heal|p2a: Vileplume|41/100 brn|[from] item: Black Sludge
|-damage|p1a: Goodra|55/100 psn|[from] psn
|-damage|p2a: Vileplume|35/100 brn|[from] brn
|upkeep
|turn|29
|c|☆Chaos $eptember|where your trophy?
|c|☆bebo7788|wheres ur trophy
|j| ban them
|c|☆Chaos $eptember|i dont have one
|c|☆Chaos $eptember|neither do u
|c|☆bebo7788|and
|c|☆bebo7788|did i say i do
|c|☆bebo7788|what have you accomplished
|c|☆bebo7788|r3 of alpha tour
|c|☆bebo7788|why am i talking to u
|c|☆Chaos $eptember|lul
|c|☆bebo7788|i sound dumb just bcuz im even arguing w u
|c|☆Chaos $eptember|keep talkin
|c|☆bebo7788|hf
|
|switch|p2a: Silvally|Silvally-Steel|94/100 brn
|move|p1a: Goodra|Power Whip|p2a: Silvally
|-resisted|p2a: Silvally
|-damage|p2a: Silvally|82/100 brn
|
|-damage|p2a: Silvally|76/100 brn|[from] brn
|-damage|p1a: Goodra|43/100 psn|[from] psn
|upkeep
|turn|30
|c|☆Chaos $eptember|idk man u cry about rolls and then u burn
|c|☆Chaos $eptember|seems a lil weird
|
|switch|p1a: Vaporeon|Vaporeon, M|84/100
|-damage|p1a: Vaporeon|72/100|[from] Stealth Rock
|move|p2a: Silvally|U-turn|p1a: Vaporeon
|-damage|p1a: Vaporeon|65/100
|
|switch|p2a: Vaporeon|Vaporeon, F|67/100 brn|[from]move: U-turn
|
|-heal|p2a: Vaporeon|73/100 brn|[from] item: Leftovers
|-heal|p1a: Vaporeon|72/100|[from] item: Leftovers
|-damage|p2a: Vaporeon|67/100 brn|[from] brn
|upkeep
|turn|31
|
|move|p2a: Vaporeon|Wish|p2a: Vaporeon
|move|p1a: Vaporeon|Wish|p1a: Vaporeon
|
|-heal|p2a: Vaporeon|73/100 brn|[from] item: Leftovers
|-heal|p1a: Vaporeon|78/100|[from] item: Leftovers
|-damage|p2a: Vaporeon|67/100 brn|[from] brn
|upkeep
|turn|32
|j| Adrift and Alone
|
|switch|p1a: Goodra|Goodra, M|43/100 psn
|-damage|p1a: Goodra|30/100 psn|[from] Stealth Rock
|move|p2a: Vaporeon|Ice Beam|p1a: Goodra
|-supereffective|p1a: Goodra
|-damage|p1a: Goodra|12/100 psn
|
|-heal|p2a: Vaporeon|100/100 brn|[from] move: Wish|[wisher] Vaporeon
|-heal|p1a: Goodra|74/100 psn|[from] move: Wish|[wisher] Vaporeon
|-damage|p1a: Goodra|61/100 psn|[from] psn
|-damage|p2a: Vaporeon|94/100 brn|[from] brn
|upkeep
|turn|33
|
|switch|p1a: Vaporeon|Vaporeon, M|78/100
|-damage|p1a: Vaporeon|65/100|[from] Stealth Rock
|move|p2a: Vaporeon|Wish|p2a: Vaporeon
|
|-heal|p2a: Vaporeon|100/100 brn|[from] item: Leftovers
|-heal|p1a: Vaporeon|72/100|[from] item: Leftovers
|-damage|p2a: Vaporeon|94/100 brn|[from] brn
|upkeep
|turn|34
|
|switch|p2a: Vileplume|Vileplume, M|35/100 brn
|move|p1a: Vaporeon|Wish|p1a: Vaporeon
|
|-heal|p2a: Vileplume|99/100 brn|[from] move: Wish|[wisher] Vaporeon
|-heal|p1a: Vaporeon|78/100|[from] item: Leftovers
|-heal|p2a: Vileplume|100/100 brn|[from] item: Black Sludge
|-damage|p2a: Vileplume|94/100 brn|[from] brn
|upkeep
|turn|35
|
|switch|p1a: Drifblim|Drifblim, F|29/100 psn
|switch|p2a: Vaporeon|Vaporeon, F|94/100 brn
|
|-heal|p1a: Drifblim|75/100 psn|[from] move: Wish|[wisher] Vaporeon
|-heal|p2a: Vaporeon|100/100 brn|[from] item: Leftovers
|-damage|p1a: Drifblim|63/100 psn|[from] psn
|-damage|p2a: Vaporeon|94/100 brn|[from] brn
|upkeep
|turn|36
|j| Mygrein ㋡
|
|move|p1a: Drifblim|Defog|p2a: Vaporeon
|-unboost|p2a: Vaporeon|evasion|1
|-sideend|p1: Chaos $eptember|Stealth Rock|[from] move: Defog|[of] p1a: Drifblim
|move|p2a: Vaporeon|Ice Beam|p1a: Drifblim
|-supereffective|p1a: Drifblim
|-damage|p1a: Drifblim|15/100 psn
|
|-heal|p2a: Vaporeon|100/100 brn|[from] item: Leftovers
|-damage|p1a: Drifblim|2/100 psn|[from] psn
|-damage|p2a: Vaporeon|94/100 brn|[from] brn
|upkeep
|turn|37
|
|move|p2a: Vaporeon|Protect|p2a: Vaporeon
|-singleturn|p2a: Vaporeon|Protect
|move|p1a: Drifblim|Hex|p2a: Vaporeon
|-activate|p2a: Vaporeon|move: Protect
|
|-heal|p2a: Vaporeon|100/100 brn|[from] item: Leftovers
|-damage|p1a: Drifblim|0 fnt|[from] psn
|faint|p1a: Drifblim
|-damage|p2a: Vaporeon|94/100 brn|[from] brn
|upkeep
|
|switch|p1a: Vaporeon|Vaporeon, M|78/100
|turn|38
|
|move|p2a: Vaporeon|Wish|p2a: Vaporeon
|move|p1a: Vaporeon|Wish|p1a: Vaporeon
|
|-heal|p2a: Vaporeon|100/100 brn|[from] item: Leftovers
|-heal|p1a: Vaporeon|84/100|[from] item: Leftovers
|-damage|p2a: Vaporeon|94/100 brn|[from] brn
|upkeep
|turn|39
|
|switch|p2a: Silvally|Silvally-Steel|76/100 brn
|move|p1a: Vaporeon|Scald|p2a: Silvally
|-damage|p2a: Silvally|42/100 brn
|
|-heal|p2a: Silvally|100/100 brn|[from] move: Wish|[wisher] Vaporeon
|-heal|p1a: Vaporeon|100/100|[from] move: Wish|[wisher] Vaporeon
|-damage|p2a: Silvally|94/100 brn|[from] brn
|upkeep
|turn|40
|
|move|p2a: Silvally|U-turn|p1a: Vaporeon
|-damage|p1a: Vaporeon|94/100
|
|switch|p2a: Vileplume|Vileplume, M|94/100 brn|[from]move: U-turn
|move|p1a: Vaporeon|Wish|p1a: Vaporeon
|
|-heal|p1a: Vaporeon|99/100|[from] item: Leftovers
|-heal|p2a: Vileplume|100/100 brn|[from] item: Black Sludge
|-damage|p2a: Vileplume|94/100 brn|[from] brn
|upkeep
|turn|41
|
|switch|p1a: Goodra|Goodra, M|61/100 psn
|switch|p2a: Silvally|Silvally-Steel|94/100 brn
|
|-heal|p1a: Goodra|100/100 psn|[from] move: Wish|[wisher] Vaporeon
|-damage|p2a: Silvally|88/100 brn|[from] brn
|-damage|p1a: Goodra|88/100 psn|[from] psn
|upkeep
|turn|42
|
|move|p2a: Silvally|U-turn|p1a: Goodra
|-damage|p1a: Goodra|76/100 psn
|
|switch|p2a: Passimian|Passimian, M|100/100|[from]move: U-turn
|move|p1a: Goodra|Flamethrower|p2a: Passimian
|-damage|p2a: Passimian|59/100
|
|-damage|p1a: Goodra|64/100 psn|[from] psn
|upkeep
|turn|43
|
|switch|p1a: Roserade|Roserade, M|94/100
|move|p2a: Passimian|U-turn|p1a: Roserade
|-damage|p1a: Roserade|52/100
|
|switch|p2a: Gigalith|Gigalith, M|70/100|[from]move: U-turn
|-weather|Sandstorm|[from] ability: Sand Stream|[of] p2a: Gigalith
|
|-weather|Sandstorm|[upkeep]
|-damage|p1a: Roserade|46/100|[from] Sandstorm
|-heal|p2a: Gigalith|76/100|[from] item: Leftovers
|upkeep
|turn|44
|
|move|p1a: Roserade|Leaf Storm|p2a: Gigalith
|-supereffective|p2a: Gigalith
|-damage|p2a: Gigalith|0 fnt
|-unboost|p1a: Roserade|spa|2
|faint|p2a: Gigalith
|
|-weather|Sandstorm|[upkeep]
|-damage|p1a: Roserade|40/100|[from] Sandstorm
|upkeep
|
|switch|p2a: Vileplume|Vileplume, M|94/100 brn
|turn|45
|c|☆Chaos $eptember|slam winner
|c|☆Chaos $eptember|goes gigalith
|c|☆Chaos $eptember|on roserade
|c|☆Chaos $eptember|????
|
|switch|p1a: Goodra|Goodra, M|64/100 psn
|move|p2a: Vileplume|Sludge Bomb|p1a: Goodra
|-damage|p1a: Goodra|50/100 psn
|
|-weather|Sandstorm|[upkeep]
|-damage|p1a: Goodra|44/100 psn|[from] Sandstorm
|-damage|p2a: Vileplume|88/100 brn|[from] Sandstorm
|-heal|p2a: Vileplume|94/100 brn|[from] item: Black Sludge
|-damage|p1a: Goodra|32/100 psn|[from] psn
|-damage|p2a: Vileplume|88/100 brn|[from] brn
|upkeep
|turn|46
|l| ban them
|
|switch|p2a: Silvally|Silvally-Steel|88/100 brn
|move|p1a: Goodra|Flamethrower|p2a: Silvally
|-supereffective|p2a: Silvally
|-damage|p2a: Silvally|22/100 brn
|
|-weather|Sandstorm|[upkeep]
|-damage|p1a: Goodra|25/100 psn|[from] Sandstorm
|-damage|p2a: Silvally|16/100 brn|[from] brn
|-damage|p1a: Goodra|13/100 psn|[from] psn
|upkeep
|turn|47
|j| disasters
|
|switch|p1a: Vaporeon|Vaporeon, M|99/100
|move|p2a: Silvally|U-turn|p1a: Vaporeon
|-damage|p1a: Vaporeon|93/100
|
|switch|p2a: Vaporeon|Vaporeon, F|94/100 brn|[from]move: U-turn
|
|-weather|none
|-heal|p2a: Vaporeon|100/100 brn|[from] item: Leftovers
|-heal|p1a: Vaporeon|99/100|[from] item: Leftovers
|-damage|p2a: Vaporeon|94/100 brn|[from] brn
|upkeep
|turn|48
|
|move|p2a: Vaporeon|Ice Beam|p1a: Vaporeon
|-resisted|p1a: Vaporeon
|-damage|p1a: Vaporeon|91/100
|-status|p1a: Vaporeon|frz
|cant|p1a: Vaporeon|frz
|
|-heal|p2a: Vaporeon|100/100 brn|[from] item: Leftovers
|-heal|p1a: Vaporeon|97/100 frz|[from] item: Leftovers
|-damage|p2a: Vaporeon|94/100 brn|[from] brn
|upkeep
|turn|49
|
|move|p2a: Vaporeon|Wish|p2a: Vaporeon
|-curestatus|p1a: Vaporeon|frz|[from] move: Scald
|move|p1a: Vaporeon|Scald|p2a: Vaporeon
|-heal|p2a: Vaporeon|100/100 brn|[from] ability: Water Absorb|[of] p1a: Vaporeon
|
|-heal|p1a: Vaporeon|100/100|[from] item: Leftovers
|-damage|p2a: Vaporeon|94/100 brn|[from] brn
|upkeep
|turn|50
|
|move|p2a: Vaporeon|Scald|p1a: Vaporeon
|-immune|p1a: Vaporeon|[from] ability: Water Absorb
|move|p1a: Vaporeon|Wish|p1a: Vaporeon
|
|-heal|p2a: Vaporeon|100/100 brn|[from] move: Wish|[wisher] Vaporeon
|-damage|p2a: Vaporeon|94/100 brn|[from] brn
|upkeep
|turn|51
|
|switch|p1a: Rapidash|Rapidash-Galar, M|43/100 brn
|move|p2a: Vaporeon|Ice Beam|p1a: Rapidash
|-damage|p1a: Rapidash|8/100 brn
|
|-heal|p1a: Rapidash|93/100 brn|[from] move: Wish|[wisher] Vaporeon
|-heal|p2a: Vaporeon|100/100 brn|[from] item: Leftovers
|-damage|p1a: Rapidash|87/100 brn|[from] brn
|-damage|p2a: Vaporeon|94/100 brn|[from] brn
|upkeep
|turn|52
|
|switch|p1a: Vaporeon|Vaporeon, M|100/100
|switch|p2a: Vileplume|Vileplume, M|88/100 brn
|
|-heal|p2a: Vileplume|94/100 brn|[from] item: Black Sludge
|-damage|p2a: Vileplume|88/100 brn|[from] brn
|upkeep
|turn|53
|
|switch|p1a: Roserade|Roserade, M|40/100
|move|p2a: Vileplume|Sludge Bomb|p1a: Roserade
|-damage|p1a: Roserade|0 fnt
|faint|p1a: Roserade
|
|-heal|p2a: Vileplume|94/100 brn|[from] item: Black Sludge
|-damage|p2a: Vileplume|88/100 brn|[from] brn
|upkeep
|
|switch|p1a: Goodra|Goodra, M|13/100 psn
|turn|54
|
|switch|p2a: Silvally|Silvally-Steel|16/100 brn
|move|p1a: Goodra|Thunderbolt|p2a: Silvally
|-damage|p2a: Silvally|0 fnt
|faint|p2a: Silvally
|
|-damage|p1a: Goodra|0 fnt|[from] psn
|faint|p1a: Goodra
|upkeep
|c|☆Chaos $eptember|welp
|-message|Chaos $eptember forfeited.
|
|win|bebo7788
|raw|Chaos $eptember's rating: 1301 &rarr; <strong>1284</strong><br />(-17 for losing)
|raw|bebo7788's rating: 1351 &rarr; <strong>1368</strong><br />(+17 for winning)
|c|☆bebo7788|gg
|l| Mygrein ㋡
|c|☆Chaos $eptember|gg, dont cry about rolls
|c|☆Chaos $eptember|please
|c|☆Chaos $eptember|thats all i ask
|c|☆bebo7788|do i know you
|c|☆bebo7788|or no
|c|☆Chaos $eptember|no
|c|☆Chaos $eptember|u dont need to know me
|c|☆bebo7788|great idc
|l|☆bebo7788
|l|☆Chaos $eptember
|l| disasters
|l| Adrift and Alone
