|j|☆botato carrot
|j|☆YungBlackBWilson
|player|p1|botato carrot|koga-gen1rb|1344
|player|p2|YungBlackBWilson|50|1380
|teamsize|p1|6
|teamsize|p2|6
|gametype|singles
|gen|8
|tier|[Gen 8] RU
|rated|
|clearpoke
|poke|p1|Drednaw, F|
|poke|p1|Ludicolo, F|
|poke|p1|Mantine, F|
|poke|p1|Sableye, F|
|poke|p1|Steelix, F|
|poke|p1|Eldegoss, F|
|poke|p2|Roserade, F|
|poke|p2|Turtonator, F|
|poke|p2|Mantine, M|
|poke|p2|Toxicroak, M|
|poke|p2|Steelix, M|
|poke|p2|Goodra, M|
|rule|Sleep Clause Mod: Limit one foe put to sleep
|rule|Species Clause: Limit one of each Pokémon
|rule|OHKO Clause: OHKO moves are banned
|rule|Evasion Moves Clause: Evasion moves are banned
|rule|Endless Battle Clause: Forcing endless battles is banned
|rule|HP Percentage Mod: HP is shown in percentages
|rule|Dynamax Clause: You cannot dynamax
|teampreview
|
|start
|switch|p1a: Sableye|Sableye, F|100/100
|switch|p2a: Roserade|Roserade, F|100/100
|turn|1
|inactive|Battle timer is ON: inactive players will automatically lose when time's up. (requested by botato carrot)
|
|move|p2a: Roserade|Toxic Spikes|p1a: Sableye
|-sidestart|p1: botato carrot|move: Toxic Spikes
|move|p1a: Sableye|Knock Off|p2a: Roserade
|-damage|p2a: Roserade|55/100
|-enditem|p2a: Roserade|Focus Sash|[from] move: Knock Off|[of] p1a: Sableye
|
|upkeep
|turn|2
|
|move|p1a: Sableye|Will-O-Wisp|p2a: Roserade
|-status|p2a: Roserade|brn
|move|p2a: Roserade|Leaf Storm|p1a: Sableye
|-damage|p1a: Sableye|36/100
|-unboost|p2a: Roserade|spa|2
|
|-damage|p2a: Roserade|49/100 brn|[from] brn
|upkeep
|turn|3
|
|switch|p2a: Turtonator|Turtonator, F|100/100
|move|p1a: Sableye|Recover|p1a: Sableye
|-heal|p1a: Sableye|86/100
|
|upkeep
|turn|4
|
|move|p1a: Sableye|Knock Off|p2a: Turtonator
|-damage|p2a: Turtonator|80/100
|-enditem|p2a: Turtonator|Heavy-Duty Boots|[from] move: Knock Off|[of] p1a: Sableye
|move|p2a: Turtonator|Flamethrower|p1a: Sableye
|-damage|p1a: Sableye|56/100
|
|upkeep
|turn|5
|
|move|p1a: Sableye|Rain Dance|p1a: Sableye
|-weather|RainDance
|move|p2a: Turtonator|Flamethrower|p1a: Sableye
|-damage|p1a: Sableye|41/100
|
|-weather|RainDance|[upkeep]
|upkeep
|turn|6
|
|switch|p2a: Goodra|Goodra, M|100/100
|move|p1a: Sableye|Recover|p1a: Sableye
|-heal|p1a: Sableye|91/100
|
|-weather|RainDance|[upkeep]
|upkeep
|turn|7
|
|move|p2a: Goodra|Draco Meteor|p1a: Sableye
|-damage|p1a: Sableye|0 fnt
|-unboost|p2a: Goodra|spa|2
|faint|p1a: Sableye
|
|-weather|RainDance|[upkeep]
|upkeep
|c|☆botato carrot|ugh scarfed piece of crap
|c|☆botato carrot|the usual
|c|☆botato carrot|if not assault vest
|c|☆botato carrot|the shit is choiced
|c|☆botato carrot|spec*
|inactive|botato carrot has 120 seconds left.
|
|switch|p1a: Mantine|Mantine, F|100/100
|turn|8
|
|switch|p2a: Turtonator|Turtonator, F|80/100
|move|p1a: Mantine|Hurricane|p2a: Turtonator
|-damage|p2a: Turtonator|25/100
|-damage|p1a: Mantine|91/100|[from] item: Life Orb
|
|-weather|RainDance|[upkeep]
|upkeep
|turn|9
|j| pentadrone
|
|move|p1a: Mantine|Hurricane|p2a: Turtonator
|-damage|p2a: Turtonator|0 fnt
|-damage|p1a: Mantine|81/100|[from] item: Life Orb
|faint|p2a: Turtonator
|
|-weather|RainDance|[upkeep]
|upkeep
|c|☆botato carrot|rip sable
|c|☆botato carrot|I'll make it worth :'>
|
|switch|p2a: Goodra|Goodra, M|100/100
|turn|10
|
|switch|p1a: Eldegoss|Eldegoss, F|100/100
|-status|p1a: Eldegoss|psn
|move|p2a: Goodra|Thunder|p1a: Eldegoss
|-resisted|p1a: Eldegoss
|-damage|p1a: Eldegoss|82/100 psn
|
|-weather|RainDance|[upkeep]
|-heal|p1a: Eldegoss|88/100 psn|[from] item: Leftovers
|-damage|p1a: Eldegoss|76/100 psn|[from] psn
|upkeep
|turn|11
|
|switch|p2a: Roserade|Roserade, F|49/100
|switch|p1a: Mantine|Mantine, F|81/100
|
|-weather|RainDance|[upkeep]
|upkeep
|turn|12
|
|switch|p2a: Goodra|Goodra, M|100/100
|move|p1a: Mantine|Hurricane|p2a: Goodra
|-damage|p2a: Goodra|58/100
|-damage|p1a: Mantine|71/100|[from] item: Life Orb
|
|-weather|none
|upkeep
|turn|13
|
|switch|p1a: Eldegoss|Eldegoss, F|100/100 psn
|move|p2a: Goodra|Sludge Wave|p1a: Eldegoss
|-supereffective|p1a: Eldegoss
|-damage|p1a: Eldegoss|44/100 psn
|
|-heal|p1a: Eldegoss|50/100 psn|[from] item: Leftovers
|-damage|p1a: Eldegoss|38/100 psn|[from] psn
|upkeep
|turn|14
|
|switch|p2a: Mantine|Mantine, M|100/100
|switch|p1a: Steelix|Steelix, F|100/100
|
|upkeep
|turn|15
|
|switch|p1a: Eldegoss|Eldegoss, F|71/100 psn
|move|p2a: Mantine|Surf|p1a: Eldegoss
|-resisted|p1a: Eldegoss
|-damage|p1a: Eldegoss|59/100 psn
|
|-heal|p1a: Eldegoss|66/100 psn|[from] item: Leftovers
|-damage|p1a: Eldegoss|53/100 psn|[from] psn
|upkeep
|turn|16
|
|move|p2a: Mantine|Hurricane|p1a: Eldegoss
|-supereffective|p1a: Eldegoss
|-damage|p1a: Eldegoss|0 fnt
|faint|p1a: Eldegoss
|
|upkeep
|
|switch|p1a: Drednaw|Drednaw, F|100/100
|-status|p1a: Drednaw|psn
|turn|17
|
|switch|p2a: Steelix|Steelix, M|100/100
|move|p1a: Drednaw|Head Smash|p2a: Steelix
|-resisted|p2a: Steelix
|-damage|p2a: Steelix|87/100
|-damage|p1a: Drednaw|93/100 psn|[from] Recoil
|
|-heal|p2a: Steelix|93/100|[from] item: Leftovers
|-damage|p1a: Drednaw|80/100 psn|[from] psn
|upkeep
|turn|18
|l| pentadrone
|
|switch|p1a: Steelix|Steelix, F|100/100
|move|p2a: Steelix|Dragon Tail|p1a: Steelix
|-resisted|p1a: Steelix
|-damage|p1a: Steelix|98/100
|drag|p1a: Drednaw|Drednaw, F|80/100 psn
|
|-heal|p2a: Steelix|99/100|[from] item: Leftovers
|-damage|p1a: Drednaw|68/100 psn|[from] psn
|upkeep
|turn|19
|
|switch|p1a: Steelix|Steelix, F|98/100
|switch|p2a: Mantine|Mantine, M|100/100
|
|-heal|p1a: Steelix|100/100|[from] item: Leftovers
|upkeep
|turn|20
|c|☆botato carrot|someone been watching replays it seems
|
|switch|p2a: Roserade|Roserade, F|49/100
|move|p1a: Steelix|Stealth Rock|p2a: Roserade
|-sidestart|p2: YungBlackBWilson|move: Stealth Rock
|
|upkeep
|turn|21
|c|☆YungBlackBWilson|are u talking to me?
|
|switch|p1a: Mantine|Mantine, F|71/100
|move|p2a: Roserade|Spikes|p1a: Mantine
|-sidestart|p1: botato carrot|Spikes
|
|upkeep
|turn|22
|
|move|p2a: Roserade|Leaf Storm|p1a: Mantine
|-damage|p1a: Mantine|20/100
|-unboost|p2a: Roserade|spa|2
|move|p1a: Mantine|Rain Dance|p1a: Mantine
|-weather|RainDance
|
|-weather|RainDance|[upkeep]
|upkeep
|turn|23
|
|move|p1a: Mantine|Hurricane|p2a: Roserade
|-supereffective|p2a: Roserade
|-damage|p2a: Roserade|0 fnt
|-damage|p1a: Mantine|10/100|[from] item: Life Orb
|faint|p2a: Roserade
|
|-weather|RainDance|[upkeep]
|upkeep
|
|switch|p2a: Mantine|Mantine, M|100/100
|-damage|p2a: Mantine|76/100|[from] Stealth Rock
|turn|24
|
|move|p1a: Mantine|Hurricane|p2a: Mantine
|-damage|p2a: Mantine|28/100
|-start|p2a: Mantine|confusion
|-damage|p1a: Mantine|0 fnt|[from] item: Life Orb
|faint|p1a: Mantine
|-activate|p2a: Mantine|confusion
|move|p2a: Mantine|Roost|p2a: Mantine
|-heal|p2a: Mantine|78/100
|-singleturn|p2a: Mantine|move: Roost
|
|-weather|RainDance|[upkeep]
|upkeep
|c|☆botato carrot|ok
|c|☆botato carrot|smart assing through
|
|switch|p1a: Drednaw|Drednaw, F|68/100 psn
|-damage|p1a: Drednaw|55/100 psn|[from] Spikes
|turn|25
|c|☆YungBlackBWilson|u mad u getting outplayed
|
|switch|p2a: Steelix|Steelix, M|99/100
|-damage|p2a: Steelix|96/100|[from] Stealth Rock
|move|p1a: Drednaw|Liquidation|p2a: Steelix
|-supereffective|p2a: Steelix
|-crit|p2a: Steelix
|-damage|p2a: Steelix|0 fnt
|faint|p2a: Steelix
|
|-weather|RainDance|[upkeep]
|-damage|p1a: Drednaw|43/100 psn|[from] psn
|upkeep
|
|switch|p2a: Mantine|Mantine, M|78/100
|-damage|p2a: Mantine|54/100|[from] Stealth Rock
|turn|26
|
|switch|p1a: Ludicolo|Ludicolo, F|100/100
|-damage|p1a: Ludicolo|88/100|[from] Spikes
|-status|p1a: Ludicolo|psn
|move|p2a: Mantine|Hurricane|p1a: Ludicolo
|-supereffective|p1a: Ludicolo
|-damage|p1a: Ludicolo|0 fnt
|faint|p1a: Ludicolo
|
|-weather|none
|upkeep
|c|☆botato carrot|ofc
|c|☆botato carrot|why wouldn't you
|
|switch|p1a: Steelix|Steelix, F|100/100
|-damage|p1a: Steelix|88/100|[from] Spikes
|turn|27
|c|☆YungBlackBWilson|gottem
|
|move|p2a: Mantine|Surf|p1a: Steelix
|-supereffective|p1a: Steelix
|-damage|p1a: Steelix|0 fnt
|faint|p1a: Steelix
|
|upkeep
|
|switch|p1a: Drednaw|Drednaw, F|43/100 psn
|-damage|p1a: Drednaw|30/100 psn|[from] Spikes
|turn|28
|-message|botato carrot forfeited.
|
|win|YungBlackBWilson
|l|☆botato carrot
|c|☆YungBlackBWilson|GG
|raw|botato carrot's rating: 1327 &rarr; <strong>1310</strong><br />(-17 for losing)
|raw|YungBlackBWilson's rating: 1380 &rarr; <strong>1397</strong><br />(+17 for winning)
