|j|☆NiaoSui Fans
|j|☆carbonlifeform_exp
|t:|1624454101
|gametype|singles
|player|p1|NiaoSui Fans|unknownf|1376
|player|p2|carbonlifeform_exp|169|1345
|teamsize|p1|6
|teamsize|p2|6
|gen|8
|tier|[Gen 8] RU
|rated|
|rule|Sleep Clause Mod: Limit one foe put to sleep
|rule|Species Clause: Limit one of each Pokémon
|rule|OHKO Clause: OHKO moves are banned
|rule|Evasion Moves Clause: Evasion moves are banned
|rule|Endless Battle Clause: Forcing endless battles is banned
|rule|HP Percentage Mod: HP is shown in percentages
|rule|Dynamax Clause: You cannot dynamax
|clearpoke
|poke|p1|Mimikyu, M|
|poke|p1|Sharpedo, M|
|poke|p1|Zarude|
|poke|p1|Necrozma|
|poke|p1|Aerodactyl, M|
|poke|p1|Metagross|
|poke|p2|Flygon, M|
|poke|p2|Golisopod, M|
|poke|p2|Raikou|
|poke|p2|Cobalion|
|poke|p2|Chandelure, F|
|poke|p2|Togekiss, F|
|teampreview
|inactive|Battle timer is ON: inactive players will automatically lose when time's up. (requested by NiaoSui Fans)
|
|t:|1624454113
|start
|switch|p1a: Metagross|Metagross|100/100
|switch|p2a: Cobalion|Cobalion|100/100
|turn|1
|
|t:|1624454122
|move|p2a: Cobalion|Taunt|p1a: Metagross
|-start|p1a: Metagross|move: Taunt
|cant|p1a: Metagross|move: Taunt|Stealth Rock
|
|upkeep
|turn|2
|
|t:|1624454126
|move|p2a: Cobalion|Stealth Rock|p1a: Metagross
|-sidestart|p1: NiaoSui Fans|move: Stealth Rock
|move|p1a: Metagross|Earthquake|p2a: Cobalion
|-supereffective|p2a: Cobalion
|-damage|p2a: Cobalion|48/100
|
|upkeep
|turn|3
|
|t:|1624454137
|move|p2a: Cobalion|Volt Switch|p1a: Metagross
|-damage|p1a: Metagross|86/100
|
|t:|1624454141
|switch|p2a: Flygon|Flygon, M|100/100|[from]move: Volt Switch
|move|p1a: Metagross|Meteor Mash|p2a: Flygon
|-damage|p2a: Flygon|55/100
|-boost|p1a: Metagross|atk|1
|
|-heal|p2a: Flygon|61/100|[from] item: Leftovers
|-end|p1a: Metagross|move: Taunt
|upkeep
|turn|4
|
|t:|1624454155
|move|p1a: Metagross|Endure|p1a: Metagross
|-singleturn|p1a: Metagross|move: Endure
|move|p2a: Flygon|Earthquake|p1a: Metagross
|-supereffective|p1a: Metagross
|-damage|p1a: Metagross|31/100
|
|-heal|p2a: Flygon|67/100|[from] item: Leftovers
|upkeep
|turn|5
|
|t:|1624454168
|move|p1a: Metagross|Endure||[still]
|-fail|p1a: Metagross
|move|p2a: Flygon|Earthquake|p1a: Metagross
|-supereffective|p1a: Metagross
|-damage|p1a: Metagross|0 fnt
|faint|p1a: Metagross
|
|-heal|p2a: Flygon|73/100|[from] item: Leftovers
|upkeep
|
|t:|1624454174
|switch|p1a: Zarude|Zarude|100/100
|-damage|p1a: Zarude|88/100|[from] Stealth Rock
|turn|6
|
|t:|1624454182
|move|p1a: Zarude|Power Whip|p2a: Flygon
|-damage|p2a: Flygon|19/100
|move|p2a: Flygon|Roost|p2a: Flygon
|-heal|p2a: Flygon|69/100
|-singleturn|p2a: Flygon|move: Roost
|
|-heal|p2a: Flygon|75/100|[from] item: Leftovers
|upkeep
|turn|7
|
|t:|1624454190
|switch|p1a: Aerodactyl|Aerodactyl, M|100/100
|-ability|p1a: Aerodactyl|Unnerve
|-damage|p1a: Aerodactyl|76/100|[from] Stealth Rock
|switch|p2a: Togekiss|Togekiss, F|100/100
|
|upkeep
|turn|8
|
|t:|1624454200
|switch|p2a: Flygon|Flygon, M|75/100
|move|p1a: Aerodactyl|Stone Edge|p2a: Flygon
|-resisted|p2a: Flygon
|-damage|p2a: Flygon|49/100
|-damage|p1a: Aerodactyl|66/100|[from] item: Life Orb
|
|-heal|p2a: Flygon|55/100|[from] item: Leftovers
|upkeep
|turn|9
|
|t:|1624454217
|switch|p1a: Zarude|Zarude|88/100
|-damage|p1a: Zarude|76/100|[from] Stealth Rock
|move|p2a: Flygon|Dragon Claw|p1a: Zarude
|-damage|p1a: Zarude|51/100
|
|-heal|p2a: Flygon|61/100|[from] item: Leftovers
|upkeep
|turn|10
|
|t:|1624454225
|move|p1a: Zarude|Power Whip|p2a: Flygon|[miss]
|-miss|p1a: Zarude|p2a: Flygon
|move|p2a: Flygon|Roost|p2a: Flygon
|-heal|p2a: Flygon|100/100
|-singleturn|p2a: Flygon|move: Roost
|
|upkeep
|turn|11
|
|t:|1624454231
|move|p1a: Zarude|Power Whip|p2a: Flygon
|-damage|p2a: Flygon|50/100
|move|p2a: Flygon|Dragon Dance|p2a: Flygon
|-boost|p2a: Flygon|atk|1
|-boost|p2a: Flygon|spe|1
|
|-heal|p2a: Flygon|56/100|[from] item: Leftovers
|upkeep
|turn|12
|
|t:|1624454242
|move|p1a: Zarude|Power Whip|p2a: Flygon
|-damage|p2a: Flygon|11/100
|move|p2a: Flygon|Roost|p2a: Flygon
|-heal|p2a: Flygon|61/100
|-singleturn|p2a: Flygon|move: Roost
|
|-heal|p2a: Flygon|67/100|[from] item: Leftovers
|upkeep
|turn|13
|
|t:|1624454256
|switch|p2a: Togekiss|Togekiss, F|100/100
|move|p1a: Zarude|Power Whip|p2a: Togekiss
|-resisted|p2a: Togekiss
|-damage|p2a: Togekiss|81/100
|
|upkeep
|turn|14
|
|t:|1624454267
|switch|p1a: Necrozma|Necrozma|100/100
|-damage|p1a: Necrozma|88/100|[from] Stealth Rock
|move|p2a: Togekiss|Air Slash|p1a: Necrozma
|-damage|p1a: Necrozma|55/100
|
|upkeep
|turn|15
|
|t:|1624454275
|move|p1a: Necrozma|Meteor Beam||[still]
|-prepare|p1a: Necrozma|Meteor Beam
|-boost|p1a: Necrozma|spa|1
|-enditem|p1a: Necrozma|Power Herb
|-anim|p1a: Necrozma|Meteor Beam|p2a: Togekiss
|-supereffective|p2a: Togekiss
|-damage|p2a: Togekiss|0 fnt
|faint|p2a: Togekiss
|
|upkeep
|
|t:|1624454288
|switch|p2a: Golisopod|Golisopod, M|100/100
|turn|16
|
|t:|1624454293
|move|p2a: Golisopod|First Impression|p1a: Necrozma
|-supereffective|p1a: Necrozma
|-damage|p1a: Necrozma|0 fnt
|faint|p1a: Necrozma
|
|upkeep
|
|t:|1624454301
|switch|p1a: Sharpedo|Sharpedo, M|100/100
|-damage|p1a: Sharpedo|88/100|[from] Stealth Rock
|turn|17
|
|t:|1624454305
|move|p1a: Sharpedo|Dark Pulse|p2a: Golisopod
|-damage|p2a: Golisopod|67/100
|-damage|p1a: Sharpedo|78/100|[from] item: Life Orb
|move|p2a: Golisopod|Leech Life|p1a: Sharpedo
|-supereffective|p1a: Sharpedo
|-damage|p1a: Sharpedo|0 fnt
|-heal|p2a: Golisopod|98/100|[from] drain|[of] p1a: Sharpedo
|faint|p1a: Sharpedo
|
|upkeep
|
|t:|1624454316
|switch|p1a: Aerodactyl|Aerodactyl, M|66/100
|-ability|p1a: Aerodactyl|Unnerve
|-damage|p1a: Aerodactyl|41/100|[from] Stealth Rock
|turn|18
|
|t:|1624454324
|move|p2a: Golisopod|Sucker Punch|p1a: Aerodactyl
|-damage|p1a: Aerodactyl|0 fnt
|faint|p1a: Aerodactyl
|
|upkeep
|
|t:|1624454330
|switch|p1a: Mimikyu|Mimikyu, M|100/100
|-damage|p1a: Mimikyu|88/100|[from] Stealth Rock
|turn|19
|
|t:|1624454335
|move|p1a: Mimikyu|Swords Dance|p1a: Mimikyu
|-boost|p1a: Mimikyu|atk|2
|move|p2a: Golisopod|Liquidation|p1a: Mimikyu
|-activate|p1a: Mimikyu|ability: Disguise
|-damage|p1a: Mimikyu|88/100
|-unboost|p1a: Mimikyu|def|1
|detailschange|p1a: Mimikyu|Mimikyu-Busted, M
|-damage|p1a: Mimikyu|76/100|[from] pokemon: Mimikyu-Busted
|
|upkeep
|turn|20
|
|t:|1624454344
|move|p1a: Mimikyu|Play Rough|p2a: Golisopod
|-damage|p2a: Golisopod|34/100
|-activate|p2a: Golisopod|ability: Emergency Exit
|-damage|p1a: Mimikyu|66/100|[from] item: Life Orb
|
|t:|1624454355
|switch|p2a: Raikou|Raikou|100/100
|-ability|p2a: Raikou|Pressure
|
|upkeep
|turn|21
|
|t:|1624454374
|move|p1a: Mimikyu|Shadow Sneak|p2a: Raikou
|-damage|p2a: Raikou|41/100
|-damage|p1a: Mimikyu|56/100|[from] item: Life Orb
|move|p2a: Raikou|Thunderbolt|p1a: Mimikyu
|-damage|p1a: Mimikyu|3/100
|
|upkeep
|turn|22
|c|☆carbonlifeform_exp|gg
|
|t:|1624454388
|move|p1a: Mimikyu|Shadow Sneak|p2a: Raikou
|-crit|p2a: Raikou
|-damage|p2a: Raikou|0 fnt
|faint|p2a: Raikou
|-damage|p1a: Mimikyu|0 fnt|[from] item: Life Orb
|faint|p1a: Mimikyu
|
|upkeep
|-message|NiaoSui Fans forfeited.
|
|win|carbonlifeform_exp
|raw|NiaoSui Fans's rating: 1376 &rarr; <strong>1354</strong><br />(-22 for losing)
|raw|carbonlifeform_exp's rating: 1345 &rarr; <strong>1367</strong><br />(+22 for winning)
|l|☆NiaoSui Fans
