|j|☆07l中国大妈
|j|☆delz123
|player|p1|07l中国大妈|pokefanf-gen4|1312
|player|p2|delz123|hilda|1433
|teamsize|p1|6
|teamsize|p2|6
|gametype|singles
|gen|8
|tier|[Gen 8] RU
|rated|
|clearpoke
|poke|p1|Drifblim, F|
|poke|p1|Steelix, M|
|poke|p1|Vaporeon, M|
|poke|p1|Bellossom, M|
|poke|p1|Toxicroak, M|
|poke|p1|Cinccino, M|
|poke|p2|Salazzle, F|
|poke|p2|Gastrodon-East, M|
|poke|p2|Goodra, M|
|poke|p2|Gigalith, M|
|poke|p2|Drifblim, F|
|poke|p2|Sawk, M|
|rule|Sleep Clause Mod: Limit one foe put to sleep
|rule|Species Clause: Limit one of each Pokémon
|rule|OHKO Clause: OHKO moves are banned
|rule|Evasion Moves Clause: Evasion moves are banned
|rule|Endless Battle Clause: Forcing endless battles is banned
|rule|HP Percentage Mod: HP is shown in percentages
|rule|Dynamax Clause: You cannot dynamax
|teampreview
|
|start
|switch|p1a: Steelix|Steelix, M|100/100
|switch|p2a: Drifblim|Drifblim, F|100/100
|turn|1
|
|move|p2a: Drifblim|Will-O-Wisp|p1a: Steelix
|-status|p1a: Steelix|brn
|move|p1a: Steelix|Stealth Rock|p2a: Drifblim
|-sidestart|p2: delz123|move: Stealth Rock
|
|-damage|p1a: Steelix|94/100 brn|[from] brn
|upkeep
|turn|2
|
|switch|p1a: Cinccino|Cinccino, M|100/100
|move|p2a: Drifblim|Defog|p1a: Cinccino
|-unboost|p1a: Cinccino|evasion|1
|-sideend|p2: delz123|Stealth Rock|[from] move: Defog|[of] p2a: Drifblim
|
|upkeep
|turn|3
|
|move|p1a: Cinccino|Knock Off|p2a: Drifblim
|-supereffective|p2a: Drifblim
|-damage|p2a: Drifblim|0 fnt
|-enditem|p2a: Drifblim|Sitrus Berry|[from] move: Knock Off|[of] p1a: Cinccino
|faint|p2a: Drifblim
|
|upkeep
|
|switch|p2a: Sawk|Sawk, M, shiny|100/100
|turn|4
|
|switch|p1a: Drifblim|Drifblim, F|100/100
|move|p2a: Sawk|Throat Chop|p1a: Drifblim
|-supereffective|p1a: Drifblim
|-damage|p1a: Drifblim|53/100
|-start|p1a: Drifblim|Throat Chop|[silent]
|
|upkeep
|turn|5
|inactive|Battle timer is ON: inactive players will automatically lose when time's up. (requested by 07l中国大妈)
|
|switch|p2a: Salazzle|Salazzle, F|100/100
|move|p1a: Drifblim|Will-O-Wisp|p2a: Salazzle
|-immune|p2a: Salazzle
|
|-end|p1a: Drifblim|Throat Chop|[silent]
|upkeep
|turn|6
|
|switch|p1a: Steelix|Steelix, M|94/100 brn
|move|p2a: Salazzle|Toxic||[still]
|-fail|p2a: Salazzle
|
|-heal|p1a: Steelix|100/100 brn|[from] item: Leftovers
|-damage|p1a: Steelix|94/100 brn|[from] brn
|upkeep
|turn|7
|
|move|p2a: Salazzle|Flamethrower|p1a: Steelix
|-supereffective|p1a: Steelix
|-damage|p1a: Steelix|29/100 brn
|move|p1a: Steelix|Stealth Rock|p2a: Salazzle
|-sidestart|p2: delz123|move: Stealth Rock
|
|-heal|p1a: Steelix|36/100 brn|[from] item: Leftovers
|-damage|p1a: Steelix|29/100 brn|[from] brn
|upkeep
|turn|8
|
|switch|p1a: Vaporeon|Vaporeon, M|100/100
|move|p2a: Salazzle|Flamethrower|p1a: Vaporeon
|-resisted|p1a: Vaporeon
|-damage|p1a: Vaporeon|86/100
|
|-heal|p1a: Vaporeon|93/100|[from] item: Leftovers
|upkeep
|turn|9
|
|move|p1a: Vaporeon|Protect|p1a: Vaporeon
|-singleturn|p1a: Vaporeon|Protect
|move|p2a: Salazzle|Toxic|p1a: Vaporeon
|-activate|p1a: Vaporeon|move: Protect
|
|-heal|p1a: Vaporeon|99/100|[from] item: Leftovers
|upkeep
|turn|10
|
|move|p2a: Salazzle|Toxic|p1a: Vaporeon
|-status|p1a: Vaporeon|tox
|move|p1a: Vaporeon|Scald|p2a: Salazzle
|-supereffective|p2a: Salazzle
|-crit|p2a: Salazzle
|-damage|p2a: Salazzle|0 fnt
|faint|p2a: Salazzle
|
|-heal|p1a: Vaporeon|100/100 tox|[from] item: Leftovers
|-damage|p1a: Vaporeon|94/100 tox|[from] psn
|upkeep
|
|switch|p2a: Goodra|Goodra, M|100/100
|-damage|p2a: Goodra|88/100|[from] Stealth Rock
|turn|11
|
|move|p2a: Goodra|Earthquake|p1a: Vaporeon
|-damage|p1a: Vaporeon|73/100 tox
|move|p1a: Vaporeon|Wish|p1a: Vaporeon
|
|-heal|p1a: Vaporeon|79/100 tox|[from] item: Leftovers
|-damage|p1a: Vaporeon|66/100 tox|[from] psn
|upkeep
|turn|12
|
|switch|p1a: Steelix|Steelix, M|29/100 brn
|move|p2a: Goodra|Earthquake|p1a: Steelix
|-supereffective|p1a: Steelix
|-damage|p1a: Steelix|0 fnt
|faint|p1a: Steelix
|
|upkeep
|
|switch|p1a: Drifblim|Drifblim, F|53/100
|turn|13
|
|switch|p2a: Gastrodon|Gastrodon-East, M|100/100
|-damage|p2a: Gastrodon|94/100|[from] Stealth Rock
|move|p1a: Drifblim|Will-O-Wisp|p2a: Gastrodon
|-status|p2a: Gastrodon|brn
|
|-damage|p2a: Gastrodon|88/100 brn|[from] brn
|upkeep
|turn|14
|
|switch|p1a: Bellossom|Bellossom, M|100/100
|move|p2a: Gastrodon|Scald|p1a: Bellossom
|-resisted|p1a: Bellossom
|-damage|p1a: Bellossom|89/100
|
|-heal|p1a: Bellossom|95/100|[from] item: Leftovers
|-damage|p2a: Gastrodon|82/100 brn|[from] brn
|upkeep
|turn|15
|
|move|p1a: Bellossom|Quiver Dance|p1a: Bellossom
|-boost|p1a: Bellossom|spa|1
|-boost|p1a: Bellossom|spd|1
|-boost|p1a: Bellossom|spe|1
|move|p2a: Gastrodon|Clear Smog|p1a: Bellossom
|-supereffective|p1a: Bellossom
|-damage|p1a: Bellossom|80/100
|-clearboost|p1a: Bellossom
|
|-heal|p1a: Bellossom|86/100|[from] item: Leftovers
|-damage|p2a: Gastrodon|76/100 brn|[from] brn
|upkeep
|turn|16
|
|switch|p2a: Goodra|Goodra, M|88/100
|-damage|p2a: Goodra|76/100|[from] Stealth Rock
|move|p1a: Bellossom|Quiver Dance|p1a: Bellossom
|-boost|p1a: Bellossom|spa|1
|-boost|p1a: Bellossom|spd|1
|-boost|p1a: Bellossom|spe|1
|
|-heal|p1a: Bellossom|92/100|[from] item: Leftovers
|upkeep
|turn|17
|
|move|p1a: Bellossom|Strength Sap|p2a: Goodra
|-ability|p2a: Goodra|Sap Sipper|boost
|-boost|p2a: Goodra|atk|1
|move|p2a: Goodra|Fire Punch|p1a: Bellossom
|-supereffective|p1a: Bellossom
|-damage|p1a: Bellossom|33/100
|
|-heal|p1a: Bellossom|39/100|[from] item: Leftovers
|upkeep
|turn|18
|
|move|p1a: Bellossom|Moonblast|p2a: Goodra
|-supereffective|p2a: Goodra
|-damage|p2a: Goodra|53/100
|-unboost|p2a: Goodra|spa|1
|move|p2a: Goodra|Fire Punch|p1a: Bellossom
|-supereffective|p1a: Bellossom
|-damage|p1a: Bellossom|0 fnt
|faint|p1a: Bellossom
|
|upkeep
|inactive|07l中国大妈 has 120 seconds left.
|
|switch|p1a: Cinccino|Cinccino, M|100/100
|turn|19
|
|switch|p2a: Gastrodon|Gastrodon-East, M|76/100 brn
|-damage|p2a: Gastrodon|70/100 brn|[from] Stealth Rock
|move|p1a: Cinccino|Bullet Seed|p2a: Gastrodon
|-supereffective|p2a: Gastrodon
|-damage|p2a: Gastrodon|34/100 brn
|-supereffective|p2a: Gastrodon
|-damage|p2a: Gastrodon|0 fnt
|-hitcount|p2a: Gastrodon|2
|faint|p2a: Gastrodon
|
|upkeep
|
|switch|p2a: Sawk|Sawk, M, shiny|100/100
|turn|20
|inactive|07l中国大妈 has 120 seconds left.
|
|switch|p1a: Drifblim|Drifblim, F|53/100
|move|p2a: Sawk|Throat Chop|p1a: Drifblim
|-supereffective|p1a: Drifblim
|-crit|p1a: Drifblim
|-damage|p1a: Drifblim|0 fnt
|faint|p1a: Drifblim
|
|upkeep
|inactive|07l中国大妈 has 120 seconds left.
|
|switch|p1a: Toxicroak|Toxicroak, M|100/100
|turn|21
|inactive|07l中国大妈 has 120 seconds left.
|inactive|delz123 has 120 seconds left.
|
|move|p1a: Toxicroak|Toxic|p2a: Sawk
|-status|p2a: Sawk|tox
|move|p2a: Sawk|Facade|p1a: Toxicroak
|-damage|p1a: Toxicroak|32/100
|
|-heal|p1a: Toxicroak|39/100|[from] item: Black Sludge
|-damage|p2a: Sawk|94/100 tox|[from] psn
|upkeep
|turn|22
|inactive|07l中国大妈 has 120 seconds left.
|
|move|p1a: Toxicroak|Drain Punch|p2a: Sawk
|-damage|p2a: Sawk|47/100 tox
|-heal|p1a: Toxicroak|61/100|[from] drain|[of] p2a: Sawk
|move|p2a: Sawk|Facade|p1a: Toxicroak
|-damage|p1a: Toxicroak|0 fnt
|faint|p1a: Toxicroak
|
|-damage|p2a: Sawk|35/100 tox|[from] psn
|upkeep
|
|switch|p1a: Cinccino|Cinccino, M|100/100
|turn|23
|
|move|p1a: Cinccino|Bullet Seed|p2a: Sawk
|-crit|p2a: Sawk
|-damage|p2a: Sawk|9/100 tox
|-damage|p2a: Sawk|0 fnt
|-hitcount|p2a: Sawk|2
|faint|p2a: Sawk
|
|upkeep
|inactive|delz123 has 120 seconds left.
|
|switch|p2a: Goodra|Goodra, M|53/100
|-damage|p2a: Goodra|40/100|[from] Stealth Rock
|turn|24
|
|switch|p1a: Vaporeon|Vaporeon, M|66/100 tox
|move|p2a: Goodra|Power Whip|p1a: Vaporeon
|-supereffective|p1a: Vaporeon
|-damage|p1a: Vaporeon|9/100 tox
|
|-heal|p1a: Vaporeon|15/100 tox|[from] item: Leftovers
|-damage|p1a: Vaporeon|9/100 tox|[from] psn
|upkeep
|turn|25
|inactive|07l中国大妈 has 120 seconds left.
|
|move|p2a: Goodra|Outrage|p1a: Vaporeon
|-damage|p1a: Vaporeon|0 fnt
|faint|p1a: Vaporeon
|
|upkeep
|inactive|07l中国大妈 has 120 seconds left.
|
|switch|p1a: Cinccino|Cinccino, M|100/100
|turn|26
|l|☆07l中国大妈
|inactive|07l中国大妈 disconnected and has a minute to reconnect!
|player|p1|
|inactive|07l中国大妈 has 30 seconds to reconnect!
|inactive|07l中国大妈 has 20 seconds to reconnect!
|inactive|07l中国大妈 has 15 seconds to reconnect!
|inactive|07l中国大妈 has 10 seconds to reconnect!
|inactive|07l中国大妈 has 5 seconds to reconnect!
|-message|07l中国大妈 lost due to inactivity.
|
|win|delz123
|raw|07l中国大妈's rating: 1312 &rarr; <strong>1299</strong><br />(-13 for losing)
|raw|delz123's rating: 1433 &rarr; <strong>1446</strong><br />(+13 for winning)
