|j|☆toxrus2
|j|☆RULT1qm Ah Coup
|t:|1596696254
|player|p1|toxrus2|pryce|1087
|player|p2|RULT1qm Ah Coup|depotagent|1169
|teamsize|p1|6
|teamsize|p2|6
|gametype|singles
|gen|8
|tier|[Gen 8] RU
|rated|
|clearpoke
|poke|p1|Vanilluxe, M|
|poke|p1|Gastrodon-East, F|
|poke|p1|Centiskorch, F|
|poke|p1|Passimian, F|
|poke|p1|Whimsicott, F|
|poke|p1|Indeedee-F, F|
|poke|p2|Vanilluxe, F|
|poke|p2|Sandslash-Alola, F|
|poke|p2|Blastoise, F|
|poke|p2|Druddigon, M|
|poke|p2|Aromatisse, F|
|poke|p2|Salazzle, F|
|rule|Sleep Clause Mod: Limit one foe put to sleep
|rule|Species Clause: Limit one of each Pokémon
|rule|OHKO Clause: OHKO moves are banned
|rule|Evasion Moves Clause: Evasion moves are banned
|rule|Endless Battle Clause: Forcing endless battles is banned
|rule|HP Percentage Mod: HP is shown in percentages
|rule|Dynamax Clause: You cannot dynamax
|teampreview
|inactive|Battle timer is ON: inactive players will automatically lose when time's up. (requested by toxrus2)
|
|t:|1596696268
|start
|switch|p1a: Centiskorch|Centiskorch, F|100/100
|switch|p2a: Salazzle|Salazzle, F|100/100
|turn|1
|
|t:|1596696276
|switch|p1a: Indeedee|Indeedee-F, F|100/100
|-fieldstart|move: Psychic Terrain|[from] ability: Psychic Surge|[of] p1a: Indeedee
|move|p2a: Salazzle|Toxic|p1a: Indeedee
|-status|p1a: Indeedee|tox
|
|-damage|p1a: Indeedee|94/100 tox|[from] psn
|upkeep
|turn|2
|
|t:|1596696288
|switch|p2a: Aromatisse|Aromatisse, F|100/100
|move|p1a: Indeedee|Expanding Force|p2a: Aromatisse
|-damage|p2a: Aromatisse|47/100
|
|-heal|p2a: Aromatisse|53/100|[from] item: Leftovers
|-damage|p1a: Indeedee|82/100 tox|[from] psn
|upkeep
|turn|3
|
|t:|1596696293
|move|p1a: Indeedee|Expanding Force|p2a: Aromatisse
|-damage|p2a: Aromatisse|0 fnt
|faint|p2a: Aromatisse
|
|-damage|p1a: Indeedee|64/100 tox|[from] psn
|upkeep
|inactive|RULT1qm Ah Coup has 120 seconds left.
|
|t:|1596696329
|switch|p2a: Druddigon|Druddigon, M|100/100
|turn|4
|
|t:|1596696343
|switch|p1a: Vanilluxe|Vanilluxe, M|100/100
|-weather|Hail|[from] ability: Snow Warning|[of] p1a: Vanilluxe
|move|p2a: Druddigon|Dragon Tail|p1a: Vanilluxe
|-crit|p1a: Vanilluxe
|-damage|p1a: Vanilluxe|49/100
|drag|p1a: Indeedee|Indeedee-F, F|64/100 tox
|
|-weather|Hail|[upkeep]
|-damage|p1a: Indeedee|58/100 tox|[from] Hail
|-damage|p2a: Druddigon|94/100|[from] Hail
|-damage|p1a: Indeedee|52/100 tox|[from] psn
|upkeep
|turn|5
|
|t:|1596696354
|move|p1a: Indeedee|Expanding Force|p2a: Druddigon
|-damage|p2a: Druddigon|36/100
|move|p2a: Druddigon|Stealth Rock|p1a: Indeedee
|-sidestart|p1: toxrus2|move: Stealth Rock
|
|-weather|Hail|[upkeep]
|-damage|p1a: Indeedee|46/100 tox|[from] Hail
|-damage|p2a: Druddigon|29/100|[from] Hail
|-damage|p1a: Indeedee|34/100 tox|[from] psn
|-fieldend|move: Psychic Terrain
|upkeep
|turn|6
|
|t:|1596696374
|move|p1a: Indeedee|Expanding Force|p2a: Druddigon
|-damage|p2a: Druddigon|0 fnt
|faint|p2a: Druddigon
|
|-weather|Hail|[upkeep]
|-damage|p1a: Indeedee|28/100 tox|[from] Hail
|-damage|p1a: Indeedee|10/100 tox|[from] psn
|upkeep
|
|t:|1596696376
|switch|p2a: Sandslash|Sandslash-Alola, F|100/100
|turn|7
|
|t:|1596696389
|move|p2a: Sandslash|Swords Dance|p2a: Sandslash
|-boost|p2a: Sandslash|atk|2
|move|p1a: Indeedee|Expanding Force|p2a: Sandslash
|-resisted|p2a: Sandslash
|-damage|p2a: Sandslash|73/100
|
|-weather|Hail|[upkeep]
|-damage|p1a: Indeedee|4/100 tox|[from] Hail
|-damage|p1a: Indeedee|0 fnt|[from] psn
|faint|p1a: Indeedee
|upkeep
|
|t:|1596696401
|switch|p1a: Whimsicott|Whimsicott, F|100/100
|-damage|p1a: Whimsicott|88/100|[from] Stealth Rock
|turn|8
|
|t:|1596696405
|move|p1a: Whimsicott|Switcheroo|p2a: Sandslash
|-activate|p1a: Whimsicott|move: Trick|[of] p2a: Sandslash
|-item|p2a: Sandslash|Lagging Tail|[from] move: Switcheroo
|-item|p1a: Whimsicott|Life Orb|[from] move: Switcheroo
|move|p2a: Sandslash|Triple Axel|p1a: Whimsicott
|-supereffective|p1a: Whimsicott
|-damage|p1a: Whimsicott|60/100
|-supereffective|p1a: Whimsicott
|-damage|p1a: Whimsicott|0 fnt
|-hitcount|p1a: Whimsicott|2
|faint|p1a: Whimsicott
|
|-weather|none
|upkeep
|
|t:|1596696421
|switch|p1a: Passimian|Passimian, F|100/100
|-damage|p1a: Passimian|94/100|[from] Stealth Rock
|turn|9
|
|t:|1596696442
|move|p1a: Passimian|Close Combat|p2a: Sandslash
|-supereffective|p2a: Sandslash
|-damage|p2a: Sandslash|0 fnt
|-unboost|p1a: Passimian|def|1
|-unboost|p1a: Passimian|spd|1
|faint|p2a: Sandslash
|
|upkeep
|
|t:|1596696447
|switch|p2a: Salazzle|Salazzle, F|100/100
|turn|10
|
|t:|1596696454
|switch|p1a: Centiskorch|Centiskorch, F|100/100
|move|p2a: Salazzle|Nasty Plot|p2a: Salazzle
|-boost|p2a: Salazzle|spa|2
|
|upkeep
|turn|11
|
|t:|1596696460
|move|p2a: Salazzle|Toxic|p1a: Centiskorch
|-status|p1a: Centiskorch|tox
|move|p1a: Centiskorch|Knock Off|p2a: Salazzle
|-damage|p2a: Salazzle|52/100
|-enditem|p2a: Salazzle|Heavy-Duty Boots|[from] move: Knock Off|[of] p1a: Centiskorch
|
|-damage|p1a: Centiskorch|94/100 tox|[from] psn
|upkeep
|turn|12
|
|t:|1596696467
|move|p2a: Salazzle|Sludge Wave|p1a: Centiskorch
|-damage|p1a: Centiskorch|33/100 tox
|move|p1a: Centiskorch|Fire Lash|p2a: Salazzle
|-resisted|p2a: Salazzle
|-damage|p2a: Salazzle|23/100
|-unboost|p2a: Salazzle|def|1
|
|-damage|p1a: Centiskorch|21/100 tox|[from] psn
|upkeep
|turn|13
|
|t:|1596696473
|move|p2a: Salazzle|Sludge Wave|p1a: Centiskorch
|-damage|p1a: Centiskorch|0 fnt
|faint|p1a: Centiskorch
|
|upkeep
|
|t:|1596696477
|switch|p1a: Passimian|Passimian, F|94/100
|-damage|p1a: Passimian|88/100|[from] Stealth Rock
|turn|14
|
|t:|1596696485
|switch|p2a: Blastoise|Blastoise, F|100/100
|move|p1a: Passimian|Close Combat|p2a: Blastoise
|-damage|p2a: Blastoise|57/100
|-unboost|p1a: Passimian|def|1
|-unboost|p1a: Passimian|spd|1
|
|-heal|p2a: Blastoise|63/100|[from] item: Leftovers
|upkeep
|turn|15
|
|t:|1596696495
|switch|p1a: Gastrodon|Gastrodon-East, F|100/100
|-damage|p1a: Gastrodon|94/100|[from] Stealth Rock
|move|p2a: Blastoise|Toxic|p1a: Gastrodon
|-status|p1a: Gastrodon|tox
|
|-heal|p2a: Blastoise|70/100|[from] item: Leftovers
|-heal|p1a: Gastrodon|100/100 tox|[from] item: Leftovers
|-damage|p1a: Gastrodon|94/100 tox|[from] psn
|upkeep
|turn|16
|
|t:|1596696508
|switch|p2a: Vanilluxe|Vanilluxe, F|100/100
|-weather|Hail|[from] ability: Snow Warning|[of] p2a: Vanilluxe
|switch|p1a: Vanilluxe|Vanilluxe, M|49/100
|-damage|p1a: Vanilluxe|24/100|[from] Stealth Rock
|
|-weather|Hail|[upkeep]
|upkeep
|turn|17
|
|t:|1596696511
|move|p1a: Vanilluxe|Flash Cannon|p2a: Vanilluxe
|-supereffective|p2a: Vanilluxe
|-damage|p2a: Vanilluxe|0 fnt
|faint|p2a: Vanilluxe
|
|-weather|Hail|[upkeep]
|upkeep
|
|t:|1596696520
|switch|p2a: Salazzle|Salazzle, F|23/100
|turn|18
|
|t:|1596696523
|move|p2a: Salazzle|Sludge Wave|p1a: Vanilluxe
|-damage|p1a: Vanilluxe|0 fnt
|faint|p1a: Vanilluxe
|
|-weather|Hail|[upkeep]
|-damage|p2a: Salazzle|17/100|[from] Hail
|upkeep
|
|t:|1596696525
|switch|p1a: Passimian|Passimian, F|88/100
|-damage|p1a: Passimian|82/100|[from] Stealth Rock
|turn|19
|
|t:|1596696537
|move|p1a: Passimian|Close Combat|p2a: Salazzle
|-resisted|p2a: Salazzle
|-damage|p2a: Salazzle|0 fnt
|-unboost|p1a: Passimian|def|1
|-unboost|p1a: Passimian|spd|1
|faint|p2a: Salazzle
|
|-weather|Hail|[upkeep]
|-damage|p1a: Passimian|76/100|[from] Hail
|upkeep
|
|t:|1596696540
|switch|p2a: Blastoise|Blastoise, F|70/100
|turn|20
|
|t:|1596696545
|switch|p1a: Gastrodon|Gastrodon-East, F|94/100 tox
|-damage|p1a: Gastrodon|88/100 tox|[from] Stealth Rock
|move|p2a: Blastoise|Scald|p1a: Gastrodon
|-ability|p1a: Gastrodon|Storm Drain|boost
|-boost|p1a: Gastrodon|spa|1
|
|-weather|none
|-heal|p2a: Blastoise|76/100|[from] item: Leftovers
|-heal|p1a: Gastrodon|94/100 tox|[from] item: Leftovers
|-damage|p1a: Gastrodon|88/100 tox|[from] psn
|upkeep
|turn|21
|
|t:|1596696549
|move|p2a: Blastoise|Ice Beam|p1a: Gastrodon
|-damage|p1a: Gastrodon|73/100 tox
|move|p1a: Gastrodon|Toxic|p2a: Blastoise|[miss]
|-miss|p1a: Gastrodon|p2a: Blastoise
|
|-heal|p2a: Blastoise|82/100|[from] item: Leftovers
|-heal|p1a: Gastrodon|79/100 tox|[from] item: Leftovers
|-damage|p1a: Gastrodon|66/100 tox|[from] psn
|upkeep
|turn|22
|
|t:|1596696557
|move|p2a: Blastoise|Rapid Spin|p1a: Gastrodon
|-damage|p1a: Gastrodon|60/100 tox
|-boost|p2a: Blastoise|spe|1
|move|p1a: Gastrodon|Toxic|p2a: Blastoise
|-status|p2a: Blastoise|tox
|
|-heal|p2a: Blastoise|88/100 tox|[from] item: Leftovers
|-heal|p1a: Gastrodon|66/100 tox|[from] item: Leftovers
|-damage|p2a: Blastoise|82/100 tox|[from] psn
|-damage|p1a: Gastrodon|48/100 tox|[from] psn
|upkeep
|turn|23
|
|t:|1596696560
|move|p2a: Blastoise|Rapid Spin|p1a: Gastrodon
|-damage|p1a: Gastrodon|43/100 tox
|-boost|p2a: Blastoise|spe|1
|move|p1a: Gastrodon|Recover|p1a: Gastrodon
|-heal|p1a: Gastrodon|93/100 tox
|
|-heal|p2a: Blastoise|88/100 tox|[from] item: Leftovers
|-heal|p1a: Gastrodon|99/100 tox|[from] item: Leftovers
|-damage|p2a: Blastoise|76/100 tox|[from] psn
|-damage|p1a: Gastrodon|74/100 tox|[from] psn
|upkeep
|turn|24
|
|t:|1596696565
|move|p2a: Blastoise|Rapid Spin|p1a: Gastrodon
|-damage|p1a: Gastrodon|69/100 tox
|-boost|p2a: Blastoise|spe|1
|move|p1a: Gastrodon|Recover|p1a: Gastrodon
|-heal|p1a: Gastrodon|100/100 tox
|
|-heal|p2a: Blastoise|82/100 tox|[from] item: Leftovers
|-damage|p2a: Blastoise|63/100 tox|[from] psn
|-damage|p1a: Gastrodon|70/100 tox|[from] psn
|upkeep
|turn|25
|
|t:|1596696568
|switch|p1a: Passimian|Passimian, F|76/100
|-damage|p1a: Passimian|70/100|[from] Stealth Rock
|move|p2a: Blastoise|Ice Beam|p1a: Passimian
|-damage|p1a: Passimian|42/100
|
|-heal|p2a: Blastoise|70/100 tox|[from] item: Leftovers
|-damage|p2a: Blastoise|45/100 tox|[from] psn
|upkeep
|turn|26
|
|t:|1596696570
|switch|p1a: Gastrodon|Gastrodon-East, F|70/100 tox
|-damage|p1a: Gastrodon|64/100 tox|[from] Stealth Rock
|move|p2a: Blastoise|Scald|p1a: Gastrodon
|-ability|p1a: Gastrodon|Storm Drain|boost
|-boost|p1a: Gastrodon|spa|1
|
|-heal|p2a: Blastoise|51/100 tox|[from] item: Leftovers
|-heal|p1a: Gastrodon|70/100 tox|[from] item: Leftovers
|-damage|p2a: Blastoise|21/100 tox|[from] psn
|-damage|p1a: Gastrodon|64/100 tox|[from] psn
|upkeep
|turn|27
|
|t:|1596696576
|move|p2a: Blastoise|Ice Beam|p1a: Gastrodon
|-damage|p1a: Gastrodon|46/100 tox
|move|p1a: Gastrodon|Recover|p1a: Gastrodon
|-heal|p1a: Gastrodon|96/100 tox
|
|-heal|p2a: Blastoise|27/100 tox|[from] item: Leftovers
|-heal|p1a: Gastrodon|100/100 tox|[from] item: Leftovers
|-damage|p2a: Blastoise|0 fnt|[from] psn
|faint|p2a: Blastoise
|
|win|toxrus2
|upkeep
|raw|toxrus2's rating: 1087 &rarr; <strong>1120</strong><br />(+33 for winning)
|raw|RULT1qm Ah Coup's rating: 1169 &rarr; <strong>1138</strong><br />(-31 for losing)
|l|☆RULT1qm Ah Coup
