|raw|<div class="broadcast-blue"><strong>This battle is required to be public due to a player having a name starting with 'rult68'.</div>
|j|☆Silvally-Gold
|j|☆RULT68xFB
|t:|1656606527
|gametype|singles
|player|p1|Silvally-Gold|teacher-gen2|1492
|player|p2|RULT68xFB|#feliburn|1658
|teamsize|p1|6
|teamsize|p2|6
|gen|8
|tier|[Gen 8] RU
|rated|
|rule|Sleep Clause Mod: Limit one foe put to sleep
|rule|Species Clause: Limit one of each Pokémon
|rule|OHKO Clause: OHKO moves are banned
|rule|Evasion Moves Clause: Evasion moves are banned
|rule|Endless Battle Clause: Forcing endless battles is banned
|rule|HP Percentage Mod: HP is shown in percentages
|rule|Dynamax Clause: You cannot dynamax
|clearpoke
|poke|p1|Ninetales, F|
|poke|p1|Cresselia, F|
|poke|p1|Charizard, F|
|poke|p1|Shiftry, M|
|poke|p1|Klefki, M|
|poke|p1|Ditto|
|poke|p2|Steelix, M|
|poke|p2|Reuniclus, M|
|poke|p2|Crobat, M|
|poke|p2|Golisopod, M|
|poke|p2|Grimmsnarl, M|
|poke|p2|Tyrantrum, M|
|teampreview
|c|☆RULT68xFB|hf
|c|☆Silvally-Gold|hf
|
|t:|1656606551
|start
|switch|p1a: Ninetales|Ninetales, F|100/100
|switch|p2a: Tyrantrum|Tyrantrum, M|100/100
|-weather|SunnyDay|[from] ability: Drought|[of] p1a: Ninetales
|turn|1
|
|t:|1656606558
|switch|p1a: Klefki|Klefki, M|100/100
|move|p2a: Tyrantrum|Head Smash|p1a: Klefki
|-resisted|p1a: Klefki
|-damage|p1a: Klefki|56/100
|-enditem|p1a: Klefki|Eject Button
|
|t:|1656606567
|switch|p1a: Ditto|Ditto|100/100
|-transform|p1a: Ditto|p2a: Tyrantrum|[from] ability: Imposter
|
|-weather|SunnyDay|[upkeep]
|upkeep
|turn|2
|inactive|Battle timer is ON: inactive players will automatically lose when time's up. (requested by RULT68xFB)
|
|t:|1656606618
|switch|p1a: Klefki|Klefki, M|56/100
|switch|p2a: Steelix|Steelix, M|100/100
|
|-weather|SunnyDay|[upkeep]
|upkeep
|turn|3
|
|t:|1656606624
|switch|p1a: Charizard|Charizard, F|100/100
|move|p2a: Steelix|Stealth Rock|p1a: Charizard
|-sidestart|p1: Silvally-Gold|move: Stealth Rock
|
|-weather|SunnyDay|[upkeep]
|-damage|p1a: Charizard|88/100|[from] ability: Solar Power|[of] p1a: Charizard
|upkeep
|turn|4
|
|t:|1656606631
|move|p1a: Charizard|Weather Ball|p2a: Steelix
|-supereffective|p2a: Steelix
|-ability|p2a: Steelix|Sturdy
|-damage|p2a: Steelix|1/100
|move|p2a: Steelix|Dragon Tail|p1a: Charizard|[miss]
|-miss|p2a: Steelix|p1a: Charizard
|
|-weather|SunnyDay|[upkeep]
|-damage|p1a: Charizard|76/100|[from] ability: Solar Power|[of] p1a: Charizard
|-heal|p2a: Steelix|7/100|[from] item: Leftovers
|upkeep
|turn|5
|
|t:|1656606637
|move|p1a: Charizard|Weather Ball|p2a: Steelix
|-supereffective|p2a: Steelix
|-damage|p2a: Steelix|0 fnt
|faint|p2a: Steelix
|
|-weather|SunnyDay|[upkeep]
|-damage|p1a: Charizard|63/100|[from] ability: Solar Power|[of] p1a: Charizard
|upkeep
|
|t:|1656606644
|switch|p2a: Grimmsnarl|Grimmsnarl, M|100/100
|-item|p1a: Charizard|Heavy-Duty Boots|[from] ability: Frisk|[of] p2a: Grimmsnarl|[identify]
|turn|6
|
|t:|1656606655
|move|p1a: Charizard|Weather Ball|p2a: Grimmsnarl
|-damage|p2a: Grimmsnarl|33/100
|move|p2a: Grimmsnarl|Darkest Lariat|p1a: Charizard
|-damage|p1a: Charizard|0 fnt
|faint|p1a: Charizard
|
|-weather|SunnyDay|[upkeep]
|upkeep
|
|t:|1656606668
|switch|p1a: Shiftry|Shiftry, M|100/100
|-damage|p1a: Shiftry|88/100|[from] Stealth Rock
|turn|7
|
|t:|1656606675
|switch|p2a: Golisopod|Golisopod, M|100/100
|move|p1a: Shiftry|Solar Blade||[still]
|-prepare|p1a: Shiftry|Solar Blade
|-anim|p1a: Shiftry|Solar Blade|p2a: Golisopod
|-damage|p2a: Golisopod|36/100
|-activate|p2a: Golisopod|ability: Emergency Exit
|-damage|p1a: Shiftry|78/100|[from] item: Life Orb
|
|t:|1656606678
|switch|p2a: Crobat|Crobat, M|100/100
|
|-weather|SunnyDay|[upkeep]
|upkeep
|turn|8
|
|t:|1656606685
|switch|p1a: Klefki|Klefki, M|56/100
|-damage|p1a: Klefki|50/100|[from] Stealth Rock
|move|p2a: Crobat|Heat Wave|p1a: Klefki
|-supereffective|p1a: Klefki
|-damage|p1a: Klefki|0 fnt
|faint|p1a: Klefki
|
|-weather|none
|upkeep
|
|t:|1656606691
|switch|p1a: Ninetales|Ninetales, F|100/100
|-damage|p1a: Ninetales|76/100|[from] Stealth Rock
|-weather|SunnyDay|[from] ability: Drought|[of] p1a: Ninetales
|turn|9
|
|t:|1656606694
|move|p2a: Crobat|Sludge Bomb|p1a: Ninetales
|-damage|p1a: Ninetales|41/100
|move|p1a: Ninetales|Fire Blast|p2a: Crobat
|-damage|p2a: Crobat|17/100
|
|-weather|SunnyDay|[upkeep]
|upkeep
|turn|10
|
|t:|1656606704
|move|p2a: Crobat|Roost|p2a: Crobat
|-heal|p2a: Crobat|67/100
|-singleturn|p2a: Crobat|move: Roost
|move|p1a: Ninetales|Fire Blast|p2a: Crobat
|-damage|p2a: Crobat|0 fnt
|faint|p2a: Crobat
|
|-weather|SunnyDay|[upkeep]
|upkeep
|
|t:|1656606711
|switch|p2a: Tyrantrum|Tyrantrum, M|100/100
|turn|11
|
|t:|1656606719
|move|p1a: Ninetales|Solar Beam||[still]
|-prepare|p1a: Ninetales|Solar Beam
|-anim|p1a: Ninetales|Solar Beam|p2a: Tyrantrum
|-damage|p2a: Tyrantrum|45/100
|move|p2a: Tyrantrum|Head Smash|p1a: Ninetales
|-supereffective|p1a: Ninetales
|-damage|p1a: Ninetales|0 fnt
|faint|p1a: Ninetales
|
|-weather|SunnyDay|[upkeep]
|upkeep
|
|t:|1656606725
|switch|p1a: Shiftry|Shiftry, M|78/100
|-damage|p1a: Shiftry|66/100|[from] Stealth Rock
|turn|12
|
|t:|1656606728
|move|p1a: Shiftry|Solar Blade||[still]
|-prepare|p1a: Shiftry|Solar Blade
|-anim|p1a: Shiftry|Solar Blade|p2a: Tyrantrum
|-damage|p2a: Tyrantrum|0 fnt
|faint|p2a: Tyrantrum
|-damage|p1a: Shiftry|56/100|[from] item: Life Orb
|
|-weather|SunnyDay|[upkeep]
|upkeep
|j| Nuez666
|l| Nuez666
|inactive|RULT68xFB has 120 seconds left.
|
|t:|1656606762
|switch|p2a: Reuniclus|Reuniclus, M|100/100
|turn|13
|inactive|Silvally-Gold has 120 seconds left.
|
|t:|1656606807
|move|p1a: Shiftry|Knock Off|p2a: Reuniclus
|-supereffective|p2a: Reuniclus
|-damage|p2a: Reuniclus|12/100
|-enditem|p2a: Reuniclus|Kee Berry|[from] move: Knock Off|[of] p1a: Shiftry
|-damage|p1a: Shiftry|46/100|[from] item: Life Orb
|move|p2a: Reuniclus|Focus Blast|p1a: Shiftry|[miss]
|-miss|p2a: Reuniclus|p1a: Shiftry
|
|-weather|SunnyDay|[upkeep]
|upkeep
|turn|14
|
|t:|1656606815
|move|p1a: Shiftry|Solar Blade||[still]
|-prepare|p1a: Shiftry|Solar Blade
|-anim|p1a: Shiftry|Solar Blade|p2a: Reuniclus
|-damage|p2a: Reuniclus|0 fnt
|faint|p2a: Reuniclus
|-damage|p1a: Shiftry|36/100|[from] item: Life Orb
|
|-weather|SunnyDay|[upkeep]
|upkeep
|
|t:|1656606819
|switch|p2a: Golisopod|Golisopod, M|36/100
|turn|15
|
|t:|1656606830
|move|p1a: Shiftry|Protect|p1a: Shiftry
|-singleturn|p1a: Shiftry|Protect
|move|p2a: Golisopod|First Impression|p1a: Shiftry
|-activate|p1a: Shiftry|move: Protect
|
|-weather|SunnyDay|[upkeep]
|upkeep
|turn|16
|
|t:|1656606840
|switch|p2a: Grimmsnarl|Grimmsnarl, M|33/100
|-item|p1a: Shiftry|Life Orb|[from] ability: Frisk|[of] p2a: Grimmsnarl|[identify]
|move|p1a: Shiftry|Solar Blade||[still]
|-prepare|p1a: Shiftry|Solar Blade
|-anim|p1a: Shiftry|Solar Blade|p2a: Grimmsnarl
|-damage|p2a: Grimmsnarl|0 fnt
|faint|p2a: Grimmsnarl
|-damage|p1a: Shiftry|26/100|[from] item: Life Orb
|
|-weather|none
|upkeep
|
|t:|1656606841
|switch|p2a: Golisopod|Golisopod, M|36/100
|turn|17
|c|☆RULT68xFB|not much to do
|c|☆Silvally-Gold|gg
|c|☆RULT68xFB|gg
|
|t:|1656606852
|move|p1a: Shiftry|Protect|p1a: Shiftry
|-singleturn|p1a: Shiftry|Protect
|move|p2a: Golisopod|First Impression|p1a: Shiftry
|-activate|p1a: Shiftry|move: Protect
|
|upkeep
|turn|18
|
|t:|1656606855
|move|p2a: Golisopod|Aqua Jet|p1a: Shiftry
|-resisted|p1a: Shiftry
|-damage|p1a: Shiftry|7/100
|move|p1a: Shiftry|Knock Off|p2a: Golisopod
|-damage|p2a: Golisopod|0 fnt
|-enditem|p2a: Golisopod|Heavy-Duty Boots|[from] move: Knock Off|[of] p1a: Shiftry
|faint|p2a: Golisopod
|-damage|p1a: Shiftry|0 fnt|[from] item: Life Orb
|faint|p1a: Shiftry
|
|win|Silvally-Gold
|raw|Silvally-Gold's rating: 1492 &rarr; <strong>1521</strong><br />(+29 for winning)
|raw|RULT68xFB's rating: 1658 &rarr; <strong>1629</strong><br />(-29 for losing)
|l|☆RULT68xFB
||Ladder isn't responding, score probably updated but might not have (Request timeout).
