|j|☆Zanzibar1293
|j|☆Zorkthar
|t:|1617595518
|gametype|singles
|player|p1|Zanzibar1293|riley|1078
|player|p2|Zorkthar|pokekid|1226
|teamsize|p1|6
|teamsize|p2|6
|gen|8
|tier|[Gen 8] RU
|rated|
|clearpoke
|poke|p1|Turtonator, M|
|poke|p1|Togedemaru, M|
|poke|p1|Heracross, M|
|poke|p1|Toxtricity, M|
|poke|p1|Cloyster, F|
|poke|p1|Togekiss, F|
|poke|p2|Zoroark, F|
|poke|p2|Regidrago|
|poke|p2|Vikavolt, F|
|poke|p2|Seismitoad, F|
|poke|p2|Crobat, F|
|poke|p2|Togekiss, M|
|rule|Sleep Clause Mod: Limit one foe put to sleep
|rule|Species Clause: Limit one of each Pokémon
|rule|OHKO Clause: OHKO moves are banned
|rule|Evasion Moves Clause: Evasion moves are banned
|rule|Endless Battle Clause: Forcing endless battles is banned
|rule|HP Percentage Mod: HP is shown in percentages
|rule|Dynamax Clause: You cannot dynamax
|teampreview
|inactive|Battle timer is ON: inactive players will automatically lose when time's up. (requested by Zanzibar1293)
|
|t:|1617595545
|start
|switch|p1a: Togedemaru|Togedemaru, M|100/100
|switch|p2a: Vikavolt|Vikavolt, F|100/100
|turn|1
|
|t:|1617595551
|move|p1a: Togedemaru|Fake Out|p2a: Vikavolt
|-damage|p2a: Vikavolt|91/100
|cant|p2a: Vikavolt|flinch
|
|upkeep
|turn|2
|
|t:|1617595562
|switch|p1a: Toxtricity|Toxtricity, M|100/100
|move|p2a: Vikavolt|Sticky Web|p1a: Toxtricity
|-sidestart|p1: Zanzibar1293|move: Sticky Web
|
|upkeep
|turn|3
|
|t:|1617595571
|move|p1a: Toxtricity|Boomburst|p2a: Vikavolt
|-damage|p2a: Vikavolt|24/100
|move|p2a: Vikavolt|Bug Buzz|p1a: Toxtricity
|-resisted|p1a: Toxtricity
|-damage|p1a: Toxtricity|84/100
|
|upkeep
|turn|4
|
|t:|1617595577
|move|p1a: Toxtricity|Boomburst|p2a: Vikavolt
|-damage|p2a: Vikavolt|0 fnt
|faint|p2a: Vikavolt
|
|upkeep
|
|t:|1617595584
|switch|p2a: Regidrago|Regidrago|100/100
|turn|5
|
|t:|1617595594
|switch|p1a: Togekiss|Togekiss, F|100/100
|move|p2a: Regidrago|Trick|p1a: Togekiss
|-activate|p2a: Regidrago|move: Trick|[of] p1a: Togekiss
|-item|p1a: Togekiss|Ring Target|[from] move: Trick
|-item|p2a: Regidrago|Assault Vest|[from] move: Trick
|
|upkeep
|turn|6
|
|t:|1617595605
|move|p2a: Regidrago|Sludge Bomb|p1a: Togekiss
|-supereffective|p1a: Togekiss
|-damage|p1a: Togekiss|56/100
|move|p1a: Togekiss|Dazzling Gleam|p2a: Regidrago
|-supereffective|p2a: Regidrago
|-damage|p2a: Regidrago|0 fnt
|replace|p2a: Zoroark|Zoroark, F
|-end|p2a: Zoroark|Illusion
|faint|p2a: Zoroark
|
|upkeep
|
|t:|1617595611
|switch|p2a: Regidrago|Regidrago|100/100
|turn|7
|
|t:|1617595616
|move|p2a: Regidrago|Dragon Energy|p1a: Togekiss
|-damage|p1a: Togekiss|0 fnt
|faint|p1a: Togekiss
|
|upkeep
|
|t:|1617595636
|switch|p1a: Togedemaru|Togedemaru, M|100/100
|-activate|p1a: Togedemaru|move: Sticky Web
|-unboost|p1a: Togedemaru|spe|1
|turn|8
|
|t:|1617595641
|move|p1a: Togedemaru|Fake Out|p2a: Regidrago
|-damage|p2a: Regidrago|90/100
|cant|p2a: Regidrago|flinch
|
|upkeep
|turn|9
|
|t:|1617595644
|move|p2a: Regidrago|Dragon Energy|p1a: Togedemaru
|-resisted|p1a: Togedemaru
|-damage|p1a: Togedemaru|8/100
|move|p1a: Togedemaru|Nuzzle|p2a: Regidrago
|-resisted|p2a: Regidrago
|-damage|p2a: Regidrago|87/100
|-status|p2a: Regidrago|par
|
|upkeep
|turn|10
|
|t:|1617595653
|move|p1a: Togedemaru|Zing Zap|p2a: Regidrago
|-resisted|p2a: Regidrago
|-damage|p2a: Regidrago|73/100 par
|move|p2a: Regidrago|Dragon Energy|p1a: Togedemaru
|-resisted|p1a: Togedemaru
|-damage|p1a: Togedemaru|0 fnt
|faint|p1a: Togedemaru
|
|upkeep
|
|t:|1617595656
|switch|p1a: Turtonator|Turtonator, M|100/100
|-activate|p1a: Turtonator|move: Sticky Web
|-unboost|p1a: Turtonator|spe|1
|turn|11
|
|t:|1617595661
|move|p2a: Regidrago|Dragon Energy|p1a: Turtonator
|-supereffective|p1a: Turtonator
|-damage|p1a: Turtonator|0 fnt
|faint|p1a: Turtonator
|
|upkeep
|
|t:|1617595667
|switch|p1a: Cloyster|Cloyster, F|100/100
|-activate|p1a: Cloyster|move: Sticky Web
|-unboost|p1a: Cloyster|spe|1
|turn|12
|
|t:|1617595671
|move|p1a: Cloyster|Shell Smash|p1a: Cloyster
|-unboost|p1a: Cloyster|def|1
|-unboost|p1a: Cloyster|spd|1
|-boost|p1a: Cloyster|atk|2
|-boost|p1a: Cloyster|spa|2
|-boost|p1a: Cloyster|spe|2
|cant|p2a: Regidrago|par
|
|upkeep
|turn|13
|
|t:|1617595683
|move|p1a: Cloyster|Icicle Spear|p2a: Regidrago
|-supereffective|p2a: Regidrago
|-damage|p2a: Regidrago|25/100 par
|-supereffective|p2a: Regidrago
|-damage|p2a: Regidrago|0 fnt
|-hitcount|p2a: Regidrago|2
|faint|p2a: Regidrago
|
|upkeep
|
|t:|1617595691
|switch|p2a: Seismitoad|Seismitoad, F|100/100
|turn|14
|
|t:|1617595699
|move|p1a: Cloyster|Icicle Spear|p2a: Seismitoad
|-damage|p2a: Seismitoad|83/100
|-crit|p2a: Seismitoad
|-damage|p2a: Seismitoad|61/100
|-damage|p2a: Seismitoad|45/100
|-damage|p2a: Seismitoad|30/100
|-damage|p2a: Seismitoad|14/100
|-hitcount|p2a: Seismitoad|5
|move|p2a: Seismitoad|Earth Power|p1a: Cloyster
|-enditem|p1a: Cloyster|Focus Sash
|-damage|p1a: Cloyster|1/100
|
|-heal|p2a: Seismitoad|20/100|[from] item: Leftovers
|upkeep
|turn|15
|
|t:|1617595712
|move|p1a: Cloyster|Icicle Spear|p2a: Seismitoad
|-damage|p2a: Seismitoad|4/100
|-damage|p2a: Seismitoad|0 fnt
|-hitcount|p2a: Seismitoad|2
|faint|p2a: Seismitoad
|
|upkeep
|
|t:|1617595719
|switch|p2a: Crobat|Crobat, F|100/100
|turn|16
|
|t:|1617595722
|move|p2a: Crobat|U-turn|p1a: Cloyster
|-damage|p1a: Cloyster|0 fnt
|faint|p1a: Cloyster
|
|t:|1617595725
|switch|p2a: Togekiss|Togekiss, M|100/100|[from]move: U-turn
|
|upkeep
|
|t:|1617595732
|switch|p1a: Toxtricity|Toxtricity, M|84/100
|-activate|p1a: Toxtricity|move: Sticky Web
|-unboost|p1a: Toxtricity|spe|1
|turn|17
|
|t:|1617595737
|move|p2a: Togekiss|Air Slash|p1a: Toxtricity
|-resisted|p1a: Toxtricity
|-damage|p1a: Toxtricity|65/100
|cant|p1a: Toxtricity|flinch
|
|upkeep
|turn|18
|
|t:|1617595741
|move|p2a: Togekiss|Air Slash|p1a: Toxtricity
|-resisted|p1a: Toxtricity
|-damage|p1a: Toxtricity|48/100
|move|p1a: Toxtricity|Overdrive|p2a: Togekiss
|-supereffective|p2a: Togekiss
|-damage|p2a: Togekiss|20/100
|
|upkeep
|turn|19
|
|t:|1617595748
|move|p2a: Togekiss|Air Slash|p1a: Toxtricity
|-resisted|p1a: Toxtricity
|-damage|p1a: Toxtricity|28/100
|cant|p1a: Toxtricity|flinch
|
|upkeep
|turn|20
|
|t:|1617595753
|move|p2a: Togekiss|Air Slash|p1a: Toxtricity
|-resisted|p1a: Toxtricity
|-damage|p1a: Toxtricity|7/100
|-enditem|p1a: Toxtricity|Wiki Berry|[eat]
|-heal|p1a: Toxtricity|40/100|[from] item: Wiki Berry
|move|p1a: Toxtricity|Overdrive|p2a: Togekiss
|-supereffective|p2a: Togekiss
|-damage|p2a: Togekiss|0 fnt
|faint|p2a: Togekiss
|
|upkeep
|
|t:|1617595761
|switch|p2a: Crobat|Crobat, F|100/100
|turn|21
|
|t:|1617595764
|move|p2a: Crobat|Brave Bird|p1a: Toxtricity
|-resisted|p1a: Toxtricity
|-damage|p1a: Toxtricity|7/100
|-damage|p2a: Crobat|88/100|[from] Recoil
|move|p1a: Toxtricity|Overdrive|p2a: Crobat
|-supereffective|p2a: Crobat
|-damage|p2a: Crobat|0 fnt
|faint|p2a: Crobat
|
|win|Zanzibar1293
|raw|Zanzibar1293's rating: 1078 &rarr; <strong>1118</strong><br />(+40 for winning)
|raw|Zorkthar's rating: 1226 &rarr; <strong>1191</strong><br />(-35 for losing)
|l|☆Zorkthar
