|j|☆linlinzhu
|j|☆Antonazz
|t:|1625656344
|gametype|singles
|player|p1|linlinzhu|bianca|1446
|player|p2|Antonazz|palmer|1361
|teamsize|p1|6
|teamsize|p2|6
|gen|8
|tier|[Gen 8] RU
|rated|
|rule|Sleep Clause Mod: Limit one foe put to sleep
|rule|Species Clause: Limit one of each Pokémon
|rule|OHKO Clause: OHKO moves are banned
|rule|Evasion Moves Clause: Evasion moves are banned
|rule|Endless Battle Clause: Forcing endless battles is banned
|rule|HP Percentage Mod: HP is shown in percentages
|rule|Dynamax Clause: You cannot dynamax
|clearpoke
|poke|p1|Ninetales-Alola, F|
|poke|p1|Necrozma|
|poke|p1|Tyrantrum, F|
|poke|p1|Arctozolt|
|poke|p1|Togekiss, F|
|poke|p1|Golurk|
|poke|p2|Togekiss, F|
|poke|p2|Ninetales-Alola, M|
|poke|p2|Mienshao, F|
|poke|p2|Flygon, M|
|poke|p2|Stakataka|
|poke|p2|Volcanion|
|teampreview
|
|t:|1625656369
|start
|switch|p1a: Ninetales|Ninetales-Alola, F|100/100
|switch|p2a: Stakataka|Stakataka|100/100
|-weather|Hail|[from] ability: Snow Warning|[of] p1a: Ninetales
|turn|1
|inactive|Battle timer is ON: inactive players will automatically lose when time's up. (requested by Antonazz)
|
|t:|1625656377
|move|p1a: Ninetales|Aurora Veil|p1a: Ninetales
|-sidestart|p1: linlinzhu|move: Aurora Veil
|move|p2a: Stakataka|Gyro Ball|p1a: Ninetales
|-supereffective|p1a: Ninetales
|-damage|p1a: Ninetales|0 fnt
|faint|p1a: Ninetales
|-ability|p2a: Stakataka|Beast Boost|boost
|-boost|p2a: Stakataka|def|1
|
|-weather|Hail|[upkeep]
|-damage|p2a: Stakataka|94/100|[from] Hail
|-heal|p2a: Stakataka|100/100|[from] item: Leftovers
|upkeep
|
|t:|1625656387
|switch|p1a: Golurk|Golurk|100/100
|turn|2
|
|t:|1625656398
|switch|p2a: Togekiss|Togekiss, F|100/100
|move|p1a: Golurk|Dynamic Punch|p2a: Togekiss
|-resisted|p2a: Togekiss
|-damage|p2a: Togekiss|95/100
|-start|p2a: Togekiss|confusion
|
|-weather|Hail|[upkeep]
|-damage|p2a: Togekiss|88/100|[from] Hail
|-damage|p1a: Golurk|94/100|[from] Hail
|upkeep
|turn|3
|
|t:|1625656411
|switch|p1a: Arctozolt|Arctozolt|100/100
|-activate|p2a: Togekiss|confusion
|-damage|p2a: Togekiss|85/100|[from] confusion
|
|-weather|Hail|[upkeep]
|-damage|p2a: Togekiss|79/100|[from] Hail
|upkeep
|turn|4
|
|t:|1625656419
|switch|p2a: Stakataka|Stakataka|100/100
|move|p1a: Arctozolt|Bolt Beak|p2a: Stakataka
|-damage|p2a: Stakataka|60/100
|
|-weather|Hail|[upkeep]
|-damage|p2a: Stakataka|54/100|[from] Hail
|-heal|p2a: Stakataka|60/100|[from] item: Leftovers
|upkeep
|turn|5
|
|t:|1625656428
|move|p1a: Arctozolt|Low Kick|p2a: Stakataka
|-supereffective|p2a: Stakataka
|-damage|p2a: Stakataka|0 fnt
|faint|p2a: Stakataka
|
|-weather|Hail|[upkeep]
|-sideend|p1: linlinzhu|move: Aurora Veil
|upkeep
|
|t:|1625656438
|switch|p2a: Volcanion|Volcanion|100/100
|turn|6
|
|t:|1625656441
|switch|p2a: Flygon|Flygon, M|100/100
|move|p1a: Arctozolt|Bolt Beak|p2a: Flygon
|-immune|p2a: Flygon
|
|-weather|Hail|[upkeep]
|-damage|p2a: Flygon|95/100|[from] Hail
|upkeep
|turn|7
|
|t:|1625656449
|switch|p2a: Ninetales|Ninetales-Alola, M|100/100
|move|p1a: Arctozolt|Icicle Crash|p2a: Ninetales
|-resisted|p2a: Ninetales
|-damage|p2a: Ninetales|68/100
|
|-weather|Hail|[upkeep]
|upkeep
|turn|8
|
|t:|1625656465
|move|p1a: Arctozolt|Bolt Beak|p2a: Ninetales
|-damage|p2a: Ninetales|0 fnt
|faint|p2a: Ninetales
|
|-weather|none
|upkeep
|
|t:|1625656470
|switch|p2a: Flygon|Flygon, M|95/100
|turn|9
|
|t:|1625656475
|move|p2a: Flygon|Stone Edge|p1a: Arctozolt
|-supereffective|p1a: Arctozolt
|-damage|p1a: Arctozolt|21/100
|move|p1a: Arctozolt|Freeze-Dry|p2a: Flygon
|-supereffective|p2a: Flygon
|-damage|p2a: Flygon|0 fnt
|faint|p2a: Flygon
|
|upkeep
|
|t:|1625656483
|switch|p2a: Mienshao|Mienshao, F|100/100
|turn|10
|
|t:|1625656487
|move|p2a: Mienshao|Knock Off|p1a: Arctozolt
|-damage|p1a: Arctozolt|0 fnt
|-enditem|p1a: Arctozolt|Heavy-Duty Boots|[from] move: Knock Off|[of] p2a: Mienshao
|faint|p1a: Arctozolt
|-damage|p2a: Mienshao|91/100|[from] item: Life Orb
|
|upkeep
|
|t:|1625656494
|switch|p1a: Necrozma|Necrozma|100/100
|turn|11
|
|t:|1625656501
|move|p2a: Mienshao|U-turn|p1a: Necrozma
|-supereffective|p1a: Necrozma
|-damage|p1a: Necrozma|56/100
|-damage|p2a: Mienshao|81/100|[from] item: Life Orb
|
|t:|1625656506
|switch|p2a: Togekiss|Togekiss, F|79/100|[from]move: U-turn
|move|p1a: Necrozma|Dragon Dance|p1a: Necrozma
|-boost|p1a: Necrozma|atk|1
|-boost|p1a: Necrozma|spe|1
|
|upkeep
|turn|12
|
|t:|1625656513
|move|p1a: Necrozma|Photon Geyser|p2a: Togekiss
|-damage|p2a: Togekiss|21/100
|move|p2a: Togekiss|Thunder Wave|p1a: Necrozma
|-status|p1a: Necrozma|par
|-enditem|p1a: Necrozma|Lum Berry|[eat]
|-curestatus|p1a: Necrozma|par|[msg]
|
|upkeep
|turn|13
|
|t:|1625656522
|move|p1a: Necrozma|Photon Geyser|p2a: Togekiss
|-damage|p2a: Togekiss|0 fnt
|faint|p2a: Togekiss
|
|upkeep
|
|t:|1625656526
|switch|p2a: Volcanion|Volcanion|100/100
|turn|14
|
|t:|1625656534
|move|p1a: Necrozma|Earthquake|p2a: Volcanion
|-supereffective|p2a: Volcanion
|-damage|p2a: Volcanion|0 fnt
|faint|p2a: Volcanion
|
|upkeep
|-message|Antonazz forfeited.
|
|win|linlinzhu
|raw|linlinzhu's rating: 1446 &rarr; <strong>1461</strong><br />(+15 for winning)
|raw|Antonazz's rating: 1361 &rarr; <strong>1346</strong><br />(-15 for losing)
|l|☆Antonazz
