|j|☆Prince RU
|j|☆Galileo Glalie 2
|player|p1|Prince RU|ghetsis|1280
|player|p2|Galileo Glalie 2|230|1181
|teamsize|p1|6
|teamsize|p2|6
|gametype|singles
|gen|8
|tier|[Gen 8] RU
|rated|
|clearpoke
|poke|p1|Vikavolt, F|
|poke|p1|Slurpuff, M|
|poke|p1|Gallade, M|
|poke|p1|Dhelmise|
|poke|p1|Rhydon, F|
|poke|p1|Pyukumuku, M|
|poke|p2|Dubwool, F|
|poke|p2|Eldegoss, M|
|poke|p2|Malamar, M|
|poke|p2|Togedemaru, F|
|poke|p2|Runerigus, M|
|poke|p2|Mantine, M|
|rule|Sleep Clause Mod: Limit one foe put to sleep
|rule|Species Clause: Limit one of each Pokémon
|rule|OHKO Clause: OHKO moves are banned
|rule|Evasion Moves Clause: Evasion moves are banned
|rule|Endless Battle Clause: Forcing endless battles is banned
|rule|HP Percentage Mod: HP is shown in percentages
|rule|Dynamax Clause: You cannot dynamax
|teampreview
|
|start
|switch|p1a: Slurpuff|Slurpuff, M|100/100
|switch|p2a: Mantine|Mantine, M|100/100
|turn|1
|
|move|p2a: Mantine|Hydro Pump|p1a: Slurpuff
|-damage|p1a: Slurpuff|49/100
|move|p1a: Slurpuff|Sticky Web|p2a: Mantine
|-sidestart|p2: Galileo Glalie 2|move: Sticky Web
|
|-heal|p1a: Slurpuff|55/100|[from] item: Leftovers
|upkeep
|turn|2
|
|switch|p1a: Pyukumuku|Pyukumuku, M|100/100
|move|p2a: Mantine|Hydro Pump|p1a: Pyukumuku
|-resisted|p1a: Pyukumuku
|-damage|p1a: Pyukumuku|87/100
|
|upkeep
|turn|3
|
|switch|p2a: Togedemaru|Togedemaru, F|100/100
|-activate|p2a: Togedemaru|move: Sticky Web
|-unboost|p2a: Togedemaru|spe|1
|move|p1a: Pyukumuku|Reflect|p1a: Pyukumuku
|-sidestart|p1: Prince RU|Reflect
|
|upkeep
|turn|4
|
|move|p2a: Togedemaru|U-turn|p1a: Pyukumuku
|-damage|p1a: Pyukumuku|78/100
|
|switch|p2a: Runerigus|Runerigus, M|100/100|[from]move: U-turn
|-activate|p2a: Runerigus|move: Sticky Web
|-unboost|p2a: Runerigus|spe|1
|move|p1a: Pyukumuku|Light Screen|p1a: Pyukumuku
|-sidestart|p1: Prince RU|move: Light Screen
|
|upkeep
|turn|5
|
|switch|p1a: Vikavolt|Vikavolt, F|100/100
|move|p2a: Runerigus|Stealth Rock|p1a: Vikavolt
|-sidestart|p1: Prince RU|move: Stealth Rock
|
|upkeep
|turn|6
|
|switch|p2a: Togedemaru|Togedemaru, F|100/100
|-activate|p2a: Togedemaru|move: Sticky Web
|-unboost|p2a: Togedemaru|spe|1
|move|p1a: Vikavolt|Agility|p1a: Vikavolt
|-boost|p1a: Vikavolt|spe|2
|
|upkeep
|turn|7
|
|move|p1a: Vikavolt|Bug Buzz|p2a: Togedemaru
|-resisted|p2a: Togedemaru
|-damage|p2a: Togedemaru|51/100
|move|p2a: Togedemaru|U-turn|p1a: Vikavolt
|-damage|p1a: Vikavolt|88/100
|
|switch|p2a: Runerigus|Runerigus, M|100/100|[from]move: U-turn
|-activate|p2a: Runerigus|move: Sticky Web
|-unboost|p2a: Runerigus|spe|1
|
|upkeep
|turn|8
|
|switch|p2a: Eldegoss|Eldegoss, M|100/100
|-activate|p2a: Eldegoss|move: Sticky Web
|-unboost|p2a: Eldegoss|spe|1
|move|p1a: Vikavolt|Energy Ball|p2a: Eldegoss
|-resisted|p2a: Eldegoss
|-damage|p2a: Eldegoss|84/100
|
|upkeep
|turn|9
|
|switch|p2a: Mantine|Mantine, M|100/100
|move|p1a: Vikavolt|Bug Buzz|p2a: Mantine
|-resisted|p2a: Mantine
|-damage|p2a: Mantine|81/100
|
|-heal|p2a: Mantine|87/100|[from] item: Leftovers
|upkeep
|turn|10
|
|switch|p2a: Togedemaru|Togedemaru, F|51/100
|-activate|p2a: Togedemaru|move: Sticky Web
|-unboost|p2a: Togedemaru|spe|1
|move|p1a: Vikavolt|Energy Ball|p2a: Togedemaru
|-resisted|p2a: Togedemaru
|-damage|p2a: Togedemaru|22/100
|
|-sideend|p1: Prince RU|Reflect
|upkeep
|turn|11
|
|move|p1a: Vikavolt|Energy Ball|p2a: Togedemaru
|-resisted|p2a: Togedemaru
|-damage|p2a: Togedemaru|0 fnt
|faint|p2a: Togedemaru
|
|-sideend|p1: Prince RU|move: Light Screen
|upkeep
|
|switch|p2a: Runerigus|Runerigus, M|100/100
|-activate|p2a: Runerigus|move: Sticky Web
|-unboost|p2a: Runerigus|spe|1
|turn|12
|
|move|p1a: Vikavolt|Energy Ball|p2a: Runerigus
|-supereffective|p2a: Runerigus
|-damage|p2a: Runerigus|24/100
|move|p2a: Runerigus|Shadow Claw|p1a: Vikavolt
|-damage|p1a: Vikavolt|56/100
|
|upkeep
|turn|13
|
|move|p1a: Vikavolt|Energy Ball|p2a: Runerigus
|-supereffective|p2a: Runerigus
|-crit|p2a: Runerigus
|-damage|p2a: Runerigus|0 fnt
|faint|p2a: Runerigus
|
|upkeep
|
|switch|p2a: dubsquad|Dubwool, F|100/100
|-activate|p2a: dubsquad|move: Sticky Web
|-unboost|p2a: dubsquad|spe|1
|turn|14
|
|move|p1a: Vikavolt|Thunderbolt|p2a: dubsquad
|-damage|p2a: dubsquad|44/100
|move|p2a: dubsquad|Swagger|p1a: Vikavolt
|-boost|p1a: Vikavolt|atk|2
|-start|p1a: Vikavolt|confusion
|
|-heal|p2a: dubsquad|50/100|[from] item: Leftovers
|upkeep
|turn|15
|
|-activate|p1a: Vikavolt|confusion
|-damage|p1a: Vikavolt|43/100|[from] confusion
|move|p2a: dubsquad|Body Press|p1a: Vikavolt
|-resisted|p1a: Vikavolt
|-damage|p1a: Vikavolt|30/100
|
|-heal|p2a: dubsquad|56/100|[from] item: Leftovers
|upkeep
|turn|16
|
|-activate|p1a: Vikavolt|confusion
|move|p1a: Vikavolt|Thunderbolt|p2a: dubsquad
|-damage|p2a: dubsquad|0 fnt
|faint|p2a: dubsquad
|
|upkeep
|
|switch|p2a: Malamar|Malamar, M|100/100
|-activate|p2a: Malamar|move: Sticky Web
|-boost|p2a: Malamar|spe|1
|turn|17
|
|-activate|p1a: Vikavolt|confusion
|move|p1a: Vikavolt|Bug Buzz|p2a: Malamar
|-supereffective|p2a: Malamar
|-damage|p2a: Malamar|0 fnt
|faint|p2a: Malamar
|
|upkeep
|-message|Galileo Glalie 2 forfeited.
|
|win|Prince RU
|l|☆Galileo Glalie 2
|raw|Prince RU's rating: 1280 &rarr; <strong>1298</strong><br />(+18 for winning)
|raw|Galileo Glalie 2's rating: 1181 &rarr; <strong>1163</strong><br />(-18 for losing)
