|j|☆quimbs
|j|☆BigBlueMewtwo
|player|p1|quimbs|harlequin|1263
|player|p2|BigBlueMewtwo|veteran|1106
|teamsize|p1|6
|teamsize|p2|6
|gametype|singles
|gen|8
|tier|[Gen 8] RU
|rated|
|clearpoke
|poke|p1|Goodra, F|
|poke|p1|Galvantula, M|
|poke|p1|Gigalith, F|
|poke|p1|Aromatisse, M|
|poke|p1|Drifblim, M|
|poke|p1|Dhelmise|
|poke|p2|Rillaboom, F|
|poke|p2|Jolteon, F|
|poke|p2|Steelix, M|
|poke|p2|Hitmonlee, M|
|poke|p2|Mantine, M|
|poke|p2|Mr. Rime, F|
|rule|Sleep Clause Mod: Limit one foe put to sleep
|rule|Species Clause: Limit one of each Pokémon
|rule|OHKO Clause: OHKO moves are banned
|rule|Evasion Moves Clause: Evasion moves are banned
|rule|Endless Battle Clause: Forcing endless battles is banned
|rule|HP Percentage Mod: HP is shown in percentages
|rule|Dynamax Clause: You cannot dynamax
|teampreview
|inactive|Battle timer is ON: inactive players will automatically lose when time's up. (requested by quimbs)
|
|start
|switch|p1a: Goodra|Goodra, F|100/100
|switch|p2a: Rillaboom|Rillaboom, F|100/100
|turn|1
|
|move|p2a: Rillaboom|U-turn|p1a: Goodra
|-damage|p1a: Goodra|69/100
|
|switch|p2a: Mantine|Mantine, M|100/100|[from]move: U-turn
|move|p1a: Goodra|Draco Meteor|p2a: Mantine
|-damage|p2a: Mantine|46/100
|-unboost|p1a: Goodra|spa|2
|
|-heal|p2a: Mantine|52/100|[from] item: Leftovers
|upkeep
|turn|2
|inactive|BigBlueMewtwo has 120 seconds left.
|
|switch|p1a: Galvantula|Galvantula, M|100/100
|move|p2a: Mantine|Roost|p2a: Mantine
|-heal|p2a: Mantine|100/100
|-singleturn|p2a: Mantine|move: Roost
|
|upkeep
|turn|3
|
|switch|p2a: Steelix|Steelix, M|100/100
|move|p1a: Galvantula|Sticky Web|p2a: Steelix
|-sidestart|p2: BigBlueMewtwo|move: Sticky Web
|
|upkeep
|turn|4
|
|switch|p1a: Dhelmise|Dhelmise|100/100
|move|p2a: Steelix|Stealth Rock|p1a: Dhelmise
|-sidestart|p1: quimbs|move: Stealth Rock
|
|upkeep
|turn|5
|
|switch|p2a: Rillaboom|Rillaboom, F|100/100
|-activate|p2a: Rillaboom|move: Sticky Web
|-unboost|p2a: Rillaboom|spe|1
|move|p1a: Dhelmise|Rapid Spin|p2a: Rillaboom
|-damage|p2a: Rillaboom|78/100
|-sideend|p1: quimbs|Stealth Rock|[from] move: Rapid Spin|[of] p1a: Dhelmise
|-boost|p1a: Dhelmise|spe|1
|
|upkeep
|turn|6
|
|move|p2a: Rillaboom|Knock Off|p1a: Dhelmise
|-supereffective|p1a: Dhelmise
|-damage|p1a: Dhelmise|36/100
|-enditem|p1a: Dhelmise|Leftovers|[from] move: Knock Off|[of] p2a: Rillaboom
|move|p1a: Dhelmise|Rapid Spin|p2a: Rillaboom
|-damage|p2a: Rillaboom|58/100
|-boost|p1a: Dhelmise|spe|1
|
|upkeep
|turn|7
|inactive|BigBlueMewtwo has 120 seconds left.
|
|switch|p2a: Mantine|Mantine, M|100/100
|move|p1a: Dhelmise|Anchor Shot|p2a: Mantine
|-resisted|p2a: Mantine
|-damage|p2a: Mantine|71/100
|-activate|p2a: Mantine|trapped
|
|-heal|p2a: Mantine|77/100|[from] item: Leftovers
|upkeep
|turn|8
|
|move|p1a: Dhelmise|Power Whip|p2a: Mantine
|-damage|p2a: Mantine|0 fnt
|faint|p2a: Mantine
|
|upkeep
|
|switch|p2a: Steelix|Steelix, M|100/100
|-activate|p2a: Steelix|move: Sticky Web
|-unboost|p2a: Steelix|spe|1
|turn|9
|
|move|p1a: Dhelmise|Power Whip|p2a: Steelix
|-damage|p2a: Steelix|70/100
|move|p2a: Steelix|Heavy Slam|p1a: Dhelmise
|-damage|p1a: Dhelmise|25/100
|
|-heal|p2a: Steelix|76/100|[from] item: Leftovers
|upkeep
|turn|10
|inactive|BigBlueMewtwo has 120 seconds left.
|
|move|p1a: Dhelmise|Power Whip|p2a: Steelix
|-damage|p2a: Steelix|47/100
|move|p2a: Steelix|Heavy Slam|p1a: Dhelmise
|-damage|p1a: Dhelmise|13/100
|
|-heal|p2a: Steelix|53/100|[from] item: Leftovers
|upkeep
|turn|11
|
|move|p1a: Dhelmise|Power Whip|p2a: Steelix
|-damage|p2a: Steelix|23/100
|move|p2a: Steelix|Heavy Slam|p1a: Dhelmise
|-damage|p1a: Dhelmise|0 fnt
|faint|p1a: Dhelmise
|
|-heal|p2a: Steelix|29/100|[from] item: Leftovers
|upkeep
|
|switch|p1a: Gigalith|Gigalith, F|100/100
|-weather|Sandstorm|[from] ability: Sand Stream|[of] p1a: Gigalith
|turn|12
|
|move|p2a: Steelix|Stealth Rock|p1a: Gigalith
|-sidestart|p1: quimbs|move: Stealth Rock
|move|p1a: Gigalith|Body Press|p2a: Steelix
|-supereffective|p2a: Steelix
|-damage|p2a: Steelix|4/100
|
|-weather|Sandstorm|[upkeep]
|-heal|p2a: Steelix|11/100|[from] item: Leftovers
|upkeep
|turn|13
|
|move|p2a: Steelix|Body Press|p1a: Gigalith
|-supereffective|p1a: Gigalith
|-damage|p1a: Gigalith|53/100
|move|p1a: Gigalith|Body Press|p2a: Steelix
|-supereffective|p2a: Steelix
|-damage|p2a: Steelix|0 fnt
|faint|p2a: Steelix
|
|-weather|Sandstorm|[upkeep]
|-heal|p1a: Gigalith|60/100|[from] item: Leftovers
|upkeep
|
|switch|p2a: Jolteon|Jolteon, F|100/100
|-activate|p2a: Jolteon|move: Sticky Web
|-unboost|p2a: Jolteon|spe|1
|turn|14
|
|switch|p1a: Goodra|Goodra, F|69/100
|-damage|p1a: Goodra|57/100|[from] Stealth Rock
|move|p2a: Jolteon|Thunderbolt|p1a: Goodra
|-resisted|p1a: Goodra
|-damage|p1a: Goodra|42/100
|
|-weather|Sandstorm|[upkeep]
|-damage|p1a: Goodra|36/100|[from] Sandstorm
|-damage|p2a: Jolteon|94/100|[from] Sandstorm
|-status|p2a: Jolteon|brn|[from] item: Flame Orb
|upkeep
|turn|15
|inactive|BigBlueMewtwo has 120 seconds left.
|
|move|p2a: Jolteon|Shadow Ball|p1a: Goodra
|-damage|p1a: Goodra|19/100
|-unboost|p1a: Goodra|spd|1
|move|p1a: Goodra|Draco Meteor|p2a: Jolteon
|-damage|p2a: Jolteon|0 fnt
|-unboost|p1a: Goodra|spa|2
|faint|p2a: Jolteon
|
|-weather|Sandstorm|[upkeep]
|-damage|p1a: Goodra|13/100|[from] Sandstorm
|upkeep
|inactive|BigBlueMewtwo has 120 seconds left.
|
|switch|p2a: Mr. Rime|Mr. Rime, F|100/100
|turn|16
|inactive|BigBlueMewtwo has 120 seconds left.
|
|switch|p1a: Aromatisse|Aromatisse, M|100/100
|-damage|p1a: Aromatisse|88/100|[from] Stealth Rock
|move|p2a: Mr. Rime|Freeze-Dry|p1a: Aromatisse
|-damage|p1a: Aromatisse|65/100
|
|-weather|none
|-heal|p1a: Aromatisse|71/100|[from] item: Leftovers
|upkeep
|turn|17
|
|move|p2a: Mr. Rime|Rapid Spin|p1a: Aromatisse
|-damage|p1a: Aromatisse|63/100
|-sideend|p2: BigBlueMewtwo|Sticky Web|[from] move: Rapid Spin|[of] p2a: Mr. Rime
|-boost|p2a: Mr. Rime|spe|1
|move|p1a: Aromatisse|Wish|p1a: Aromatisse
|
|-heal|p1a: Aromatisse|69/100|[from] item: Leftovers
|upkeep
|turn|18
|
|move|p2a: Mr. Rime|Nasty Plot|p2a: Mr. Rime
|-boost|p2a: Mr. Rime|spa|2
|move|p1a: Aromatisse|Moonblast|p2a: Mr. Rime
|-damage|p2a: Mr. Rime|70/100
|
|-heal|p1a: Aromatisse|100/100|[from] move: Wish|[wisher] Aromatisse
|upkeep
|turn|19
|
|move|p2a: Mr. Rime|Psyshock|p1a: Aromatisse
|-damage|p1a: Aromatisse|9/100
|move|p1a: Aromatisse|Moonblast|p2a: Mr. Rime
|-damage|p2a: Mr. Rime|39/100
|
|-heal|p1a: Aromatisse|15/100|[from] item: Leftovers
|upkeep
|turn|20
|
|move|p2a: Mr. Rime|Psyshock|p1a: Aromatisse
|-damage|p1a: Aromatisse|0 fnt
|faint|p1a: Aromatisse
|
|upkeep
|
|switch|p1a: Gigalith|Gigalith, F|60/100
|-damage|p1a: Gigalith|47/100|[from] Stealth Rock
|-weather|Sandstorm|[from] ability: Sand Stream|[of] p1a: Gigalith
|turn|21
|
|move|p2a: Mr. Rime|Freeze-Dry|p1a: Gigalith
|-damage|p1a: Gigalith|0 fnt
|faint|p1a: Gigalith
|
|-weather|Sandstorm|[upkeep]
|-damage|p2a: Mr. Rime|33/100|[from] Sandstorm
|upkeep
|
|switch|p1a: Galvantula|Galvantula, M|100/100
|turn|22
|
|move|p1a: Galvantula|Bug Buzz|p2a: Mr. Rime
|-supereffective|p2a: Mr. Rime
|-damage|p2a: Mr. Rime|0 fnt
|faint|p2a: Mr. Rime
|
|-weather|Sandstorm|[upkeep]
|-damage|p1a: Galvantula|94/100|[from] Sandstorm
|upkeep
|
|switch|p2a: Hitmonlee|Hitmonlee, M|100/100
|turn|23
|
|move|p2a: Hitmonlee|Fake Out|p1a: Galvantula
|-enditem|p2a: Hitmonlee|Normal Gem|[from] gem
|-damage|p1a: Galvantula|61/100
|cant|p1a: Galvantula|flinch
|
|-weather|Sandstorm|[upkeep]
|-damage|p2a: Hitmonlee|94/100|[from] Sandstorm
|-damage|p1a: Galvantula|55/100|[from] Sandstorm
|upkeep
|turn|24
|
|move|p2a: Hitmonlee|Earthquake|p1a: Galvantula
|-damage|p1a: Galvantula|0 fnt
|faint|p1a: Galvantula
|
|-weather|Sandstorm|[upkeep]
|-damage|p2a: Hitmonlee|88/100|[from] Sandstorm
|upkeep
|
|switch|p1a: Drifblim|Drifblim, M|100/100
|-damage|p1a: Drifblim|76/100|[from] Stealth Rock
|turn|25
|
|move|p2a: Hitmonlee|Throat Chop|p1a: Drifblim
|-supereffective|p1a: Drifblim
|-damage|p1a: Drifblim|0 fnt
|faint|p1a: Drifblim
|
|-weather|none
|upkeep
|-message|quimbs forfeited.
|
|win|BigBlueMewtwo
|l|☆quimbs
|raw|quimbs's rating: 1263 &rarr; <strong>1228</strong><br />(-35 for losing)
|raw|BigBlueMewtwo's rating: 1106 &rarr; <strong>1142</strong><br />(+36 for winning)
