|j|‽ArnoUUU
|j|☆Testinganteater
|t:|1667527691
|gametype|singles
|player|p1|ArnoUUU|102|1313
|player|p2|Testinganteater|1|1447
|teamsize|p1|6
|teamsize|p2|6
|gen|8
|tier|[Gen 8] RU
|rated|
|rule|Sleep Clause Mod: Limit one foe put to sleep
|rule|Species Clause: Limit one of each Pokémon
|rule|OHKO Clause: OHKO moves are banned
|rule|Evasion Items Clause: Evasion items are banned
|rule|Evasion Moves Clause: Evasion moves are banned
|rule|Endless Battle Clause: Forcing endless battles is banned
|rule|HP Percentage Mod: HP is shown in percentages
|rule|Dynamax Clause: You cannot dynamax
|clearpoke
|poke|p1|Cloyster, M|
|poke|p1|Klefki, F|
|poke|p1|Mimikyu, F|
|poke|p1|Gastrodon-East, F|
|poke|p1|Umbreon, M|
|poke|p1|Celebi|
|poke|p2|Golurk|
|poke|p2|Porygon2|
|poke|p2|Crobat, M|
|poke|p2|Vaporeon, F|
|poke|p2|Registeel|
|poke|p2|Reuniclus, M|
|teampreview
|
|t:|1667527723
|start
|switch|p1a: Umbreon|Umbreon, M|100/100
|switch|p2a: Registeel|Registeel|100/100
|turn|1
|
|t:|1667527737
|switch|p1a: Klefki|Klefki, F|100/100
|move|p2a: Registeel|Stealth Rock|p1a: Klefki
|-sidestart|p1: ArnoUUU|move: Stealth Rock
|
|upkeep
|turn|2
|
|t:|1667527751
|move|p1a: Klefki|Defog|p2a: Registeel
|-fail|p2a: Registeel|unboost|[from] ability: Clear Body|[of] p2a: Registeel
|-sideend|p1: ArnoUUU|Stealth Rock|[from] move: Defog|[of] p1a: Klefki
|move|p2a: Registeel|Heavy Slam|p1a: Klefki
|-damage|p1a: Klefki|73/100
|
|upkeep
|turn|3
|
|t:|1667527779
|move|p1a: Klefki|Thunder Wave|p2a: Registeel
|-status|p2a: Registeel|par
|cant|p2a: Registeel|par
|
|upkeep
|turn|4
|
|t:|1667527785
|switch|p1a: Gastrodon|Gastrodon-East, F|100/100
|cant|p2a: Registeel|par
|
|upkeep
|turn|5
|
|t:|1667527795
|switch|p2a: Reuniclus|Reuniclus, M, shiny|100/100
|move|p1a: Gastrodon|Earth Power|p2a: Reuniclus
|-damage|p2a: Reuniclus|73/100
|
|-heal|p2a: Reuniclus|79/100|[from] item: Leftovers
|upkeep
|turn|6
|
|t:|1667527803
|move|p1a: Gastrodon|Yawn|p2a: Reuniclus
|-start|p2a: Reuniclus|move: Yawn|[of] p1a: Gastrodon
|move|p2a: Reuniclus|Calm Mind|p2a: Reuniclus
|-boost|p2a: Reuniclus|spa|1
|-boost|p2a: Reuniclus|spd|1
|
|-heal|p2a: Reuniclus|85/100|[from] item: Leftovers
|upkeep
|turn|7
|
|t:|1667527815
|switch|p1a: Klefki|Klefki, F|73/100
|switch|p2a: Porygon2|Porygon2, shiny|100/100
|-ability|p2a: Porygon2|Prankster|[from] ability: Trace|[of] p1a: Klefki
|
|upkeep
|turn|8
|
|t:|1667527820
|move|p1a: Klefki|Switcheroo|p2a: Porygon2
|-activate|p1a: Klefki|move: Trick|[of] p2a: Porygon2
|-item|p2a: Porygon2|Toxic Orb|[from] move: Switcheroo
|-item|p1a: Klefki|Eviolite|[from] move: Switcheroo
|move|p2a: Porygon2|Teleport|p2a: Porygon2
|
|t:|1667527842
|switch|p2a: Golurk|Golurk|100/100|[from]move: Teleport
|
|upkeep
|turn|9
|
|t:|1667527848
|move|p1a: Klefki|Switcheroo|p2a: Golurk
|-activate|p1a: Klefki|move: Trick|[of] p2a: Golurk
|-item|p2a: Golurk|Eviolite|[from] move: Switcheroo
|-item|p1a: Klefki|Choice Band|[from] move: Switcheroo
|move|p2a: Golurk|Earthquake|p1a: Klefki
|-supereffective|p1a: Klefki
|-damage|p1a: Klefki|0 fnt
|faint|p1a: Klefki
|
|upkeep
|
|t:|1667527870
|switch|p1a: Cloyster|Cloyster, M|100/100
|turn|10
|
|t:|1667527879
|move|p1a: Cloyster|Shell Smash|p1a: Cloyster
|-unboost|p1a: Cloyster|def|1
|-unboost|p1a: Cloyster|spd|1
|-boost|p1a: Cloyster|atk|2
|-boost|p1a: Cloyster|spa|2
|-boost|p1a: Cloyster|spe|2
|move|p2a: Golurk|Close Combat|p1a: Cloyster
|-supereffective|p1a: Cloyster
|-enditem|p1a: Cloyster|Focus Sash
|-damage|p1a: Cloyster|1/100
|-unboost|p2a: Golurk|def|1
|-unboost|p2a: Golurk|spd|1
|
|upkeep
|turn|11
|
|t:|1667527895
|switch|p2a: Porygon2|Porygon2, shiny|100/100
|-ability|p2a: Porygon2|Skill Link|[from] ability: Trace|[of] p1a: Cloyster
|move|p1a: Cloyster|Icicle Spear|p2a: Porygon2
|-damage|p2a: Porygon2|77/100
|-damage|p2a: Porygon2|55/100
|-damage|p2a: Porygon2|32/100
|-damage|p2a: Porygon2|9/100
|-damage|p2a: Porygon2|0 fnt
|faint|p2a: Porygon2
|-hitcount|p2: Porygon2|5
|
|upkeep
|
|t:|1667527900
|switch|p2a: Registeel|Registeel|100/100 par
|turn|12
|
|t:|1667527945
|move|p1a: Cloyster|Icicle Spear|p2a: Registeel
|-resisted|p2a: Registeel
|-damage|p2a: Registeel|93/100 par
|-resisted|p2a: Registeel
|-damage|p2a: Registeel|85/100 par
|-resisted|p2a: Registeel
|-damage|p2a: Registeel|77/100 par
|-resisted|p2a: Registeel
|-damage|p2a: Registeel|70/100 par
|-resisted|p2a: Registeel
|-damage|p2a: Registeel|62/100 par
|-hitcount|p2a: Registeel|5
|cant|p2a: Registeel|par
|
|-heal|p2a: Registeel|68/100 par|[from] item: Leftovers
|upkeep
|turn|13
|
|t:|1667527951
|move|p1a: Cloyster|Icicle Spear|p2a: Registeel
|-resisted|p2a: Registeel
|-damage|p2a: Registeel|61/100 par
|-resisted|p2a: Registeel
|-damage|p2a: Registeel|53/100 par
|-resisted|p2a: Registeel
|-damage|p2a: Registeel|46/100 par
|-resisted|p2a: Registeel
|-damage|p2a: Registeel|38/100 par
|-resisted|p2a: Registeel
|-damage|p2a: Registeel|30/100 par
|-hitcount|p2a: Registeel|5
|move|p2a: Registeel|Body Press|p1a: Cloyster
|-supereffective|p1a: Cloyster
|-damage|p1a: Cloyster|0 fnt
|faint|p1a: Cloyster
|
|-heal|p2a: Registeel|36/100 par|[from] item: Leftovers
|upkeep
|
|t:|1667527969
|switch|p1a: Mimikyu|Mimikyu, F|100/100
|turn|14
|
|t:|1667527975
|move|p1a: Mimikyu|Swords Dance|p1a: Mimikyu
|-boost|p1a: Mimikyu|atk|2
|move|p2a: Registeel|Toxic|p1a: Mimikyu
|-status|p1a: Mimikyu|tox
|
|-heal|p2a: Registeel|42/100 par|[from] item: Leftovers
|-damage|p1a: Mimikyu|95/100 tox|[from] psn
|upkeep
|turn|15
|
|t:|1667528017
|switch|p2a: Golurk|Golurk|100/100
|move|p1a: Mimikyu|Shadow Claw|p2a: Golurk
|-supereffective|p2a: Golurk
|-damage|p2a: Golurk|0 fnt
|faint|p2a: Golurk
|-damage|p1a: Mimikyu|85/100 tox|[from] item: Life Orb
|
|-damage|p1a: Mimikyu|73/100 tox|[from] psn
|upkeep
|
|t:|1667528034
|switch|p2a: Crobat|Crobat, M|100/100
|turn|16
|
|t:|1667528055
|move|p1a: Mimikyu|Shadow Sneak|p2a: Crobat
|-damage|p2a: Crobat|55/100
|-damage|p1a: Mimikyu|63/100 tox|[from] item: Life Orb
|move|p2a: Crobat|U-turn|p1a: Mimikyu
|-activate|p1a: Mimikyu|ability: Disguise
|-damage|p1a: Mimikyu|63/100 tox
|detailschange|p1a: Mimikyu|Mimikyu-Busted, F
|-damage|p1a: Mimikyu|50/100 tox|[from] pokemon: Mimikyu-Busted
|
|t:|1667528063
|switch|p2a: Vaporeon|Vaporeon, F|100/100|[from]move: U-turn
|
|-damage|p1a: Mimikyu|32/100 tox|[from] psn
|upkeep
|turn|17
|
|t:|1667528077
|move|p1a: Mimikyu|Play Rough|p2a: Vaporeon
|-damage|p2a: Vaporeon|32/100
|-damage|p1a: Mimikyu|22/100 tox|[from] item: Life Orb
|move|p2a: Vaporeon|Wish|p2a: Vaporeon
|
|-heal|p2a: Vaporeon|39/100|[from] item: Leftovers
|-damage|p1a: Mimikyu|0 fnt|[from] psn
|faint|p1a: Mimikyu
|upkeep
|
|t:|1667528085
|switch|p1a: Umbreon|Umbreon, M|100/100
|turn|18
|
|t:|1667528100
|switch|p1a: Celebi|Celebi|100/100
|move|p2a: Vaporeon|Flip Turn|p1a: Celebi
|-resisted|p1a: Celebi
|-damage|p1a: Celebi|94/100
|
|t:|1667528105
|switch|p2a: Crobat|Crobat, M|55/100|[from]move: Flip Turn
|
|-heal|p2a: Crobat|100/100|[from] move: Wish|[wisher] Vaporeon
|upkeep
|turn|19
|
|t:|1667528111
|switch|p1a: Gastrodon|Gastrodon-East, F|100/100
|move|p2a: Crobat|U-turn|p1a: Gastrodon
|-damage|p1a: Gastrodon|89/100
|
|t:|1667528118
|switch|p2a: Vaporeon|Vaporeon, F|39/100|[from]move: U-turn
|
|-heal|p2a: Vaporeon|45/100|[from] item: Leftovers
|-heal|p1a: Gastrodon|95/100|[from] item: Leftovers
|upkeep
|turn|20
|
|t:|1667528123
|move|p2a: Vaporeon|Wish|p2a: Vaporeon
|move|p1a: Gastrodon|Earth Power|p2a: Vaporeon
|-damage|p2a: Vaporeon|24/100
|
|-heal|p2a: Vaporeon|30/100|[from] item: Leftovers
|-heal|p1a: Gastrodon|100/100|[from] item: Leftovers
|upkeep
|turn|21
|
|t:|1667528137
|move|p2a: Vaporeon|Protect|p2a: Vaporeon
|-singleturn|p2a: Vaporeon|Protect
|move|p1a: Gastrodon|Scald|p2a: Vaporeon
|-activate|p2a: Vaporeon|move: Protect
|
|-heal|p2a: Vaporeon|80/100|[from] move: Wish|[wisher] Vaporeon
|-heal|p2a: Vaporeon|86/100|[from] item: Leftovers
|upkeep
|turn|22
|
|t:|1667528142
|switch|p2a: Reuniclus|Reuniclus, M, shiny|85/100
|move|p1a: Gastrodon|Earth Power|p2a: Reuniclus
|-damage|p2a: Reuniclus|60/100
|
|-heal|p2a: Reuniclus|67/100|[from] item: Leftovers
|upkeep
|turn|23
|
|t:|1667528144
|switch|p2a: Vaporeon|Vaporeon, F|86/100
|move|p1a: Gastrodon|Yawn|p2a: Vaporeon
|-start|p2a: Vaporeon|move: Yawn|[of] p1a: Gastrodon
|
|-heal|p2a: Vaporeon|93/100|[from] item: Leftovers
|upkeep
|turn|24
|
|t:|1667528148
|switch|p1a: Celebi|Celebi|94/100
|move|p2a: Vaporeon|Wish|p2a: Vaporeon
|
|-heal|p2a: Vaporeon|99/100|[from] item: Leftovers
|-end|p2a: Vaporeon|move: Yawn|[silent]
|-status|p2a: Vaporeon|slp
|upkeep
|turn|25
|
|t:|1667528159
|switch|p2a: Registeel|Registeel|42/100 par
|move|p1a: Celebi|Nasty Plot|p1a: Celebi
|-boost|p1a: Celebi|spa|2
|
|-heal|p2a: Registeel|100/100 par|[from] move: Wish|[wisher] Vaporeon
|upkeep
|turn|26
|
|t:|1667528170
|switch|p2a: Crobat|Crobat, M|100/100
|move|p1a: Celebi|Nasty Plot|p1a: Celebi
|-boost|p1a: Celebi|spa|2
|
|upkeep
|turn|27
|
|t:|1667528198
|move|p2a: Crobat|U-turn|p1a: Celebi
|-supereffective|p1a: Celebi
|-damage|p1a: Celebi|43/100
|
|t:|1667528224
|switch|p2a: Vaporeon|Vaporeon, F|99/100 slp|[from]move: U-turn
|move|p1a: Celebi|Psychic|p2a: Vaporeon
|-damage|p2a: Vaporeon|0 fnt
|faint|p2a: Vaporeon
|-damage|p1a: Celebi|33/100|[from] item: Life Orb
|
|upkeep
|
|t:|1667528226
|switch|p2a: Crobat|Crobat, M|100/100
|turn|28
|
|t:|1667528237
|switch|p1a: Gastrodon|Gastrodon-East, F|100/100
|move|p2a: Crobat|U-turn|p1a: Gastrodon
|-crit|p1a: Gastrodon
|-damage|p1a: Gastrodon|85/100
|
|t:|1667528248
|switch|p2a: Reuniclus|Reuniclus, M, shiny|67/100|[from]move: U-turn
|
|-heal|p1a: Gastrodon|91/100|[from] item: Leftovers
|-heal|p2a: Reuniclus|73/100|[from] item: Leftovers
|upkeep
|turn|29
|
|t:|1667528257
|switch|p2a: Registeel|Registeel|100/100 par
|move|p1a: Gastrodon|Yawn||[still]
|-fail|p1a: Gastrodon
|
|-heal|p1a: Gastrodon|97/100|[from] item: Leftovers
|upkeep
|turn|30
|
|t:|1667528263
|switch|p1a: Umbreon|Umbreon, M|100/100
|move|p2a: Registeel|Toxic|p1a: Umbreon|[miss]
|-miss|p2a: Registeel|p1a: Umbreon
|
|upkeep
|turn|31
|
|t:|1667528271
|move|p1a: Umbreon|Wish|p1a: Umbreon
|cant|p2a: Registeel|par
|
|upkeep
|turn|32
|
|t:|1667528276
|switch|p1a: Celebi|Celebi|33/100
|switch|p2a: Crobat|Crobat, M|100/100
|
|-heal|p1a: Celebi|83/100|[from] move: Wish|[wisher] Umbreon
|upkeep
|turn|33
|
|t:|1667528285
|switch|p1a: Gastrodon|Gastrodon-East, F|97/100
|move|p2a: Crobat|Brave Bird|p1a: Gastrodon
|-damage|p1a: Gastrodon|70/100
|-damage|p2a: Crobat|90/100|[from] Recoil
|
|-heal|p1a: Gastrodon|76/100|[from] item: Leftovers
|upkeep
|turn|34
|
|t:|1667528289
|move|p2a: Crobat|U-turn|p1a: Gastrodon
|-damage|p1a: Gastrodon|65/100
|
|t:|1667528291
|switch|p2a: Reuniclus|Reuniclus, M, shiny|73/100|[from]move: U-turn
|move|p1a: Gastrodon|Scald|p2a: Reuniclus
|-damage|p2a: Reuniclus|46/100
|
|-heal|p1a: Gastrodon|71/100|[from] item: Leftovers
|-heal|p2a: Reuniclus|53/100|[from] item: Leftovers
|upkeep
|turn|35
|
|t:|1667528295
|move|p1a: Gastrodon|Earth Power|p2a: Reuniclus
|-crit|p2a: Reuniclus
|-damage|p2a: Reuniclus|14/100
|move|p2a: Reuniclus|Recover|p2a: Reuniclus
|-heal|p2a: Reuniclus|64/100
|
|-heal|p1a: Gastrodon|77/100|[from] item: Leftovers
|-heal|p2a: Reuniclus|70/100|[from] item: Leftovers
|upkeep
|turn|36
|
|t:|1667528299
|move|p1a: Gastrodon|Yawn|p2a: Reuniclus
|-start|p2a: Reuniclus|move: Yawn|[of] p1a: Gastrodon
|move|p2a: Reuniclus|Calm Mind|p2a: Reuniclus
|-boost|p2a: Reuniclus|spa|1
|-boost|p2a: Reuniclus|spd|1
|
|-heal|p1a: Gastrodon|83/100|[from] item: Leftovers
|-heal|p2a: Reuniclus|76/100|[from] item: Leftovers
|upkeep
|turn|37
|inactive|Battle timer is ON: inactive players will automatically lose when time's up. (requested by Testinganteater)
|
|t:|1667528394
|switch|p1a: Celebi|Celebi|83/100
|move|p2a: Reuniclus|Calm Mind|p2a: Reuniclus
|-boost|p2a: Reuniclus|spa|1
|-boost|p2a: Reuniclus|spd|1
|
|-heal|p2a: Reuniclus|82/100|[from] item: Leftovers
|-end|p2a: Reuniclus|move: Yawn|[silent]
|-status|p2a: Reuniclus|slp
|upkeep
|turn|38
|
|t:|1667528410
|move|p1a: Celebi|Psychic|p2a: Reuniclus
|-resisted|p2a: Reuniclus
|-damage|p2a: Reuniclus|70/100 slp
|-damage|p1a: Celebi|73/100|[from] item: Life Orb
|cant|p2a: Reuniclus|slp
|
|-heal|p2a: Reuniclus|76/100 slp|[from] item: Leftovers
|upkeep
|turn|39
|inactive|ArnoUUU has 120 seconds left.
|inactive|ArnoUUU has 90 seconds left.
|
|t:|1667528499
|move|p1a: Celebi|Nasty Plot|p1a: Celebi
|-boost|p1a: Celebi|spa|2
|-curestatus|p2a: Reuniclus|slp|[msg]
|move|p2a: Reuniclus|Calm Mind|p2a: Reuniclus
|-boost|p2a: Reuniclus|spa|1
|-boost|p2a: Reuniclus|spd|1
|
|-heal|p2a: Reuniclus|82/100|[from] item: Leftovers
|upkeep
|turn|40
|
|t:|1667528510
|switch|p1a: Gastrodon|Gastrodon-East, F|83/100
|move|p2a: Reuniclus|Psyshock|p1a: Gastrodon
|-damage|p1a: Gastrodon|24/100
|
|-heal|p1a: Gastrodon|30/100|[from] item: Leftovers
|-heal|p2a: Reuniclus|88/100|[from] item: Leftovers
|upkeep
|turn|41
|
|t:|1667528518
|switch|p1a: Umbreon|Umbreon, M|100/100
|move|p2a: Reuniclus|Psyshock|p1a: Umbreon
|-immune|p1a: Umbreon
|
|-heal|p2a: Reuniclus|95/100|[from] item: Leftovers
|upkeep
|turn|42
|
|t:|1667528523
|move|p1a: Umbreon|Wish|p1a: Umbreon
|move|p2a: Reuniclus|Focus Blast|p1a: Umbreon
|-supereffective|p1a: Umbreon
|-damage|p1a: Umbreon|8/100
|
|-heal|p1a: Umbreon|14/100|[from] item: Leftovers
|-heal|p2a: Reuniclus|100/100|[from] item: Leftovers
|upkeep
|turn|43
|
|t:|1667528531
|move|p1a: Umbreon|Protect|p1a: Umbreon
|-singleturn|p1a: Umbreon|Protect
|move|p2a: Reuniclus|Calm Mind|p2a: Reuniclus
|-boost|p2a: Reuniclus|spa|1
|-boost|p2a: Reuniclus|spd|1
|
|-heal|p1a: Umbreon|64/100|[from] move: Wish|[wisher] Umbreon
|-heal|p1a: Umbreon|70/100|[from] item: Leftovers
|upkeep
|turn|44
|inactive|ArnoUUU has 90 seconds left.
|
|t:|1667528542
|move|p1a: Umbreon|Wish|p1a: Umbreon
|move|p2a: Reuniclus|Focus Blast|p1a: Umbreon
|-supereffective|p1a: Umbreon
|-damage|p1a: Umbreon|0 fnt
|faint|p1a: Umbreon
|
|upkeep
|
|t:|1667528546
|switch|p1a: Gastrodon|Gastrodon-East, F|30/100
|turn|45
|
|t:|1667528564
|move|p1a: Gastrodon|Yawn|p2a: Reuniclus
|-start|p2a: Reuniclus|move: Yawn|[of] p1a: Gastrodon
|move|p2a: Reuniclus|Psyshock|p1a: Gastrodon
|-damage|p1a: Gastrodon|0 fnt
|faint|p1a: Gastrodon
|
|upkeep
|inactive|ArnoUUU has 90 seconds left.
|
|t:|1667528587
|switch|p1a: Celebi|Celebi|73/100
|turn|46
|inactive|ArnoUUU has 90 seconds left.
|
|t:|1667528593
|move|p1a: Celebi|Nasty Plot|p1a: Celebi
|-boost|p1a: Celebi|spa|2
|move|p2a: Reuniclus|Psyshock|p1a: Celebi
|-resisted|p1a: Celebi
|-damage|p1a: Celebi|30/100
|
|-end|p2a: Reuniclus|move: Yawn|[silent]
|-status|p2a: Reuniclus|slp
|upkeep
|turn|47
|
|t:|1667528600
|move|p1a: Celebi|Recover|p1a: Celebi
|-heal|p1a: Celebi|80/100
|cant|p2a: Reuniclus|slp
|
|upkeep
|turn|48
|
|t:|1667528607
|move|p1a: Celebi|Nasty Plot|p1a: Celebi
|-boost|p1a: Celebi|spa|2
|cant|p2a: Reuniclus|slp
|
|upkeep
|turn|49
|inactive|ArnoUUU has 90 seconds left.
|
|t:|1667528643
|move|p1a: Celebi|Leaf Storm|p2a: Reuniclus
|-damage|p2a: Reuniclus|29/100 slp
|-unboost|p1a: Celebi|spa|2
|-damage|p1a: Celebi|70/100|[from] item: Life Orb
|-curestatus|p2a: Reuniclus|slp|[msg]
|move|p2a: Reuniclus|Psyshock|p1a: Celebi
|-resisted|p1a: Celebi
|-damage|p1a: Celebi|25/100
|
|-heal|p2a: Reuniclus|35/100|[from] item: Leftovers
|upkeep
|turn|50
|
|t:|1667528651
|move|p1a: Celebi|Leaf Storm|p2a: Reuniclus
|-damage|p2a: Reuniclus|0 fnt
|-unboost|p1a: Celebi|spa|2
|faint|p2a: Reuniclus
|-damage|p1a: Celebi|15/100|[from] item: Life Orb
|
|upkeep
|
|t:|1667528653
|switch|p2a: Crobat|Crobat, M|90/100
|turn|51
|
|t:|1667528656
|move|p2a: Crobat|Brave Bird|p1a: Celebi
|-supereffective|p1a: Celebi
|-damage|p1a: Celebi|0 fnt
|faint|p1a: Celebi
|-damage|p2a: Crobat|85/100|[from] Recoil
|
|win|Testinganteater
|raw|ArnoUUU's rating: 1313 &rarr; <strong>1300</strong><br />(-13 for losing)
|raw|Testinganteater's rating: 1447 &rarr; <strong>1460</strong><br />(+13 for winning)
|c|☆Testinganteater|Gg wp
