|j|☆Aerodragon3
|j|☆whistling
|t:|1625424348
|gametype|singles
|player|p1|Aerodragon3|dragontamer|1354
|player|p2|whistling|red|1523
|teamsize|p1|6
|teamsize|p2|6
|gen|8
|tier|[Gen 8] RU
|rated|
|rule|Sleep Clause Mod: Limit one foe put to sleep
|rule|Species Clause: Limit one of each Pokémon
|rule|OHKO Clause: OHKO moves are banned
|rule|Evasion Moves Clause: Evasion moves are banned
|rule|Endless Battle Clause: Forcing endless battles is banned
|rule|HP Percentage Mod: HP is shown in percentages
|rule|Dynamax Clause: You cannot dynamax
|clearpoke
|poke|p1|Mienshao, F|
|poke|p1|Togekiss, F|
|poke|p1|Cloyster, F|
|poke|p1|Raikou|
|poke|p1|Incineroar, F|
|poke|p1|Roserade, M|
|poke|p2|Thwackey, M|
|poke|p2|Reuniclus, M|
|poke|p2|Bronzong|
|poke|p2|Gastrodon-East, M|
|poke|p2|Incineroar, M|
|poke|p2|Noivern, M|
|teampreview
|inactive|Battle timer is ON: inactive players will automatically lose when time's up. (requested by Aerodragon3)
|
|t:|1625424385
|start
|switch|p1a: Incineroar|Incineroar, F|100/100
|switch|p2a: Noivern|Noivern, M|100/100
|-ability|p1a: Incineroar|Intimidate|boost
|-unboost|p2a: Noivern|atk|1
|turn|1
|
|t:|1625424393
|switch|p1a: Togekiss|Togekiss, F|100/100
|move|p2a: Noivern|Toxic|p1a: Togekiss
|-status|p1a: Togekiss|tox
|
|-damage|p1a: Togekiss|94/100 tox|[from] psn
|upkeep
|turn|2
|
|t:|1625424401
|switch|p2a: Bronzong|Bronzong|100/100
|move|p1a: Togekiss|Thunder Wave|p2a: Bronzong
|-status|p2a: Bronzong|par
|
|-damage|p1a: Togekiss|82/100 tox|[from] psn
|upkeep
|turn|3
|
|t:|1625424409
|move|p1a: Togekiss|Air Slash|p2a: Bronzong
|-resisted|p2a: Bronzong
|-damage|p2a: Bronzong|88/100 par
|cant|p2a: Bronzong|flinch
|
|-heal|p2a: Bronzong|95/100 par|[from] item: Leftovers
|-damage|p1a: Togekiss|64/100 tox|[from] psn
|upkeep
|turn|4
|
|t:|1625424417
|move|p1a: Togekiss|Air Slash|p2a: Bronzong
|-resisted|p2a: Bronzong
|-damage|p2a: Bronzong|82/100 par
|cant|p2a: Bronzong|flinch
|
|-heal|p2a: Bronzong|88/100 par|[from] item: Leftovers
|-damage|p1a: Togekiss|39/100 tox|[from] psn
|upkeep
|turn|5
|
|t:|1625424426
|move|p1a: Togekiss|Air Slash|p2a: Bronzong
|-resisted|p2a: Bronzong
|-damage|p2a: Bronzong|75/100 par
|cant|p2a: Bronzong|par
|
|-heal|p2a: Bronzong|81/100 par|[from] item: Leftovers
|-damage|p1a: Togekiss|9/100 tox|[from] psn
|upkeep
|turn|6
|
|t:|1625424434
|move|p1a: Togekiss|Air Slash|p2a: Bronzong|[miss]
|-miss|p1a: Togekiss|p2a: Bronzong
|cant|p2a: Bronzong|par
|
|-heal|p2a: Bronzong|87/100 par|[from] item: Leftovers
|-damage|p1a: Togekiss|0 fnt|[from] psn
|faint|p1a: Togekiss
|upkeep
|
|t:|1625424443
|switch|p1a: Incineroar|Incineroar, F|100/100
|-ability|p1a: Incineroar|Intimidate|boost
|-unboost|p2a: Bronzong|atk|1
|turn|7
|
|t:|1625424448
|switch|p2a: Gastrodon|Gastrodon-East, M|100/100
|move|p1a: Incineroar|Knock Off|p2a: Gastrodon
|-damage|p2a: Gastrodon|64/100
|-enditem|p2a: Gastrodon|Heavy-Duty Boots|[from] move: Knock Off|[of] p1a: Incineroar
|
|upkeep
|turn|8
|
|t:|1625424455
|switch|p1a: Roserade|Roserade, M|100/100
|move|p2a: Gastrodon|Recover|p2a: Gastrodon
|-heal|p2a: Gastrodon|100/100
|
|upkeep
|turn|9
|
|t:|1625424461
|switch|p2a: Bronzong|Bronzong|87/100 par
|move|p1a: Roserade|Sleep Powder||[still]
|-fail|p1a: Roserade
|
|-heal|p2a: Bronzong|93/100 par|[from] item: Leftovers
|upkeep
|turn|10
|
|t:|1625424468
|move|p1a: Roserade|Spikes|p2a: Bronzong
|-sidestart|p2: whistling|Spikes
|move|p2a: Bronzong|Stealth Rock|p1a: Roserade
|-sidestart|p1: Aerodragon3|move: Stealth Rock
|
|-heal|p2a: Bronzong|99/100 par|[from] item: Leftovers
|upkeep
|turn|11
|
|t:|1625424492
|move|p1a: Roserade|Spikes|p2a: Bronzong
|-sidestart|p2: whistling|Spikes
|move|p2a: Bronzong|Psychic|p1a: Roserade
|-supereffective|p1a: Roserade
|-damage|p1a: Roserade|33/100
|
|-heal|p1a: Roserade|39/100|[from] item: Black Sludge
|-heal|p2a: Bronzong|100/100 par|[from] item: Leftovers
|upkeep
|turn|12
|
|t:|1625424501
|switch|p1a: Incineroar|Incineroar, F|100/100
|-ability|p1a: Incineroar|Intimidate|boost
|-unboost|p2a: Bronzong|atk|1
|move|p2a: Bronzong|Heavy Slam|p1a: Incineroar
|-resisted|p1a: Incineroar
|-damage|p1a: Incineroar|94/100
|
|upkeep
|turn|13
|inactive|whistling has 120 seconds left.
|c|☆Aerodragon3|Please make a move, I have somewhere I need to be soon
|c|☆whistling|LOL
|
|t:|1625424555
|switch|p2a: Gastrodon|Gastrodon-East, M|100/100
|-damage|p2a: Gastrodon|84/100|[from] Spikes
|move|p1a: Incineroar|U-turn|p2a: Gastrodon
|-damage|p2a: Gastrodon|66/100
|
|t:|1625424561
|switch|p1a: Roserade|Roserade, M|39/100|[from]move: U-turn
|-damage|p1a: Roserade|27/100|[from] Stealth Rock
|
|-heal|p1a: Roserade|33/100|[from] item: Black Sludge
|upkeep
|turn|14
|
|t:|1625424569
|switch|p2a: Noivern|Noivern, M|100/100
|move|p1a: Roserade|Giga Drain|p2a: Noivern
|-resisted|p2a: Noivern
|-damage|p2a: Noivern|88/100
|-heal|p1a: Roserade|40/100|[from] drain|[of] p2a: Noivern
|
|-heal|p1a: Roserade|46/100|[from] item: Black Sludge
|upkeep
|turn|15
|
|t:|1625424579
|switch|p1a: Incineroar|Incineroar, F|94/100
|-ability|p1a: Incineroar|Intimidate|boost
|-unboost|p2a: Noivern|atk|1
|move|p2a: Noivern|Draco Meteor|p1a: Incineroar
|-damage|p1a: Incineroar|53/100
|-unboost|p2a: Noivern|spa|2
|
|upkeep
|turn|16
|
|t:|1625424588
|switch|p2a: Gastrodon|Gastrodon-East, M|66/100
|-damage|p2a: Gastrodon|49/100|[from] Spikes
|move|p1a: Incineroar|U-turn|p2a: Gastrodon
|-damage|p2a: Gastrodon|31/100
|
|t:|1625424594
|switch|p1a: Roserade|Roserade, M|46/100|[from]move: U-turn
|-damage|p1a: Roserade|34/100|[from] Stealth Rock
|
|-heal|p1a: Roserade|40/100|[from] item: Black Sludge
|upkeep
|turn|17
|
|t:|1625424601
|switch|p2a: Bronzong|Bronzong|100/100 par
|move|p1a: Roserade|Sleep Powder|p2a: Bronzong|[miss]
|-miss|p1a: Roserade|p2a: Bronzong
|
|-heal|p1a: Roserade|46/100|[from] item: Black Sludge
|upkeep
|turn|18
|
|t:|1625424610
|switch|p1a: Incineroar|Incineroar, F|53/100
|-ability|p1a: Incineroar|Intimidate|boost
|-unboost|p2a: Bronzong|atk|1
|switch|p2a: Noivern|Noivern, M|88/100
|
|upkeep
|turn|19
|
|t:|1625424617
|move|p2a: Noivern|Draco Meteor|p1a: Incineroar
|-damage|p1a: Incineroar|9/100
|-unboost|p2a: Noivern|spa|2
|move|p1a: Incineroar|U-turn|p2a: Noivern
|-resisted|p2a: Noivern
|-damage|p2a: Noivern|75/100
|
|t:|1625424625
|switch|p1a: Raikou|Raikou|100/100|[from]move: U-turn
|-damage|p1a: Raikou|88/100|[from] Stealth Rock
|-ability|p1a: Raikou|Pressure
|
|upkeep
|turn|20
|
|t:|1625424632
|move|p2a: Noivern|Toxic|p1a: Raikou
|-status|p1a: Raikou|tox
|move|p1a: Raikou|Aura Sphere|p2a: Noivern
|-resisted|p2a: Noivern
|-damage|p2a: Noivern|56/100
|
|-damage|p1a: Raikou|82/100 tox|[from] psn
|upkeep
|turn|21
|
|t:|1625424640
|move|p2a: Noivern|Roost|p2a: Noivern
|-heal|p2a: Noivern|100/100
|-singleturn|p2a: Noivern|move: Roost
|move|p1a: Raikou|Volt Switch|p2a: Noivern
|-resisted|p2a: Noivern
|-crit|p2a: Noivern
|-damage|p2a: Noivern|67/100
|
|t:|1625424650
|switch|p1a: Cloyster|Cloyster, F|100/100|[from]move: Volt Switch
|-damage|p1a: Cloyster|76/100|[from] Stealth Rock
|
|upkeep
|turn|22
|
|t:|1625424656
|move|p2a: Noivern|Draco Meteor|p1a: Cloyster
|-damage|p1a: Cloyster|20/100
|-unboost|p2a: Noivern|spa|2
|move|p1a: Cloyster|Shell Smash|p1a: Cloyster
|-unboost|p1a: Cloyster|def|1
|-unboost|p1a: Cloyster|spd|1
|-boost|p1a: Cloyster|atk|2
|-boost|p1a: Cloyster|spa|2
|-boost|p1a: Cloyster|spe|2
|
|upkeep
|turn|23
|
|t:|1625424666
|switch|p2a: Gastrodon|Gastrodon-East, M|31/100
|-damage|p2a: Gastrodon|14/100|[from] Spikes
|move|p1a: Cloyster|Ice Shard|p2a: Gastrodon
|-damage|p2a: Gastrodon|0 fnt
|faint|p2a: Gastrodon
|
|upkeep
|
|t:|1625424673
|switch|p2a: Thwackey|Thwackey, M|100/100
|-damage|p2a: Thwackey|84/100|[from] Spikes
|-fieldstart|move: Grassy Terrain|[from] ability: Grassy Surge|[of] p2a: Thwackey
|turn|24
|
|t:|1625424678
|move|p1a: Cloyster|Ice Shard|p2a: Thwackey
|-supereffective|p2a: Thwackey
|-damage|p2a: Thwackey|0 fnt
|faint|p2a: Thwackey
|
|-heal|p1a: Cloyster|26/100|[from] Grassy Terrain
|upkeep
|
|t:|1625424690
|switch|p2a: Bronzong|Bronzong|100/100 par
|turn|25
|
|t:|1625424692
|move|p1a: Cloyster|Icicle Spear|p2a: Bronzong
|-resisted|p2a: Bronzong
|-damage|p2a: Bronzong|90/100 par
|-resisted|p2a: Bronzong
|-damage|p2a: Bronzong|79/100 par
|-resisted|p2a: Bronzong
|-damage|p2a: Bronzong|68/100 par
|-resisted|p2a: Bronzong
|-damage|p2a: Bronzong|58/100 par
|-resisted|p2a: Bronzong
|-damage|p2a: Bronzong|47/100 par
|-hitcount|p2a: Bronzong|5
|move|p2a: Bronzong|Psychic|p1a: Cloyster
|-damage|p1a: Cloyster|0 fnt
|faint|p1a: Cloyster
|
|-heal|p2a: Bronzong|53/100 par|[from] item: Leftovers
|upkeep
|
|t:|1625424708
|switch|p1a: Raikou|Raikou|82/100 tox
|-damage|p1a: Raikou|69/100 tox|[from] Stealth Rock
|-ability|p1a: Raikou|Pressure
|turn|26
|
|t:|1625424713
|move|p1a: Raikou|Thunderbolt|p2a: Bronzong
|-damage|p2a: Bronzong|24/100 par
|move|p2a: Bronzong|Psychic|p1a: Raikou
|-damage|p1a: Raikou|44/100 tox
|
|-heal|p1a: Raikou|50/100 tox|[from] Grassy Terrain
|-heal|p2a: Bronzong|30/100 par|[from] item: Leftovers
|-damage|p1a: Raikou|44/100 tox|[from] psn
|upkeep
|turn|27
|
|t:|1625424723
|move|p1a: Raikou|Thunderbolt|p2a: Bronzong
|-damage|p2a: Bronzong|0 fnt
|faint|p2a: Bronzong
|
|-heal|p1a: Raikou|50/100 tox|[from] Grassy Terrain
|-damage|p1a: Raikou|38/100 tox|[from] psn
|upkeep
|
|t:|1625424733
|switch|p2a: Incineroar|Incineroar, M|100/100
|-ability|p2a: Incineroar|Intimidate|boost
|-unboost|p1a: Raikou|atk|1
|turn|28
|
|t:|1625424738
|move|p1a: Raikou|Aura Sphere|p2a: Incineroar
|-supereffective|p2a: Incineroar
|-damage|p2a: Incineroar|58/100
|move|p2a: Incineroar|Flare Blitz|p1a: Raikou
|-damage|p1a: Raikou|0 fnt
|faint|p1a: Raikou
|-damage|p2a: Incineroar|48/100|[from] Recoil
|
|-heal|p2a: Incineroar|54/100|[from] Grassy Terrain
|-fieldend|move: Grassy Terrain
|upkeep
|
|t:|1625424750
|switch|p1a: Mienshao|Mienshao, F|100/100
|-damage|p1a: Mienshao|95/100|[from] Stealth Rock
|turn|29
|
|t:|1625424757
|move|p1a: Mienshao|Stone Edge|p2a: Incineroar
|-supereffective|p2a: Incineroar
|-damage|p2a: Incineroar|0 fnt
|faint|p2a: Incineroar
|
|upkeep
|
|t:|1625424759
|switch|p2a: Reuniclus|Reuniclus, M|100/100
|turn|30
|
|t:|1625424765
|switch|p1a: Incineroar|Incineroar, F|9/100
|-ability|p1a: Incineroar|Intimidate|boost
|-unboost|p2a: Reuniclus|atk|1
|move|p2a: Reuniclus|Focus Blast|p1a: Incineroar
|-supereffective|p1a: Incineroar
|-damage|p1a: Incineroar|0 fnt
|faint|p1a: Incineroar
|
|upkeep
|
|t:|1625424775
|switch|p1a: Mienshao|Mienshao, F|100/100
|-damage|p1a: Mienshao|95/100|[from] Stealth Rock
|turn|31
|
|t:|1625424779
|move|p1a: Mienshao|U-turn|p2a: Reuniclus
|-supereffective|p2a: Reuniclus
|-damage|p2a: Reuniclus|63/100
|
|t:|1625424781
|switch|p1a: Roserade|Roserade, M|46/100|[from]move: U-turn
|-damage|p1a: Roserade|34/100|[from] Stealth Rock
|move|p2a: Reuniclus|Recover|p2a: Reuniclus
|-heal|p2a: Reuniclus|100/100
|
|-heal|p1a: Roserade|40/100|[from] item: Black Sludge
|upkeep
|turn|32
|
|t:|1625424791
|move|p1a: Roserade|Sleep Powder|p2a: Reuniclus
|-status|p2a: Reuniclus|slp|[from] move: Sleep Powder
|cant|p2a: Reuniclus|slp
|
|-heal|p1a: Roserade|46/100|[from] item: Black Sludge
|upkeep
|turn|33
|
|t:|1625424799
|switch|p2a: Noivern|Noivern, M|67/100
|move|p1a: Roserade|Giga Drain|p2a: Noivern
|-resisted|p2a: Noivern
|-damage|p2a: Noivern|54/100
|-heal|p1a: Roserade|55/100|[from] drain|[of] p2a: Noivern
|
|-heal|p1a: Roserade|61/100|[from] item: Black Sludge
|upkeep
|turn|34
|
|t:|1625424808
|move|p2a: Noivern|Draco Meteor|p1a: Roserade
|-damage|p1a: Roserade|7/100
|-unboost|p2a: Noivern|spa|2
|move|p1a: Roserade|Sludge Bomb|p2a: Noivern
|-damage|p2a: Noivern|0 fnt
|faint|p2a: Noivern
|
|-heal|p1a: Roserade|14/100|[from] item: Black Sludge
|upkeep
|
|t:|1625424813
|switch|p2a: Reuniclus|Reuniclus, M|100/100 slp
|turn|35
|c|☆Aerodragon3|Am I about to clutch this?
|
|t:|1625424826
|move|p1a: Roserade|Giga Drain|p2a: Reuniclus
|-damage|p2a: Reuniclus|66/100 slp
|-heal|p1a: Roserade|42/100|[from] drain|[of] p2a: Reuniclus
|-curestatus|p2a: Reuniclus|slp|[msg]
|move|p2a: Reuniclus|Calm Mind|p2a: Reuniclus
|-boost|p2a: Reuniclus|spa|1
|-boost|p2a: Reuniclus|spd|1
|
|-heal|p1a: Roserade|48/100|[from] item: Black Sludge
|upkeep
|turn|36
|
|t:|1625424837
|move|p1a: Roserade|Giga Drain|p2a: Reuniclus
|-damage|p2a: Reuniclus|42/100
|-heal|p1a: Roserade|67/100|[from] drain|[of] p2a: Reuniclus
|move|p2a: Reuniclus|Stored Power|p1a: Roserade
|-supereffective|p1a: Roserade
|-damage|p1a: Roserade|0 fnt
|faint|p1a: Roserade
|
|upkeep
|
|t:|1625424846
|switch|p1a: Mienshao|Mienshao, F|100/100
|-damage|p1a: Mienshao|95/100|[from] Stealth Rock
|turn|37
|
|t:|1625424850
|move|p1a: Mienshao|Knock Off|p2a: Reuniclus
|-supereffective|p2a: Reuniclus
|-damage|p2a: Reuniclus|0 fnt
|-enditem|p2a: Reuniclus|Grassy Seed|[from] move: Knock Off|[of] p1a: Mienshao
|faint|p2a: Reuniclus
|
|win|Aerodragon3
|raw|Aerodragon3's rating: 1354 &rarr; <strong>1383</strong><br />(+29 for winning)
|raw|whistling's rating: 1524 &rarr; <strong>1495</strong><br />(-29 for losing)
|l|☆whistling
|c|☆Aerodragon3|Gg
||Ladder isn't responding, score probably updated but might not have (Request timeout).
|l|☆Aerodragon3
|j|☆Aerodragon3
|player|p1|Aerodragon3|dragontamer
