|j|☆carbonlifeform_exp
|j|☆Qsxcdw
|t:|1636408616
|gametype|singles
|player|p1|carbonlifeform_exp|101|1295
|player|p2|Qsxcdw|nate|1357
|teamsize|p1|6
|teamsize|p2|6
|gen|8
|tier|[Gen 8] RU
|rated|
|rule|Sleep Clause Mod: Limit one foe put to sleep
|rule|Species Clause: Limit one of each Pokémon
|rule|OHKO Clause: OHKO moves are banned
|rule|Evasion Moves Clause: Evasion moves are banned
|rule|Endless Battle Clause: Forcing endless battles is banned
|rule|HP Percentage Mod: HP is shown in percentages
|rule|Dynamax Clause: You cannot dynamax
|clearpoke
|poke|p1|Bewear, F|
|poke|p1|Xatu, F|
|poke|p1|Golisopod, F|
|poke|p1|Chandelure, F|
|poke|p1|Raikou|
|poke|p1|Flygon, F|
|poke|p2|Lucario, F|
|poke|p2|Metagross|
|poke|p2|Crobat, F|
|poke|p2|Suicune|
|poke|p2|Celebi|
|poke|p2|Runerigus, M|
|teampreview
|
|t:|1636408626
|start
|switch|p1a: Flygon|Flygon, F|100/100
|switch|p2a: Crobat|Crobat, F|100/100
|turn|1
|
|t:|1636408638
|move|p1a: Flygon|Stone Edge|p2a: Crobat|[miss]
|-miss|p1a: Flygon|p2a: Crobat
|move|p2a: Crobat|Brave Bird|p1a: Flygon
|-damage|p1a: Flygon|9/100
|-damage|p2a: Crobat|72/100|[from] Recoil
|
|upkeep
|turn|2
|
|t:|1636408657
|switch|p2a: Runerigus|Runerigus, M|100/100
|move|p1a: Flygon|Stone Edge|p2a: Runerigus
|-resisted|p2a: Runerigus
|-damage|p2a: Runerigus|91/100
|
|-status|p2a: Runerigus|tox|[from] item: Toxic Orb
|upkeep
|turn|3
|
|t:|1636408674
|switch|p1a: Chandelure|Chandelure, F|100/100
|move|p2a: Runerigus|Trick|p1a: Chandelure
|-activate|p2a: Runerigus|move: Trick|[of] p1a: Chandelure
|-item|p1a: Chandelure|Toxic Orb|[from] move: Trick
|-item|p2a: Runerigus|Choice Specs|[from] move: Trick
|
|-damage|p2a: Runerigus|85/100 tox|[from] psn
|-status|p1a: Chandelure|tox|[from] item: Toxic Orb
|upkeep
|turn|4
|
|t:|1636408687
|switch|p2a: Suicune|Suicune|100/100
|-ability|p2a: Suicune|Pressure
|move|p1a: Chandelure|Shadow Ball|p2a: Suicune
|-damage|p2a: Suicune|67/100
|
|-heal|p2a: Suicune|73/100|[from] item: Leftovers
|-damage|p1a: Chandelure|94/100 tox|[from] psn
|upkeep
|turn|5
|
|t:|1636408696
|move|p1a: Chandelure|Trick|p2a: Suicune
|-activate|p1a: Chandelure|move: Trick|[of] p2a: Suicune
|-item|p2a: Suicune|Toxic Orb|[from] move: Trick
|-item|p1a: Chandelure|Leftovers|[from] move: Trick
|move|p2a: Suicune|Scald|p1a: Chandelure
|-supereffective|p1a: Chandelure
|-damage|p1a: Chandelure|18/100 tox
|
|-heal|p1a: Chandelure|24/100 tox|[from] item: Leftovers
|-damage|p1a: Chandelure|12/100 tox|[from] psn
|-status|p2a: Suicune|tox|[from] item: Toxic Orb
|upkeep
|turn|6
|
|t:|1636408707
|switch|p1a: Raikou|Raikou|100/100
|-ability|p1a: Raikou|Pressure
|move|p2a: Suicune|Scald|p1a: Raikou
|-damage|p1a: Raikou|75/100
|-status|p1a: Raikou|brn
|
|-heal|p1a: Raikou|81/100 brn|[from] item: Leftovers
|-damage|p2a: Suicune|67/100 tox|[from] psn
|-damage|p1a: Raikou|75/100 brn|[from] brn
|upkeep
|turn|7
|
|t:|1636408720
|switch|p2a: Runerigus|Runerigus, M|85/100 tox
|move|p1a: Raikou|Calm Mind|p1a: Raikou
|-boost|p1a: Raikou|spa|1
|-boost|p1a: Raikou|spd|1
|
|-heal|p1a: Raikou|81/100 brn|[from] item: Leftovers
|-damage|p2a: Runerigus|79/100 tox|[from] psn
|-damage|p1a: Raikou|75/100 brn|[from] brn
|upkeep
|turn|8
|
|t:|1636408729
|move|p1a: Raikou|Substitute|p1a: Raikou
|-start|p1a: Raikou|Substitute
|-damage|p1a: Raikou|50/100 brn
|move|p2a: Runerigus|Body Press|p1a: Raikou
|-end|p1a: Raikou|Substitute
|
|-heal|p1a: Raikou|57/100 brn|[from] item: Leftovers
|-damage|p2a: Runerigus|66/100 tox|[from] psn
|-damage|p1a: Raikou|50/100 brn|[from] brn
|upkeep
|turn|9
|
|t:|1636408741
|switch|p2a: Suicune|Suicune|67/100 tox
|-ability|p2a: Suicune|Pressure
|move|p1a: Raikou|Scald|p2a: Suicune
|-resisted|p2a: Suicune
|-damage|p2a: Suicune|53/100 tox
|
|-heal|p1a: Raikou|57/100 brn|[from] item: Leftovers
|-damage|p2a: Suicune|47/100 tox|[from] psn
|-damage|p1a: Raikou|50/100 brn|[from] brn
|upkeep
|turn|10
|
|t:|1636408752
|switch|p2a: Celebi|Celebi|100/100
|move|p1a: Raikou|Thunderbolt|p2a: Celebi
|-resisted|p2a: Celebi
|-damage|p2a: Celebi|67/100
|
|-heal|p1a: Raikou|57/100 brn|[from] item: Leftovers
|-damage|p1a: Raikou|50/100 brn|[from] brn
|upkeep
|turn|11
|
|t:|1636408765
|move|p2a: Celebi|U-turn|p1a: Raikou
|-crit|p1a: Raikou
|-damage|p1a: Raikou|6/100 brn
|
|t:|1636408768
|switch|p2a: Runerigus|Runerigus, M|66/100 tox|[from]move: U-turn
|move|p1a: Raikou|Calm Mind|p1a: Raikou
|-boost|p1a: Raikou|spa|1
|-boost|p1a: Raikou|spd|1
|
|-heal|p1a: Raikou|12/100 brn|[from] item: Leftovers
|-damage|p2a: Runerigus|60/100 tox|[from] psn
|-damage|p1a: Raikou|6/100 brn|[from] brn
|upkeep
|turn|12
|
|t:|1636408778
|switch|p2a: Celebi|Celebi|67/100
|move|p1a: Raikou|Scald|p2a: Celebi
|-resisted|p2a: Celebi
|-damage|p2a: Celebi|39/100
|
|-heal|p1a: Raikou|12/100 brn|[from] item: Leftovers
|-damage|p1a: Raikou|6/100 brn|[from] brn
|upkeep
|turn|13
|
|t:|1636408787
|switch|p1a: Xatu|Xatu, F|100/100
|move|p2a: Celebi|U-turn|p1a: Xatu
|-damage|p1a: Xatu|71/100
|-damage|p2a: Celebi|22/100|[from] item: Rocky Helmet|[of] p1a: Xatu
|
|t:|1636408791
|switch|p2a: Crobat|Crobat, F|72/100|[from]move: U-turn
|
|upkeep
|turn|14
|
|t:|1636408797
|move|p2a: Crobat|Brave Bird|p1a: Xatu
|-damage|p1a: Xatu|0 fnt
|-damage|p2a: Crobat|55/100|[from] item: Rocky Helmet|[of] p1a: Xatu
|faint|p1a: Xatu
|-damage|p2a: Crobat|30/100|[from] Recoil
|
|upkeep
|
|t:|1636408807
|switch|p1a: Flygon|Flygon, F|9/100
|turn|15
|
|t:|1636408815
|switch|p2a: Runerigus|Runerigus, M|60/100 tox
|move|p1a: Flygon|Outrage|p2a: Runerigus
|-damage|p2a: Runerigus|29/100 tox
|-activate|p2a: Runerigus|ability: Wandering Spirit|Levitate|Wandering Spirit|[of] p1a: Flygon
|
|-damage|p2a: Runerigus|23/100 tox|[from] psn
|upkeep
|turn|16
|
|t:|1636408824
|switch|p2a: Metagross|Metagross|100/100
|move|p1a: Flygon|Outrage|p2a: Metagross|[from]lockedmove
|-resisted|p2a: Metagross
|-damage|p2a: Metagross|82/100
|-start|p1a: Flygon|confusion|[fatigue]
|
|upkeep
|turn|17
|
|t:|1636408836
|switch|p1a: Chandelure|Chandelure, F|12/100 tox
|move|p2a: Metagross|Meteor Mash|p1a: Chandelure
|-resisted|p1a: Chandelure
|-damage|p1a: Chandelure|0 fnt
|-boost|p2a: Metagross|atk|1
|faint|p1a: Chandelure
|
|upkeep
|
|t:|1636408843
|switch|p1a: Golisopod|Golisopod, F|100/100
|turn|18
|
|t:|1636408847
|move|p1a: Golisopod|First Impression|p2a: Metagross
|-crit|p2a: Metagross
|-damage|p2a: Metagross|26/100
|move|p2a: Metagross|Meteor Mash|p1a: Golisopod
|-resisted|p1a: Golisopod
|-damage|p1a: Golisopod|54/100
|-boost|p2a: Metagross|atk|1
|
|upkeep
|turn|19
|
|t:|1636408854
|move|p1a: Golisopod|Sucker Punch|p2a: Metagross
|-supereffective|p2a: Metagross
|-damage|p2a: Metagross|0 fnt
|faint|p2a: Metagross
|
|upkeep
|
|t:|1636408866
|switch|p2a: Lucario|Lucario, F|100/100
|turn|20
|
|t:|1636408872
|move|p2a: Lucario|Close Combat|p1a: Golisopod
|-resisted|p1a: Golisopod
|-damage|p1a: Golisopod|34/100
|-unboost|p2a: Lucario|def|1
|-unboost|p2a: Lucario|spd|1
|-activate|p1a: Golisopod|ability: Emergency Exit
|
|t:|1636408880
|switch|p1a: Bewear|Bewear, F|100/100
|
|upkeep
|turn|21
|
|t:|1636408887
|move|p2a: Lucario|Close Combat|p1a: Bewear
|-supereffective|p1a: Bewear
|-damage|p1a: Bewear|53/100
|-unboost|p2a: Lucario|def|1
|-unboost|p2a: Lucario|spd|1
|-damage|p2a: Lucario|84/100|[from] item: Rocky Helmet|[of] p1a: Bewear
|move|p1a: Bewear|Drain Punch|p2a: Lucario
|-supereffective|p2a: Lucario
|-crit|p2a: Lucario
|-damage|p2a: Lucario|0 fnt
|-heal|p1a: Bewear|80/100|[from] drain|[of] p2a: Lucario
|faint|p2a: Lucario
|
|upkeep
|
|t:|1636408899
|switch|p2a: Crobat|Crobat, F|30/100
|turn|22
|
|t:|1636408915
|switch|p1a: Raikou|Raikou|6/100 brn
|-ability|p1a: Raikou|Pressure
|move|p2a: Crobat|Brave Bird|p1a: Raikou
|-resisted|p1a: Raikou
|-damage|p1a: Raikou|0 fnt
|faint|p1a: Raikou
|-damage|p2a: Crobat|28/100|[from] Recoil
|
|upkeep
|
|t:|1636408924
|switch|p1a: Flygon|Flygon, F|9/100
|turn|23
|
|t:|1636408927
|switch|p2a: Runerigus|Runerigus, M|23/100 tox
|move|p1a: Flygon|Outrage|p2a: Runerigus
|-damage|p2a: Runerigus|0 fnt
|-activate|p2a: Runerigus|ability: Wandering Spirit|Levitate|Wandering Spirit|[of] p1a: Flygon
|faint|p2a: Runerigus
|
|upkeep
|
|t:|1636408931
|switch|p2a: Crobat|Crobat, F|28/100
|turn|24
|
|t:|1636408936
|move|p2a: Crobat|Quick Attack|p1a: Flygon
|-damage|p1a: Flygon|0 fnt
|-activate|p1a: Flygon|ability: Wandering Spirit|Infiltrator|Wandering Spirit|[of] p2a: Crobat
|faint|p1a: Flygon
|
|upkeep
|
|t:|1636408944
|switch|p1a: Bewear|Bewear, F|80/100
|turn|25
|
|t:|1636408955
|move|p2a: Crobat|Quick Attack|p1a: Bewear
|-damage|p1a: Bewear|72/100
|-damage|p2a: Crobat|11/100|[from] item: Rocky Helmet|[of] p1a: Bewear
|move|p1a: Bewear|Double-Edge|p2a: Crobat
|-damage|p2a: Crobat|0 fnt
|-activate|p2a: Crobat|ability: Wandering Spirit|Fluffy|Wandering Spirit|[of] p1a: Bewear
|faint|p2a: Crobat
|-damage|p1a: Bewear|69/100|[from] Recoil
|
|upkeep
|
|t:|1636408959
|switch|p2a: Celebi|Celebi|22/100
|turn|26
|
|t:|1636408966
|move|p2a: Celebi|Zen Headbutt|p1a: Bewear
|-supereffective|p1a: Bewear
|-damage|p1a: Bewear|3/100
|-damage|p2a: Celebi|6/100|[from] item: Rocky Helmet|[of] p1a: Bewear
|-activate|p1a: Bewear|ability: Wandering Spirit|Natural Cure|Wandering Spirit|[of] p2a: Celebi
|cant|p1a: Bewear|flinch
|
|upkeep
|turn|27
|
|t:|1636408982
|move|p2a: Celebi|Zen Headbutt|p1a: Bewear
|-supereffective|p1a: Bewear
|-damage|p1a: Bewear|0 fnt
|-damage|p2a: Celebi|0 fnt|[from] item: Rocky Helmet|[of] p1a: Bewear
|faint|p1a: Bewear
|faint|p2a: Celebi
|
|upkeep
|
|t:|1636408988
|switch|p2a: Suicune|Suicune|47/100 tox
|switch|p1a: Golisopod|Golisopod, F|34/100
|-ability|p2a: Suicune|Pressure
|turn|28
|
|t:|1636408996
|move|p2a: Suicune|Rest|p2a: Suicune
|-status|p2a: Suicune|slp|[from] move: Rest
|-heal|p2a: Suicune|100/100 slp|[silent]
|move|p1a: Golisopod|Leech Life|p2a: Suicune
|-damage|p2a: Suicune|73/100 slp
|-heal|p1a: Golisopod|50/100|[from] drain|[of] p2a: Suicune
|
|upkeep
|turn|29
|
|t:|1636409004
|cant|p2a: Suicune|slp
|move|p2a: Suicune|Sleep Talk|p2a: Suicune
|move|p2a: Suicune|Calm Mind|p2a: Suicune|[from]move: Sleep Talk
|-boost|p2a: Suicune|spa|1
|-boost|p2a: Suicune|spd|1
|move|p1a: Golisopod|Leech Life|p2a: Suicune
|-crit|p2a: Suicune
|-damage|p2a: Suicune|34/100 slp
|-heal|p1a: Golisopod|73/100|[from] drain|[of] p2a: Suicune
|
|upkeep
|turn|30
|
|t:|1636409019
|cant|p2a: Suicune|slp
|move|p2a: Suicune|Sleep Talk|p2a: Suicune
|move|p2a: Suicune|Calm Mind|p2a: Suicune|[from]move: Sleep Talk
|-boost|p2a: Suicune|spa|1
|-boost|p2a: Suicune|spd|1
|move|p1a: Golisopod|Leech Life|p2a: Suicune
|-damage|p2a: Suicune|8/100 slp
|-heal|p1a: Golisopod|88/100|[from] drain|[of] p2a: Suicune
|
|upkeep
|turn|31
|
|t:|1636409031
|-curestatus|p2a: Suicune|slp|[msg]
|move|p2a: Suicune|Rest|p2a: Suicune
|-status|p2a: Suicune|slp|[from] move: Rest
|-heal|p2a: Suicune|100/100 slp|[silent]
|move|p1a: Golisopod|Liquidation|p2a: Suicune
|-resisted|p2a: Suicune
|-damage|p2a: Suicune|86/100 slp
|-unboost|p2a: Suicune|def|1
|
|upkeep
|turn|32
|
|t:|1636409040
|cant|p2a: Suicune|slp
|move|p2a: Suicune|Sleep Talk|p2a: Suicune
|move|p2a: Suicune|Rest||[from]move: Sleep Talk|[still]
|-fail|p2a: Suicune
|move|p1a: Golisopod|Liquidation|p2a: Suicune
|-resisted|p2a: Suicune
|-damage|p2a: Suicune|66/100 slp
|
|upkeep
|turn|33
|
|t:|1636409048
|cant|p2a: Suicune|slp
|move|p2a: Suicune|Sleep Talk|p2a: Suicune
|move|p2a: Suicune|Calm Mind|p2a: Suicune|[from]move: Sleep Talk
|-boost|p2a: Suicune|spa|1
|-boost|p2a: Suicune|spd|1
|move|p1a: Golisopod|Liquidation|p2a: Suicune
|-resisted|p2a: Suicune
|-damage|p2a: Suicune|44/100 slp
|
|upkeep
|turn|34
|
|t:|1636409057
|-curestatus|p2a: Suicune|slp|[msg]
|move|p2a: Suicune|Rest|p2a: Suicune
|-status|p2a: Suicune|slp|[from] move: Rest
|-heal|p2a: Suicune|100/100 slp|[silent]
|move|p1a: Golisopod|Leech Life|p2a: Suicune
|-damage|p2a: Suicune|62/100 slp
|-heal|p1a: Golisopod|100/100|[from] drain|[of] p2a: Suicune
|
|upkeep
|turn|35
|
|t:|1636409066
|cant|p2a: Suicune|slp
|move|p2a: Suicune|Sleep Talk|p2a: Suicune
|move|p2a: Suicune|Rest||[from]move: Sleep Talk|[still]
|-fail|p2a: Suicune
|move|p1a: Golisopod|Leech Life|p2a: Suicune
|-damage|p2a: Suicune|25/100 slp
|
|upkeep
|turn|36
|
|t:|1636409073
|cant|p2a: Suicune|slp
|move|p2a: Suicune|Sleep Talk|p2a: Suicune
|move|p2a: Suicune|Scald|p1a: Golisopod|[from]move: Sleep Talk
|-resisted|p1a: Golisopod
|-damage|p1a: Golisopod|79/100
|move|p1a: Golisopod|Leech Life|p2a: Suicune
|-damage|p2a: Suicune|0 fnt
|-heal|p1a: Golisopod|93/100|[from] drain|[of] p2a: Suicune
|faint|p2a: Suicune
|
|win|carbonlifeform_exp
|raw|carbonlifeform_exp's rating: 1295 &rarr; <strong>1324</strong><br />(+29 for winning)
|raw|Qsxcdw's rating: 1357 &rarr; <strong>1333</strong><br />(-24 for losing)
|l|☆Qsxcdw
|c|☆carbonlifeform_exp|gg
