|j|☆bebo7788
|j|☆Sensei Axewツ
|player|p1|bebo7788|1|1580
|player|p2|Sensei Axewツ|rocketgrunt|1434
|teamsize|p1|6
|teamsize|p2|6
|gametype|singles
|gen|8
|tier|[Gen 8] RU
|rated|
|clearpoke
|poke|p1|Silvally-*|
|poke|p1|Sigilyph, F|
|poke|p1|Passimian, F|
|poke|p1|Vaporeon, F|
|poke|p1|Vileplume, M|
|poke|p1|Gigalith, M|
|poke|p2|Gigalith, F|
|poke|p2|Passimian, F|
|poke|p2|Silvally-*|
|poke|p2|Sigilyph, F|
|poke|p2|Torkoal, F|
|poke|p2|Vileplume, M|
|rule|Sleep Clause Mod: Limit one foe put to sleep
|rule|Species Clause: Limit one of each Pokémon
|rule|OHKO Clause: OHKO moves are banned
|rule|Evasion Moves Clause: Evasion moves are banned
|rule|Endless Battle Clause: Forcing endless battles is banned
|rule|HP Percentage Mod: HP is shown in percentages
|rule|Dynamax Clause: You cannot dynamax
|teampreview
|c|☆bebo7788|hf
|c|☆bebo7788|and 1 sec
|c|☆bebo7788|playing antoher
|c|☆Sensei Axewツ|oh hi bebo
|c|☆Sensei Axewツ|hf
|c|☆bebo7788|me redy
|c|☆Sensei Axewツ|our team is literally the same i-
|c|☆bebo7788|thats the entire team
|c|☆bebo7788|gen*
|c|☆bebo7788|tier*
|c|☆Sensei Axewツ|true
|
|start
|switch|p1a: Gigalith|Gigalith, M|100/100
|switch|p2a: Passimian|Passimian, F|100/100
|-weather|Sandstorm|[from] ability: Sand Stream|[of] p1a: Gigalith
|turn|1
|
|move|p1a: Gigalith|Protect|p1a: Gigalith
|-singleturn|p1a: Gigalith|Protect
|move|p2a: Passimian|Knock Off|p1a: Gigalith
|-activate|p1a: Gigalith|move: Protect
|
|-weather|Sandstorm|[upkeep]
|-damage|p2a: Passimian|94/100|[from] Sandstorm
|upkeep
|turn|2
|
|switch|p1a: Silvally|Silvally-Steel|100/100
|move|p2a: Passimian|Knock Off|p1a: Silvally
|-damage|p1a: Silvally|78/100
|
|-weather|Sandstorm|[upkeep]
|-damage|p2a: Passimian|88/100|[from] Sandstorm
|upkeep
|turn|3
|
|move|p2a: Passimian|Knock Off|p1a: Silvally
|-damage|p1a: Silvally|56/100
|move|p1a: Silvally|U-turn|p2a: Passimian
|-resisted|p2a: Passimian
|-damage|p2a: Passimian|77/100
|
|switch|p1a: Passimian|Passimian, F|100/100|[from]move: U-turn
|
|-weather|Sandstorm|[upkeep]
|-damage|p2a: Passimian|71/100|[from] Sandstorm
|-damage|p1a: Passimian|94/100|[from] Sandstorm
|upkeep
|turn|4
|
|switch|p2a: Vileplume|Vileplume, M|100/100
|move|p1a: Passimian|Knock Off|p2a: Vileplume
|-damage|p2a: Vileplume|74/100
|-enditem|p2a: Vileplume|Black Sludge|[from] move: Knock Off|[of] p1a: Passimian
|
|-weather|Sandstorm|[upkeep]
|-damage|p1a: Passimian|88/100|[from] Sandstorm
|-damage|p2a: Vileplume|68/100|[from] Sandstorm
|upkeep
|turn|5
|
|switch|p1a: Vileplume|Vileplume, M|100/100
|switch|p2a: Silvally|Silvally-Dark|100/100
|
|-weather|none
|upkeep
|turn|6
|
|move|p2a: Silvally|Swords Dance|p2a: Silvally
|-boost|p2a: Silvally|atk|2
|move|p1a: Vileplume|Sludge Bomb|p2a: Silvally
|-damage|p2a: Silvally|62/100
|
|upkeep
|turn|7
|
|switch|p1a: Passimian|Passimian, F|88/100
|move|p2a: Silvally|Psychic Fangs|p1a: Passimian
|-supereffective|p1a: Passimian
|-damage|p1a: Passimian|0 fnt
|faint|p1a: Passimian
|
|upkeep
|c|☆bebo7788|uhm
|
|switch|p1a: Gigalith|Gigalith, M|100/100
|-weather|Sandstorm|[from] ability: Sand Stream|[of] p1a: Gigalith
|turn|8
|
|move|p2a: Silvally|Multi-Attack|p1a: Gigalith
|-damage|p1a: Gigalith|36/100
|move|p1a: Gigalith|Body Press|p2a: Silvally
|-supereffective|p2a: Silvally
|-damage|p2a: Silvally|4/100
|
|-weather|Sandstorm|[upkeep]
|-damage|p2a: Silvally|0 fnt|[from] Sandstorm
|faint|p2a: Silvally
|-heal|p1a: Gigalith|42/100|[from] item: Leftovers
|upkeep
|c|☆bebo7788|k we good
|
|switch|p2a: Torkoal|Torkoal, F|100/100
|-weather|SunnyDay|[from] ability: Drought|[of] p2a: Torkoal
|turn|9
|
|switch|p1a: Vaporeon|Vaporeon, F|100/100
|move|p2a: Torkoal|Body Press|p1a: Vaporeon
|-damage|p1a: Vaporeon|75/100
|
|-weather|SunnyDay|[upkeep]
|-heal|p1a: Vaporeon|81/100|[from] item: Leftovers
|upkeep
|turn|10
|
|switch|p2a: Sigilyph|Sigilyph, F|100/100
|move|p1a: Vaporeon|Scald|p2a: Sigilyph
|-damage|p2a: Sigilyph|80/100
|
|-weather|SunnyDay|[upkeep]
|-heal|p1a: Vaporeon|87/100|[from] item: Leftovers
|upkeep
|turn|11
|
|move|p2a: Sigilyph|Psyshock|p1a: Vaporeon
|-damage|p1a: Vaporeon|56/100
|move|p1a: Vaporeon|Wish|p1a: Vaporeon
|
|-weather|SunnyDay|[upkeep]
|-heal|p1a: Vaporeon|62/100|[from] item: Leftovers
|upkeep
|turn|12
|
|switch|p1a: Gigalith|Gigalith, M|42/100
|-weather|Sandstorm|[from] ability: Sand Stream|[of] p1a: Gigalith
|move|p2a: Sigilyph|Psyshock|p1a: Gigalith
|-damage|p1a: Gigalith|16/100
|
|-weather|Sandstorm|[upkeep]
|-heal|p1a: Gigalith|78/100|[from] move: Wish|[wisher] Vaporeon
|-heal|p1a: Gigalith|84/100|[from] item: Leftovers
|upkeep
|turn|13
|
|switch|p2a: Torkoal|Torkoal, F|100/100
|-weather|SunnyDay|[from] ability: Drought|[of] p2a: Torkoal
|move|p1a: Gigalith|Stealth Rock|p2a: Torkoal
|-sidestart|p2: Sensei Axewツ|move: Stealth Rock
|
|-weather|SunnyDay|[upkeep]
|-heal|p1a: Gigalith|90/100|[from] item: Leftovers
|upkeep
|turn|14
|
|switch|p1a: Vaporeon|Vaporeon, F|62/100
|move|p2a: Torkoal|Rapid Spin|p1a: Vaporeon
|-damage|p1a: Vaporeon|55/100
|-sideend|p2: Sensei Axewツ|Stealth Rock|[from] move: Rapid Spin|[of] p2a: Torkoal
|-boost|p2a: Torkoal|spe|1
|
|-weather|SunnyDay|[upkeep]
|-heal|p1a: Vaporeon|61/100|[from] item: Leftovers
|upkeep
|turn|15
|
|move|p1a: Vaporeon|Wish|p1a: Vaporeon
|move|p2a: Torkoal|Will-O-Wisp|p1a: Vaporeon
|-status|p1a: Vaporeon|brn
|
|-weather|SunnyDay|[upkeep]
|-heal|p1a: Vaporeon|67/100 brn|[from] item: Leftovers
|-damage|p1a: Vaporeon|61/100 brn|[from] brn
|upkeep
|turn|16
|
|switch|p2a: Vileplume|Vileplume, M|68/100
|move|p1a: Vaporeon|Ice Beam|p2a: Vileplume
|-supereffective|p2a: Vileplume
|-damage|p2a: Vileplume|23/100
|
|-weather|SunnyDay|[upkeep]
|-heal|p1a: Vaporeon|100/100 brn|[from] move: Wish|[wisher] Vaporeon
|-damage|p1a: Vaporeon|94/100 brn|[from] brn
|upkeep
|turn|17
|
|switch|p2a: Gigalith|Gigalith, F|100/100
|-weather|Sandstorm|[from] ability: Sand Stream|[of] p2a: Gigalith
|move|p1a: Vaporeon|Ice Beam|p2a: Gigalith
|-damage|p2a: Gigalith|89/100
|
|-weather|Sandstorm|[upkeep]
|-damage|p1a: Vaporeon|88/100 brn|[from] Sandstorm
|-heal|p1a: Vaporeon|94/100 brn|[from] item: Leftovers
|-heal|p2a: Gigalith|95/100|[from] item: Leftovers
|-damage|p1a: Vaporeon|88/100 brn|[from] brn
|upkeep
|turn|18
|
|move|p1a: Vaporeon|Scald|p2a: Gigalith
|-supereffective|p2a: Gigalith
|-crit|p2a: Gigalith
|-damage|p2a: Gigalith|41/100
|move|p2a: Gigalith|Stealth Rock|p1a: Vaporeon
|-sidestart|p1: bebo7788|move: Stealth Rock
|
|-weather|Sandstorm|[upkeep]
|-damage|p1a: Vaporeon|82/100 brn|[from] Sandstorm
|-heal|p1a: Vaporeon|88/100 brn|[from] item: Leftovers
|-heal|p2a: Gigalith|48/100|[from] item: Leftovers
|-damage|p1a: Vaporeon|82/100 brn|[from] brn
|upkeep
|turn|19
|
|move|p2a: Gigalith|Protect|p2a: Gigalith
|-singleturn|p2a: Gigalith|Protect
|move|p1a: Vaporeon|Wish|p1a: Vaporeon
|
|-weather|Sandstorm|[upkeep]
|-damage|p1a: Vaporeon|76/100 brn|[from] Sandstorm
|-heal|p1a: Vaporeon|82/100 brn|[from] item: Leftovers
|-heal|p2a: Gigalith|54/100|[from] item: Leftovers
|-damage|p1a: Vaporeon|76/100 brn|[from] brn
|upkeep
|turn|20
|c|☆bebo7788|how do u
|c|☆bebo7788|beat this
|c|☆Sensei Axewツ|well
|c|☆Sensei Axewツ|plume
|c|☆Sensei Axewツ|but
|c|☆Sensei Axewツ|thats dead
|
|move|p1a: Vaporeon|Scald|p2a: Gigalith
|-supereffective|p2a: Gigalith
|-damage|p2a: Gigalith|22/100
|move|p2a: Gigalith|Stone Edge|p1a: Vaporeon
|-damage|p1a: Vaporeon|39/100 brn
|
|-weather|Sandstorm|[upkeep]
|-damage|p1a: Vaporeon|33/100 brn|[from] Sandstorm
|-heal|p1a: Vaporeon|83/100 brn|[from] move: Wish|[wisher] Vaporeon
|-heal|p1a: Vaporeon|89/100 brn|[from] item: Leftovers
|-heal|p2a: Gigalith|28/100|[from] item: Leftovers
|-damage|p1a: Vaporeon|83/100 brn|[from] brn
|upkeep
|turn|21
|c|☆bebo7788|u shouldnt of sacked silvally-dark
|c|☆bebo7788|bcuz like i did
|c|☆Sensei Axewツ|tbf body press gigalith is ass
|c|☆bebo7788|i can wish
|c|☆bebo7788|anytime i want
|c|☆Sensei Axewツ|so i didnt think
|c|☆bebo7788|u wouldve
|
|move|p1a: Vaporeon|Wish|p1a: Vaporeon
|move|p2a: Gigalith|Stone Edge|p1a: Vaporeon
|-damage|p1a: Vaporeon|47/100 brn
|
|-weather|none
|-heal|p1a: Vaporeon|53/100 brn|[from] item: Leftovers
|-heal|p2a: Gigalith|34/100|[from] item: Leftovers
|-damage|p1a: Vaporeon|47/100 brn|[from] brn
|upkeep
|turn|22
|c|☆bebo7788|died to superpower then tho
|c|☆Sensei Axewツ|still ass
|c|☆bebo7788|eq is ass
|c|☆Sensei Axewツ|fighting move giga sucks idk why people use
|c|☆Sensei Axewツ|eq is so much better
|
|switch|p2a: Torkoal|Torkoal, F|100/100
|-weather|SunnyDay|[from] ability: Drought|[of] p2a: Torkoal
|move|p1a: Vaporeon|Scald|p2a: Torkoal
|-supereffective|p2a: Torkoal
|-damage|p2a: Torkoal|62/100
|
|-weather|SunnyDay|[upkeep]
|-heal|p1a: Vaporeon|97/100 brn|[from] move: Wish|[wisher] Vaporeon
|-heal|p1a: Vaporeon|100/100 brn|[from] item: Leftovers
|-damage|p1a: Vaporeon|94/100 brn|[from] brn
|upkeep
|turn|23
|
|switch|p2a: Vileplume|Vileplume, M|23/100
|move|p1a: Vaporeon|Ice Beam|p2a: Vileplume
|-supereffective|p2a: Vileplume
|-damage|p2a: Vileplume|0 fnt
|faint|p2a: Vileplume
|
|-weather|SunnyDay|[upkeep]
|-heal|p1a: Vaporeon|100/100 brn|[from] item: Leftovers
|-damage|p1a: Vaporeon|94/100 brn|[from] brn
|upkeep
|
|switch|p2a: Passimian|Passimian, F|71/100
|turn|24
|
|move|p1a: Vaporeon|Protect|p1a: Vaporeon
|-singleturn|p1a: Vaporeon|Protect
|move|p2a: Passimian|Knock Off|p1a: Vaporeon
|-activate|p1a: Vaporeon|move: Protect
|
|-weather|SunnyDay|[upkeep]
|-heal|p1a: Vaporeon|100/100 brn|[from] item: Leftovers
|-damage|p1a: Vaporeon|94/100 brn|[from] brn
|upkeep
|turn|25
|
|switch|p1a: Vileplume|Vileplume, M|100/100
|-damage|p1a: Vileplume|88/100|[from] Stealth Rock
|move|p2a: Passimian|Knock Off|p1a: Vileplume
|-damage|p1a: Vileplume|65/100
|-status|p2a: Passimian|psn|[from] ability: Effect Spore|[of] p1a: Vileplume
|-enditem|p1a: Vileplume|Black Sludge|[from] move: Knock Off|[of] p2a: Passimian
|
|-weather|SunnyDay|[upkeep]
|-damage|p2a: Passimian|59/100 psn|[from] psn
|upkeep
|turn|26
|
|switch|p2a: Torkoal|Torkoal, F|62/100
|move|p1a: Vileplume|Sludge Bomb|p2a: Torkoal
|-damage|p2a: Torkoal|20/100
|-status|p2a: Torkoal|psn
|
|-weather|none
|-damage|p2a: Torkoal|8/100 psn|[from] psn
|upkeep
|turn|27
|
|move|p1a: Vileplume|Giga Drain|p2a: Torkoal
|-resisted|p2a: Torkoal
|-damage|p2a: Torkoal|0 fnt
|-heal|p1a: Vileplume|69/100|[from] drain|[of] p2a: Torkoal
|faint|p2a: Torkoal
|
|upkeep
|
|switch|p2a: Sigilyph|Sigilyph, F|80/100
|turn|28
|
|switch|p1a: Gigalith|Gigalith, M|90/100
|-damage|p1a: Gigalith|78/100|[from] Stealth Rock
|-weather|Sandstorm|[from] ability: Sand Stream|[of] p1a: Gigalith
|move|p2a: Sigilyph|Air Slash|p1a: Gigalith
|-resisted|p1a: Gigalith
|-damage|p1a: Gigalith|63/100
|
|-weather|Sandstorm|[upkeep]
|-heal|p1a: Gigalith|69/100|[from] item: Leftovers
|upkeep
|turn|29
|
|move|p2a: Sigilyph|Psyshock|p1a: Gigalith
|-damage|p1a: Gigalith|42/100
|move|p1a: Gigalith|Rock Blast|p2a: Sigilyph
|-supereffective|p2a: Sigilyph
|-damage|p2a: Sigilyph|46/100
|-supereffective|p2a: Sigilyph
|-damage|p2a: Sigilyph|15/100
|-supereffective|p2a: Sigilyph
|-damage|p2a: Sigilyph|0 fnt
|-hitcount|p2a: Sigilyph|3
|faint|p2a: Sigilyph
|
|-weather|Sandstorm|[upkeep]
|-heal|p1a: Gigalith|48/100|[from] item: Leftovers
|upkeep
|c|☆Sensei Axewツ|ye gg
|-message|Sensei Axewツ forfeited.
|
|win|bebo7788
|c|☆bebo7788|gg
|l|☆Sensei Axewツ
