|html|<div class="broadcast-blue"><strong>[Gen 8] RU is currently suspecting Mienshao! For information on how to participate check out the <a href="https://www.smogon.com/forums/threads/np-ru-stage-8-nocturne-mienshao-suspect-test.3688330/">suspect thread</a>.</strong></div>
|j|☆kink¨̮
|j|☆whistling
|t:|1627764838
|gametype|singles
|player|p1|kink¨̮|#kinguu|1398
|player|p2|whistling|red|1643
|teamsize|p1|6
|teamsize|p2|6
|gen|8
|tier|[Gen 8] RU
|rated|
|rule|Sleep Clause Mod: Limit one foe put to sleep
|rule|Species Clause: Limit one of each Pokémon
|rule|OHKO Clause: OHKO moves are banned
|rule|Evasion Moves Clause: Evasion moves are banned
|rule|Endless Battle Clause: Forcing endless battles is banned
|rule|HP Percentage Mod: HP is shown in percentages
|rule|Dynamax Clause: You cannot dynamax
|clearpoke
|poke|p1|Darmanitan, F|
|poke|p1|Cobalion|
|poke|p1|Tornadus, M|
|poke|p1|Seismitoad, M|
|poke|p1|Reuniclus, F|
|poke|p1|Mimikyu, F|
|poke|p2|Diancie|
|poke|p2|Roserade, F|
|poke|p2|Lucario, M|
|poke|p2|Incineroar, M|
|poke|p2|Flygon, M|
|poke|p2|Jellicent, M|
|teampreview
|
|t:|1627764859
|start
|switch|p1a: Seismitoad|Seismitoad, M|100/100
|switch|p2a: Jellicent|Jellicent, M|100/100
|turn|1
|
|t:|1627764869
|move|p1a: Seismitoad|Stealth Rock|p2a: Jellicent
|-sidestart|p2: whistling|move: Stealth Rock
|move|p2a: Jellicent|Will-O-Wisp|p1a: Seismitoad|[miss]
|-miss|p2a: Jellicent|p1a: Seismitoad
|
|upkeep
|turn|2
|
|t:|1627764873
|switch|p2a: Roserade|Roserade, F|100/100
|move|p1a: Seismitoad|Toxic|p2a: Roserade
|-immune|p2a: Roserade
|
|upkeep
|turn|3
|
|t:|1627764877
|switch|p1a: Reuniclus|Reuniclus, F|100/100
|move|p2a: Roserade|Sleep Powder|p1a: Reuniclus
|-status|p1a: Reuniclus|slp|[from] move: Sleep Powder
|
|upkeep
|turn|4
|
|t:|1627764880
|switch|p1a: Cobalion|Cobalion|100/100
|move|p2a: Roserade|Spikes|p1a: Cobalion
|-sidestart|p1: kink¨̮|Spikes
|
|upkeep
|turn|5
|
|t:|1627764885
|switch|p2a: Jellicent|Jellicent, M|100/100
|-damage|p2a: Jellicent|88/100|[from] Stealth Rock
|move|p1a: Cobalion|Calm Mind|p1a: Cobalion
|-boost|p1a: Cobalion|spa|1
|-boost|p1a: Cobalion|spd|1
|
|upkeep
|turn|6
|
|t:|1627764889
|move|p1a: Cobalion|Calm Mind|p1a: Cobalion
|-boost|p1a: Cobalion|spa|1
|-boost|p1a: Cobalion|spd|1
|move|p2a: Jellicent|Will-O-Wisp|p1a: Cobalion|[miss]
|-miss|p2a: Jellicent|p1a: Cobalion
|
|upkeep
|turn|7
|
|t:|1627764892
|move|p1a: Cobalion|Calm Mind|p1a: Cobalion
|-boost|p1a: Cobalion|spa|1
|-boost|p1a: Cobalion|spd|1
|move|p2a: Jellicent|Will-O-Wisp|p1a: Cobalion
|-status|p1a: Cobalion|brn
|
|-damage|p1a: Cobalion|94/100 brn|[from] brn
|upkeep
|turn|8
|
|t:|1627764896
|move|p1a: Cobalion|Flash Cannon|p2a: Jellicent
|-resisted|p2a: Jellicent
|-damage|p2a: Jellicent|51/100
|move|p2a: Jellicent|Recover|p2a: Jellicent
|-heal|p2a: Jellicent|100/100
|
|-heal|p1a: Cobalion|100/100 brn|[from] item: Leftovers
|-damage|p1a: Cobalion|94/100 brn|[from] brn
|upkeep
|turn|9
|
|t:|1627764900
|move|p1a: Cobalion|Flash Cannon|p2a: Jellicent
|-resisted|p2a: Jellicent
|-damage|p2a: Jellicent|66/100
|move|p2a: Jellicent|Taunt|p1a: Cobalion
|-start|p1a: Cobalion|move: Taunt
|
|-heal|p1a: Cobalion|100/100 brn|[from] item: Leftovers
|-damage|p1a: Cobalion|94/100 brn|[from] brn
|upkeep
|turn|10
|
|t:|1627764904
|move|p1a: Cobalion|Flash Cannon|p2a: Jellicent
|-resisted|p2a: Jellicent
|-damage|p2a: Jellicent|31/100
|move|p2a: Jellicent|Recover|p2a: Jellicent
|-heal|p2a: Jellicent|81/100
|
|-heal|p1a: Cobalion|100/100 brn|[from] item: Leftovers
|-damage|p1a: Cobalion|94/100 brn|[from] brn
|upkeep
|turn|11
|
|t:|1627764908
|move|p1a: Cobalion|Flash Cannon|p2a: Jellicent
|-resisted|p2a: Jellicent
|-damage|p2a: Jellicent|48/100
|move|p2a: Jellicent|Recover|p2a: Jellicent
|-heal|p2a: Jellicent|98/100
|
|-heal|p1a: Cobalion|100/100 brn|[from] item: Leftovers
|-damage|p1a: Cobalion|94/100 brn|[from] brn
|upkeep
|turn|12
|
|t:|1627764911
|move|p1a: Cobalion|Flash Cannon|p2a: Jellicent
|-resisted|p2a: Jellicent
|-damage|p2a: Jellicent|62/100
|move|p2a: Jellicent|Hex|p1a: Cobalion
|-damage|p1a: Cobalion|74/100 brn
|
|-heal|p1a: Cobalion|81/100 brn|[from] item: Leftovers
|-damage|p1a: Cobalion|74/100 brn|[from] brn
|-end|p1a: Cobalion|move: Taunt
|upkeep
|turn|13
|
|t:|1627764913
|switch|p2a: Flygon|Flygon, M|100/100
|-damage|p2a: Flygon|95/100|[from] Stealth Rock
|move|p1a: Cobalion|Calm Mind|p1a: Cobalion
|-boost|p1a: Cobalion|spa|1
|-boost|p1a: Cobalion|spd|1
|
|-heal|p1a: Cobalion|81/100 brn|[from] item: Leftovers
|-damage|p1a: Cobalion|74/100 brn|[from] brn
|upkeep
|turn|14
|
|t:|1627764918
|move|p2a: Flygon|Earthquake|p1a: Cobalion
|-supereffective|p1a: Cobalion
|-damage|p1a: Cobalion|0 fnt
|faint|p1a: Cobalion
|
|upkeep
|
|t:|1627764921
|switch|p1a: Tornadus|Tornadus, M|100/100
|turn|15
|
|t:|1627764923
|switch|p2a: Diancie|Diancie|100/100
|-damage|p2a: Diancie|88/100|[from] Stealth Rock
|move|p1a: Tornadus|Hurricane|p2a: Diancie
|-resisted|p2a: Diancie
|-damage|p2a: Diancie|69/100
|-start|p2a: Diancie|confusion
|
|-heal|p2a: Diancie|75/100|[from] item: Leftovers
|upkeep
|turn|16
|
|t:|1627764925
|move|p1a: Tornadus|U-turn|p2a: Diancie
|-resisted|p2a: Diancie
|-damage|p2a: Diancie|69/100
|
|t:|1627764928
|switch|p1a: Reuniclus|Reuniclus, F|100/100 slp|[from]move: U-turn
|-damage|p1a: Reuniclus|88/100 slp|[from] Spikes
|-activate|p2a: Diancie|confusion
|move|p2a: Diancie|Diamond Storm|p1a: Reuniclus
|-damage|p1a: Reuniclus|52/100 slp
|-boost|p2a: Diancie|def|2
|
|-heal|p2a: Diancie|75/100|[from] item: Leftovers
|upkeep
|turn|17
|
|t:|1627764931
|switch|p1a: Seismitoad|Seismitoad, M|100/100
|-damage|p1a: Seismitoad|88/100|[from] Spikes
|-activate|p2a: Diancie|confusion
|move|p2a: Diancie|Stealth Rock|p1a: Seismitoad
|-sidestart|p1: kink¨̮|move: Stealth Rock
|
|-heal|p1a: Seismitoad|94/100|[from] item: Leftovers
|-heal|p2a: Diancie|81/100|[from] item: Leftovers
|upkeep
|turn|18
|
|t:|1627764935
|switch|p2a: Roserade|Roserade, F|100/100
|move|p1a: Seismitoad|Scald|p2a: Roserade
|-resisted|p2a: Roserade
|-damage|p2a: Roserade|86/100
|-status|p2a: Roserade|brn
|
|-heal|p1a: Seismitoad|99/100|[from] item: Leftovers
|-damage|p2a: Roserade|80/100 brn|[from] brn
|upkeep
|turn|19
|
|t:|1627764939
|switch|p1a: Tornadus|Tornadus, M|100/100
|move|p2a: Roserade|Sludge Bomb|p1a: Tornadus
|-damage|p1a: Tornadus|35/100
|
|-damage|p2a: Roserade|74/100 brn|[from] brn
|upkeep
|turn|20
|
|t:|1627764942
|move|p1a: Tornadus|U-turn|p2a: Roserade
|-damage|p2a: Roserade|46/100 brn
|
|t:|1627764945
|switch|p1a: Seismitoad|Seismitoad, M|99/100|[from]move: U-turn
|-damage|p1a: Seismitoad|94/100|[from] Stealth Rock
|-damage|p1a: Seismitoad|82/100|[from] Spikes
|move|p2a: Roserade|Sludge Bomb|p1a: Seismitoad
|-resisted|p1a: Seismitoad
|-damage|p1a: Seismitoad|57/100
|
|-heal|p1a: Seismitoad|63/100|[from] item: Leftovers
|-damage|p2a: Roserade|40/100 brn|[from] brn
|upkeep
|turn|21
|
|t:|1627764948
|switch|p1a: Tornadus|Tornadus, M|35/100
|move|p2a: Roserade|Giga Drain|p1a: Tornadus
|-resisted|p1a: Tornadus
|-damage|p1a: Tornadus|9/100
|-heal|p2a: Roserade|55/100 brn|[from] drain|[of] p1a: Tornadus
|
|-damage|p2a: Roserade|49/100 brn|[from] brn
|upkeep
|turn|22
|
|t:|1627764951
|move|p1a: Tornadus|Hurricane|p2a: Roserade
|-supereffective|p2a: Roserade
|-damage|p2a: Roserade|0 fnt
|faint|p2a: Roserade
|
|upkeep
|
|t:|1627764953
|switch|p2a: Flygon|Flygon, M|95/100
|-damage|p2a: Flygon|89/100|[from] Stealth Rock
|turn|23
|
|t:|1627764955
|move|p1a: Tornadus|Defog|p2a: Flygon
|-unboost|p2a: Flygon|evasion|1
|-sideend|p2: whistling|Stealth Rock|[from] move: Defog|[of] p1a: Tornadus
|-sideend|p1: kink¨̮|Spikes|[from] move: Defog|[of] p1a: Tornadus
|-sideend|p1: kink¨̮|Stealth Rock|[from] move: Defog|[of] p1a: Tornadus
|move|p2a: Flygon|U-turn|p1a: Tornadus
|-resisted|p1a: Tornadus
|-damage|p1a: Tornadus|0 fnt
|faint|p1a: Tornadus
|
|t:|1627764962
|switch|p2a: Lucario|Lucario, M|100/100|[from]move: U-turn
|
|upkeep
|
|t:|1627764966
|switch|p1a: Darmanitan|Darmanitan, F|100/100
|turn|24
|
|t:|1627764970
|move|p1a: Darmanitan|Earthquake|p2a: Lucario
|-supereffective|p2a: Lucario
|-damage|p2a: Lucario|0 fnt
|faint|p2a: Lucario
|
|upkeep
|
|t:|1627764974
|switch|p2a: Flygon|Flygon, M|89/100
|turn|25
|
|t:|1627764977
|switch|p1a: Seismitoad|Seismitoad, M|63/100
|move|p2a: Flygon|Earthquake|p1a: Seismitoad
|-damage|p1a: Seismitoad|25/100
|
|-heal|p1a: Seismitoad|31/100|[from] item: Leftovers
|upkeep
|turn|26
|
|t:|1627764980
|move|p2a: Flygon|Earthquake|p1a: Seismitoad
|-damage|p1a: Seismitoad|0 fnt
|faint|p1a: Seismitoad
|
|upkeep
|
|t:|1627764981
|switch|p1a: Mimikyu|Mimikyu, F|100/100
|turn|27
|
|t:|1627764983
|switch|p2a: Incineroar|Incineroar, M|100/100
|-ability|p2a: Incineroar|Intimidate|boost
|-unboost|p1a: Mimikyu|atk|1
|move|p1a: Mimikyu|Swords Dance|p1a: Mimikyu
|-boost|p1a: Mimikyu|atk|2
|
|upkeep
|turn|28
|
|t:|1627764991
|move|p1a: Mimikyu|Swords Dance|p1a: Mimikyu
|-boost|p1a: Mimikyu|atk|2
|move|p2a: Incineroar|U-turn|p1a: Mimikyu
|-activate|p1a: Mimikyu|ability: Disguise
|-damage|p1a: Mimikyu|100/100
|detailschange|p1a: Mimikyu|Mimikyu-Busted, F
|-damage|p1a: Mimikyu|88/100|[from] pokemon: Mimikyu-Busted
|
|t:|1627764993
|switch|p2a: Jellicent|Jellicent, M|62/100|[from]move: U-turn
|
|upkeep
|turn|29
|
|t:|1627764997
|move|p1a: Mimikyu|Shadow Sneak|p2a: Jellicent
|-supereffective|p2a: Jellicent
|-damage|p2a: Jellicent|0 fnt
|faint|p2a: Jellicent
|-damage|p1a: Mimikyu|78/100|[from] item: Life Orb
|
|upkeep
|
|t:|1627764999
|switch|p2a: Incineroar|Incineroar, M|100/100
|-ability|p2a: Incineroar|Intimidate|boost
|-unboost|p1a: Mimikyu|atk|1
|turn|30
|
|t:|1627765002
|move|p1a: Mimikyu|Drain Punch|p2a: Incineroar
|-supereffective|p2a: Incineroar
|-damage|p2a: Incineroar|0 fnt
|-heal|p1a: Mimikyu|100/100|[from] drain|[of] p2a: Incineroar
|faint|p2a: Incineroar
|-damage|p1a: Mimikyu|91/100|[from] item: Life Orb
|
|upkeep
|
|t:|1627765012
|switch|p2a: Diancie|Diancie|81/100
|turn|31
|
|t:|1627765014
|move|p1a: Mimikyu|Play Rough|p2a: Diancie
|-damage|p2a: Diancie|13/100
|-damage|p1a: Mimikyu|81/100|[from] item: Life Orb
|move|p2a: Diancie|Diamond Storm|p1a: Mimikyu
|-damage|p1a: Mimikyu|24/100
|
|-heal|p2a: Diancie|20/100|[from] item: Leftovers
|upkeep
|turn|32
|
|t:|1627765020
|move|p1a: Mimikyu|Drain Punch|p2a: Diancie
|-damage|p2a: Diancie|0 fnt
|-heal|p1a: Mimikyu|36/100|[from] drain|[of] p2a: Diancie
|faint|p2a: Diancie
|-damage|p1a: Mimikyu|26/100|[from] item: Life Orb
|
|upkeep
|
|t:|1627765022
|switch|p2a: Flygon|Flygon, M|89/100
|turn|33
|
|t:|1627765026
|move|p1a: Mimikyu|Shadow Sneak|p2a: Flygon
|-damage|p2a: Flygon|27/100
|-damage|p1a: Mimikyu|16/100|[from] item: Life Orb
|move|p2a: Flygon|Earthquake|p1a: Mimikyu
|-damage|p1a: Mimikyu|0 fnt
|faint|p1a: Mimikyu
|
|upkeep
|
|t:|1627765030
|switch|p1a: Reuniclus|Reuniclus, F|86/100 slp
|turn|34
|
|t:|1627765032
|move|p2a: Flygon|Earthquake|p1a: Reuniclus
|-damage|p1a: Reuniclus|38/100 slp
|cant|p1a: Reuniclus|slp
|
|upkeep
|turn|35
|
|t:|1627765035
|switch|p1a: Darmanitan|Darmanitan, F|100/100
|move|p2a: Flygon|Earthquake|p1a: Darmanitan
|-supereffective|p1a: Darmanitan
|-damage|p1a: Darmanitan|0 fnt
|faint|p1a: Darmanitan
|
|upkeep
|
|t:|1627765036
|switch|p1a: Reuniclus|Reuniclus, F|71/100 slp
|turn|36
|
|t:|1627765037
|move|p2a: Flygon|Earthquake|p1a: Reuniclus
|-damage|p1a: Reuniclus|25/100 slp
|cant|p1a: Reuniclus|slp
|
|upkeep
|turn|37
|
|t:|1627765039
|move|p2a: Flygon|Earthquake|p1a: Reuniclus
|-damage|p1a: Reuniclus|0 fnt
|faint|p1a: Reuniclus
|
|win|whistling
|raw|kink¨̮'s rating: 1398 &rarr; <strong>1390</strong><br />(-8 for losing)
|raw|whistling's rating: 1643 &rarr; <strong>1651</strong><br />(+8 for winning)
|l|☆kink¨̮
||Ladder isn't responding, score probably updated but might not have (Request timeout).
