|j|☆Its oyster time
|j|☆the tacoman
|inactive|Battle timer is ON: inactive players will automatically lose when time's up.
|t:|1655931031
|gametype|singles
|player|p1|Its oyster time|ninjaboy|
|player|p2|the tacoman|1|
|teamsize|p1|6
|teamsize|p2|6
|gen|8
|tier|[Gen 8] RU
|rated|Tournament battle
|rule|Sleep Clause Mod: Limit one foe put to sleep
|rule|Species Clause: Limit one of each Pokémon
|rule|OHKO Clause: OHKO moves are banned
|rule|Evasion Moves Clause: Evasion moves are banned
|rule|Endless Battle Clause: Forcing endless battles is banned
|rule|HP Percentage Mod: HP is shown in percentages
|rule|Dynamax Clause: You cannot dynamax
|clearpoke
|poke|p1|Absol, F|
|poke|p1|Heliolisk, M|
|poke|p1|Crobat, M|
|poke|p1|Starmie|
|poke|p1|Rhyperior, F|
|poke|p1|Mimikyu, F|
|poke|p2|Grimmsnarl, M|
|poke|p2|Chandelure, F|
|poke|p2|Crobat, M|
|poke|p2|Bronzong|
|poke|p2|Gastrodon, F|
|poke|p2|Rotom-Mow|
|teampreview
|inactive|Its oyster time also wants the timer to be on.
|c|☆the tacoman|glhf
|c|☆Its oyster time|u2
|
|t:|1655931060
|start
|switch|p1a: Absol|Absol, F|100/100
|switch|p2a: Bronzong|Bronzong|100/100
|-ability|p1a: Absol|Pressure
|turn|1
|
|t:|1655931068
|move|p1a: Absol|Knock Off|p2a: Bronzong
|-supereffective|p2a: Bronzong
|-damage|p2a: Bronzong|1/100
|-enditem|p2a: Bronzong|Leftovers|[from] move: Knock Off|[of] p1a: Absol
|move|p2a: Bronzong|Heavy Slam|p1a: Absol
|-damage|p1a: Absol|55/100
|
|upkeep
|turn|2
|inactive|the tacoman has 120 seconds left.
|
|t:|1655931100
|move|p1a: Absol|Knock Off|p2a: Bronzong
|-supereffective|p2a: Bronzong
|-damage|p2a: Bronzong|0 fnt
|faint|p2a: Bronzong
|
|upkeep
|
|t:|1655931104
|switch|p2a: Crobat|Crobat, M|100/100
|turn|3
|
|t:|1655931112
|switch|p1a: Crobat|Crobat, M|100/100
|move|p2a: Crobat|U-turn|p1a: Crobat
|-resisted|p1a: Crobat
|-damage|p1a: Crobat|94/100
|
|t:|1655931124
|switch|p2a: Rotom|Rotom-Mow|100/100|[from]move: U-turn
|
|upkeep
|turn|4
|
|t:|1655931132
|move|p2a: Rotom|Trick|p1a: Crobat
|-activate|p2a: Rotom|move: Trick|[of] p1a: Crobat
|-item|p1a: Crobat|Choice Scarf|[from] move: Trick
|-item|p2a: Rotom|Heavy-Duty Boots|[from] move: Trick
|move|p1a: Crobat|Roost|p1a: Crobat
|-heal|p1a: Crobat|100/100
|-singleturn|p1a: Crobat|move: Roost
|
|upkeep
|turn|5
|
|t:|1655931147
|switch|p1a: Heliolisk|Heliolisk, M|100/100
|move|p2a: Rotom|Leaf Storm|p1a: Heliolisk|[miss]
|-miss|p2a: Rotom|p1a: Heliolisk
|
|upkeep
|turn|6
|
|t:|1655931154
|move|p1a: Heliolisk|U-turn|p2a: Rotom
|-supereffective|p2a: Rotom
|-damage|p2a: Rotom|77/100
|
|t:|1655931156
|switch|p1a: Crobat|Crobat, M|100/100|[from]move: U-turn
|move|p2a: Rotom|Leaf Storm|p1a: Crobat
|-resisted|p1a: Crobat
|-damage|p1a: Crobat|81/100
|-unboost|p2a: Rotom|spa|2
|
|upkeep
|turn|7
|
|t:|1655931165
|switch|p2a: Crobat|Crobat, M|100/100
|move|p1a: Crobat|U-turn|p2a: Crobat
|-resisted|p2a: Crobat
|-damage|p2a: Crobat|95/100
|
|t:|1655931169
|switch|p1a: Rhyperior|Rhyperior, F|100/100|[from]move: U-turn
|
|upkeep
|turn|8
|
|t:|1655931172
|move|p2a: Crobat|U-turn|p1a: Rhyperior
|-damage|p1a: Rhyperior|89/100
|
|t:|1655931180
|switch|p2a: Chandelure|Chandelure, F|100/100|[from]move: U-turn
|move|p1a: Rhyperior|Stealth Rock|p2a: Chandelure
|-sidestart|p2: the tacoman|move: Stealth Rock
|
|-heal|p1a: Rhyperior|95/100|[from] item: Leftovers
|upkeep
|turn|9
|
|t:|1655931186
|switch|p1a: Crobat|Crobat, M|81/100
|move|p2a: Chandelure|Energy Ball|p1a: Crobat
|-resisted|p1a: Crobat
|-damage|p1a: Crobat|69/100
|-unboost|p1a: Crobat|spd|1
|
|upkeep
|turn|10
|
|t:|1655931191
|move|p1a: Crobat|Brave Bird|p2a: Chandelure
|-damage|p2a: Chandelure|29/100
|-damage|p1a: Crobat|49/100|[from] Recoil
|move|p2a: Chandelure|Fire Blast|p1a: Crobat
|-damage|p1a: Crobat|0 fnt
|faint|p1a: Crobat
|
|upkeep
|
|t:|1655931201
|switch|p1a: Starmie|Starmie|100/100
|turn|11
|
|t:|1655931207
|switch|p2a: Gastrodon|Gastrodon, F|100/100
|-damage|p2a: Gastrodon|94/100|[from] Stealth Rock
|move|p1a: Starmie|Scald|p2a: Gastrodon
|-damage|p2a: Gastrodon|77/100
|
|-heal|p2a: Gastrodon|83/100|[from] item: Leftovers
|upkeep
|turn|12
|
|t:|1655931215
|move|p1a: Starmie|Scald|p2a: Gastrodon
|-damage|p2a: Gastrodon|66/100
|move|p2a: Gastrodon|Toxic|p1a: Starmie
|-status|p1a: Starmie|tox
|
|-heal|p2a: Gastrodon|72/100|[from] item: Leftovers
|-damage|p1a: Starmie|94/100 tox|[from] psn
|upkeep
|turn|13
|
|t:|1655931235
|move|p2a: Gastrodon|Toxic|p1a: Starmie
|-fail|p1a: Starmie|tox
|move|p1a: Starmie|Teleport|p1a: Starmie
|
|t:|1655931238
|-curestatus|p1a: Starmie|tox|[from] ability: Natural Cure
|switch|p1a: Heliolisk|Heliolisk, M|100/100|[from]move: Teleport
|
|-heal|p2a: Gastrodon|78/100|[from] item: Leftovers
|upkeep
|turn|14
|
|t:|1655931244
|switch|p2a: Rotom|Rotom-Mow|77/100
|move|p1a: Heliolisk|Grass Knot|p2a: Rotom
|-resisted|p2a: Rotom
|-damage|p2a: Rotom|73/100
|
|upkeep
|turn|15
|
|t:|1655931257
|move|p1a: Heliolisk|Dragon Pulse|p2a: Rotom
|-damage|p2a: Rotom|40/100
|move|p2a: Rotom|Leaf Storm|p1a: Heliolisk
|-damage|p1a: Heliolisk|23/100
|-unboost|p2a: Rotom|spa|2
|
|upkeep
|turn|16
|
|t:|1655931262
|move|p1a: Heliolisk|U-turn|p2a: Rotom
|-supereffective|p2a: Rotom
|-damage|p2a: Rotom|16/100
|
|t:|1655931265
|switch|p1a: Rhyperior|Rhyperior, F|95/100|[from]move: U-turn
|move|p2a: Rotom|Volt Switch|p1a: Rhyperior
|-immune|p1a: Rhyperior
|
|-heal|p1a: Rhyperior|100/100|[from] item: Leftovers
|upkeep
|turn|17
|
|t:|1655931276
|move|p2a: Rotom|Will-O-Wisp|p1a: Rhyperior
|-status|p1a: Rhyperior|brn
|move|p1a: Rhyperior|Stone Edge|p2a: Rotom
|-damage|p2a: Rotom|0 fnt
|faint|p2a: Rotom
|
|-damage|p1a: Rhyperior|94/100 brn|[from] brn
|upkeep
|
|t:|1655931284
|switch|p2a: Grimmsnarl|Grimmsnarl, M|100/100
|-damage|p2a: Grimmsnarl|88/100|[from] Stealth Rock
|turn|18
|
|t:|1655931293
|switch|p1a: Mimikyu|Mimikyu, F|100/100
|move|p2a: Grimmsnarl|Bulk Up|p2a: Grimmsnarl
|-boost|p2a: Grimmsnarl|atk|1
|-boost|p2a: Grimmsnarl|def|1
|
|-heal|p2a: Grimmsnarl|94/100|[from] item: Leftovers
|upkeep
|turn|19
|
|t:|1655931307
|move|p1a: Mimikyu|Play Rough|p2a: Grimmsnarl
|-supereffective|p2a: Grimmsnarl
|-damage|p2a: Grimmsnarl|20/100
|-damage|p1a: Mimikyu|91/100|[from] item: Life Orb
|move|p2a: Grimmsnarl|Darkest Lariat|p1a: Mimikyu
|-activate|p1a: Mimikyu|ability: Disguise
|-damage|p1a: Mimikyu|91/100
|detailschange|p1a: Mimikyu|Mimikyu-Busted, F
|-damage|p1a: Mimikyu|78/100|[from] pokemon: Mimikyu-Busted
|
|-heal|p2a: Grimmsnarl|26/100|[from] item: Leftovers
|upkeep
|turn|20
|
|t:|1655931312
|move|p2a: Grimmsnarl|Sucker Punch|p1a: Mimikyu
|-damage|p1a: Mimikyu|0 fnt
|faint|p1a: Mimikyu
|
|-heal|p2a: Grimmsnarl|32/100|[from] item: Leftovers
|upkeep
|
|t:|1655931317
|switch|p1a: Absol|Absol, F|55/100
|-ability|p1a: Absol|Pressure
|turn|21
|
|t:|1655931346
|move|p2a: Grimmsnarl|Sucker Punch|p1a: Absol
|-resisted|p1a: Absol
|-damage|p1a: Absol|1/100
|move|p1a: Absol|Close Combat|p2a: Grimmsnarl
|-damage|p2a: Grimmsnarl|0 fnt
|-unboost|p1a: Absol|def|1
|-unboost|p1a: Absol|spd|1
|faint|p2a: Grimmsnarl
|
|upkeep
|
|t:|1655931351
|switch|p2a: Crobat|Crobat, M|95/100
|turn|22
|
|t:|1655931358
|move|p2a: Crobat|U-turn|p1a: Absol
|-supereffective|p1a: Absol
|-damage|p1a: Absol|0 fnt
|faint|p1a: Absol
|
|t:|1655931366
|switch|p2a: Chandelure|Chandelure, F|29/100|[from]move: U-turn
|
|upkeep
|
|t:|1655931369
|switch|p1a: Starmie|Starmie|94/100
|turn|23
|
|t:|1655931379
|switch|p2a: Crobat|Crobat, M|95/100
|move|p1a: Starmie|Scald|p2a: Crobat
|-damage|p2a: Crobat|62/100
|-status|p2a: Crobat|brn
|
|-damage|p2a: Crobat|55/100 brn|[from] brn
|upkeep
|turn|24
|
|t:|1655931388
|move|p2a: Crobat|Defog|p1a: Starmie
|-unboost|p1a: Starmie|evasion|1
|-sideend|p2: the tacoman|Stealth Rock|[from] move: Defog|[of] p2a: Crobat
|move|p1a: Starmie|Scald|p2a: Crobat
|-damage|p2a: Crobat|17/100 brn
|
|-damage|p2a: Crobat|10/100 brn|[from] brn
|upkeep
|turn|25
|
|t:|1655931392
|move|p2a: Crobat|Roost|p2a: Crobat
|-heal|p2a: Crobat|61/100 brn
|-singleturn|p2a: Crobat|move: Roost
|move|p1a: Starmie|Scald|p2a: Crobat
|-damage|p2a: Crobat|26/100 brn
|
|-damage|p2a: Crobat|19/100 brn|[from] brn
|upkeep
|turn|26
|
|t:|1655931396
|switch|p1a: Rhyperior|Rhyperior, F|94/100 brn
|move|p2a: Crobat|Roost|p2a: Crobat
|-heal|p2a: Crobat|70/100 brn
|-singleturn|p2a: Crobat|move: Roost
|
|-heal|p1a: Rhyperior|100/100 brn|[from] item: Leftovers
|-damage|p2a: Crobat|64/100 brn|[from] brn
|-damage|p1a: Rhyperior|94/100 brn|[from] brn
|upkeep
|turn|27
|
|t:|1655931410
|move|p2a: Crobat|U-turn|p1a: Rhyperior
|-damage|p1a: Rhyperior|89/100 brn
|
|t:|1655931412
|switch|p2a: Gastrodon|Gastrodon, F|78/100|[from]move: U-turn
|move|p1a: Rhyperior|Stone Edge|p2a: Gastrodon
|-resisted|p2a: Gastrodon
|-damage|p2a: Gastrodon|64/100
|
|-heal|p1a: Rhyperior|95/100 brn|[from] item: Leftovers
|-heal|p2a: Gastrodon|70/100|[from] item: Leftovers
|-damage|p1a: Rhyperior|89/100 brn|[from] brn
|upkeep
|turn|28
|
|t:|1655931416
|switch|p1a: Starmie|Starmie|94/100
|move|p2a: Gastrodon|Earth Power|p1a: Starmie
|-damage|p1a: Starmie|58/100
|
|-heal|p2a: Gastrodon|76/100|[from] item: Leftovers
|upkeep
|turn|29
|
|t:|1655931424
|move|p1a: Starmie|Recover|p1a: Starmie
|-heal|p1a: Starmie|100/100
|move|p2a: Gastrodon|Toxic|p1a: Starmie
|-status|p1a: Starmie|tox
|
|-heal|p2a: Gastrodon|82/100|[from] item: Leftovers
|-damage|p1a: Starmie|94/100 tox|[from] psn
|upkeep
|turn|30
|
|t:|1655931428
|move|p1a: Starmie|Scald|p2a: Gastrodon
|-damage|p2a: Gastrodon|65/100
|move|p2a: Gastrodon|Earth Power|p1a: Starmie
|-damage|p1a: Starmie|63/100 tox
|-unboost|p1a: Starmie|spd|1
|
|-heal|p2a: Gastrodon|71/100|[from] item: Leftovers
|-damage|p1a: Starmie|50/100 tox|[from] psn
|upkeep
|turn|31
|
|t:|1655931439
|move|p1a: Starmie|Recover|p1a: Starmie
|-heal|p1a: Starmie|99/100 tox
|move|p2a: Gastrodon|Recover|p2a: Gastrodon
|-heal|p2a: Gastrodon|100/100
|
|-damage|p1a: Starmie|82/100 tox|[from] psn
|upkeep
|turn|32
|
|t:|1655931441
|move|p2a: Gastrodon|Earth Power|p1a: Starmie
|-damage|p1a: Starmie|34/100 tox
|move|p1a: Starmie|Teleport|p1a: Starmie
|
|t:|1655931444
|-curestatus|p1a: Starmie|tox|[from] ability: Natural Cure
|switch|p1a: Heliolisk|Heliolisk, M|23/100|[from]move: Teleport
|
|upkeep
|turn|33
|
|t:|1655931447
|move|p1a: Heliolisk|U-turn|p2a: Gastrodon
|-damage|p2a: Gastrodon|90/100
|
|t:|1655931451
|switch|p1a: Starmie|Starmie|34/100|[from]move: U-turn
|move|p2a: Gastrodon|Earth Power|p1a: Starmie
|-damage|p1a: Starmie|0 fnt
|faint|p1a: Starmie
|
|-heal|p2a: Gastrodon|97/100|[from] item: Leftovers
|upkeep
|
|t:|1655931453
|switch|p1a: Heliolisk|Heliolisk, M|23/100
|turn|34
|
|t:|1655931455
|move|p1a: Heliolisk|Grass Knot|p2a: Gastrodon
|-supereffective|p2a: Gastrodon
|-damage|p2a: Gastrodon|50/100
|move|p2a: Gastrodon|Earth Power|p1a: Heliolisk
|-supereffective|p1a: Heliolisk
|-damage|p1a: Heliolisk|0 fnt
|faint|p1a: Heliolisk
|
|-heal|p2a: Gastrodon|57/100|[from] item: Leftovers
|upkeep
|
|t:|1655931458
|switch|p1a: Rhyperior|Rhyperior, F|89/100 brn
|turn|35
|
|t:|1655931461
|move|p1a: Rhyperior|Earthquake|p2a: Gastrodon
|-damage|p2a: Gastrodon|28/100
|move|p2a: Gastrodon|Scald|p1a: Rhyperior
|-supereffective|p1a: Rhyperior
|-damage|p1a: Rhyperior|11/100 brn
|
|-heal|p1a: Rhyperior|18/100 brn|[from] item: Leftovers
|-heal|p2a: Gastrodon|35/100|[from] item: Leftovers
|-damage|p1a: Rhyperior|11/100 brn|[from] brn
|upkeep
|turn|36
|c|☆Its oyster time|gg
|c|☆the tacoman|gg
|j|%MAc3 ✝
|
|t:|1655931473
|move|p1a: Rhyperior|Earthquake|p2a: Gastrodon
|-crit|p2a: Gastrodon
|-damage|p2a: Gastrodon|0 fnt
|faint|p2a: Gastrodon
|
|-heal|p1a: Rhyperior|18/100 brn|[from] item: Leftovers
|-damage|p1a: Rhyperior|11/100 brn|[from] brn
|upkeep
|
|t:|1655931477
|switch|p2a: Chandelure|Chandelure, F|29/100
|turn|37
|
|t:|1655931480
|move|p2a: Chandelure|Shadow Ball|p1a: Rhyperior
|-damage|p1a: Rhyperior|0 fnt
|faint|p1a: Rhyperior
|
|win|the tacoman
|n|☆Its oyster time|itsoystertime
|n|☆the tacoman|thetacoman
|n| MAc3 ✝|mac3
