|j|☆PepeDuce
|j|☆Masskeauuu
|t:|1642251398
|gametype|singles
|player|p1|PepeDuce|#ssdivlindworms|
|player|p2|Masskeauuu|winona-gen6|
|teamsize|p1|6
|teamsize|p2|6
|gen|8
|tier|[Gen 8] RU
|rule|Sleep Clause Mod: Limit one foe put to sleep
|rule|Species Clause: Limit one of each Pokémon
|rule|OHKO Clause: OHKO moves are banned
|rule|Evasion Moves Clause: Evasion moves are banned
|rule|Endless Battle Clause: Forcing endless battles is banned
|rule|HP Percentage Mod: HP is shown in percentages
|rule|Dynamax Clause: You cannot dynamax
|clearpoke
|poke|p1|Mudsdale, M|
|poke|p1|Metagross|
|poke|p1|Sylveon, M|
|poke|p1|Porygon2|
|poke|p1|Noivern, F|
|poke|p1|Celebi|
|poke|p2|Toxtricity, M|
|poke|p2|Passimian, F|
|poke|p2|Rhyperior, F|
|poke|p2|Klefki, M|
|poke|p2|Celebi|
|poke|p2|Noivern, M|
|teampreview
|c|☆Masskeauuu|hf
|j| CMDoge
|j| P.Otaku ☯
|c|☆PepeDuce|u2
|j| Mimilucha
|j| Xizaaa
|
|t:|1642251457
|start
|switch|p1a: Mudsdale|Mudsdale, M|100/100
|switch|p2a: Noivern|Noivern, M|100/100
|turn|1
|j| Hurtadoo
|
|t:|1642251470
|move|p2a: Noivern|Draco Meteor|p1a: Mudsdale
|-damage|p1a: Mudsdale|43/100
|-unboost|p2a: Noivern|spa|2
|-ability|p1a: Mudsdale|Stamina|boost
|-boost|p1a: Mudsdale|def|1
|move|p1a: Mudsdale|Body Slam|p2a: Noivern
|-damage|p2a: Noivern|70/100
|
|-heal|p1a: Mudsdale|49/100|[from] item: Leftovers
|upkeep
|turn|2
|c| Hurtadoo|Masskeauuuu
|
|t:|1642251490
|switch|p2a: Celebi|Celebi|100/100
|move|p1a: Mudsdale|Body Slam|p2a: Celebi
|-damage|p2a: Celebi|79/100
|
|-heal|p1a: Mudsdale|55/100|[from] item: Leftovers
|upkeep
|turn|3
|j| Micciu20250
|j| NDUUAZU Cielau
|l| Hurtadoo
|
|t:|1642251515
|switch|p2a: Rhyperior|Rhyperior, F|100/100
|switch|p1a: Metagross|Metagross|100/100
|
|upkeep
|turn|4
|j| Hurtadoo
|
|t:|1642251530
|switch|p1a: Mudsdale|Mudsdale, M|55/100
|move|p2a: Rhyperior|Earthquake|p1a: Mudsdale
|-damage|p1a: Mudsdale|26/100
|-ability|p1a: Mudsdale|Stamina|boost
|-boost|p1a: Mudsdale|def|1
|
|-heal|p1a: Mudsdale|32/100|[from] item: Leftovers
|upkeep
|turn|5
|
|t:|1642251596
|switch|p2a: Celebi|Celebi|79/100
|move|p1a: Mudsdale|Toxic|p2a: Celebi
|-status|p2a: Celebi|tox
|
|-heal|p1a: Mudsdale|38/100|[from] item: Leftovers
|-damage|p2a: Celebi|73/100 tox|[from] psn
|upkeep
|turn|6
|l| P.Otaku ☯
|j| P.Otaku ☯
|
|t:|1642251612
|-curestatus|p2a: Celebi|tox|[from] ability: Natural Cure
|switch|p2a: Rhyperior|Rhyperior, F|100/100
|switch|p1a: Sylveon|Sylveon, M|100/100
|
|upkeep
|turn|7
|
|t:|1642251621
|move|p1a: Sylveon|Wish|p1a: Sylveon
|move|p2a: Rhyperior|Stealth Rock|p1a: Sylveon
|-sidestart|p1: PepeDuce|move: Stealth Rock
|
|upkeep
|turn|8
|
|t:|1642251638
|switch|p1a: Mudsdale|Mudsdale, M|38/100
|-damage|p1a: Mudsdale|32/100|[from] Stealth Rock
|move|p2a: Rhyperior|Earthquake|p1a: Mudsdale
|-damage|p1a: Mudsdale|2/100
|-ability|p1a: Mudsdale|Stamina|boost
|-boost|p1a: Mudsdale|def|1
|
|-heal|p1a: Mudsdale|51/100|[from] move: Wish|[wisher] Sylveon
|-heal|p1a: Mudsdale|57/100|[from] item: Leftovers
|upkeep
|turn|9
|
|t:|1642251673
|switch|p2a: Noivern|Noivern, M|70/100
|move|p1a: Mudsdale|Body Slam|p2a: Noivern
|-damage|p2a: Noivern|38/100
|-status|p2a: Noivern|par
|
|-heal|p1a: Mudsdale|63/100|[from] item: Leftovers
|upkeep
|turn|10
|
|t:|1642251687
|switch|p1a: Porygon2|Porygon2|100/100
|-damage|p1a: Porygon2|88/100|[from] Stealth Rock
|-ability|p1a: Porygon2|Infiltrator|[from] ability: Trace|[of] p2a: Noivern
|move|p2a: Noivern|Roost|p2a: Noivern
|-heal|p2a: Noivern|89/100 par
|-singleturn|p2a: Noivern|move: Roost
|
|upkeep
|turn|11
|
|t:|1642251722
|switch|p2a: Klefki|Klefki, M|100/100
|move|p1a: Porygon2|Teleport|p1a: Porygon2
|l| P.Otaku ☯
|
|t:|1642251748
|switch|p1a: Metagross|Metagross|100/100|[from]move: Teleport
|-damage|p1a: Metagross|95/100|[from] Stealth Rock
|
|upkeep
|turn|12
|
|t:|1642251793
|move|p2a: Klefki|Thunder Wave|p1a: Metagross
|-status|p1a: Metagross|par
|move|p1a: Metagross|Meteor Mash|p2a: Klefki
|-damage|p2a: Klefki|59/100
|-enditem|p2a: Klefki|Eject Button
|
|t:|1642251804
|switch|p2a: Rhyperior|Rhyperior, F|100/100
|
|upkeep
|turn|13
|j| Daruma
|
|t:|1642251833
|switch|p1a: Mudsdale|Mudsdale, M|63/100
|-damage|p1a: Mudsdale|57/100|[from] Stealth Rock
|move|p2a: Rhyperior|Earthquake|p1a: Mudsdale
|-damage|p1a: Mudsdale|27/100
|-ability|p1a: Mudsdale|Stamina|boost
|-boost|p1a: Mudsdale|def|1
|
|-heal|p1a: Mudsdale|33/100|[from] item: Leftovers
|upkeep
|turn|14
|
|t:|1642251864
|move|p2a: Rhyperior|Earthquake|p1a: Mudsdale
|-damage|p1a: Mudsdale|11/100
|-ability|p1a: Mudsdale|Stamina|boost
|-boost|p1a: Mudsdale|def|1
|move|p1a: Mudsdale|Toxic|p2a: Rhyperior|[miss]
|-miss|p1a: Mudsdale|p2a: Rhyperior
|
|-heal|p1a: Mudsdale|17/100|[from] item: Leftovers
|upkeep
|turn|15
|
|t:|1642251888
|move|p2a: Rhyperior|Earthquake|p1a: Mudsdale
|-damage|p1a: Mudsdale|1/100
|-ability|p1a: Mudsdale|Stamina|boost
|-boost|p1a: Mudsdale|def|1
|move|p1a: Mudsdale|Toxic|p2a: Rhyperior
|-status|p2a: Rhyperior|tox
|
|-heal|p1a: Mudsdale|7/100|[from] item: Leftovers
|-damage|p2a: Rhyperior|94/100 tox|[from] psn
|upkeep
|turn|16
|
|t:|1642251925
|switch|p1a: Porygon2|Porygon2|88/100
|-damage|p1a: Porygon2|76/100|[from] Stealth Rock
|-ability|p1a: Porygon2|Solid Rock|[from] ability: Trace|[of] p2a: Rhyperior
|move|p2a: Rhyperior|Earthquake|p1a: Porygon2
|-damage|p1a: Porygon2|44/100
|
|-heal|p2a: Rhyperior|100/100 tox|[from] item: Leftovers
|-damage|p2a: Rhyperior|88/100 tox|[from] psn
|upkeep
|turn|17
|
|t:|1642251930
|switch|p2a: Klefki|Klefki, M|59/100
|move|p1a: Porygon2|Recover|p1a: Porygon2
|-heal|p1a: Porygon2|94/100
|
|upkeep
|turn|18
|
|t:|1642251938
|move|p2a: Klefki|Spikes|p1a: Porygon2
|-sidestart|p1: PepeDuce|Spikes
|move|p1a: Porygon2|Teleport|p1a: Porygon2
|
|t:|1642251944
|switch|p1a: Sylveon|Sylveon, M|100/100|[from]move: Teleport
|-damage|p1a: Sylveon|88/100|[from] Stealth Rock
|-damage|p1a: Sylveon|76/100|[from] Spikes
|
|-heal|p1a: Sylveon|82/100|[from] item: Leftovers
|upkeep
|turn|19
|
|t:|1642251960
|move|p2a: Klefki|Spikes|p1a: Sylveon
|-sidestart|p1: PepeDuce|Spikes
|move|p1a: Sylveon|Heal Bell|p1a: Sylveon
|-activate|p1a: Sylveon|move: Heal Bell
|-curestatus|p1: Metagross|par|[msg]
|
|-heal|p1a: Sylveon|88/100|[from] item: Leftovers
|upkeep
|turn|20
|
|t:|1642251970
|switch|p2a: Toxtricity|Toxtricity, M|100/100
|move|p1a: Sylveon|Hyper Voice|p2a: Toxtricity
|-resisted|p2a: Toxtricity
|-damage|p2a: Toxtricity|84/100
|
|-heal|p1a: Sylveon|94/100|[from] item: Leftovers
|upkeep
|turn|21
|j| BD1L Bedge
|
|t:|1642251992
|move|p1a: Sylveon|Protect|p1a: Sylveon
|-singleturn|p1a: Sylveon|Protect
|move|p2a: Toxtricity|Boomburst|p1a: Sylveon
|-activate|p1a: Sylveon|move: Protect
|
|-heal|p1a: Sylveon|99/100|[from] item: Leftovers
|upkeep
|turn|22
|
|t:|1642251998
|switch|p1a: Porygon2|Porygon2|94/100
|-damage|p1a: Porygon2|77/100|[from] Spikes
|-damage|p1a: Porygon2|65/100|[from] Stealth Rock
|-ability|p1a: Porygon2|Punk Rock|[from] ability: Trace|[of] p2a: Toxtricity
|move|p2a: Toxtricity|Boomburst|p1a: Porygon2
|-damage|p1a: Porygon2|44/100
|
|upkeep
|turn|23
|j| THEREALCRISTIANOR7
|l| Hurtadoo
|j| Hurtadoo
|
|t:|1642252076
|switch|p2a: Passimian|Passimian, F|100/100
|move|p1a: Porygon2|Recover|p1a: Porygon2
|-heal|p1a: Porygon2|95/100
|
|upkeep
|turn|24
|
|t:|1642252103
|move|p2a: Passimian|Knock Off|p1a: Porygon2
|-damage|p1a: Porygon2|73/100
|-enditem|p1a: Porygon2|Eviolite|[from] move: Knock Off|[of] p2a: Passimian
|move|p1a: Porygon2|Thunder Wave|p2a: Passimian
|-status|p2a: Passimian|par
|
|upkeep
|turn|25
|
|t:|1642252119
|switch|p2a: Klefki|Klefki, M|59/100
|move|p1a: Porygon2|Foul Play|p2a: Klefki
|-resisted|p2a: Klefki
|-damage|p2a: Klefki|53/100
|
|upkeep
|turn|26
|
|t:|1642252130
|move|p2a: Klefki|Spikes|p1a: Porygon2
|-sidestart|p1: PepeDuce|Spikes
|move|p1a: Porygon2|Recover|p1a: Porygon2
|-heal|p1a: Porygon2|100/100
|
|upkeep
|turn|27
|
|t:|1642252149
|move|p2a: Klefki|Dazzling Gleam|p1a: Porygon2
|-crit|p1a: Porygon2
|-damage|p1a: Porygon2|78/100
|move|p1a: Porygon2|Teleport|p1a: Porygon2
|
|t:|1642252174
|switch|p1a: Noivern|Noivern, F|100/100|[from]move: Teleport
|
|upkeep
|turn|28
|j| P.Otaku ☯
|
|t:|1642252240
|move|p1a: Noivern|Defog|p2a: Klefki
|-unboost|p2a: Klefki|evasion|1
|-sideend|p1: PepeDuce|Spikes|[from] move: Defog|[of] p1a: Noivern
|-sideend|p1: PepeDuce|Stealth Rock|[from] move: Defog|[of] p1a: Noivern
|move|p2a: Klefki|Dazzling Gleam|p1a: Noivern
|-supereffective|p1a: Noivern
|-damage|p1a: Noivern|52/100
|
|upkeep
|turn|29
|
|t:|1642252256
|switch|p1a: Celebi|Celebi|100/100
|move|p2a: Klefki|Spikes|p1a: Celebi
|-sidestart|p1: PepeDuce|Spikes
|
|upkeep
|turn|30
|
|t:|1642252263
|switch|p2a: Noivern|Noivern, M|89/100 par
|move|p1a: Celebi|Nasty Plot|p1a: Celebi
|-boost|p1a: Celebi|spa|2
|
|upkeep
|turn|31
|l| Hurtadoo
|
|t:|1642252286
|move|p1a: Celebi|Psychic|p2a: Noivern
|-damage|p2a: Noivern|0 fnt
|faint|p2a: Noivern
|-damage|p1a: Celebi|91/100|[from] item: Life Orb
|
|upkeep
|j| Hurtadoo
|
|t:|1642252298
|switch|p2a: Klefki|Klefki, M|53/100
|turn|32
|
|t:|1642252307
|move|p2a: Klefki|Thunder Wave|p1a: Celebi
|-status|p1a: Celebi|par
|move|p1a: Celebi|Aura Sphere|p2a: Klefki
|-damage|p2a: Klefki|0 fnt
|faint|p2a: Klefki
|-damage|p1a: Celebi|81/100 par|[from] item: Life Orb
|
|upkeep
|
|t:|1642252329
|switch|p2a: Toxtricity|Toxtricity, M|84/100
|turn|33
|j| Chose Truc
|l| NDUUAZU Cielau
|
|t:|1642252367
|-curestatus|p1a: Celebi|par|[from] ability: Natural Cure
|switch|p1a: Mudsdale|Mudsdale, M|7/100
|-damage|p1a: Mudsdale|0 fnt|[from] Spikes
|faint|p1a: Mudsdale
|move|p2a: Toxtricity|Boomburst|p1: Mudsdale|[notarget]
|-fail|p2a: Toxtricity
|
|upkeep
|l| Hurtadoo
|j| NDUUAZU Cielau
|j| Hurtadoo
|
|t:|1642252430
|switch|p1a: Celebi|Celebi|81/100
|-damage|p1a: Celebi|68/100|[from] Spikes
|turn|34
|l| NDUUAZU Cielau
|j| NDUUAZU Cielau
|
|t:|1642252520
|switch|p2a: Passimian|Passimian, F|100/100 par
|move|p1a: Celebi|Psychic|p2a: Passimian
|-supereffective|p2a: Passimian
|-damage|p2a: Passimian|0 fnt
|faint|p2a: Passimian
|-damage|p1a: Celebi|58/100|[from] item: Life Orb
|
|upkeep
|
|t:|1642252524
|switch|p2a: Celebi|Celebi|73/100
|turn|35
|j| Josh Maja
|l| Josh Maja
|
|t:|1642252544
|switch|p1a: Noivern|Noivern, F|52/100
|move|p2a: Celebi|Recover|p2a: Celebi
|-heal|p2a: Celebi|100/100
|
|upkeep
|turn|36
|l| Daruma
|j| Josh Maja
|l|joshmaja
|
|t:|1642252600
|move|p1a: Noivern|Defog|p2a: Celebi
|-unboost|p2a: Celebi|evasion|1
|-sideend|p1: PepeDuce|Spikes|[from] move: Defog|[of] p1a: Noivern
|move|p2a: Celebi|Recover||[still]
|-fail|p2a: Celebi|heal
|
|upkeep
|turn|37
|l| Hurtadoo
|
|t:|1642252640
|move|p1a: Noivern|Hurricane|p2a: Celebi
|-supereffective|p2a: Celebi
|-damage|p2a: Celebi|25/100
|-start|p2a: Celebi|confusion
|-activate|p2a: Celebi|confusion
|move|p2a: Celebi|Recover|p2a: Celebi
|-heal|p2a: Celebi|75/100
|
|upkeep
|turn|38
|l|☆Masskeauuu
|player|p2|
|j| Hurtadoo
|l| Hurtadoo
|j| asefutipo
|j|☆Masskeauuu
|player|p2|Masskeauuu|winona-gen6
|c|☆Masskeauuu|Mb j'ai eu un pb sur SD
|
|t:|1642252758
|switch|p2a: Toxtricity|Toxtricity, M|84/100
|move|p1a: Noivern|Hurricane|p2a: Toxtricity
|-resisted|p2a: Toxtricity
|-crit|p2a: Toxtricity
|-damage|p2a: Toxtricity|40/100
|
|upkeep
|turn|39
|c|☆PepeDuce|np
|
|t:|1642252787
|switch|p1a: Porygon2|Porygon2|78/100
|-ability|p1a: Porygon2|Punk Rock|[from] ability: Trace|[of] p2a: Toxtricity
|move|p2a: Toxtricity|Volt Switch|p1a: Porygon2
|-damage|p1a: Porygon2|37/100
|l| Xizaaa
|
|t:|1642252826
|switch|p2a: Rhyperior|Rhyperior, F|88/100 tox|[from]move: Volt Switch
|
|-heal|p2a: Rhyperior|94/100 tox|[from] item: Leftovers
|-damage|p2a: Rhyperior|88/100 tox|[from] psn
|upkeep
|turn|40
|
|t:|1642252847
|move|p1a: Porygon2|Recover|p1a: Porygon2
|-heal|p1a: Porygon2|87/100
|move|p2a: Rhyperior|Stone Edge|p1a: Porygon2
|-crit|p1a: Porygon2
|-damage|p1a: Porygon2|5/100
|
|-heal|p2a: Rhyperior|94/100 tox|[from] item: Leftovers
|-damage|p2a: Rhyperior|82/100 tox|[from] psn
|upkeep
|turn|41
|
|t:|1642252882
|move|p1a: Porygon2|Recover|p1a: Porygon2
|-heal|p1a: Porygon2|55/100
|move|p2a: Rhyperior|Stone Edge|p1a: Porygon2
|-damage|p1a: Porygon2|2/100
|
|-heal|p2a: Rhyperior|88/100 tox|[from] item: Leftovers
|-damage|p2a: Rhyperior|69/100 tox|[from] psn
|upkeep
|turn|42
|
|t:|1642252904
|move|p1a: Porygon2|Recover|p1a: Porygon2
|-heal|p1a: Porygon2|52/100
|move|p2a: Rhyperior|Stone Edge|p1a: Porygon2
|-crit|p1a: Porygon2
|-damage|p1a: Porygon2|0 fnt
|faint|p1a: Porygon2
|
|-heal|p2a: Rhyperior|76/100 tox|[from] item: Leftovers
|-damage|p2a: Rhyperior|51/100 tox|[from] psn
|upkeep
|c| THEREALCRISTIANOR7|:masskeau:
|
|t:|1642252925
|switch|p1a: Celebi|Celebi|58/100
|turn|43
|
|t:|1642252961
|move|p1a: Celebi|Giga Drain|p2a: Rhyperior
|-supereffective|p2a: Rhyperior
|-damage|p2a: Rhyperior|0 fnt
|-heal|p1a: Celebi|90/100|[from] drain|[of] p2a: Rhyperior
|faint|p2a: Rhyperior
|-damage|p1a: Celebi|80/100|[from] item: Life Orb
|
|upkeep
|
|t:|1642252969
|switch|p2a: Celebi|Celebi|75/100
|turn|44
|
|t:|1642253056
|switch|p1a: Noivern|Noivern, F|52/100
|move|p2a: Celebi|Nasty Plot|p2a: Celebi
|-boost|p2a: Celebi|spa|2
|
|upkeep
|turn|45
|c| CMDoge|miss tsé
|
|t:|1642253149
|move|p1a: Noivern|Toxic|p2a: Celebi
|-status|p2a: Celebi|tox
|move|p2a: Celebi|Psychic|p1a: Noivern
|-damage|p1a: Noivern|0 fnt
|faint|p1a: Noivern
|
|-damage|p2a: Celebi|69/100 tox|[from] psn
|upkeep
|
|t:|1642253163
|switch|p1a: Metagross|Metagross|95/100
|turn|46
|j| Hurtadoo
|l| Hurtadoo
|
|t:|1642253226
|-curestatus|p2a: Celebi|tox|[from] ability: Natural Cure
|switch|p2a: Toxtricity|Toxtricity, M|40/100
|move|p1a: Metagross|Ice Punch|p2a: Toxtricity
|-damage|p2a: Toxtricity|0 fnt
|faint|p2a: Toxtricity
|
|upkeep
|
|t:|1642253235
|switch|p2a: Celebi|Celebi|69/100
|turn|47
|j| Hurtadoo
|
|t:|1642253251
|move|p1a: Metagross|Ice Punch|p2a: Celebi
|-supereffective|p2a: Celebi
|-damage|p2a: Celebi|17/100
|move|p2a: Celebi|Recover|p2a: Celebi
|-heal|p2a: Celebi|67/100
|
|upkeep
|turn|48
|
|t:|1642253257
|move|p1a: Metagross|Ice Punch|p2a: Celebi
|-supereffective|p2a: Celebi
|-damage|p2a: Celebi|17/100
|move|p2a: Celebi|Earth Power|p1a: Metagross
|-supereffective|p1a: Metagross
|-damage|p1a: Metagross|29/100
|
|upkeep
|turn|49
|c|☆PepeDuce|gg
|l| Hurtadoo
|c|☆Masskeauuu|gg
|
|t:|1642253272
|move|p1a: Metagross|Ice Punch|p2a: Celebi
|-supereffective|p2a: Celebi
|-damage|p2a: Celebi|0 fnt
|faint|p2a: Celebi
|
|win|PepeDuce
