|j|☆Bo Jiden
|j|☆bathtubhippo
|t:|1642262012
|gametype|singles
|player|p1|Bo Jiden|unknown|1296
|player|p2|bathtubhippo|doctor|1441
|teamsize|p1|6
|teamsize|p2|6
|gen|8
|tier|[Gen 8] RU
|rated|
|rule|Sleep Clause Mod: Limit one foe put to sleep
|rule|Species Clause: Limit one of each Pokémon
|rule|OHKO Clause: OHKO moves are banned
|rule|Evasion Moves Clause: Evasion moves are banned
|rule|Endless Battle Clause: Forcing endless battles is banned
|rule|HP Percentage Mod: HP is shown in percentages
|rule|Dynamax Clause: You cannot dynamax
|clearpoke
|poke|p1|Entei|
|poke|p1|Obstagoon, F|
|poke|p1|Indeedee, M|
|poke|p1|Flygon, M|
|poke|p1|Swirlix, M|
|poke|p1|Xurkitree|
|poke|p2|Noivern, M|
|poke|p2|Pangoro, F|
|poke|p2|Golisopod, F|
|poke|p2|Registeel|
|poke|p2|Xurkitree|
|poke|p2|Flygon, M|
|teampreview
|inactive|Battle timer is ON: inactive players will automatically lose when time's up. (requested by bathtubhippo)
|
|t:|1642262054
|start
|switch|p1a: Swirlix|Swirlix, M|100/100
|switch|p2a: Pangoro|Pangoro, F|100/100
|turn|1
|
|t:|1642262057
|move|p1a: Swirlix|Sticky Web|p2a: Pangoro
|-sidestart|p2: bathtubhippo|move: Sticky Web
|move|p2a: Pangoro|Iron Head|p1a: Swirlix
|-supereffective|p1a: Swirlix
|-enditem|p1a: Swirlix|Focus Sash
|-damage|p1a: Swirlix|1/100
|
|upkeep
|turn|2
|
|t:|1642262063
|switch|p2a: Registeel|Registeel|100/100
|-activate|p2a: Registeel|move: Sticky Web
|-fail|p2a: Registeel|unboost|[from] ability: Clear Body|[of] p2a: Registeel
|move|p1a: Swirlix|Endeavor|p2a: Registeel
|-damage|p2a: Registeel|1/100
|
|-heal|p2a: Registeel|7/100|[from] item: Leftovers
|upkeep
|turn|3
|
|t:|1642262068
|move|p1a: Swirlix|Magic Coat|p1a: Swirlix
|-singleturn|p1a: Swirlix|move: Magic Coat
|move|p2a: Registeel|Stealth Rock|p1a: Swirlix
|move|p1a: Swirlix|Stealth Rock|p2a: Registeel|[from]Magic Coat
|-sidestart|p2: bathtubhippo|move: Stealth Rock
|
|-heal|p2a: Registeel|13/100|[from] item: Leftovers
|upkeep
|turn|4
|
|t:|1642262077
|switch|p1a: Xurkitree|Xurkitree|100/100
|move|p2a: Registeel|Earthquake|p1a: Xurkitree
|-supereffective|p1a: Xurkitree
|-damage|p1a: Xurkitree|43/100
|
|-heal|p2a: Registeel|19/100|[from] item: Leftovers
|upkeep
|turn|5
|
|t:|1642262082
|switch|p2a: Flygon|Flygon, M|100/100
|-damage|p2a: Flygon|94/100|[from] Stealth Rock
|move|p1a: Xurkitree|Energy Ball|p2a: Flygon
|-damage|p2a: Flygon|45/100
|
|-heal|p2a: Flygon|51/100|[from] item: Leftovers
|upkeep
|turn|6
|
|t:|1642262086
|switch|p1a: Swirlix|Swirlix, M|1/100
|move|p2a: Flygon|Defog|p1a: Swirlix
|-unboost|p1a: Swirlix|evasion|1
|-sideend|p2: bathtubhippo|Stealth Rock|[from] move: Defog|[of] p2a: Flygon
|-sideend|p2: bathtubhippo|Sticky Web|[from] move: Defog|[of] p2a: Flygon
|
|-heal|p2a: Flygon|58/100|[from] item: Leftovers
|upkeep
|turn|7
|
|t:|1642262091
|move|p2a: Flygon|Earthquake|p1a: Swirlix
|-damage|p1a: Swirlix|0 fnt
|faint|p1a: Swirlix
|
|-heal|p2a: Flygon|64/100|[from] item: Leftovers
|upkeep
|
|t:|1642262095
|switch|p1a: Flygon|Flygon, M|100/100
|turn|8
|
|t:|1642262102
|move|p2a: Flygon|U-turn|p1a: Flygon
|-damage|p1a: Flygon|76/100
|
|t:|1642262106
|switch|p2a: Golisopod|Golisopod, F|100/100|[from]move: U-turn
|move|p1a: Flygon|Dragon Dance|p1a: Flygon
|-boost|p1a: Flygon|atk|1
|-boost|p1a: Flygon|spe|1
|
|upkeep
|turn|9
|
|t:|1642262111
|move|p2a: Golisopod|First Impression|p1a: Flygon
|-damage|p1a: Flygon|12/100
|move|p1a: Flygon|Dual Wingbeat|p2a: Golisopod
|-supereffective|p2a: Golisopod
|-damage|p2a: Golisopod|70/100
|-supereffective|p2a: Golisopod
|-damage|p2a: Golisopod|39/100
|-hitcount|p2a: Golisopod|2
|-activate|p2a: Golisopod|ability: Emergency Exit
|
|t:|1642262139
|switch|p2a: Pangoro|Pangoro, F|100/100
|
|upkeep
|turn|10
|
|t:|1642262144
|move|p1a: Flygon|Dual Wingbeat|p2a: Pangoro
|-supereffective|p2a: Pangoro
|-crit|p2a: Pangoro
|-damage|p2a: Pangoro|24/100
|-supereffective|p2a: Pangoro
|-damage|p2a: Pangoro|0 fnt
|faint|p2a: Pangoro
|-hitcount|p2: Pangoro|2
|
|upkeep
|
|t:|1642262146
|switch|p2a: Golisopod|Golisopod, F|39/100
|turn|11
|
|t:|1642262150
|switch|p1a: Entei|Entei|100/100
|move|p2a: Golisopod|First Impression|p1a: Entei
|-resisted|p1a: Entei
|-damage|p1a: Entei|72/100
|
|upkeep
|turn|12
|
|t:|1642262155
|move|p1a: Entei|Sacred Fire|p2a: Golisopod
|-damage|p2a: Golisopod|0 fnt
|faint|p2a: Golisopod
|
|upkeep
|
|t:|1642262162
|switch|p2a: Flygon|Flygon, M|64/100
|turn|13
|
|t:|1642262166
|move|p2a: Flygon|Earthquake|p1a: Entei
|-supereffective|p1a: Entei
|-damage|p1a: Entei|0 fnt
|faint|p1a: Entei
|
|-heal|p2a: Flygon|70/100|[from] item: Leftovers
|upkeep
|
|t:|1642262180
|switch|p1a: Indeedee|Indeedee, M|100/100
|-fieldstart|move: Psychic Terrain|[from] ability: Psychic Surge|[of] p1a: Indeedee
|turn|14
|
|t:|1642262193
|switch|p2a: Registeel|Registeel|19/100
|move|p1a: Indeedee|Expanding Force|p2a: Registeel
|-resisted|p2a: Registeel
|-damage|p2a: Registeel|0 fnt
|faint|p2a: Registeel
|
|upkeep
|
|t:|1642262198
|switch|p2a: Noivern|Noivern, M|100/100
|turn|15
|
|t:|1642262200
|move|p2a: Noivern|Draco Meteor|p1a: Indeedee
|-damage|p1a: Indeedee|0 fnt
|-unboost|p2a: Noivern|spa|2
|faint|p1a: Indeedee
|
|upkeep
|
|t:|1642262208
|switch|p1a: Xurkitree|Xurkitree|43/100
|turn|16
|
|t:|1642262213
|switch|p2a: Xurkitree|Xurkitree|100/100
|move|p1a: Xurkitree|Dazzling Gleam|p2a: Xurkitree
|-damage|p2a: Xurkitree|49/100
|
|upkeep
|turn|17
|
|t:|1642262221
|move|p2a: Xurkitree|Dazzling Gleam|p1a: Xurkitree
|-damage|p1a: Xurkitree|0 fnt
|faint|p1a: Xurkitree
|-ability|p2a: Xurkitree|Beast Boost|boost
|-boost|p2a: Xurkitree|spa|1
|
|upkeep
|
|t:|1642262226
|switch|p1a: Obstagoon|Obstagoon, F|100/100
|turn|18
|
|t:|1642262229
|move|p1a: Obstagoon|Knock Off|p2a: Xurkitree
|-crit|p2a: Xurkitree
|-damage|p2a: Xurkitree|0 fnt
|-enditem|p2a: Xurkitree|Choice Scarf|[from] move: Knock Off|[of] p1a: Obstagoon
|faint|p2a: Xurkitree
|
|-fieldend|move: Psychic Terrain
|upkeep
|
|t:|1642262241
|switch|p2a: Noivern|Noivern, M|100/100
|turn|19
|
|t:|1642262245
|switch|p1a: Flygon|Flygon, M|12/100
|move|p2a: Noivern|Draco Meteor|p1a: Flygon
|-supereffective|p1a: Flygon
|-damage|p1a: Flygon|0 fnt
|-unboost|p2a: Noivern|spa|2
|faint|p1a: Flygon
|
|upkeep
|
|t:|1642262249
|switch|p1a: Obstagoon|Obstagoon, F|100/100
|turn|20
|
|t:|1642262254
|move|p1a: Obstagoon|Knock Off|p2a: Noivern
|-damage|p2a: Noivern|50/100
|-enditem|p2a: Noivern|Choice Specs|[from] move: Knock Off|[of] p1a: Obstagoon
|move|p2a: Noivern|Draco Meteor|p1a: Obstagoon
|-damage|p1a: Obstagoon|67/100
|-unboost|p2a: Noivern|spa|2
|
|upkeep
|turn|21
|
|t:|1642262265
|move|p1a: Obstagoon|Knock Off|p2a: Noivern
|-damage|p2a: Noivern|18/100
|move|p2a: Noivern|U-turn|p1a: Obstagoon
|-supereffective|p1a: Obstagoon
|-damage|p1a: Obstagoon|45/100
|
|t:|1642262268
|switch|p2a: Flygon|Flygon, M|70/100|[from]move: U-turn
|
|-heal|p2a: Flygon|76/100|[from] item: Leftovers
|upkeep
|turn|22
|
|t:|1642262271
|switch|p2a: Noivern|Noivern, M|18/100
|move|p1a: Obstagoon|Knock Off|p2a: Noivern
|-damage|p2a: Noivern|0 fnt
|faint|p2a: Noivern
|
|upkeep
|
|t:|1642262272
|switch|p2a: Flygon|Flygon, M|76/100
|turn|23
|
|t:|1642262275
|move|p1a: Obstagoon|Knock Off|p2a: Flygon
|-damage|p2a: Flygon|27/100
|-enditem|p2a: Flygon|Leftovers|[from] move: Knock Off|[of] p1a: Obstagoon
|move|p2a: Flygon|Earthquake|p1a: Obstagoon
|-damage|p1a: Obstagoon|5/100
|
|upkeep
|turn|24
|
|t:|1642262280
|move|p1a: Obstagoon|Knock Off|p2a: Flygon
|-damage|p2a: Flygon|0 fnt
|faint|p2a: Flygon
|
|win|Bo Jiden
|raw|Bo Jiden's rating: 1296 &rarr; <strong>1331</strong><br />(+35 for winning)
|raw|bathtubhippo's rating: 1441 &rarr; <strong>1413</strong><br />(-28 for losing)
