|j|☆chapomajik
|j|☆Papichef
|t:|1637269078
|gametype|singles
|player|p1|chapomajik|shauntal|1283
|player|p2|Papichef|blackbelt-gen4|1372
|teamsize|p1|6
|teamsize|p2|6
|gen|8
|tier|[Gen 8] RU
|rated|
|rule|Sleep Clause Mod: Limit one foe put to sleep
|rule|Species Clause: Limit one of each Pokémon
|rule|OHKO Clause: OHKO moves are banned
|rule|Evasion Moves Clause: Evasion moves are banned
|rule|Endless Battle Clause: Forcing endless battles is banned
|rule|HP Percentage Mod: HP is shown in percentages
|rule|Dynamax Clause: You cannot dynamax
|clearpoke
|poke|p1|Chandelure, M|
|poke|p1|Xurkitree|
|poke|p1|Flygon, M|
|poke|p1|Cobalion|
|poke|p1|Mimikyu, M|
|poke|p1|Stakataka|
|poke|p2|Cobalion|
|poke|p2|Pangoro, M|
|poke|p2|Hitmonlee, M|
|poke|p2|Gallade, M|
|poke|p2|Heracross, F|
|poke|p2|Toxicroak, F|
|teampreview
|
|t:|1637269089
|start
|switch|p1a: Gaming|Xurkitree|100/100
|switch|p2a: Gallade|Gallade, M|100/100
|turn|1
|
|t:|1637269102
|move|p1a: Gaming|Volt Switch|p2a: Gallade
|-damage|p2a: Gallade|70/100
|
|t:|1637269109
|switch|p1a: RAPIDE COURIR|Flygon, M|100/100|[from]move: Volt Switch
|move|p2a: Gallade|Drain Punch|p1a: RAPIDE COURIR
|-damage|p1a: RAPIDE COURIR|49/100
|-heal|p2a: Gallade|98/100|[from] drain|[of] p1a: RAPIDE COURIR
|
|-heal|p1a: RAPIDE COURIR|55/100|[from] item: Leftovers
|upkeep
|turn|2
|
|t:|1637269130
|switch|p1a: Flamberge|Chandelure, M|100/100
|move|p2a: Gallade|Ice Punch|p1a: Flamberge
|-resisted|p1a: Flamberge
|-damage|p1a: Flamberge|83/100
|
|upkeep
|turn|3
|
|t:|1637269140
|move|p1a: Flamberge|Shadow Ball|p2a: Gallade
|-supereffective|p2a: Gallade
|-damage|p2a: Gallade|33/100
|move|p2a: Gallade|Ice Punch|p1a: Flamberge
|-resisted|p1a: Flamberge
|-damage|p1a: Flamberge|64/100
|
|upkeep
|turn|4
|
|t:|1637269147
|switch|p2a: Pangoro|Pangoro, M|100/100
|-ability|p2a: Pangoro|Mold Breaker
|move|p1a: Flamberge|Shadow Ball|p2a: Pangoro
|-resisted|p2a: Pangoro
|-damage|p2a: Pangoro|70/100
|-unboost|p2a: Pangoro|spd|1
|
|upkeep
|turn|5
|
|t:|1637269156
|move|p1a: Flamberge|Fire Blast|p2a: Pangoro
|-damage|p2a: Pangoro|0 fnt
|faint|p2a: Pangoro
|
|upkeep
|
|t:|1637269160
|switch|p2a: Heracross|Heracross, F|100/100
|turn|6
|
|t:|1637269169
|move|p2a: Heracross|Close Combat|p1a: Flamberge
|-immune|p1a: Flamberge
|move|p1a: Flamberge|Fire Blast|p2a: Heracross
|-supereffective|p2a: Heracross
|-damage|p2a: Heracross|0 fnt
|faint|p2a: Heracross
|
|upkeep
|
|t:|1637269175
|switch|p2a: Toxicroak|Toxicroak, F|100/100
|turn|7
|
|t:|1637269180
|switch|p1a: RAPIDE COURIR|Flygon, M|55/100
|move|p2a: Toxicroak|Sucker Punch||[still]
|-fail|p2a: Toxicroak
|
|-heal|p1a: RAPIDE COURIR|61/100|[from] item: Leftovers
|upkeep
|turn|8
|
|t:|1637269187
|switch|p2a: Cobalion|Cobalion|100/100
|-item|p2a: Cobalion|Air Balloon
|move|p1a: RAPIDE COURIR|Earthquake|p2a: Cobalion
|-immune|p2a: Cobalion
|
|-heal|p1a: RAPIDE COURIR|67/100|[from] item: Leftovers
|upkeep
|turn|9
|
|t:|1637269200
|switch|p2a: Toxicroak|Toxicroak, F|100/100
|move|p1a: RAPIDE COURIR|Stone Edge|p2a: Toxicroak|[miss]
|-miss|p1a: RAPIDE COURIR|p2a: Toxicroak
|
|-heal|p1a: RAPIDE COURIR|73/100|[from] item: Leftovers
|upkeep
|turn|10
|
|t:|1637269207
|move|p1a: RAPIDE COURIR|Earthquake|p2a: Toxicroak
|-supereffective|p2a: Toxicroak
|-damage|p2a: Toxicroak|0 fnt
|faint|p2a: Toxicroak
|
|-heal|p1a: RAPIDE COURIR|79/100|[from] item: Leftovers
|upkeep
|
|t:|1637269209
|switch|p2a: Cobalion|Cobalion|100/100
|-item|p2a: Cobalion|Air Balloon
|turn|11
|
|t:|1637269215
|move|p2a: Cobalion|Swords Dance|p2a: Cobalion
|-boost|p2a: Cobalion|atk|2
|move|p1a: RAPIDE COURIR|Stone Edge|p2a: Cobalion
|-resisted|p2a: Cobalion
|-damage|p2a: Cobalion|95/100
|-enditem|p2a: Cobalion|Air Balloon
|
|-heal|p1a: RAPIDE COURIR|85/100|[from] item: Leftovers
|upkeep
|turn|12
|
|t:|1637269228
|move|p2a: Cobalion|Rock Polish|p2a: Cobalion
|-boost|p2a: Cobalion|spe|2
|move|p1a: RAPIDE COURIR|Earthquake|p2a: Cobalion
|-supereffective|p2a: Cobalion
|-damage|p2a: Cobalion|16/100
|
|-heal|p1a: RAPIDE COURIR|91/100|[from] item: Leftovers
|upkeep
|turn|13
|
|t:|1637269236
|move|p2a: Cobalion|Close Combat|p1a: RAPIDE COURIR
|-damage|p1a: RAPIDE COURIR|0 fnt
|-unboost|p2a: Cobalion|def|1
|-unboost|p2a: Cobalion|spd|1
|faint|p1a: RAPIDE COURIR
|
|upkeep
|
|t:|1637269242
|switch|p1a: AMOGUS|Mimikyu, M|100/100
|turn|14
|
|t:|1637269245
|move|p1a: AMOGUS|Shadow Sneak|p2a: Cobalion
|-damage|p2a: Cobalion|0 fnt
|faint|p2a: Cobalion
|-damage|p1a: AMOGUS|91/100|[from] item: Life Orb
|
|upkeep
|-message|Papichef forfeited.
|
|win|chapomajik
|raw|chapomajik's rating: 1283 &rarr; <strong>1314</strong><br />(+31 for winning)
|raw|Papichef's rating: 1372 &rarr; <strong>1347</strong><br />(-25 for losing)
|l|☆Papichef
||Ladder isn't responding, score probably updated but might not have (Request timeout).
