|j|☆MeraKyPokemon
|j|☆Its oyster time
|inactive|Battle timer is ON: inactive players will automatically lose when time's up.
|t:|1655660101
|gametype|singles
|player|p1|MeraKyPokemon|101|
|player|p2|Its oyster time|ninjaboy|
|teamsize|p1|6
|teamsize|p2|6
|gen|8
|tier|[Gen 8] RU
|rated|Tournament battle
|rule|Sleep Clause Mod: Limit one foe put to sleep
|rule|Species Clause: Limit one of each Pokémon
|rule|OHKO Clause: OHKO moves are banned
|rule|Evasion Moves Clause: Evasion moves are banned
|rule|Endless Battle Clause: Forcing endless battles is banned
|rule|HP Percentage Mod: HP is shown in percentages
|rule|Dynamax Clause: You cannot dynamax
|clearpoke
|poke|p1|Golisopod, M|
|poke|p1|Toxtricity, F|
|poke|p1|Sharpedo, F|
|poke|p1|Diancie|
|poke|p1|Heracross, M|
|poke|p1|Entei|
|poke|p2|Gardevoir, F|
|poke|p2|Crobat, F|
|poke|p2|Flygon, F|
|poke|p2|Incineroar, F|
|poke|p2|Heliolisk, F|
|poke|p2|Registeel|
|teampreview
|
|t:|1655660118
|start
|switch|p1a: Toxtricity|Toxtricity, F|100/100
|switch|p2a: Crobat|Crobat, F|100/100
|turn|1
|
|t:|1655660126
|move|p2a: Crobat|U-turn|p1a: Toxtricity
|-resisted|p1a: Toxtricity
|-damage|p1a: Toxtricity|86/100
|
|t:|1655660128
|switch|p2a: Registeel|Registeel|100/100|[from]move: U-turn
|move|p1a: Toxtricity|Volt Switch|p2a: Registeel
|-damage|p2a: Registeel|64/100
|
|t:|1655660132
|switch|p1a: Entei|Entei|100/100|[from]move: Volt Switch
|
|-heal|p2a: Registeel|70/100|[from] item: Leftovers
|upkeep
|turn|2
|
|t:|1655660138
|switch|p2a: Incineroar|Incineroar, F|100/100
|-ability|p2a: Incineroar|Intimidate|boost
|-fail|p1a: Entei|unboost|Attack|[from] ability: Inner Focus|[of] p1a: Entei
|move|p1a: Entei|Flare Blitz|p2a: Incineroar
|-resisted|p2a: Incineroar
|-damage|p2a: Incineroar|56/100
|-damage|p1a: Entei|87/100|[from] Recoil
|
|upkeep
|turn|3
|
|t:|1655660145
|switch|p1a: Diancie|Diancie|100/100
|move|p2a: Incineroar|Knock Off|p1a: Diancie
|-resisted|p1a: Diancie
|-damage|p1a: Diancie|79/100
|-enditem|p1a: Diancie|Leftovers|[from] move: Knock Off|[of] p2a: Incineroar
|
|upkeep
|turn|4
|
|t:|1655660152
|switch|p2a: Flygon|Flygon, F|100/100
|move|p1a: Diancie|Diamond Storm|p2a: Flygon
|-resisted|p2a: Flygon
|-damage|p2a: Flygon|77/100
|-boost|p1a: Diancie|def|2
|
|upkeep
|turn|5
|
|t:|1655660157
|move|p2a: Flygon|Earthquake|p1a: Diancie
|-supereffective|p1a: Diancie
|-damage|p1a: Diancie|43/100
|move|p1a: Diancie|Body Press|p2a: Flygon
|-damage|p2a: Flygon|7/100
|
|upkeep
|turn|6
|
|t:|1655660167
|move|p2a: Flygon|Earthquake|p1a: Diancie
|-supereffective|p1a: Diancie
|-damage|p1a: Diancie|4/100
|move|p1a: Diancie|Diamond Storm|p2a: Flygon
|-resisted|p2a: Flygon
|-damage|p2a: Flygon|0 fnt
|-boost|p1a: Diancie|def|2
|faint|p2a: Flygon
|
|upkeep
|j| Capucin
|
|t:|1655660181
|switch|p2a: Heliolisk|Heliolisk, F|100/100
|turn|7
|
|t:|1655660186
|move|p2a: Heliolisk|Thunderbolt|p1a: Diancie
|-damage|p1a: Diancie|0 fnt
|faint|p1a: Diancie
|
|upkeep
|
|t:|1655660188
|switch|p1a: Toxtricity|Toxtricity, F|86/100
|turn|8
|
|t:|1655660196
|move|p2a: Heliolisk|Thunderbolt|p1a: Toxtricity
|-resisted|p1a: Toxtricity
|-damage|p1a: Toxtricity|52/100
|move|p1a: Toxtricity|Overdrive|p2a: Heliolisk
|-resisted|p2a: Heliolisk
|-damage|p2a: Heliolisk|50/100
|
|upkeep
|turn|9
|l| Capucin
|
|t:|1655660204
|move|p2a: Heliolisk|Thunderbolt|p1a: Toxtricity
|-resisted|p1a: Toxtricity
|-damage|p1a: Toxtricity|22/100
|move|p1a: Toxtricity|Overdrive|p2a: Heliolisk
|-resisted|p2a: Heliolisk
|-damage|p2a: Heliolisk|0 fnt
|faint|p2a: Heliolisk
|
|upkeep
|
|t:|1655660233
|switch|p2a: Gardevoir|Gardevoir, F|100/100
|-ability|p2a: Gardevoir|Punk Rock|[from] ability: Trace|[of] p1a: Toxtricity
|turn|10
|
|t:|1655660239
|move|p2a: Gardevoir|Psychic|p1a: Toxtricity
|-supereffective|p1a: Toxtricity
|-damage|p1a: Toxtricity|0 fnt
|faint|p1a: Toxtricity
|
|upkeep
|
|t:|1655660241
|switch|p1a: Sharpedo|Sharpedo, F|100/100
|turn|11
|
|t:|1655660244
|switch|p2a: Registeel|Registeel|70/100
|move|p1a: Sharpedo|Dark Pulse|p2a: Registeel
|-damage|p2a: Registeel|36/100
|-damage|p1a: Sharpedo|91/100|[from] item: Life Orb
|
|-heal|p2a: Registeel|42/100|[from] item: Leftovers
|-ability|p1a: Sharpedo|Speed Boost|boost
|-boost|p1a: Sharpedo|spe|1
|upkeep
|turn|12
|
|t:|1655660256
|move|p1a: Sharpedo|Close Combat|p2a: Registeel
|-supereffective|p2a: Registeel
|-damage|p2a: Registeel|0 fnt
|-unboost|p1a: Sharpedo|def|1
|-unboost|p1a: Sharpedo|spd|1
|faint|p2a: Registeel
|-damage|p1a: Sharpedo|81/100|[from] item: Life Orb
|
|-ability|p1a: Sharpedo|Speed Boost|boost
|-boost|p1a: Sharpedo|spe|1
|upkeep
|
|t:|1655660258
|switch|p2a: Crobat|Crobat, F|100/100
|turn|13
|
|t:|1655660262
|move|p1a: Sharpedo|Hydro Pump|p2a: Crobat
|-damage|p2a: Crobat|18/100
|-damage|p1a: Sharpedo|71/100|[from] item: Life Orb
|move|p2a: Crobat|U-turn|p1a: Sharpedo
|-supereffective|p1a: Sharpedo
|-damage|p1a: Sharpedo|0 fnt
|faint|p1a: Sharpedo
|
|t:|1655660268
|switch|p2a: Gardevoir|Gardevoir, F|100/100|[from]move: U-turn
|
|upkeep
|j|%Guldkatt
|
|t:|1655660274
|switch|p1a: Entei|Entei|87/100
|-ability|p2a: Gardevoir|Inner Focus|[from] ability: Trace|[of] p1a: Entei
|turn|14
|
|t:|1655660296
|move|p1a: Entei|Extreme Speed|p2a: Gardevoir
|-damage|p2a: Gardevoir|37/100
|move|p2a: Gardevoir|Psychic|p1a: Entei
|-crit|p1a: Entei
|-damage|p1a: Entei|12/100
|
|upkeep
|turn|15
|
|t:|1655660301
|move|p1a: Entei|Extreme Speed|p2a: Gardevoir
|-damage|p2a: Gardevoir|0 fnt
|faint|p2a: Gardevoir
|
|upkeep
|
|t:|1655660303
|switch|p2a: Incineroar|Incineroar, F|56/100
|-ability|p2a: Incineroar|Intimidate|boost
|-fail|p1a: Entei|unboost|Attack|[from] ability: Inner Focus|[of] p1a: Entei
|turn|16
|
|t:|1655660306
|move|p1a: Entei|Extreme Speed|p2a: Incineroar
|-damage|p2a: Incineroar|13/100
|move|p2a: Incineroar|Knock Off|p1a: Entei
|-damage|p1a: Entei|0 fnt
|-enditem|p1a: Entei|Choice Band|[from] move: Knock Off|[of] p2a: Incineroar
|faint|p1a: Entei
|
|upkeep
|j|%MAc3 ✝
|
|t:|1655660310
|switch|p1a: Heracross|Heracross, M|100/100
|turn|17
|
|t:|1655660311
|move|p1a: Heracross|Close Combat|p2a: Incineroar
|-supereffective|p2a: Incineroar
|-damage|p2a: Incineroar|0 fnt
|-unboost|p1a: Heracross|def|1
|-unboost|p1a: Heracross|spd|1
|faint|p2a: Incineroar
|-ability|p1a: Heracross|Moxie|boost
|-boost|p1a: Heracross|atk|1
|
|upkeep
|
|t:|1655660313
|switch|p2a: Crobat|Crobat, F|18/100
|turn|18
|
|t:|1655660316
|move|p1a: Heracross|Close Combat|p2a: Crobat
|-resisted|p2a: Crobat
|-damage|p2a: Crobat|0 fnt
|-unboost|p1a: Heracross|def|1
|-unboost|p1a: Heracross|spd|1
|faint|p2a: Crobat
|
|win|MeraKyPokemon
|n|☆MeraKyPokemon|merakypokemon
|n|☆Its oyster time|itsoystertime
|n| Guldkatt|guldkatt
|n| MAc3 ✝|mac3
