|j|☆J3shyWeshy
|j|☆Guybackstage
|t:|1648141573
|gametype|singles
|player|p1|J3shyWeshy|170|1332
|player|p2|Guybackstage|cameraman|1488
|teamsize|p1|6
|teamsize|p2|6
|gen|8
|tier|[Gen 8] RU
|rated|
|rule|Sleep Clause Mod: Limit one foe put to sleep
|rule|Species Clause: Limit one of each Pokémon
|rule|OHKO Clause: OHKO moves are banned
|rule|Evasion Moves Clause: Evasion moves are banned
|rule|Endless Battle Clause: Forcing endless battles is banned
|rule|HP Percentage Mod: HP is shown in percentages
|rule|Dynamax Clause: You cannot dynamax
|clearpoke
|poke|p1|Polteageist|
|poke|p1|Lucario, M|
|poke|p1|Incineroar, M|
|poke|p1|Togekiss, M|
|poke|p1|Milotic, M|
|poke|p1|Flygon, F|
|poke|p2|Natu, F|
|poke|p2|Snorlax, M|
|poke|p2|Marowak-Alola, M|
|poke|p2|Porygon2|
|poke|p2|Pangoro, M|
|poke|p2|Whimsicott, F|
|teampreview
|inactive|Battle timer is ON: inactive players will automatically lose when time's up. (requested by J3shyWeshy)
|
|t:|1648141582
|start
|switch|p1a: Incineroar|Incineroar, M|100/100
|switch|p2a: Natu|Natu, F|100/100
|-ability|p1a: Incineroar|Intimidate|boost
|-unboost|p2a: Natu|atk|1
|turn|1
|
|t:|1648141589
|move|p2a: Natu|Protect|p2a: Natu
|-singleturn|p2a: Natu|Protect
|move|p1a: Incineroar|U-turn|p2a: Natu
|-activate|p2a: Natu|move: Protect
|
|upkeep
|turn|2
|
|t:|1648141596
|move|p1a: Incineroar|Knock Off|p2a: Natu
|-supereffective|p2a: Natu
|-enditem|p2a: Natu|Focus Sash
|-damage|p2a: Natu|1/100
|move|p2a: Natu|Trick Room|p2a: Natu
|-fieldstart|move: Trick Room|[of] p2a: Natu
|
|upkeep
|turn|3
|
|t:|1648141605
|switch|p1a: Milotic|Milotic, M|100/100
|move|p2a: Natu|Teleport|p2a: Natu
|
|t:|1648141612
|switch|p2a: Pangoro|Pangoro, M, shiny|100/100|[from]move: Teleport
|
|-status|p1a: Milotic|brn|[from] item: Flame Orb
|upkeep
|turn|4
|
|t:|1648141623
|switch|p1a: Togekiss|Togekiss, M|100/100
|move|p2a: Pangoro|Close Combat|p1a: Togekiss
|-resisted|p1a: Togekiss
|-damage|p1a: Togekiss|82/100
|-unboost|p2a: Pangoro|def|1
|-unboost|p2a: Pangoro|spd|1
|-damage|p2a: Pangoro|91/100|[from] item: Life Orb
|
|upkeep
|turn|5
|
|t:|1648141633
|move|p2a: Pangoro|Iron Head|p1a: Togekiss
|-supereffective|p1a: Togekiss
|-damage|p1a: Togekiss|13/100
|-damage|p2a: Pangoro|81/100|[from] item: Life Orb
|cant|p1a: Togekiss|flinch
|
|upkeep
|turn|6
|
|t:|1648141644
|switch|p1a: Incineroar|Incineroar, M|100/100
|-ability|p1a: Incineroar|Intimidate|boost
|-fail|p2a: Pangoro|unboost|Attack|[from] ability: Scrappy|[of] p2a: Pangoro
|move|p2a: Pangoro|Close Combat|p1a: Incineroar
|-supereffective|p1a: Incineroar
|-damage|p1a: Incineroar|0 fnt
|-unboost|p2a: Pangoro|def|1
|-unboost|p2a: Pangoro|spd|1
|faint|p1a: Incineroar
|-damage|p2a: Pangoro|71/100|[from] item: Life Orb
|
|-fieldend|move: Trick Room
|upkeep
|
|t:|1648141659
|switch|p1a: Lucario|Lucario, M|100/100
|turn|7
|
|t:|1648141663
|switch|p2a: Natu|Natu, F|1/100
|move|p1a: Lucario|Drain Punch|p2a: Natu
|-resisted|p2a: Natu
|-damage|p2a: Natu|0 fnt
|faint|p2a: Natu
|-damage|p1a: Lucario|91/100|[from] item: Life Orb
|
|upkeep
|
|t:|1648141672
|switch|p2a: Marowak|Marowak-Alola, M|100/100
|turn|8
|
|t:|1648141676
|switch|p1a: Milotic|Milotic, M|100/100 brn
|move|p2a: Marowak|Poltergeist|p1a: Milotic
|-activate|p1a: Milotic|move: Poltergeist|Flame Orb
|-damage|p1a: Milotic|41/100 brn
|
|-damage|p1a: Milotic|35/100 brn|[from] brn
|upkeep
|turn|9
|
|t:|1648141686
|move|p1a: Milotic|Recover|p1a: Milotic
|-heal|p1a: Milotic|85/100 brn
|move|p2a: Marowak|Poltergeist|p1a: Milotic
|-activate|p1a: Milotic|move: Poltergeist|Flame Orb
|-damage|p1a: Milotic|30/100 brn
|
|-damage|p1a: Milotic|24/100 brn|[from] brn
|upkeep
|turn|10
|
|t:|1648141698
|switch|p1a: Togekiss|Togekiss, M|13/100
|move|p2a: Marowak|Poltergeist|p1a: Togekiss
|-activate|p1a: Togekiss|move: Poltergeist|Heavy-Duty Boots
|-damage|p1a: Togekiss|0 fnt
|faint|p1a: Togekiss
|
|upkeep
|
|t:|1648141701
|switch|p1a: Polteageist|Polteageist|100/100
|turn|11
|
|t:|1648141710
|move|p1a: Polteageist|Shell Smash|p1a: Polteageist
|-unboost|p1a: Polteageist|def|1
|-unboost|p1a: Polteageist|spd|1
|-boost|p1a: Polteageist|atk|2
|-boost|p1a: Polteageist|spa|2
|-boost|p1a: Polteageist|spe|2
|move|p2a: Marowak|Bonemerang|p1a: Polteageist
|-damage|p1a: Polteageist|21/100
|-ability|p1a: Polteageist|Weak Armor|boost
|-unboost|p1a: Polteageist|def|1
|-boost|p1a: Polteageist|spe|2
|-damage|p1a: Polteageist|0 fnt
|faint|p1a: Polteageist
|-hitcount|p1: Polteageist|2
|
|upkeep
|-message|J3shyWeshy forfeited.
|
|win|Guybackstage
|raw|J3shyWeshy's rating: 1332 &rarr; <strong>1320</strong><br />(-12 for losing)
|raw|Guybackstage's rating: 1488 &rarr; <strong>1500</strong><br />(+12 for winning)
|l|☆J3shyWeshy
||Ladder isn't responding, score probably updated but might not have (Request timeout).
