|j|☆one step from eden
|j|☆KD Burner Account2
|player|p1|one step from eden|morty-gen2|1502
|player|p2|KD Burner Account2|214|1512
|teamsize|p1|6
|teamsize|p2|6
|gametype|singles
|gen|8
|tier|[Gen 8] RU
|rated|
|clearpoke
|poke|p1|Clefairy, M|
|poke|p1|Rhydon, F|
|poke|p1|Escavalier, M|
|poke|p1|Indeedee, M|
|poke|p1|Virizion|
|poke|p1|Charizard, F|
|poke|p2|Rapidash, M|
|poke|p2|Steelix, F|
|poke|p2|Vikavolt, F|
|poke|p2|Passimian, M|
|poke|p2|Silvally-*|
|poke|p2|Snorlax, F|
|rule|Sleep Clause Mod: Limit one foe put to sleep
|rule|Species Clause: Limit one of each Pokémon
|rule|OHKO Clause: OHKO moves are banned
|rule|Evasion Moves Clause: Evasion moves are banned
|rule|Endless Battle Clause: Forcing endless battles is banned
|rule|HP Percentage Mod: HP is shown in percentages
|rule|Dynamax Clause: You cannot dynamax
|teampreview
|
|start
|switch|p1a: Clefairy|Clefairy, M|100/100
|switch|p2a: Vikavolt|Vikavolt, F|100/100
|turn|1
|
|move|p2a: Vikavolt|Sticky Web|p1a: Clefairy
|-sidestart|p1: one step from eden|move: Sticky Web
|move|p1a: Clefairy|Wish|p1a: Clefairy
|
|upkeep
|turn|2
|
|move|p2a: Vikavolt|Volt Switch|p1a: Clefairy
|-damage|p1a: Clefairy|77/100
|
|switch|p2a: Steelix|Steelix, F|100/100|[from]move: Volt Switch
|move|p1a: Clefairy|Seismic Toss|p2a: Steelix
|-damage|p2a: Steelix|72/100
|
|-heal|p1a: Clefairy|100/100|[from] move: Wish|[wisher] Clefairy
|-heal|p2a: Steelix|78/100|[from] item: Leftovers
|upkeep
|turn|3
|
|switch|p1a: Charizard|Charizard, F|100/100
|move|p2a: Steelix|Toxic|p1a: Charizard
|-status|p1a: Charizard|tox
|
|-heal|p2a: Steelix|85/100|[from] item: Leftovers
|-damage|p1a: Charizard|94/100 tox|[from] psn
|upkeep
|turn|4
|
|switch|p1a: Virizion|Virizion|100/100
|-activate|p1a: Virizion|move: Sticky Web
|-unboost|p1a: Virizion|spe|1
|switch|p2a: Rapidash|Rapidash, M|100/100
|
|upkeep
|turn|5
|
|switch|p2a: Vikavolt|Vikavolt, F|100/100
|switch|p1a: Rhydon|Rhydon, F|100/100
|-activate|p1a: Rhydon|move: Sticky Web
|-unboost|p1a: Rhydon|spe|1
|
|upkeep
|turn|6
|
|switch|p1a: Clefairy|Clefairy, M|100/100
|-activate|p1a: Clefairy|move: Sticky Web
|-unboost|p1a: Clefairy|spe|1
|move|p2a: Vikavolt|Energy Ball|p1a: Clefairy
|-damage|p1a: Clefairy|78/100
|-unboost|p1a: Clefairy|spd|1
|
|upkeep
|turn|7
|
|move|p2a: Vikavolt|Volt Switch|p1a: Clefairy
|-damage|p1a: Clefairy|39/100
|
|switch|p2a: Steelix|Steelix, F|85/100|[from]move: Volt Switch
|move|p1a: Clefairy|Wish|p1a: Clefairy
|
|-heal|p2a: Steelix|91/100|[from] item: Leftovers
|upkeep
|turn|8
|
|move|p1a: Clefairy|Protect|p1a: Clefairy
|-singleturn|p1a: Clefairy|Protect
|move|p2a: Steelix|Stealth Rock|p1a: Clefairy
|-sidestart|p1: one step from eden|move: Stealth Rock
|
|-heal|p1a: Clefairy|89/100|[from] move: Wish|[wisher] Clefairy
|-heal|p2a: Steelix|97/100|[from] item: Leftovers
|upkeep
|turn|9
|
|switch|p1a: Charizard|Charizard, F|94/100 tox
|move|p2a: Steelix|Heavy Slam|p1a: Charizard
|-resisted|p1a: Charizard
|-damage|p1a: Charizard|79/100 tox
|
|-heal|p2a: Steelix|100/100|[from] item: Leftovers
|-damage|p1a: Charizard|73/100 tox|[from] psn
|upkeep
|turn|10
|
|switch|p2a: Rapidash|Rapidash, M|100/100
|move|p1a: Charizard|Defog|p2a: Rapidash
|-unboost|p2a: Rapidash|evasion|1
|-sideend|p1: one step from eden|Stealth Rock|[from] move: Defog|[of] p1a: Charizard
|-sideend|p1: one step from eden|Sticky Web|[from] move: Defog|[of] p1a: Charizard
|
|-damage|p1a: Charizard|61/100 tox|[from] psn
|upkeep
|turn|11
|
|switch|p2a: Vikavolt|Vikavolt, F|100/100
|switch|p1a: Rhydon|Rhydon, F|100/100
|
|upkeep
|turn|12
|
|switch|p1a: Clefairy|Clefairy, M|89/100
|move|p2a: Vikavolt|Sticky Web|p1a: Clefairy
|-sidestart|p1: one step from eden|move: Sticky Web
|
|upkeep
|turn|13
|
|move|p2a: Vikavolt|Volt Switch|p1a: Clefairy
|-damage|p1a: Clefairy|63/100
|
|switch|p2a: Rapidash|Rapidash, M|100/100|[from]move: Volt Switch
|move|p1a: Clefairy|Teleport|p1a: Clefairy
|
|switch|p1a: Rhydon|Rhydon, F|100/100|[from]move: Teleport
|-activate|p1a: Rhydon|move: Sticky Web
|-unboost|p1a: Rhydon|spe|1
|
|upkeep
|turn|14
|
|switch|p2a: Steelix|Steelix, F|100/100
|move|p1a: Rhydon|Rock Blast|p2a: Steelix
|-resisted|p2a: Steelix
|-damage|p2a: Steelix|99/100
|-resisted|p2a: Steelix
|-damage|p2a: Steelix|97/100
|-resisted|p2a: Steelix
|-damage|p2a: Steelix|95/100
|-resisted|p2a: Steelix
|-damage|p2a: Steelix|94/100
|-resisted|p2a: Steelix
|-damage|p2a: Steelix|92/100
|-hitcount|p2a: Steelix|5
|
|-heal|p2a: Steelix|98/100|[from] item: Leftovers
|upkeep
|turn|15
|
|switch|p1a: Charizard|Charizard, F|61/100 tox
|move|p2a: Steelix|Earthquake|p1a: Charizard
|-immune|p1a: Charizard
|
|-heal|p2a: Steelix|100/100|[from] item: Leftovers
|-damage|p1a: Charizard|55/100 tox|[from] psn
|upkeep
|turn|16
|
|switch|p2a: Rapidash|Rapidash, M|100/100
|move|p1a: Charizard|Flamethrower|p2a: Rapidash
|-start|p2a: Rapidash|ability: Flash Fire
|
|-damage|p1a: Charizard|42/100 tox|[from] psn
|upkeep
|turn|17
|
|switch|p1a: Rhydon|Rhydon, F|100/100
|-activate|p1a: Rhydon|move: Sticky Web
|-unboost|p1a: Rhydon|spe|1
|move|p2a: Rapidash|Flare Blitz|p1a: Rhydon
|-resisted|p1a: Rhydon
|-damage|p1a: Rhydon|77/100
|-damage|p2a: Rapidash|91/100|[from] Recoil
|
|upkeep
|turn|18
|
|-end|p2a: Rapidash|ability: Flash Fire|[silent]
|switch|p2a: Vikavolt|Vikavolt, F|100/100
|move|p1a: Rhydon|Earthquake|p2a: Vikavolt
|-immune|p2a: Vikavolt|[from] ability: Levitate
|
|upkeep
|turn|19
|
|switch|p1a: Escavalier|Escavalier, M|100/100
|-activate|p1a: Escavalier|move: Sticky Web
|-unboost|p1a: Escavalier|spe|1
|move|p2a: Vikavolt|Energy Ball|p1a: Escavalier
|-resisted|p1a: Escavalier
|-damage|p1a: Escavalier|94/100
|
|-heal|p1a: Escavalier|99/100|[from] item: Leftovers
|upkeep
|turn|20
|
|move|p2a: Vikavolt|Volt Switch|p1a: Escavalier
|-damage|p1a: Escavalier|66/100
|
|switch|p2a: Passimian|Passimian, M|100/100|[from]move: Volt Switch
|move|p1a: Escavalier|Knock Off|p2a: Passimian
|-resisted|p2a: Passimian
|-damage|p2a: Passimian|84/100
|-enditem|p2a: Passimian|Choice Scarf|[from] move: Knock Off|[of] p1a: Escavalier
|
|-heal|p1a: Escavalier|72/100|[from] item: Leftovers
|upkeep
|turn|21
|inactive|Battle timer is ON: inactive players will automatically lose when time's up. (requested by KD Burner Account2)
|
|move|p1a: Escavalier|Protect|p1a: Escavalier
|-singleturn|p1a: Escavalier|Protect
|move|p2a: Passimian|Knock Off|p1a: Escavalier
|-activate|p1a: Escavalier|move: Protect
|
|-heal|p1a: Escavalier|78/100|[from] item: Leftovers
|upkeep
|turn|22
|
|move|p2a: Passimian|Knock Off|p1a: Escavalier
|-damage|p1a: Escavalier|46/100
|-enditem|p1a: Escavalier|Leftovers|[from] move: Knock Off|[of] p2a: Passimian
|move|p1a: Escavalier|Megahorn|p2a: Passimian
|-resisted|p2a: Passimian
|-damage|p2a: Passimian|49/100
|
|upkeep
|turn|23
|
|move|p2a: Passimian|Close Combat|p1a: Escavalier
|-damage|p1a: Escavalier|0 fnt
|-unboost|p2a: Passimian|def|1
|-unboost|p2a: Passimian|spd|1
|faint|p1a: Escavalier
|
|upkeep
|
|switch|p1a: Charizard|Charizard, F|42/100 tox
|turn|24
|
|switch|p2a: Snorlax|Snorlax, F|100/100
|move|p1a: Charizard|Roost|p1a: Charizard
|-heal|p1a: Charizard|92/100 tox
|-singleturn|p1a: Charizard|move: Roost
|
|-damage|p1a: Charizard|86/100 tox|[from] psn
|upkeep
|turn|25
|
|move|p1a: Charizard|Roost|p1a: Charizard
|-heal|p1a: Charizard|100/100 tox
|-singleturn|p1a: Charizard|move: Roost
|move|p2a: Snorlax|Curse|p2a: Snorlax
|-unboost|p2a: Snorlax|spe|1
|-boost|p2a: Snorlax|atk|1
|-boost|p2a: Snorlax|def|1
|
|-damage|p1a: Charizard|88/100 tox|[from] psn
|upkeep
|turn|26
|
|switch|p1a: Rhydon|Rhydon, F|77/100
|-activate|p1a: Rhydon|move: Sticky Web
|-unboost|p1a: Rhydon|spe|1
|move|p2a: Snorlax|Facade|p1a: Rhydon
|-resisted|p1a: Rhydon
|-damage|p1a: Rhydon|67/100
|
|upkeep
|turn|27
|
|move|p1a: Rhydon|Stealth Rock|p2a: Snorlax
|-sidestart|p2: KD Burner Account2|move: Stealth Rock
|move|p2a: Snorlax|Curse|p2a: Snorlax
|-unboost|p2a: Snorlax|spe|1
|-boost|p2a: Snorlax|atk|1
|-boost|p2a: Snorlax|def|1
|
|upkeep
|turn|28
|
|move|p1a: Rhydon|Earthquake|p2a: Snorlax
|-damage|p2a: Snorlax|76/100
|move|p2a: Snorlax|Darkest Lariat|p1a: Rhydon
|-damage|p1a: Rhydon|44/100
|
|-heal|p2a: Snorlax|83/100|[from] item: Leftovers
|upkeep
|turn|29
|
|move|p1a: Rhydon|Earthquake|p2a: Snorlax
|-damage|p2a: Snorlax|55/100
|move|p2a: Snorlax|Darkest Lariat|p1a: Rhydon
|-damage|p1a: Rhydon|23/100
|
|-heal|p2a: Snorlax|61/100|[from] item: Leftovers
|upkeep
|turn|30
|
|move|p1a: Rhydon|Earthquake|p2a: Snorlax
|-damage|p2a: Snorlax|35/100
|move|p2a: Snorlax|Curse|p2a: Snorlax
|-unboost|p2a: Snorlax|spe|1
|-boost|p2a: Snorlax|atk|1
|-boost|p2a: Snorlax|def|1
|
|-heal|p2a: Snorlax|41/100|[from] item: Leftovers
|upkeep
|turn|31
|
|switch|p1a: Virizion|Virizion|100/100
|-activate|p1a: Virizion|move: Sticky Web
|-unboost|p1a: Virizion|spe|1
|move|p2a: Snorlax|Rest|p2a: Snorlax
|-status|p2a: Snorlax|slp|[from] move: Rest
|-heal|p2a: Snorlax|100/100 slp|[silent]
|
|upkeep
|turn|32
|
|switch|p2a: Vikavolt|Vikavolt, F|100/100
|move|p1a: Virizion|Swords Dance|p1a: Virizion
|-boost|p1a: Virizion|atk|2
|
|upkeep
|turn|33
|
|move|p1a: Virizion|Stone Edge|p2a: Vikavolt
|-supereffective|p2a: Vikavolt
|-damage|p2a: Vikavolt|0 fnt
|faint|p2a: Vikavolt
|
|upkeep
|
|switch|p2a: Passimian|Passimian, M|49/100
|-damage|p2a: Passimian|43/100|[from] Stealth Rock
|turn|34
|
|switch|p1a: Rhydon|Rhydon, F|23/100
|-activate|p1a: Rhydon|move: Sticky Web
|-unboost|p1a: Rhydon|spe|1
|move|p2a: Passimian|Close Combat|p1a: Rhydon
|-supereffective|p1a: Rhydon
|-damage|p1a: Rhydon|0 fnt
|-unboost|p2a: Passimian|def|1
|-unboost|p2a: Passimian|spd|1
|faint|p1a: Rhydon
|
|upkeep
|
|switch|p1a: Indeedee|Indeedee, M|100/100
|-activate|p1a: Indeedee|move: Sticky Web
|-unboost|p1a: Indeedee|spe|1
|-fieldstart|move: Psychic Terrain|[from] ability: Psychic Surge|[of] p1a: Indeedee
|turn|35
|
|switch|p2a: Snorlax|Snorlax, F|100/100 slp
|-damage|p2a: Snorlax|88/100 slp|[from] Stealth Rock
|move|p1a: Indeedee|Psychic|p2a: Snorlax
|-damage|p2a: Snorlax|63/100 slp
|-unboost|p2a: Snorlax|spd|1
|
|-heal|p2a: Snorlax|69/100 slp|[from] item: Leftovers
|upkeep
|turn|36
|
|switch|p2a: Steelix|Steelix, F|100/100
|-damage|p2a: Steelix|97/100|[from] Stealth Rock
|move|p1a: Indeedee|Psychic|p2a: Steelix
|-resisted|p2a: Steelix
|-damage|p2a: Steelix|70/100
|
|-heal|p2a: Steelix|77/100|[from] item: Leftovers
|upkeep
|turn|37
|
|switch|p1a: Charizard|Charizard, F|88/100 tox
|move|p2a: Steelix|Stealth Rock|p1a: Charizard
|-sidestart|p1: one step from eden|move: Stealth Rock
|
|-heal|p2a: Steelix|83/100|[from] item: Leftovers
|-damage|p1a: Charizard|82/100 tox|[from] psn
|upkeep
|turn|38
|
|switch|p2a: Snorlax|Snorlax, F|69/100 slp
|-damage|p2a: Snorlax|56/100 slp|[from] Stealth Rock
|move|p1a: Charizard|Defog|p2a: Snorlax
|-unboost|p2a: Snorlax|evasion|1
|-sideend|p2: KD Burner Account2|Stealth Rock|[from] move: Defog|[of] p1a: Charizard
|-sideend|p1: one step from eden|Stealth Rock|[from] move: Defog|[of] p1a: Charizard
|-sideend|p1: one step from eden|Sticky Web|[from] move: Defog|[of] p1a: Charizard
|-fieldend|move: Psychic Terrain
|
|-heal|p2a: Snorlax|62/100 slp|[from] item: Leftovers
|-damage|p1a: Charizard|70/100 tox|[from] psn
|upkeep
|turn|39
|
|switch|p1a: Virizion|Virizion|100/100
|switch|p2a: Rapidash|Rapidash, M|91/100
|
|upkeep
|turn|40
|
|switch|p1a: Clefairy|Clefairy, M|63/100
|move|p2a: Rapidash|Flare Blitz|p1a: Clefairy
|-damage|p1a: Clefairy|5/100
|-damage|p2a: Rapidash|67/100|[from] Recoil
|
|upkeep
|turn|41
|
|move|p2a: Rapidash|Flare Blitz|p1a: Clefairy
|-damage|p1a: Clefairy|0 fnt
|-damage|p2a: Rapidash|64/100|[from] Recoil
|faint|p1a: Clefairy
|
|upkeep
|
|switch|p1a: Indeedee|Indeedee, M|100/100
|-fieldstart|move: Psychic Terrain|[from] ability: Psychic Surge|[of] p1a: Indeedee
|turn|42
|
|switch|p2a: Steelix|Steelix, F|83/100
|move|p1a: Indeedee|Psychic|p2a: Steelix
|-resisted|p2a: Steelix
|-damage|p2a: Steelix|55/100
|
|-heal|p2a: Steelix|61/100|[from] item: Leftovers
|upkeep
|turn|43
|
|switch|p1a: Virizion|Virizion|100/100
|move|p2a: Steelix|Heavy Slam|p1a: Virizion
|-damage|p1a: Virizion|83/100
|
|-heal|p2a: Steelix|67/100|[from] item: Leftovers
|upkeep
|turn|44
|
|move|p1a: Virizion|Swords Dance|p1a: Virizion
|-boost|p1a: Virizion|atk|2
|move|p2a: Steelix|Toxic|p1a: Virizion
|-status|p1a: Virizion|tox
|-enditem|p1a: Virizion|Lum Berry|[eat]
|-curestatus|p1a: Virizion|tox|[msg]
|
|-heal|p2a: Steelix|73/100|[from] item: Leftovers
|upkeep
|turn|45
|
|move|p1a: Virizion|Close Combat|p2a: Steelix
|-supereffective|p2a: Steelix
|-damage|p2a: Steelix|0 fnt
|-unboost|p1a: Virizion|def|1
|-unboost|p1a: Virizion|spd|1
|faint|p2a: Steelix
|
|upkeep
|
|switch|p2a: Silvally|Silvally-Ghost|100/100
|turn|46
|
|switch|p1a: Charizard|Charizard, F|70/100 tox
|move|p2a: Silvally|Flame Charge|p1a: Charizard
|-resisted|p1a: Charizard
|-damage|p1a: Charizard|63/100 tox
|-boost|p2a: Silvally|spe|1
|
|-damage|p1a: Charizard|57/100 tox|[from] psn
|-fieldend|move: Psychic Terrain
|upkeep
|turn|47
|
|move|p2a: Silvally|Multi-Attack|p1a: Charizard
|-damage|p1a: Charizard|4/100 tox
|move|p1a: Charizard|Flamethrower|p2a: Silvally
|-damage|p2a: Silvally|50/100
|
|-damage|p1a: Charizard|0 fnt|[from] psn
|faint|p1a: Charizard
|upkeep
|
|switch|p1a: Indeedee|Indeedee, M|100/100
|-fieldstart|move: Psychic Terrain|[from] ability: Psychic Surge|[of] p1a: Indeedee
|turn|48
|
|move|p2a: Silvally|X-Scissor|p1a: Indeedee
|-supereffective|p1a: Indeedee
|-damage|p1a: Indeedee|4/100
|move|p1a: Indeedee|Psyshock|p2a: Silvally
|-damage|p2a: Silvally|0 fnt
|faint|p2a: Silvally
|
|upkeep
|
|switch|p2a: Snorlax|Snorlax, F|62/100 slp
|turn|49
|
|move|p1a: Indeedee|Psyshock|p2a: Snorlax
|-damage|p2a: Snorlax|19/100 slp
|cant|p2a: Snorlax|slp
|
|-heal|p2a: Snorlax|25/100 slp|[from] item: Leftovers
|upkeep
|turn|50
|
|move|p1a: Indeedee|Psyshock|p2a: Snorlax
|-damage|p2a: Snorlax|0 fnt
|faint|p2a: Snorlax
|
|upkeep
|
|switch|p2a: Rapidash|Rapidash, M|64/100
|turn|51
|
|move|p1a: Indeedee|Psyshock|p2a: Rapidash
|-damage|p2a: Rapidash|0 fnt
|faint|p2a: Rapidash
|
|upkeep
|
|switch|p2a: Passimian|Passimian, M|43/100
|turn|52
|
|move|p1a: Indeedee|Psyshock|p2a: Passimian
|-supereffective|p2a: Passimian
|-damage|p2a: Passimian|0 fnt
|faint|p2a: Passimian
|
|win|one step from eden
|c|☆KD Burner Account2|gg
|l|☆KD Burner Account2
