|j|☆JLT3 oSuave
|j|☆theiggs2
|player|p1|JLT3 oSuave|ethan-gen2c|1428
|player|p2|theiggs2|palmer|1247
|teamsize|p1|6
|teamsize|p2|6
|gametype|singles
|gen|8
|tier|[Gen 8] RU
|rated|
|clearpoke
|poke|p1|Sableye, M|
|poke|p1|Mantine, F|
|poke|p1|Snorlax, F|
|poke|p1|Steelix, F|
|poke|p1|Salazzle, F|
|poke|p1|Cramorant, F|
|poke|p2|Vanilluxe, M|
|poke|p2|Escavalier, M|
|poke|p2|Flapple, F|
|poke|p2|Whimsicott, F|
|poke|p2|Mantine, M|
|poke|p2|Runerigus, M|
|rule|Sleep Clause Mod: Limit one foe put to sleep
|rule|Species Clause: Limit one of each Pokémon
|rule|OHKO Clause: OHKO moves are banned
|rule|Evasion Moves Clause: Evasion moves are banned
|rule|Endless Battle Clause: Forcing endless battles is banned
|rule|HP Percentage Mod: HP is shown in percentages
|rule|Dynamax Clause: You cannot dynamax
|teampreview
|
|start
|switch|p1a: Cramorant|Cramorant, F, shiny|100/100
|switch|p2a: Vanilluxe|Vanilluxe, M|100/100
|-weather|Hail|[from] ability: Snow Warning|[of] p2a: Vanilluxe
|turn|1
|inactive|Battle timer is ON: inactive players will automatically lose when time's up. (requested by JLT3 oSuave)
|
|switch|p1a: Snorlax|Snorlax, F|100/100
|move|p2a: Vanilluxe|Freeze-Dry|p1a: Snorlax
|-damage|p1a: Snorlax|91/100
|
|-weather|Hail|[upkeep]
|-damage|p1a: Snorlax|85/100|[from] Hail
|-heal|p1a: Snorlax|91/100|[from] item: Leftovers
|upkeep
|turn|2
|
|switch|p1a: Salazzle|Salazzle, F|100/100
|move|p2a: Vanilluxe|Aurora Veil|p2a: Vanilluxe
|-sidestart|p2: theiggs2|move: Aurora Veil
|
|-weather|Hail|[upkeep]
|-damage|p1a: Salazzle|94/100|[from] Hail
|-heal|p1a: Salazzle|100/100|[from] item: Leftovers
|upkeep
|turn|3
|
|switch|p2a: Mantine|Mantine, M|100/100
|move|p1a: Salazzle|Toxic|p2a: Mantine
|-status|p2a: Mantine|tox
|
|-weather|Hail|[upkeep]
|-damage|p1a: Salazzle|94/100|[from] Hail
|-damage|p2a: Mantine|94/100 tox|[from] Hail
|-heal|p1a: Salazzle|100/100|[from] item: Leftovers
|-damage|p2a: Mantine|88/100 tox|[from] psn
|upkeep
|turn|4
|
|switch|p1a: Snorlax|Snorlax, F|91/100
|move|p2a: Mantine|Toxic|p1a: Snorlax
|-status|p1a: Snorlax|tox
|
|-weather|Hail|[upkeep]
|-damage|p2a: Mantine|82/100 tox|[from] Hail
|-damage|p1a: Snorlax|85/100 tox|[from] Hail
|-heal|p1a: Snorlax|91/100 tox|[from] item: Leftovers
|-damage|p2a: Mantine|70/100 tox|[from] psn
|-damage|p1a: Snorlax|85/100 tox|[from] psn
|upkeep
|turn|5
|
|switch|p2a: Escavalier|Escavalier, M|100/100
|move|p1a: Snorlax|Curse|p1a: Snorlax
|-unboost|p1a: Snorlax|spe|1
|-boost|p1a: Snorlax|atk|1
|-boost|p1a: Snorlax|def|1
|
|-weather|none
|-heal|p1a: Snorlax|91/100 tox|[from] item: Leftovers
|-damage|p1a: Snorlax|79/100 tox|[from] psn
|upkeep
|turn|6
|
|switch|p1a: Sableye|Sableye, M|100/100
|move|p2a: Escavalier|Knock Off|p1a: Sableye
|-damage|p1a: Sableye|41/100
|-enditem|p1a: Sableye|Leftovers|[from] move: Knock Off|[of] p2a: Escavalier
|
|-sideend|p2: theiggs2|move: Aurora Veil
|upkeep
|turn|7
|j| scblol26
|
|switch|p2a: Vanilluxe|Vanilluxe, M|100/100
|-weather|Hail|[from] ability: Snow Warning|[of] p2a: Vanilluxe
|move|p1a: Sableye|Recover|p1a: Sableye
|-heal|p1a: Sableye|91/100
|
|-weather|Hail|[upkeep]
|-damage|p1a: Sableye|85/100|[from] Hail
|upkeep
|turn|8
|
|switch|p1a: Steelix|Steelix, F|100/100
|move|p2a: Vanilluxe|Blizzard|p1a: Steelix
|-damage|p1a: Steelix|50/100
|
|-weather|Hail|[upkeep]
|-damage|p1a: Steelix|44/100|[from] Hail
|-heal|p1a: Steelix|50/100|[from] item: Leftovers
|upkeep
|turn|9
|
|switch|p1a: Snorlax|Snorlax, F|79/100 tox
|move|p2a: Vanilluxe|Blizzard|p1a: Snorlax
|-damage|p1a: Snorlax|66/100 tox
|
|-weather|Hail|[upkeep]
|-damage|p1a: Snorlax|59/100 tox|[from] Hail
|-heal|p1a: Snorlax|66/100 tox|[from] item: Leftovers
|-damage|p1a: Snorlax|59/100 tox|[from] psn
|upkeep
|turn|10
|c| scblol26|literally has a lax
|
|switch|p2a: Escavalier|Escavalier, M|100/100
|move|p1a: Snorlax|Rest|p1a: Snorlax
|-status|p1a: Snorlax|slp|[from] move: Rest
|-heal|p1a: Snorlax|100/100 slp|[silent]
|
|-weather|Hail|[upkeep]
|-damage|p1a: Snorlax|94/100 slp|[from] Hail
|-damage|p2a: Escavalier|94/100|[from] Hail
|-heal|p1a: Snorlax|100/100 slp|[from] item: Leftovers
|upkeep
|turn|11
|
|switch|p1a: Sableye|Sableye, M|85/100
|move|p2a: Escavalier|Close Combat|p1a: Sableye
|-immune|p1a: Sableye
|
|-weather|none
|upkeep
|turn|12
|
|switch|p2a: Vanilluxe|Vanilluxe, M|100/100
|-weather|Hail|[from] ability: Snow Warning|[of] p2a: Vanilluxe
|move|p1a: Sableye|Knock Off|p2a: Vanilluxe
|-damage|p2a: Vanilluxe|62/100
|-enditem|p2a: Vanilluxe|Heavy-Duty Boots|[from] move: Knock Off|[of] p1a: Sableye
|
|-weather|Hail|[upkeep]
|-damage|p1a: Sableye|78/100|[from] Hail
|upkeep
|turn|13
|
|switch|p1a: Snorlax|Snorlax, F|100/100 slp
|move|p2a: Vanilluxe|Blizzard|p1a: Snorlax
|-damage|p1a: Snorlax|87/100 slp
|
|-weather|Hail|[upkeep]
|-damage|p1a: Snorlax|81/100 slp|[from] Hail
|-heal|p1a: Snorlax|87/100 slp|[from] item: Leftovers
|upkeep
|turn|14
|
|move|p2a: Vanilluxe|Aurora Veil|p2a: Vanilluxe
|-sidestart|p2: theiggs2|move: Aurora Veil
|cant|p1a: Snorlax|slp
|
|-weather|Hail|[upkeep]
|-damage|p1a: Snorlax|81/100 slp|[from] Hail
|-heal|p1a: Snorlax|87/100 slp|[from] item: Leftovers
|upkeep
|turn|15
|
|switch|p2a: Flapple|Flapple, F|100/100
|cant|p1a: Snorlax|slp
|
|-weather|Hail|[upkeep]
|-damage|p2a: Flapple|94/100|[from] Hail
|-damage|p1a: Snorlax|81/100 slp|[from] Hail
|-heal|p1a: Snorlax|87/100 slp|[from] item: Leftovers
|upkeep
|turn|16
|
|switch|p1a: Sableye|Sableye, M|78/100
|move|p2a: Flapple|Grav Apple|p1a: Sableye
|-damage|p1a: Sableye|4/100
|-unboost|p1a: Sableye|def|1
|-damage|p2a: Flapple|84/100|[from] item: Life Orb
|
|-weather|none
|upkeep
|turn|17
|
|switch|p2a: Vanilluxe|Vanilluxe, M|62/100
|-weather|Hail|[from] ability: Snow Warning|[of] p2a: Vanilluxe
|move|p1a: Sableye|Recover|p1a: Sableye
|-heal|p1a: Sableye|54/100
|
|-weather|Hail|[upkeep]
|-damage|p1a: Sableye|48/100|[from] Hail
|upkeep
|turn|18
|
|switch|p1a: Snorlax|Snorlax, F|87/100 slp
|move|p2a: Vanilluxe|Blizzard|p1a: Snorlax
|-damage|p1a: Snorlax|73/100 slp
|
|-weather|Hail|[upkeep]
|-damage|p1a: Snorlax|67/100 slp|[from] Hail
|-heal|p1a: Snorlax|73/100 slp|[from] item: Leftovers
|-sideend|p2: theiggs2|move: Aurora Veil
|upkeep
|turn|19
|
|switch|p2a: Escavalier|Escavalier, M|94/100
|-curestatus|p1a: Snorlax|slp|[msg]
|move|p1a: Snorlax|Curse|p1a: Snorlax
|-unboost|p1a: Snorlax|spe|1
|-boost|p1a: Snorlax|atk|1
|-boost|p1a: Snorlax|def|1
|
|-weather|Hail|[upkeep]
|-damage|p2a: Escavalier|88/100|[from] Hail
|-damage|p1a: Snorlax|67/100|[from] Hail
|-heal|p1a: Snorlax|73/100|[from] item: Leftovers
|upkeep
|turn|20
|
|switch|p1a: Cramorant|Cramorant, F, shiny|100/100
|move|p2a: Escavalier|Iron Head|p1a: Cramorant
|-resisted|p1a: Cramorant
|-damage|p1a: Cramorant|66/100
|
|-weather|Hail|[upkeep]
|-damage|p1a: Cramorant|60/100|[from] Hail
|-damage|p2a: Escavalier|82/100|[from] Hail
|upkeep
|turn|21
|
|switch|p2a: Mantine|Mantine, M|70/100 tox
|move|p1a: Cramorant|Hurricane|p2a: Mantine
|-crit|p2a: Mantine
|-damage|p2a: Mantine|35/100 tox
|
|-weather|none
|-damage|p2a: Mantine|29/100 tox|[from] psn
|upkeep
|turn|22
|inactive|JLT3 oSuave has 120 seconds left.
|
|move|p1a: Cramorant|Roost|p1a: Cramorant
|-heal|p1a: Cramorant|100/100
|-singleturn|p1a: Cramorant|move: Roost
|move|p2a: Mantine|Roost|p2a: Mantine
|-heal|p2a: Mantine|79/100 tox
|-singleturn|p2a: Mantine|move: Roost
|
|-damage|p2a: Mantine|67/100 tox|[from] psn
|upkeep
|turn|23
|inactive|JLT3 oSuave has 120 seconds left.
|
|switch|p1a: Salazzle|Salazzle, F|100/100
|move|p2a: Mantine|Toxic|p1a: Salazzle
|-immune|p1a: Salazzle
|
|-damage|p2a: Mantine|48/100 tox|[from] psn
|upkeep
|turn|24
|inactive|JLT3 oSuave has 120 seconds left.
|
|move|p1a: Salazzle|Substitute|p1a: Salazzle
|-start|p1a: Salazzle|Substitute
|-damage|p1a: Salazzle|76/100
|move|p2a: Mantine|Scald|p1a: Salazzle
|-supereffective|p1a: Salazzle
|-end|p1a: Salazzle|Substitute
|
|-heal|p1a: Salazzle|82/100|[from] item: Leftovers
|-damage|p2a: Mantine|23/100 tox|[from] psn
|upkeep
|turn|25
|c| scblol26|good play
|c| scblol26|i love going lazzle on the toxic
|
|move|p1a: Salazzle|Substitute|p1a: Salazzle
|-start|p1a: Salazzle|Substitute
|-damage|p1a: Salazzle|57/100
|move|p2a: Mantine|Scald|p1a: Salazzle
|-supereffective|p1a: Salazzle
|-end|p1a: Salazzle|Substitute
|
|-heal|p1a: Salazzle|63/100|[from] item: Leftovers
|-damage|p2a: Mantine|0 fnt|[from] psn
|faint|p2a: Mantine
|upkeep
|
|switch|p2a: Runerigus|Runerigus, M|100/100
|turn|26
|
|switch|p1a: Cramorant|Cramorant, F, shiny|100/100
|move|p2a: Runerigus|Stealth Rock|p1a: Cramorant
|-sidestart|p1: JLT3 oSuave|move: Stealth Rock
|
|upkeep
|turn|27
|
|switch|p2a: Vanilluxe|Vanilluxe, M|62/100
|-weather|Hail|[from] ability: Snow Warning|[of] p2a: Vanilluxe
|move|p1a: Cramorant|Defog|p2a: Vanilluxe
|-unboost|p2a: Vanilluxe|evasion|1
|-sideend|p1: JLT3 oSuave|Stealth Rock|[from] move: Defog|[of] p1a: Cramorant
|
|-weather|Hail|[upkeep]
|-damage|p1a: Cramorant|94/100|[from] Hail
|upkeep
|turn|28
|
|switch|p2a: Escavalier|Escavalier, M|82/100
|switch|p1a: Snorlax|Snorlax, F|73/100
|
|-weather|Hail|[upkeep]
|-damage|p1a: Snorlax|67/100|[from] Hail
|-damage|p2a: Escavalier|76/100|[from] Hail
|-heal|p1a: Snorlax|73/100|[from] item: Leftovers
|upkeep
|turn|29
|
|switch|p1a: Cramorant|Cramorant, F, shiny|94/100
|move|p2a: Escavalier|Knock Off|p1a: Cramorant
|-damage|p1a: Cramorant|33/100
|-enditem|p1a: Cramorant|Heavy-Duty Boots|[from] move: Knock Off|[of] p2a: Escavalier
|
|-weather|Hail|[upkeep]
|-damage|p1a: Cramorant|27/100|[from] Hail
|-damage|p2a: Escavalier|70/100|[from] Hail
|upkeep
|turn|30
|
|move|p1a: Cramorant|Roost|p1a: Cramorant
|-heal|p1a: Cramorant|77/100
|-singleturn|p1a: Cramorant|move: Roost
|move|p2a: Escavalier|Knock Off|p1a: Cramorant
|-damage|p1a: Cramorant|41/100
|
|-weather|Hail|[upkeep]
|-damage|p1a: Cramorant|35/100|[from] Hail
|-damage|p2a: Escavalier|64/100|[from] Hail
|upkeep
|turn|31
|
|switch|p2a: Vanilluxe|Vanilluxe, M|62/100
|move|p1a: Cramorant|Roost|p1a: Cramorant
|-heal|p1a: Cramorant|85/100
|-singleturn|p1a: Cramorant|move: Roost
|
|-weather|none
|upkeep
|turn|32
|
|switch|p1a: Snorlax|Snorlax, F|73/100
|move|p2a: Vanilluxe|Freeze-Dry|p1a: Snorlax
|-crit|p1a: Snorlax
|-damage|p1a: Snorlax|61/100
|
|-heal|p1a: Snorlax|67/100|[from] item: Leftovers
|upkeep
|turn|33
|
|switch|p2a: Runerigus|Runerigus, M|100/100
|switch|p1a: Salazzle|Salazzle, F|63/100
|
|-heal|p1a: Salazzle|69/100|[from] item: Leftovers
|upkeep
|turn|34
|
|switch|p1a: Cramorant|Cramorant, F, shiny|85/100
|move|p2a: Runerigus|Earthquake|p1a: Cramorant
|-immune|p1a: Cramorant
|
|upkeep
|turn|35
|
|switch|p2a: Whimsicott|Whimsicott, F|100/100
|move|p1a: Cramorant|Surf|p2a: Whimsicott
|-resisted|p2a: Whimsicott
|-formechange|p1a: Cramorant|Cramorant-Gulping|
|-damage|p2a: Whimsicott|78/100
|
|upkeep
|turn|36
|
|move|p2a: Whimsicott|Psychic|p1a: Cramorant
|-damage|p1a: Cramorant|49/100
|-damage|p2a: Whimsicott|53/100|[from] ability: Gulp Missile|[of] p1a: Cramorant
|-unboost|p2a: Whimsicott|def|1
|-formechange|p1a: Cramorant|Cramorant|
|move|p1a: Cramorant|Hurricane|p2a: Whimsicott
|-supereffective|p2a: Whimsicott
|-damage|p2a: Whimsicott|0 fnt
|faint|p2a: Whimsicott
|
|upkeep
|
|switch|p2a: Vanilluxe|Vanilluxe, M|62/100
|-weather|Hail|[from] ability: Snow Warning|[of] p2a: Vanilluxe
|turn|37
|
|move|p2a: Vanilluxe|Aurora Veil|p2a: Vanilluxe
|-sidestart|p2: theiggs2|move: Aurora Veil
|move|p1a: Cramorant|Roost|p1a: Cramorant
|-heal|p1a: Cramorant|99/100
|-singleturn|p1a: Cramorant|move: Roost
|
|-weather|Hail|[upkeep]
|-damage|p1a: Cramorant|93/100|[from] Hail
|upkeep
|turn|38
|
|switch|p1a: Snorlax|Snorlax, F|67/100
|move|p2a: Vanilluxe|Freeze-Dry|p1a: Snorlax
|-damage|p1a: Snorlax|59/100
|
|-weather|Hail|[upkeep]
|-damage|p1a: Snorlax|53/100|[from] Hail
|-heal|p1a: Snorlax|59/100|[from] item: Leftovers
|upkeep
|turn|39
|
|switch|p2a: Flapple|Flapple, F|84/100
|move|p1a: Snorlax|Rest|p1a: Snorlax
|-status|p1a: Snorlax|slp|[from] move: Rest
|-heal|p1a: Snorlax|100/100 slp|[silent]
|
|-weather|Hail|[upkeep]
|-damage|p2a: Flapple|78/100|[from] Hail
|-damage|p1a: Snorlax|94/100 slp|[from] Hail
|-heal|p1a: Snorlax|100/100 slp|[from] item: Leftovers
|upkeep
|turn|40
|
|switch|p1a: Steelix|Steelix, F|50/100
|move|p2a: Flapple|Grav Apple|p1a: Steelix
|-damage|p1a: Steelix|12/100
|-unboost|p1a: Steelix|def|1
|-damage|p2a: Flapple|68/100|[from] item: Life Orb
|
|-weather|Hail|[upkeep]
|-damage|p2a: Flapple|62/100|[from] Hail
|-damage|p1a: Steelix|5/100|[from] Hail
|-heal|p1a: Steelix|12/100|[from] item: Leftovers
|upkeep
|turn|41
|
|move|p2a: Flapple|Grav Apple|p1a: Steelix
|-damage|p1a: Steelix|0 fnt
|-damage|p2a: Flapple|52/100|[from] item: Life Orb
|faint|p1a: Steelix
|
|-weather|none
|-sideend|p2: theiggs2|move: Aurora Veil
|upkeep
|
|switch|p1a: Salazzle|Salazzle, F|69/100
|turn|42
|
|switch|p2a: Runerigus|Runerigus, M|100/100
|move|p1a: Salazzle|Toxic|p2a: Runerigus
|-status|p2a: Runerigus|tox
|
|-heal|p1a: Salazzle|75/100|[from] item: Leftovers
|-damage|p2a: Runerigus|94/100 tox|[from] psn
|upkeep
|turn|43
|
|switch|p1a: Cramorant|Cramorant, F, shiny|93/100
|switch|p2a: Vanilluxe|Vanilluxe, M|62/100
|-weather|Hail|[from] ability: Snow Warning|[of] p2a: Vanilluxe
|
|-weather|Hail|[upkeep]
|-damage|p1a: Cramorant|87/100|[from] Hail
|upkeep
|turn|44
|
|switch|p2a: Escavalier|Escavalier, M|64/100
|switch|p1a: Snorlax|Snorlax, F|100/100 slp
|
|-weather|Hail|[upkeep]
|-damage|p1a: Snorlax|94/100 slp|[from] Hail
|-damage|p2a: Escavalier|58/100|[from] Hail
|-heal|p1a: Snorlax|100/100 slp|[from] item: Leftovers
|upkeep
|turn|45
|
|switch|p1a: Cramorant|Cramorant, F, shiny|87/100
|switch|p2a: Vanilluxe|Vanilluxe, M|62/100
|
|-weather|Hail|[upkeep]
|-damage|p1a: Cramorant|81/100|[from] Hail
|upkeep
|turn|46
|
|switch|p1a: Snorlax|Snorlax, F|100/100 slp
|move|p2a: Vanilluxe|Freeze-Dry|p1a: Snorlax
|-damage|p1a: Snorlax|92/100 slp
|
|-weather|Hail|[upkeep]
|-damage|p1a: Snorlax|86/100 slp|[from] Hail
|-heal|p1a: Snorlax|92/100 slp|[from] item: Leftovers
|upkeep
|turn|47
|
|move|p2a: Vanilluxe|Aurora Veil|p2a: Vanilluxe
|-sidestart|p2: theiggs2|move: Aurora Veil
|cant|p1a: Snorlax|slp
|
|-weather|none
|-heal|p1a: Snorlax|98/100 slp|[from] item: Leftovers
|upkeep
|turn|48
|
|switch|p2a: Flapple|Flapple, F|52/100
|switch|p1a: Salazzle|Salazzle, F|75/100
|
|-heal|p1a: Salazzle|81/100|[from] item: Leftovers
|upkeep
|turn|49
|j| AJag
|c| AJag|beter
|c| scblol26|bro suave played tthis so well
|
|move|p2a: Flapple|Sucker Punch||[still]
|-fail|p2a: Flapple
|move|p1a: Salazzle|Substitute|p1a: Salazzle
|-start|p1a: Salazzle|Substitute
|-damage|p1a: Salazzle|56/100
|
|-heal|p1a: Salazzle|63/100|[from] item: Leftovers
|upkeep
|turn|50
|-message|theiggs2 forfeited.
|
|win|JLT3 oSuave
|l|☆theiggs2
|c| AJag|lmao
|c|☆JLT3 oSuave|yea I ate his ass
|c| scblol26|suave goat
|l|☆JLT3 oSuave
|l| AJag
|l| scblol26
|raw|JLT3 oSuave's rating: 1428 &rarr; <strong>1438</strong><br />(+10 for winning)
|raw|theiggs2's rating: 1248 &rarr; <strong>1235</strong><br />(-13 for losing)
|j|☆JLT3 oSuave
|player|p1|JLT3 oSuave|ethan-gen2c
