|j|☆Masskeauuu
|j|☆Scavet
|inactive|Battle timer is ON: inactive players will automatically lose when time's up.
|t:|1660680023
|gametype|singles
|player|p1|Masskeauuu|leaf-masters|
|player|p2|Scavet|chase|
|teamsize|p1|6
|teamsize|p2|6
|gen|8
|tier|[Gen 8] RU
|rated|Tournament battle
|rule|Sleep Clause Mod: Limit one foe put to sleep
|rule|Species Clause: Limit one of each Pokémon
|rule|OHKO Clause: OHKO moves are banned
|rule|Evasion Items Clause: Evasion items are banned
|rule|Evasion Moves Clause: Evasion moves are banned
|rule|Endless Battle Clause: Forcing endless battles is banned
|rule|HP Percentage Mod: HP is shown in percentages
|rule|Dynamax Clause: You cannot dynamax
|clearpoke
|poke|p1|Milotic, F|
|poke|p1|Crobat, F|
|poke|p1|Flygon, M|
|poke|p1|Registeel|
|poke|p1|Celebi|
|poke|p1|Pangoro, F|
|poke|p2|Registeel|
|poke|p2|Mantine, M|
|poke|p2|Flygon, M|
|poke|p2|Dhelmise|
|poke|p2|Raikou|
|poke|p2|Incineroar, M|
|teampreview
|c|☆Scavet|hf !
|c|☆Masskeauuu|u2
|j| Astreau
|j| RichardMillePlain
|c| Astreau|ptn masskeau qui joue enfin des vraies teams
|c| Astreau|jsuis HEUREUX
|c|☆Masskeauuu|??
|inactive|Masskeauuu has 120 seconds left.
|inactive|Scavet has 120 seconds left.
|c|☆Scavet|p/dt pangoro
|j| SaucissonSacre
|c|☆Scavet|oups
|j| Slow mode touad
|c| Astreau|tu t'es cramé tout seul
|j| Micciu20250
|c|☆Scavet|c était pour voir si il était ru
|c| Astreau|ne t'inquiète pas bro tu as un switch in pangoro
|c|☆Scavet|enft il est nubl
|inactive|Scavet has 90 seconds left.
|c| Astreau|indice il est rouge et il est en haut de mon écran
|c| Astreau|(la croix)
|c|☆Masskeauuu|la croix était aussi l'issue de ton match!!
|inactive|Scavet has 60 seconds left.
|c|☆Scavet|super mercei pour le conseil
|c|☆Scavet|merci*
|c| Astreau|np!
|c|☆Scavet|hmm i lfaut que je leasd
|c|☆Scavet|ptn mon clavier
|inactive|Scavet has 30 seconds left.
|inactive|Scavet has 20 seconds left.
|inactive|Scavet has 15 seconds left.
|
|t:|1660680158
|start
|switch|p1a: Flygon|Flygon, M|100/100
|switch|p2a: Dhelmise|Dhelmise|100/100
|turn|1
|j| LaReineLuxray
|
|t:|1660680163
|move|p1a: Flygon|U-turn|p2a: Dhelmise
|-damage|p2a: Dhelmise|77/100
|j| G2 Wait2Seconds
|
|t:|1660680166
|switch|p1a: Celebi|Celebi|100/100|[from]move: U-turn
|move|p2a: Dhelmise|Poltergeist||[still]
|-fail|p2a: Dhelmise
|
|upkeep
|turn|2
|
|t:|1660680176
|switch|p1a: Pangoro|Pangoro, F|100/100
|switch|p2a: Registeel|Registeel|100/100
|
|upkeep
|turn|3
|
|t:|1660680186
|move|p1a: Pangoro|Knock Off|p2a: Registeel
|-damage|p2a: Registeel|48/100
|-enditem|p2a: Registeel|Leftovers|[from] move: Knock Off|[of] p1a: Pangoro
|move|p2a: Registeel|Thunder Wave|p1a: Pangoro
|-status|p1a: Pangoro|par
|
|upkeep
|turn|4
|
|t:|1660680194
|switch|p2a: Incineroar|Incineroar, M|100/100
|-ability|p2a: Incineroar|Intimidate|boost
|-fail|p1a: Pangoro|unboost|Attack|[from] ability: Scrappy|[of] p1a: Pangoro
|cant|p1a: Pangoro|par
|
|upkeep
|turn|5
|c| Astreau|what
|c| Astreau|oh la découverte
|
|t:|1660680217
|switch|p1a: Milotic|Milotic, F|100/100
|move|p2a: Incineroar|Knock Off|p1a: Milotic
|-damage|p1a: Milotic|71/100
|-enditem|p1a: Milotic|Heavy-Duty Boots|[from] move: Knock Off|[of] p2a: Incineroar
|
|upkeep
|turn|6
|inactive|Scavet has 90 seconds left.
|
|t:|1660680251
|switch|p1a: Crobat|Crobat, F|100/100
|switch|p2a: Registeel|Registeel|48/100
|
|upkeep
|turn|7
|
|t:|1660680258
|move|p1a: Crobat|U-turn|p2a: Registeel
|-resisted|p2a: Registeel
|-damage|p2a: Registeel|43/100
|
|t:|1660680261
|switch|p1a: Pangoro|Pangoro, F|100/100 par|[from]move: U-turn
|move|p2a: Registeel|Stealth Rock|p1a: Pangoro
|-sidestart|p1: Masskeauuu|move: Stealth Rock
|
|upkeep
|turn|8
|
|t:|1660680271
|switch|p2a: Mantine|Mantine, M|100/100
|move|p1a: Pangoro|Close Combat|p2a: Mantine
|-resisted|p2a: Mantine
|-damage|p2a: Mantine|62/100
|-unboost|p1a: Pangoro|def|1
|-unboost|p1a: Pangoro|spd|1
|
|upkeep
|turn|9
|
|t:|1660680283
|switch|p2a: Dhelmise|Dhelmise|77/100
|switch|p1a: Registeel|Registeel|100/100
|-damage|p1a: Registeel|94/100|[from] Stealth Rock
|
|-heal|p1a: Registeel|100/100|[from] item: Leftovers
|upkeep
|turn|10
|
|t:|1660680292
|move|p1a: Registeel|Protect|p1a: Registeel
|-singleturn|p1a: Registeel|Protect
|move|p2a: Dhelmise|Shadow Claw|p1a: Registeel
|-activate|p1a: Registeel|move: Protect
|
|upkeep
|turn|11
|c|☆Scavet|pas drole
|inactive|Scavet has 90 seconds left.
|
|t:|1660680321
|switch|p2a: Raikou|Raikou|100/100
|-ability|p2a: Raikou|Pressure
|move|p1a: Registeel|Toxic|p2a: Raikou
|-status|p2a: Raikou|tox
|
|-damage|p2a: Raikou|94/100 tox|[from] psn
|upkeep
|turn|12
|j| Korescape
|inactive|Scavet has 90 seconds left.
|
|t:|1660680331
|move|p2a: Raikou|Volt Switch|p1a: Registeel
|-damage|p1a: Registeel|81/100
|
|t:|1660680333
|switch|p2a: Registeel|Registeel|43/100|[from]move: Volt Switch
|move|p1a: Registeel|Stealth Rock|p2a: Registeel
|-sidestart|p2: Scavet|move: Stealth Rock
|
|-heal|p1a: Registeel|87/100|[from] item: Leftovers
|upkeep
|turn|13
|
|t:|1660680346
|switch|p1a: Pangoro|Pangoro, F|100/100 par
|-damage|p1a: Pangoro|94/100 par|[from] Stealth Rock
|move|p2a: Registeel|Seismic Toss|p1a: Pangoro
|-damage|p1a: Pangoro|64/100 par
|
|upkeep
|turn|14
|l|☆Scavet
|inactive|Scavet disconnected and has a minute to reconnect!
|player|p2|
|j| dugenou
|j|☆Scavet
|inactive|Scavet reconnected and has 80 seconds left.
|player|p2|Scavet|chase
|
|t:|1660680380
|move|p2a: Registeel|Seismic Toss|p1a: Pangoro
|-damage|p1a: Pangoro|34/100 par
|move|p1a: Pangoro|Close Combat|p2a: Registeel
|-supereffective|p2a: Registeel
|-damage|p2a: Registeel|0 fnt
|-unboost|p1a: Pangoro|def|1
|-unboost|p1a: Pangoro|spd|1
|faint|p2a: Registeel
|
|upkeep
|l| G2 Wait2Seconds
|
|t:|1660680388
|switch|p2a: Dhelmise|Dhelmise|77/100
|-damage|p2a: Dhelmise|64/100|[from] Stealth Rock
|turn|15
|
|t:|1660680398
|switch|p1a: Crobat|Crobat, F|100/100
|move|p2a: Dhelmise|Shadow Claw|p1a: Crobat
|-damage|p1a: Crobat|38/100
|
|upkeep
|turn|16
|
|t:|1660680417
|move|p1a: Crobat|Roost|p1a: Crobat
|-heal|p1a: Crobat|88/100
|-singleturn|p1a: Crobat|move: Roost
|move|p2a: Dhelmise|Shadow Claw|p1a: Crobat
|-damage|p1a: Crobat|25/100
|
|upkeep
|turn|17
|
|t:|1660680423
|switch|p2a: Raikou|Raikou|94/100 tox
|-ability|p2a: Raikou|Pressure
|move|p1a: Crobat|Brave Bird|p2a: Raikou
|-resisted|p2a: Raikou
|-damage|p2a: Raikou|70/100 tox
|-damage|p1a: Crobat|18/100|[from] Recoil
|
|-damage|p2a: Raikou|64/100 tox|[from] psn
|upkeep
|turn|18
|
|t:|1660680439
|move|p1a: Crobat|U-turn|p2a: Raikou
|-damage|p2a: Raikou|43/100 tox
|
|t:|1660680447
|switch|p1a: Celebi|Celebi|100/100|[from]move: U-turn
|-damage|p1a: Celebi|88/100|[from] Stealth Rock
|move|p2a: Raikou|Scald|p1a: Celebi
|-resisted|p1a: Celebi
|-damage|p1a: Celebi|75/100
|-status|p1a: Celebi|brn
|
|-damage|p2a: Raikou|31/100 tox|[from] psn
|-damage|p1a: Celebi|69/100 brn|[from] brn
|upkeep
|turn|19
|
|t:|1660680459
|-curestatus|p1a: Celebi|brn|[from] ability: Natural Cure
|switch|p1a: Flygon|Flygon, M|100/100
|-damage|p1a: Flygon|95/100|[from] Stealth Rock
|move|p2a: Raikou|Volt Switch|p1a: Flygon
|-immune|p1a: Flygon
|
|-damage|p2a: Raikou|12/100 tox|[from] psn
|upkeep
|turn|20
|
|t:|1660680467
|move|p1a: Flygon|U-turn|p2a: Raikou
|-damage|p2a: Raikou|0 fnt
|faint|p2a: Raikou
|
|t:|1660680474
|switch|p1a: Crobat|Crobat, F|18/100|[from]move: U-turn
|
|upkeep
|
|t:|1660680487
|switch|p2a: Incineroar|Incineroar, M|100/100
|-ability|p2a: Incineroar|Intimidate|boost
|-fail|p1a: Crobat|unboost|Attack|[from] ability: Inner Focus|[of] p1a: Crobat
|turn|21
|inactive|Scavet has 90 seconds left.
|
|t:|1660680508
|move|p1a: Crobat|U-turn|p2a: Incineroar
|-damage|p2a: Incineroar|88/100
|
|t:|1660680511
|switch|p1a: Milotic|Milotic, F|71/100|[from]move: U-turn
|-damage|p1a: Milotic|58/100|[from] Stealth Rock
|move|p2a: Incineroar|U-turn|p1a: Milotic
|-damage|p1a: Milotic|44/100
|j|@Menacce17
|
|t:|1660680513
|switch|p2a: Dhelmise|Dhelmise|64/100|[from]move: U-turn
|-damage|p2a: Dhelmise|52/100|[from] Stealth Rock
|
|upkeep
|turn|22
|j|#ironwater
|inactive|Scavet has 90 seconds left.
|inactive|Masskeauuu has 120 seconds left.
|inactive|Scavet has 60 seconds left.
|inactive|Masskeauuu has 90 seconds left.
|
|t:|1660680596
|switch|p1a: Pangoro|Pangoro, F|34/100 par
|-damage|p1a: Pangoro|28/100 par|[from] Stealth Rock
|move|p2a: Dhelmise|Shadow Claw|p1a: Pangoro
|-resisted|p1a: Pangoro
|-damage|p1a: Pangoro|0 fnt
|faint|p1a: Pangoro
|
|upkeep
|
|t:|1660680601
|switch|p1a: Crobat|Crobat, F|18/100
|turn|23
|l| dugenou
|inactive|Scavet has 60 seconds left.
|
|t:|1660680622
|switch|p2a: Incineroar|Incineroar, M|88/100
|-ability|p2a: Incineroar|Intimidate|boost
|-fail|p1a: Crobat|unboost|Attack|[from] ability: Inner Focus|[of] p1a: Crobat
|move|p1a: Crobat|Roost|p1a: Crobat
|-heal|p1a: Crobat|68/100
|-singleturn|p1a: Crobat|move: Roost
|
|upkeep
|turn|24
|j| PokemonCestDur
|inactive|Masskeauuu has 60 seconds left.
|
|t:|1660680653
|move|p1a: Crobat|Brave Bird|p2a: Incineroar
|-damage|p2a: Incineroar|54/100
|-damage|p1a: Crobat|57/100|[from] Recoil
|move|p2a: Incineroar|U-turn|p1a: Crobat
|-resisted|p1a: Crobat
|-damage|p1a: Crobat|52/100
|j| Creusot
|
|t:|1660680666
|switch|p2a: Mantine|Mantine, M|62/100|[from]move: U-turn
|
|upkeep
|turn|25
|inactive|Masskeauuu has 60 seconds left.
|
|t:|1660680686
|move|p1a: Crobat|Roost|p1a: Crobat
|-heal|p1a: Crobat|100/100
|-singleturn|p1a: Crobat|move: Roost
|move|p2a: Mantine|Roost|p2a: Mantine
|-heal|p2a: Mantine|100/100
|-singleturn|p2a: Mantine|move: Roost
|
|upkeep
|turn|26
|
|t:|1660680694
|move|p1a: Crobat|U-turn|p2a: Mantine
|-resisted|p2a: Mantine
|-damage|p2a: Mantine|95/100
|inactive|Masskeauuu has 60 seconds left.
|
|t:|1660680704
|switch|p1a: Registeel|Registeel|87/100|[from]move: U-turn
|-damage|p1a: Registeel|81/100|[from] Stealth Rock
|move|p2a: Mantine|Air Slash|p1a: Registeel
|-resisted|p1a: Registeel
|-damage|p1a: Registeel|75/100
|
|-heal|p1a: Registeel|81/100|[from] item: Leftovers
|upkeep
|turn|27
|j|+kino
|inactive|Scavet has 60 seconds left.
|l|+kino
|
|t:|1660680730
|switch|p2a: Incineroar|Incineroar, M|54/100
|-ability|p2a: Incineroar|Intimidate|boost
|-fail|p1a: Registeel|unboost|[from] ability: Clear Body|[of] p1a: Registeel
|move|p1a: Registeel|Toxic|p2a: Incineroar
|-status|p2a: Incineroar|tox
|
|-heal|p1a: Registeel|87/100|[from] item: Leftovers
|-damage|p2a: Incineroar|48/100 tox|[from] psn
|upkeep
|turn|28
|
|t:|1660680741
|move|p1a: Registeel|Protect|p1a: Registeel
|-singleturn|p1a: Registeel|Protect
|move|p2a: Incineroar|Flare Blitz|p1a: Registeel
|-activate|p1a: Registeel|move: Protect
|
|-heal|p1a: Registeel|93/100|[from] item: Leftovers
|-damage|p2a: Incineroar|35/100 tox|[from] psn
|upkeep
|turn|29
|inactive|Masskeauuu has 60 seconds left.
|
|t:|1660680759
|switch|p1a: Crobat|Crobat, F|100/100
|move|p2a: Incineroar|U-turn|p1a: Crobat
|-resisted|p1a: Crobat
|-damage|p1a: Crobat|96/100
|inactive|Scavet has 30 seconds left.
|
|t:|1660680780
|switch|p2a: Mantine|Mantine, M|95/100|[from]move: U-turn
|
|upkeep
|turn|30
|
|t:|1660680793
|move|p1a: Crobat|U-turn|p2a: Mantine
|-resisted|p2a: Mantine
|-damage|p2a: Mantine|89/100
|
|t:|1660680795
|switch|p1a: Celebi|Celebi|69/100|[from]move: U-turn
|-damage|p1a: Celebi|57/100|[from] Stealth Rock
|move|p2a: Mantine|Scald|p1a: Celebi
|-resisted|p1a: Celebi
|-damage|p1a: Celebi|44/100
|
|upkeep
|turn|31
|inactive|Masskeauuu has 60 seconds left.
|
|t:|1660680819
|move|p1a: Celebi|Recover|p1a: Celebi
|-heal|p1a: Celebi|94/100
|move|p2a: Mantine|Air Slash|p1a: Celebi
|-supereffective|p1a: Celebi
|-damage|p1a: Celebi|47/100
|
|upkeep
|turn|32
|
|t:|1660680827
|move|p1a: Celebi|Recover|p1a: Celebi
|-heal|p1a: Celebi|97/100
|move|p2a: Mantine|Air Slash|p1a: Celebi
|-supereffective|p1a: Celebi
|-damage|p1a: Celebi|57/100
|
|upkeep
|turn|33
|
|t:|1660680835
|switch|p1a: Registeel|Registeel|93/100
|-damage|p1a: Registeel|87/100|[from] Stealth Rock
|move|p2a: Mantine|Air Slash|p1a: Registeel
|-resisted|p1a: Registeel
|-crit|p1a: Registeel
|-damage|p1a: Registeel|79/100
|
|-heal|p1a: Registeel|85/100|[from] item: Leftovers
|upkeep
|turn|34
|inactive|Scavet has 60 seconds left.
|
|t:|1660680864
|switch|p2a: Incineroar|Incineroar, M|35/100 tox
|-ability|p2a: Incineroar|Intimidate|boost
|-fail|p1a: Registeel|unboost|[from] ability: Clear Body|[of] p1a: Registeel
|move|p1a: Registeel|Toxic|p2a: Incineroar
|-fail|p2a: Incineroar|tox
|
|-heal|p1a: Registeel|91/100|[from] item: Leftovers
|-damage|p2a: Incineroar|29/100 tox|[from] psn
|upkeep
|turn|35
|
|t:|1660680869
|move|p1a: Registeel|Protect|p1a: Registeel
|-singleturn|p1a: Registeel|Protect
|move|p2a: Incineroar|Swords Dance|p2a: Incineroar
|-boost|p2a: Incineroar|atk|2
|
|-heal|p1a: Registeel|97/100|[from] item: Leftovers
|-damage|p2a: Incineroar|17/100 tox|[from] psn
|upkeep
|turn|36
|inactive|Masskeauuu has 90 seconds left.
|inactive|Scavet has 60 seconds left.
|l| Korescape
|inactive|Masskeauuu has 60 seconds left.
|inactive|Scavet has 30 seconds left.
|inactive|Scavet has 20 seconds left.
|
|t:|1660680934
|switch|p1a: Milotic|Milotic, F|44/100
|-damage|p1a: Milotic|31/100|[from] Stealth Rock
|move|p2a: Incineroar|Flare Blitz|p1a: Milotic
|-resisted|p1a: Milotic
|-damage|p1a: Milotic|0 fnt
|faint|p1a: Milotic
|-damage|p2a: Incineroar|7/100 tox|[from] Recoil
|
|-damage|p2a: Incineroar|0 fnt|[from] psn
|faint|p2a: Incineroar
|upkeep
|inactive|Scavet has 30 seconds left this turn.
|inactive|Scavet has 20 seconds left.
|
|t:|1660680949
|switch|p1a: Registeel|Registeel|97/100
|switch|p2a: Flygon|Flygon, M|100/100
|-damage|p2a: Flygon|95/100|[from] Stealth Rock
|-damage|p1a: Registeel|91/100|[from] Stealth Rock
|turn|37
|inactive|Scavet has 30 seconds left this turn.
|inactive|Scavet has 20 seconds left.
|
|t:|1660680960
|switch|p2a: Dhelmise|Dhelmise|52/100
|-damage|p2a: Dhelmise|39/100|[from] Stealth Rock
|switch|p1a: Crobat|Crobat, F|96/100
|
|upkeep
|turn|38
|inactive|Scavet has 30 seconds left this turn.
|
|t:|1660680967
|switch|p2a: Mantine|Mantine, M|89/100
|move|p1a: Crobat|Brave Bird|p2a: Mantine
|-damage|p2a: Mantine|55/100
|-damage|p1a: Crobat|85/100|[from] Recoil
|
|upkeep
|turn|39
|inactive|Masskeauuu has 60 seconds left.
|inactive|Scavet has 30 seconds left.
|
|t:|1660680974
|move|p1a: Crobat|U-turn|p2a: Mantine
|-resisted|p2a: Mantine
|-damage|p2a: Mantine|49/100
|
|t:|1660680976
|switch|p1a: Registeel|Registeel|91/100|[from]move: U-turn
|-damage|p1a: Registeel|85/100|[from] Stealth Rock
|move|p2a: Mantine|Roost|p2a: Mantine
|-heal|p2a: Mantine|99/100
|-singleturn|p2a: Mantine|move: Roost
|
|-heal|p1a: Registeel|91/100|[from] item: Leftovers
|upkeep
|turn|40
|inactive|Scavet has 30 seconds left.
|inactive|Scavet has 20 seconds left.
|inactive|Scavet has 15 seconds left.
|
|t:|1660681009
|switch|p2a: Flygon|Flygon, M|95/100
|-damage|p2a: Flygon|89/100|[from] Stealth Rock
|move|p1a: Registeel|Toxic|p2a: Flygon
|-status|p2a: Flygon|tox
|
|-heal|p1a: Registeel|97/100|[from] item: Leftovers
|-damage|p2a: Flygon|83/100 tox|[from] psn
|upkeep
|turn|41
|inactive|Scavet has 25 seconds left this turn.
|inactive|Scavet has 20 seconds left.
|inactive|Scavet has 15 seconds left.
|
|t:|1660681019
|move|p1a: Registeel|Protect|p1a: Registeel
|-singleturn|p1a: Registeel|Protect
|move|p2a: Flygon|Earthquake|p1a: Registeel
|-activate|p1a: Registeel|move: Protect
|
|-heal|p1a: Registeel|100/100|[from] item: Leftovers
|-damage|p2a: Flygon|71/100 tox|[from] psn
|upkeep
|turn|42
|inactive|Scavet has 25 seconds left this turn.
|inactive|Scavet has 20 seconds left.
|
|t:|1660681037
|switch|p2a: Mantine|Mantine, M|99/100
|switch|p1a: Flygon|Flygon, M|95/100
|-damage|p1a: Flygon|89/100|[from] Stealth Rock
|
|upkeep
|turn|43
|inactive|Scavet has 30 seconds left this turn.
|j| Zuletzt
|
|t:|1660681053
|move|p1a: Flygon|Stone Edge|p2a: Mantine|[miss]
|-miss|p1a: Flygon|p2a: Mantine
|move|p2a: Mantine|Scald|p1a: Flygon
|-damage|p1a: Flygon|56/100
|
|upkeep
|turn|44
|inactive|Scavet has 30 seconds left.
|j|@Dragonillis
|
|t:|1660681065
|move|p1a: Flygon|Stone Edge|p2a: Mantine
|-supereffective|p2a: Mantine
|-damage|p2a: Mantine|49/100
|move|p2a: Mantine|Scald|p1a: Flygon
|-damage|p1a: Flygon|23/100
|
|upkeep
|turn|45
|inactive|Scavet has 30 seconds left.
|
|t:|1660681073
|switch|p2a: Flygon|Flygon, M|71/100 tox
|-damage|p2a: Flygon|65/100 tox|[from] Stealth Rock
|move|p1a: Flygon|Stone Edge|p2a: Flygon
|-resisted|p2a: Flygon
|-damage|p2a: Flygon|45/100 tox
|
|-damage|p2a: Flygon|39/100 tox|[from] psn
|upkeep
|turn|46
|
|t:|1660681083
|switch|p1a: Registeel|Registeel|100/100
|-damage|p1a: Registeel|94/100|[from] Stealth Rock
|move|p2a: Flygon|U-turn|p1a: Registeel
|-resisted|p1a: Registeel
|-damage|p1a: Registeel|88/100
|
|t:|1660681088
|switch|p2a: Dhelmise|Dhelmise|39/100|[from]move: U-turn
|-damage|p2a: Dhelmise|27/100|[from] Stealth Rock
|
|-heal|p1a: Registeel|94/100|[from] item: Leftovers
|upkeep
|turn|47
|inactive|Masskeauuu has 90 seconds left.
|
|t:|1660681105
|move|p1a: Registeel|Protect|p1a: Registeel
|-singleturn|p1a: Registeel|Protect
|move|p2a: Dhelmise|Shadow Claw|p1a: Registeel
|-activate|p1a: Registeel|move: Protect
|
|-heal|p1a: Registeel|99/100|[from] item: Leftovers
|upkeep
|turn|48
|l|@Menacce17
|
|t:|1660681113
|switch|p1a: Crobat|Crobat, F|85/100
|move|p2a: Dhelmise|Shadow Claw|p1a: Crobat
|-damage|p1a: Crobat|18/100
|
|upkeep
|turn|49
|
|t:|1660681128
|switch|p2a: Flygon|Flygon, M|39/100 tox
|-damage|p2a: Flygon|33/100 tox|[from] Stealth Rock
|move|p1a: Crobat|Brave Bird|p2a: Flygon
|-damage|p2a: Flygon|0 fnt
|faint|p2a: Flygon
|-damage|p1a: Crobat|9/100|[from] Recoil
|
|upkeep
|
|t:|1660681130
|switch|p2a: Mantine|Mantine, M|49/100
|turn|50
|
|t:|1660681135
|move|p1a: Crobat|U-turn|p2a: Mantine
|-resisted|p2a: Mantine
|-damage|p2a: Mantine|42/100
|
|t:|1660681136
|switch|p1a: Registeel|Registeel|99/100|[from]move: U-turn
|-damage|p1a: Registeel|94/100|[from] Stealth Rock
|move|p2a: Mantine|Roost|p2a: Mantine
|-heal|p2a: Mantine|92/100
|-singleturn|p2a: Mantine|move: Roost
|
|-heal|p1a: Registeel|99/100|[from] item: Leftovers
|upkeep
|turn|51
|
|t:|1660681142
|move|p2a: Mantine|Scald|p1a: Registeel
|-damage|p1a: Registeel|87/100
|move|p1a: Registeel|Toxic|p2a: Mantine
|-status|p2a: Mantine|tox
|
|-heal|p1a: Registeel|93/100|[from] item: Leftovers
|-damage|p2a: Mantine|86/100 tox|[from] psn
|upkeep
|turn|52
|
|t:|1660681153
|move|p1a: Registeel|Protect|p1a: Registeel
|-singleturn|p1a: Registeel|Protect
|move|p2a: Mantine|Scald|p1a: Registeel
|-activate|p1a: Registeel|move: Protect
|
|-heal|p1a: Registeel|99/100|[from] item: Leftovers
|-damage|p2a: Mantine|73/100 tox|[from] psn
|upkeep
|turn|53
|inactive|Scavet has 90 seconds left.
|inactive|Scavet has 60 seconds left.
|
|t:|1660681191
|switch|p1a: Celebi|Celebi|57/100
|-damage|p1a: Celebi|44/100|[from] Stealth Rock
|move|p2a: Mantine|Scald|p1a: Celebi
|-resisted|p1a: Celebi
|-damage|p1a: Celebi|32/100
|
|-damage|p2a: Mantine|55/100 tox|[from] psn
|upkeep
|turn|54
|
|t:|1660681197
|move|p1a: Celebi|Recover|p1a: Celebi
|-heal|p1a: Celebi|82/100
|move|p2a: Mantine|Air Slash|p1a: Celebi
|-supereffective|p1a: Celebi
|-damage|p1a: Celebi|37/100
|
|-damage|p2a: Mantine|30/100 tox|[from] psn
|upkeep
|turn|55
|
|t:|1660681200
|move|p1a: Celebi|Recover|p1a: Celebi
|-heal|p1a: Celebi|87/100
|move|p2a: Mantine|Air Slash|p1a: Celebi
|-supereffective|p1a: Celebi
|-damage|p1a: Celebi|41/100
|
|-damage|p2a: Mantine|0 fnt|[from] psn
|faint|p2a: Mantine
|upkeep
|
|t:|1660681202
|switch|p2a: Dhelmise|Dhelmise|27/100
|-damage|p2a: Dhelmise|14/100|[from] Stealth Rock
|turn|56
|
|t:|1660681204
|move|p1a: Celebi|Psychic|p2a: Dhelmise
|-damage|p2a: Dhelmise|0 fnt
|faint|p2a: Dhelmise
|
|win|Masskeauuu
|n|☆Masskeauuu|masskeauuu
|n| Astreau|astreau
|n| RichardMillePlain|richardmilleplain
|n| SaucissonSacre|saucissonsacre
|n| Slow mode touad|slowmodetouad
|n| Micciu20250|micciu20250
|n| LaReineLuxray|lareineluxray
|n|☆Scavet|scavet
|n|@ironwater|ironwater
|n| PokemonCestDur|pokemoncestdur
|n| Creusot|creusot
|n| Zuletzt|zuletzt
|n|+Dragonillis|dragonillis
|c|☆Scavet|gg
|c|☆Masskeauuu|gg
|l| PokemonCestDur
|l|☆Masskeauuu
|l| Slow mode touad
|l| LaReineLuxray
|l| SaucissonSacre
|l| Zuletzt
|l| Astreau
