|j|☆btboy
|j|☆Anderson .Packed
|t:|1665278042
|gametype|singles
|player|p1|btboy|spenser-gen3|1388
|player|p2|Anderson .Packed|marlon|1498
|teamsize|p1|6
|teamsize|p2|6
|gen|8
|tier|[Gen 8] RU
|rated|
|rule|Sleep Clause Mod: Limit one foe put to sleep
|rule|Species Clause: Limit one of each Pokémon
|rule|OHKO Clause: OHKO moves are banned
|rule|Evasion Items Clause: Evasion items are banned
|rule|Evasion Moves Clause: Evasion moves are banned
|rule|Endless Battle Clause: Forcing endless battles is banned
|rule|HP Percentage Mod: HP is shown in percentages
|rule|Dynamax Clause: You cannot dynamax
|clearpoke
|poke|p1|Golisopod, F|
|poke|p1|Bewear, M|
|poke|p1|Reuniclus, F|
|poke|p1|Steelix, M|
|poke|p1|Crobat, F|
|poke|p1|Milotic, F|
|poke|p2|Steelix, F|
|poke|p2|Weezing-Galar, F|
|poke|p2|Hitmontop, M|
|poke|p2|Celebi|
|poke|p2|Sharpedo, M|
|poke|p2|Raikou|
|teampreview
|c|☆Anderson .Packed|Hf
|c|☆btboy|Glhf
|c|☆Anderson .Packed|Discord gang
|
|t:|1665278077
|start
|switch|p1a: Reuniclus|Reuniclus, F|100/100
|switch|p2a: Raikou|Raikou|100/100
|turn|1
|
|t:|1665278086
|move|p2a: Raikou|Volt Switch|p1a: Reuniclus
|-damage|p1a: Reuniclus|83/100
|
|t:|1665278103
|switch|p2a: Celebi|Celebi, shiny|100/100|[from]move: Volt Switch
|move|p1a: Reuniclus|Future Sight|p2a: Celebi
|-start|p1a: Reuniclus|move: Future Sight
|
|upkeep
|turn|2
|
|t:|1665278109
|move|p2a: Celebi|Nasty Plot|p2a: Celebi
|-boost|p2a: Celebi|spa|2
|move|p1a: Reuniclus|Shadow Ball|p2a: Celebi
|-supereffective|p2a: Celebi
|-damage|p2a: Celebi|54/100
|
|upkeep
|turn|3
|
|t:|1665278114
|move|p2a: Celebi|Giga Drain|p1a: Reuniclus
|-damage|p1a: Reuniclus|50/100
|-heal|p2a: Celebi|75/100|[from] drain|[of] p1a: Reuniclus
|move|p1a: Reuniclus|Shadow Ball|p2a: Celebi
|-supereffective|p2a: Celebi
|-damage|p2a: Celebi|29/100
|
|-end|p2a: Celebi|move: Future Sight
|-resisted|p2a: Celebi
|-damage|p2a: Celebi|0 fnt
|faint|p2a: Celebi
|upkeep
|
|t:|1665278118
|switch|p2a: Sharpedo|Sharpedo, M|100/100
|turn|4
|
|t:|1665278129
|switch|p1a: Milotic|Milotic, F|100/100
|move|p2a: Sharpedo|Crunch|p1a: Milotic
|-crit|p1a: Milotic
|-damage|p1a: Milotic|40/100
|-unboost|p1a: Milotic|def|1
|-damage|p2a: Sharpedo|91/100|[from] item: Life Orb
|
|-ability|p2a: Sharpedo|Speed Boost|boost
|-boost|p2a: Sharpedo|spe|1
|upkeep
|turn|5
|
|t:|1665278139
|move|p2a: Sharpedo|Waterfall|p1a: Milotic
|-resisted|p1a: Milotic
|-damage|p1a: Milotic|8/100
|-damage|p2a: Sharpedo|81/100|[from] item: Life Orb
|move|p1a: Milotic|Recover|p1a: Milotic
|-heal|p1a: Milotic|58/100
|
|-ability|p2a: Sharpedo|Speed Boost|boost
|-boost|p2a: Sharpedo|spe|1
|upkeep
|turn|6
|
|t:|1665278156
|switch|p1a: Golisopod|Golisopod, F|100/100
|move|p2a: Sharpedo|Crunch|p1a: Golisopod
|-damage|p1a: Golisopod|63/100
|-damage|p2a: Sharpedo|71/100|[from] item: Life Orb
|
|-ability|p2a: Sharpedo|Speed Boost|boost
|-boost|p2a: Sharpedo|spe|1
|upkeep
|turn|7
|
|t:|1665278167
|move|p2a: Sharpedo|Protect|p2a: Sharpedo
|-singleturn|p2a: Sharpedo|Protect
|move|p1a: Golisopod|First Impression|p2a: Sharpedo
|-activate|p2a: Sharpedo|move: Protect
|
|-ability|p2a: Sharpedo|Speed Boost|boost
|-boost|p2a: Sharpedo|spe|1
|upkeep
|turn|8
|
|t:|1665278171
|move|p2a: Sharpedo|Crunch|p1a: Golisopod
|-damage|p1a: Golisopod|25/100
|-unboost|p1a: Golisopod|def|1
|-activate|p1a: Golisopod|ability: Emergency Exit
|-damage|p2a: Sharpedo|61/100|[from] item: Life Orb
|
|t:|1665278174
|switch|p1a: Bewear|Bewear, M|100/100
|
|-ability|p2a: Sharpedo|Speed Boost|boost
|-boost|p2a: Sharpedo|spe|1
|upkeep
|turn|9
|
|t:|1665278181
|switch|p2a: Weezing|Weezing-Galar, F|100/100
|move|p1a: Bewear|Body Slam|p2a: Weezing
|-damage|p2a: Weezing|73/100
|-damage|p1a: Bewear|84/100|[from] item: Rocky Helmet|[of] p2a: Weezing
|
|upkeep
|turn|10
|
|t:|1665278188
|switch|p1a: Reuniclus|Reuniclus, F|83/100
|move|p2a: Weezing|Toxic Spikes|p1a: Reuniclus
|-sidestart|p1: btboy|move: Toxic Spikes
|
|upkeep
|turn|11
|
|t:|1665278197
|switch|p2a: Sharpedo|Sharpedo, M|61/100
|move|p1a: Reuniclus|Future Sight|p2a: Sharpedo
|-start|p1a: Reuniclus|move: Future Sight
|
|upkeep
|turn|12
|
|t:|1665278205
|switch|p1a: Steelix|Steelix, M|100/100
|move|p2a: Sharpedo|Close Combat|p1a: Steelix
|-supereffective|p1a: Steelix
|-damage|p1a: Steelix|48/100
|-unboost|p2a: Sharpedo|def|1
|-unboost|p2a: Sharpedo|spd|1
|-damage|p2a: Sharpedo|51/100|[from] item: Life Orb
|
|-heal|p1a: Steelix|54/100|[from] item: Leftovers
|-ability|p2a: Sharpedo|Speed Boost|boost
|-boost|p2a: Sharpedo|spe|1
|upkeep
|turn|13
|
|t:|1665278218
|move|p2a: Sharpedo|Waterfall|p1a: Steelix
|-supereffective|p1a: Steelix
|-damage|p1a: Steelix|1/100
|-damage|p2a: Sharpedo|41/100|[from] item: Life Orb
|move|p1a: Steelix|Stealth Rock|p2a: Sharpedo
|-sidestart|p2: Anderson .Packed|move: Stealth Rock
|
|-end|p2a: Sharpedo|move: Future Sight
|-immune|p2a: Sharpedo
|-heal|p1a: Steelix|7/100|[from] item: Leftovers
|-ability|p2a: Sharpedo|Speed Boost|boost
|-boost|p2a: Sharpedo|spe|1
|upkeep
|turn|14
|
|t:|1665278226
|move|p2a: Sharpedo|Crunch|p1a: Steelix
|-damage|p1a: Steelix|0 fnt
|faint|p1a: Steelix
|-damage|p2a: Sharpedo|31/100|[from] item: Life Orb
|
|-ability|p2a: Sharpedo|Speed Boost|boost
|-boost|p2a: Sharpedo|spe|1
|upkeep
|
|t:|1665278229
|switch|p1a: Crobat|Crobat, F|100/100
|turn|15
|
|t:|1665278237
|switch|p2a: Weezing|Weezing-Galar, F|73/100
|-damage|p2a: Weezing|61/100|[from] Stealth Rock
|move|p1a: Crobat|U-turn|p2a: Weezing
|-resisted|p2a: Weezing
|-damage|p2a: Weezing|58/100
|-damage|p1a: Crobat|84/100|[from] item: Rocky Helmet|[of] p2a: Weezing
|
|t:|1665278246
|switch|p1a: Reuniclus|Reuniclus, F|100/100|[from]move: U-turn
|-status|p1a: Reuniclus|psn
|
|-damage|p1a: Reuniclus|88/100 psn|[from] psn
|upkeep
|turn|16
|
|t:|1665278254
|move|p2a: Weezing|Toxic Spikes|p1a: Reuniclus
|-sidestart|p1: btboy|move: Toxic Spikes
|move|p1a: Reuniclus|Psyshock|p2a: Weezing
|-supereffective|p2a: Weezing
|-damage|p2a: Weezing|10/100
|
|-damage|p1a: Reuniclus|75/100 psn|[from] psn
|upkeep
|turn|17
|
|t:|1665278264
|switch|p1a: Crobat|Crobat, F|84/100
|move|p2a: Weezing|Pain Split|p1a: Crobat
|-sethp|p1a: Crobat|46/100|[from] move: Pain Split|[silent]
|-sethp|p2a: Weezing|52/100|[from] move: Pain Split
|
|upkeep
|turn|18
|
|t:|1665278270
|move|p1a: Crobat|Brave Bird|p2a: Weezing
|-damage|p2a: Weezing|29/100
|-damage|p1a: Crobat|30/100|[from] item: Rocky Helmet|[of] p2a: Weezing
|-damage|p1a: Crobat|23/100|[from] Recoil
|move|p2a: Weezing|Will-O-Wisp|p1a: Crobat
|-status|p1a: Crobat|brn
|
|-damage|p1a: Crobat|17/100 brn|[from] brn
|upkeep
|turn|19
|
|t:|1665278274
|move|p1a: Crobat|Defog|p2a: Weezing
|-unboost|p2a: Weezing|evasion|1
|-sideend|p2: Anderson .Packed|Stealth Rock|[from] move: Defog|[of] p1a: Crobat
|-sideend|p1: btboy|Toxic Spikes|[from] move: Defog|[of] p1a: Crobat
|move|p2a: Weezing|Pain Split|p1a: Crobat
|-sethp|p1a: Crobat|21/100 brn|[from] move: Pain Split|[silent]
|-sethp|p2a: Weezing|24/100|[from] move: Pain Split
|
|-damage|p1a: Crobat|15/100 brn|[from] brn
|upkeep
|turn|20
|
|t:|1665278278
|move|p1a: Crobat|Brave Bird|p2a: Weezing
|-damage|p2a: Weezing|12/100
|-damage|p1a: Crobat|0 fnt|[from] item: Rocky Helmet|[of] p2a: Weezing
|faint|p1a: Crobat
|move|p2a: Weezing|Toxic Spikes|p1: Crobat
|-sidestart|p1: btboy|move: Toxic Spikes
|
|upkeep
|
|t:|1665278288
|switch|p1a: Reuniclus|Reuniclus, F|100/100 psn
|turn|21
|
|t:|1665278296
|move|p2a: Weezing|Pain Split|p1a: Reuniclus
|-sethp|p1a: Reuniclus|55/100 psn|[from] move: Pain Split|[silent]
|-sethp|p2a: Weezing|70/100|[from] move: Pain Split
|move|p1a: Reuniclus|Psyshock|p2a: Weezing
|-supereffective|p2a: Weezing
|-damage|p2a: Weezing|21/100
|
|-damage|p1a: Reuniclus|42/100 psn|[from] psn
|upkeep
|turn|22
|
|t:|1665278300
|move|p2a: Weezing|Toxic Spikes|p1a: Reuniclus
|-sidestart|p1: btboy|move: Toxic Spikes
|move|p1a: Reuniclus|Psyshock|p2a: Weezing
|-supereffective|p2a: Weezing
|-damage|p2a: Weezing|0 fnt
|faint|p2a: Weezing
|
|-damage|p1a: Reuniclus|30/100 psn|[from] psn
|upkeep
|
|t:|1665278304
|switch|p2a: Sharpedo|Sharpedo, M|31/100
|turn|23
|
|t:|1665278312
|switch|p1a: Golisopod|Golisopod, F|25/100
|move|p2a: Sharpedo|Crunch|p1a: Golisopod
|-damage|p1a: Golisopod|0 fnt
|faint|p1a: Golisopod
|-damage|p2a: Sharpedo|21/100|[from] item: Life Orb
|
|-ability|p2a: Sharpedo|Speed Boost|boost
|-boost|p2a: Sharpedo|spe|1
|upkeep
|
|t:|1665278314
|switch|p1a: Milotic|Milotic, F|58/100
|turn|24
|
|t:|1665278320
|switch|p2a: Raikou|Raikou|100/100
|move|p1a: Milotic|Recover|p1a: Milotic
|-heal|p1a: Milotic|100/100
|
|upkeep
|turn|25
|
|t:|1665278325
|move|p2a: Raikou|Thunderbolt|p1a: Milotic
|-supereffective|p1a: Milotic
|-damage|p1a: Milotic|38/100
|move|p1a: Milotic|Toxic|p2a: Raikou
|-status|p2a: Raikou|tox
|
|-damage|p2a: Raikou|94/100 tox|[from] psn
|upkeep
|turn|26
|
|t:|1665278332
|switch|p1a: Reuniclus|Reuniclus, F|63/100 psn
|move|p2a: Raikou|Thunderbolt|p1a: Reuniclus
|-damage|p1a: Reuniclus|39/100 psn
|
|-damage|p2a: Raikou|82/100 tox|[from] psn
|-damage|p1a: Reuniclus|27/100 psn|[from] psn
|upkeep
|turn|27
|
|t:|1665278339
|move|p2a: Raikou|Thunderbolt|p1a: Reuniclus
|-damage|p1a: Reuniclus|3/100 psn
|move|p1a: Reuniclus|Focus Blast|p2a: Raikou
|-damage|p2a: Raikou|45/100 tox
|
|-damage|p2a: Raikou|26/100 tox|[from] psn
|-damage|p1a: Reuniclus|0 fnt|[from] psn
|faint|p1a: Reuniclus
|upkeep
|
|t:|1665278356
|switch|p1a: Milotic|Milotic, F|38/100
|turn|28
|
|t:|1665278361
|move|p2a: Raikou|Thunderbolt|p1a: Milotic
|-supereffective|p1a: Milotic
|-damage|p1a: Milotic|0 fnt
|faint|p1a: Milotic
|
|-damage|p2a: Raikou|1/100 tox|[from] psn
|upkeep
|
|t:|1665278362
|switch|p1a: Bewear|Bewear, M|84/100
|-status|p1a: Bewear|tox
|-enditem|p1a: Bewear|Lum Berry|[eat]
|-curestatus|p1a: Bewear|tox|[msg]
|turn|29
|
|t:|1665278367
|move|p2a: Raikou|Thunderbolt|p1a: Bewear
|-damage|p1a: Bewear|21/100
|move|p1a: Bewear|Swords Dance|p1a: Bewear
|-boost|p1a: Bewear|atk|2
|
|-damage|p2a: Raikou|0 fnt|[from] psn
|faint|p2a: Raikou
|upkeep
|
|t:|1665278373
|switch|p2a: Sharpedo|Sharpedo, M|21/100
|turn|30
|c|☆btboy|Gg
|c|☆Anderson .Packed|Gg
|
|t:|1665278381
|move|p2a: Sharpedo|Close Combat|p1a: Bewear
|-supereffective|p1a: Bewear
|-damage|p1a: Bewear|0 fnt
|-unboost|p2a: Sharpedo|def|1
|-unboost|p2a: Sharpedo|spd|1
|faint|p1a: Bewear
|-damage|p2a: Sharpedo|11/100|[from] item: Life Orb
|
|win|Anderson .Packed
|raw|btboy's rating: 1388 &rarr; <strong>1374</strong><br />(-14 for losing)
|raw|Anderson .Packed's rating: 1498 &rarr; <strong>1512</strong><br />(+14 for winning)
|l|☆btboy
