|j|☆Rozwel
|j|☆Timbo222
|t:|1664019903
|gametype|singles
|player|p1|Rozwel|elesa|1365
|player|p2|Timbo222|102|1423
|teamsize|p1|6
|teamsize|p2|6
|gen|8
|tier|[Gen 8] RU
|rated|
|rule|Sleep Clause Mod: Limit one foe put to sleep
|rule|Species Clause: Limit one of each Pokémon
|rule|OHKO Clause: OHKO moves are banned
|rule|Evasion Items Clause: Evasion items are banned
|rule|Evasion Moves Clause: Evasion moves are banned
|rule|Endless Battle Clause: Forcing endless battles is banned
|rule|HP Percentage Mod: HP is shown in percentages
|rule|Dynamax Clause: You cannot dynamax
|clearpoke
|poke|p1|Galvantula, M|
|poke|p1|Jellicent, F|
|poke|p1|Tornadus, M|
|poke|p1|Nidoqueen, F|
|poke|p1|Indeedee, M|
|poke|p1|Heracross, M|
|poke|p2|Snorlax, M|
|poke|p2|Sharpedo, M|
|poke|p2|Vileplume, F|
|poke|p2|Porygon-Z|
|poke|p2|Grimmsnarl, M|
|poke|p2|Regirock|
|teampreview
|
|t:|1664019911
|start
|switch|p1a: Galvantula|Galvantula, M|100/100
|switch|p2a: Porygon-Z|Porygon-Z|100/100
|turn|1
|inactive|Battle timer is ON: inactive players will automatically lose when time's up. (requested by Rozwel)
|
|t:|1664019918
|move|p1a: Galvantula|Thunder Wave|p2a: Porygon-Z
|-status|p2a: Porygon-Z|par
|move|p2a: Porygon-Z|Tri Attack|p1a: Galvantula
|-enditem|p1a: Galvantula|Focus Sash
|-damage|p1a: Galvantula|1/100
|
|upkeep
|turn|2
|
|t:|1664019926
|move|p1a: Galvantula|Sticky Web|p2a: Porygon-Z
|-sidestart|p2: Timbo222|move: Sticky Web
|move|p2a: Porygon-Z|Tri Attack|p1a: Galvantula
|-damage|p1a: Galvantula|0 fnt
|faint|p1a: Galvantula
|
|upkeep
|
|t:|1664019935
|switch|p1a: Nidoqueen|Nidoqueen, F|100/100
|turn|3
|
|t:|1664019940
|move|p1a: Nidoqueen|Stealth Rock|p2a: Porygon-Z
|-sidestart|p2: Timbo222|move: Stealth Rock
|cant|p2a: Porygon-Z|par
|
|upkeep
|turn|4
|
|t:|1664019946
|move|p1a: Nidoqueen|Sludge Wave|p2a: Porygon-Z
|-damage|p2a: Porygon-Z|39/100 par
|move|p2a: Porygon-Z|Tri Attack|p1a: Nidoqueen
|-damage|p1a: Nidoqueen|0 fnt
|faint|p1a: Nidoqueen
|
|upkeep
|
|t:|1664019953
|switch|p1a: Tornadus|Tornadus, M|100/100
|turn|5
|
|t:|1664019957
|move|p1a: Tornadus|Acrobatics|p2a: Porygon-Z
|-damage|p2a: Porygon-Z|0 fnt
|faint|p2a: Porygon-Z
|
|upkeep
|
|t:|1664019963
|switch|p2a: Regirock|Regirock|100/100
|-activate|p2a: Regirock|move: Sticky Web
|-fail|p2a: Regirock|unboost|[from] ability: Clear Body|[of] p2a: Regirock
|-damage|p2a: Regirock|88/100|[from] Stealth Rock
|turn|6
|
|t:|1664019973
|switch|p1a: Jellicent|Jellicent, F|100/100
|move|p2a: Regirock|Iron Defense|p2a: Regirock
|-boost|p2a: Regirock|def|2
|
|-heal|p2a: Regirock|94/100|[from] item: Leftovers
|upkeep
|turn|7
|
|t:|1664019981
|move|p1a: Jellicent|Taunt|p2a: Regirock
|-start|p2a: Regirock|move: Taunt
|cant|p2a: Regirock|move: Taunt|Toxic
|
|-heal|p2a: Regirock|99/100|[from] item: Leftovers
|upkeep
|turn|8
|
|t:|1664019990
|switch|p2a: Vileplume|Vileplume, F|100/100
|-activate|p2a: Vileplume|move: Sticky Web
|-unboost|p2a: Vileplume|spe|1
|-damage|p2a: Vileplume|88/100|[from] Stealth Rock
|move|p1a: Jellicent|Scald|p2a: Vileplume
|-resisted|p2a: Vileplume
|-damage|p2a: Vileplume|76/100
|
|upkeep
|turn|9
|
|t:|1664020000
|move|p1a: Jellicent|Taunt|p2a: Vileplume
|-start|p2a: Vileplume|move: Taunt
|move|p2a: Vileplume|Infestation|p1a: Jellicent
|-resisted|p1a: Jellicent
|-damage|p1a: Jellicent|98/100
|-activate|p1a: Jellicent|move: Infestation|[of] p2a: Vileplume
|
|-heal|p1a: Jellicent|100/100|[from] item: Leftovers
|-damage|p1a: Jellicent|88/100|[from] move: Infestation|[partiallytrapped]
|upkeep
|turn|10
|
|t:|1664020013
|switch|p1a: Tornadus|Tornadus, M|100/100
|move|p2a: Vileplume|Sludge Wave|p1a: Tornadus
|-damage|p1a: Tornadus|59/100
|
|upkeep
|turn|11
|
|t:|1664020024
|switch|p2a: Regirock|Regirock|99/100
|-activate|p2a: Regirock|move: Sticky Web
|-fail|p2a: Regirock|unboost|[from] ability: Clear Body|[of] p2a: Regirock
|-damage|p2a: Regirock|88/100|[from] Stealth Rock
|move|p1a: Tornadus|Knock Off|p2a: Regirock
|-damage|p2a: Regirock|75/100
|-enditem|p2a: Regirock|Leftovers|[from] move: Knock Off|[of] p1a: Tornadus
|
|upkeep
|turn|12
|
|t:|1664020034
|move|p1a: Tornadus|Superpower|p2a: Regirock
|-supereffective|p2a: Regirock
|-damage|p2a: Regirock|46/100
|-unboost|p1a: Tornadus|atk|1
|-unboost|p1a: Tornadus|def|1
|move|p2a: Regirock|Toxic|p1a: Tornadus
|-status|p1a: Tornadus|tox
|
|-damage|p1a: Tornadus|53/100 tox|[from] psn
|upkeep
|turn|13
|
|t:|1664020045
|switch|p1a: Heracross|Heracross, M|100/100
|move|p2a: Regirock|Stealth Rock|p1a: Heracross
|-sidestart|p1: Rozwel|move: Stealth Rock
|
|upkeep
|turn|14
|
|t:|1664020058
|switch|p1a: Jellicent|Jellicent, F|88/100
|-damage|p1a: Jellicent|76/100|[from] Stealth Rock
|switch|p2a: Vileplume|Vileplume, F|76/100
|-activate|p2a: Vileplume|move: Sticky Web
|-unboost|p2a: Vileplume|spe|1
|-damage|p2a: Vileplume|64/100|[from] Stealth Rock
|
|-heal|p1a: Jellicent|82/100|[from] item: Leftovers
|upkeep
|turn|15
|
|t:|1664020070
|move|p1a: Jellicent|Taunt|p2a: Vileplume
|-start|p2a: Vileplume|move: Taunt
|cant|p2a: Vileplume|move: Taunt|Toxic
|
|-heal|p1a: Jellicent|88/100|[from] item: Leftovers
|upkeep
|turn|16
|
|t:|1664020077
|move|p1a: Jellicent|Scald|p2a: Vileplume
|-resisted|p2a: Vileplume
|-damage|p2a: Vileplume|51/100
|move|p2a: Vileplume|Sludge Wave|p1a: Jellicent
|-resisted|p1a: Jellicent
|-damage|p1a: Jellicent|75/100
|-status|p1a: Jellicent|psn
|
|-heal|p1a: Jellicent|81/100 psn|[from] item: Leftovers
|-damage|p1a: Jellicent|68/100 psn|[from] psn
|upkeep
|turn|17
|
|t:|1664020090
|move|p1a: Jellicent|Scald|p2a: Vileplume
|-resisted|p2a: Vileplume
|-damage|p2a: Vileplume|38/100
|move|p2a: Vileplume|Infestation|p1a: Jellicent
|-resisted|p1a: Jellicent
|-damage|p1a: Jellicent|66/100 psn
|-activate|p1a: Jellicent|move: Infestation|[of] p2a: Vileplume
|
|-heal|p1a: Jellicent|72/100 psn|[from] item: Leftovers
|-damage|p1a: Jellicent|60/100 psn|[from] psn
|-damage|p1a: Jellicent|47/100 psn|[from] move: Infestation|[partiallytrapped]
|-end|p2a: Vileplume|move: Taunt
|upkeep
|turn|18
|
|t:|1664020103
|move|p1a: Jellicent|Recover|p1a: Jellicent
|-heal|p1a: Jellicent|98/100 psn
|move|p2a: Vileplume|Strength Sap|p1a: Jellicent
|-unboost|p1a: Jellicent|atk|1
|-heal|p2a: Vileplume|69/100
|
|-heal|p1a: Jellicent|100/100 psn|[from] item: Leftovers
|-damage|p1a: Jellicent|88/100 psn|[from] psn
|-damage|p1a: Jellicent|76/100 psn|[from] move: Infestation|[partiallytrapped]
|upkeep
|turn|19
|
|t:|1664020116
|move|p1a: Jellicent|Taunt|p2a: Vileplume
|-start|p2a: Vileplume|move: Taunt
|move|p2a: Vileplume|Sludge Wave|p1a: Jellicent
|-resisted|p1a: Jellicent
|-damage|p1a: Jellicent|62/100 psn
|
|-heal|p1a: Jellicent|68/100 psn|[from] item: Leftovers
|-damage|p1a: Jellicent|55/100 psn|[from] psn
|-damage|p1a: Jellicent|43/100 psn|[from] move: Infestation|[partiallytrapped]
|upkeep
|turn|20
|
|t:|1664020129
|move|p1a: Jellicent|Recover|p1a: Jellicent
|-heal|p1a: Jellicent|93/100 psn
|move|p2a: Vileplume|Sludge Wave|p1a: Jellicent
|-resisted|p1a: Jellicent
|-damage|p1a: Jellicent|80/100 psn
|
|-heal|p1a: Jellicent|86/100 psn|[from] item: Leftovers
|-damage|p1a: Jellicent|73/100 psn|[from] psn
|-damage|p1a: Jellicent|61/100 psn|[from] move: Infestation|[partiallytrapped]
|upkeep
|turn|21
|
|t:|1664020140
|switch|p1a: Indeedee|Indeedee, M|100/100
|-damage|p1a: Indeedee|88/100|[from] Stealth Rock
|-fieldstart|move: Psychic Terrain|[from] ability: Psychic Surge|[of] p1a: Indeedee
|move|p2a: Vileplume|Sludge Wave|p1a: Indeedee
|-damage|p1a: Indeedee|37/100
|
|-end|p2a: Vileplume|move: Taunt
|upkeep
|turn|22
|
|t:|1664020153
|switch|p2a: Grimmsnarl|Grimmsnarl, M|100/100
|-activate|p2a: Grimmsnarl|move: Sticky Web
|-unboost|p2a: Grimmsnarl|spe|1
|-damage|p2a: Grimmsnarl|88/100|[from] Stealth Rock
|move|p1a: Indeedee|Hyper Voice|p2a: Grimmsnarl
|-damage|p2a: Grimmsnarl|18/100
|
|-heal|p2a: Grimmsnarl|24/100|[from] item: Leftovers
|upkeep
|turn|23
|
|t:|1664020164
|move|p2a: Grimmsnarl|Sucker Punch|p1a: Indeedee
|-activate|p1a: Indeedee|move: Psychic Terrain
|move|p1a: Indeedee|Hyper Voice|p2a: Grimmsnarl
|-damage|p2a: Grimmsnarl|0 fnt
|faint|p2a: Grimmsnarl
|
|upkeep
|
|t:|1664020183
|switch|p2a: Snorlax|Snorlax, M|100/100
|-activate|p2a: Snorlax|move: Sticky Web
|-unboost|p2a: Snorlax|spe|1
|-damage|p2a: Snorlax|88/100|[from] Stealth Rock
|turn|24
|
|t:|1664020189
|switch|p1a: Jellicent|Jellicent, F|61/100 psn
|-damage|p1a: Jellicent|48/100 psn|[from] Stealth Rock
|move|p2a: Snorlax|Earthquake|p1a: Jellicent
|-damage|p1a: Jellicent|27/100 psn
|
|-heal|p1a: Jellicent|33/100 psn|[from] item: Leftovers
|-damage|p1a: Jellicent|21/100 psn|[from] psn
|upkeep
|turn|25
|
|t:|1664020200
|move|p1a: Jellicent|Recover|p1a: Jellicent
|-heal|p1a: Jellicent|71/100 psn
|move|p2a: Snorlax|Earthquake|p1a: Jellicent
|-damage|p1a: Jellicent|51/100 psn
|
|-heal|p1a: Jellicent|57/100 psn|[from] item: Leftovers
|-damage|p1a: Jellicent|45/100 psn|[from] psn
|-fieldend|move: Psychic Terrain
|upkeep
|turn|26
|
|t:|1664020210
|move|p1a: Jellicent|Recover|p1a: Jellicent
|-heal|p1a: Jellicent|95/100 psn
|move|p2a: Snorlax|Curse|p2a: Snorlax
|-unboost|p2a: Snorlax|spe|1
|-boost|p2a: Snorlax|atk|1
|-boost|p2a: Snorlax|def|1
|
|-heal|p1a: Jellicent|100/100 psn|[from] item: Leftovers
|-damage|p1a: Jellicent|88/100 psn|[from] psn
|upkeep
|turn|27
|
|t:|1664020220
|move|p1a: Jellicent|Taunt|p2a: Snorlax
|-start|p2a: Snorlax|move: Taunt
|move|p2a: Snorlax|Earthquake|p1a: Jellicent
|-damage|p1a: Jellicent|59/100 psn
|
|-heal|p1a: Jellicent|65/100 psn|[from] item: Leftovers
|-damage|p1a: Jellicent|53/100 psn|[from] psn
|upkeep
|turn|28
|
|t:|1664020230
|move|p1a: Jellicent|Scald|p2a: Snorlax
|-damage|p2a: Snorlax|76/100
|move|p2a: Snorlax|Earthquake|p1a: Jellicent
|-damage|p1a: Jellicent|22/100 psn
|
|-heal|p1a: Jellicent|28/100 psn|[from] item: Leftovers
|-damage|p1a: Jellicent|16/100 psn|[from] psn
|upkeep
|turn|29
|
|t:|1664020240
|move|p1a: Jellicent|Recover|p1a: Jellicent
|-heal|p1a: Jellicent|66/100 psn
|move|p2a: Snorlax|Earthquake|p1a: Jellicent
|-damage|p1a: Jellicent|34/100 psn
|
|-heal|p1a: Jellicent|41/100 psn|[from] item: Leftovers
|-damage|p1a: Jellicent|28/100 psn|[from] psn
|-end|p2a: Snorlax|move: Taunt
|upkeep
|turn|30
|
|t:|1664020253
|move|p1a: Jellicent|Recover|p1a: Jellicent
|-heal|p1a: Jellicent|78/100 psn
|move|p2a: Snorlax|Curse|p2a: Snorlax
|-unboost|p2a: Snorlax|spe|1
|-boost|p2a: Snorlax|atk|1
|-boost|p2a: Snorlax|def|1
|
|-heal|p1a: Jellicent|85/100 psn|[from] item: Leftovers
|-damage|p1a: Jellicent|72/100 psn|[from] psn
|upkeep
|turn|31
|
|t:|1664020266
|switch|p1a: Heracross|Heracross, M|100/100
|-damage|p1a: Heracross|88/100|[from] Stealth Rock
|move|p2a: Snorlax|Earthquake|p1a: Heracross
|-resisted|p1a: Heracross
|-damage|p1a: Heracross|52/100
|
|upkeep
|turn|32
|
|t:|1664020276
|switch|p2a: Vileplume|Vileplume, F|69/100
|-activate|p2a: Vileplume|move: Sticky Web
|-unboost|p2a: Vileplume|spe|1
|-damage|p2a: Vileplume|57/100|[from] Stealth Rock
|move|p1a: Heracross|Close Combat|p2a: Vileplume
|-resisted|p2a: Vileplume
|-damage|p2a: Vileplume|32/100
|-unboost|p1a: Heracross|def|1
|-unboost|p1a: Heracross|spd|1
|-damage|p1a: Heracross|35/100|[from] item: Rocky Helmet|[of] p2a: Vileplume
|
|upkeep
|turn|33
|
|t:|1664020299
|switch|p1a: Jellicent|Jellicent, F|72/100 psn
|-damage|p1a: Jellicent|60/100 psn|[from] Stealth Rock
|move|p2a: Vileplume|Sludge Wave|p1a: Jellicent
|-resisted|p1a: Jellicent
|-damage|p1a: Jellicent|44/100 psn
|
|-heal|p1a: Jellicent|50/100 psn|[from] item: Leftovers
|-damage|p1a: Jellicent|38/100 psn|[from] psn
|upkeep
|turn|34
|
|t:|1664020321
|move|p1a: Jellicent|Taunt|p2a: Vileplume
|-start|p2a: Vileplume|move: Taunt
|move|p2a: Vileplume|Infestation|p1a: Jellicent
|-resisted|p1a: Jellicent
|-damage|p1a: Jellicent|36/100 psn
|-activate|p1a: Jellicent|move: Infestation|[of] p2a: Vileplume
|
|-heal|p1a: Jellicent|42/100 psn|[from] item: Leftovers
|-damage|p1a: Jellicent|29/100 psn|[from] psn
|-damage|p1a: Jellicent|17/100 psn|[from] move: Infestation|[partiallytrapped]
|upkeep
|turn|35
|
|t:|1664020333
|move|p1a: Jellicent|Scald|p2a: Vileplume
|-resisted|p2a: Vileplume
|-damage|p2a: Vileplume|21/100
|-status|p2a: Vileplume|brn
|move|p2a: Vileplume|Sludge Wave|p1a: Jellicent
|-resisted|p1a: Jellicent
|-damage|p1a: Jellicent|2/100 psn
|
|-heal|p1a: Jellicent|8/100 psn|[from] item: Leftovers
|-damage|p1a: Jellicent|0 fnt|[from] psn
|faint|p1a: Jellicent
|-damage|p2a: Vileplume|14/100 brn|[from] brn
|upkeep
|
|t:|1664020345
|switch|p1a: Indeedee|Indeedee, M|37/100
|-damage|p1a: Indeedee|24/100|[from] Stealth Rock
|-fieldstart|move: Psychic Terrain|[from] ability: Psychic Surge|[of] p1a: Indeedee
|turn|36
|
|t:|1664020352
|move|p1a: Indeedee|Hyper Voice|p2a: Vileplume
|-damage|p2a: Vileplume|0 fnt
|faint|p2a: Vileplume
|
|upkeep
|
|t:|1664020362
|switch|p2a: Regirock|Regirock|46/100
|-activate|p2a: Regirock|move: Sticky Web
|-fail|p2a: Regirock|unboost|[from] ability: Clear Body|[of] p2a: Regirock
|-damage|p2a: Regirock|33/100|[from] Stealth Rock
|turn|37
|
|t:|1664020369
|move|p1a: Indeedee|Hyper Voice|p2a: Regirock
|-resisted|p2a: Regirock
|-damage|p2a: Regirock|5/100
|move|p2a: Regirock|Body Press|p1a: Indeedee
|-damage|p1a: Indeedee|0 fnt
|faint|p1a: Indeedee
|
|upkeep
|
|t:|1664020377
|switch|p1a: Heracross|Heracross, M|35/100
|-damage|p1a: Heracross|23/100|[from] Stealth Rock
|turn|38
|
|t:|1664020382
|move|p1a: Heracross|Close Combat|p2a: Regirock
|-supereffective|p2a: Regirock
|-damage|p2a: Regirock|0 fnt
|-unboost|p1a: Heracross|def|1
|-unboost|p1a: Heracross|spd|1
|faint|p2a: Regirock
|-ability|p1a: Heracross|Moxie|boost
|-boost|p1a: Heracross|atk|1
|
|upkeep
|
|t:|1664020390
|switch|p2a: Sharpedo|Sharpedo, M|100/100
|-activate|p2a: Sharpedo|move: Sticky Web
|-unboost|p2a: Sharpedo|spe|1
|-damage|p2a: Sharpedo|88/100|[from] Stealth Rock
|turn|39
|
|t:|1664020397
|move|p2a: Sharpedo|Protect|p2a: Sharpedo
|-singleturn|p2a: Sharpedo|Protect
|move|p1a: Heracross|Close Combat|p2a: Sharpedo
|-activate|p2a: Sharpedo|move: Protect
|
|-ability|p2a: Sharpedo|Speed Boost|boost
|-boost|p2a: Sharpedo|spe|1
|upkeep
|turn|40
|
|t:|1664020406
|move|p1a: Heracross|Close Combat|p2a: Sharpedo
|-supereffective|p2a: Sharpedo
|-damage|p2a: Sharpedo|0 fnt
|-unboost|p1a: Heracross|def|1
|-unboost|p1a: Heracross|spd|1
|faint|p2a: Sharpedo
|-ability|p1a: Heracross|Moxie|boost
|-boost|p1a: Heracross|atk|1
|
|-fieldend|move: Psychic Terrain
|upkeep
|-message|Timbo222 forfeited.
|
|win|Rozwel
|raw|Rozwel's rating: 1365 &rarr; <strong>1388</strong><br />(+23 for winning)
|raw|Timbo222's rating: 1423 &rarr; <strong>1400</strong><br />(-23 for losing)
|l|☆Timbo222
