|j|☆Codsauce
|j|☆literallyfreemoney
|t:|1654040625
|gametype|singles
|player|p1|Codsauce|cyclist|1370
|player|p2|literallyfreemoney|pokemonbreeder-gen4|1365
|teamsize|p1|6
|teamsize|p2|6
|gen|8
|tier|[Gen 8] RU
|rated|
|rule|Sleep Clause Mod: Limit one foe put to sleep
|rule|Species Clause: Limit one of each Pokémon
|rule|OHKO Clause: OHKO moves are banned
|rule|Evasion Moves Clause: Evasion moves are banned
|rule|Endless Battle Clause: Forcing endless battles is banned
|rule|HP Percentage Mod: HP is shown in percentages
|rule|Dynamax Clause: You cannot dynamax
|clearpoke
|poke|p1|Flygon, M|
|poke|p1|Milotic, F|
|poke|p1|Steelix, M|
|poke|p1|Togekiss, M|
|poke|p1|Heracross, F|
|poke|p1|Heliolisk, F|
|poke|p2|Salazzle, F|
|poke|p2|Steelix, F|
|poke|p2|Golisopod, F|
|poke|p2|Crobat, F|
|poke|p2|Sylveon, F|
|poke|p2|Zoroark, F|
|teampreview
|inactive|Battle timer is ON: inactive players will automatically lose when time's up. (requested by Codsauce)
|
|t:|1654040655
|start
|switch|p1a: Steelix|Steelix, M|100/100
|switch|p2a: Sylveon|Sylveon, F|100/100
|turn|1
|
|t:|1654040677
|switch|p2a: *w*G O A L I E*w*|Golisopod, F|100/100
|move|p1a: Steelix|Stealth Rock|p2a: *w*G O A L I E*w*
|-sidestart|p2: literallyfreemoney|move: Stealth Rock
|
|upkeep
|turn|2
|
|t:|1654040689
|switch|p1a: Togekiss|Togekiss, M|100/100
|move|p2a: *w*G O A L I E*w*|Knock Off|p1a: Togekiss
|-resisted|p1a: Togekiss
|-damage|p1a: Togekiss|85/100
|-enditem|p1a: Togekiss|Heavy-Duty Boots|[from] move: Knock Off|[of] p2a: *w*G O A L I E*w*
|
|upkeep
|turn|3
|
|t:|1654040698
|switch|p2a: Sylveon|Sylveon, F|100/100
|-damage|p2a: Sylveon|88/100|[from] Stealth Rock
|move|p1a: Togekiss|Wish|p1a: Togekiss
|
|-heal|p2a: Sylveon|94/100|[from] item: Leftovers
|upkeep
|turn|4
|
|t:|1654040708
|switch|p1a: Steelix|Steelix, M|100/100
|move|p2a: Sylveon|Mystical Fire|p1a: Steelix
|-supereffective|p1a: Steelix
|-damage|p1a: Steelix|65/100
|-unboost|p1a: Steelix|spa|1
|
|-heal|p1a: Steelix|100/100|[from] move: Wish|[wisher] Togekiss
|-heal|p2a: Sylveon|99/100|[from] item: Leftovers
|upkeep
|turn|5
|
|t:|1654040716
|switch|p2a: Brave Bat|Crobat, F|100/100
|move|p1a: Steelix|Toxic|p2a: Brave Bat
|-immune|p2a: Brave Bat
|
|upkeep
|turn|6
|
|t:|1654040722
|move|p2a: Brave Bat|Defog|p1a: Steelix
|-unboost|p1a: Steelix|evasion|1
|-sideend|p2: literallyfreemoney|Stealth Rock|[from] move: Defog|[of] p2a: Brave Bat
|move|p1a: Steelix|Heavy Slam|p2a: Brave Bat
|-damage|p2a: Brave Bat|60/100
|
|upkeep
|turn|7
|j| uyocuyc
|
|t:|1654040734
|move|p2a: Brave Bat|Taunt|p1a: Steelix
|-start|p1a: Steelix|move: Taunt
|cant|p1a: Steelix|move: Taunt|Stealth Rock
|
|upkeep
|turn|8
|
|t:|1654040742
|switch|p2a: Steelix|Steelix, F|100/100
|switch|p1a: Heliolisk|Heliolisk, F|100/100
|
|upkeep
|turn|9
|l| uyocuyc
|
|t:|1654040756
|switch|p1a: Heracross|Heracross, F|100/100
|move|p2a: Steelix|Earthquake|p1a: Heracross
|-resisted|p1a: Heracross
|-damage|p1a: Heracross|77/100
|
|-status|p1a: Heracross|brn|[from] item: Flame Orb
|upkeep
|turn|10
|
|t:|1654040763
|move|p1a: Heracross|Knock Off|p2a: Steelix
|-damage|p2a: Steelix|78/100
|-enditem|p2a: Steelix|Leftovers|[from] move: Knock Off|[of] p1a: Heracross
|move|p2a: Steelix|Stealth Rock|p1a: Heracross
|-sidestart|p1: Codsauce|move: Stealth Rock
|
|-damage|p1a: Heracross|71/100 brn|[from] brn
|upkeep
|turn|11
|
|t:|1654040790
|switch|p2a: *w*G O A L I E*w*|Golisopod, F|100/100
|move|p1a: Heracross|Close Combat|p2a: *w*G O A L I E*w*
|-resisted|p2a: *w*G O A L I E*w*
|-damage|p2a: *w*G O A L I E*w*|65/100
|-unboost|p1a: Heracross|def|1
|-unboost|p1a: Heracross|spd|1
|
|-damage|p1a: Heracross|65/100 brn|[from] brn
|upkeep
|turn|12
|
|t:|1654040797
|switch|p1a: Togekiss|Togekiss, M|85/100
|-damage|p1a: Togekiss|60/100|[from] Stealth Rock
|move|p2a: *w*G O A L I E*w*|First Impression|p1a: Togekiss
|-resisted|p1a: Togekiss
|-damage|p1a: Togekiss|48/100
|
|upkeep
|turn|13
|
|t:|1654040810
|move|p1a: Togekiss|Roost|p1a: Togekiss
|-heal|p1a: Togekiss|98/100
|-singleturn|p1a: Togekiss|move: Roost
|move|p2a: *w*G O A L I E*w*|Liquidation|p1a: Togekiss
|-damage|p1a: Togekiss|55/100
|
|upkeep
|turn|14
|
|t:|1654040817
|switch|p2a: Jam Jam|Salazzle, F|100/100
|move|p1a: Togekiss|Air Slash|p2a: Jam Jam
|-damage|p2a: Jam Jam|43/100
|
|upkeep
|turn|15
|
|t:|1654040826
|switch|p1a: Flygon|Flygon, M|100/100
|-damage|p1a: Flygon|95/100|[from] Stealth Rock
|move|p2a: Jam Jam|Toxic|p1a: Flygon
|-status|p1a: Flygon|tox
|
|-damage|p1a: Flygon|89/100 tox|[from] psn
|upkeep
|turn|16
|
|t:|1654040837
|switch|p2a: *w*G O A L I E*w*|Golisopod, F|65/100
|move|p1a: Flygon|Defog|p2a: *w*G O A L I E*w*
|-unboost|p2a: *w*G O A L I E*w*|evasion|1
|-sideend|p1: Codsauce|Stealth Rock|[from] move: Defog|[of] p1a: Flygon
|
|-damage|p1a: Flygon|77/100 tox|[from] psn
|upkeep
|turn|17
|
|t:|1654040844
|switch|p1a: Milotic|Milotic, F|100/100
|move|p2a: *w*G O A L I E*w*|Spikes|p1a: Milotic
|-sidestart|p1: Codsauce|Spikes
|
|upkeep
|turn|18
|
|t:|1654040851
|move|p1a: Milotic|Scald|p2a: *w*G O A L I E*w*
|-resisted|p2a: *w*G O A L I E*w*
|-damage|p2a: *w*G O A L I E*w*|47/100
|-activate|p2a: *w*G O A L I E*w*|ability: Emergency Exit
|
|t:|1654040868
|switch|p2a: Sylveon|Sylveon, F|100/100
|
|upkeep
|turn|19
|
|t:|1654040876
|switch|p1a: Steelix|Steelix, M|100/100
|-damage|p1a: Steelix|88/100|[from] Spikes
|move|p2a: Sylveon|Trick|p1a: Steelix
|-activate|p2a: Sylveon|move: Trick|[of] p1a: Steelix
|-item|p1a: Steelix|Choice Specs|[from] move: Trick
|-item|p2a: Sylveon|Leftovers|[from] move: Trick
|
|upkeep
|turn|20
|
|t:|1654040892
|move|p2a: Sylveon|Flamethrower|p1a: Steelix
|-supereffective|p1a: Steelix
|-damage|p1a: Steelix|29/100
|move|p1a: Steelix|Stealth Rock|p2a: Sylveon
|-sidestart|p2: literallyfreemoney|move: Stealth Rock
|
|upkeep
|turn|21
|
|t:|1654040904
|switch|p1a: Flygon|Flygon, M|77/100 tox
|move|p2a: Sylveon|Flamethrower|p1a: Flygon
|-resisted|p1a: Flygon
|-damage|p1a: Flygon|57/100 tox
|
|-damage|p1a: Flygon|51/100 tox|[from] psn
|upkeep
|turn|22
|
|t:|1654040911
|move|p1a: Flygon|U-turn|p2a: Sylveon
|-supereffective|p2a: Sylveon
|-damage|p2a: Sylveon|22/100
|replace|p2a: BUT IT WAS ME|Zoroark, F
|-end|p2a: BUT IT WAS ME|Illusion
|
|t:|1654040929
|switch|p1a: Steelix|Steelix, M|29/100|[from]move: U-turn
|-damage|p1a: Steelix|17/100|[from] Spikes
|move|p2a: BUT IT WAS ME|Dark Pulse|p1a: Steelix
|-damage|p1a: Steelix|0 fnt
|faint|p1a: Steelix
|
|-heal|p2a: BUT IT WAS ME|28/100|[from] item: Leftovers
|upkeep
|
|t:|1654040932
|switch|p1a: Flygon|Flygon, M|51/100 tox
|turn|23
|
|t:|1654040937
|switch|p2a: Steelix|Steelix, F|78/100
|-damage|p2a: Steelix|75/100|[from] Stealth Rock
|move|p1a: Flygon|U-turn|p2a: Steelix
|-resisted|p2a: Steelix
|-damage|p2a: Steelix|71/100
|
|t:|1654040956
|switch|p1a: Heracross|Heracross, F|65/100 brn|[from]move: U-turn
|-damage|p1a: Heracross|53/100 brn|[from] Spikes
|
|-damage|p1a: Heracross|47/100 brn|[from] brn
|upkeep
|turn|24
|
|t:|1654040962
|move|p1a: Heracross|Facade|p2a: Steelix
|-resisted|p2a: Steelix
|-damage|p2a: Steelix|58/100
|move|p2a: Steelix|Stealth Rock|p1a: Heracross
|-sidestart|p1: Codsauce|move: Stealth Rock
|
|-damage|p1a: Heracross|41/100 brn|[from] brn
|upkeep
|turn|25
|
|t:|1654040968
|move|p1a: Heracross|Close Combat|p2a: Steelix
|-supereffective|p2a: Steelix
|-damage|p2a: Steelix|0 fnt
|-unboost|p1a: Heracross|def|1
|-unboost|p1a: Heracross|spd|1
|faint|p2a: Steelix
|
|-damage|p1a: Heracross|35/100 brn|[from] brn
|upkeep
|
|t:|1654040970
|switch|p2a: Brave Bat|Crobat, F|60/100
|turn|26
|
|t:|1654040997
|switch|p1a: Milotic|Milotic, F|100/100
|-damage|p1a: Milotic|88/100|[from] Spikes
|-damage|p1a: Milotic|76/100|[from] Stealth Rock
|move|p2a: Brave Bat|Brave Bird|p1a: Milotic
|-damage|p1a: Milotic|47/100
|-damage|p2a: Brave Bat|50/100|[from] Recoil
|
|-heal|p1a: Milotic|53/100|[from] item: Leftovers
|upkeep
|turn|27
|inactive|Codsauce has 120 seconds left.
|
|t:|1654041025
|move|p2a: Brave Bat|Taunt|p1a: Milotic
|-start|p1a: Milotic|move: Taunt
|move|p1a: Milotic|Scald|p2a: Brave Bat
|-damage|p2a: Brave Bat|23/100
|
|-heal|p1a: Milotic|59/100|[from] item: Leftovers
|upkeep
|turn|28
|inactive|Codsauce has 120 seconds left.
|
|t:|1654041032
|move|p2a: Brave Bat|Brave Bird|p1a: Milotic
|-damage|p1a: Milotic|29/100
|-damage|p2a: Brave Bat|12/100|[from] Recoil
|move|p1a: Milotic|Flip Turn|p2a: Brave Bat
|-damage|p2a: Brave Bat|0 fnt
|faint|p2a: Brave Bat
|inactive|Codsauce has 120 seconds left.
|
|t:|1654041049
|switch|p1a: Flygon|Flygon, M|51/100 tox|[from]move: Flip Turn
|-damage|p1a: Flygon|45/100 tox|[from] Stealth Rock
|
|-damage|p1a: Flygon|39/100 tox|[from] psn
|upkeep
|
|t:|1654041064
|switch|p2a: Sylveon|Sylveon, F|99/100
|-damage|p2a: Sylveon|88/100|[from] Stealth Rock
|turn|29
|inactive|Codsauce has 120 seconds left.
|
|t:|1654041080
|move|p1a: Flygon|U-turn|p2a: Sylveon
|-resisted|p2a: Sylveon
|-damage|p2a: Sylveon|75/100
|
|t:|1654041083
|switch|p1a: Togekiss|Togekiss, M|55/100|[from]move: U-turn
|-damage|p1a: Togekiss|30/100|[from] Stealth Rock
|move|p2a: Sylveon|Hyper Voice|p1a: Togekiss
|-damage|p1a: Togekiss|0 fnt
|faint|p1a: Togekiss
|
|-heal|p2a: Sylveon|81/100|[from] item: Leftovers
|upkeep
|
|t:|1654041092
|switch|p1a: Heracross|Heracross, F|35/100 brn
|-damage|p1a: Heracross|22/100 brn|[from] Spikes
|-damage|p1a: Heracross|10/100 brn|[from] Stealth Rock
|turn|30
|
|t:|1654041098
|move|p2a: Sylveon|Protect|p2a: Sylveon
|-singleturn|p2a: Sylveon|Protect
|move|p1a: Heracross|Facade|p2a: Sylveon
|-activate|p2a: Sylveon|move: Protect
|
|-heal|p2a: Sylveon|87/100|[from] item: Leftovers
|-damage|p1a: Heracross|4/100 brn|[from] brn
|upkeep
|turn|31
|
|t:|1654041102
|switch|p2a: *w*G O A L I E*w*|Golisopod, F|47/100
|move|p1a: Heracross|Facade|p2a: *w*G O A L I E*w*
|-damage|p2a: *w*G O A L I E*w*|0 fnt
|faint|p2a: *w*G O A L I E*w*
|
|-damage|p1a: Heracross|0 fnt|[from] brn
|faint|p1a: Heracross
|upkeep
|
|t:|1654041119
|switch|p1a: Heliolisk|Heliolisk, F|100/100
|switch|p2a: Jam Jam|Salazzle, F|43/100
|turn|32
|
|t:|1654041128
|move|p2a: Jam Jam|Overheat|p1a: Heliolisk
|-damage|p1a: Heliolisk|0 fnt
|-unboost|p2a: Jam Jam|spa|2
|faint|p1a: Heliolisk
|
|upkeep
|
|t:|1654041131
|switch|p1a: Flygon|Flygon, M|39/100 tox
|-damage|p1a: Flygon|33/100 tox|[from] Stealth Rock
|turn|33
|
|t:|1654041136
|move|p1a: Flygon|Earthquake|p2a: Jam Jam
|-supereffective|p2a: Jam Jam
|-damage|p2a: Jam Jam|0 fnt
|faint|p2a: Jam Jam
|
|-damage|p1a: Flygon|27/100 tox|[from] psn
|upkeep
|
|t:|1654041143
|switch|p2a: Sylveon|Sylveon, F|87/100
|-damage|p2a: Sylveon|75/100|[from] Stealth Rock
|turn|34
|
|t:|1654041153
|move|p1a: Flygon|Earthquake|p2a: Sylveon
|-damage|p2a: Sylveon|24/100
|move|p2a: Sylveon|Hyper Voice|p1a: Flygon
|-supereffective|p1a: Flygon
|-damage|p1a: Flygon|0 fnt
|faint|p1a: Flygon
|
|-heal|p2a: Sylveon|30/100|[from] item: Leftovers
|upkeep
|
|t:|1654041157
|switch|p1a: Milotic|Milotic, F|29/100
|-damage|p1a: Milotic|16/100|[from] Spikes
|-damage|p1a: Milotic|4/100|[from] Stealth Rock
|turn|35
|
|t:|1654041162
|switch|p2a: Sylveon|Sylveon, F|28/100
|-damage|p2a: Sylveon|15/100|[from] Stealth Rock
|move|p1a: Milotic|Recover|p1a: Milotic
|-heal|p1a: Milotic|54/100
|
|-heal|p2a: Sylveon|22/100|[from] item: Leftovers
|-heal|p1a: Milotic|60/100|[from] item: Leftovers
|upkeep
|turn|36
|
|t:|1654041167
|move|p2a: Sylveon|Trick|p1a: Milotic
|-activate|p2a: Sylveon|move: Trick|[of] p1a: Milotic
|-item|p1a: Milotic|Leftovers|[from] move: Trick
|-item|p2a: Sylveon|Leftovers|[from] move: Trick
|move|p1a: Milotic|Recover|p1a: Milotic
|-heal|p1a: Milotic|100/100
|
|-heal|p2a: Sylveon|28/100|[from] item: Leftovers
|upkeep
|turn|37
|
|t:|1654041171
|move|p2a: Sylveon|Dark Pulse|p1a: Milotic
|-damage|p1a: Milotic|72/100
|move|p1a: Milotic|Scald|p2a: Sylveon
|-damage|p2a: Sylveon|0 fnt
|replace|p2a: BUT IT WAS ME|Zoroark, F
|-end|p2a: BUT IT WAS ME|Illusion
|faint|p2a: BUT IT WAS ME
|
|-heal|p1a: Milotic|78/100|[from] item: Leftovers
|upkeep
|
|t:|1654041175
|switch|p2a: Sylveon|Sylveon, F|30/100
|-damage|p2a: Sylveon|17/100|[from] Stealth Rock
|turn|38
|
|t:|1654041177
|move|p2a: Sylveon|Protect|p2a: Sylveon
|-singleturn|p2a: Sylveon|Protect
|move|p1a: Milotic|Scald|p2a: Sylveon
|-activate|p2a: Sylveon|move: Protect
|
|-heal|p1a: Milotic|84/100|[from] item: Leftovers
|-heal|p2a: Sylveon|23/100|[from] item: Leftovers
|upkeep
|turn|39
|
|t:|1654041180
|move|p1a: Milotic|Scald|p2a: Sylveon
|-damage|p2a: Sylveon|8/100
|-status|p2a: Sylveon|brn
|move|p2a: Sylveon|Wish|p2a: Sylveon
|
|-heal|p1a: Milotic|90/100|[from] item: Leftovers
|-heal|p2a: Sylveon|14/100 brn|[from] item: Leftovers
|-damage|p2a: Sylveon|8/100 brn|[from] brn
|upkeep
|turn|40
|
|t:|1654041186
|move|p2a: Sylveon|Protect|p2a: Sylveon
|-singleturn|p2a: Sylveon|Protect
|move|p1a: Milotic|Scald|p2a: Sylveon
|-activate|p2a: Sylveon|move: Protect
|
|-heal|p2a: Sylveon|57/100 brn|[from] move: Wish|[wisher] Sylveon
|-heal|p1a: Milotic|96/100|[from] item: Leftovers
|-heal|p2a: Sylveon|63/100 brn|[from] item: Leftovers
|-damage|p2a: Sylveon|57/100 brn|[from] brn
|upkeep
|turn|41
|
|t:|1654041191
|move|p1a: Milotic|Scald|p2a: Sylveon
|-crit|p2a: Sylveon
|-damage|p2a: Sylveon|36/100 brn
|move|p2a: Sylveon|Wish|p2a: Sylveon
|
|-heal|p1a: Milotic|100/100|[from] item: Leftovers
|-heal|p2a: Sylveon|42/100 brn|[from] item: Leftovers
|-damage|p2a: Sylveon|36/100 brn|[from] brn
|upkeep
|turn|42
|
|t:|1654041198
|move|p2a: Sylveon|Protect|p2a: Sylveon
|-singleturn|p2a: Sylveon|Protect
|move|p1a: Milotic|Haze|p1a: Milotic
|-clearallboost
|
|-heal|p2a: Sylveon|86/100 brn|[from] move: Wish|[wisher] Sylveon
|-heal|p2a: Sylveon|92/100 brn|[from] item: Leftovers
|-damage|p2a: Sylveon|86/100 brn|[from] brn
|upkeep
|turn|43
|
|t:|1654041205
|move|p1a: Milotic|Haze|p1a: Milotic
|-clearallboost
|move|p2a: Sylveon|Mystical Fire|p1a: Milotic
|-resisted|p1a: Milotic
|-damage|p1a: Milotic|93/100
|-unboost|p1a: Milotic|spa|1
|
|-heal|p1a: Milotic|99/100|[from] item: Leftovers
|-heal|p2a: Sylveon|92/100 brn|[from] item: Leftovers
|-damage|p2a: Sylveon|86/100 brn|[from] brn
|upkeep
|turn|44
|
|t:|1654041229
|move|p1a: Milotic|Haze|p1a: Milotic
|-clearallboost
|move|p2a: Sylveon|Hyper Voice|p1a: Milotic
|-damage|p1a: Milotic|73/100
|
|-heal|p1a: Milotic|79/100|[from] item: Leftovers
|-heal|p2a: Sylveon|92/100 brn|[from] item: Leftovers
|-damage|p2a: Sylveon|86/100 brn|[from] brn
|upkeep
|turn|45
|
|t:|1654041235
|move|p1a: Milotic|Haze|p1a: Milotic
|-clearallboost
|move|p2a: Sylveon|Mystical Fire|p1a: Milotic
|-resisted|p1a: Milotic
|-damage|p1a: Milotic|73/100
|-unboost|p1a: Milotic|spa|1
|
|-heal|p1a: Milotic|79/100|[from] item: Leftovers
|-heal|p2a: Sylveon|92/100 brn|[from] item: Leftovers
|-damage|p2a: Sylveon|86/100 brn|[from] brn
|upkeep
|turn|46
|
|t:|1654041239
|move|p1a: Milotic|Haze|p1a: Milotic
|-clearallboost
|move|p2a: Sylveon|Hyper Voice|p1a: Milotic
|-damage|p1a: Milotic|51/100
|
|-heal|p1a: Milotic|57/100|[from] item: Leftovers
|-heal|p2a: Sylveon|92/100 brn|[from] item: Leftovers
|-damage|p2a: Sylveon|86/100 brn|[from] brn
|upkeep
|turn|47
|
|t:|1654041246
|move|p1a: Milotic|Haze|p1a: Milotic
|-clearallboost
|move|p2a: Sylveon|Hyper Voice|p1a: Milotic
|-damage|p1a: Milotic|27/100
|
|-heal|p1a: Milotic|33/100|[from] item: Leftovers
|-heal|p2a: Sylveon|92/100 brn|[from] item: Leftovers
|-damage|p2a: Sylveon|86/100 brn|[from] brn
|upkeep
|turn|48
|
|t:|1654041251
|move|p1a: Milotic|Recover|p1a: Milotic
|-heal|p1a: Milotic|83/100
|move|p2a: Sylveon|Mystical Fire|p1a: Milotic
|-resisted|p1a: Milotic
|-damage|p1a: Milotic|77/100
|-unboost|p1a: Milotic|spa|1
|
|-heal|p1a: Milotic|83/100|[from] item: Leftovers
|-heal|p2a: Sylveon|92/100 brn|[from] item: Leftovers
|-damage|p2a: Sylveon|86/100 brn|[from] brn
|upkeep
|turn|49
|
|t:|1654041256
|move|p1a: Milotic|Haze|p1a: Milotic
|-clearallboost
|move|p2a: Sylveon|Mystical Fire|p1a: Milotic
|-resisted|p1a: Milotic
|-damage|p1a: Milotic|76/100
|-unboost|p1a: Milotic|spa|1
|
|-heal|p1a: Milotic|82/100|[from] item: Leftovers
|-heal|p2a: Sylveon|92/100 brn|[from] item: Leftovers
|-damage|p2a: Sylveon|86/100 brn|[from] brn
|upkeep
|turn|50
|
|t:|1654041259
|move|p2a: Sylveon|Protect|p2a: Sylveon
|-singleturn|p2a: Sylveon|Protect
|move|p1a: Milotic|Flip Turn|p2a: Sylveon
|-activate|p2a: Sylveon|move: Protect
|
|-heal|p1a: Milotic|88/100|[from] item: Leftovers
|-heal|p2a: Sylveon|92/100 brn|[from] item: Leftovers
|-damage|p2a: Sylveon|86/100 brn|[from] brn
|upkeep
|turn|51
|
|t:|1654041266
|move|p1a: Milotic|Flip Turn|p2a: Sylveon
|-damage|p2a: Sylveon|70/100 brn
|move|p2a: Sylveon|Mystical Fire|p1a: Milotic
|-resisted|p1a: Milotic
|-damage|p1a: Milotic|81/100
|-unboost|p1a: Milotic|spa|1
|
|-heal|p1a: Milotic|87/100|[from] item: Leftovers
|-heal|p2a: Sylveon|76/100 brn|[from] item: Leftovers
|-damage|p2a: Sylveon|70/100 brn|[from] brn
|upkeep
|turn|52
|
|t:|1654041271
|move|p1a: Milotic|Flip Turn|p2a: Sylveon
|-damage|p2a: Sylveon|54/100 brn
|move|p2a: Sylveon|Hyper Voice|p1a: Milotic
|-damage|p1a: Milotic|59/100
|
|-heal|p1a: Milotic|65/100|[from] item: Leftovers
|-heal|p2a: Sylveon|60/100 brn|[from] item: Leftovers
|-damage|p2a: Sylveon|54/100 brn|[from] brn
|upkeep
|turn|53
|
|t:|1654041281
|move|p1a: Milotic|Flip Turn|p2a: Sylveon
|-damage|p2a: Sylveon|37/100 brn
|move|p2a: Sylveon|Hyper Voice|p1a: Milotic
|-damage|p1a: Milotic|34/100
|
|-heal|p1a: Milotic|40/100|[from] item: Leftovers
|-heal|p2a: Sylveon|43/100 brn|[from] item: Leftovers
|-damage|p2a: Sylveon|37/100 brn|[from] brn
|upkeep
|turn|54
|
|t:|1654041288
|move|p1a: Milotic|Recover|p1a: Milotic
|-heal|p1a: Milotic|90/100
|move|p2a: Sylveon|Wish|p2a: Sylveon
|
|-heal|p1a: Milotic|96/100|[from] item: Leftovers
|-heal|p2a: Sylveon|43/100 brn|[from] item: Leftovers
|-damage|p2a: Sylveon|37/100 brn|[from] brn
|upkeep
|turn|55
|
|t:|1654041297
|move|p1a: Milotic|Flip Turn|p2a: Sylveon
|-damage|p2a: Sylveon|23/100 brn
|move|p2a: Sylveon|Mystical Fire|p1a: Milotic
|-resisted|p1a: Milotic
|-damage|p1a: Milotic|90/100
|-unboost|p1a: Milotic|spa|1
|
|-heal|p2a: Sylveon|73/100 brn|[from] move: Wish|[wisher] Sylveon
|-heal|p1a: Milotic|96/100|[from] item: Leftovers
|-heal|p2a: Sylveon|79/100 brn|[from] item: Leftovers
|-damage|p2a: Sylveon|73/100 brn|[from] brn
|upkeep
|turn|56
|
|t:|1654041303
|move|p1a: Milotic|Haze|p1a: Milotic
|-clearallboost
|move|p2a: Sylveon|Mystical Fire|p1a: Milotic
|-resisted|p1a: Milotic
|-damage|p1a: Milotic|89/100
|-unboost|p1a: Milotic|spa|1
|
|-heal|p1a: Milotic|95/100|[from] item: Leftovers
|-heal|p2a: Sylveon|79/100 brn|[from] item: Leftovers
|-damage|p2a: Sylveon|73/100 brn|[from] brn
|upkeep
|turn|57
|-message|literallyfreemoney forfeited.
|
|win|Codsauce
|raw|Codsauce's rating: 1370 &rarr; <strong>1390</strong><br />(+20 for winning)
|raw|literallyfreemoney's rating: 1365 &rarr; <strong>1345</strong><br />(-20 for losing)
|l|☆literallyfreemoney
||Ladder isn't responding, score probably updated but might not have (Request timeout).
