|j|☆Alison Hargreeves
|j|☆Mac3
|player|p1|Alison Hargreeves|drasna|
|player|p2|Mac3|279|
|teamsize|p1|6
|teamsize|p2|6
|gametype|singles
|gen|8
|tier|[Gen 8] RU
|clearpoke
|poke|p1|Rotom-Fan|
|poke|p1|Scrafty, M|
|poke|p1|Vileplume, M|
|poke|p1|Lunatone|
|poke|p1|Indeedee, M|
|poke|p1|Salazzle, F|
|poke|p2|Vanilluxe, F|
|poke|p2|Vileplume, F|
|poke|p2|Snorlax, F|
|poke|p2|Steelix, F|
|poke|p2|Xatu, M|
|poke|p2|Passimian, F|
|rule|Sleep Clause Mod: Limit one foe put to sleep
|rule|Species Clause: Limit one of each Pokémon
|rule|OHKO Clause: OHKO moves are banned
|rule|Evasion Moves Clause: Evasion moves are banned
|rule|Endless Battle Clause: Forcing endless battles is banned
|rule|HP Percentage Mod: HP is shown in percentages
|rule|Dynamax Clause: You cannot dynamax
|teampreview
|c|☆Mac3|hf
|c|☆Alison Hargreeves|u2
|
|start
|switch|p1a: Rotom|Rotom-Fan|100/100
|switch|p2a: Passimian|Passimian, F|100/100
|turn|1
|
|move|p2a: Passimian|U-turn|p1a: Rotom
|-resisted|p1a: Rotom
|-damage|p1a: Rotom|89/100
|
|switch|p2a: Steelix|Steelix, F|100/100|[from]move: U-turn
|move|p1a: Rotom|Will-O-Wisp|p2a: Steelix|[miss]
|-miss|p1a: Rotom|p2a: Steelix
|
|upkeep
|turn|2
|c|☆Mac3|oop
|j| gorex
|c|☆Alison Hargreeves|oop indeed
|
|move|p1a: Rotom|Will-O-Wisp|p2a: Steelix
|-status|p2a: Steelix|brn
|move|p2a: Steelix|Stealth Rock|p1a: Rotom
|-sidestart|p1: Alison Hargreeves|move: Stealth Rock
|
|-damage|p2a: Steelix|94/100 brn|[from] brn
|upkeep
|turn|3
|
|switch|p1a: Vileplume|Vileplume, M|100/100
|-damage|p1a: Vileplume|88/100|[from] Stealth Rock
|move|p2a: Steelix|Iron Defense|p2a: Steelix
|-boost|p2a: Steelix|def|2
|
|-heal|p1a: Vileplume|94/100|[from] item: Black Sludge
|-heal|p2a: Steelix|100/100 brn|[from] item: Leftovers
|-damage|p2a: Steelix|94/100 brn|[from] brn
|upkeep
|turn|4
|
|switch|p2a: Vanilluxe|Vanilluxe, F|100/100
|-weather|Hail|[from] ability: Snow Warning|[of] p2a: Vanilluxe
|move|p1a: Vileplume|Growth|p1a: Vileplume
|-boost|p1a: Vileplume|atk|1
|-boost|p1a: Vileplume|spa|1
|
|-weather|Hail|[upkeep]
|-damage|p1a: Vileplume|88/100|[from] Hail
|-heal|p1a: Vileplume|94/100|[from] item: Black Sludge
|upkeep
|turn|5
|c|☆Mac3|the resist
|c|☆Mac3|is nonexistant
|j|+Infernape
|c|☆Alison Hargreeves|are u redacted
|c|☆Alison Hargreeves|lets see
|
|switch|p1a: Lunatone|Lunatone|100/100
|-damage|p1a: Lunatone|88/100|[from] Stealth Rock
|move|p2a: Vanilluxe|Blizzard|p1a: Lunatone
|-damage|p1a: Lunatone|32/100
|
|-weather|Hail|[upkeep]
|-damage|p1a: Lunatone|26/100|[from] Hail
|-heal|p1a: Lunatone|32/100|[from] item: Leftovers
|upkeep
|turn|6
|c|☆Alison Hargreeves|u are indeed
|c|☆Alison Hargreeves|redacted
|c|☆Mac3|i build teams to test out rw mons
|c|☆Alison Hargreeves|man
|c|☆Mac3|and specs luxe seemed really cool
|c|☆Alison Hargreeves|i didnt wanna sack lunatone :(
|
|move|p2a: Vanilluxe|Blizzard|p1a: Lunatone
|-damage|p1a: Lunatone|0 fnt
|faint|p1a: Lunatone
|
|-weather|Hail|[upkeep]
|upkeep
|c|☆Mac3|not like this was a switchin to boots anyway
|
|switch|p1a: Salazzle|Salazzle, F|100/100
|-damage|p1a: Salazzle|76/100|[from] Stealth Rock
|turn|7
|c|☆Alison Hargreeves|ye
|c|☆Mac3|seeing as its heal gets nullified
|c|☆Alison Hargreeves|252 SpA Vanilluxe Blizzard vs. 252 HP / 200+ SpD Lunatone: 135-159 (35.1 - 41.4%) -- guaranteed 3HKO after hail damage and Leftovers recovery
|c|☆Alison Hargreeves|ate
|c|☆Alison Hargreeves|oh
|c|☆Alison Hargreeves|true
|
|switch|p2a: Snorlax|Snorlax, F|100/100
|move|p1a: Salazzle|Toxic|p2a: Snorlax
|-status|p2a: Snorlax|tox
|
|-weather|Hail|[upkeep]
|-damage|p1a: Salazzle|69/100|[from] Hail
|-damage|p2a: Snorlax|94/100 tox|[from] Hail
|-heal|p1a: Salazzle|76/100|[from] item: Black Sludge
|-heal|p2a: Snorlax|100/100 tox|[from] item: Leftovers
|-damage|p2a: Snorlax|94/100 tox|[from] psn
|upkeep
|turn|8
|
|move|p1a: Salazzle|Protect|p1a: Salazzle
|-singleturn|p1a: Salazzle|Protect
|move|p2a: Snorlax|Body Slam|p1a: Salazzle
|-activate|p1a: Salazzle|move: Protect
|
|-weather|none
|-heal|p1a: Salazzle|82/100|[from] item: Black Sludge
|-heal|p2a: Snorlax|100/100 tox|[from] item: Leftovers
|-damage|p2a: Snorlax|88/100 tox|[from] psn
|upkeep
|turn|9
|
|switch|p1a: Scrafty|Scrafty, M|100/100
|-damage|p1a: Scrafty|95/100|[from] Stealth Rock
|move|p2a: Snorlax|Body Slam|p1a: Scrafty
|-damage|p1a: Scrafty|67/100
|
|-heal|p1a: Scrafty|73/100|[from] item: Leftovers
|-heal|p2a: Snorlax|94/100 tox|[from] item: Leftovers
|-damage|p2a: Snorlax|76/100 tox|[from] psn
|upkeep
|turn|10
|
|switch|p2a: Vileplume|Vileplume, F|100/100
|move|p1a: Scrafty|Knock Off|p2a: Vileplume
|-damage|p2a: Vileplume|71/100
|-status|p1a: Scrafty|par|[from] ability: Effect Spore|[of] p2a: Vileplume
|-enditem|p2a: Vileplume|Black Sludge|[from] move: Knock Off|[of] p1a: Scrafty
|
|-activate|p1a: Scrafty|ability: Shed Skin
|-curestatus|p1a: Scrafty|par|[msg]
|-heal|p1a: Scrafty|79/100|[from] item: Leftovers
|upkeep
|turn|11
|c|☆Alison Hargreeves|that did
|c|☆Alison Hargreeves|a lot
|
|switch|p1a: Rotom|Rotom-Fan|89/100
|move|p2a: Vileplume|Sludge Bomb|p1a: Rotom
|-damage|p1a: Rotom|52/100
|
|upkeep
|turn|12
|
|switch|p2a: Steelix|Steelix, F|94/100 brn
|move|p1a: Rotom|Defog|p2a: Steelix
|-unboost|p2a: Steelix|evasion|1
|-sideend|p1: Alison Hargreeves|Stealth Rock|[from] move: Defog|[of] p1a: Rotom
|
|-heal|p2a: Steelix|100/100 brn|[from] item: Leftovers
|-damage|p2a: Steelix|94/100 brn|[from] brn
|upkeep
|turn|13
|j|+iNstruct
|
|switch|p1a: Vileplume|Vileplume, M|94/100
|move|p2a: Steelix|Stealth Rock|p1a: Vileplume
|-sidestart|p1: Alison Hargreeves|move: Stealth Rock
|
|-heal|p1a: Vileplume|100/100|[from] item: Black Sludge
|-heal|p2a: Steelix|100/100 brn|[from] item: Leftovers
|-damage|p2a: Steelix|94/100 brn|[from] brn
|upkeep
|turn|14
|
|switch|p2a: Vanilluxe|Vanilluxe, F|100/100
|-weather|Hail|[from] ability: Snow Warning|[of] p2a: Vanilluxe
|move|p1a: Vileplume|Sludge Bomb|p2a: Vanilluxe
|-damage|p2a: Vanilluxe|51/100
|
|-weather|Hail|[upkeep]
|-damage|p1a: Vileplume|94/100|[from] Hail
|-heal|p1a: Vileplume|100/100|[from] item: Black Sludge
|upkeep
|turn|15
|
|switch|p1a: Salazzle|Salazzle, F|82/100
|-damage|p1a: Salazzle|57/100|[from] Stealth Rock
|move|p2a: Vanilluxe|Blizzard|p1a: Salazzle
|-resisted|p1a: Salazzle
|-damage|p1a: Salazzle|0 fnt
|faint|p1a: Salazzle
|
|-weather|Hail|[upkeep]
|upkeep
|
|switch|p1a: Indeedee|Indeedee, M|100/100
|-damage|p1a: Indeedee|88/100|[from] Stealth Rock
|-fieldstart|move: Psychic Terrain|[from] ability: Psychic Surge|[of] p1a: Indeedee
|turn|16
|l|+Infernape
|
|switch|p2a: Xatu|Xatu, M|100/100
|move|p1a: Indeedee|Psychic|p2a: Xatu
|-resisted|p2a: Xatu
|-damage|p2a: Xatu|50/100
|-unboost|p2a: Xatu|spd|1
|
|-weather|Hail|[upkeep]
|-damage|p1a: Indeedee|82/100|[from] Hail
|-damage|p2a: Xatu|45/100|[from] Hail
|upkeep
|turn|17
|
|switch|p2a: Steelix|Steelix, F|94/100 brn
|move|p1a: Indeedee|Psychic|p2a: Steelix
|-resisted|p2a: Steelix
|-damage|p2a: Steelix|58/100 brn
|
|-weather|Hail|[upkeep]
|-damage|p1a: Indeedee|76/100|[from] Hail
|-damage|p2a: Steelix|51/100 brn|[from] Hail
|-heal|p2a: Steelix|58/100 brn|[from] item: Leftovers
|-damage|p2a: Steelix|51/100 brn|[from] brn
|upkeep
|turn|18
|
|switch|p1a: Rotom|Rotom-Fan|52/100
|move|p2a: Steelix|Body Press|p1a: Rotom
|-resisted|p1a: Rotom
|-damage|p1a: Rotom|41/100
|
|-weather|none
|-heal|p2a: Steelix|58/100 brn|[from] item: Leftovers
|-damage|p2a: Steelix|51/100 brn|[from] brn
|upkeep
|turn|19
|
|move|p1a: Rotom|Defog|p2a: Steelix
|-unboost|p2a: Steelix|evasion|1
|-sideend|p1: Alison Hargreeves|Stealth Rock|[from] move: Defog|[of] p1a: Rotom
|-fieldend|move: Psychic Terrain
|move|p2a: Steelix|Body Press|p1a: Rotom
|-resisted|p1a: Rotom
|-damage|p1a: Rotom|31/100
|
|-heal|p2a: Steelix|58/100 brn|[from] item: Leftovers
|-damage|p2a: Steelix|51/100 brn|[from] brn
|upkeep
|turn|20
|
|switch|p2a: Vanilluxe|Vanilluxe, F|51/100
|-weather|Hail|[from] ability: Snow Warning|[of] p2a: Vanilluxe
|move|p1a: Rotom|Air Slash|p2a: Vanilluxe
|-damage|p2a: Vanilluxe|10/100
|
|-weather|Hail|[upkeep]
|-damage|p1a: Rotom|25/100|[from] Hail
|upkeep
|turn|21
|
|move|p2a: Vanilluxe|Ice Shard|p1a: Rotom
|-supereffective|p1a: Rotom
|-damage|p1a: Rotom|0 fnt
|faint|p1a: Rotom
|
|-weather|Hail|[upkeep]
|upkeep
|
|switch|p1a: Indeedee|Indeedee, M|76/100
|-fieldstart|move: Psychic Terrain|[from] ability: Psychic Surge|[of] p1a: Indeedee
|turn|22
|
|switch|p2a: Xatu|Xatu, M|45/100
|move|p1a: Indeedee|Psychic|p2a: Xatu
|-resisted|p2a: Xatu
|-damage|p2a: Xatu|0 fnt
|faint|p2a: Xatu
|
|-weather|Hail|[upkeep]
|-damage|p1a: Indeedee|70/100|[from] Hail
|upkeep
|
|switch|p2a: Snorlax|Snorlax, F|76/100 tox
|turn|23
|
|switch|p1a: Scrafty|Scrafty, M|79/100
|move|p2a: Snorlax|Body Slam|p1a: Scrafty
|-damage|p1a: Scrafty|51/100
|
|-weather|Hail|[upkeep]
|-damage|p1a: Scrafty|45/100|[from] Hail
|-damage|p2a: Snorlax|70/100 tox|[from] Hail
|-heal|p1a: Scrafty|51/100|[from] item: Leftovers
|-heal|p2a: Snorlax|76/100 tox|[from] item: Leftovers
|-damage|p2a: Snorlax|70/100 tox|[from] psn
|upkeep
|turn|24
|
|switch|p2a: Vileplume|Vileplume, F|71/100
|move|p1a: Scrafty|Drain Punch|p2a: Vileplume
|-resisted|p2a: Vileplume
|-damage|p2a: Vileplume|60/100
|-heal|p1a: Scrafty|57/100|[from] drain|[of] p2a: Vileplume
|-status|p1a: Scrafty|par|[from] ability: Effect Spore|[of] p2a: Vileplume
|
|-weather|none
|-heal|p1a: Scrafty|63/100 par|[from] item: Leftovers
|upkeep
|turn|25
|
|move|p2a: Vileplume|Sludge Bomb|p1a: Scrafty
|-damage|p1a: Scrafty|37/100 par
|move|p1a: Scrafty|Bulk Up|p1a: Scrafty
|-boost|p1a: Scrafty|atk|1
|-boost|p1a: Scrafty|def|1
|
|-heal|p1a: Scrafty|43/100 par|[from] item: Leftovers
|upkeep
|turn|26
|
|move|p2a: Vileplume|Strength Sap|p1a: Scrafty
|-unboost|p1a: Scrafty|atk|1
|-heal|p2a: Vileplume|100/100
|cant|p1a: Scrafty|par
|
|-activate|p1a: Scrafty|ability: Shed Skin
|-curestatus|p1a: Scrafty|par|[msg]
|-heal|p1a: Scrafty|49/100|[from] item: Leftovers
|-fieldend|move: Psychic Terrain
|upkeep
|turn|27
|
|switch|p1a: Indeedee|Indeedee, M|70/100
|-fieldstart|move: Psychic Terrain|[from] ability: Psychic Surge|[of] p1a: Indeedee
|move|p2a: Vileplume|Growth|p2a: Vileplume
|-boost|p2a: Vileplume|atk|1
|-boost|p2a: Vileplume|spa|1
|
|upkeep
|turn|28
|
|switch|p1a: Scrafty|Scrafty, M|49/100
|switch|p2a: Steelix|Steelix, F|51/100 brn
|
|-heal|p1a: Scrafty|55/100|[from] item: Leftovers
|-heal|p2a: Steelix|58/100 brn|[from] item: Leftovers
|-damage|p2a: Steelix|51/100 brn|[from] brn
|upkeep
|turn|29
|
|switch|p2a: Vileplume|Vileplume, F|100/100
|move|p1a: Scrafty|Bulk Up|p1a: Scrafty
|-boost|p1a: Scrafty|atk|1
|-boost|p1a: Scrafty|def|1
|
|-heal|p1a: Scrafty|61/100|[from] item: Leftovers
|upkeep
|turn|30
|
|move|p2a: Vileplume|Growth|p2a: Vileplume
|-boost|p2a: Vileplume|atk|1
|-boost|p2a: Vileplume|spa|1
|move|p1a: Scrafty|Knock Off|p2a: Vileplume
|-damage|p2a: Vileplume|70/100
|
|-heal|p1a: Scrafty|67/100|[from] item: Leftovers
|upkeep
|turn|31
|
|move|p1a: Scrafty|Bulk Up|p1a: Scrafty
|-boost|p1a: Scrafty|atk|1
|-boost|p1a: Scrafty|def|1
|move|p2a: Vileplume|Sludge Bomb|p1a: Scrafty
|-crit|p1a: Scrafty
|-damage|p1a: Scrafty|14/100
|-status|p1a: Scrafty|psn
|
|-heal|p1a: Scrafty|20/100 psn|[from] item: Leftovers
|-damage|p1a: Scrafty|8/100 psn|[from] psn
|-fieldend|move: Psychic Terrain
|upkeep
|turn|32
|
|move|p1a: Scrafty|Rest|p1a: Scrafty
|-status|p1a: Scrafty|slp|[from] move: Rest
|-heal|p1a: Scrafty|100/100 slp|[silent]
|move|p2a: Vileplume|Strength Sap|p1a: Scrafty
|-unboost|p1a: Scrafty|atk|1
|-heal|p2a: Vileplume|100/100
|
|upkeep
|turn|33
|
|switch|p1a: Vileplume|Vileplume, M|100/100
|move|p2a: Vileplume|Sludge Bomb|p1a: Vileplume
|-damage|p1a: Vileplume|45/100
|
|-heal|p1a: Vileplume|52/100|[from] item: Black Sludge
|upkeep
|turn|34
|
|move|p2a: Vileplume|Sludge Bomb|p1a: Vileplume
|-damage|p1a: Vileplume|0 fnt
|faint|p1a: Vileplume
|
|upkeep
|
|switch|p1a: Indeedee|Indeedee, M|70/100
|-fieldstart|move: Psychic Terrain|[from] ability: Psychic Surge|[of] p1a: Indeedee
|turn|35
|
|switch|p2a: Steelix|Steelix, F|51/100 brn
|move|p1a: Indeedee|Psychic|p2a: Steelix
|-resisted|p2a: Steelix
|-crit|p2a: Steelix
|-damage|p2a: Steelix|0 fnt
|faint|p2a: Steelix
|
|upkeep
|
|switch|p2a: Snorlax|Snorlax, F|70/100 tox
|turn|36
|
|switch|p1a: Scrafty|Scrafty, M|100/100 slp
|move|p2a: Snorlax|Body Slam|p1a: Scrafty
|-damage|p1a: Scrafty|71/100 slp
|
|-activate|p1a: Scrafty|ability: Shed Skin
|-curestatus|p1a: Scrafty|slp|[msg]
|-heal|p1a: Scrafty|77/100|[from] item: Leftovers
|-heal|p2a: Snorlax|76/100 tox|[from] item: Leftovers
|-damage|p2a: Snorlax|70/100 tox|[from] psn
|upkeep
|turn|37
|
|switch|p1a: Indeedee|Indeedee, M|70/100
|switch|p2a: Vileplume|Vileplume, F|100/100
|
|upkeep
|turn|38
|
|switch|p2a: Snorlax|Snorlax, F|70/100 tox
|move|p1a: Indeedee|Psychic|p2a: Snorlax
|-damage|p2a: Snorlax|31/100 tox
|
|-heal|p2a: Snorlax|37/100 tox|[from] item: Leftovers
|-damage|p2a: Snorlax|31/100 tox|[from] psn
|upkeep
|turn|39
|c|☆Mac3|well that was a choke
|c|☆Alison Hargreeves|?
|c|☆Alison Hargreeves|u still win
|c|☆Mac3|oh
|
|move|p1a: Indeedee|Psychic|p2a: Snorlax
|-damage|p2a: Snorlax|0 fnt
|faint|p2a: Snorlax
|
|-fieldend|move: Psychic Terrain
|upkeep
|
|switch|p2a: Passimian|Passimian, F|100/100
|turn|40
|
|move|p2a: Passimian|Close Combat|p1a: Indeedee
|-crit|p1a: Indeedee
|-damage|p1a: Indeedee|0 fnt
|-unboost|p2a: Passimian|def|1
|-unboost|p2a: Passimian|spd|1
|faint|p1a: Indeedee
|
|upkeep
|
|switch|p1a: Scrafty|Scrafty, M|77/100
|turn|41
|c|☆Mac3|thought u were specs ngl
|
|move|p2a: Passimian|Close Combat|p1a: Scrafty
|-supereffective|p1a: Scrafty
|-damage|p1a: Scrafty|0 fnt
|-unboost|p2a: Passimian|def|1
|-unboost|p2a: Passimian|spd|1
|faint|p1a: Scrafty
|
|win|Mac3
|c|☆Mac3|gg
|c|☆Alison Hargreeves|i needed the up
|c|☆Alison Hargreeves|gg
|c|☆Mac3|scarf*
|l|☆Alison Hargreeves
|l|+iNstruct
