|j|☆Time to Panic
|j|☆Earlio2
|player|p1|Time to Panic|pokemaniac|1548
|player|p2|Earlio2|226|1497
|teamsize|p1|6
|teamsize|p2|6
|gametype|singles
|gen|8
|tier|[Gen 8] RU
|rated|
|clearpoke
|poke|p1|Silvally-*|
|poke|p1|Sigilyph, F|
|poke|p1|Passimian, M|
|poke|p1|Mr. Mime-Galar, F|
|poke|p1|Vileplume, M|
|poke|p1|Gigalith, F|
|poke|p2|Rotom-Frost|
|poke|p2|Xatu, F|
|poke|p2|Drampa, M|
|poke|p2|Gigalith, M|
|poke|p2|Silvally-*|
|poke|p2|Dhelmise|
|rule|Sleep Clause Mod: Limit one foe put to sleep
|rule|Species Clause: Limit one of each Pokémon
|rule|OHKO Clause: OHKO moves are banned
|rule|Evasion Moves Clause: Evasion moves are banned
|rule|Endless Battle Clause: Forcing endless battles is banned
|rule|HP Percentage Mod: HP is shown in percentages
|rule|Dynamax Clause: You cannot dynamax
|teampreview
|
|start
|switch|p1a: Silvally|Silvally-Steel|100/100
|switch|p2a: Rotom|Rotom-Frost|100/100
|turn|1
|
|move|p2a: Rotom|Volt Switch|p1a: Silvally
|-damage|p1a: Silvally|69/100
|inactive|Battle timer is ON: inactive players will automatically lose when time's up. (requested by Time to Panic)
|
|switch|p2a: Xatu|Xatu, F|100/100|[from]move: Volt Switch
|move|p1a: Silvally|U-turn|p2a: Xatu
|-damage|p2a: Xatu|83/100
|-damage|p1a: Silvally|53/100|[from] item: Rocky Helmet|[of] p2a: Xatu
|
|switch|p1a: Gigalith|Gigalith, F|100/100|[from]move: U-turn
|-weather|Sandstorm|[from] ability: Sand Stream|[of] p1a: Gigalith
|
|-weather|Sandstorm|[upkeep]
|-damage|p2a: Xatu|77/100|[from] Sandstorm
|upkeep
|turn|2
|inactive|Earlio2 has 120 seconds left.
|
|move|p2a: Xatu|Roost|p2a: Xatu
|-heal|p2a: Xatu|100/100
|-singleturn|p2a: Xatu|move: Roost
|move|p1a: Gigalith|Rock Blast|p2a: Xatu
|-damage|p2a: Xatu|91/100
|-damage|p2a: Xatu|80/100
|-damage|p2a: Xatu|69/100
|-damage|p2a: Xatu|57/100
|-hitcount|p2a: Xatu|4
|
|-weather|Sandstorm|[upkeep]
|-damage|p2a: Xatu|51/100|[from] Sandstorm
|upkeep
|turn|3
|
|move|p2a: Xatu|Roost|p2a: Xatu
|-heal|p2a: Xatu|100/100
|-singleturn|p2a: Xatu|move: Roost
|move|p1a: Gigalith|Rock Blast|p2a: Xatu
|-damage|p2a: Xatu|90/100
|-damage|p2a: Xatu|80/100
|-damage|p2a: Xatu|69/100
|-damage|p2a: Xatu|59/100
|-damage|p2a: Xatu|48/100
|-hitcount|p2a: Xatu|5
|
|-weather|Sandstorm|[upkeep]
|-damage|p2a: Xatu|42/100|[from] Sandstorm
|upkeep
|turn|4
|
|move|p2a: Xatu|Roost|p2a: Xatu
|-heal|p2a: Xatu|92/100
|-singleturn|p2a: Xatu|move: Roost
|move|p1a: Gigalith|Rock Blast|p2a: Xatu
|-damage|p2a: Xatu|82/100
|-damage|p2a: Xatu|71/100
|-damage|p2a: Xatu|61/100
|-damage|p2a: Xatu|51/100
|-damage|p2a: Xatu|40/100
|-hitcount|p2a: Xatu|5
|
|-weather|Sandstorm|[upkeep]
|-damage|p2a: Xatu|34/100|[from] Sandstorm
|upkeep
|turn|5
|inactive|Earlio2 has 120 seconds left.
|
|move|p2a: Xatu|Roost|p2a: Xatu
|-heal|p2a: Xatu|84/100
|-singleturn|p2a: Xatu|move: Roost
|move|p1a: Gigalith|Rock Blast|p2a: Xatu
|-damage|p2a: Xatu|73/100
|-damage|p2a: Xatu|62/100
|-damage|p2a: Xatu|51/100
|-damage|p2a: Xatu|40/100
|-hitcount|p2a: Xatu|4
|
|-weather|none
|upkeep
|turn|6
|inactive|Earlio2 has 120 seconds left.
|
|move|p2a: Xatu|Roost|p2a: Xatu
|-heal|p2a: Xatu|90/100
|-singleturn|p2a: Xatu|move: Roost
|move|p1a: Gigalith|Rock Blast|p2a: Xatu
|-damage|p2a: Xatu|80/100
|-damage|p2a: Xatu|69/100
|-damage|p2a: Xatu|59/100
|-hitcount|p2a: Xatu|3
|
|upkeep
|turn|7
|
|move|p2a: Xatu|Roost|p2a: Xatu
|-heal|p2a: Xatu|100/100
|-singleturn|p2a: Xatu|move: Roost
|move|p1a: Gigalith|Rock Blast|p2a: Xatu
|-damage|p2a: Xatu|90/100
|-damage|p2a: Xatu|80/100
|-damage|p2a: Xatu|69/100
|-hitcount|p2a: Xatu|3
|
|upkeep
|turn|8
|
|move|p2a: Xatu|Roost|p2a: Xatu
|-heal|p2a: Xatu|100/100
|-singleturn|p2a: Xatu|move: Roost
|move|p1a: Gigalith|Rock Blast|p2a: Xatu|[miss]
|-miss|p1a: Gigalith|p2a: Xatu
|
|upkeep
|turn|9
|
|move|p2a: Xatu|Thunder Wave|p1a: Gigalith
|-status|p1a: Gigalith|par
|move|p1a: Gigalith|Rock Blast|p2a: Xatu
|-supereffective|p2a: Xatu
|-damage|p2a: Xatu|79/100
|-supereffective|p2a: Xatu
|-damage|p2a: Xatu|59/100
|-hitcount|p2a: Xatu|2
|
|upkeep
|turn|10
|
|move|p2a: Xatu|Roost|p2a: Xatu
|-heal|p2a: Xatu|100/100
|-singleturn|p2a: Xatu|move: Roost
|move|p1a: Gigalith|Rock Blast|p2a: Xatu
|-damage|p2a: Xatu|91/100
|-crit|p2a: Xatu
|-damage|p2a: Xatu|75/100
|-hitcount|p2a: Xatu|2
|
|upkeep
|turn|11
|
|switch|p1a: Mr. Mime|Mr. Mime-Galar, F|100/100
|move|p2a: Xatu|Roost|p2a: Xatu
|-heal|p2a: Xatu|100/100
|-singleturn|p2a: Xatu|move: Roost
|
|upkeep
|turn|12
|
|switch|p2a: Silvally|Silvally-Steel|100/100
|move|p1a: Mr. Mime|Ice Beam|p2a: Silvally
|-resisted|p2a: Silvally
|-damage|p2a: Silvally|80/100
|
|upkeep
|turn|13
|inactive|Time to Panic has 120 seconds left.
|
|switch|p1a: Vileplume|Vileplume, M|100/100
|move|p2a: Silvally|U-turn|p1a: Vileplume
|-damage|p1a: Vileplume|84/100
|inactive|Earlio2 has 120 seconds left.
|
|switch|p2a: Drampa|Drampa, M|100/100|[from]move: U-turn
|-ability|p2a: Drampa|Cloud Nine
|
|-heal|p1a: Vileplume|91/100|[from] item: Black Sludge
|upkeep
|turn|14
|inactive|Time to Panic has 120 seconds left.
|
|move|p2a: Drampa|Flamethrower|p1a: Vileplume
|-supereffective|p1a: Vileplume
|-damage|p1a: Vileplume|13/100
|move|p1a: Vileplume|Strength Sap|p2a: Drampa
|-unboost|p2a: Drampa|atk|1
|-heal|p1a: Vileplume|44/100
|
|-heal|p1a: Vileplume|50/100|[from] item: Black Sludge
|upkeep
|turn|15
|inactive|Time to Panic has 120 seconds left.
|
|switch|p1a: Gigalith|Gigalith, F|100/100 par
|-weather|Sandstorm|[from] ability: Sand Stream|[of] p1a: Gigalith
|move|p2a: Drampa|Flamethrower|p1a: Gigalith
|-resisted|p1a: Gigalith
|-crit|p1a: Gigalith
|-damage|p1a: Gigalith|78/100 par
|
|-weather|Sandstorm|[upkeep]
|-heal|p1a: Gigalith|84/100 par|[from] item: Leftovers
|upkeep
|turn|16
|
|move|p2a: Drampa|Surf|p1a: Gigalith
|-supereffective|p1a: Gigalith
|-damage|p1a: Gigalith|23/100 par
|move|p1a: Gigalith|Rock Blast|p2a: Drampa
|-damage|p2a: Drampa|85/100
|-crit|p2a: Drampa
|-damage|p2a: Drampa|64/100
|-damage|p2a: Drampa|50/100
|-damage|p2a: Drampa|36/100
|-hitcount|p2a: Drampa|4
|
|-weather|Sandstorm|[upkeep]
|-heal|p2a: Drampa|42/100|[from] item: Leftovers
|-heal|p1a: Gigalith|29/100 par|[from] item: Leftovers
|upkeep
|turn|17
|inactive|Time to Panic has 120 seconds left.
|
|move|p1a: Gigalith|Protect|p1a: Gigalith
|-singleturn|p1a: Gigalith|Protect
|move|p2a: Drampa|Draco Meteor|p1a: Gigalith
|-activate|p1a: Gigalith|move: Protect
|
|-weather|Sandstorm|[upkeep]
|-heal|p2a: Drampa|48/100|[from] item: Leftovers
|-heal|p1a: Gigalith|36/100 par|[from] item: Leftovers
|upkeep
|turn|18
|
|switch|p1a: Silvally|Silvally-Steel|53/100
|move|p2a: Drampa|Surf|p1a: Silvally
|-damage|p1a: Silvally|15/100
|
|-weather|Sandstorm|[upkeep]
|-heal|p2a: Drampa|54/100|[from] item: Leftovers
|upkeep
|turn|19
|
|switch|p1a: Mr. Mime|Mr. Mime-Galar, F|100/100
|switch|p2a: Xatu|Xatu, F|100/100
|
|-weather|none
|upkeep
|turn|20
|
|switch|p2a: Gigalith|Gigalith, M|100/100
|-weather|Sandstorm|[from] ability: Sand Stream|[of] p2a: Gigalith
|move|p1a: Mr. Mime|Focus Blast|p2a: Gigalith|[miss]
|-miss|p1a: Mr. Mime|p2a: Gigalith
|
|-weather|Sandstorm|[upkeep]
|-damage|p1a: Mr. Mime|94/100|[from] Sandstorm
|upkeep
|turn|21
|
|switch|p1a: Vileplume|Vileplume, M|50/100
|move|p2a: Gigalith|Stone Edge|p1a: Vileplume
|-damage|p1a: Vileplume|15/100
|
|-weather|Sandstorm|[upkeep]
|-damage|p1a: Vileplume|8/100|[from] Sandstorm
|-heal|p1a: Vileplume|15/100|[from] item: Black Sludge
|upkeep
|turn|22
|inactive|Earlio2 has 120 seconds left.
|
|switch|p2a: Xatu|Xatu, F|100/100
|move|p1a: Vileplume|Sludge Bomb|p2a: Xatu
|-crit|p2a: Xatu
|-damage|p2a: Xatu|35/100
|
|-weather|Sandstorm|[upkeep]
|-damage|p2a: Xatu|29/100|[from] Sandstorm
|-damage|p1a: Vileplume|8/100|[from] Sandstorm
|-heal|p1a: Vileplume|15/100|[from] item: Black Sludge
|upkeep
|turn|23
|
|move|p2a: Xatu|Night Shade|p1a: Vileplume
|-damage|p1a: Vileplume|0 fnt
|faint|p1a: Vileplume
|
|-weather|Sandstorm|[upkeep]
|-damage|p2a: Xatu|23/100|[from] Sandstorm
|upkeep
|inactive|Time to Panic has 120 seconds left.
|
|switch|p1a: Sigilyph|Sigilyph, F|100/100
|turn|24
|
|move|p1a: Sigilyph|Psychic|p2a: Xatu
|-resisted|p2a: Xatu
|-damage|p2a: Xatu|0 fnt
|faint|p2a: Xatu
|
|-weather|none
|upkeep
|
|switch|p2a: Rotom|Rotom-Frost|100/100
|turn|25
|
|switch|p1a: Gigalith|Gigalith, F|36/100 par
|-weather|Sandstorm|[from] ability: Sand Stream|[of] p1a: Gigalith
|move|p2a: Rotom|Thunderbolt|p1a: Gigalith
|-damage|p1a: Gigalith|8/100 par
|
|-weather|Sandstorm|[upkeep]
|-damage|p2a: Rotom|94/100|[from] Sandstorm
|-heal|p1a: Gigalith|14/100 par|[from] item: Leftovers
|upkeep
|turn|26
|
|move|p1a: Gigalith|Protect|p1a: Gigalith
|-singleturn|p1a: Gigalith|Protect
|move|p2a: Rotom|Thunderbolt|p1a: Gigalith
|-activate|p1a: Gigalith|move: Protect
|
|-weather|Sandstorm|[upkeep]
|-damage|p2a: Rotom|88/100|[from] Sandstorm
|-heal|p1a: Gigalith|21/100 par|[from] item: Leftovers
|upkeep
|turn|27
|
|move|p1a: Gigalith|Protect||[still]
|-fail|p1a: Gigalith
|move|p2a: Rotom|Thunderbolt|p1a: Gigalith
|-damage|p1a: Gigalith|0 fnt
|faint|p1a: Gigalith
|
|-weather|Sandstorm|[upkeep]
|-damage|p2a: Rotom|82/100|[from] Sandstorm
|upkeep
|
|switch|p1a: Passimian|Passimian, M|100/100
|turn|28
|
|switch|p2a: Dhelmise|Dhelmise|100/100
|move|p1a: Passimian|U-turn|p2a: Dhelmise
|-damage|p2a: Dhelmise|76/100
|
|switch|p1a: Mr. Mime|Mr. Mime-Galar, F|94/100|[from]move: U-turn
|
|-weather|Sandstorm|[upkeep]
|-damage|p1a: Mr. Mime|88/100|[from] Sandstorm
|-damage|p2a: Dhelmise|70/100|[from] Sandstorm
|-heal|p2a: Dhelmise|76/100|[from] item: Leftovers
|upkeep
|turn|29
|
|switch|p2a: Drampa|Drampa, M|54/100
|-ability|p2a: Drampa|Cloud Nine
|move|p1a: Mr. Mime|Ice Beam|p2a: Drampa
|-supereffective|p2a: Drampa
|-damage|p2a: Drampa|0 fnt
|faint|p2a: Drampa
|
|-weather|none
|upkeep
|
|switch|p2a: Gigalith|Gigalith, M|100/100
|-weather|Sandstorm|[from] ability: Sand Stream|[of] p2a: Gigalith
|turn|30
|
|move|p1a: Mr. Mime|Psychic|p2a: Gigalith
|-damage|p2a: Gigalith|83/100
|move|p2a: Gigalith|Throat Chop|p1a: Mr. Mime
|-supereffective|p1a: Mr. Mime
|-damage|p1a: Mr. Mime|0 fnt
|faint|p1a: Mr. Mime
|
|-weather|Sandstorm|[upkeep]
|-heal|p2a: Gigalith|89/100|[from] item: Leftovers
|upkeep
|
|switch|p1a: Silvally|Silvally-Steel|15/100
|turn|31
|
|switch|p2a: Silvally|Silvally-Steel|80/100
|move|p1a: Silvally|Multi-Attack|p2a: Silvally
|-resisted|p2a: Silvally
|-damage|p2a: Silvally|54/100
|
|-weather|Sandstorm|[upkeep]
|upkeep
|turn|32
|
|switch|p1a: Sigilyph|Sigilyph, F|100/100
|move|p2a: Silvally|Multi-Attack|p1a: Sigilyph
|-damage|p1a: Sigilyph|24/100
|
|-weather|Sandstorm|[upkeep]
|upkeep
|turn|33
|
|move|p1a: Sigilyph|Heat Wave|p2a: Silvally
|-supereffective|p2a: Silvally
|-damage|p2a: Silvally|0 fnt
|faint|p2a: Silvally
|
|-weather|Sandstorm|[upkeep]
|upkeep
|
|switch|p2a: Gigalith|Gigalith, M|89/100
|turn|34
|
|switch|p1a: Passimian|Passimian, M|100/100
|move|p2a: Gigalith|Throat Chop|p1a: Passimian
|-resisted|p1a: Passimian
|-damage|p1a: Passimian|87/100
|-start|p1a: Passimian|Throat Chop|[silent]
|
|-weather|none
|-heal|p2a: Gigalith|95/100|[from] item: Leftovers
|upkeep
|turn|35
|
|move|p1a: Passimian|Knock Off|p2a: Gigalith
|-damage|p2a: Gigalith|70/100
|-enditem|p2a: Gigalith|Leftovers|[from] move: Knock Off|[of] p1a: Passimian
|move|p2a: Gigalith|Earthquake|p1a: Passimian
|-damage|p1a: Passimian|54/100
|
|-end|p1a: Passimian|Throat Chop|[silent]
|upkeep
|turn|36
|
|switch|p1a: Sigilyph|Sigilyph, F|24/100
|move|p2a: Gigalith|Throat Chop|p1a: Sigilyph
|-supereffective|p1a: Sigilyph
|-damage|p1a: Sigilyph|0 fnt
|faint|p1a: Sigilyph
|
|upkeep
|
|switch|p1a: Silvally|Silvally-Steel|15/100
|turn|37
|
|move|p1a: Silvally|Multi-Attack|p2a: Gigalith
|-supereffective|p2a: Gigalith
|-damage|p2a: Gigalith|0 fnt
|faint|p2a: Gigalith
|
|upkeep
|
|switch|p2a: Rotom|Rotom-Frost|82/100
|turn|38
|
|move|p2a: Rotom|Volt Switch|p1a: Silvally
|-damage|p1a: Silvally|0 fnt
|faint|p1a: Silvally
|
|switch|p2a: Dhelmise|Dhelmise|76/100|[from]move: Volt Switch
|
|-heal|p2a: Dhelmise|82/100|[from] item: Leftovers
|upkeep
|
|switch|p1a: Passimian|Passimian, M|54/100
|turn|39
|
|move|p1a: Passimian|Knock Off|p2a: Dhelmise
|-supereffective|p2a: Dhelmise
|-damage|p2a: Dhelmise|3/100
|-enditem|p2a: Dhelmise|Leftovers|[from] move: Knock Off|[of] p1a: Passimian
|move|p2a: Dhelmise|Anchor Shot|p1a: Passimian
|-damage|p1a: Passimian|6/100
|-activate|p1a: Passimian|trapped
|
|upkeep
|turn|40
|
|move|p1a: Passimian|Knock Off|p2a: Dhelmise
|-supereffective|p2a: Dhelmise
|-damage|p2a: Dhelmise|0 fnt
|faint|p2a: Dhelmise
|
|upkeep
|
|switch|p2a: Rotom|Rotom-Frost|82/100
|turn|41
|
|move|p2a: Rotom|Thunderbolt|p1a: Passimian
|-damage|p1a: Passimian|0 fnt
|faint|p1a: Passimian
|
|win|Earlio2
|c|☆Earlio2|gg
|raw|Time to Panic's rating: 1548 &rarr; <strong>1525</strong><br />(-23 for losing)
|raw|Earlio2's rating: 1497 &rarr; <strong>1520</strong><br />(+23 for winning)
|c|☆Time to Panic|gg
