|j|☆Soleil Et Pluie
|j|☆Blue.Moon.Cheese
|player|p1|Soleil Et Pluie|unknown|1202
|player|p2|Blue.Moon.Cheese|lusamine-nihilego|1334
|teamsize|p1|6
|teamsize|p2|6
|gametype|singles
|gen|8
|tier|[Gen 8] RU
|rated|
|clearpoke
|poke|p1|Pyukumuku, F|
|poke|p1|Snorlax, F|
|poke|p1|Ferroseed, F|
|poke|p1|Dusclops, M|
|poke|p1|Vespiquen, F|
|poke|p1|Aromatisse, F|
|poke|p2|Cinccino, F|
|poke|p2|Snorlax, M|
|poke|p2|Jellicent, M|
|poke|p2|Gurdurr, M|
|poke|p2|Xatu, F|
|poke|p2|Goodra, M|
|rule|Sleep Clause Mod: Limit one foe put to sleep
|rule|Species Clause: Limit one of each Pokémon
|rule|OHKO Clause: OHKO moves are banned
|rule|Evasion Moves Clause: Evasion moves are banned
|rule|Endless Battle Clause: Forcing endless battles is banned
|rule|HP Percentage Mod: HP is shown in percentages
|rule|Dynamax Clause: You cannot dynamax
|teampreview
|inactive|Battle timer is ON: inactive players will automatically lose when time's up. (requested by Blue.Moon.Cheese)
|
|start
|switch|p1a: Vespiquen|Vespiquen, F|100/100
|switch|p2a: Cinccino|Cinccino, F|100/100
|-ability|p1a: Vespiquen|Pressure
|turn|1
|
|switch|p1a: Ferroseed|Ferroseed, F|100/100
|move|p2a: Cinccino|Rock Blast|p1a: Ferroseed|[miss]
|-miss|p2a: Cinccino|p1a: Ferroseed
|
|upkeep
|turn|2
|
|switch|p2a: Xatu|Xatu, F|100/100
|move|p1a: Ferroseed|Knock Off|p2a: Xatu
|-supereffective|p2a: Xatu
|-damage|p2a: Xatu|63/100
|-enditem|p2a: Xatu|Leftovers|[from] move: Knock Off|[of] p1a: Ferroseed
|
|upkeep
|turn|3
|
|switch|p1a: Snorlax|Snorlax, F|100/100
|move|p2a: Xatu|Cosmic Power|p2a: Xatu
|-boost|p2a: Xatu|def|1
|-boost|p2a: Xatu|spd|1
|
|upkeep
|turn|4
|
|switch|p2a: Jellicent|Jellicent, M|100/100
|move|p1a: Snorlax|Curse|p1a: Snorlax
|-unboost|p1a: Snorlax|spe|1
|-boost|p1a: Snorlax|atk|1
|-boost|p1a: Snorlax|def|1
|
|upkeep
|turn|5
|
|move|p2a: Jellicent|Strength Sap|p1a: Snorlax
|-unboost|p1a: Snorlax|atk|1
|move|p1a: Snorlax|Darkest Lariat|p2a: Jellicent
|-supereffective|p2a: Jellicent
|-damage|p2a: Jellicent|68/100
|
|-heal|p2a: Jellicent|74/100|[from] item: Leftovers
|upkeep
|turn|6
|
|switch|p1a: Dusclops|Dusclops, M|100/100
|-ability|p1a: Dusclops|Pressure
|move|p2a: Jellicent|Toxic|p1a: Dusclops
|-status|p1a: Dusclops|tox
|
|-heal|p2a: Jellicent|80/100|[from] item: Leftovers
|-damage|p1a: Dusclops|94/100 tox|[from] psn
|upkeep
|turn|7
|
|switch|p2a: Xatu|Xatu, F|63/100
|switch|p1a: Vespiquen|Vespiquen, F|100/100
|-ability|p1a: Vespiquen|Pressure
|
|upkeep
|turn|8
|
|switch|p1a: Pyukumuku|Pyukumuku, F|100/100
|move|p2a: Xatu|Cosmic Power|p2a: Xatu
|-boost|p2a: Xatu|def|1
|-boost|p2a: Xatu|spd|1
|
|upkeep
|turn|9
|
|switch|p1a: Snorlax|Snorlax, F|100/100
|move|p2a: Xatu|Cosmic Power|p2a: Xatu
|-boost|p2a: Xatu|def|1
|-boost|p2a: Xatu|spd|1
|
|upkeep
|turn|10
|
|switch|p2a: Jellicent|Jellicent, M|80/100
|move|p1a: Snorlax|Curse|p1a: Snorlax
|-unboost|p1a: Snorlax|spe|1
|-boost|p1a: Snorlax|atk|1
|-boost|p1a: Snorlax|def|1
|
|-heal|p2a: Jellicent|86/100|[from] item: Leftovers
|upkeep
|turn|11
|
|move|p2a: Jellicent|Strength Sap|p1a: Snorlax
|-unboost|p1a: Snorlax|atk|1
|-heal|p2a: Jellicent|100/100
|move|p1a: Snorlax|Darkest Lariat|p2a: Jellicent
|-supereffective|p2a: Jellicent
|-damage|p2a: Jellicent|66/100
|
|-heal|p2a: Jellicent|73/100|[from] item: Leftovers
|upkeep
|turn|12
|
|switch|p1a: Vespiquen|Vespiquen, F|100/100
|-ability|p1a: Vespiquen|Pressure
|move|p2a: Jellicent|Toxic|p1a: Vespiquen
|-status|p1a: Vespiquen|tox
|
|-heal|p2a: Jellicent|79/100|[from] item: Leftovers
|-damage|p1a: Vespiquen|94/100 tox|[from] psn
|upkeep
|turn|13
|
|switch|p2a: Xatu|Xatu, F|63/100
|switch|p1a: Aromatisse|Aromatisse, F|100/100
|
|upkeep
|turn|14
|
|move|p2a: Xatu|Cosmic Power|p2a: Xatu
|-boost|p2a: Xatu|def|1
|-boost|p2a: Xatu|spd|1
|move|p1a: Aromatisse|Heal Bell|p1a: Aromatisse
|-activate|p1a: Aromatisse|move: Heal Bell
|-curestatus|p1: Dusclops|tox|[msg]
|-curestatus|p1: Vespiquen|tox|[msg]
|
|upkeep
|turn|15
|
|switch|p1a: Snorlax|Snorlax, F|100/100
|move|p2a: Xatu|Cosmic Power|p2a: Xatu
|-boost|p2a: Xatu|def|1
|-boost|p2a: Xatu|spd|1
|
|upkeep
|turn|16
|
|move|p2a: Xatu|Roost|p2a: Xatu
|-heal|p2a: Xatu|100/100
|-singleturn|p2a: Xatu|move: Roost
|move|p1a: Snorlax|Darkest Lariat|p2a: Xatu
|-supereffective|p2a: Xatu
|-damage|p2a: Xatu|44/100
|
|upkeep
|turn|17
|
|move|p2a: Xatu|Roost|p2a: Xatu
|-heal|p2a: Xatu|94/100
|-singleturn|p2a: Xatu|move: Roost
|move|p1a: Snorlax|Body Slam|p2a: Xatu
|-crit|p2a: Xatu
|-damage|p2a: Xatu|30/100
|
|upkeep
|turn|18
|
|switch|p2a: Jellicent|Jellicent, M|79/100
|move|p1a: Snorlax|Curse|p1a: Snorlax
|-unboost|p1a: Snorlax|spe|1
|-boost|p1a: Snorlax|atk|1
|-boost|p1a: Snorlax|def|1
|
|-heal|p2a: Jellicent|85/100|[from] item: Leftovers
|upkeep
|turn|19
|
|switch|p1a: Ferroseed|Ferroseed, F|100/100
|move|p2a: Jellicent|Strength Sap|p1a: Ferroseed
|-unboost|p1a: Ferroseed|atk|1
|-heal|p2a: Jellicent|100/100
|
|upkeep
|turn|20
|
|switch|p2a: Xatu|Xatu, F|30/100
|move|p1a: Ferroseed|Knock Off|p2a: Xatu
|-supereffective|p2a: Xatu
|-damage|p2a: Xatu|13/100
|
|upkeep
|turn|21
|
|switch|p1a: Snorlax|Snorlax, F|100/100
|move|p2a: Xatu|Roost|p2a: Xatu
|-heal|p2a: Xatu|63/100
|-singleturn|p2a: Xatu|move: Roost
|
|upkeep
|turn|22
|
|switch|p2a: Jellicent|Jellicent, M|100/100
|move|p1a: Snorlax|Curse|p1a: Snorlax
|-unboost|p1a: Snorlax|spe|1
|-boost|p1a: Snorlax|atk|1
|-boost|p1a: Snorlax|def|1
|
|upkeep
|turn|23
|
|move|p2a: Jellicent|Strength Sap|p1a: Snorlax
|-unboost|p1a: Snorlax|atk|1
|move|p1a: Snorlax|Curse|p1a: Snorlax
|-unboost|p1a: Snorlax|spe|1
|-boost|p1a: Snorlax|atk|1
|-boost|p1a: Snorlax|def|1
|
|upkeep
|turn|24
|
|move|p2a: Jellicent|Toxic|p1a: Snorlax
|-status|p1a: Snorlax|tox
|move|p1a: Snorlax|Curse|p1a: Snorlax
|-unboost|p1a: Snorlax|spe|1
|-boost|p1a: Snorlax|atk|1
|-boost|p1a: Snorlax|def|1
|
|-damage|p1a: Snorlax|94/100 tox|[from] psn
|upkeep
|turn|25
|
|move|p2a: Jellicent|Strength Sap|p1a: Snorlax
|-unboost|p1a: Snorlax|atk|1
|move|p1a: Snorlax|Darkest Lariat|p2a: Jellicent
|-supereffective|p2a: Jellicent
|-damage|p2a: Jellicent|53/100
|
|-heal|p2a: Jellicent|59/100|[from] item: Leftovers
|-heal|p1a: Snorlax|100/100 tox|[from] item: Leftovers
|-damage|p1a: Snorlax|88/100 tox|[from] psn
|upkeep
|turn|26
|
|switch|p1a: Ferroseed|Ferroseed, F|100/100
|move|p2a: Jellicent|Strength Sap|p1a: Ferroseed
|-unboost|p1a: Ferroseed|atk|1
|-heal|p2a: Jellicent|93/100
|
|-heal|p2a: Jellicent|99/100|[from] item: Leftovers
|upkeep
|turn|27
|
|switch|p2a: Xatu|Xatu, F|63/100
|move|p1a: Ferroseed|Knock Off|p2a: Xatu
|-supereffective|p2a: Xatu
|-damage|p2a: Xatu|48/100
|
|upkeep
|turn|28
|
|switch|p1a: Aromatisse|Aromatisse, F|100/100
|move|p2a: Xatu|Roost|p2a: Xatu
|-heal|p2a: Xatu|98/100
|-singleturn|p2a: Xatu|move: Roost
|
|upkeep
|turn|29
|
|move|p2a: Xatu|Cosmic Power|p2a: Xatu
|-boost|p2a: Xatu|def|1
|-boost|p2a: Xatu|spd|1
|move|p1a: Aromatisse|Heal Bell|p1a: Aromatisse
|-activate|p1a: Aromatisse|move: Heal Bell
|-curestatus|p1: Snorlax|tox|[msg]
|
|upkeep
|turn|30
|
|switch|p1a: Snorlax|Snorlax, F|88/100
|move|p2a: Xatu|Cosmic Power|p2a: Xatu
|-boost|p2a: Xatu|def|1
|-boost|p2a: Xatu|spd|1
|
|-heal|p1a: Snorlax|94/100|[from] item: Leftovers
|upkeep
|turn|31
|
|switch|p2a: Jellicent|Jellicent, M|99/100
|move|p1a: Snorlax|Body Slam|p2a: Jellicent
|-immune|p2a: Jellicent
|
|-heal|p2a: Jellicent|100/100|[from] item: Leftovers
|-heal|p1a: Snorlax|100/100|[from] item: Leftovers
|upkeep
|turn|32
|
|switch|p1a: Ferroseed|Ferroseed, F|100/100
|move|p2a: Jellicent|Toxic|p1a: Ferroseed
|-immune|p1a: Ferroseed
|
|upkeep
|turn|33
|
|switch|p2a: Xatu|Xatu, F|98/100
|switch|p1a: Aromatisse|Aromatisse, F|100/100
|
|upkeep
|turn|34
|
|move|p2a: Xatu|Cosmic Power|p2a: Xatu
|-boost|p2a: Xatu|def|1
|-boost|p2a: Xatu|spd|1
|move|p1a: Aromatisse|Moonblast|p2a: Xatu
|-damage|p2a: Xatu|70/100
|-unboost|p2a: Xatu|spa|1
|
|upkeep
|turn|35
|
|move|p2a: Xatu|Cosmic Power|p2a: Xatu
|-boost|p2a: Xatu|def|1
|-boost|p2a: Xatu|spd|1
|move|p1a: Aromatisse|Moonblast|p2a: Xatu
|-damage|p2a: Xatu|49/100
|
|upkeep
|turn|36
|
|switch|p1a: Snorlax|Snorlax, F|100/100
|move|p2a: Xatu|Roost|p2a: Xatu
|-heal|p2a: Xatu|99/100
|-singleturn|p2a: Xatu|move: Roost
|
|upkeep
|turn|37
|
|switch|p2a: Jellicent|Jellicent, M|100/100
|move|p1a: Snorlax|Darkest Lariat|p2a: Jellicent
|-supereffective|p2a: Jellicent
|-damage|p2a: Jellicent|68/100
|-start|p1a: Snorlax|Disable|Darkest Lariat|[from] ability: Cursed Body|[of] p2a: Jellicent
|
|-heal|p2a: Jellicent|74/100|[from] item: Leftovers
|upkeep
|turn|38
|
|switch|p1a: Vespiquen|Vespiquen, F|94/100
|-ability|p1a: Vespiquen|Pressure
|move|p2a: Jellicent|Toxic|p1a: Vespiquen
|-status|p1a: Vespiquen|tox
|
|-heal|p2a: Jellicent|80/100|[from] item: Leftovers
|-damage|p1a: Vespiquen|88/100 tox|[from] psn
|upkeep
|turn|39
|
|switch|p2a: Cinccino|Cinccino, F|100/100
|move|p1a: Vespiquen|Infestation|p2a: Cinccino
|-damage|p2a: Cinccino|91/100
|-activate|p2a: Cinccino|move: Infestation|[of] p1a: Vespiquen
|
|-damage|p1a: Vespiquen|76/100 tox|[from] psn
|-damage|p2a: Cinccino|79/100|[from] move: Infestation|[partiallytrapped]
|upkeep
|turn|40
|
|switch|p1a: Dusclops|Dusclops, M|94/100
|-ability|p1a: Dusclops|Pressure
|move|p2a: Cinccino|Tail Slap|p1a: Dusclops
|-immune|p1a: Dusclops
|
|-end|p2a: Cinccino|Infestation|[partiallytrapped]|[silent]
|upkeep
|turn|41
|inactive|Soleil Et Pluie has 120 seconds left.
|
|move|p2a: Cinccino|U-turn|p1a: Dusclops
|-resisted|p1a: Dusclops
|-damage|p1a: Dusclops|90/100
|l|☆Soleil Et Pluie
|inactive|Soleil Et Pluie disconnected and has a minute to reconnect!
|player|p1|
|j|☆Soleil Et Pluie
|inactive|Soleil Et Pluie reconnected.
|player|p1|Soleil Et Pluie|unknown
|
|switch|p2a: Xatu|Xatu, F|99/100|[from]move: U-turn
|move|p1a: Dusclops|Night Shade|p2a: Xatu
|-damage|p2a: Xatu|69/100
|
|upkeep
|turn|42
|
|move|p2a: Xatu|Cosmic Power|p2a: Xatu
|-boost|p2a: Xatu|def|1
|-boost|p2a: Xatu|spd|1
|move|p1a: Dusclops|Night Shade|p2a: Xatu
|-damage|p2a: Xatu|39/100
|
|upkeep
|turn|43
|
|switch|p1a: Snorlax|Snorlax, F|100/100
|move|p2a: Xatu|Roost|p2a: Xatu
|-heal|p2a: Xatu|89/100
|-singleturn|p2a: Xatu|move: Roost
|
|upkeep
|turn|44
|
|switch|p2a: Jellicent|Jellicent, M|80/100
|move|p1a: Snorlax|Darkest Lariat|p2a: Jellicent
|-supereffective|p2a: Jellicent
|-damage|p2a: Jellicent|49/100
|
|-heal|p2a: Jellicent|55/100|[from] item: Leftovers
|upkeep
|turn|45
|
|switch|p1a: Dusclops|Dusclops, M|90/100
|-ability|p1a: Dusclops|Pressure
|move|p2a: Jellicent|Strength Sap|p1a: Dusclops
|-unboost|p1a: Dusclops|atk|1
|-heal|p2a: Jellicent|87/100
|
|-heal|p2a: Jellicent|94/100|[from] item: Leftovers
|upkeep
|turn|46
|
|move|p2a: Jellicent|Toxic|p1a: Dusclops
|-status|p1a: Dusclops|tox
|move|p1a: Dusclops|Will-O-Wisp|p2a: Jellicent
|-status|p2a: Jellicent|brn
|
|-heal|p2a: Jellicent|99/100 brn|[from] item: Leftovers
|-damage|p2a: Jellicent|94/100 brn|[from] brn
|-damage|p1a: Dusclops|84/100 tox|[from] psn
|upkeep
|turn|47
|
|switch|p2a: Gurdurr|Gurdurr, M|100/100
|switch|p1a: Aromatisse|Aromatisse, F|100/100
|
|upkeep
|turn|48
|
|move|p2a: Gurdurr|Knock Off|p1a: Aromatisse
|-resisted|p1a: Aromatisse
|-damage|p1a: Aromatisse|82/100
|-enditem|p1a: Aromatisse|Leftovers|[from] move: Knock Off|[of] p2a: Gurdurr
|move|p1a: Aromatisse|Moonblast|p2a: Gurdurr
|-supereffective|p2a: Gurdurr
|-damage|p2a: Gurdurr|31/100
|-unboost|p2a: Gurdurr|spa|1
|
|upkeep
|turn|49
|
|switch|p2a: Snorlax|Snorlax, M|100/100
|move|p1a: Aromatisse|Heal Bell|p1a: Aromatisse
|-activate|p1a: Aromatisse|move: Heal Bell
|-curestatus|p1: Vespiquen|tox|[msg]
|-curestatus|p1: Dusclops|tox|[msg]
|
|upkeep
|turn|50
|
|switch|p1a: Ferroseed|Ferroseed, F|100/100
|move|p2a: Snorlax|Body Slam|p1a: Ferroseed
|-resisted|p1a: Ferroseed
|-damage|p1a: Ferroseed|92/100
|-damage|p2a: Snorlax|88/100|[from] ability: Iron Barbs|[of] p1a: Ferroseed
|
|-heal|p2a: Snorlax|94/100|[from] item: Leftovers
|upkeep
|turn|51
|
|switch|p2a: Xatu|Xatu, F|89/100
|move|p1a: Ferroseed|Knock Off|p2a: Xatu
|-supereffective|p2a: Xatu
|-damage|p2a: Xatu|66/100
|
|upkeep
|turn|52
|
|switch|p1a: Dusclops|Dusclops, M|84/100
|-ability|p1a: Dusclops|Pressure
|move|p2a: Xatu|Giga Drain|p1a: Dusclops
|-damage|p1a: Dusclops|74/100
|-heal|p2a: Xatu|71/100|[from] drain|[of] p1a: Dusclops
|
|upkeep
|turn|53
|
|switch|p2a: Jellicent|Jellicent, M|94/100 brn
|move|p1a: Dusclops|Night Shade|p2a: Jellicent
|-damage|p2a: Jellicent|69/100 brn
|
|-heal|p2a: Jellicent|75/100 brn|[from] item: Leftovers
|-damage|p2a: Jellicent|69/100 brn|[from] brn
|upkeep
|turn|54
|
|move|p2a: Jellicent|Toxic|p1a: Dusclops
|-status|p1a: Dusclops|tox
|move|p1a: Dusclops|Night Shade|p2a: Jellicent
|-damage|p2a: Jellicent|44/100 brn
|
|-heal|p2a: Jellicent|50/100 brn|[from] item: Leftovers
|-damage|p2a: Jellicent|44/100 brn|[from] brn
|-damage|p1a: Dusclops|68/100 tox|[from] psn
|upkeep
|turn|55
|
|move|p2a: Jellicent|Recover|p2a: Jellicent
|-heal|p2a: Jellicent|94/100 brn
|move|p1a: Dusclops|Rest|p1a: Dusclops
|-status|p1a: Dusclops|slp|[from] move: Rest
|-heal|p1a: Dusclops|100/100 slp|[silent]
|
|-heal|p2a: Jellicent|99/100 brn|[from] item: Leftovers
|-damage|p2a: Jellicent|94/100 brn|[from] brn
|upkeep
|turn|56
|
|move|p2a: Jellicent|Hex|p1a: Dusclops
|-supereffective|p1a: Dusclops
|-crit|p1a: Dusclops
|-damage|p1a: Dusclops|26/100 slp
|cant|p1a: Dusclops|slp
|
|-heal|p2a: Jellicent|99/100 brn|[from] item: Leftovers
|-damage|p2a: Jellicent|94/100 brn|[from] brn
|upkeep
|turn|57
|
|switch|p1a: Aromatisse|Aromatisse, F|82/100
|move|p2a: Jellicent|Hex|p1a: Aromatisse
|-damage|p1a: Aromatisse|68/100
|
|-heal|p2a: Jellicent|99/100 brn|[from] item: Leftovers
|-damage|p2a: Jellicent|94/100 brn|[from] brn
|upkeep
|turn|58
|
|switch|p2a: Cinccino|Cinccino, F|79/100
|move|p1a: Aromatisse|Heal Bell|p1a: Aromatisse
|-activate|p1a: Aromatisse|move: Heal Bell
|-curestatus|p1: Dusclops|slp|[msg]
|
|upkeep
|turn|59
|
|switch|p1a: Ferroseed|Ferroseed, F|92/100
|move|p2a: Cinccino|Rock Blast|p1a: Ferroseed
|-resisted|p1a: Ferroseed
|-damage|p1a: Ferroseed|90/100
|-resisted|p1a: Ferroseed
|-damage|p1a: Ferroseed|87/100
|-resisted|p1a: Ferroseed
|-damage|p1a: Ferroseed|85/100
|-resisted|p1a: Ferroseed
|-damage|p1a: Ferroseed|83/100
|-resisted|p1a: Ferroseed
|-damage|p1a: Ferroseed|81/100
|-hitcount|p1a: Ferroseed|5
|
|upkeep
|turn|60
|
|switch|p2a: Xatu|Xatu, F|71/100
|move|p1a: Ferroseed|Knock Off|p2a: Xatu
|-supereffective|p2a: Xatu
|-damage|p2a: Xatu|48/100
|
|upkeep
|turn|61
|
|switch|p1a: Snorlax|Snorlax, F|100/100
|move|p2a: Xatu|Roost|p2a: Xatu
|-heal|p2a: Xatu|98/100
|-singleturn|p2a: Xatu|move: Roost
|
|upkeep
|turn|62
|
|switch|p2a: Jellicent|Jellicent, M|94/100 brn
|move|p1a: Snorlax|Curse|p1a: Snorlax
|-unboost|p1a: Snorlax|spe|1
|-boost|p1a: Snorlax|atk|1
|-boost|p1a: Snorlax|def|1
|
|-heal|p2a: Jellicent|99/100 brn|[from] item: Leftovers
|-damage|p2a: Jellicent|94/100 brn|[from] brn
|upkeep
|turn|63
|
|switch|p1a: Dusclops|Dusclops, M|26/100
|-ability|p1a: Dusclops|Pressure
|move|p2a: Jellicent|Strength Sap|p1a: Dusclops
|-unboost|p1a: Dusclops|atk|1
|-heal|p2a: Jellicent|100/100 brn
|
|-damage|p2a: Jellicent|94/100 brn|[from] brn
|upkeep
|turn|64
|
|switch|p1a: Aromatisse|Aromatisse, F|68/100
|move|p2a: Jellicent|Hex|p1a: Aromatisse
|-damage|p1a: Aromatisse|56/100
|
|-heal|p2a: Jellicent|100/100 brn|[from] item: Leftovers
|-damage|p2a: Jellicent|94/100 brn|[from] brn
|upkeep
|turn|65
|
|move|p2a: Jellicent|Toxic|p1a: Aromatisse
|-status|p1a: Aromatisse|tox
|move|p1a: Aromatisse|Wish|p1a: Aromatisse
|
|-heal|p2a: Jellicent|100/100 brn|[from] item: Leftovers
|-damage|p2a: Jellicent|94/100 brn|[from] brn
|-damage|p1a: Aromatisse|50/100 tox|[from] psn
|upkeep
|turn|66
|inactive|Soleil Et Pluie has 120 seconds left.
|
|move|p2a: Jellicent|Hex|p1a: Aromatisse
|-damage|p1a: Aromatisse|25/100 tox
|move|p1a: Aromatisse|Heal Bell|p1a: Aromatisse
|-activate|p1a: Aromatisse|move: Heal Bell
|-curestatus|p1a: Aromatisse|tox|[msg]
|
|-heal|p1a: Aromatisse|75/100|[from] move: Wish|[wisher] Aromatisse
|-heal|p2a: Jellicent|100/100 brn|[from] item: Leftovers
|-damage|p2a: Jellicent|94/100 brn|[from] brn
|upkeep
|turn|67
|inactive|Soleil Et Pluie has 120 seconds left.
|
|switch|p1a: Snorlax|Snorlax, F|100/100
|move|p2a: Jellicent|Toxic|p1a: Snorlax
|-status|p1a: Snorlax|tox
|
|-heal|p2a: Jellicent|100/100 brn|[from] item: Leftovers
|-damage|p2a: Jellicent|94/100 brn|[from] brn
|-damage|p1a: Snorlax|94/100 tox|[from] psn
|upkeep
|turn|68
|
|switch|p2a: Gurdurr|Gurdurr, M|31/100
|move|p1a: Snorlax|Darkest Lariat|p2a: Gurdurr
|-resisted|p2a: Gurdurr
|-damage|p2a: Gurdurr|24/100
|
|-heal|p1a: Snorlax|100/100 tox|[from] item: Leftovers
|-damage|p1a: Snorlax|88/100 tox|[from] psn
|upkeep
|turn|69
|
|switch|p1a: Vespiquen|Vespiquen, F|76/100
|-ability|p1a: Vespiquen|Pressure
|move|p2a: Gurdurr|Knock Off|p1a: Vespiquen
|-damage|p1a: Vespiquen|48/100
|-enditem|p1a: Vespiquen|Heavy-Duty Boots|[from] move: Knock Off|[of] p2a: Gurdurr
|
|upkeep
|turn|70
|
|switch|p2a: Xatu|Xatu, F|98/100
|move|p1a: Vespiquen|Roost|p1a: Vespiquen
|-heal|p1a: Vespiquen|98/100
|-singleturn|p1a: Vespiquen|move: Roost
|
|upkeep
|turn|71
|
|switch|p1a: Snorlax|Snorlax, F|88/100 tox
|move|p2a: Xatu|Cosmic Power|p2a: Xatu
|-boost|p2a: Xatu|def|1
|-boost|p2a: Xatu|spd|1
|
|-heal|p1a: Snorlax|94/100 tox|[from] item: Leftovers
|-damage|p1a: Snorlax|88/100 tox|[from] psn
|upkeep
|turn|72
|
|switch|p2a: Gurdurr|Gurdurr, M|24/100
|move|p1a: Snorlax|Darkest Lariat|p2a: Gurdurr
|-resisted|p2a: Gurdurr
|-damage|p2a: Gurdurr|16/100
|
|-heal|p1a: Snorlax|94/100 tox|[from] item: Leftovers
|-damage|p1a: Snorlax|82/100 tox|[from] psn
|upkeep
|turn|73
|
|switch|p1a: Vespiquen|Vespiquen, F|98/100
|-ability|p1a: Vespiquen|Pressure
|move|p2a: Gurdurr|Drain Punch|p1a: Vespiquen
|-resisted|p1a: Vespiquen
|-damage|p1a: Vespiquen|88/100
|-heal|p2a: Gurdurr|21/100|[from] drain|[of] p1a: Vespiquen
|
|upkeep
|turn|74
|
|switch|p2a: Xatu|Xatu, F|98/100
|move|p1a: Vespiquen|Infestation|p2a: Xatu
|-damage|p2a: Xatu|90/100
|-activate|p2a: Xatu|move: Infestation|[of] p1a: Vespiquen
|
|-damage|p2a: Xatu|78/100|[from] move: Infestation|[partiallytrapped]
|upkeep
|turn|75
|
|move|p2a: Xatu|Cosmic Power|p2a: Xatu
|-boost|p2a: Xatu|def|1
|-boost|p2a: Xatu|spd|1
|move|p1a: Vespiquen|Infestation|p2a: Xatu
|-damage|p2a: Xatu|73/100
|
|-damage|p2a: Xatu|61/100|[from] move: Infestation|[partiallytrapped]
|upkeep
|turn|76
|
|switch|p1a: Snorlax|Snorlax, F|82/100 tox
|move|p2a: Xatu|Roost|p2a: Xatu
|-heal|p2a: Xatu|100/100
|-singleturn|p2a: Xatu|move: Roost
|
|-heal|p1a: Snorlax|88/100 tox|[from] item: Leftovers
|-damage|p1a: Snorlax|82/100 tox|[from] psn
|-end|p2a: Xatu|Infestation|[partiallytrapped]|[silent]
|upkeep
|turn|77
|
|switch|p2a: Jellicent|Jellicent, M|94/100 brn
|move|p1a: Snorlax|Body Slam|p2a: Jellicent
|-immune|p2a: Jellicent
|
|-heal|p2a: Jellicent|100/100 brn|[from] item: Leftovers
|-heal|p1a: Snorlax|88/100 tox|[from] item: Leftovers
|-damage|p2a: Jellicent|94/100 brn|[from] brn
|-damage|p1a: Snorlax|76/100 tox|[from] psn
|upkeep
|turn|78
|
|switch|p1a: Aromatisse|Aromatisse, F|75/100
|move|p2a: Jellicent|Hex|p1a: Aromatisse
|-damage|p1a: Aromatisse|61/100
|
|-heal|p2a: Jellicent|100/100 brn|[from] item: Leftovers
|-damage|p2a: Jellicent|94/100 brn|[from] brn
|upkeep
|turn|79
|
|switch|p2a: Snorlax|Snorlax, M|94/100
|move|p1a: Aromatisse|Wish|p1a: Aromatisse
|
|-heal|p2a: Snorlax|99/100|[from] item: Leftovers
|upkeep
|turn|80
|
|move|p1a: Aromatisse|Heal Bell|p1a: Aromatisse
|-activate|p1a: Aromatisse|move: Heal Bell
|-curestatus|p1: Snorlax|tox|[msg]
|move|p2a: Snorlax|Body Slam|p1a: Aromatisse
|-damage|p1a: Aromatisse|28/100
|
|-heal|p1a: Aromatisse|78/100|[from] move: Wish|[wisher] Aromatisse
|-heal|p2a: Snorlax|100/100|[from] item: Leftovers
|upkeep
|turn|81
|
|switch|p1a: Ferroseed|Ferroseed, F|81/100
|move|p2a: Snorlax|Body Slam|p1a: Ferroseed
|-resisted|p1a: Ferroseed
|-damage|p1a: Ferroseed|70/100
|-damage|p2a: Snorlax|88/100|[from] ability: Iron Barbs|[of] p1a: Ferroseed
|
|-heal|p2a: Snorlax|94/100|[from] item: Leftovers
|upkeep
|turn|82
|
|switch|p2a: Xatu|Xatu, F|100/100
|move|p1a: Ferroseed|Knock Off|p2a: Xatu
|-supereffective|p2a: Xatu
|-damage|p2a: Xatu|77/100
|
|upkeep
|turn|83
|
|move|p2a: Xatu|Cosmic Power|p2a: Xatu
|-boost|p2a: Xatu|def|1
|-boost|p2a: Xatu|spd|1
|move|p1a: Ferroseed|Knock Off|p2a: Xatu
|-supereffective|p2a: Xatu
|-damage|p2a: Xatu|60/100
|
|upkeep
|turn|84
|
|switch|p1a: Snorlax|Snorlax, F|76/100
|move|p2a: Xatu|Cosmic Power|p2a: Xatu
|-boost|p2a: Xatu|def|1
|-boost|p2a: Xatu|spd|1
|
|-heal|p1a: Snorlax|82/100|[from] item: Leftovers
|upkeep
|turn|85
|
|switch|p2a: Jellicent|Jellicent, M|94/100 brn
|move|p1a: Snorlax|Body Slam|p2a: Jellicent
|-immune|p2a: Jellicent
|
|-heal|p2a: Jellicent|100/100 brn|[from] item: Leftovers
|-heal|p1a: Snorlax|88/100|[from] item: Leftovers
|-damage|p2a: Jellicent|94/100 brn|[from] brn
|upkeep
|turn|86
|
|switch|p1a: Ferroseed|Ferroseed, F|70/100
|move|p2a: Jellicent|Toxic|p1a: Ferroseed|[miss]
|-miss|p2a: Jellicent|p1a: Ferroseed
|
|-heal|p2a: Jellicent|100/100 brn|[from] item: Leftovers
|-damage|p2a: Jellicent|94/100 brn|[from] brn
|upkeep
|turn|87
|
|switch|p2a: Xatu|Xatu, F|60/100
|switch|p1a: Snorlax|Snorlax, F|88/100
|
|-heal|p1a: Snorlax|94/100|[from] item: Leftovers
|upkeep
|turn|88
|
|switch|p2a: Jellicent|Jellicent, M|94/100 brn
|move|p1a: Snorlax|Darkest Lariat|p2a: Jellicent
|-supereffective|p2a: Jellicent
|-damage|p2a: Jellicent|61/100 brn
|
|-heal|p2a: Jellicent|67/100 brn|[from] item: Leftovers
|-heal|p1a: Snorlax|100/100|[from] item: Leftovers
|-damage|p2a: Jellicent|61/100 brn|[from] brn
|upkeep
|turn|89
|
|switch|p1a: Ferroseed|Ferroseed, F|70/100
|move|p2a: Jellicent|Recover|p2a: Jellicent
|-heal|p2a: Jellicent|100/100 brn
|
|-damage|p2a: Jellicent|94/100 brn|[from] brn
|upkeep
|turn|90
|
|switch|p2a: Xatu|Xatu, F|60/100
|move|p1a: Ferroseed|Leech Seed|p2a: Xatu
|move|p2a: Xatu|Leech Seed|p1a: Ferroseed|[from]Magic Bounce
|-immune|p1a: Ferroseed
|
|upkeep
|turn|91
|
|move|p2a: Xatu|Roost|p2a: Xatu
|-heal|p2a: Xatu|100/100
|-singleturn|p2a: Xatu|move: Roost
|move|p1a: Ferroseed|Knock Off|p2a: Xatu
|-supereffective|p2a: Xatu
|-damage|p2a: Xatu|75/100
|
|upkeep
|turn|92
|
|switch|p2a: Gurdurr|Gurdurr, M|21/100
|switch|p1a: Snorlax|Snorlax, F|100/100
|
|upkeep
|turn|93
|
|switch|p1a: Dusclops|Dusclops, M|26/100
|-ability|p1a: Dusclops|Pressure
|move|p2a: Gurdurr|Knock Off|p1a: Dusclops
|-supereffective|p1a: Dusclops
|-damage|p1a: Dusclops|0 fnt
|-enditem|p1a: Dusclops|Eviolite|[from] move: Knock Off|[of] p2a: Gurdurr
|faint|p1a: Dusclops
|
|upkeep
|
|switch|p1a: Aromatisse|Aromatisse, F|78/100
|turn|94
|
|switch|p2a: Snorlax|Snorlax, M|94/100
|move|p1a: Aromatisse|Moonblast|p2a: Snorlax
|-damage|p2a: Snorlax|79/100
|
|-heal|p2a: Snorlax|85/100|[from] item: Leftovers
|upkeep
|turn|95
|
|switch|p1a: Ferroseed|Ferroseed, F|70/100
|move|p2a: Snorlax|Curse|p2a: Snorlax
|-unboost|p2a: Snorlax|spe|1
|-boost|p2a: Snorlax|atk|1
|-boost|p2a: Snorlax|def|1
|
|-heal|p2a: Snorlax|91/100|[from] item: Leftovers
|upkeep
|turn|96
|
|switch|p2a: Xatu|Xatu, F|75/100
|move|p1a: Ferroseed|Leech Seed|p2a: Xatu
|move|p2a: Xatu|Leech Seed|p1a: Ferroseed|[from]Magic Bounce
|-immune|p1a: Ferroseed
|
|upkeep
|turn|97
|
|move|p2a: Xatu|Cosmic Power|p2a: Xatu
|-boost|p2a: Xatu|def|1
|-boost|p2a: Xatu|spd|1
|move|p1a: Ferroseed|Knock Off|p2a: Xatu
|-supereffective|p2a: Xatu
|-damage|p2a: Xatu|58/100
|
|upkeep
|turn|98
|
|switch|p1a: Snorlax|Snorlax, F|100/100
|move|p2a: Xatu|Roost|p2a: Xatu
|-heal|p2a: Xatu|100/100
|-singleturn|p2a: Xatu|move: Roost
|
|upkeep
|turn|99
|
|switch|p2a: Jellicent|Jellicent, M|94/100 brn
|move|p1a: Snorlax|Curse|p1a: Snorlax
|-unboost|p1a: Snorlax|spe|1
|-boost|p1a: Snorlax|atk|1
|-boost|p1a: Snorlax|def|1
|
|-heal|p2a: Jellicent|100/100 brn|[from] item: Leftovers
|-damage|p2a: Jellicent|94/100 brn|[from] brn
|upkeep
|turn|100
|
|move|p2a: Jellicent|Strength Sap|p1a: Snorlax
|-unboost|p1a: Snorlax|atk|1
|-heal|p2a: Jellicent|100/100 brn
|move|p1a: Snorlax|Darkest Lariat|p2a: Jellicent
|-supereffective|p2a: Jellicent
|-damage|p2a: Jellicent|67/100 brn
|
|-heal|p2a: Jellicent|73/100 brn|[from] item: Leftovers
|-damage|p2a: Jellicent|67/100 brn|[from] brn
|upkeep
|turn|101
|
|switch|p1a: Ferroseed|Ferroseed, F|70/100
|move|p2a: Jellicent|Toxic|p1a: Ferroseed|[miss]
|-miss|p2a: Jellicent|p1a: Ferroseed
|
|-heal|p2a: Jellicent|73/100 brn|[from] item: Leftovers
|-damage|p2a: Jellicent|67/100 brn|[from] brn
|upkeep
|turn|102
|
|switch|p2a: Xatu|Xatu, F|100/100
|switch|p1a: Snorlax|Snorlax, F|100/100
|
|upkeep
|turn|103
|
|switch|p2a: Jellicent|Jellicent, M|67/100 brn
|move|p1a: Snorlax|Curse|p1a: Snorlax
|-unboost|p1a: Snorlax|spe|1
|-boost|p1a: Snorlax|atk|1
|-boost|p1a: Snorlax|def|1
|
|-heal|p2a: Jellicent|73/100 brn|[from] item: Leftovers
|-damage|p2a: Jellicent|67/100 brn|[from] brn
|upkeep
|turn|104
|
|switch|p1a: Vespiquen|Vespiquen, F|88/100
|-ability|p1a: Vespiquen|Pressure
|move|p2a: Jellicent|Strength Sap|p1a: Vespiquen
|-unboost|p1a: Vespiquen|atk|1
|-heal|p2a: Jellicent|100/100 brn
|
|-damage|p2a: Jellicent|94/100 brn|[from] brn
|upkeep
|turn|105
|
|move|p2a: Jellicent|Hex|p1a: Vespiquen
|-damage|p1a: Vespiquen|72/100
|move|p1a: Vespiquen|Infestation|p2a: Jellicent
|-resisted|p2a: Jellicent
|-damage|p2a: Jellicent|92/100 brn
|-activate|p2a: Jellicent|move: Infestation|[of] p1a: Vespiquen
|
|-heal|p2a: Jellicent|98/100 brn|[from] item: Leftovers
|-damage|p2a: Jellicent|92/100 brn|[from] brn
|-damage|p2a: Jellicent|79/100 brn|[from] move: Infestation|[partiallytrapped]
|upkeep
|turn|106
|
|move|p2a: Jellicent|Hex|p1a: Vespiquen
|-damage|p1a: Vespiquen|55/100
|move|p1a: Vespiquen|Infestation|p2a: Jellicent
|-resisted|p2a: Jellicent
|-damage|p2a: Jellicent|77/100 brn
|
|-heal|p2a: Jellicent|83/100 brn|[from] item: Leftovers
|-damage|p2a: Jellicent|77/100 brn|[from] brn
|-damage|p2a: Jellicent|64/100 brn|[from] move: Infestation|[partiallytrapped]
|upkeep
|turn|107
|
|move|p2a: Jellicent|Recover|p2a: Jellicent
|-heal|p2a: Jellicent|100/100 brn
|move|p1a: Vespiquen|Roost|p1a: Vespiquen
|-heal|p1a: Vespiquen|100/100
|-singleturn|p1a: Vespiquen|move: Roost
|
|-damage|p2a: Jellicent|94/100 brn|[from] brn
|-damage|p2a: Jellicent|82/100 brn|[from] move: Infestation|[partiallytrapped]
|upkeep
|turn|108
|
|switch|p1a: Ferroseed|Ferroseed, F|70/100
|move|p2a: Jellicent|Hex|p1a: Ferroseed
|-damage|p1a: Ferroseed|51/100
|
|-heal|p2a: Jellicent|88/100 brn|[from] item: Leftovers
|-damage|p2a: Jellicent|82/100 brn|[from] brn
|-end|p2a: Jellicent|Infestation|[partiallytrapped]|[silent]
|upkeep
|turn|109
|
|switch|p2a: Xatu|Xatu, F|100/100
|move|p1a: Ferroseed|Knock Off|p2a: Xatu
|-supereffective|p2a: Xatu
|-damage|p2a: Xatu|75/100
|
|upkeep
|turn|110
|
|switch|p1a: Snorlax|Snorlax, F|100/100
|move|p2a: Xatu|Cosmic Power|p2a: Xatu
|-boost|p2a: Xatu|def|1
|-boost|p2a: Xatu|spd|1
|
|upkeep
|turn|111
|
|switch|p2a: Jellicent|Jellicent, M|82/100 brn
|move|p1a: Snorlax|Curse|p1a: Snorlax
|-unboost|p1a: Snorlax|spe|1
|-boost|p1a: Snorlax|atk|1
|-boost|p1a: Snorlax|def|1
|
|-heal|p2a: Jellicent|88/100 brn|[from] item: Leftovers
|-damage|p2a: Jellicent|82/100 brn|[from] brn
|upkeep
|turn|112
|
|move|p2a: Jellicent|Strength Sap|p1a: Snorlax
|-unboost|p1a: Snorlax|atk|1
|-heal|p2a: Jellicent|100/100 brn
|move|p1a: Snorlax|Darkest Lariat|p2a: Jellicent
|-supereffective|p2a: Jellicent
|-damage|p2a: Jellicent|69/100 brn
|
|-heal|p2a: Jellicent|75/100 brn|[from] item: Leftovers
|-damage|p2a: Jellicent|69/100 brn|[from] brn
|upkeep
|turn|113
|
|move|p2a: Jellicent|Strength Sap|p1a: Snorlax
|-unboost|p1a: Snorlax|atk|1
|-heal|p2a: Jellicent|100/100 brn
|move|p1a: Snorlax|Curse|p1a: Snorlax
|-unboost|p1a: Snorlax|spe|1
|-boost|p1a: Snorlax|atk|1
|-boost|p1a: Snorlax|def|1
|
|-damage|p2a: Jellicent|94/100 brn|[from] brn
|upkeep
|turn|114
|
|switch|p2a: Gurdurr|Gurdurr, M|21/100
|move|p1a: Snorlax|Body Slam|p2a: Gurdurr
|-damage|p2a: Gurdurr|0 fnt
|faint|p2a: Gurdurr
|
|upkeep
|
|switch|p2a: Snorlax|Snorlax, M|91/100
|turn|115
|
|switch|p1a: Ferroseed|Ferroseed, F|51/100
|move|p2a: Snorlax|Curse|p2a: Snorlax
|-unboost|p2a: Snorlax|spe|1
|-boost|p2a: Snorlax|atk|1
|-boost|p2a: Snorlax|def|1
|
|-heal|p2a: Snorlax|97/100|[from] item: Leftovers
|upkeep
|turn|116
|
|move|p2a: Snorlax|Curse|p2a: Snorlax
|-unboost|p2a: Snorlax|spe|1
|-boost|p2a: Snorlax|atk|1
|-boost|p2a: Snorlax|def|1
|move|p1a: Ferroseed|Leech Seed|p2a: Snorlax
|-start|p2a: Snorlax|move: Leech Seed
|
|-heal|p2a: Snorlax|100/100|[from] item: Leftovers
|-damage|p2a: Snorlax|88/100|[from] Leech Seed|[of] p1a: Ferroseed
|-heal|p1a: Ferroseed|73/100|[silent]
|upkeep
|turn|117
|
|move|p1a: Ferroseed|Knock Off|p2a: Snorlax
|-damage|p2a: Snorlax|81/100
|-enditem|p2a: Snorlax|Leftovers|[from] move: Knock Off|[of] p1a: Ferroseed
|move|p2a: Snorlax|Curse|p2a: Snorlax
|-unboost|p2a: Snorlax|spe|1
|-boost|p2a: Snorlax|atk|1
|-boost|p2a: Snorlax|def|1
|
|-damage|p2a: Snorlax|69/100|[from] Leech Seed|[of] p1a: Ferroseed
|-heal|p1a: Ferroseed|95/100|[silent]
|upkeep
|turn|118
|
|move|p1a: Ferroseed|Stealth Rock|p2a: Snorlax
|-sidestart|p2: Blue.Moon.Cheese|move: Stealth Rock
|move|p2a: Snorlax|Curse|p2a: Snorlax
|-unboost|p2a: Snorlax|spe|1
|-boost|p2a: Snorlax|atk|1
|-boost|p2a: Snorlax|def|1
|
|-damage|p2a: Snorlax|57/100|[from] Leech Seed|[of] p1a: Ferroseed
|-heal|p1a: Ferroseed|100/100|[silent]
|upkeep
|turn|119
|
|switch|p1a: Pyukumuku|Pyukumuku, F|100/100
|move|p2a: Snorlax|Curse|p2a: Snorlax
|-unboost|p2a: Snorlax|spe|1
|-boost|p2a: Snorlax|atk|1
|-boost|p2a: Snorlax|def|1
|
|-damage|p2a: Snorlax|44/100|[from] Leech Seed|[of] p1a: Pyukumuku
|upkeep
|turn|120
|
|move|p1a: Pyukumuku|Block|p2a: Snorlax
|-activate|p2a: Snorlax|trapped
|move|p2a: Snorlax|Rest|p2a: Snorlax
|-status|p2a: Snorlax|slp|[from] move: Rest
|-heal|p2a: Snorlax|100/100 slp|[silent]
|
|-damage|p2a: Snorlax|88/100 slp|[from] Leech Seed|[of] p1a: Pyukumuku
|upkeep
|turn|121
|
|move|p1a: Pyukumuku|Spite|p2a: Snorlax
|-activate|p2a: Snorlax|move: Spite|Rest|4
|cant|p2a: Snorlax|slp
|
|-damage|p2a: Snorlax|76/100 slp|[from] Leech Seed|[of] p1a: Pyukumuku
|upkeep
|turn|122
|
|move|p1a: Pyukumuku|Spite|p2a: Snorlax
|-activate|p2a: Snorlax|move: Spite|Rest|4
|cant|p2a: Snorlax|slp
|
|-damage|p2a: Snorlax|63/100 slp|[from] Leech Seed|[of] p1a: Pyukumuku
|upkeep
|turn|123
|
|move|p1a: Pyukumuku|Spite|p2a: Snorlax
|-activate|p2a: Snorlax|move: Spite|Rest|4
|-curestatus|p2a: Snorlax|slp|[msg]
|move|p2a: Snorlax|Body Slam|p1a: Pyukumuku
|-damage|p1a: Pyukumuku|80/100
|
|-heal|p1a: Pyukumuku|86/100|[from] item: Leftovers
|-damage|p2a: Snorlax|51/100|[from] Leech Seed|[of] p1a: Pyukumuku
|-heal|p1a: Pyukumuku|100/100|[silent]
|upkeep
|turn|124
|
|move|p1a: Pyukumuku|Spite|p2a: Snorlax
|-activate|p2a: Snorlax|move: Spite|Body Slam|4
|move|p2a: Snorlax|Body Slam|p1a: Pyukumuku
|-damage|p1a: Pyukumuku|81/100
|
|-heal|p1a: Pyukumuku|87/100|[from] item: Leftovers
|-damage|p2a: Snorlax|38/100|[from] Leech Seed|[of] p1a: Pyukumuku
|-heal|p1a: Pyukumuku|100/100|[silent]
|upkeep
|turn|125
|
|move|p1a: Pyukumuku|Spite|p2a: Snorlax
|-activate|p2a: Snorlax|move: Spite|Body Slam|4
|move|p2a: Snorlax|Darkest Lariat|p1a: Pyukumuku
|-damage|p1a: Pyukumuku|87/100
|
|-heal|p1a: Pyukumuku|93/100|[from] item: Leftovers
|-damage|p2a: Snorlax|26/100|[from] Leech Seed|[of] p1a: Pyukumuku
|-heal|p1a: Pyukumuku|100/100|[silent]
|upkeep
|turn|126
|
|move|p1a: Pyukumuku|Spite|p2a: Snorlax
|-activate|p2a: Snorlax|move: Spite|Darkest Lariat|4
|move|p2a: Snorlax|Body Slam|p1a: Pyukumuku
|-damage|p1a: Pyukumuku|79/100
|-status|p1a: Pyukumuku|par
|
|-heal|p1a: Pyukumuku|86/100 par|[from] item: Leftovers
|-damage|p2a: Snorlax|14/100|[from] Leech Seed|[of] p1a: Pyukumuku
|-heal|p1a: Pyukumuku|100/100 par|[silent]
|upkeep
|turn|127
|
|move|p2a: Snorlax|Rest|p2a: Snorlax
|-status|p2a: Snorlax|slp|[from] move: Rest
|-heal|p2a: Snorlax|100/100 slp|[silent]
|cant|p1a: Pyukumuku|par
|
|-damage|p2a: Snorlax|88/100 slp|[from] Leech Seed|[of] p1a: Pyukumuku
|upkeep
|turn|128
|
|cant|p2a: Snorlax|slp
|cant|p1a: Pyukumuku|par
|
|-damage|p2a: Snorlax|76/100 slp|[from] Leech Seed|[of] p1a: Pyukumuku
|upkeep
|turn|129
|
|cant|p2a: Snorlax|slp
|cant|p1a: Pyukumuku|par
|
|-damage|p2a: Snorlax|63/100 slp|[from] Leech Seed|[of] p1a: Pyukumuku
|upkeep
|turn|130
|
|-curestatus|p2a: Snorlax|slp|[msg]
|move|p2a: Snorlax|Rest|p2a: Snorlax
|-status|p2a: Snorlax|slp|[from] move: Rest
|-heal|p2a: Snorlax|100/100 slp|[silent]
|move|p1a: Pyukumuku|Rest|p1a: Pyukumuku
|-fail|p1a: Pyukumuku|heal
|
|-damage|p2a: Snorlax|88/100 slp|[from] Leech Seed|[of] p1a: Pyukumuku
|upkeep
|turn|131
|
|cant|p2a: Snorlax|slp
|move|p1a: Pyukumuku|Spite|p2a: Snorlax
|-activate|p2a: Snorlax|move: Spite|Rest|1
|
|-damage|p2a: Snorlax|76/100 slp|[from] Leech Seed|[of] p1a: Pyukumuku
|upkeep
|turn|132
|
|cant|p2a: Snorlax|slp
|move|p1a: Pyukumuku|Recover||[still]
|-fail|p1a: Pyukumuku|heal
|
|-damage|p2a: Snorlax|63/100 slp|[from] Leech Seed|[of] p1a: Pyukumuku
|upkeep
|turn|133
|
|-curestatus|p2a: Snorlax|slp|[msg]
|move|p2a: Snorlax|Curse|p2a: Snorlax
|-unboost|p2a: Snorlax|spe|1
|-boost|p2a: Snorlax|atk|1
|-boost|p2a: Snorlax|def|1
|cant|p1a: Pyukumuku|par
|
|-damage|p2a: Snorlax|51/100|[from] Leech Seed|[of] p1a: Pyukumuku
|upkeep
|turn|134
|
|move|p2a: Snorlax|Darkest Lariat|p1a: Pyukumuku
|-damage|p1a: Pyukumuku|86/100 par
|move|p1a: Pyukumuku|Spite|p2a: Snorlax
|-activate|p2a: Snorlax|move: Spite|Darkest Lariat|4
|
|-heal|p1a: Pyukumuku|92/100 par|[from] item: Leftovers
|-damage|p2a: Snorlax|38/100|[from] Leech Seed|[of] p1a: Pyukumuku
|-heal|p1a: Pyukumuku|100/100 par|[silent]
|upkeep
|turn|135
|
|move|p2a: Snorlax|Darkest Lariat|p1a: Pyukumuku
|-damage|p1a: Pyukumuku|86/100 par
|move|p1a: Pyukumuku|Spite|p2a: Snorlax
|-activate|p2a: Snorlax|move: Spite|Darkest Lariat|4
|
|-heal|p1a: Pyukumuku|93/100 par|[from] item: Leftovers
|-damage|p2a: Snorlax|26/100|[from] Leech Seed|[of] p1a: Pyukumuku
|-heal|p1a: Pyukumuku|100/100 par|[silent]
|upkeep
|turn|136
|
|move|p2a: Snorlax|Darkest Lariat|p1a: Pyukumuku
|-damage|p1a: Pyukumuku|87/100 par
|move|p1a: Pyukumuku|Rest|p1a: Pyukumuku
|-status|p1a: Pyukumuku|slp|[from] move: Rest
|-heal|p1a: Pyukumuku|100/100 slp|[silent]
|
|-damage|p2a: Snorlax|14/100|[from] Leech Seed|[of] p1a: Pyukumuku
|upkeep
|turn|137
|
|cant|p1a: Pyukumuku|slp
|move|p2a: Snorlax|Body Slam|p1a: Pyukumuku
|-damage|p1a: Pyukumuku|79/100 slp
|
|-heal|p1a: Pyukumuku|85/100 slp|[from] item: Leftovers
|-damage|p2a: Snorlax|1/100|[from] Leech Seed|[of] p1a: Pyukumuku
|-heal|p1a: Pyukumuku|100/100 slp|[silent]
|upkeep
|turn|138
|
|cant|p1a: Pyukumuku|slp
|move|p2a: Snorlax|Body Slam|p1a: Pyukumuku
|-damage|p1a: Pyukumuku|79/100 slp
|
|-heal|p1a: Pyukumuku|86/100 slp|[from] item: Leftovers
|-damage|p2a: Snorlax|0 fnt|[from] Leech Seed|[of] p1a: Pyukumuku
|-heal|p1a: Pyukumuku|87/100 slp|[silent]
|faint|p2a: Snorlax
|upkeep
|
|switch|p2a: Cinccino|Cinccino, F|79/100
|-damage|p2a: Cinccino|66/100|[from] Stealth Rock
|turn|139
|
|switch|p1a: Ferroseed|Ferroseed, F|100/100
|move|p2a: Cinccino|Bullet Seed|p1a: Ferroseed
|-resisted|p1a: Ferroseed
|-damage|p1a: Ferroseed|99/100
|-resisted|p1a: Ferroseed
|-damage|p1a: Ferroseed|98/100
|-resisted|p1a: Ferroseed
|-damage|p1a: Ferroseed|97/100
|-resisted|p1a: Ferroseed
|-crit|p1a: Ferroseed
|-damage|p1a: Ferroseed|96/100
|-resisted|p1a: Ferroseed
|-damage|p1a: Ferroseed|95/100
|-hitcount|p1a: Ferroseed|5
|
|upkeep
|turn|140
|
|move|p2a: Cinccino|U-turn|p1a: Ferroseed
|-damage|p1a: Ferroseed|83/100
|-damage|p2a: Cinccino|54/100|[from] ability: Iron Barbs|[of] p1a: Ferroseed
|
|switch|p2a: Xatu|Xatu, F|75/100|[from]move: U-turn
|-damage|p2a: Xatu|50/100|[from] Stealth Rock
|move|p1a: Ferroseed|Knock Off|p2a: Xatu
|-supereffective|p2a: Xatu
|-damage|p2a: Xatu|27/100
|
|upkeep
|turn|141
|
|switch|p1a: Snorlax|Snorlax, F|100/100
|move|p2a: Xatu|Roost|p2a: Xatu
|-heal|p2a: Xatu|77/100
|-singleturn|p2a: Xatu|move: Roost
|
|upkeep
|turn|142
|
|switch|p2a: Cinccino|Cinccino, F|54/100
|-damage|p2a: Cinccino|41/100|[from] Stealth Rock
|move|p1a: Snorlax|Body Slam|p2a: Cinccino
|-damage|p2a: Cinccino|0 fnt
|faint|p2a: Cinccino
|
|upkeep
|
|switch|p2a: Goodra|Goodra, M|100/100
|-damage|p2a: Goodra|88/100|[from] Stealth Rock
|turn|143
|
|switch|p1a: Ferroseed|Ferroseed, F|83/100
|move|p2a: Goodra|Dragon Pulse|p1a: Ferroseed
|-resisted|p1a: Ferroseed
|-damage|p1a: Ferroseed|63/100
|
|upkeep
|turn|144
|
|move|p1a: Ferroseed|Protect|p1a: Ferroseed
|-singleturn|p1a: Ferroseed|Protect
|move|p2a: Goodra|Fire Blast|p1a: Ferroseed
|-activate|p1a: Ferroseed|move: Protect
|
|upkeep
|turn|145
|
|switch|p1a: Snorlax|Snorlax, F|100/100
|move|p2a: Goodra|Fire Blast|p1a: Snorlax
|-damage|p1a: Snorlax|92/100
|
|-heal|p1a: Snorlax|98/100|[from] item: Leftovers
|upkeep
|turn|146
|-message|Blue.Moon.Cheese forfeited.
|
|win|Soleil Et Pluie
|l|☆Blue.Moon.Cheese
|raw|Soleil Et Pluie's rating: 1202 &rarr; <strong>1234</strong><br />(+32 for winning)
|raw|Blue.Moon.Cheese's rating: 1303 &rarr; <strong>1278</strong><br />(-25 for losing)
