|j|☆whistling
|j|☆Testinganteater
|t:|1659981038
|gametype|singles
|player|p1|whistling|red|1527
|player|p2|Testinganteater|juggler|1362
|teamsize|p1|6
|teamsize|p2|6
|gen|8
|tier|[Gen 8] RU
|rated|
|rule|Sleep Clause Mod: Limit one foe put to sleep
|rule|Species Clause: Limit one of each Pokémon
|rule|OHKO Clause: OHKO moves are banned
|rule|Evasion Items Clause: Evasion items are banned
|rule|Evasion Moves Clause: Evasion moves are banned
|rule|Endless Battle Clause: Forcing endless battles is banned
|rule|HP Percentage Mod: HP is shown in percentages
|rule|Dynamax Clause: You cannot dynamax
|clearpoke
|poke|p1|Entei|
|poke|p1|Roserade, F|
|poke|p1|Starmie|
|poke|p1|Stakataka|
|poke|p1|Flygon, M|
|poke|p1|Heliolisk, M|
|poke|p2|Sigilyph, M|
|poke|p2|Milotic, F|
|poke|p2|Dhelmise|
|poke|p2|Registeel|
|poke|p2|Flygon, M|
|poke|p2|Umbreon, M|
|teampreview
|
|t:|1659981055
|start
|switch|p1a: Roserade|Roserade, F|100/100
|switch|p2a: Milotic|Milotic, F|100/100
|turn|1
|
|t:|1659981062
|switch|p2a: Sigilyph|Sigilyph, M, shiny|100/100
|move|p1a: Roserade|Grass Knot|p2a: Sigilyph
|-resisted|p2a: Sigilyph
|-damage|p2a: Sigilyph|91/100
|
|-status|p2a: Sigilyph|brn|[from] item: Flame Orb
|upkeep
|turn|2
|
|t:|1659981070
|switch|p1a: Entei|Entei|100/100
|move|p2a: Sigilyph|Air Slash|p1a: Entei
|-damage|p1a: Entei|70/100
|
|upkeep
|turn|3
|
|t:|1659981073
|switch|p2a: Milotic|Milotic, F|100/100
|move|p1a: Entei|Toxic|p2a: Milotic
|-status|p2a: Milotic|tox
|
|-damage|p2a: Milotic|94/100 tox|[from] psn
|upkeep
|turn|4
|
|t:|1659981084
|switch|p2a: Flygon|Flygon, M, shiny|100/100
|move|p1a: Entei|Sacred Fire|p2a: Flygon
|-resisted|p2a: Flygon
|-damage|p2a: Flygon|70/100
|
|upkeep
|turn|5
|
|t:|1659981089
|switch|p1a: Roserade|Roserade, F|100/100
|move|p2a: Flygon|Earthquake|p1a: Roserade
|-damage|p1a: Roserade|57/100
|
|upkeep
|turn|6
|
|t:|1659981093
|switch|p2a: Sigilyph|Sigilyph, M, shiny|91/100 brn
|move|p1a: Roserade|Synthesis|p1a: Roserade
|-heal|p1a: Roserade|100/100
|
|upkeep
|turn|7
|
|t:|1659981107
|switch|p1a: Heliolisk|Heliolisk, M|100/100
|move|p2a: Sigilyph|Psycho Shift|p1a: Heliolisk
|-status|p1a: Heliolisk|brn
|-curestatus|p2a: Sigilyph|brn|[msg]
|
|-damage|p1a: Heliolisk|94/100 brn|[from] brn
|-status|p2a: Sigilyph|brn|[from] item: Flame Orb
|upkeep
|turn|8
|
|t:|1659981113
|switch|p2a: Dhelmise|Dhelmise|100/100
|move|p1a: Heliolisk|U-turn|p2a: Dhelmise
|-damage|p2a: Dhelmise|96/100
|
|t:|1659981116
|switch|p1a: Entei|Entei|70/100|[from]move: U-turn
|
|upkeep
|turn|9
|inactive|Battle timer is ON: inactive players will automatically lose when time's up. (requested by whistling)
|
|t:|1659981131
|switch|p1a: Roserade|Roserade, F|100/100
|switch|p2a: Milotic|Milotic, F|94/100 tox
|
|-damage|p2a: Milotic|88/100 tox|[from] psn
|upkeep
|turn|10
|
|t:|1659981137
|switch|p2a: Sigilyph|Sigilyph, M, shiny|91/100 brn
|move|p1a: Roserade|Sludge Bomb|p2a: Sigilyph
|-damage|p2a: Sigilyph|50/100 brn
|
|upkeep
|turn|11
|
|t:|1659981143
|move|p2a: Sigilyph|Roost|p2a: Sigilyph
|-heal|p2a: Sigilyph|100/100 brn
|-singleturn|p2a: Sigilyph|move: Roost
|move|p1a: Roserade|Spikes|p2a: Sigilyph
|-sidestart|p2: Testinganteater|Spikes
|
|upkeep
|turn|12
|
|t:|1659981149
|switch|p1a: Heliolisk|Heliolisk, M|94/100 brn
|move|p2a: Sigilyph|Calm Mind|p2a: Sigilyph
|-boost|p2a: Sigilyph|spa|1
|-boost|p2a: Sigilyph|spd|1
|
|-damage|p1a: Heliolisk|88/100 brn|[from] brn
|upkeep
|turn|13
|
|t:|1659981158
|move|p1a: Heliolisk|Thunderbolt|p2a: Sigilyph
|-supereffective|p2a: Sigilyph
|-damage|p2a: Sigilyph|31/100 brn
|move|p2a: Sigilyph|Roost|p2a: Sigilyph
|-heal|p2a: Sigilyph|81/100 brn
|-singleturn|p2a: Sigilyph|move: Roost
|
|-damage|p1a: Heliolisk|82/100 brn|[from] brn
|upkeep
|turn|14
|
|t:|1659981163
|switch|p2a: Flygon|Flygon, M, shiny|70/100
|move|p1a: Heliolisk|U-turn|p2a: Flygon
|-damage|p2a: Flygon|64/100
|
|t:|1659981165
|switch|p1a: Starmie|Starmie|100/100|[from]move: U-turn
|
|upkeep
|turn|15
|
|t:|1659981173
|switch|p2a: Registeel|Registeel|100/100
|-damage|p2a: Registeel|88/100|[from] Spikes
|move|p1a: Starmie|Trick|p2a: Registeel
|-activate|p1a: Starmie|move: Trick|[of] p2a: Registeel
|-item|p2a: Registeel|Choice Scarf|[from] move: Trick
|-item|p1a: Starmie|Leftovers|[from] move: Trick
|
|upkeep
|turn|16
|
|t:|1659981178
|move|p1a: Starmie|Surf|p2a: Registeel
|-damage|p2a: Registeel|68/100
|move|p2a: Registeel|Stealth Rock|p1a: Starmie
|-sidestart|p1: whistling|move: Stealth Rock
|
|upkeep
|turn|17
|
|t:|1659981184
|switch|p2a: Umbreon|Umbreon, M, shiny|100/100
|-damage|p2a: Umbreon|88/100|[from] Spikes
|move|p1a: Starmie|Ice Beam|p2a: Umbreon
|-damage|p2a: Umbreon|75/100
|-status|p2a: Umbreon|frz
|
|-heal|p2a: Umbreon|81/100 frz|[from] item: Leftovers
|upkeep
|turn|18
|
|t:|1659981201
|switch|p2a: Sigilyph|Sigilyph, M, shiny|81/100 brn
|move|p1a: Starmie|Teleport|p1a: Starmie
|
|t:|1659981204
|switch|p1a: Entei|Entei|70/100|[from]move: Teleport
|
|upkeep
|turn|19
|
|t:|1659981215
|switch|p2a: Umbreon|Umbreon, M, shiny|81/100 frz
|-damage|p2a: Umbreon|69/100 frz|[from] Spikes
|move|p1a: Entei|Stone Edge|p2a: Umbreon
|-damage|p2a: Umbreon|44/100 frz
|
|-heal|p2a: Umbreon|50/100 frz|[from] item: Leftovers
|upkeep
|turn|20
|
|t:|1659981220
|cant|p2a: Umbreon|frz
|move|p1a: Entei|Stone Edge|p2a: Umbreon
|-damage|p2a: Umbreon|23/100 frz
|
|-heal|p2a: Umbreon|29/100 frz|[from] item: Leftovers
|upkeep
|turn|21
|
|t:|1659981224
|move|p1a: Entei|Sacred Fire|p2a: Umbreon
|-damage|p2a: Umbreon|0 fnt
|faint|p2a: Umbreon
|
|upkeep
|
|t:|1659981234
|switch|p2a: Flygon|Flygon, M, shiny|64/100
|turn|22
|
|t:|1659981241
|switch|p1a: Flygon|Flygon, M|100/100
|-damage|p1a: Flygon|95/100|[from] Stealth Rock
|move|p2a: Flygon|U-turn|p1a: Flygon
|-damage|p1a: Flygon|66/100
|
|t:|1659981253
|switch|p2a: Dhelmise|Dhelmise|96/100|[from]move: U-turn
|
|upkeep
|turn|23
|
|t:|1659981257
|move|p1a: Flygon|Dragon Claw|p2a: Dhelmise
|-crit|p2a: Dhelmise
|-damage|p2a: Dhelmise|33/100
|move|p2a: Dhelmise|Rapid Spin|p1a: Flygon
|-damage|p1a: Flygon|38/100
|-boost|p2a: Dhelmise|spe|1
|-sideend|p2: Testinganteater|Spikes|[from] move: Rapid Spin|[of] p2a: Dhelmise
|
|upkeep
|turn|24
|
|t:|1659981267
|move|p1a: Flygon|Dragon Claw|p2a: Dhelmise
|-damage|p2a: Dhelmise|0 fnt
|faint|p2a: Dhelmise
|
|upkeep
|
|t:|1659981275
|switch|p2a: Registeel|Registeel|68/100
|turn|25
|
|t:|1659981284
|switch|p2a: Flygon|Flygon, M, shiny|64/100
|move|p1a: Flygon|Earthquake|p2a: Flygon
|-immune|p2a: Flygon|[from] ability: Levitate
|
|upkeep
|turn|26
|
|t:|1659981303
|move|p2a: Flygon|U-turn|p1a: Flygon
|-damage|p1a: Flygon|11/100
|
|t:|1659981306
|switch|p2a: Milotic|Milotic, F|88/100 tox|[from]move: U-turn
|move|p1a: Flygon|Dragon Claw|p2a: Milotic
|-damage|p2a: Milotic|68/100 tox
|-damage|p1a: Flygon|0 fnt|[from] item: Rocky Helmet|[of] p2a: Milotic
|faint|p1a: Flygon
|
|-damage|p2a: Milotic|62/100 tox|[from] psn
|upkeep
|
|t:|1659981314
|switch|p1a: Heliolisk|Heliolisk, M|82/100 brn
|turn|27
|
|t:|1659981320
|switch|p2a: Flygon|Flygon, M, shiny|64/100
|move|p1a: Heliolisk|Hyper Voice|p2a: Flygon
|-damage|p2a: Flygon|5/100
|
|-damage|p1a: Heliolisk|76/100 brn|[from] brn
|upkeep
|turn|28
|
|t:|1659981329
|switch|p1a: Stakataka|Stakataka|100/100
|-damage|p1a: Stakataka|94/100|[from] Stealth Rock
|move|p2a: Flygon|Earthquake|p1a: Stakataka
|-supereffective|p1a: Stakataka
|-damage|p1a: Stakataka|0 fnt
|faint|p1a: Stakataka
|
|upkeep
|
|t:|1659981339
|switch|p1a: Starmie|Starmie|100/100
|-damage|p1a: Starmie|88/100|[from] Stealth Rock
|turn|29
|
|t:|1659981344
|switch|p2a: Registeel|Registeel|68/100
|move|p1a: Starmie|Surf|p2a: Registeel
|-damage|p2a: Registeel|47/100
|
|-heal|p1a: Starmie|94/100|[from] item: Leftovers
|upkeep
|turn|30
|
|t:|1659981357
|move|p2a: Registeel|Heavy Slam|p1a: Starmie
|-resisted|p1a: Starmie
|-crit|p1a: Starmie
|-damage|p1a: Starmie|77/100
|move|p1a: Starmie|Teleport|p1a: Starmie
|
|t:|1659981362
|switch|p1a: Entei|Entei|70/100|[from]move: Teleport
|
|upkeep
|turn|31
|
|t:|1659981369
|move|p1a: Entei|Sacred Fire|p2a: Registeel
|-supereffective|p2a: Registeel
|-damage|p2a: Registeel|0 fnt
|faint|p2a: Registeel
|
|upkeep
|
|t:|1659981372
|switch|p2a: Milotic|Milotic, F|62/100 tox
|turn|32
|
|t:|1659981374
|switch|p1a: Heliolisk|Heliolisk, M|76/100 brn
|switch|p2a: Flygon|Flygon, M, shiny|5/100
|
|-damage|p1a: Heliolisk|70/100 brn|[from] brn
|upkeep
|turn|33
|
|t:|1659981379
|switch|p1a: Starmie|Starmie|77/100
|-damage|p1a: Starmie|64/100|[from] Stealth Rock
|move|p2a: Flygon|Earthquake|p1a: Starmie
|-damage|p1a: Starmie|0 fnt
|faint|p1a: Starmie
|
|upkeep
|
|t:|1659981383
|switch|p1a: Roserade|Roserade, F|100/100
|-damage|p1a: Roserade|88/100|[from] Stealth Rock
|turn|34
|
|t:|1659981395
|switch|p2a: Sigilyph|Sigilyph, M, shiny|81/100 brn
|move|p1a: Roserade|Sludge Bomb|p2a: Sigilyph
|-damage|p2a: Sigilyph|38/100 brn
|
|upkeep
|turn|35
|
|t:|1659981406
|switch|p1a: Entei|Entei|70/100
|move|p2a: Sigilyph|Roost|p2a: Sigilyph
|-heal|p2a: Sigilyph|88/100 brn
|-singleturn|p2a: Sigilyph|move: Roost
|
|upkeep
|turn|36
|
|t:|1659981416
|switch|p2a: Milotic|Milotic, F|62/100 tox
|move|p1a: Entei|Stone Edge|p2a: Milotic
|-damage|p2a: Milotic|44/100 tox
|
|-damage|p2a: Milotic|38/100 tox|[from] psn
|upkeep
|turn|37
|
|t:|1659981420
|switch|p1a: Heliolisk|Heliolisk, M|70/100 brn
|switch|p2a: Flygon|Flygon, M, shiny|5/100
|
|-damage|p1a: Heliolisk|64/100 brn|[from] brn
|upkeep
|turn|38
|
|t:|1659981426
|move|p2a: Flygon|Earthquake|p1a: Heliolisk
|-supereffective|p1a: Heliolisk
|-damage|p1a: Heliolisk|0 fnt
|faint|p1a: Heliolisk
|
|upkeep
|
|t:|1659981429
|switch|p1a: Entei|Entei|70/100
|turn|39
|
|t:|1659981434
|switch|p2a: Milotic|Milotic, F|38/100 tox
|move|p1a: Entei|Extreme Speed|p2a: Milotic
|-damage|p2a: Milotic|25/100 tox
|-damage|p1a: Entei|53/100|[from] item: Rocky Helmet|[of] p2a: Milotic
|
|-damage|p2a: Milotic|19/100 tox|[from] psn
|upkeep
|turn|40
|
|t:|1659981438
|move|p1a: Entei|Stone Edge|p2a: Milotic
|-damage|p2a: Milotic|2/100 tox
|move|p2a: Milotic|Recover|p2a: Milotic
|-heal|p2a: Milotic|52/100 tox
|
|-damage|p2a: Milotic|40/100 tox|[from] psn
|upkeep
|turn|41
|
|t:|1659981455
|move|p1a: Entei|Stone Edge|p2a: Milotic
|-damage|p2a: Milotic|22/100 tox
|move|p2a: Milotic|Recover|p2a: Milotic
|-heal|p2a: Milotic|72/100 tox
|
|-damage|p2a: Milotic|54/100 tox|[from] psn
|upkeep
|turn|42
|inactive|Testinganteater has 120 seconds left.
|
|t:|1659981486
|move|p1a: Entei|Stone Edge|p2a: Milotic
|-damage|p2a: Milotic|38/100 tox
|move|p2a: Milotic|Recover|p2a: Milotic
|-heal|p2a: Milotic|88/100 tox
|
|-damage|p2a: Milotic|63/100 tox|[from] psn
|upkeep
|turn|43
|
|t:|1659981489
|switch|p1a: Roserade|Roserade, F|88/100
|-damage|p1a: Roserade|76/100|[from] Stealth Rock
|move|p2a: Milotic|Flip Turn|p1a: Roserade
|-resisted|p1a: Roserade
|-damage|p1a: Roserade|69/100
|-damage|p2a: Milotic|47/100 tox|[from] item: Rocky Helmet|[of] p1a: Roserade
|inactive|Testinganteater has 120 seconds left.
|
|t:|1659981504
|switch|p2a: Sigilyph|Sigilyph, M, shiny|88/100 brn|[from]move: Flip Turn
|
|upkeep
|turn|44
|
|t:|1659981510
|switch|p1a: Entei|Entei|53/100
|move|p2a: Sigilyph|Air Slash|p1a: Entei
|-damage|p1a: Entei|21/100
|
|upkeep
|turn|45
|inactive|Testinganteater has 120 seconds left.
|
|t:|1659981542
|switch|p1a: Roserade|Roserade, F|69/100
|-damage|p1a: Roserade|57/100|[from] Stealth Rock
|switch|p2a: Flygon|Flygon, M, shiny|5/100
|
|upkeep
|turn|46
|
|t:|1659981549
|move|p2a: Flygon|Outrage|p1a: Roserade
|-damage|p1a: Roserade|3/100
|-damage|p2a: Flygon|0 fnt|[from] item: Rocky Helmet|[of] p1a: Roserade
|faint|p2a: Flygon
|move|p1a: Roserade|Synthesis|p1a: Roserade
|-heal|p1a: Roserade|53/100
|
|upkeep
|
|t:|1659981553
|switch|p2a: Sigilyph|Sigilyph, M, shiny|88/100 brn
|turn|47
|inactive|Testinganteater has 120 seconds left.
|
|t:|1659981559
|switch|p1a: Entei|Entei|21/100
|move|p2a: Sigilyph|Air Slash|p1a: Entei
|-damage|p1a: Entei|0 fnt
|faint|p1a: Entei
|
|upkeep
|-message|whistling forfeited.
|
|win|Testinganteater
|raw|whistling's rating: 1527 &rarr; <strong>1498</strong><br />(-29 for losing)
|raw|Testinganteater's rating: 1362 &rarr; <strong>1391</strong><br />(+29 for winning)
|l|☆whistling
||Ladder isn't responding, score probably updated but might not have (Request timeout).
