|j|☆Dollarsalt
|j|☆a rabbit
|player|p1|Dollarsalt|pokekid|
|player|p2|a rabbit|169|
|teamsize|p1|6
|teamsize|p2|6
|gametype|singles
|gen|8
|tier|[Gen 8] RU
|clearpoke
|poke|p1|Sableye, M|
|poke|p1|Gigalith, M|
|poke|p1|Vileplume, M|
|poke|p1|Vaporeon, F|
|poke|p1|Xatu, F|
|poke|p1|Salazzle, F|
|poke|p2|Vanilluxe, M|
|poke|p2|Barbaracle, M|
|poke|p2|Crustle, M|
|poke|p2|Eiscue, M|
|poke|p2|Flapple, M|
|poke|p2|Silvally-*|
|rule|Sleep Clause Mod: Limit one foe put to sleep
|rule|Species Clause: Limit one of each Pokémon
|rule|OHKO Clause: OHKO moves are banned
|rule|Evasion Moves Clause: Evasion moves are banned
|rule|Endless Battle Clause: Forcing endless battles is banned
|rule|HP Percentage Mod: HP is shown in percentages
|rule|Dynamax Clause: You cannot dynamax
|teampreview
|inactive|Battle timer is ON: inactive players will automatically lose when time's up. (requested by Dollarsalt)
|j|+Averardo
|
|start
|switch|p1a: Sableye|Sableye, M|100/100
|switch|p2a: Crustle|Crustle, M|100/100
|turn|1
|
|move|p1a: Sableye|Will-O-Wisp|p2a: Crustle
|-status|p2a: Crustle|brn
|move|p2a: Crustle|Knock Off|p1a: Sableye
|-damage|p1a: Sableye|83/100
|-enditem|p1a: Sableye|Leftovers|[from] move: Knock Off|[of] p2a: Crustle
|
|-damage|p2a: Crustle|94/100 brn|[from] brn
|upkeep
|turn|2
|
|switch|p1a: Xatu|Xatu, F|100/100
|move|p2a: Crustle|Shell Smash|p2a: Crustle
|-unboost|p2a: Crustle|def|1
|-unboost|p2a: Crustle|spd|1
|-boost|p2a: Crustle|atk|2
|-boost|p2a: Crustle|spa|2
|-boost|p2a: Crustle|spe|2
|
|-damage|p2a: Crustle|88/100 brn|[from] brn
|upkeep
|turn|3
|
|switch|p1a: Sableye|Sableye, M|83/100
|move|p2a: Crustle|Knock Off|p1a: Sableye
|-damage|p1a: Sableye|62/100
|
|-damage|p2a: Crustle|82/100 brn|[from] brn
|upkeep
|turn|4
|
|move|p1a: Sableye|Recover|p1a: Sableye
|-heal|p1a: Sableye|100/100
|move|p2a: Crustle|Stealth Rock|p1a: Sableye
|-sidestart|p1: Dollarsalt|move: Stealth Rock
|
|-damage|p2a: Crustle|76/100 brn|[from] brn
|upkeep
|turn|5
|
|move|p2a: Crustle|Knock Off|p1a: Sableye
|-damage|p1a: Sableye|77/100
|move|p1a: Sableye|Knock Off|p2a: Crustle
|-damage|p2a: Crustle|40/100 brn
|-ability|p2a: Crustle|Weak Armor|boost
|-unboost|p2a: Crustle|def|1
|-boost|p2a: Crustle|spe|2
|-enditem|p2a: Crustle|Focus Sash|[from] move: Knock Off|[of] p1a: Sableye
|
|-damage|p2a: Crustle|34/100 brn|[from] brn
|upkeep
|turn|6
|j| bebo7788
|
|move|p1a: Sableye|Recover|p1a: Sableye
|-heal|p1a: Sableye|100/100
|move|p2a: Crustle|Spikes|p1a: Sableye
|-sidestart|p1: Dollarsalt|Spikes
|
|-damage|p2a: Crustle|28/100 brn|[from] brn
|upkeep
|turn|7
|
|move|p2a: Crustle|Knock Off|p1a: Sableye
|-damage|p1a: Sableye|78/100
|move|p1a: Sableye|Knock Off|p2a: Crustle
|-damage|p2a: Crustle|0 fnt
|faint|p2a: Crustle
|
|upkeep
|
|switch|p2a: Vanilluxe|Vanilluxe, M|100/100
|-weather|Hail|[from] ability: Snow Warning|[of] p2a: Vanilluxe
|turn|8
|
|switch|p1a: Gigalith|Gigalith, M|100/100
|-damage|p1a: Gigalith|88/100|[from] Spikes
|-damage|p1a: Gigalith|76/100|[from] Stealth Rock
|-weather|Sandstorm|[from] ability: Sand Stream|[of] p1a: Gigalith
|move|p2a: Vanilluxe|Hail|p2a: Vanilluxe
|-weather|Hail
|
|-weather|Hail|[upkeep]
|-damage|p1a: Gigalith|70/100|[from] Hail
|-heal|p1a: Gigalith|76/100|[from] item: Leftovers
|upkeep
|turn|9
|
|switch|p1a: Vaporeon|Vaporeon, F|100/100
|-damage|p1a: Vaporeon|88/100|[from] Stealth Rock
|-damage|p1a: Vaporeon|75/100|[from] Spikes
|move|p2a: Vanilluxe|Aurora Veil|p2a: Vanilluxe
|-sidestart|p2: a rabbit|move: Aurora Veil
|
|-weather|Hail|[upkeep]
|-damage|p1a: Vaporeon|69/100|[from] Hail
|-heal|p1a: Vaporeon|75/100|[from] item: Leftovers
|upkeep
|turn|10
|
|move|p2a: Vanilluxe|Explosion|p1a: Vaporeon
|-damage|p1a: Vaporeon|16/100
|faint|p2a: Vanilluxe
|move|p1a: Vaporeon|Wish|p1a: Vaporeon
|
|-weather|Hail|[upkeep]
|-damage|p1a: Vaporeon|10/100|[from] Hail
|-heal|p1a: Vaporeon|16/100|[from] item: Leftovers
|upkeep
|
|switch|p2a: Eiscue|Eiscue, M|100/100
|turn|11
|
|move|p2a: Eiscue|Substitute|p2a: Eiscue
|-start|p2a: Eiscue|Substitute
|-damage|p2a: Eiscue|75/100
|move|p1a: Vaporeon|Haze|p1a: Vaporeon
|-clearallboost
|
|-weather|Hail|[upkeep]
|-damage|p1a: Vaporeon|10/100|[from] Hail
|-heal|p1a: Vaporeon|60/100|[from] move: Wish|[wisher] Vaporeon
|-heal|p1a: Vaporeon|66/100|[from] item: Leftovers
|upkeep
|turn|12
|
|move|p2a: Eiscue|Icicle Crash|p1a: Vaporeon
|-resisted|p1a: Vaporeon
|-damage|p1a: Vaporeon|49/100
|move|p1a: Vaporeon|Haze|p1a: Vaporeon
|-clearallboost
|
|-weather|none
|-heal|p1a: Vaporeon|55/100|[from] item: Leftovers
|upkeep
|turn|13
|
|move|p2a: Eiscue|Icicle Crash|p1a: Vaporeon
|-resisted|p1a: Vaporeon
|-damage|p1a: Vaporeon|39/100
|move|p1a: Vaporeon|Haze|p1a: Vaporeon
|-clearallboost
|
|-heal|p1a: Vaporeon|46/100|[from] item: Leftovers
|upkeep
|turn|14
|
|move|p2a: Eiscue|Icicle Crash|p1a: Vaporeon|[miss]
|-miss|p2a: Eiscue|p1a: Vaporeon
|move|p1a: Vaporeon|Haze|p1a: Vaporeon
|-clearallboost
|
|-heal|p1a: Vaporeon|52/100|[from] item: Leftovers
|upkeep
|turn|15
|
|move|p2a: Eiscue|Icicle Crash|p1a: Vaporeon
|-resisted|p1a: Vaporeon
|-damage|p1a: Vaporeon|34/100
|move|p1a: Vaporeon|Wish|p1a: Vaporeon
|
|-heal|p1a: Vaporeon|40/100|[from] item: Leftovers
|upkeep
|turn|16
|
|move|p2a: Eiscue|Icicle Crash|p1a: Vaporeon
|-resisted|p1a: Vaporeon
|-damage|p1a: Vaporeon|25/100
|move|p1a: Vaporeon|Haze|p1a: Vaporeon
|-clearallboost
|
|-heal|p1a: Vaporeon|75/100|[from] move: Wish|[wisher] Vaporeon
|-heal|p1a: Vaporeon|81/100|[from] item: Leftovers
|-sideend|p2: a rabbit|move: Aurora Veil
|upkeep
|turn|17
|
|switch|p2a: Flapple|Flapple, M|100/100
|move|p1a: Vaporeon|Haze|p1a: Vaporeon
|-clearallboost
|
|-heal|p1a: Vaporeon|87/100|[from] item: Leftovers
|upkeep
|turn|18
|
|move|p2a: Flapple|Dragon Dance|p2a: Flapple
|-boost|p2a: Flapple|atk|1
|-boost|p2a: Flapple|spe|1
|move|p1a: Vaporeon|Scald|p2a: Flapple
|-resisted|p2a: Flapple
|-damage|p2a: Flapple|87/100
|
|-heal|p1a: Vaporeon|93/100|[from] item: Leftovers
|upkeep
|turn|19
|
|move|p2a: Flapple|Grav Apple|p1a: Vaporeon
|-supereffective|p1a: Vaporeon
|-damage|p1a: Vaporeon|0 fnt
|faint|p1a: Vaporeon
|
|upkeep
|
|switch|p1a: Sableye|Sableye, M|78/100
|-damage|p1a: Sableye|65/100|[from] Spikes
|-damage|p1a: Sableye|53/100|[from] Stealth Rock
|turn|20
|
|move|p1a: Sableye|Will-O-Wisp|p2a: Flapple
|-status|p2a: Flapple|brn
|move|p2a: Flapple|Dragon Dance|p2a: Flapple
|-boost|p2a: Flapple|atk|1
|-boost|p2a: Flapple|spe|1
|
|-damage|p2a: Flapple|81/100 brn|[from] brn
|upkeep
|turn|21
|
|move|p1a: Sableye|Encore|p2a: Flapple
|-start|p2a: Flapple|Encore
|move|p2a: Flapple|Dragon Dance|p2a: Flapple
|-boost|p2a: Flapple|atk|1
|-boost|p2a: Flapple|spe|1
|
|-damage|p2a: Flapple|75/100 brn|[from] brn
|upkeep
|turn|22
|
|switch|p2a: Eiscue|Eiscue, M|75/100
|move|p1a: Sableye|Knock Off|p2a: Eiscue
|-activate|p2a: Eiscue|ability: Ice Face
|-damage|p2a: Eiscue|75/100
|-enditem|p2a: Eiscue|Salac Berry|[from] move: Knock Off|[of] p1a: Sableye
|detailschange|p2a: Eiscue|Eiscue-Noice, M
|
|upkeep
|turn|23
|
|move|p1a: Sableye|Will-O-Wisp|p2a: Eiscue
|-status|p2a: Eiscue|brn
|move|p2a: Eiscue|Belly Drum|p2a: Eiscue
|-damage|p2a: Eiscue|25/100 brn
|-setboost|p2a: Eiscue|atk|6|[from] move: Belly Drum
|
|-damage|p2a: Eiscue|19/100 brn|[from] brn
|upkeep
|turn|24
|
|switch|p2a: Flapple|Flapple, M|75/100 brn
|move|p1a: Sableye|Encore||[still]
|-fail|p1a: Sableye
|
|-damage|p2a: Flapple|69/100 brn|[from] brn
|upkeep
|turn|25
|
|move|p1a: Sableye|Recover|p1a: Sableye
|-heal|p1a: Sableye|100/100
|move|p2a: Flapple|Grav Apple|p1a: Sableye
|-damage|p1a: Sableye|66/100
|-unboost|p1a: Sableye|def|1
|
|-damage|p2a: Flapple|63/100 brn|[from] brn
|upkeep
|turn|26
|
|switch|p1a: Vileplume|Vileplume, M|100/100
|-damage|p1a: Vileplume|88/100|[from] Stealth Rock
|-damage|p1a: Vileplume|76/100|[from] Spikes
|move|p2a: Flapple|Dragon Dance|p2a: Flapple
|-boost|p2a: Flapple|atk|1
|-boost|p2a: Flapple|spe|1
|
|-heal|p1a: Vileplume|82/100|[from] item: Black Sludge
|-damage|p2a: Flapple|57/100 brn|[from] brn
|upkeep
|turn|27
|
|move|p2a: Flapple|Outrage|p1a: Vileplume
|-damage|p1a: Vileplume|30/100
|move|p1a: Vileplume|Strength Sap|p2a: Flapple
|-unboost|p2a: Flapple|atk|1
|-heal|p1a: Vileplume|100/100
|
|-damage|p2a: Flapple|51/100 brn|[from] brn
|upkeep
|turn|28
|
|move|p2a: Flapple|Outrage|p1a: Vileplume|[from]lockedmove
|-damage|p1a: Vileplume|66/100
|move|p1a: Vileplume|Sludge Bomb|p2a: Flapple
|-supereffective|p2a: Flapple
|-damage|p2a: Flapple|0 fnt
|faint|p2a: Flapple
|
|-heal|p1a: Vileplume|72/100|[from] item: Black Sludge
|upkeep
|
|switch|p2a: Silvally|Silvally-Steel|100/100
|turn|29
|
|move|p2a: Silvally|Multi-Attack|p1a: Vileplume
|-damage|p1a: Vileplume|33/100
|-status|p2a: Silvally|slp|[from] ability: Effect Spore|[of] p1a: Vileplume
|move|p1a: Vileplume|Sleep Powder|p2a: Silvally|[miss]
|-miss|p1a: Vileplume|p2a: Silvally
|
|-heal|p1a: Vileplume|39/100|[from] item: Black Sludge
|upkeep
|turn|30
|
|switch|p2a: Eiscue|Eiscue-Noice, M|19/100 brn
|move|p1a: Vileplume|Strength Sap|p2a: Eiscue
|-unboost|p2a: Eiscue|atk|1
|-heal|p1a: Vileplume|100/100
|
|-damage|p2a: Eiscue|13/100 brn|[from] brn
|upkeep
|turn|31
|
|switch|p1a: Gigalith|Gigalith, M|76/100
|-damage|p1a: Gigalith|64/100|[from] Spikes
|-damage|p1a: Gigalith|51/100|[from] Stealth Rock
|-weather|Sandstorm|[from] ability: Sand Stream|[of] p1a: Gigalith
|move|p2a: Eiscue|Icicle Crash|p1a: Gigalith
|-crit|p1a: Gigalith
|-damage|p1a: Gigalith|38/100
|
|-weather|Sandstorm|[upkeep]
|-damage|p2a: Eiscue|7/100 brn|[from] Sandstorm
|-heal|p1a: Gigalith|45/100|[from] item: Leftovers
|-damage|p2a: Eiscue|1/100 brn|[from] brn
|upkeep
|turn|32
|
|move|p2a: Eiscue|Liquidation|p1a: Gigalith
|-supereffective|p1a: Gigalith
|-damage|p1a: Gigalith|36/100
|-unboost|p1a: Gigalith|def|1
|move|p1a: Gigalith|Stealth Rock|p2a: Eiscue
|-sidestart|p2: a rabbit|move: Stealth Rock
|
|-weather|Sandstorm|[upkeep]
|-damage|p2a: Eiscue|0 fnt|[from] Sandstorm
|faint|p2a: Eiscue
|-heal|p1a: Gigalith|42/100|[from] item: Leftovers
|upkeep
|
|switch|p2a: Barbaracle|Barbaracle, M|100/100
|-damage|p2a: Barbaracle|88/100|[from] Stealth Rock
|turn|33
|
|switch|p1a: Sableye|Sableye, M|66/100
|-damage|p1a: Sableye|53/100|[from] Stealth Rock
|-damage|p1a: Sableye|41/100|[from] Spikes
|move|p2a: Barbaracle|Liquidation|p1a: Sableye
|-damage|p1a: Sableye|0 fnt
|faint|p1a: Sableye
|
|-weather|Sandstorm|[upkeep]
|upkeep
|
|switch|p1a: Vileplume|Vileplume, M|100/100
|-damage|p1a: Vileplume|88/100|[from] Spikes
|-damage|p1a: Vileplume|76/100|[from] Stealth Rock
|turn|34
|
|switch|p2a: Silvally|Silvally-Steel|100/100 slp
|-damage|p2a: Silvally|94/100 slp|[from] Stealth Rock
|move|p1a: Vileplume|Giga Drain|p2a: Silvally
|-resisted|p2a: Silvally
|-damage|p2a: Silvally|80/100 slp
|-heal|p1a: Vileplume|82/100|[from] drain|[of] p2a: Silvally
|
|-weather|Sandstorm|[upkeep]
|-damage|p1a: Vileplume|76/100|[from] Sandstorm
|-heal|p1a: Vileplume|82/100|[from] item: Black Sludge
|upkeep
|turn|35
|
|switch|p2a: Barbaracle|Barbaracle, M|88/100
|-damage|p2a: Barbaracle|76/100|[from] Stealth Rock
|switch|p1a: Salazzle|Salazzle, F|100/100
|
|-weather|none
|upkeep
|turn|36
|
|move|p1a: Salazzle|Toxic|p2a: Barbaracle
|-status|p2a: Barbaracle|tox
|move|p2a: Barbaracle|Shell Smash|p2a: Barbaracle
|-unboost|p2a: Barbaracle|def|1
|-unboost|p2a: Barbaracle|spd|1
|-boost|p2a: Barbaracle|atk|2
|-boost|p2a: Barbaracle|spa|2
|-boost|p2a: Barbaracle|spe|2
|-enditem|p2a: Barbaracle|White Herb
|-clearnegativeboost|p2a: Barbaracle|[silent]
|
|-damage|p2a: Barbaracle|70/100 tox|[from] psn
|upkeep
|turn|37
|
|move|p1a: Salazzle|Protect|p1a: Salazzle
|-singleturn|p1a: Salazzle|Protect
|move|p2a: Barbaracle|Stone Edge|p1a: Salazzle
|-activate|p1a: Salazzle|move: Protect
|
|-damage|p2a: Barbaracle|58/100 tox|[from] psn
|upkeep
|turn|38
|
|switch|p1a: Gigalith|Gigalith, M|42/100
|-damage|p1a: Gigalith|30/100|[from] Stealth Rock
|-damage|p1a: Gigalith|18/100|[from] Spikes
|-weather|Sandstorm|[from] ability: Sand Stream|[of] p1a: Gigalith
|move|p2a: Barbaracle|Stone Edge|p1a: Gigalith
|-damage|p1a: Gigalith|0 fnt
|faint|p1a: Gigalith
|
|-weather|Sandstorm|[upkeep]
|-damage|p2a: Barbaracle|40/100 tox|[from] psn
|upkeep
|
|switch|p1a: Salazzle|Salazzle, F|100/100
|turn|39
|
|move|p1a: Salazzle|Protect|p1a: Salazzle
|-singleturn|p1a: Salazzle|Protect
|move|p2a: Barbaracle|Liquidation|p1a: Salazzle
|-activate|p1a: Salazzle|move: Protect
|
|-weather|Sandstorm|[upkeep]
|-damage|p1a: Salazzle|94/100|[from] Sandstorm
|-damage|p2a: Barbaracle|16/100 tox|[from] psn
|upkeep
|turn|40
|
|switch|p1a: Vileplume|Vileplume, M|82/100
|-damage|p1a: Vileplume|70/100|[from] Spikes
|-damage|p1a: Vileplume|58/100|[from] Stealth Rock
|move|p2a: Barbaracle|Stone Edge|p1a: Vileplume
|-damage|p1a: Vileplume|0 fnt
|faint|p1a: Vileplume
|
|-weather|Sandstorm|[upkeep]
|-damage|p2a: Barbaracle|0 fnt|[from] psn
|faint|p2a: Barbaracle
|upkeep
|
|switch|p2a: Silvally|Silvally-Steel|80/100 slp
|switch|p1a: Salazzle|Salazzle, F|94/100
|-damage|p2a: Silvally|74/100 slp|[from] Stealth Rock
|turn|41
|c|☆a rabbit|ggs
|
|move|p1a: Salazzle|Substitute|p1a: Salazzle
|-start|p1a: Salazzle|Substitute
|-damage|p1a: Salazzle|69/100
|cant|p2a: Silvally|slp
|
|-weather|Sandstorm|[upkeep]
|-damage|p1a: Salazzle|63/100|[from] Sandstorm
|upkeep
|turn|42
|
|move|p1a: Salazzle|Flamethrower|p2a: Silvally
|-supereffective|p2a: Silvally
|-damage|p2a: Silvally|0 fnt
|faint|p2a: Silvally
|
|win|Dollarsalt
