|j|☆Tintincpajouer
|j|☆might dragon
|t:|1616533022
|player|p1|Tintincpajouer|2|1375
|player|p2|might dragon|colress|1298
|teamsize|p1|6
|teamsize|p2|6
|gametype|singles
|gen|8
|tier|[Gen 8] RU
|rated|
|clearpoke
|poke|p1|Lucario, F|
|poke|p1|Chandelure, F|
|poke|p1|Shuckle, M|
|poke|p1|Sneasel, M|
|poke|p1|Togekiss, F|
|poke|p1|Mimikyu, F|
|poke|p2|Darmanitan, F|
|poke|p2|Klefki, M|
|poke|p2|Necrozma|
|poke|p2|Barbaracle, M|
|poke|p2|Lucario, F|
|poke|p2|Heracross, F|
|rule|Sleep Clause Mod: Limit one foe put to sleep
|rule|Species Clause: Limit one of each Pokémon
|rule|OHKO Clause: OHKO moves are banned
|rule|Evasion Moves Clause: Evasion moves are banned
|rule|Endless Battle Clause: Forcing endless battles is banned
|rule|HP Percentage Mod: HP is shown in percentages
|rule|Dynamax Clause: You cannot dynamax
|teampreview
|
|t:|1616533038
|start
|switch|p1a: Shuckle|Shuckle, M|100/100
|switch|p2a: Barbaracle|Barbaracle, M|100/100
|turn|1
|
|t:|1616533046
|move|p2a: Barbaracle|Liquidation|p1a: Shuckle
|-supereffective|p1a: Shuckle
|-damage|p1a: Shuckle|14/100
|-unboost|p1a: Shuckle|def|1
|-damage|p2a: Barbaracle|91/100|[from] item: Life Orb
|move|p1a: Shuckle|Encore|p2a: Barbaracle
|-start|p2a: Barbaracle|Encore
|
|upkeep
|turn|2
|
|t:|1616533057
|move|p2a: Barbaracle|Liquidation|p1a: Shuckle
|-supereffective|p1a: Shuckle
|-damage|p1a: Shuckle|0 fnt
|-damage|p2a: Barbaracle|81/100|[from] item: Life Orb
|faint|p1a: Shuckle
|
|upkeep
|
|t:|1616533069
|switch|p1a: Chandelure|Chandelure, F|100/100
|turn|3
|
|t:|1616533073
|move|p1a: Chandelure|Energy Ball|p2a: Barbaracle
|-supereffective|p2a: Barbaracle
|-damage|p2a: Barbaracle|0 fnt
|faint|p2a: Barbaracle
|
|upkeep
|
|t:|1616533083
|switch|p2a: Heracross|Heracross, F|100/100
|turn|4
|
|t:|1616533101
|switch|p1a: Togekiss|Togekiss, F|100/100
|move|p2a: Heracross|Stone Edge|p1a: Togekiss
|-supereffective|p1a: Togekiss
|-crit|p1a: Togekiss
|-damage|p1a: Togekiss|0 fnt
|faint|p1a: Togekiss
|-ability|p2a: Heracross|Moxie|boost
|-boost|p2a: Heracross|atk|1
|
|upkeep
|
|t:|1616533112
|switch|p1a: Lucario|Lucario, F|100/100
|turn|5
|
|t:|1616533116
|switch|p2a: Necrozma|Necrozma|100/100
|move|p1a: Lucario|Swords Dance|p1a: Lucario
|-boost|p1a: Lucario|atk|2
|
|upkeep
|turn|6
|
|t:|1616533144
|move|p1a: Lucario|Meteor Mash|p2a: Necrozma
|-damage|p2a: Necrozma|0 fnt
|-damage|p1a: Lucario|91/100|[from] item: Life Orb
|faint|p2a: Necrozma
|
|upkeep
|
|t:|1616533151
|switch|p2a: Darmanitan|Darmanitan, F|100/100
|turn|7
|
|t:|1616533180
|switch|p1a: Chandelure|Chandelure, F|100/100
|move|p2a: Darmanitan|Fire Punch|p1a: Chandelure
|-start|p1a: Chandelure|ability: Flash Fire
|
|upkeep
|turn|8
|
|t:|1616533197
|move|p2a: Darmanitan|Rock Slide|p1a: Chandelure
|-supereffective|p1a: Chandelure
|-damage|p1a: Chandelure|2/100
|move|p1a: Chandelure|Fire Blast|p2a: Darmanitan
|-resisted|p2a: Darmanitan
|-damage|p2a: Darmanitan|32/100
|
|upkeep
|turn|9
|
|t:|1616533221
|move|p2a: Darmanitan|Substitute|p2a: Darmanitan
|-start|p2a: Darmanitan|Substitute
|-damage|p2a: Darmanitan|7/100
|-enditem|p2a: Darmanitan|Salac Berry|[eat]
|-boost|p2a: Darmanitan|spe|1|[from] item: Salac Berry
|move|p1a: Chandelure|Shadow Ball|p2a: Darmanitan
|-end|p2a: Darmanitan|Substitute
|
|upkeep
|turn|10
|
|t:|1616533242
|move|p2a: Darmanitan|Rock Slide|p1a: Chandelure
|-supereffective|p1a: Chandelure
|-damage|p1a: Chandelure|0 fnt
|faint|p1a: Chandelure
|
|upkeep
|
|t:|1616533251
|switch|p1a: Lucario|Lucario, F|91/100
|turn|11
|
|t:|1616533262
|switch|p2a: Klefki|Klefki, M|100/100
|move|p1a: Lucario|Extreme Speed|p2a: Klefki
|-resisted|p2a: Klefki
|-damage|p2a: Klefki|87/100
|-damage|p1a: Lucario|81/100|[from] item: Life Orb
|
|upkeep
|turn|12
|
|t:|1616533274
|move|p2a: Klefki|Thunder Wave|p1a: Lucario
|-status|p1a: Lucario|par
|move|p1a: Lucario|Swords Dance|p1a: Lucario
|-boost|p1a: Lucario|atk|2
|
|upkeep
|turn|13
|
|t:|1616533281
|move|p2a: Klefki|Reflect|p2a: Klefki
|-sidestart|p2: might dragon|Reflect
|move|p1a: Lucario|Meteor Mash|p2a: Klefki
|-damage|p2a: Klefki|41/100
|-boost|p1a: Lucario|atk|1
|-damage|p1a: Lucario|71/100 par|[from] item: Life Orb
|
|upkeep
|turn|14
|
|t:|1616533290
|move|p2a: Klefki|Spikes|p1a: Lucario
|-sidestart|p1: Tintincpajouer|Spikes
|move|p1a: Lucario|Meteor Mash|p2a: Klefki
|-damage|p2a: Klefki|0 fnt
|-damage|p1a: Lucario|61/100 par|[from] item: Life Orb
|faint|p2a: Klefki
|
|upkeep
|
|t:|1616533295
|switch|p2a: Lucario|Lucario, F|100/100
|turn|15
|
|t:|1616533307
|move|p1a: Lucario|Extreme Speed|p2a: Lucario
|-resisted|p2a: Lucario
|-damage|p2a: Lucario|70/100
|-damage|p1a: Lucario|51/100 par|[from] item: Life Orb
|move|p2a: Lucario|Swords Dance|p2a: Lucario
|-boost|p2a: Lucario|atk|2
|
|upkeep
|turn|16
|
|t:|1616533324
|move|p1a: Lucario|Extreme Speed|p2a: Lucario
|-resisted|p2a: Lucario
|-damage|p2a: Lucario|35/100
|-damage|p1a: Lucario|41/100 par|[from] item: Life Orb
|move|p2a: Lucario|Close Combat|p1a: Lucario
|-supereffective|p1a: Lucario
|-damage|p1a: Lucario|0 fnt
|-unboost|p2a: Lucario|def|1
|-unboost|p2a: Lucario|spd|1
|-damage|p2a: Lucario|25/100|[from] item: Life Orb
|faint|p1a: Lucario
|
|upkeep
|
|t:|1616533354
|switch|p1a: Sneasel|Sneasel, M|100/100
|turn|17
|
|t:|1616533377
|move|p2a: Lucario|Extreme Speed|p1a: Sneasel
|-damage|p1a: Sneasel|0 fnt
|-damage|p2a: Lucario|15/100|[from] item: Life Orb
|faint|p1a: Sneasel
|
|upkeep
|
|t:|1616533385
|switch|p1a: Mimikyu|Mimikyu, F|100/100
|-damage|p1a: Mimikyu|88/100|[from] Spikes
|turn|18
|
|t:|1616533395
|move|p1a: Mimikyu|Shadow Sneak|p2a: Lucario
|-damage|p2a: Lucario|0 fnt
|-damage|p1a: Mimikyu|78/100|[from] item: Life Orb
|faint|p2a: Lucario
|
|upkeep
|
|t:|1616533399
|switch|p2a: Heracross|Heracross, F|100/100
|turn|19
|
|t:|1616533410
|move|p2a: Heracross|Knock Off|p1a: Mimikyu
|-activate|p1a: Mimikyu|ability: Disguise
|-damage|p1a: Mimikyu|78/100
|-enditem|p1a: Mimikyu|Life Orb|[from] move: Knock Off|[of] p2a: Heracross
|detailschange|p1a: Mimikyu|Mimikyu-Busted, F
|-damage|p1a: Mimikyu|66/100|[from] pokemon: Mimikyu-Busted
|move|p1a: Mimikyu|Play Rough|p2a: Heracross
|-supereffective|p2a: Heracross
|-damage|p2a: Heracross|44/100
|
|upkeep
|turn|20
|
|t:|1616533425
|move|p2a: Heracross|Knock Off|p1a: Mimikyu
|-damage|p1a: Mimikyu|28/100
|move|p1a: Mimikyu|Play Rough|p2a: Heracross
|-supereffective|p2a: Heracross
|-damage|p2a: Heracross|0 fnt
|faint|p2a: Heracross
|
|-sideend|p2: might dragon|Reflect
|upkeep
|
|t:|1616533427
|switch|p2a: Darmanitan|Darmanitan, F|7/100
|turn|21
|
|t:|1616533438
|move|p1a: Mimikyu|Shadow Sneak|p2a: Darmanitan
|-damage|p2a: Darmanitan|0 fnt
|faint|p2a: Darmanitan
|
|win|Tintincpajouer
|raw|Tintincpajouer's rating: 1385 &rarr; <strong>1400</strong><br />(+15 for winning)
|raw|might dragon's rating: 1298 &rarr; <strong>1279</strong><br />(-19 for losing)
|l|☆might dragon
|c|☆Tintincpajouer|Gg
||Ladder isn't responding, score probably updated but might not have (Request timeout).
