|j|☆Dollarsalt
|j|☆lighthouses
|player|p1|Dollarsalt|pokekid|1507
|player|p2|lighthouses|tuberf|1463
|teamsize|p1|6
|teamsize|p2|6
|gametype|singles
|gen|8
|tier|[Gen 8] RU
|rated|
|clearpoke
|poke|p1|Sableye, M|
|poke|p1|Gigalith, F|
|poke|p1|Vileplume, F|
|poke|p1|Vaporeon, F|
|poke|p1|Xatu, F|
|poke|p1|Salazzle, F|
|poke|p2|Salazzle, F|
|poke|p2|Sigilyph, F|
|poke|p2|Gurdurr, F|
|poke|p2|Gigalith, M|
|poke|p2|Whimsicott, M|
|poke|p2|Rotom|
|rule|Sleep Clause Mod: Limit one foe put to sleep
|rule|Species Clause: Limit one of each Pokémon
|rule|OHKO Clause: OHKO moves are banned
|rule|Evasion Moves Clause: Evasion moves are banned
|rule|Endless Battle Clause: Forcing endless battles is banned
|rule|HP Percentage Mod: HP is shown in percentages
|rule|Dynamax Clause: You cannot dynamax
|teampreview
|inactive|Battle timer is ON: inactive players will automatically lose when time's up. (requested by lighthouses)
|c|☆Dollarsalt|Oh hi light
|c|☆lighthouses|hi
|
|start
|switch|p1a: Vileplume|Vileplume, F|100/100
|switch|p2a: Rotom|Rotom|100/100
|turn|1
|
|move|p2a: Rotom|Volt Switch|p1a: Vileplume
|-resisted|p1a: Vileplume
|-damage|p1a: Vileplume|84/100
|
|switch|p2a: Gurdurr|Gurdurr, F|100/100|[from]move: Volt Switch
|move|p1a: Vileplume|Sleep Powder|p2a: Gurdurr|[miss]
|-miss|p1a: Vileplume|p2a: Gurdurr
|
|-heal|p1a: Vileplume|91/100|[from] item: Black Sludge
|upkeep
|turn|2
|
|switch|p2a: Salazzle|Salazzle, F|100/100
|move|p1a: Vileplume|Sleep Powder|p2a: Salazzle|[miss]
|-miss|p1a: Vileplume|p2a: Salazzle
|
|-heal|p1a: Vileplume|97/100|[from] item: Black Sludge
|upkeep
|turn|3
|
|switch|p1a: Xatu|Xatu, F|100/100
|move|p2a: Salazzle|Sludge Wave|p1a: Xatu
|-damage|p1a: Xatu|36/100
|
|upkeep
|turn|4
|
|move|p2a: Salazzle|Toxic|p1a: Xatu
|move|p1a: Xatu|Toxic|p2a: Salazzle|[from]Magic Bounce
|-immune|p2a: Salazzle
|move|p1a: Xatu|Psychic|p2a: Salazzle
|-supereffective|p2a: Salazzle
|-damage|p2a: Salazzle|0 fnt
|faint|p2a: Salazzle
|
|upkeep
|
|switch|p2a: Rotom|Rotom|100/100
|turn|5
|
|switch|p1a: Gigalith|Gigalith, F|100/100
|-weather|Sandstorm|[from] ability: Sand Stream|[of] p1a: Gigalith
|move|p2a: Rotom|Volt Switch|p1a: Gigalith
|-damage|p1a: Gigalith|80/100
|
|switch|p2a: Whimsicott|Whimsicott, M|100/100|[from]move: Volt Switch
|
|-weather|Sandstorm|[upkeep]
|-damage|p2a: Whimsicott|94/100|[from] Sandstorm
|-heal|p2a: Whimsicott|100/100|[from] item: Leftovers
|-heal|p1a: Gigalith|86/100|[from] item: Leftovers
|upkeep
|turn|6
|
|move|p2a: Whimsicott|Giga Drain|p1a: Gigalith
|-supereffective|p1a: Gigalith
|-damage|p1a: Gigalith|45/100
|move|p1a: Gigalith|Stone Edge|p2a: Whimsicott
|-damage|p2a: Whimsicott|32/100
|
|-weather|Sandstorm|[upkeep]
|-damage|p2a: Whimsicott|25/100|[from] Sandstorm
|-heal|p2a: Whimsicott|32/100|[from] item: Leftovers
|-heal|p1a: Gigalith|51/100|[from] item: Leftovers
|upkeep
|turn|7
|
|switch|p1a: Salazzle|Salazzle, F|100/100
|move|p2a: Whimsicott|U-turn|p1a: Salazzle
|-resisted|p1a: Salazzle
|-damage|p1a: Salazzle|97/100
|
|switch|p2a: Rotom|Rotom|100/100|[from]move: U-turn
|
|-weather|Sandstorm|[upkeep]
|-damage|p2a: Rotom|94/100|[from] Sandstorm
|-damage|p1a: Salazzle|90/100|[from] Sandstorm
|upkeep
|turn|8
|
|move|p1a: Salazzle|Protect|p1a: Salazzle
|-singleturn|p1a: Salazzle|Protect
|move|p2a: Rotom|Volt Switch|p1a: Salazzle
|-activate|p1a: Salazzle|move: Protect
|
|-weather|Sandstorm|[upkeep]
|-damage|p2a: Rotom|88/100|[from] Sandstorm
|-damage|p1a: Salazzle|84/100|[from] Sandstorm
|upkeep
|turn|9
|
|move|p2a: Rotom|Volt Switch|p1a: Salazzle
|-damage|p1a: Salazzle|40/100
|
|switch|p2a: Gigalith|Gigalith, M|100/100|[from]move: Volt Switch
|move|p1a: Salazzle|Toxic|p2a: Gigalith
|-status|p2a: Gigalith|tox
|
|-weather|none
|-damage|p2a: Gigalith|94/100 tox|[from] psn
|upkeep
|turn|10
|
|switch|p1a: Xatu|Xatu, F|36/100
|move|p2a: Gigalith|Stone Edge|p1a: Xatu
|-supereffective|p1a: Xatu
|-damage|p1a: Xatu|0 fnt
|faint|p1a: Xatu
|
|-heal|p2a: Gigalith|100/100 tox|[from] item: Leftovers
|-damage|p2a: Gigalith|88/100 tox|[from] psn
|upkeep
|
|switch|p1a: Vileplume|Vileplume, F|97/100
|turn|11
|
|switch|p2a: Gurdurr|Gurdurr, F|100/100
|move|p1a: Vileplume|Sludge Bomb|p2a: Gurdurr
|-damage|p2a: Gurdurr|65/100
|
|-heal|p1a: Vileplume|100/100|[from] item: Black Sludge
|upkeep
|turn|12
|
|switch|p1a: Sableye|Sableye, M|100/100
|move|p2a: Gurdurr|Stone Edge|p1a: Sableye
|-damage|p1a: Sableye|62/100
|
|-heal|p1a: Sableye|68/100|[from] item: Leftovers
|upkeep
|turn|13
|
|switch|p2a: Gigalith|Gigalith, M|88/100 tox
|-weather|Sandstorm|[from] ability: Sand Stream|[of] p2a: Gigalith
|move|p1a: Sableye|Knock Off|p2a: Gigalith
|-damage|p2a: Gigalith|68/100 tox
|-enditem|p2a: Gigalith|Leftovers|[from] move: Knock Off|[of] p1a: Sableye
|
|-weather|Sandstorm|[upkeep]
|-damage|p1a: Sableye|62/100|[from] Sandstorm
|-heal|p1a: Sableye|68/100|[from] item: Leftovers
|-damage|p2a: Gigalith|62/100 tox|[from] psn
|upkeep
|turn|14
|
|move|p1a: Sableye|Recover|p1a: Sableye
|-heal|p1a: Sableye|100/100
|move|p2a: Gigalith|Stealth Rock|p1a: Sableye
|-sidestart|p1: Dollarsalt|move: Stealth Rock
|
|-weather|Sandstorm|[upkeep]
|-damage|p1a: Sableye|94/100|[from] Sandstorm
|-heal|p1a: Sableye|100/100|[from] item: Leftovers
|-damage|p2a: Gigalith|50/100 tox|[from] psn
|upkeep
|turn|15
|
|move|p1a: Sableye|Recover||[still]
|-fail|p1a: Sableye|heal
|move|p2a: Gigalith|Stone Edge|p1a: Sableye
|-damage|p1a: Sableye|28/100
|
|-weather|Sandstorm|[upkeep]
|-damage|p1a: Sableye|22/100|[from] Sandstorm
|-heal|p1a: Sableye|28/100|[from] item: Leftovers
|-damage|p2a: Gigalith|32/100 tox|[from] psn
|upkeep
|turn|16
|
|move|p1a: Sableye|Recover|p1a: Sableye
|-heal|p1a: Sableye|78/100
|move|p2a: Gigalith|Stone Edge|p1a: Sableye
|-damage|p1a: Sableye|6/100
|
|-weather|Sandstorm|[upkeep]
|-damage|p1a: Sableye|0 fnt|[from] Sandstorm
|faint|p1a: Sableye
|-damage|p2a: Gigalith|8/100 tox|[from] psn
|upkeep
|
|switch|p1a: Salazzle|Salazzle, F|40/100
|turn|17
|
|move|p1a: Salazzle|Protect|p1a: Salazzle
|-singleturn|p1a: Salazzle|Protect
|move|p2a: Gigalith|Superpower|p1a: Salazzle
|-activate|p1a: Salazzle|move: Protect
|
|-weather|none
|-damage|p2a: Gigalith|0 fnt|[from] psn
|faint|p2a: Gigalith
|upkeep
|
|switch|p2a: Rotom|Rotom|88/100
|turn|18
|
|switch|p1a: Vileplume|Vileplume, F|100/100
|-damage|p1a: Vileplume|88/100|[from] Stealth Rock
|move|p2a: Rotom|Shadow Ball|p1a: Vileplume
|-damage|p1a: Vileplume|52/100
|
|-heal|p1a: Vileplume|59/100|[from] item: Black Sludge
|upkeep
|turn|19
|
|switch|p2a: Gurdurr|Gurdurr, F|65/100
|move|p1a: Vileplume|Strength Sap|p2a: Gurdurr
|-unboost|p2a: Gurdurr|atk|1
|-heal|p1a: Vileplume|100/100
|
|upkeep
|turn|20
|
|move|p1a: Vileplume|Sleep Powder|p2a: Gurdurr
|-status|p2a: Gurdurr|slp|[from] move: Sleep Powder
|cant|p2a: Gurdurr|slp
|
|upkeep
|turn|21
|
|switch|p2a: Sigilyph|Sigilyph, F|100/100
|move|p1a: Vileplume|Sludge Bomb|p2a: Sigilyph
|-damage|p2a: Sigilyph|53/100
|-status|p2a: Sigilyph|psn
|
|upkeep
|turn|22
|
|switch|p1a: Gigalith|Gigalith, F|51/100
|-damage|p1a: Gigalith|39/100|[from] Stealth Rock
|-weather|Sandstorm|[from] ability: Sand Stream|[of] p1a: Gigalith
|move|p2a: Sigilyph|Psyshock|p1a: Gigalith
|-damage|p1a: Gigalith|13/100
|
|-weather|Sandstorm|[upkeep]
|-heal|p1a: Gigalith|19/100|[from] item: Leftovers
|upkeep
|turn|23
|
|move|p2a: Sigilyph|Psyshock|p1a: Gigalith
|-damage|p1a: Gigalith|0 fnt
|faint|p1a: Gigalith
|
|-weather|Sandstorm|[upkeep]
|upkeep
|
|switch|p1a: Vaporeon|Vaporeon, F|100/100
|-damage|p1a: Vaporeon|88/100|[from] Stealth Rock
|turn|24
|
|move|p2a: Sigilyph|Roost|p2a: Sigilyph
|-heal|p2a: Sigilyph|100/100 psn
|-singleturn|p2a: Sigilyph|move: Roost
|move|p1a: Vaporeon|Wish|p1a: Vaporeon
|
|-weather|Sandstorm|[upkeep]
|-damage|p1a: Vaporeon|82/100|[from] Sandstorm
|-heal|p1a: Vaporeon|88/100|[from] item: Leftovers
|upkeep
|turn|25
|
|move|p2a: Sigilyph|Psyshock|p1a: Vaporeon
|-damage|p1a: Vaporeon|37/100
|move|p1a: Vaporeon|Scald|p2a: Sigilyph
|-damage|p2a: Sigilyph|54/100 psn
|
|-weather|Sandstorm|[upkeep]
|-damage|p1a: Vaporeon|30/100|[from] Sandstorm
|-heal|p1a: Vaporeon|80/100|[from] move: Wish|[wisher] Vaporeon
|-heal|p1a: Vaporeon|87/100|[from] item: Leftovers
|upkeep
|turn|26
|j| kickassin666
|
|move|p2a: Sigilyph|Psyshock|p1a: Vaporeon
|-damage|p1a: Vaporeon|40/100
|move|p1a: Vaporeon|Scald|p2a: Sigilyph
|-damage|p2a: Sigilyph|13/100 psn
|
|-weather|none
|-heal|p1a: Vaporeon|46/100|[from] item: Leftovers
|upkeep
|turn|27
|c| kickassin666|Rip dollar
|c| kickassin666|I think now your times jp
|
|move|p1a: Vaporeon|Protect|p1a: Vaporeon
|-singleturn|p1a: Vaporeon|Protect
|move|p2a: Sigilyph|Psyshock|p1a: Vaporeon
|-activate|p1a: Vaporeon|move: Protect
|
|-heal|p1a: Vaporeon|52/100|[from] item: Leftovers
|upkeep
|turn|28
|
|move|p2a: Sigilyph|Psyshock|p1a: Vaporeon
|-damage|p1a: Vaporeon|2/100
|move|p1a: Vaporeon|Scald|p2a: Sigilyph
|-damage|p2a: Sigilyph|0 fnt
|faint|p2a: Sigilyph
|
|-heal|p1a: Vaporeon|8/100|[from] item: Leftovers
|upkeep
|
|switch|p2a: Whimsicott|Whimsicott, M|32/100
|turn|29
|
|move|p1a: Vaporeon|Protect|p1a: Vaporeon
|-singleturn|p1a: Vaporeon|Protect
|move|p2a: Whimsicott|Giga Drain|p1a: Vaporeon
|-activate|p1a: Vaporeon|move: Protect
|
|-heal|p2a: Whimsicott|38/100|[from] item: Leftovers
|-heal|p1a: Vaporeon|14/100|[from] item: Leftovers
|upkeep
|turn|30
|
|move|p2a: Whimsicott|Moonblast|p1a: Vaporeon
|-damage|p1a: Vaporeon|0 fnt
|faint|p1a: Vaporeon
|
|-heal|p2a: Whimsicott|44/100|[from] item: Leftovers
|upkeep
|
|switch|p1a: Salazzle|Salazzle, F|40/100
|turn|31
|
|switch|p2a: Gurdurr|Gurdurr, F|65/100 slp
|move|p1a: Salazzle|Substitute|p1a: Salazzle
|-start|p1a: Salazzle|Substitute
|-damage|p1a: Salazzle|15/100
|
|upkeep
|turn|32
|
|cant|p2a: Gurdurr|slp
|move|p1a: Salazzle|Flamethrower|p2a: Gurdurr
|-damage|p2a: Gurdurr|27/100 slp
|
|upkeep
|turn|33
|
|cant|p2a: Gurdurr|slp
|move|p1a: Salazzle|Flamethrower|p2a: Gurdurr
|-damage|p2a: Gurdurr|0 fnt
|faint|p2a: Gurdurr
|
|upkeep
|
|switch|p2a: Rotom|Rotom|88/100
|turn|34
|
|move|p2a: Rotom|Shadow Ball|p1a: Salazzle
|-end|p1a: Salazzle|Substitute
|move|p1a: Salazzle|Toxic|p2a: Rotom
|-status|p2a: Rotom|tox
|
|-damage|p2a: Rotom|82/100 tox|[from] psn
|upkeep
|turn|35
|
|switch|p2a: Whimsicott|Whimsicott, M|44/100
|move|p1a: Salazzle|Protect||[still]
|-fail|p1a: Salazzle
|
|-heal|p2a: Whimsicott|50/100|[from] item: Leftovers
|upkeep
|turn|36
|
|switch|p2a: Rotom|Rotom|82/100 tox
|move|p1a: Salazzle|Flamethrower|p2a: Rotom
|-damage|p2a: Rotom|22/100 tox
|
|-damage|p2a: Rotom|16/100 tox|[from] psn
|upkeep
|turn|37
|
|move|p1a: Salazzle|Protect|p1a: Salazzle
|-singleturn|p1a: Salazzle|Protect
|move|p2a: Rotom|Shadow Ball|p1a: Salazzle
|-activate|p1a: Salazzle|move: Protect
|
|-damage|p2a: Rotom|3/100 tox|[from] psn
|upkeep
|turn|38
|
|switch|p2a: Whimsicott|Whimsicott, M|50/100
|switch|p1a: Vileplume|Vileplume, F|100/100
|-damage|p1a: Vileplume|88/100|[from] Stealth Rock
|
|-heal|p2a: Whimsicott|56/100|[from] item: Leftovers
|-heal|p1a: Vileplume|94/100|[from] item: Black Sludge
|upkeep
|turn|39
|
|move|p2a: Whimsicott|Hurricane|p1a: Vileplume
|-supereffective|p1a: Vileplume
|-damage|p1a: Vileplume|42/100
|move|p1a: Vileplume|Sludge Bomb|p2a: Whimsicott
|-supereffective|p2a: Whimsicott
|-damage|p2a: Whimsicott|0 fnt
|faint|p2a: Whimsicott
|
|-heal|p1a: Vileplume|49/100|[from] item: Black Sludge
|upkeep
|
|switch|p2a: Rotom|Rotom|3/100 tox
|turn|40
|c|☆Dollarsalt|Gg
|
|move|p2a: Rotom|Shadow Ball|p1a: Vileplume
|-damage|p1a: Vileplume|10/100
|move|p1a: Vileplume|Giga Drain|p2a: Rotom
|-damage|p2a: Rotom|0 fnt
|-heal|p1a: Vileplume|12/100|[from] drain|[of] p2a: Rotom
|faint|p2a: Rotom
|
|win|Dollarsalt
|l|☆lighthouses
|c| kickassin666|Damn
|c| kickassin666|You absolute goat
|raw|Dollarsalt's rating: 1507 &rarr; <strong>1526</strong><br />(+19 for winning)
|raw|lighthouses's rating: 1484 &rarr; <strong>1466</strong><br />(-18 for losing)
