|j|☆btboy
|j|☆arce9
|t:|1663710343
|gametype|singles
|player|p1|btboy|102|
|player|p2|arce9|#scl2spartans|
|teamsize|p1|6
|teamsize|p2|6
|gen|8
|tier|[Gen 8] RU
|rule|Sleep Clause Mod: Limit one foe put to sleep
|rule|Species Clause: Limit one of each Pokémon
|rule|OHKO Clause: OHKO moves are banned
|rule|Evasion Items Clause: Evasion items are banned
|rule|Evasion Moves Clause: Evasion moves are banned
|rule|Endless Battle Clause: Forcing endless battles is banned
|rule|HP Percentage Mod: HP is shown in percentages
|rule|Dynamax Clause: You cannot dynamax
|clearpoke
|poke|p1|Sigilyph, F|
|poke|p1|Reuniclus, F|
|poke|p1|Nidoqueen, F|
|poke|p1|Stakataka|
|poke|p1|Gardevoir, M|
|poke|p1|Guzzlord|
|poke|p2|Lucario, M|
|poke|p2|Metagross|
|poke|p2|Steelix, F|
|poke|p2|Stakataka|
|poke|p2|Bronzong|
|poke|p2|Escavalier, F|
|teampreview
|c|☆arce9|hf
|c|☆arce9|bruh
|c|☆arce9|you hid it
|c|☆arce9|disqualified
|c|☆btboy|oh
|c|☆btboy|how do i make public
|c|☆arce9|./publicroom
|c|☆btboy|/log btboy made this room public.
|c|☆btboy|okay glhf
|j| MAc3 ✝
|
|t:|1663710455
|start
|switch|p1a: Nidoqueen|Nidoqueen, F|100/100
|switch|p2a: Bronzong|Bronzong|100/100
|turn|1
|j| yOuRwElCoMeThAnk
|
|t:|1663710465
|move|p1a: Nidoqueen|Stealth Rock|p2a: Bronzong
|-sidestart|p2: arce9|move: Stealth Rock
|move|p2a: Bronzong|Earthquake|p1a: Nidoqueen
|-supereffective|p1a: Nidoqueen
|-damage|p1a: Nidoqueen|59/100
|
|-heal|p1a: Nidoqueen|65/100|[from] item: Black Sludge
|upkeep
|turn|2
|j| Beraldinhoo
|
|t:|1663710472
|switch|p1a: Guzzlord|Guzzlord|100/100
|move|p2a: Bronzong|Trick|p1a: Guzzlord
|-activate|p2a: Bronzong|move: Trick|[of] p1a: Guzzlord
|-item|p1a: Guzzlord|Toxic Orb|[from] move: Trick
|-item|p2a: Bronzong|Leftovers|[from] move: Trick
|
|-status|p1a: Guzzlord|tox|[from] item: Toxic Orb
|upkeep
|turn|3
|c| MAc3 ✝|why havent u used the two most broken ru monotypes
|c|☆arce9|nice lefties
|c| Beraldinhoo|ouu the triple psychic into mono steel
|c|☆arce9|being mac?
|c| MAc3 ✝|ground and flying
|c| yOuRwElCoMeThAnk|No Ice?
|c|☆arce9|i have those too
|c|☆arce9|flying is bad tho
|c|☆arce9|you have to use
|c|☆arce9|emolga
|c|☆btboy|the bw zu threat
|c| MAc3 ✝|only if ur a coward
|c|☆arce9|if you dont wanna get swept by xurk
|c| MAc3 ✝|just make everything wacan
|c|☆btboy|but then no boots
|
|t:|1663710544
|switch|p2a: Steelix|Steelix, F|100/100
|-damage|p2a: Steelix|97/100|[from] Stealth Rock
|move|p1a: Guzzlord|Knock Off|p2a: Steelix
|-damage|p2a: Steelix|80/100
|-enditem|p2a: Steelix|Leftovers|[from] move: Knock Off|[of] p1a: Guzzlord
|
|-damage|p1a: Guzzlord|94/100 tox|[from] psn
|upkeep
|turn|4
|c| yOuRwElCoMeThAnk|run landorus-t
|
|t:|1663710554
|move|p1a: Guzzlord|Drain Punch|p2a: Steelix
|-supereffective|p2a: Steelix
|-damage|p2a: Steelix|61/100
|-heal|p1a: Guzzlord|99/100 tox|[from] drain|[of] p2a: Steelix
|move|p2a: Steelix|Stealth Rock|p1a: Guzzlord
|-sidestart|p1: btboy|move: Stealth Rock
|
|-damage|p1a: Guzzlord|88/100 tox|[from] psn
|upkeep
|turn|5
|c| MAc3 ✝|xatu gives no boots
|c| yOuRwElCoMeThAnk|also, uknow flygon flies
|c| yOuRwElCoMeThAnk|it has fly in the name
|c|☆arce9|what the hell
|c|☆btboy|i told you
|c|☆btboy|anti franklin team
|c| MAc3 ✝|drain punch???
|c| yOuRwElCoMeThAnk|the stakataka tech?
|c|☆arce9|whats that even for
|
|t:|1663710582
|switch|p1a: Reuniclus|Reuniclus, F|100/100
|move|p2a: Steelix|Heavy Slam|p1a: Reuniclus
|-damage|p1a: Reuniclus|74/100
|
|upkeep
|turn|6
|c| MAc3 ✝|mono steel
|
|t:|1663710596
|switch|p1a: Sigilyph|Sigilyph, F|100/100
|switch|p2a: Escavalier|Escavalier, F|100/100
|-damage|p2a: Escavalier|88/100|[from] Stealth Rock
|
|-heal|p2a: Escavalier|94/100|[from] item: Leftovers
|upkeep
|turn|7
|c|☆btboy|you fool
|
|t:|1663710605
|switch|p2a: Bronzong|Bronzong|100/100
|-damage|p2a: Bronzong|94/100|[from] Stealth Rock
|move|p1a: Sigilyph|Heat Wave|p2a: Bronzong
|-supereffective|p2a: Bronzong
|-damage|p2a: Bronzong|39/100
|
|-heal|p2a: Bronzong|45/100|[from] item: Leftovers
|upkeep
|turn|8
|
|t:|1663710612
|move|p1a: Sigilyph|Heat Wave|p2a: Bronzong
|-supereffective|p2a: Bronzong
|-damage|p2a: Bronzong|0 fnt
|faint|p2a: Bronzong
|
|upkeep
|c|☆btboy|i am a gemius
|
|t:|1663710623
|switch|p2a: Stakataka|Stakataka|100/100
|-damage|p2a: Stakataka|94/100|[from] Stealth Rock
|turn|9
|c| Beraldinhoo|right
|c| MAc3 ✝|thought itd be heatproof
|
|t:|1663710642
|switch|p1a: Reuniclus|Reuniclus, F|74/100
|move|p2a: Stakataka|Gyro Ball|p1a: Reuniclus
|-damage|p1a: Reuniclus|43/100
|
|upkeep
|turn|10
|
|t:|1663710668
|switch|p2a: Escavalier|Escavalier, F|94/100
|-damage|p2a: Escavalier|82/100|[from] Stealth Rock
|move|p1a: Reuniclus|Recover|p1a: Reuniclus
|-heal|p1a: Reuniclus|93/100
|
|-heal|p2a: Escavalier|88/100|[from] item: Leftovers
|upkeep
|turn|11
|j|+Feliburn
|
|t:|1663710683
|switch|p1a: Guzzlord|Guzzlord|88/100 tox
|-damage|p1a: Guzzlord|75/100 tox|[from] Stealth Rock
|move|p2a: Escavalier|Megahorn|p1a: Guzzlord
|-supereffective|p1a: Guzzlord
|-damage|p1a: Guzzlord|5/100 tox
|
|-heal|p2a: Escavalier|94/100|[from] item: Leftovers
|-damage|p1a: Guzzlord|0 fnt|[from] psn
|faint|p1a: Guzzlord
|upkeep
|
|t:|1663710690
|switch|p1a: Sigilyph|Sigilyph, F|100/100
|turn|12
|
|t:|1663710699
|switch|p1a: Nidoqueen|Nidoqueen, F|65/100
|-damage|p1a: Nidoqueen|59/100|[from] Stealth Rock
|switch|p2a: Stakataka|Stakataka|94/100
|-damage|p2a: Stakataka|88/100|[from] Stealth Rock
|
|-heal|p1a: Nidoqueen|65/100|[from] item: Black Sludge
|upkeep
|turn|13
|c| yOuRwElCoMeThAnk|what kinda guzz takes 70 from megahorn??
|
|t:|1663710721
|move|p1a: Nidoqueen|Earth Power|p2a: Stakataka
|-supereffective|p2a: Stakataka
|-enditem|p2a: Stakataka|Shuca Berry|[eat]
|-enditem|p2a: Stakataka|Shuca Berry|[weaken]
|-damage|p2a: Stakataka|1/100
|move|p2a: Stakataka|Earthquake|p1a: Nidoqueen
|-supereffective|p1a: Nidoqueen
|-damage|p1a: Nidoqueen|0 fnt
|faint|p1a: Nidoqueen
|-ability|p2a: Stakataka|Beast Boost|boost
|-boost|p2a: Stakataka|atk|1
|
|upkeep
|c|☆btboy|HAX
|
|t:|1663710735
|switch|p1a: Sigilyph|Sigilyph, F|100/100
|turn|14
|
|t:|1663710738
|move|p1a: Sigilyph|Energy Ball|p2a: Stakataka
|-damage|p2a: Stakataka|0 fnt
|faint|p2a: Stakataka
|
|upkeep
|
|t:|1663710746
|switch|p2a: Metagross|Metagross|100/100
|-damage|p2a: Metagross|95/100|[from] Stealth Rock
|turn|15
|c| yOuRwElCoMeThAnk|expulso cteams scarf gardevoir with mono steel AND haxes btboy?
|c| yOuRwElCoMeThAnk|arc
|
|t:|1663710768
|switch|p1a: Reuniclus|Reuniclus, F|93/100
|move|p2a: Metagross|Meteor Mash|p1a: Reuniclus
|-damage|p1a: Reuniclus|59/100
|
|upkeep
|turn|16
|
|t:|1663710776
|move|p2a: Metagross|Meteor Mash|p1a: Reuniclus
|-damage|p1a: Reuniclus|28/100
|-boost|p2a: Metagross|atk|1
|move|p1a: Reuniclus|Recover|p1a: Reuniclus
|-heal|p1a: Reuniclus|78/100
|
|upkeep
|turn|17
|
|t:|1663710784
|move|p2a: Metagross|Meteor Mash|p1a: Reuniclus
|-damage|p1a: Reuniclus|32/100
|move|p1a: Reuniclus|Focus Blast|p2a: Metagross|[miss]
|-miss|p1a: Reuniclus|p2a: Metagross
|
|upkeep
|turn|18
|c|☆btboy|hax
|
|t:|1663710791
|move|p2a: Metagross|Meteor Mash|p1a: Reuniclus|[miss]
|-miss|p2a: Metagross|p1a: Reuniclus
|move|p1a: Reuniclus|Focus Blast|p2a: Metagross
|-damage|p2a: Metagross|56/100
|
|upkeep
|turn|19
|
|t:|1663710796
|move|p2a: Metagross|Meteor Mash|p1a: Reuniclus
|-damage|p1a: Reuniclus|0 fnt
|faint|p1a: Reuniclus
|
|upkeep
|
|t:|1663710799
|switch|p1a: Stakataka|Stakataka|100/100
|-damage|p1a: Stakataka|94/100|[from] Stealth Rock
|turn|20
|c|+Feliburn|this is some
|c|+Feliburn|max sp def max defense guzz
|c|+Feliburn|guaranteed
|c|☆btboy|!showset guzzlord
|c| btboy|/raw <div class="infobox">Guzzlord @ Leftovers  <br />Ability: Beast Boost  <br />EVs: 252 Def &#x2f; 104 SpD &#x2f; 152 Spe  <br />Impish Nature  <br />- Knock Off  <br />- Drain Punch  <br />- Toxic  <br />- Protect  <br /><br /></div>
|c|+Feliburn|yep
|
|t:|1663710828
|switch|p2a: Steelix|Steelix, F|61/100
|-damage|p2a: Steelix|58/100|[from] Stealth Rock
|move|p1a: Stakataka|Earthquake|p2a: Steelix
|-supereffective|p2a: Steelix
|-damage|p2a: Steelix|16/100
|
|upkeep
|turn|21
|c|☆btboy|idk how to ev a guzzlord
|
|t:|1663710839
|switch|p1a: Sigilyph|Sigilyph, F|100/100
|move|p2a: Steelix|Earthquake|p1a: Sigilyph
|-immune|p1a: Sigilyph
|
|upkeep
|turn|22
|
|t:|1663710843
|move|p1a: Sigilyph|Energy Ball|p2a: Steelix
|-damage|p2a: Steelix|0 fnt
|faint|p2a: Steelix
|
|upkeep
|c| MAc3 ✝|u put some atk
|c|+Feliburn|the fact that its
|
|t:|1663710846
|switch|p2a: Metagross|Metagross|56/100
|-damage|p2a: Metagross|50/100|[from] Stealth Rock
|turn|23
|c|+Feliburn|drain punch
|c|+Feliburn|is the wild part
|c| MAc3 ✝|so is toxtect
|c| MAc3 ✝|im such a fan of this
|c|+Feliburn|LOL
|
|t:|1663710861
|switch|p1a: Gardevoir|Gardevoir, M|100/100
|-damage|p1a: Gardevoir|88/100|[from] Stealth Rock
|move|p2a: Metagross|Meteor Mash|p1a: Gardevoir
|-supereffective|p1a: Gardevoir
|-crit|p1a: Gardevoir
|-damage|p1a: Gardevoir|0 fnt
|-boost|p2a: Metagross|atk|1
|faint|p1a: Gardevoir
|
|upkeep
|
|t:|1663710864
|switch|p1a: Stakataka|Stakataka|94/100
|-damage|p1a: Stakataka|88/100|[from] Stealth Rock
|turn|24
|c| MAc3 ✝|all the innovation flowing
|c|+Feliburn|noo dont sack garde!
|
|t:|1663710876
|switch|p2a: Escavalier|Escavalier, F|94/100
|-damage|p2a: Escavalier|81/100|[from] Stealth Rock
|move|p1a: Stakataka|Trick Room|p1a: Stakataka
|-fieldstart|move: Trick Room|[of] p1a: Stakataka
|
|-heal|p2a: Escavalier|87/100|[from] item: Leftovers
|upkeep
|turn|25
|c| yOuRwElCoMeThAnk|heat crash rn
|c|+Feliburn|noo dont tr yet!
|c|+Feliburn|if it clicks heat crash I'm giving him the win before he plays me
|c|☆btboy|i am a gemius
|
|t:|1663710929
|move|p1a: Stakataka|Earthquake|p2a: Escavalier
|-damage|p2a: Escavalier|50/100
|move|p2a: Escavalier|Rest|p2a: Escavalier
|-status|p2a: Escavalier|slp|[from] move: Rest
|-heal|p2a: Escavalier|100/100 slp|[silent]
|
|upkeep
|turn|26
|c| Beraldinhoo|the way magmortar would 6-0 arce's team
|
|t:|1663710939
|move|p1a: Stakataka|Stone Edge|p2a: Escavalier
|-crit|p2a: Escavalier
|-damage|p2a: Escavalier|23/100 slp
|cant|p2a: Escavalier|slp
|move|p2a: Escavalier|Sleep Talk|p2a: Escavalier
|move|p2a: Escavalier|Megahorn|p1a: Stakataka|[from]move: Sleep Talk
|-resisted|p1a: Stakataka
|-damage|p1a: Stakataka|65/100
|
|-heal|p2a: Escavalier|29/100 slp|[from] item: Leftovers
|upkeep
|turn|27
|c|☆arce9|damn there goes the victory
|c|☆btboy|you haxed me
|c|☆btboy|it should have been a 6-0
|
|t:|1663710985
|move|p1a: Stakataka|Earthquake|p2a: Escavalier
|-damage|p2a: Escavalier|0 fnt
|faint|p2a: Escavalier
|-ability|p1a: Stakataka|Beast Boost|boost
|-boost|p1a: Stakataka|atk|1
|
|upkeep
|c| yOuRwElCoMeThAnk|shuca luk come on
|c|☆btboy|n
|c| yOuRwElCoMeThAnk|quick claw luc
|c|☆btboy|franklin timer stalling me
|c|☆btboy|theres no honor among gamers anymore
|c| yOuRwElCoMeThAnk|Timer stalling w/o timer
|c| yOuRwElCoMeThAnk|Yep.
|
|t:|1663711056
|switch|p2a: Metagross|Metagross|50/100
|-damage|p2a: Metagross|44/100|[from] Stealth Rock
|turn|28
|c|+Feliburn|hmmm
|
|t:|1663711072
|move|p1a: Stakataka|Earthquake|p2a: Metagross
|-supereffective|p2a: Metagross
|-damage|p2a: Metagross|0 fnt
|faint|p2a: Metagross
|-ability|p1a: Stakataka|Beast Boost|boost
|-boost|p1a: Stakataka|atk|1
|
|-fieldend|move: Trick Room
|upkeep
|
|t:|1663711076
|switch|p2a: Lucario|Lucario, M|100/100
|-damage|p2a: Lucario|98/100|[from] Stealth Rock
|turn|29
|c| MAc3 ✝|5% time
|
|t:|1663711094
|move|p2a: Lucario|Close Combat|p1a: Stakataka
|-supereffective|p1a: Stakataka
|-enditem|p1a: Stakataka|Chople Berry|[eat]
|-enditem|p1a: Stakataka|Chople Berry|[weaken]
|-damage|p1a: Stakataka|0 fnt
|-unboost|p2a: Lucario|def|1
|-unboost|p2a: Lucario|spd|1
|faint|p1a: Stakataka
|-damage|p2a: Lucario|88/100|[from] item: Life Orb
|
|upkeep
|c|☆arce9|i deserve it
|
|t:|1663711105
|switch|p1a: Sigilyph|Sigilyph, F|100/100
|turn|30
|c| yOuRwElCoMeThAnk|no drain punch sash luc?
|
|t:|1663711124
|move|p1a: Sigilyph|Air Slash|p2a: Lucario
|-damage|p2a: Lucario|0 fnt
|faint|p2a: Lucario
|
|win|btboy
|c|☆btboy|gg
|c| MAc3 ✝|focus band
|c|☆arce9|wow
|c|☆arce9|haxed
|c|+Feliburn|play mac rn
|c|☆btboy|n
|c|☆btboy|gn
|c| MAc3 ✝|boooo
|c|☆arce9|gg
|c|+Feliburn|its 6 PM btbou..
|c|+Feliburn|I think
|c|☆btboy|5:00
|c|☆btboy|im an old man
|l|+Feliburn
|c|☆btboy|time for my supper
|l|☆btboy
|l| MAc3 ✝
|j| Aiyaru
|l| Beraldinhoo
