|j|☆one step from eden
|j|☆EpicBoost
|player|p1|one step from eden|grimsley-gen7|1499
|player|p2|EpicBoost|nanu|1440
|teamsize|p1|6
|teamsize|p2|6
|gametype|singles
|gen|8
|tier|[Gen 8] RU
|rated|
|clearpoke
|poke|p1|Noctowl, M|
|poke|p1|Sneasel, M|
|poke|p1|Wishiwashi, F|
|poke|p1|Rhydon, F|
|poke|p1|Decidueye, M|
|poke|p1|Togedemaru, F|
|poke|p2|Copperajah, M|
|poke|p2|Vaporeon, F|
|poke|p2|Rillaboom, F|
|poke|p2|Bewear, M|
|poke|p2|Sableye, F|
|poke|p2|Charizard, M|
|rule|Sleep Clause Mod: Limit one foe put to sleep
|rule|Species Clause: Limit one of each Pokémon
|rule|OHKO Clause: OHKO moves are banned
|rule|Evasion Moves Clause: Evasion moves are banned
|rule|Endless Battle Clause: Forcing endless battles is banned
|rule|HP Percentage Mod: HP is shown in percentages
|rule|Dynamax Clause: You cannot dynamax
|teampreview
|c|☆EpicBoost|hf
|
|start
|switch|p1a: Rhydon|Rhydon, F|100/100
|switch|p2a: Rillaboom|Rillaboom, F|100/100
|turn|1
|
|switch|p1a: Decidueye|Decidueye, M|100/100
|move|p2a: Rillaboom|Wood Hammer|p1a: Decidueye
|-resisted|p1a: Decidueye
|-damage|p1a: Decidueye|70/100
|-damage|p2a: Rillaboom|90/100|[from] Recoil
|
|upkeep
|turn|2
|
|switch|p2a: Sableye|Sableye, F|100/100
|switch|p1a: Togedemaru|Togedemaru, F|100/100
|
|upkeep
|turn|3
|
|switch|p1a: Noctowl|Noctowl, M|100/100
|move|p2a: Sableye|Will-O-Wisp|p1a: Noctowl
|-status|p1a: Noctowl|brn
|
|-damage|p1a: Noctowl|94/100 brn|[from] brn
|upkeep
|turn|4
|
|move|p1a: Noctowl|Hurricane|p2a: Sableye
|-damage|p2a: Sableye|50/100
|move|p2a: Sableye|Knock Off|p1a: Noctowl
|-damage|p1a: Noctowl|45/100 brn
|-enditem|p1a: Noctowl|Heavy-Duty Boots|[from] move: Knock Off|[of] p2a: Sableye
|
|-heal|p2a: Sableye|56/100|[from] item: Leftovers
|-damage|p1a: Noctowl|39/100 brn|[from] brn
|upkeep
|turn|5
|
|move|p2a: Sableye|Recover|p2a: Sableye
|-heal|p2a: Sableye|100/100
|move|p1a: Noctowl|Roost|p1a: Noctowl
|-heal|p1a: Noctowl|89/100 brn
|-singleturn|p1a: Noctowl|move: Roost
|
|-damage|p1a: Noctowl|83/100 brn|[from] brn
|upkeep
|turn|6
|
|switch|p1a: Wishiwashi|Wishiwashi, F|100/100
|-formechange|p1a: Wishiwashi|Wishiwashi-School||[from] ability: Schooling
|move|p2a: Sableye|Encore||[still]
|-fail|p2a: Sableye
|
|upkeep
|turn|7
|
|switch|p2a: Vaporeon|Vaporeon, F|100/100
|move|p1a: Wishiwashi|Scald|p2a: Vaporeon
|-immune|p2a: Vaporeon|[from] ability: Water Absorb
|
|upkeep
|turn|8
|
|move|p2a: Vaporeon|Scald|p1a: Wishiwashi
|-resisted|p1a: Wishiwashi
|-damage|p1a: Wishiwashi|90/100
|move|p1a: Wishiwashi|U-turn|p2a: Vaporeon
|-damage|p2a: Vaporeon|76/100
|
|switch|p1a: Sneasel|Sneasel, M|100/100|[from]move: U-turn
|
|-heal|p2a: Vaporeon|83/100|[from] item: Leftovers
|upkeep
|turn|9
|
|move|p2a: Vaporeon|Protect|p2a: Vaporeon
|-singleturn|p2a: Vaporeon|Protect
|move|p1a: Sneasel|Knock Off|p2a: Vaporeon
|-activate|p2a: Vaporeon|move: Protect
|
|-heal|p2a: Vaporeon|89/100|[from] item: Leftovers
|upkeep
|turn|10
|
|switch|p2a: Bewear|Bewear, M|100/100
|move|p1a: Sneasel|Knock Off|p2a: Bewear
|-resisted|p2a: Bewear
|-damage|p2a: Bewear|89/100
|-enditem|p2a: Bewear|Leftovers|[from] move: Knock Off|[of] p1a: Sneasel
|
|upkeep
|turn|11
|
|switch|p1a: Wishiwashi|Wishiwashi, F|90/100
|-formechange|p1a: Wishiwashi|Wishiwashi-School||[from] ability: Schooling
|move|p2a: Bewear|Substitute|p2a: Bewear
|-start|p2a: Bewear|Substitute
|-damage|p2a: Bewear|64/100
|
|-heal|p1a: Wishiwashi|96/100|[from] item: Leftovers
|upkeep
|turn|12
|
|move|p2a: Bewear|Drain Punch|p1a: Wishiwashi
|-damage|p1a: Wishiwashi|62/100
|-heal|p2a: Bewear|77/100|[from] drain|[of] p1a: Wishiwashi
|move|p1a: Wishiwashi|Scald|p2a: Bewear
|-end|p2a: Bewear|Substitute
|
|-heal|p1a: Wishiwashi|69/100|[from] item: Leftovers
|upkeep
|turn|13
|
|switch|p2a: Vaporeon|Vaporeon, F|89/100
|move|p1a: Wishiwashi|U-turn|p2a: Vaporeon
|-damage|p2a: Vaporeon|66/100
|
|switch|p1a: Decidueye|Decidueye, M|70/100|[from]move: U-turn
|
|-heal|p2a: Vaporeon|72/100|[from] item: Leftovers
|upkeep
|turn|14
|
|move|p2a: Vaporeon|Protect|p2a: Vaporeon
|-singleturn|p2a: Vaporeon|Protect
|move|p1a: Decidueye|Roost|p1a: Decidueye
|-heal|p1a: Decidueye|100/100
|-singleturn|p1a: Decidueye|move: Roost
|
|-heal|p2a: Vaporeon|79/100|[from] item: Leftovers
|upkeep
|turn|15
|
|switch|p2a: Charizard|Charizard, M|100/100
|move|p1a: Decidueye|Grass Knot|p2a: Charizard
|-resisted|p2a: Charizard
|-damage|p2a: Charizard|90/100
|
|upkeep
|turn|16
|
|switch|p2a: Bewear|Bewear, M|77/100
|switch|p1a: Rhydon|Rhydon, F|100/100
|
|upkeep
|turn|17
|
|move|p2a: Bewear|Bulk Up|p2a: Bewear
|-boost|p2a: Bewear|atk|1
|-boost|p2a: Bewear|def|1
|move|p1a: Rhydon|Earthquake|p2a: Bewear
|-damage|p2a: Bewear|52/100
|
|upkeep
|turn|18
|
|switch|p1a: Decidueye|Decidueye, M|100/100
|move|p2a: Bewear|Substitute|p2a: Bewear
|-start|p2a: Bewear|Substitute
|-damage|p2a: Bewear|27/100
|
|upkeep
|turn|19
|
|move|p1a: Decidueye|Grass Knot|p2a: Bewear
|-end|p2a: Bewear|Substitute
|move|p2a: Bewear|Darkest Lariat|p1a: Decidueye
|-supereffective|p1a: Decidueye
|-enditem|p1a: Decidueye|Colbur Berry|[eat]
|-enditem|p1a: Decidueye|Colbur Berry|[weaken]
|-damage|p1a: Decidueye|56/100
|
|upkeep
|turn|20
|c|☆EpicBoost|ooh
|c|☆EpicBoost|alright
|
|move|p1a: Decidueye|Roost|p1a: Decidueye
|-heal|p1a: Decidueye|100/100
|-singleturn|p1a: Decidueye|move: Roost
|move|p2a: Bewear|Darkest Lariat|p1a: Decidueye
|-supereffective|p1a: Decidueye
|-damage|p1a: Decidueye|12/100
|
|upkeep
|turn|21
|j| shujiin
|
|switch|p2a: Charizard|Charizard, M|90/100
|move|p1a: Decidueye|Roost|p1a: Decidueye
|-heal|p1a: Decidueye|62/100
|-singleturn|p1a: Decidueye|move: Roost
|
|upkeep
|turn|22
|
|switch|p1a: Rhydon|Rhydon, F|100/100
|move|p2a: Charizard|Air Slash|p1a: Rhydon
|-resisted|p1a: Rhydon
|-damage|p1a: Rhydon|83/100
|
|upkeep
|turn|23
|
|switch|p2a: Rillaboom|Rillaboom, F|90/100
|move|p1a: Rhydon|Earthquake|p2a: Rillaboom
|-resisted|p2a: Rillaboom
|-damage|p2a: Rillaboom|65/100
|
|upkeep
|turn|24
|
|switch|p1a: Noctowl|Noctowl, M|83/100 brn
|move|p2a: Rillaboom|Wood Hammer|p1a: Noctowl
|-resisted|p1a: Noctowl
|-damage|p1a: Noctowl|23/100 brn
|-damage|p2a: Rillaboom|45/100|[from] Recoil
|
|-damage|p1a: Noctowl|17/100 brn|[from] brn
|upkeep
|turn|25
|
|switch|p1a: Togedemaru|Togedemaru, F|100/100
|move|p2a: Rillaboom|Wood Hammer|p1a: Togedemaru
|-resisted|p1a: Togedemaru
|-damage|p1a: Togedemaru|36/100
|-damage|p2a: Rillaboom|33/100|[from] ability: Iron Barbs|[of] p1a: Togedemaru
|-damage|p2a: Rillaboom|16/100|[from] Recoil
|
|upkeep
|turn|26
|
|switch|p2a: Bewear|Bewear, M|27/100
|move|p1a: Togedemaru|U-turn|p2a: Bewear
|-resisted|p2a: Bewear
|-crit|p2a: Bewear
|-damage|p2a: Bewear|22/100
|
|switch|p1a: Noctowl|Noctowl, M|17/100 brn|[from]move: U-turn
|
|-damage|p1a: Noctowl|11/100 brn|[from] brn
|upkeep
|turn|27
|
|move|p1a: Noctowl|Hurricane|p2a: Bewear|[miss]
|-miss|p1a: Noctowl|p2a: Bewear
|move|p2a: Bewear|Drain Punch|p1a: Noctowl
|-damage|p1a: Noctowl|0 fnt
|-heal|p2a: Bewear|26/100|[from] drain|[of] p1a: Noctowl
|faint|p1a: Noctowl
|
|upkeep
|c|☆EpicBoost|sorry
|c|☆EpicBoost|that was quite lucky
|
|switch|p1a: Decidueye|Decidueye, M|62/100
|turn|28
|
|switch|p2a: Charizard|Charizard, M|90/100
|move|p1a: Decidueye|Hurricane|p2a: Charizard
|-damage|p2a: Charizard|53/100
|-start|p2a: Charizard|confusion
|
|upkeep
|turn|29
|
|switch|p1a: Rhydon|Rhydon, F|83/100
|-activate|p2a: Charizard|confusion
|move|p2a: Charizard|Roost|p2a: Charizard
|-heal|p2a: Charizard|100/100
|-singleturn|p2a: Charizard|move: Roost
|
|upkeep
|turn|30
|
|-activate|p2a: Charizard|confusion
|move|p2a: Charizard|Air Slash|p1a: Rhydon
|-resisted|p1a: Rhydon
|-damage|p1a: Rhydon|66/100
|move|p1a: Rhydon|Rock Blast|p2a: Charizard
|-supereffective|p2a: Charizard
|-damage|p2a: Charizard|28/100
|-supereffective|p2a: Charizard
|-damage|p2a: Charizard|0 fnt
|-hitcount|p2a: Charizard|2
|faint|p2a: Charizard
|
|upkeep
|
|switch|p2a: Rillaboom|Rillaboom, F|16/100
|turn|31
|
|switch|p1a: Togedemaru|Togedemaru, F|36/100
|move|p2a: Rillaboom|Earthquake|p1a: Togedemaru
|-supereffective|p1a: Togedemaru
|-damage|p1a: Togedemaru|0 fnt
|faint|p1a: Togedemaru
|
|upkeep
|j| KBG8 aldey
|
|switch|p1a: Decidueye|Decidueye, M|62/100
|turn|32
|
|switch|p2a: Sableye|Sableye, F|100/100
|move|p1a: Decidueye|Roost|p1a: Decidueye
|-heal|p1a: Decidueye|100/100
|-singleturn|p1a: Decidueye|move: Roost
|
|upkeep
|turn|33
|
|switch|p1a: Wishiwashi|Wishiwashi, F|69/100
|-formechange|p1a: Wishiwashi|Wishiwashi-School||[from] ability: Schooling
|move|p2a: Sableye|Knock Off|p1a: Wishiwashi
|-damage|p1a: Wishiwashi|44/100
|-enditem|p1a: Wishiwashi|Leftovers|[from] move: Knock Off|[of] p2a: Sableye
|
|upkeep
|turn|34
|
|move|p2a: Sableye|Knock Off|p1a: Wishiwashi
|-damage|p1a: Wishiwashi|28/100
|move|p1a: Wishiwashi|Scald|p2a: Sableye
|-damage|p2a: Sableye|60/100
|-status|p2a: Sableye|brn
|
|-heal|p2a: Sableye|66/100 brn|[from] item: Leftovers
|-damage|p2a: Sableye|60/100 brn|[from] brn
|upkeep
|turn|35
|
|move|p2a: Sableye|Knock Off|p1a: Wishiwashi
|-damage|p1a: Wishiwashi|20/100
|move|p1a: Wishiwashi|U-turn|p2a: Sableye
|-damage|p2a: Sableye|31/100 brn
|
|switch|p1a: Sneasel|Sneasel, M|100/100|[from]move: U-turn
|
|-heal|p2a: Sableye|37/100 brn|[from] item: Leftovers
|-damage|p2a: Sableye|31/100 brn|[from] brn
|upkeep
|turn|36
|
|switch|p2a: Copperajah|Copperajah, M|100/100
|move|p1a: Sneasel|Knock Off|p2a: Copperajah
|-damage|p2a: Copperajah|33/100
|-enditem|p2a: Copperajah|Choice Band|[from] move: Knock Off|[of] p1a: Sneasel
|
|upkeep
|turn|37
|
|move|p1a: Sneasel|Knock Off|p2a: Copperajah
|-damage|p2a: Copperajah|0 fnt
|faint|p2a: Copperajah
|
|upkeep
|
|switch|p2a: Bewear|Bewear, M|26/100
|turn|38
|
|move|p1a: Sneasel|Knock Off|p2a: Bewear
|-resisted|p2a: Bewear
|-damage|p2a: Bewear|19/100
|move|p2a: Bewear|Darkest Lariat|p1a: Sneasel
|-resisted|p1a: Sneasel
|-damage|p1a: Sneasel|70/100
|
|upkeep
|turn|39
|l| KBG8 aldey
|
|switch|p1a: Wishiwashi|Wishiwashi, F|20/100
|move|p2a: Bewear|Drain Punch|p1a: Wishiwashi
|-damage|p1a: Wishiwashi|0 fnt
|-heal|p2a: Bewear|26/100|[from] drain|[of] p1a: Wishiwashi
|faint|p1a: Wishiwashi
|
|upkeep
|
|switch|p1a: Decidueye|Decidueye, M|100/100
|turn|40
|
|switch|p2a: Sableye|Sableye, F|31/100 brn
|move|p1a: Decidueye|Grass Knot|p2a: Sableye
|-damage|p2a: Sableye|13/100 brn
|
|-heal|p2a: Sableye|19/100 brn|[from] item: Leftovers
|-damage|p2a: Sableye|13/100 brn|[from] brn
|upkeep
|turn|41
|
|move|p2a: Sableye|Recover|p2a: Sableye
|-heal|p2a: Sableye|63/100 brn
|move|p1a: Decidueye|Hurricane|p2a: Sableye
|-damage|p2a: Sableye|35/100 brn
|
|-heal|p2a: Sableye|41/100 brn|[from] item: Leftovers
|-damage|p2a: Sableye|35/100 brn|[from] brn
|upkeep
|turn|42
|
|switch|p1a: Sneasel|Sneasel, M|70/100
|move|p2a: Sableye|Recover|p2a: Sableye
|-heal|p2a: Sableye|85/100 brn
|
|-heal|p2a: Sableye|91/100 brn|[from] item: Leftovers
|-damage|p2a: Sableye|85/100 brn|[from] brn
|upkeep
|turn|43
|
|switch|p2a: Rillaboom|Rillaboom, F|16/100
|move|p1a: Sneasel|Icicle Crash|p2a: Rillaboom
|-supereffective|p2a: Rillaboom
|-damage|p2a: Rillaboom|0 fnt
|faint|p2a: Rillaboom
|
|upkeep
|
|switch|p2a: Bewear|Bewear, M|26/100
|turn|44
|
|move|p1a: Sneasel|Icicle Crash|p2a: Bewear
|-damage|p2a: Bewear|0 fnt
|faint|p2a: Bewear
|
|upkeep
|c|☆EpicBoost|oh heck
|
|switch|p2a: Vaporeon|Vaporeon, F|79/100
|turn|45
|
|switch|p1a: Decidueye|Decidueye, M|100/100
|move|p2a: Vaporeon|Scald|p1a: Decidueye
|-resisted|p1a: Decidueye
|-damage|p1a: Decidueye|86/100
|-status|p1a: Decidueye|brn
|
|-heal|p2a: Vaporeon|85/100|[from] item: Leftovers
|-damage|p1a: Decidueye|80/100 brn|[from] brn
|upkeep
|turn|46
|
|switch|p2a: Sableye|Sableye, F|85/100 brn
|move|p1a: Decidueye|Grass Knot|p2a: Sableye
|-damage|p2a: Sableye|67/100 brn
|
|-heal|p2a: Sableye|73/100 brn|[from] item: Leftovers
|-damage|p1a: Decidueye|74/100 brn|[from] brn
|-damage|p2a: Sableye|67/100 brn|[from] brn
|upkeep
|turn|47
|
|switch|p1a: Sneasel|Sneasel, M|70/100
|move|p2a: Sableye|Knock Off|p1a: Sneasel
|-resisted|p1a: Sneasel
|-damage|p1a: Sneasel|55/100
|-enditem|p1a: Sneasel|Choice Band|[from] move: Knock Off|[of] p2a: Sableye
|
|-heal|p2a: Sableye|73/100 brn|[from] item: Leftovers
|-damage|p2a: Sableye|67/100 brn|[from] brn
|upkeep
|turn|48
|
|move|p2a: Sableye|Recover|p2a: Sableye
|-heal|p2a: Sableye|100/100 brn
|move|p1a: Sneasel|Knock Off|p2a: Sableye
|-damage|p2a: Sableye|45/100 brn
|-enditem|p2a: Sableye|Leftovers|[from] move: Knock Off|[of] p1a: Sneasel
|
|-damage|p2a: Sableye|39/100 brn|[from] brn
|upkeep
|turn|49
|
|move|p2a: Sableye|Recover|p2a: Sableye
|-heal|p2a: Sableye|89/100 brn
|move|p1a: Sneasel|Knock Off|p2a: Sableye
|-damage|p2a: Sableye|49/100 brn
|
|-damage|p2a: Sableye|42/100 brn|[from] brn
|upkeep
|turn|50
|
|switch|p2a: Vaporeon|Vaporeon, F|85/100
|move|p1a: Sneasel|Ice Shard|p2a: Vaporeon
|-resisted|p2a: Vaporeon
|-damage|p2a: Vaporeon|75/100
|
|-heal|p2a: Vaporeon|81/100|[from] item: Leftovers
|upkeep
|turn|51
|
|switch|p1a: Decidueye|Decidueye, M|74/100 brn
|move|p2a: Vaporeon|Scald|p1a: Decidueye
|-resisted|p1a: Decidueye
|-damage|p1a: Decidueye|59/100 brn
|
|-heal|p2a: Vaporeon|88/100|[from] item: Leftovers
|-damage|p1a: Decidueye|52/100 brn|[from] brn
|upkeep
|turn|52
|
|switch|p2a: Sableye|Sableye, F|42/100 brn
|move|p1a: Decidueye|Roost|p1a: Decidueye
|-heal|p1a: Decidueye|100/100 brn
|-singleturn|p1a: Decidueye|move: Roost
|
|-damage|p1a: Decidueye|94/100 brn|[from] brn
|-damage|p2a: Sableye|36/100 brn|[from] brn
|upkeep
|turn|53
|
|switch|p1a: Sneasel|Sneasel, M|55/100
|move|p2a: Sableye|Recover|p2a: Sableye
|-heal|p2a: Sableye|86/100 brn
|
|-damage|p2a: Sableye|80/100 brn|[from] brn
|upkeep
|turn|54
|
|switch|p2a: Vaporeon|Vaporeon, F|88/100
|move|p1a: Sneasel|Knock Off|p2a: Vaporeon
|-damage|p2a: Vaporeon|46/100
|-enditem|p2a: Vaporeon|Leftovers|[from] move: Knock Off|[of] p1a: Sneasel
|
|upkeep
|turn|55
|
|move|p1a: Sneasel|Knock Off|p2a: Vaporeon
|-damage|p2a: Vaporeon|14/100
|move|p2a: Vaporeon|Scald|p1a: Sneasel
|-damage|p1a: Sneasel|1/100
|-status|p1a: Sneasel|brn
|
|-damage|p1a: Sneasel|0 fnt|[from] brn
|faint|p1a: Sneasel
|upkeep
|
|switch|p1a: Decidueye|Decidueye, M|94/100 brn
|turn|56
|
|switch|p2a: Sableye|Sableye, F|80/100 brn
|move|p1a: Decidueye|Hurricane|p2a: Sableye
|-damage|p2a: Sableye|48/100 brn
|
|-damage|p1a: Decidueye|88/100 brn|[from] brn
|-damage|p2a: Sableye|42/100 brn|[from] brn
|upkeep
|turn|57
|
|move|p2a: Sableye|Recover|p2a: Sableye
|-heal|p2a: Sableye|92/100 brn
|move|p1a: Decidueye|Hurricane|p2a: Sableye
|-crit|p2a: Sableye
|-damage|p2a: Sableye|44/100 brn
|
|-damage|p1a: Decidueye|82/100 brn|[from] brn
|-damage|p2a: Sableye|37/100 brn|[from] brn
|upkeep
|turn|58
|
|move|p2a: Sableye|Recover|p2a: Sableye
|-heal|p2a: Sableye|87/100 brn
|move|p1a: Decidueye|Defog|p2a: Sableye
|-unboost|p2a: Sableye|evasion|1
|
|-damage|p1a: Decidueye|76/100 brn|[from] brn
|-damage|p2a: Sableye|81/100 brn|[from] brn
|upkeep
|turn|59
|
|switch|p1a: Rhydon|Rhydon, F|66/100
|move|p2a: Sableye|Encore||[still]
|-fail|p2a: Sableye
|
|-damage|p2a: Sableye|75/100 brn|[from] brn
|upkeep
|turn|60
|
|switch|p1a: Decidueye|Decidueye, M|76/100 brn
|move|p2a: Sableye|Will-O-Wisp|p1a: Decidueye
|-fail|p1a: Decidueye|brn
|
|-damage|p1a: Decidueye|70/100 brn|[from] brn
|-damage|p2a: Sableye|69/100 brn|[from] brn
|upkeep
|turn|61
|
|move|p1a: Decidueye|Hurricane|p2a: Sableye
|-damage|p2a: Sableye|37/100 brn
|move|p2a: Sableye|Knock Off|p1a: Decidueye
|-supereffective|p1a: Decidueye
|-damage|p1a: Decidueye|53/100 brn
|
|-damage|p1a: Decidueye|47/100 brn|[from] brn
|-damage|p2a: Sableye|31/100 brn|[from] brn
|upkeep
|turn|62
|
|move|p2a: Sableye|Recover|p2a: Sableye
|-heal|p2a: Sableye|81/100 brn
|move|p1a: Decidueye|Hurricane|p2a: Sableye
|-damage|p2a: Sableye|51/100 brn
|
|-damage|p1a: Decidueye|41/100 brn|[from] brn
|-damage|p2a: Sableye|45/100 brn|[from] brn
|upkeep
|turn|63
|
|move|p2a: Sableye|Encore|p1a: Decidueye
|-start|p1a: Decidueye|Encore
|move|p1a: Decidueye|Hurricane|p2a: Sableye
|-damage|p2a: Sableye|16/100 brn
|
|-damage|p1a: Decidueye|35/100 brn|[from] brn
|-damage|p2a: Sableye|10/100 brn|[from] brn
|upkeep
|turn|64
|
|move|p2a: Sableye|Recover|p2a: Sableye
|-heal|p2a: Sableye|60/100 brn
|move|p1a: Decidueye|Hurricane|p2a: Sableye|[miss]
|-miss|p1a: Decidueye|p2a: Sableye
|
|-damage|p1a: Decidueye|29/100 brn|[from] brn
|-damage|p2a: Sableye|53/100 brn|[from] brn
|upkeep
|turn|65
|
|switch|p1a: Rhydon|Rhydon, F|66/100
|move|p2a: Sableye|Knock Off|p1a: Rhydon
|-damage|p1a: Rhydon|60/100
|-enditem|p1a: Rhydon|Eviolite|[from] move: Knock Off|[of] p2a: Sableye
|
|-damage|p2a: Sableye|47/100 brn|[from] brn
|upkeep
|turn|66
|
|move|p2a: Sableye|Will-O-Wisp|p1a: Rhydon|[miss]
|-miss|p2a: Sableye|p1a: Rhydon
|move|p1a: Rhydon|Earthquake|p2a: Sableye
|-damage|p2a: Sableye|0 fnt
|faint|p2a: Sableye
|
|upkeep
|c|☆EpicBoost|heck
|-message|EpicBoost forfeited.
|
|win|one step from eden
|l|☆EpicBoost
