|j|☆Galileo Glalie 2
|j|☆Anderson .Packed
|t:|1660271597
|gametype|singles
|player|p1|Galileo Glalie 2|266|1317
|player|p2|Anderson .Packed|marlon|1466
|teamsize|p1|6
|teamsize|p2|6
|gen|8
|tier|[Gen 8] RU
|rated|
|rule|Sleep Clause Mod: Limit one foe put to sleep
|rule|Species Clause: Limit one of each Pokémon
|rule|OHKO Clause: OHKO moves are banned
|rule|Evasion Items Clause: Evasion items are banned
|rule|Evasion Moves Clause: Evasion moves are banned
|rule|Endless Battle Clause: Forcing endless battles is banned
|rule|HP Percentage Mod: HP is shown in percentages
|rule|Dynamax Clause: You cannot dynamax
|clearpoke
|poke|p1|Toxtricity, M|
|poke|p1|Talonflame, F|
|poke|p1|Starmie|
|poke|p1|Steelix, F|
|poke|p1|Guzzlord|
|poke|p1|Whimsicott, M|
|poke|p2|Steelix, M|
|poke|p2|Weezing-Galar, M|
|poke|p2|Hitmontop, M|
|poke|p2|Celebi|
|poke|p2|Sharpedo, F|
|poke|p2|Raikou|
|teampreview
|inactive|Battle timer is ON: inactive players will automatically lose when time's up. (requested by Galileo Glalie 2)
|
|t:|1660271630
|start
|switch|p1a: Talonflame|Talonflame, F|100/100
|switch|p2a: Raikou|Raikou|100/100
|turn|1
|
|t:|1660271634
|move|p2a: Raikou|Scald|p1a: Talonflame
|-supereffective|p1a: Talonflame
|-damage|p1a: Talonflame|14/100
|move|p1a: Talonflame|U-turn|p2a: Raikou
|-crit|p2a: Raikou
|-damage|p2a: Raikou|62/100
|
|t:|1660271637
|switch|p1a: Guzzlord|Guzzlord|100/100|[from]move: U-turn
|
|upkeep
|turn|2
|
|t:|1660271644
|switch|p2a: Weezing|Weezing-Galar, M|100/100
|move|p1a: Guzzlord|Substitute|p1a: Guzzlord
|-start|p1a: Guzzlord|Substitute
|-damage|p1a: Guzzlord|76/100
|
|-heal|p1a: Guzzlord|82/100|[from] item: Leftovers
|upkeep
|turn|3
|
|t:|1660271649
|move|p1a: Guzzlord|Heavy Slam|p2a: Weezing
|-supereffective|p2a: Weezing
|-damage|p2a: Weezing|52/100
|-damage|p1a: Guzzlord|65/100|[from] item: Rocky Helmet|[of] p2a: Weezing
|move|p2a: Weezing|Strange Steam|p1a: Guzzlord
|-supereffective|p1a: Guzzlord
|-end|p1a: Guzzlord|Substitute
|
|-heal|p1a: Guzzlord|71/100|[from] item: Leftovers
|upkeep
|turn|4
|
|t:|1660271666
|switch|p1a: Toxtricity|Toxtricity, M|100/100
|move|p2a: Weezing|Pain Split|p1a: Toxtricity
|-sethp|p1a: Toxtricity|80/100|[from] move: Pain Split|[silent]
|-sethp|p2a: Weezing|70/100|[from] move: Pain Split
|
|upkeep
|turn|5
|
|t:|1660271675
|switch|p2a: Steelix|Steelix, M|100/100
|move|p1a: Toxtricity|Boomburst|p2a: Steelix
|-resisted|p2a: Steelix
|-damage|p2a: Steelix|60/100
|
|-heal|p2a: Steelix|66/100|[from] item: Leftovers
|upkeep
|turn|6
|
|t:|1660271681
|switch|p1a: Talonflame|Talonflame, F|14/100
|move|p2a: Steelix|Stealth Rock|p1a: Talonflame
|-sidestart|p1: Galileo Glalie 2|move: Stealth Rock
|
|-heal|p2a: Steelix|73/100|[from] item: Leftovers
|upkeep
|turn|7
|
|t:|1660271686
|move|p1a: Talonflame|Roost|p1a: Talonflame
|-heal|p1a: Talonflame|64/100
|-singleturn|p1a: Talonflame|move: Roost
|move|p2a: Steelix|Earthquake|p1a: Talonflame
|-supereffective|p1a: Talonflame
|-damage|p1a: Talonflame|0 fnt
|faint|p1a: Talonflame
|
|-heal|p2a: Steelix|79/100|[from] item: Leftovers
|upkeep
|
|t:|1660271688
|switch|p1a: Starmie|Starmie|100/100
|turn|8
|
|t:|1660271716
|switch|p2a: Sharpedo|Sharpedo, F|100/100
|move|p1a: Starmie|Rapid Spin|p2a: Sharpedo
|-damage|p2a: Sharpedo|85/100
|-boost|p1a: Starmie|spe|1
|-sideend|p1: Galileo Glalie 2|Stealth Rock|[from] move: Rapid Spin|[of] p1a: Starmie
|
|upkeep
|turn|9
|
|t:|1660271738
|switch|p1a: Whimsicott|Whimsicott, M|100/100
|switch|p2a: Celebi|Celebi, shiny|100/100
|
|upkeep
|turn|10
|
|t:|1660271746
|move|p2a: Celebi|Nasty Plot|p2a: Celebi
|-boost|p2a: Celebi|spa|2
|move|p1a: Whimsicott|U-turn|p2a: Celebi
|-supereffective|p2a: Celebi
|-damage|p2a: Celebi|58/100
|
|t:|1660271754
|switch|p1a: Guzzlord|Guzzlord|71/100|[from]move: U-turn
|
|-heal|p1a: Guzzlord|78/100|[from] item: Leftovers
|upkeep
|turn|11
|
|t:|1660271760
|move|p2a: Celebi|Earth Power|p1a: Guzzlord
|-damage|p1a: Guzzlord|43/100
|move|p1a: Guzzlord|Knock Off|p2a: Celebi
|-supereffective|p2a: Celebi
|-damage|p2a: Celebi|0 fnt
|-enditem|p2a: Celebi|Heavy-Duty Boots|[from] move: Knock Off|[of] p1a: Guzzlord
|faint|p2a: Celebi
|-ability|p1a: Guzzlord|Beast Boost|boost
|-boost|p1a: Guzzlord|atk|1
|
|-heal|p1a: Guzzlord|49/100|[from] item: Leftovers
|upkeep
|
|t:|1660271773
|switch|p2a: Sharpedo|Sharpedo, F|85/100
|turn|12
|
|t:|1660271777
|switch|p1a: Whimsicott|Whimsicott, M|100/100
|move|p2a: Sharpedo|Close Combat|p1a: Whimsicott
|-resisted|p1a: Whimsicott
|-damage|p1a: Whimsicott|76/100
|-unboost|p2a: Sharpedo|def|1
|-unboost|p2a: Sharpedo|spd|1
|-damage|p2a: Sharpedo|75/100|[from] item: Life Orb
|
|-heal|p1a: Whimsicott|82/100|[from] item: Leftovers
|-ability|p2a: Sharpedo|Speed Boost|boost
|-boost|p2a: Sharpedo|spe|1
|upkeep
|turn|13
|
|t:|1660271784
|switch|p2a: Weezing|Weezing-Galar, M|70/100
|move|p1a: Whimsicott|Leech Seed|p2a: Weezing
|-start|p2a: Weezing|move: Leech Seed
|
|-heal|p1a: Whimsicott|88/100|[from] item: Leftovers
|-damage|p2a: Weezing|57/100|[from] Leech Seed|[of] p1a: Whimsicott
|-heal|p1a: Whimsicott|100/100|[silent]
|upkeep
|turn|14
|
|t:|1660271794
|switch|p2a: Hitmontop|Hitmontop, M|100/100
|move|p1a: Whimsicott|U-turn|p2a: Hitmontop
|-resisted|p2a: Hitmontop
|-damage|p2a: Hitmontop|95/100
|
|t:|1660271804
|switch|p1a: Toxtricity|Toxtricity, M|80/100|[from]move: U-turn
|
|upkeep
|turn|15
|
|t:|1660271809
|switch|p1a: Whimsicott|Whimsicott, M|100/100
|move|p2a: Hitmontop|Triple Axel|p1a: Whimsicott
|-supereffective|p1a: Whimsicott
|-damage|p1a: Whimsicott|84/100
|-supereffective|p1a: Whimsicott
|-damage|p1a: Whimsicott|50/100
|-supereffective|p1a: Whimsicott
|-damage|p1a: Whimsicott|0 fnt
|faint|p1a: Whimsicott
|-hitcount|p1: Whimsicott|3
|
|upkeep
|
|t:|1660271823
|switch|p1a: Toxtricity|Toxtricity, M|80/100
|turn|16
|
|t:|1660271832
|move|p1a: Toxtricity|Boomburst|p2a: Hitmontop
|-damage|p2a: Hitmontop|34/100
|move|p2a: Hitmontop|Triple Axel|p1a: Toxtricity|[miss]
|-miss|p2a: Hitmontop|p1a: Toxtricity
|
|upkeep
|turn|17
|
|t:|1660271853
|switch|p2a: Weezing|Weezing-Galar, M|57/100
|move|p1a: Toxtricity|Boomburst|p2a: Weezing
|-crit|p2a: Weezing
|-damage|p2a: Weezing|0 fnt
|faint|p2a: Weezing
|
|upkeep
|
|t:|1660271860
|switch|p2a: Sharpedo|Sharpedo, F|75/100
|turn|18
|
|t:|1660271875
|switch|p1a: Starmie|Starmie|100/100
|move|p2a: Sharpedo|Protect||[still]
|-fail|p2a: Sharpedo
|
|-ability|p2a: Sharpedo|Speed Boost|boost
|-boost|p2a: Sharpedo|spe|1
|upkeep
|turn|19
|
|t:|1660271880
|move|p2a: Sharpedo|Crunch|p1a: Starmie
|-supereffective|p1a: Starmie
|-damage|p1a: Starmie|0 fnt
|faint|p1a: Starmie
|-damage|p2a: Sharpedo|65/100|[from] item: Life Orb
|
|-ability|p2a: Sharpedo|Speed Boost|boost
|-boost|p2a: Sharpedo|spe|1
|upkeep
|
|t:|1660271882
|switch|p1a: Steelix|Steelix, F|100/100
|turn|20
|
|t:|1660271899
|move|p2a: Sharpedo|Waterfall|p1a: Steelix
|-supereffective|p1a: Steelix
|-damage|p1a: Steelix|50/100
|-damage|p2a: Sharpedo|55/100|[from] item: Life Orb
|cant|p1a: Steelix|flinch
|
|-heal|p1a: Steelix|56/100|[from] item: Leftovers
|-ability|p2a: Sharpedo|Speed Boost|boost
|-boost|p2a: Sharpedo|spe|1
|upkeep
|turn|21
|
|t:|1660271903
|move|p2a: Sharpedo|Waterfall|p1a: Steelix
|-supereffective|p1a: Steelix
|-damage|p1a: Steelix|0 fnt
|faint|p1a: Steelix
|-damage|p2a: Sharpedo|45/100|[from] item: Life Orb
|
|-ability|p2a: Sharpedo|Speed Boost|boost
|-boost|p2a: Sharpedo|spe|1
|upkeep
|-message|Galileo Glalie 2 forfeited.
|
|win|Anderson .Packed
|raw|Galileo Glalie 2's rating: 1317 &rarr; <strong>1305</strong><br />(-12 for losing)
|raw|Anderson .Packed's rating: 1466 &rarr; <strong>1478</strong><br />(+12 for winning)
|l|☆Galileo Glalie 2
