|j|☆Mindblade
|j|☆Argon657
|player|p1|Mindblade|pokemonbreeder-gen4|1533
|player|p2|Argon657|290|1315
|teamsize|p1|6
|teamsize|p2|6
|gametype|singles
|gen|8
|tier|[Gen 8] RU
|rated|
|clearpoke
|poke|p1|Sableye, M|
|poke|p1|Steelix, M|
|poke|p1|Sigilyph, M|
|poke|p1|Qwilfish, M|
|poke|p1|Passimian, F|
|poke|p1|Goodra, F|
|poke|p2|Hitmonlee, M|
|poke|p2|Indeedee-F, F|
|poke|p2|Ninjask, M|
|poke|p2|Gigalith, M|
|poke|p2|Xatu, M|
|poke|p2|Goodra, M|
|rule|Sleep Clause Mod: Limit one foe put to sleep
|rule|Species Clause: Limit one of each Pokémon
|rule|OHKO Clause: OHKO moves are banned
|rule|Evasion Moves Clause: Evasion moves are banned
|rule|Endless Battle Clause: Forcing endless battles is banned
|rule|HP Percentage Mod: HP is shown in percentages
|rule|Dynamax Clause: You cannot dynamax
|teampreview
|
|start
|switch|p1a: Thorny Seafood|Qwilfish, M|100/100
|switch|p2a: Potential|Gigalith, M, shiny|100/100
|-ability|p1a: Thorny Seafood|Intimidate|boost
|-unboost|p2a: Potential|atk|1
|-weather|Sandstorm|[from] ability: Sand Stream|[of] p2a: Potential
|turn|1
|j| Old ways new women
|inactive|Battle timer is ON: inactive players will automatically lose when time's up. (requested by Mindblade)
|
|switch|p2a: Mirror Birb|Xatu, M|100/100
|move|p1a: Thorny Seafood|Taunt|p2a: Mirror Birb
|move|p2a: Mirror Birb|Taunt|p1a: Thorny Seafood|[from]Magic Bounce
|-start|p1a: Thorny Seafood|move: Taunt
|
|-weather|Sandstorm|[upkeep]
|-damage|p2a: Mirror Birb|95/100|[from] Sandstorm
|-damage|p1a: Thorny Seafood|94/100|[from] Sandstorm
|-heal|p1a: Thorny Seafood|100/100|[from] item: Black Sludge
|upkeep
|turn|2
|
|switch|p1a: Moon Imp|Sableye, M|100/100
|move|p2a: Mirror Birb|Teleport|p2a: Mirror Birb
|
|switch|p2a: Felicity|Indeedee-F, F|100/100|[from]move: Teleport
|-fieldstart|move: Psychic Terrain|[from] ability: Psychic Surge|[of] p2a: Felicity
|
|-weather|Sandstorm|[upkeep]
|-damage|p2a: Felicity|94/100|[from] Sandstorm
|-damage|p1a: Moon Imp|95/100|[from] Sandstorm
|-heal|p1a: Moon Imp|100/100|[from] item: Leftovers
|upkeep
|turn|3
|l| Old ways new women
|
|switch|p2a: Potential|Gigalith, M, shiny|100/100
|switch|p1a: Alloy Wyrm|Steelix, M|100/100
|
|-weather|Sandstorm|[upkeep]
|upkeep
|turn|4
|inactive|Mindblade has 120 seconds left.
|
|move|p1a: Alloy Wyrm|Heavy Slam|p2a: Potential
|-supereffective|p2a: Potential
|-damage|p2a: Potential|82/100
|move|p2a: Potential|Stealth Rock|p1a: Alloy Wyrm
|-sidestart|p1: Mindblade|move: Stealth Rock
|
|-weather|Sandstorm|[upkeep]
|-heal|p2a: Potential|88/100|[from] item: Leftovers
|upkeep
|turn|5
|inactive|Mindblade has 120 seconds left.
|inactive|Argon657 has 120 seconds left.
|
|move|p1a: Alloy Wyrm|Stealth Rock|p2a: Potential
|-sidestart|p2: Argon657|move: Stealth Rock
|move|p2a: Potential|Earthquake|p1a: Alloy Wyrm
|-supereffective|p1a: Alloy Wyrm
|-damage|p1a: Alloy Wyrm|72/100
|
|-weather|none
|-heal|p1a: Alloy Wyrm|78/100|[from] item: Leftovers
|-heal|p2a: Potential|95/100|[from] item: Leftovers
|upkeep
|turn|6
|inactive|Mindblade has 120 seconds left.
|
|switch|p1a: Totem Angel|Sigilyph, M|100/100
|move|p2a: Potential|Earthquake|p1a: Totem Angel
|-immune|p1a: Totem Angel
|
|-heal|p2a: Potential|100/100|[from] item: Leftovers
|-fieldend|move: Psychic Terrain
|upkeep
|turn|7
|inactive|Mindblade has 120 seconds left.
|
|switch|p1a: Cocohelm Kratzcot|Passimian, F|100/100
|-damage|p1a: Cocohelm Kratzcot|94/100|[from] Stealth Rock
|move|p2a: Potential|Rock Blast|p1a: Cocohelm Kratzcot
|-resisted|p1a: Cocohelm Kratzcot
|-damage|p1a: Cocohelm Kratzcot|88/100
|-resisted|p1a: Cocohelm Kratzcot
|-damage|p1a: Cocohelm Kratzcot|83/100
|-resisted|p1a: Cocohelm Kratzcot
|-damage|p1a: Cocohelm Kratzcot|77/100
|-hitcount|p1a: Cocohelm Kratzcot|3
|
|upkeep
|turn|8
|inactive|Mindblade has 120 seconds left.
|
|move|p2a: Potential|Protect|p2a: Potential
|-singleturn|p2a: Potential|Protect
|move|p1a: Cocohelm Kratzcot|Knock Off|p2a: Potential
|-activate|p2a: Potential|move: Protect
|
|upkeep
|turn|9
|
|switch|p1a: Moon Imp|Sableye, M|100/100
|-damage|p1a: Moon Imp|88/100|[from] Stealth Rock
|move|p2a: Potential|Earthquake|p1a: Moon Imp
|-damage|p1a: Moon Imp|61/100
|
|-heal|p1a: Moon Imp|67/100|[from] item: Leftovers
|upkeep
|turn|10
|
|switch|p2a: Mirror Birb|Xatu, M|95/100
|-damage|p2a: Mirror Birb|70/100|[from] Stealth Rock
|move|p1a: Moon Imp|Knock Off|p2a: Mirror Birb
|-supereffective|p2a: Mirror Birb
|-damage|p2a: Mirror Birb|23/100
|-damage|p1a: Moon Imp|50/100|[from] item: Rocky Helmet|[of] p2a: Mirror Birb
|-enditem|p2a: Mirror Birb|Rocky Helmet|[from] move: Knock Off|[of] p1a: Moon Imp
|
|-heal|p1a: Moon Imp|56/100|[from] item: Leftovers
|upkeep
|turn|11
|j| BigConns
|inactive|Mindblade has 90 seconds left.
|
|move|p1a: Moon Imp|Recover|p1a: Moon Imp
|-heal|p1a: Moon Imp|100/100
|move|p2a: Mirror Birb|Night Shade|p1a: Moon Imp
|-damage|p1a: Moon Imp|67/100
|
|-heal|p1a: Moon Imp|73/100|[from] item: Leftovers
|upkeep
|turn|12
|
|switch|p1a: GelatinousGuardian|Goodra, F|100/100
|-damage|p1a: GelatinousGuardian|88/100|[from] Stealth Rock
|move|p2a: Mirror Birb|Roost|p2a: Mirror Birb
|-heal|p2a: Mirror Birb|73/100
|-singleturn|p2a: Mirror Birb|move: Roost
|
|upkeep
|turn|13
|
|switch|p2a: Potential|Gigalith, M, shiny|100/100
|-damage|p2a: Potential|88/100|[from] Stealth Rock
|-weather|Sandstorm|[from] ability: Sand Stream|[of] p2a: Potential
|move|p1a: GelatinousGuardian|Draco Meteor|p2a: Potential
|-damage|p2a: Potential|41/100
|-unboost|p1a: GelatinousGuardian|spa|2
|
|-weather|Sandstorm|[upkeep]
|-damage|p1a: GelatinousGuardian|82/100|[from] Sandstorm
|-heal|p2a: Potential|47/100|[from] item: Leftovers
|upkeep
|turn|14
|
|switch|p1a: Moon Imp|Sableye, M|73/100
|-damage|p1a: Moon Imp|61/100|[from] Stealth Rock
|move|p2a: Potential|Rock Blast|p1a: Moon Imp
|-damage|p1a: Moon Imp|50/100
|-damage|p1a: Moon Imp|39/100
|-damage|p1a: Moon Imp|28/100
|-damage|p1a: Moon Imp|18/100
|-damage|p1a: Moon Imp|6/100
|-hitcount|p1a: Moon Imp|5
|
|-weather|Sandstorm|[upkeep]
|-damage|p1a: Moon Imp|0 fnt|[from] Sandstorm
|faint|p1a: Moon Imp
|-heal|p2a: Potential|53/100|[from] item: Leftovers
|upkeep
|inactive|Mindblade has 60 seconds left.
|
|switch|p1a: Cocohelm Kratzcot|Passimian, F|77/100
|-damage|p1a: Cocohelm Kratzcot|71/100|[from] Stealth Rock
|turn|15
|inactive|Mindblade has 60 seconds left.
|
|move|p2a: Potential|Protect|p2a: Potential
|-singleturn|p2a: Potential|Protect
|move|p1a: Cocohelm Kratzcot|Close Combat|p2a: Potential
|-activate|p2a: Potential|move: Protect
|
|-weather|Sandstorm|[upkeep]
|-damage|p1a: Cocohelm Kratzcot|65/100|[from] Sandstorm
|-heal|p2a: Potential|59/100|[from] item: Leftovers
|upkeep
|turn|16
|inactive|Mindblade has 60 seconds left.
|
|switch|p1a: GelatinousGuardian|Goodra, F|82/100
|-damage|p1a: GelatinousGuardian|69/100|[from] Stealth Rock
|switch|p2a: Mirror Birb|Xatu, M|73/100
|-damage|p2a: Mirror Birb|48/100|[from] Stealth Rock
|
|-weather|Sandstorm|[upkeep]
|-damage|p1a: GelatinousGuardian|63/100|[from] Sandstorm
|-damage|p2a: Mirror Birb|42/100|[from] Sandstorm
|upkeep
|turn|17
|inactive|Mindblade has 60 seconds left.
|
|move|p1a: GelatinousGuardian|Draco Meteor|p2a: Mirror Birb
|-damage|p2a: Mirror Birb|0 fnt
|-unboost|p1a: GelatinousGuardian|spa|2
|faint|p2a: Mirror Birb
|
|-weather|none
|upkeep
|
|switch|p2a: Potential|Gigalith, M, shiny|59/100
|-damage|p2a: Potential|47/100|[from] Stealth Rock
|-weather|Sandstorm|[from] ability: Sand Stream|[of] p2a: Potential
|turn|18
|
|switch|p1a: Cocohelm Kratzcot|Passimian, F|65/100
|-damage|p1a: Cocohelm Kratzcot|59/100|[from] Stealth Rock
|move|p2a: Potential|Rock Blast|p1a: Cocohelm Kratzcot
|-resisted|p1a: Cocohelm Kratzcot
|-damage|p1a: Cocohelm Kratzcot|52/100
|-resisted|p1a: Cocohelm Kratzcot
|-damage|p1a: Cocohelm Kratzcot|46/100
|-hitcount|p1a: Cocohelm Kratzcot|2
|
|-weather|Sandstorm|[upkeep]
|-damage|p1a: Cocohelm Kratzcot|40/100|[from] Sandstorm
|-heal|p2a: Potential|53/100|[from] item: Leftovers
|upkeep
|turn|19
|inactive|Mindblade has 60 seconds left.
|
|move|p2a: Potential|Protect|p2a: Potential
|-singleturn|p2a: Potential|Protect
|move|p1a: Cocohelm Kratzcot|Close Combat|p2a: Potential
|-activate|p2a: Potential|move: Protect
|
|-weather|Sandstorm|[upkeep]
|-damage|p1a: Cocohelm Kratzcot|34/100|[from] Sandstorm
|-heal|p2a: Potential|59/100|[from] item: Leftovers
|upkeep
|turn|20
|inactive|Mindblade has 60 seconds left.
|
|move|p1a: Cocohelm Kratzcot|Close Combat|p2a: Potential
|-supereffective|p2a: Potential
|-damage|p2a: Potential|0 fnt
|-unboost|p1a: Cocohelm Kratzcot|def|1
|-unboost|p1a: Cocohelm Kratzcot|spd|1
|faint|p2a: Potential
|
|-weather|Sandstorm|[upkeep]
|-damage|p1a: Cocohelm Kratzcot|28/100|[from] Sandstorm
|upkeep
|
|switch|p2a: Invisible Bug|Ninjask, M|100/100
|turn|21
|inactive|Mindblade has 60 seconds left.
|
|switch|p1a: Alloy Wyrm|Steelix, M|78/100
|-damage|p1a: Alloy Wyrm|75/100|[from] Stealth Rock
|switch|p2a: Slime|Goodra, M, shiny|100/100
|-damage|p2a: Slime|88/100|[from] Stealth Rock
|
|-weather|Sandstorm|[upkeep]
|-damage|p2a: Slime|82/100|[from] Sandstorm
|-heal|p1a: Alloy Wyrm|81/100|[from] item: Leftovers
|upkeep
|turn|22
|inactive|Mindblade has 60 seconds left.
|
|switch|p1a: GelatinousGuardian|Goodra, F|63/100
|-damage|p1a: GelatinousGuardian|51/100|[from] Stealth Rock
|move|p2a: Slime|Fire Blast|p1a: GelatinousGuardian
|-resisted|p1a: GelatinousGuardian
|-damage|p1a: GelatinousGuardian|37/100
|
|-weather|none
|upkeep
|turn|23
|
|move|p1a: GelatinousGuardian|Draco Meteor|p2a: Slime
|-supereffective|p2a: Slime
|-damage|p2a: Slime|0 fnt
|-unboost|p1a: GelatinousGuardian|spa|2
|faint|p2a: Slime
|
|upkeep
|
|switch|p2a: Chicken Legs|Hitmonlee, M, shiny|100/100
|-damage|p2a: Chicken Legs|94/100|[from] Stealth Rock
|turn|24
|inactive|Mindblade has 30 seconds left.
|
|move|p2a: Chicken Legs|Throat Chop|p1a: GelatinousGuardian
|-damage|p1a: GelatinousGuardian|0 fnt
|faint|p1a: GelatinousGuardian
|
|upkeep
|inactive|Mindblade has 30 seconds left.
|
|switch|p1a: Cocohelm Kratzcot|Passimian, F|28/100
|-damage|p1a: Cocohelm Kratzcot|22/100|[from] Stealth Rock
|turn|25
|inactive|Mindblade has 30 seconds left.
|
|move|p1a: Cocohelm Kratzcot|U-turn|p2a: Chicken Legs
|-resisted|p2a: Chicken Legs
|-damage|p2a: Chicken Legs|69/100
|inactive|Mindblade has 30 seconds left.
|
|switch|p1a: Totem Angel|Sigilyph, M|100/100|[from]move: U-turn
|move|p2a: Chicken Legs|Poison Jab|p1a: Totem Angel
|-damage|p1a: Totem Angel|62/100
|
|upkeep
|turn|26
|
|move|p2a: Chicken Legs|Endure|p2a: Chicken Legs
|-singleturn|p2a: Chicken Legs|move: Endure
|move|p1a: Totem Angel|Psyshock|p2a: Chicken Legs
|-supereffective|p2a: Chicken Legs
|-activate|p2a: Chicken Legs|move: Endure
|-damage|p2a: Chicken Legs|1/100
|-enditem|p2a: Chicken Legs|Weakness Policy
|-boost|p2a: Chicken Legs|atk|2
|-boost|p2a: Chicken Legs|spa|2
|
|upkeep
|turn|27
|inactive|Mindblade has 30 seconds left.
|
|switch|p1a: Thorny Seafood|Qwilfish, M|100/100
|-damage|p1a: Thorny Seafood|88/100|[from] Stealth Rock
|-ability|p1a: Thorny Seafood|Intimidate|boost
|-unboost|p2a: Chicken Legs|atk|1
|move|p2a: Chicken Legs|Throat Chop|p1a: Thorny Seafood
|-damage|p1a: Thorny Seafood|53/100
|-start|p1a: Thorny Seafood|Throat Chop|[silent]
|
|-heal|p1a: Thorny Seafood|59/100|[from] item: Black Sludge
|upkeep
|turn|28
|inactive|Mindblade has 30 seconds left.
|
|move|p2a: Chicken Legs|Reversal|p1a: Thorny Seafood
|-resisted|p1a: Thorny Seafood
|-damage|p1a: Thorny Seafood|0 fnt
|faint|p1a: Thorny Seafood
|
|upkeep
|inactive|Mindblade has 30 seconds left.
|inactive|Mindblade has 20 seconds left.
|
|switch|p1a: Alloy Wyrm|Steelix, M|81/100
|-damage|p1a: Alloy Wyrm|78/100|[from] Stealth Rock
|turn|29
|inactive|Mindblade has 30 seconds left this turn.
|
|move|p2a: Chicken Legs|Reversal|p1a: Alloy Wyrm
|-supereffective|p1a: Alloy Wyrm
|-damage|p1a: Alloy Wyrm|0 fnt
|faint|p1a: Alloy Wyrm
|
|upkeep
|inactive|Mindblade has 30 seconds left this turn.
|
|switch|p1a: Cocohelm Kratzcot|Passimian, F|22/100
|-damage|p1a: Cocohelm Kratzcot|15/100|[from] Stealth Rock
|turn|30
|inactive|Mindblade has 30 seconds left.
|
|move|p2a: Chicken Legs|Reversal|p1a: Cocohelm Kratzcot
|-damage|p1a: Cocohelm Kratzcot|0 fnt
|faint|p1a: Cocohelm Kratzcot
|
|upkeep
|
|switch|p1a: Totem Angel|Sigilyph, M|62/100
|turn|31
|
|move|p2a: Chicken Legs|Throat Chop|p1a: Totem Angel
|-supereffective|p1a: Totem Angel
|-damage|p1a: Totem Angel|0 fnt
|faint|p1a: Totem Angel
|
|win|Argon657
|l|☆Mindblade
