|j|☆its oyster time
|j|☆yOuRwElCoMeThAnk
|t:|1663891894
|gametype|singles
|player|p1|its oyster time|birdkeeper-gen6|
|player|p2|yOuRwElCoMeThAnk|hiker-gen4|
|teamsize|p1|6
|teamsize|p2|6
|gen|8
|tier|[Gen 8] RU
|rule|Sleep Clause Mod: Limit one foe put to sleep
|rule|Species Clause: Limit one of each Pokémon
|rule|OHKO Clause: OHKO moves are banned
|rule|Evasion Items Clause: Evasion items are banned
|rule|Evasion Moves Clause: Evasion moves are banned
|rule|Endless Battle Clause: Forcing endless battles is banned
|rule|HP Percentage Mod: HP is shown in percentages
|rule|Dynamax Clause: You cannot dynamax
|clearpoke
|poke|p1|Cresselia, F|
|poke|p1|Dhelmise|
|poke|p1|Aromatisse, M|
|poke|p1|Drampa, F|
|poke|p1|Stakataka|
|poke|p1|Rhyperior, M|
|poke|p2|Ninetales, M|
|poke|p2|Rhyperior, M|
|poke|p2|Shiftry, F|
|poke|p2|Starmie|
|poke|p2|Copperajah, M|
|poke|p2|Talonflame, F|
|teampreview
|inactive|Battle timer is ON: inactive players will automatically lose when time's up. (requested by its oyster time)
|c|☆yOuRwElCoMeThAnk|/log yOuRwElCoMeThAnk made this room public.
|j| Boidre Du Leau
|c|☆its oyster time|Yes
|c|☆its oyster time|good
|c| Boidre Du Leau|Drampa
|c| Boidre Du Leau|<3
|inactive|yOuRwElCoMeThAnk has 270 seconds left.
|n| Aiyaru|boidreduleau
|
|t:|1663891930
|start
|switch|p1a: Drampa|Drampa, F|100/100
|switch|p2a: Copperajah|Copperajah, M|100/100
|turn|1
|
|t:|1663891935
|switch|p1a: Cresselia|Cresselia, F|100/100
|move|p2a: Copperajah|Heavy Slam|p1a: Cresselia
|-damage|p1a: Cresselia|65/100
|
|upkeep
|turn|2
|
|t:|1663891946
|switch|p2a: Starmie|Starmie|100/100
|move|p1a: Cresselia|Trick Room|p1a: Cresselia
|-fieldstart|move: Trick Room|[of] p1a: Cresselia
|
|upkeep
|turn|3
|
|t:|1663891950
|switch|p1a: Dhelmise|Dhelmise|100/100
|move|p2a: Starmie|Teleport|p2a: Starmie
|
|t:|1663891960
|switch|p2a: Shiftry|Shiftry, F|100/100|[from]move: Teleport
|
|upkeep
|turn|4
|
|t:|1663891967
|switch|p1a: Aromatisse|Aromatisse, M|100/100
|switch|p2a: Ninetales|Ninetales, M|100/100
|-weather|SunnyDay|[from] ability: Drought|[of] p2a: Ninetales
|
|-weather|SunnyDay|[upkeep]
|upkeep
|turn|5
|
|t:|1663891974
|move|p1a: Aromatisse|Light Screen|p1a: Aromatisse
|-sidestart|p1: its oyster time|move: Light Screen
|move|p2a: Ninetales|Solar Beam||[still]
|-prepare|p2a: Ninetales|Solar Beam
|-anim|p2a: Ninetales|Solar Beam|p1a: Aromatisse
|-damage|p1a: Aromatisse|86/100
|
|-weather|SunnyDay|[upkeep]
|upkeep
|turn|6
|
|t:|1663891980
|switch|p1a: Drampa|Drampa, F|100/100
|move|p2a: Ninetales|Nasty Plot|p2a: Ninetales
|-boost|p2a: Ninetales|spa|2
|
|-weather|SunnyDay|[upkeep]
|-fieldend|move: Trick Room
|upkeep
|turn|7
|
|t:|1663891995
|switch|p2a: Copperajah|Copperajah, M|100/100
|move|p1a: Drampa|Roost||[still]
|-fail|p1a: Drampa|heal
|
|-weather|SunnyDay|[upkeep]
|upkeep
|turn|8
|
|t:|1663892001
|move|p2a: Copperajah|Heavy Slam|p1a: Drampa
|-damage|p1a: Drampa|35/100
|-ability|p1a: Drampa|Berserk|boost
|-boost|p1a: Drampa|spa|1
|move|p1a: Drampa|Fire Blast|p2a: Copperajah
|-supereffective|p2a: Copperajah
|-damage|p2a: Copperajah|0 fnt
|faint|p2a: Copperajah
|-damage|p1a: Drampa|25/100|[from] item: Life Orb
|
|-weather|SunnyDay|[upkeep]
|upkeep
|
|t:|1663892009
|switch|p2a: Talonflame|Talonflame, F|100/100
|turn|9
|
|t:|1663892019
|switch|p1a: Rhyperior|Rhyperior, M|100/100
|move|p2a: Talonflame|Flare Blitz|p1a: Rhyperior
|-resisted|p1a: Rhyperior
|-damage|p1a: Rhyperior|71/100
|-damage|p2a: Talonflame|86/100|[from] Recoil
|-damage|p2a: Talonflame|76/100|[from] item: Life Orb
|
|-weather|SunnyDay|[upkeep]
|-sideend|p1: its oyster time|move: Light Screen
|upkeep
|turn|10
|
|t:|1663892030
|switch|p2a: Rhyperior|Rhyperior, M|100/100
|move|p1a: Rhyperior|Earthquake|p2a: Rhyperior
|-supereffective|p2a: Rhyperior
|-damage|p2a: Rhyperior|35/100
|
|-weather|SunnyDay|[upkeep]
|-heal|p2a: Rhyperior|41/100|[from] item: Leftovers
|upkeep
|turn|11
|
|t:|1663892041
|switch|p1a: Cresselia|Cresselia, F|65/100
|move|p2a: Rhyperior|Stealth Rock|p1a: Cresselia
|-sidestart|p1: its oyster time|move: Stealth Rock
|
|-weather|none
|-heal|p2a: Rhyperior|47/100|[from] item: Leftovers
|upkeep
|turn|12
|
|t:|1663892048
|move|p2a: Rhyperior|Megahorn|p1a: Cresselia
|-supereffective|p1a: Cresselia
|-damage|p1a: Cresselia|13/100
|move|p1a: Cresselia|Trick Room|p1a: Cresselia
|-fieldstart|move: Trick Room|[of] p1a: Cresselia
|
|-heal|p2a: Rhyperior|53/100|[from] item: Leftovers
|upkeep
|turn|13
|c|☆its oyster time|Weak
|
|t:|1663892066
|switch|p2a: Ninetales|Ninetales, M|100/100
|-weather|SunnyDay|[from] ability: Drought|[of] p2a: Ninetales
|move|p1a: Cresselia|Lunar Dance|p1a: Cresselia
|faint|p1a: Cresselia
|
|-weather|SunnyDay|[upkeep]
|upkeep
|
|t:|1663892068
|switch|p1a: Drampa|Drampa, F|25/100
|-heal|p1a: Drampa|100/100|[from] move: Lunar Dance
|-damage|p1a: Drampa|88/100|[from] Stealth Rock
|turn|14
|
|t:|1663892082
|switch|p2a: Talonflame|Talonflame, F|76/100
|move|p1a: Drampa|Hyper Voice|p2a: Talonflame
|-damage|p2a: Talonflame|0 fnt
|faint|p2a: Talonflame
|-damage|p1a: Drampa|78/100|[from] item: Life Orb
|
|-weather|SunnyDay|[upkeep]
|upkeep
|
|t:|1663892089
|switch|p2a: Starmie|Starmie|100/100
|turn|15
|
|t:|1663892098
|move|p1a: Drampa|Hyper Voice|p2a: Starmie
|-damage|p2a: Starmie|17/100
|-damage|p1a: Drampa|69/100|[from] item: Life Orb
|move|p2a: Starmie|Teleport|p2a: Starmie
|
|t:|1663892102
|switch|p2a: Rhyperior|Rhyperior, M|53/100|[from]move: Teleport
|
|-weather|SunnyDay|[upkeep]
|-heal|p2a: Rhyperior|60/100|[from] item: Leftovers
|upkeep
|turn|16
|
|t:|1663892113
|switch|p2a: Starmie|Starmie|17/100
|move|p1a: Drampa|Hydro Pump|p2a: Starmie|[miss]
|-miss|p1a: Drampa|p2a: Starmie
|
|-weather|SunnyDay|[upkeep]
|-fieldend|move: Trick Room
|upkeep
|turn|17
|j| 85percent
|
|t:|1663892121
|move|p1a: Drampa|Roost|p1a: Drampa
|-heal|p1a: Drampa|100/100
|-singleturn|p1a: Drampa|move: Roost
|move|p2a: Starmie|Teleport|p2a: Starmie
|
|t:|1663892125
|switch|p2a: Rhyperior|Rhyperior, M|60/100|[from]move: Teleport
|
|-weather|SunnyDay|[upkeep]
|-heal|p2a: Rhyperior|66/100|[from] item: Leftovers
|upkeep
|turn|18
|
|t:|1663892130
|move|p2a: Rhyperior|Earthquake|p1a: Drampa
|-damage|p1a: Drampa|49/100
|-ability|p1a: Drampa|Berserk|boost
|-boost|p1a: Drampa|spa|1
|move|p1a: Drampa|Hydro Pump|p2a: Rhyperior
|-supereffective|p2a: Rhyperior
|-damage|p2a: Rhyperior|0 fnt
|faint|p2a: Rhyperior
|-damage|p1a: Drampa|39/100|[from] item: Life Orb
|
|-weather|SunnyDay|[upkeep]
|upkeep
|
|t:|1663892138
|switch|p2a: Shiftry|Shiftry, F|100/100
|turn|19
|
|t:|1663892147
|move|p2a: Shiftry|Dark Pulse|p1a: Drampa
|-damage|p1a: Drampa|0 fnt
|faint|p1a: Drampa
|-damage|p2a: Shiftry|91/100|[from] item: Life Orb
|
|-weather|SunnyDay|[upkeep]
|upkeep
|
|t:|1663892153
|switch|p1a: Aromatisse|Aromatisse, M|86/100
|-damage|p1a: Aromatisse|74/100|[from] Stealth Rock
|turn|20
|
|t:|1663892157
|move|p2a: Shiftry|Solar Beam||[still]
|-prepare|p2a: Shiftry|Solar Beam
|-anim|p2a: Shiftry|Solar Beam|p1a: Aromatisse
|-damage|p1a: Aromatisse|13/100
|-damage|p2a: Shiftry|81/100|[from] item: Life Orb
|move|p1a: Aromatisse|Trick Room|p1a: Aromatisse
|-fieldstart|move: Trick Room|[of] p1a: Aromatisse
|
|-weather|none
|upkeep
|turn|21
|
|t:|1663892169
|switch|p2a: Ninetales|Ninetales, M|100/100
|-weather|SunnyDay|[from] ability: Drought|[of] p2a: Ninetales
|move|p1a: Aromatisse|Misty Explosion|p2a: Ninetales
|-resisted|p2a: Ninetales
|-damage|p2a: Ninetales|80/100
|faint|p1a: Aromatisse
|
|-weather|SunnyDay|[upkeep]
|upkeep
|
|t:|1663892178
|switch|p1a: Rhyperior|Rhyperior, M|71/100
|-damage|p1a: Rhyperior|65/100|[from] Stealth Rock
|turn|22
|
|t:|1663892182
|switch|p2a: Shiftry|Shiftry, F|81/100
|move|p1a: Rhyperior|Stone Edge|p2a: Shiftry
|-damage|p2a: Shiftry|0 fnt
|faint|p2a: Shiftry
|
|-weather|SunnyDay|[upkeep]
|upkeep
|
|t:|1663892191
|switch|p2a: Starmie|Starmie|17/100
|turn|23
|c|☆its oyster time|Gg
|
|t:|1663892201
|move|p1a: Rhyperior|Earthquake|p2a: Starmie
|-damage|p2a: Starmie|0 fnt
|faint|p2a: Starmie
|
|-weather|SunnyDay|[upkeep]
|upkeep
|c|☆yOuRwElCoMeThAnk|u can still miss
|c|☆yOuRwElCoMeThAnk|oh
|c|☆yOuRwElCoMeThAnk|thought it was cb
|
|t:|1663892210
|switch|p2a: Ninetales|Ninetales, M|80/100
|turn|24
|
|t:|1663892214
|move|p1a: Rhyperior|Earthquake|p2a: Ninetales
|-supereffective|p2a: Ninetales
|-damage|p2a: Ninetales|0 fnt
|faint|p2a: Ninetales
|
|win|its oyster time
|c|☆yOuRwElCoMeThAnk|Gg
