|j|☆y8
|j|☆toxrus2
|inactive|Battle timer is ON: inactive players will automatically lose when time's up.
|t:|1613525750
|player|p1|y8|lucas|
|player|p2|toxrus2|pilot|
|teamsize|p1|6
|teamsize|p2|6
|gametype|singles
|gen|8
|tier|[Gen 8] RU
|rated|Tournament battle
|clearpoke
|poke|p1|Toxtricity, M|
|poke|p1|Zarude-Dada|
|poke|p1|Milotic, F|
|poke|p1|Steelix, F|
|poke|p1|Togekiss, F|
|poke|p1|Mienshao, M|
|poke|p2|Weezing-Galar, F|
|poke|p2|Zarude|
|poke|p2|Suicune|
|poke|p2|Registeel|
|poke|p2|Zygarde-10%|
|poke|p2|Xurkitree|
|rule|Sleep Clause Mod: Limit one foe put to sleep
|rule|Species Clause: Limit one of each Pokémon
|rule|OHKO Clause: OHKO moves are banned
|rule|Evasion Moves Clause: Evasion moves are banned
|rule|Endless Battle Clause: Forcing endless battles is banned
|rule|HP Percentage Mod: HP is shown in percentages
|rule|Dynamax Clause: You cannot dynamax
|teampreview
|inactive|y8 also wants the timer to be on.
|j| yourwelcomethank
|inactive|y8 has 120 seconds left.
|inactive|y8 has 90 seconds left.
|
|t:|1613525818
|start
|switch|p1a: Steelix|Steelix, F|100/100
|switch|p2a: Registeel|Registeel|100/100
|turn|1
|
|t:|1613525828
|move|p2a: Registeel|Stealth Rock|p1a: Steelix
|-sidestart|p1: y8|move: Stealth Rock
|move|p1a: Steelix|Body Press|p2a: Registeel
|-supereffective|p2a: Registeel
|-damage|p2a: Registeel|59/100
|
|-heal|p2a: Registeel|65/100|[from] item: Leftovers
|upkeep
|turn|2
|
|t:|1613525832
|switch|p2a: Suicune|Suicune|100/100
|-ability|p2a: Suicune|Pressure
|move|p1a: Steelix|Body Press|p2a: Suicune
|-damage|p2a: Suicune|81/100
|
|-heal|p2a: Suicune|87/100|[from] item: Leftovers
|upkeep
|turn|3
|j| iampawgqueen
|
|t:|1613525847
|switch|p1a: Zarude|Zarude-Dada|100/100
|move|p2a: Suicune|Ice Beam|p1a: Zarude
|-supereffective|p1a: Zarude
|-damage|p1a: Zarude|59/100
|
|-heal|p2a: Suicune|94/100|[from] item: Leftovers
|upkeep
|turn|4
|
|t:|1613525854
|switch|p2a: Weezing|Weezing-Galar, F|100/100
|move|p1a: Zarude|Jungle Healing|p1a: Zarude
|-heal|p1a: Zarude|85/100
|
|upkeep
|turn|5
|
|t:|1613525861
|move|p1a: Zarude|U-turn|p2a: Weezing
|-resisted|p2a: Weezing
|-damage|p2a: Weezing|97/100
|
|t:|1613525867
|switch|p1a: Steelix|Steelix, F|100/100|[from]move: U-turn
|-damage|p1a: Steelix|97/100|[from] Stealth Rock
|move|p2a: Weezing|Will-O-Wisp|p1a: Steelix
|-status|p1a: Steelix|brn
|
|-heal|p2a: Weezing|100/100|[from] item: Black Sludge
|-heal|p1a: Steelix|100/100 brn|[from] item: Leftovers
|-damage|p1a: Steelix|94/100 brn|[from] brn
|upkeep
|turn|6
|
|t:|1613525882
|switch|p2a: Suicune|Suicune|94/100
|-ability|p2a: Suicune|Pressure
|move|p1a: Steelix|Stealth Rock|p2a: Suicune
|-sidestart|p2: toxrus2|move: Stealth Rock
|
|-heal|p2a: Suicune|99/100|[from] item: Leftovers
|-heal|p1a: Steelix|100/100 brn|[from] item: Leftovers
|-damage|p1a: Steelix|94/100 brn|[from] brn
|upkeep
|turn|7
|
|t:|1613525896
|switch|p2a: Xurkitree|Xurkitree|100/100
|-damage|p2a: Xurkitree|88/100|[from] Stealth Rock
|switch|p1a: Milotic|Milotic, F|100/100
|-damage|p1a: Milotic|88/100|[from] Stealth Rock
|
|-heal|p1a: Milotic|94/100|[from] item: Leftovers
|upkeep
|turn|8
|
|t:|1613525922
|switch|p1a: Steelix|Steelix, F|94/100 brn
|-damage|p1a: Steelix|91/100 brn|[from] Stealth Rock
|move|p2a: Xurkitree|Energy Ball|p1a: Steelix
|-damage|p1a: Steelix|54/100 brn
|
|-heal|p1a: Steelix|60/100 brn|[from] item: Leftovers
|-damage|p1a: Steelix|54/100 brn|[from] brn
|upkeep
|turn|9
|
|t:|1613525929
|switch|p2a: Suicune|Suicune|99/100
|-damage|p2a: Suicune|87/100|[from] Stealth Rock
|-ability|p2a: Suicune|Pressure
|move|p1a: Steelix|Earthquake|p2a: Suicune
|-damage|p2a: Suicune|79/100
|
|-heal|p2a: Suicune|85/100|[from] item: Leftovers
|-heal|p1a: Steelix|60/100 brn|[from] item: Leftovers
|-damage|p1a: Steelix|54/100 brn|[from] brn
|upkeep
|turn|10
|
|t:|1613525939
|switch|p1a: Toxtricity|Toxtricity, M|100/100
|-damage|p1a: Toxtricity|88/100|[from] Stealth Rock
|move|p2a: Suicune|Calm Mind|p2a: Suicune
|-boost|p2a: Suicune|spa|1
|-boost|p2a: Suicune|spd|1
|
|-heal|p2a: Suicune|92/100|[from] item: Leftovers
|upkeep
|turn|11
|
|t:|1613525952
|move|p1a: Toxtricity|Overdrive|p2a: Suicune
|-supereffective|p2a: Suicune
|-damage|p2a: Suicune|6/100
|move|p2a: Suicune|Scald|p1a: Toxtricity
|-damage|p1a: Toxtricity|30/100
|-status|p1a: Toxtricity|brn
|
|-heal|p2a: Suicune|13/100|[from] item: Leftovers
|-damage|p1a: Toxtricity|24/100 brn|[from] brn
|upkeep
|turn|12
|
|t:|1613525967
|switch|p2a: Zygarde|Zygarde-10%|100/100
|-damage|p2a: Zygarde|94/100|[from] Stealth Rock
|-ability|p2a: Zygarde|Aura Break
|move|p1a: Toxtricity|Overdrive|p2a: Zygarde
|-immune|p2a: Zygarde
|
|-damage|p1a: Toxtricity|18/100 brn|[from] brn
|upkeep
|turn|13
|
|t:|1613525976
|switch|p1a: Milotic|Milotic, F|94/100
|-damage|p1a: Milotic|82/100|[from] Stealth Rock
|move|p2a: Zygarde|Thousand Arrows|p1a: Milotic
|-damage|p1a: Milotic|41/100
|
|-heal|p1a: Milotic|47/100|[from] item: Leftovers
|upkeep
|turn|14
|
|t:|1613525981
|switch|p2a: Suicune|Suicune|13/100
|-damage|p2a: Suicune|0 fnt|[from] Stealth Rock
|faint|p2a: Suicune
|move|p1a: Milotic|Recover|p1a: Milotic
|-heal|p1a: Milotic|97/100
|
|-heal|p1a: Milotic|100/100|[from] item: Leftovers
|upkeep
|
|t:|1613525984
|switch|p2a: Zarude|Zarude|100/100
|-damage|p2a: Zarude|88/100|[from] Stealth Rock
|turn|15
|
|t:|1613525991
|switch|p1a: Togekiss|Togekiss, F|100/100
|move|p2a: Zarude|Power Whip|p1a: Togekiss
|-resisted|p1a: Togekiss
|-damage|p1a: Togekiss|79/100
|
|-heal|p2a: Zarude|94/100|[from] item: Leftovers
|upkeep
|turn|16
|
|t:|1613526005
|switch|p2a: Registeel|Registeel|65/100
|-damage|p2a: Registeel|59/100|[from] Stealth Rock
|move|p1a: Togekiss|Thunder Wave|p2a: Registeel
|-status|p2a: Registeel|par
|
|-heal|p2a: Registeel|65/100 par|[from] item: Leftovers
|upkeep
|turn|17
|
|t:|1613526011
|move|p1a: Togekiss|Defog|p2a: Registeel
|-fail|p2a: Registeel|unboost|[from] ability: Clear Body|[of] p2a: Registeel
|-sideend|p2: toxrus2|Stealth Rock|[from] move: Defog|[of] p1a: Togekiss
|-sideend|p1: y8|Stealth Rock|[from] move: Defog|[of] p1a: Togekiss
|cant|p2a: Registeel|par
|
|-heal|p2a: Registeel|71/100 par|[from] item: Leftovers
|upkeep
|turn|18
|
|t:|1613526016
|switch|p1a: Mienshao|Mienshao, M|100/100
|move|p2a: Registeel|Stealth Rock|p1a: Mienshao
|-sidestart|p1: y8|move: Stealth Rock
|
|-heal|p2a: Registeel|77/100 par|[from] item: Leftovers
|upkeep
|turn|19
|
|t:|1613526024
|switch|p2a: Weezing|Weezing-Galar, F|100/100
|move|p1a: Mienshao|Knock Off|p2a: Weezing
|-resisted|p2a: Weezing
|-damage|p2a: Weezing|91/100
|-enditem|p2a: Weezing|Black Sludge|[from] move: Knock Off|[of] p1a: Mienshao
|
|upkeep
|turn|20
|
|t:|1613526041
|switch|p1a: Steelix|Steelix, F|54/100 brn
|-damage|p1a: Steelix|50/100 brn|[from] Stealth Rock
|move|p2a: Weezing|Will-O-Wisp|p1a: Steelix
|-fail|p1a: Steelix|brn
|
|-heal|p1a: Steelix|57/100 brn|[from] item: Leftovers
|-damage|p1a: Steelix|50/100 brn|[from] brn
|upkeep
|turn|21
|
|t:|1613526048
|switch|p2a: Zarude|Zarude|94/100
|move|p1a: Steelix|Head Smash|p2a: Zarude|[miss]
|-miss|p1a: Steelix|p2a: Zarude
|
|-heal|p2a: Zarude|99/100|[from] item: Leftovers
|-heal|p1a: Steelix|57/100 brn|[from] item: Leftovers
|-damage|p1a: Steelix|50/100 brn|[from] brn
|upkeep
|turn|22
|
|t:|1613526063
|move|p2a: Zarude|Power Whip|p1a: Steelix
|-damage|p1a: Steelix|20/100 brn
|move|p1a: Steelix|Body Press|p2a: Zarude
|-supereffective|p2a: Zarude
|-damage|p2a: Zarude|69/100
|
|-heal|p2a: Zarude|75/100|[from] item: Leftovers
|-heal|p1a: Steelix|26/100 brn|[from] item: Leftovers
|-damage|p1a: Steelix|20/100 brn|[from] brn
|upkeep
|turn|23
|
|t:|1613526071
|switch|p1a: Togekiss|Togekiss, F|79/100
|move|p2a: Zarude|Power Whip|p1a: Togekiss
|-resisted|p1a: Togekiss
|-damage|p1a: Togekiss|59/100
|
|-heal|p2a: Zarude|81/100|[from] item: Leftovers
|upkeep
|turn|24
|
|t:|1613526076
|switch|p2a: Registeel|Registeel|77/100 par
|move|p1a: Togekiss|Defog|p2a: Registeel
|-fail|p2a: Registeel|unboost|[from] ability: Clear Body|[of] p2a: Registeel
|-sideend|p1: y8|Stealth Rock|[from] move: Defog|[of] p1a: Togekiss
|
|-heal|p2a: Registeel|83/100 par|[from] item: Leftovers
|upkeep
|turn|25
|
|t:|1613526084
|switch|p1a: Toxtricity|Toxtricity, M|18/100 brn
|cant|p2a: Registeel|par
|
|-heal|p2a: Registeel|90/100 par|[from] item: Leftovers
|-damage|p1a: Toxtricity|12/100 brn|[from] brn
|upkeep
|turn|26
|
|t:|1613526089
|move|p2a: Registeel|Protect|p2a: Registeel
|-singleturn|p2a: Registeel|Protect
|move|p1a: Toxtricity|Volt Switch|p2a: Registeel
|-activate|p2a: Registeel|move: Protect
|
|-heal|p2a: Registeel|96/100 par|[from] item: Leftovers
|-damage|p1a: Toxtricity|6/100 brn|[from] brn
|upkeep
|turn|27
|
|t:|1613526097
|switch|p1a: Milotic|Milotic, F|100/100
|move|p2a: Registeel|Stealth Rock|p1a: Milotic
|-sidestart|p1: y8|move: Stealth Rock
|
|-heal|p2a: Registeel|100/100 par|[from] item: Leftovers
|upkeep
|turn|28
|
|t:|1613526102
|switch|p2a: Zarude|Zarude|81/100
|move|p1a: Milotic|Scald|p2a: Zarude
|-resisted|p2a: Zarude
|-damage|p2a: Zarude|66/100
|
|-heal|p2a: Zarude|72/100|[from] item: Leftovers
|upkeep
|turn|29
|
|t:|1613526117
|switch|p1a: Zarude|Zarude-Dada|85/100
|move|p2a: Zarude|Power Whip|p1a: Zarude
|-resisted|p1a: Zarude
|-crit|p1a: Zarude
|-damage|p1a: Zarude|43/100
|
|-heal|p2a: Zarude|78/100|[from] item: Leftovers
|upkeep
|turn|30
|
|t:|1613526123
|switch|p2a: Weezing|Weezing-Galar, F|91/100
|move|p1a: Zarude|U-turn|p2a: Weezing
|-resisted|p2a: Weezing
|-damage|p2a: Weezing|87/100
|
|t:|1613526133
|switch|p1a: Togekiss|Togekiss, F|59/100|[from]move: U-turn
|
|upkeep
|turn|31
|
|t:|1613526139
|move|p1a: Togekiss|Roost|p1a: Togekiss
|-heal|p1a: Togekiss|100/100
|-singleturn|p1a: Togekiss|move: Roost
|move|p2a: Weezing|Sludge Bomb|p1a: Togekiss
|-supereffective|p1a: Togekiss
|-damage|p1a: Togekiss|54/100
|
|upkeep
|turn|32
|
|t:|1613526148
|switch|p2a: Registeel|Registeel|100/100 par
|move|p1a: Togekiss|Roost|p1a: Togekiss
|-heal|p1a: Togekiss|100/100
|-singleturn|p1a: Togekiss|move: Roost
|
|upkeep
|turn|33
|
|t:|1613526154
|move|p1a: Togekiss|Defog|p2a: Registeel
|-fail|p2a: Registeel|unboost|[from] ability: Clear Body|[of] p2a: Registeel
|-sideend|p1: y8|Stealth Rock|[from] move: Defog|[of] p1a: Togekiss
|move|p2a: Registeel|Seismic Toss|p1a: Togekiss
|-damage|p1a: Togekiss|74/100
|
|upkeep
|turn|34
|
|t:|1613526159
|move|p1a: Togekiss|Air Slash|p2a: Registeel
|-resisted|p2a: Registeel
|-damage|p2a: Registeel|93/100 par
|cant|p2a: Registeel|flinch
|
|-heal|p2a: Registeel|99/100 par|[from] item: Leftovers
|upkeep
|turn|35
|
|t:|1613526167
|switch|p1a: Mienshao|Mienshao, M|100/100
|cant|p2a: Registeel|par
|
|-heal|p2a: Registeel|100/100 par|[from] item: Leftovers
|upkeep
|turn|36
|
|t:|1613526173
|switch|p2a: Weezing|Weezing-Galar, F|87/100
|move|p1a: Mienshao|U-turn|p2a: Weezing
|-resisted|p2a: Weezing
|-damage|p2a: Weezing|83/100
|
|t:|1613526182
|switch|p1a: Togekiss|Togekiss, F|74/100|[from]move: U-turn
|
|upkeep
|turn|37
|
|t:|1613526185
|switch|p2a: Registeel|Registeel|100/100 par
|move|p1a: Togekiss|Thunder Wave|p2a: Registeel
|-fail|p2a: Registeel|par
|
|upkeep
|turn|38
|
|t:|1613526193
|switch|p1a: Mienshao|Mienshao, M|100/100
|move|p2a: Registeel|Stealth Rock|p1a: Mienshao
|-sidestart|p1: y8|move: Stealth Rock
|
|upkeep
|turn|39
|
|t:|1613526201
|switch|p2a: Weezing|Weezing-Galar, F|83/100
|move|p1a: Mienshao|Close Combat|p2a: Weezing
|-resisted|p2a: Weezing
|-crit|p2a: Weezing
|-damage|p2a: Weezing|67/100
|-unboost|p1a: Mienshao|def|1
|-unboost|p1a: Mienshao|spd|1
|
|upkeep
|turn|40
|
|t:|1613526211
|switch|p1a: Milotic|Milotic, F|100/100
|-damage|p1a: Milotic|88/100|[from] Stealth Rock
|move|p2a: Weezing|Sludge Bomb|p1a: Milotic
|-damage|p1a: Milotic|67/100
|
|-heal|p1a: Milotic|73/100|[from] item: Leftovers
|upkeep
|turn|41
|
|t:|1613526219
|move|p1a: Milotic|Recover|p1a: Milotic
|-heal|p1a: Milotic|100/100
|move|p2a: Weezing|Pain Split|p1a: Milotic
|-sethp|p1a: Milotic|79/100|[from] move: Pain Split|[silent]
|-sethp|p2a: Weezing|93/100|[from] move: Pain Split
|
|-heal|p1a: Milotic|85/100|[from] item: Leftovers
|upkeep
|turn|42
|
|t:|1613526223
|switch|p2a: Zarude|Zarude|78/100
|move|p1a: Milotic|Scald|p2a: Zarude
|-resisted|p2a: Zarude
|-damage|p2a: Zarude|65/100
|
|-heal|p2a: Zarude|71/100|[from] item: Leftovers
|-heal|p1a: Milotic|91/100|[from] item: Leftovers
|upkeep
|turn|43
|inactive|y8 has 120 seconds left.
|
|t:|1613526259
|move|p2a: Zarude|Power Whip|p1a: Milotic
|-supereffective|p1a: Milotic
|-damage|p1a: Milotic|7/100
|move|p1a: Milotic|Flip Turn|p2a: Zarude
|-resisted|p2a: Zarude
|-damage|p2a: Zarude|65/100
|
|t:|1613526264
|switch|p1a: Mienshao|Mienshao, M|100/100|[from]move: Flip Turn
|-damage|p1a: Mienshao|95/100|[from] Stealth Rock
|
|-heal|p2a: Zarude|71/100|[from] item: Leftovers
|upkeep
|turn|44
|inactive|y8 has 120 seconds left.
|
|t:|1613526275
|switch|p2a: Weezing|Weezing-Galar, F|93/100
|move|p1a: Mienshao|U-turn|p2a: Weezing
|-resisted|p2a: Weezing
|-damage|p2a: Weezing|89/100
|
|t:|1613526278
|switch|p1a: Togekiss|Togekiss, F|74/100|[from]move: U-turn
|
|upkeep
|turn|45
|
|t:|1613526281
|switch|p2a: Registeel|Registeel|100/100 par
|move|p1a: Togekiss|Defog|p2a: Registeel
|-fail|p2a: Registeel|unboost|[from] ability: Clear Body|[of] p2a: Registeel
|-sideend|p1: y8|Stealth Rock|[from] move: Defog|[of] p1a: Togekiss
|
|upkeep
|turn|46
|
|t:|1613526285
|switch|p1a: Toxtricity|Toxtricity, M|6/100 brn
|move|p2a: Registeel|Seismic Toss|p1a: Toxtricity
|-damage|p1a: Toxtricity|0 fnt
|faint|p1a: Toxtricity
|
|upkeep
|
|t:|1613526291
|switch|p1a: Mienshao|Mienshao, M|100/100
|turn|47
|
|t:|1613526294
|switch|p2a: Weezing|Weezing-Galar, F|89/100
|move|p1a: Mienshao|Close Combat|p2a: Weezing
|-resisted|p2a: Weezing
|-damage|p2a: Weezing|80/100
|-unboost|p1a: Mienshao|def|1
|-unboost|p1a: Mienshao|spd|1
|
|upkeep
|turn|48
|
|t:|1613526305
|switch|p1a: Steelix|Steelix, F|20/100 brn
|move|p2a: Weezing|Sludge Bomb|p1a: Steelix
|-immune|p1a: Steelix
|
|-heal|p1a: Steelix|26/100 brn|[from] item: Leftovers
|-damage|p1a: Steelix|20/100 brn|[from] brn
|upkeep
|turn|49
|
|t:|1613526311
|switch|p2a: Registeel|Registeel|100/100 par
|move|p1a: Steelix|Body Press|p2a: Registeel
|-supereffective|p2a: Registeel
|-damage|p2a: Registeel|77/100 par
|
|-heal|p1a: Steelix|26/100 brn|[from] item: Leftovers
|-heal|p2a: Registeel|83/100 par|[from] item: Leftovers
|-damage|p1a: Steelix|20/100 brn|[from] brn
|upkeep
|turn|50
|
|t:|1613526316
|move|p1a: Steelix|Body Press|p2a: Registeel
|-supereffective|p2a: Registeel
|-damage|p2a: Registeel|61/100 par
|move|p2a: Registeel|Stealth Rock|p1a: Steelix
|-sidestart|p1: y8|move: Stealth Rock
|
|-heal|p1a: Steelix|26/100 brn|[from] item: Leftovers
|-heal|p2a: Registeel|67/100 par|[from] item: Leftovers
|-damage|p1a: Steelix|20/100 brn|[from] brn
|upkeep
|turn|51
|
|t:|1613526322
|switch|p2a: Zarude|Zarude|71/100
|move|p1a: Steelix|Body Press|p2a: Zarude
|-supereffective|p2a: Zarude
|-damage|p2a: Zarude|38/100
|
|-heal|p2a: Zarude|44/100|[from] item: Leftovers
|-heal|p1a: Steelix|26/100 brn|[from] item: Leftovers
|-damage|p1a: Steelix|20/100 brn|[from] brn
|upkeep
|turn|52
|
|t:|1613526332
|move|p2a: Zarude|Bulk Up|p2a: Zarude
|-boost|p2a: Zarude|atk|1
|-boost|p2a: Zarude|def|1
|move|p1a: Steelix|Body Press|p2a: Zarude
|-supereffective|p2a: Zarude
|-damage|p2a: Zarude|24/100
|
|-heal|p2a: Zarude|30/100|[from] item: Leftovers
|-heal|p1a: Steelix|26/100 brn|[from] item: Leftovers
|-damage|p1a: Steelix|20/100 brn|[from] brn
|upkeep
|turn|53
|
|t:|1613526335
|move|p2a: Zarude|Jungle Healing|p2a: Zarude
|-heal|p2a: Zarude|55/100
|move|p1a: Steelix|Body Press|p2a: Zarude
|-supereffective|p2a: Zarude
|-damage|p2a: Zarude|35/100
|
|-heal|p2a: Zarude|41/100|[from] item: Leftovers
|-heal|p1a: Steelix|26/100 brn|[from] item: Leftovers
|-damage|p1a: Steelix|20/100 brn|[from] brn
|upkeep
|turn|54
|
|t:|1613526342
|move|p2a: Zarude|Jungle Healing|p2a: Zarude
|-heal|p2a: Zarude|66/100
|move|p1a: Steelix|Body Press|p2a: Zarude
|-supereffective|p2a: Zarude
|-damage|p2a: Zarude|46/100
|
|-heal|p2a: Zarude|51/100|[from] item: Leftovers
|-heal|p1a: Steelix|26/100 brn|[from] item: Leftovers
|-damage|p1a: Steelix|20/100 brn|[from] brn
|upkeep
|turn|55
|
|t:|1613526345
|switch|p1a: Togekiss|Togekiss, F|74/100
|move|p2a: Zarude|Darkest Lariat|p1a: Togekiss
|-resisted|p1a: Togekiss
|-damage|p1a: Togekiss|52/100
|
|-heal|p2a: Zarude|57/100|[from] item: Leftovers
|upkeep
|turn|56
|
|t:|1613526353
|switch|p2a: Xurkitree|Xurkitree|88/100
|move|p1a: Togekiss|Roost|p1a: Togekiss
|-heal|p1a: Togekiss|100/100
|-singleturn|p1a: Togekiss|move: Roost
|
|upkeep
|turn|57
|
|t:|1613526361
|switch|p1a: Steelix|Steelix, F|20/100 brn
|-damage|p1a: Steelix|17/100 brn|[from] Stealth Rock
|move|p2a: Xurkitree|Dazzling Gleam|p1a: Steelix
|-resisted|p1a: Steelix
|-damage|p1a: Steelix|2/100 brn
|
|-heal|p1a: Steelix|8/100 brn|[from] item: Leftovers
|-damage|p1a: Steelix|2/100 brn|[from] brn
|upkeep
|turn|58
|
|t:|1613526370
|move|p2a: Xurkitree|Dazzling Gleam|p1a: Steelix
|-resisted|p1a: Steelix
|-damage|p1a: Steelix|0 fnt
|faint|p1a: Steelix
|-ability|p2a: Xurkitree|Beast Boost|boost
|-boost|p2a: Xurkitree|spa|1
|
|upkeep
|j| asdhfjk
|
|t:|1613526374
|switch|p1a: Mienshao|Mienshao, M|100/100
|-damage|p1a: Mienshao|95/100|[from] Stealth Rock
|turn|59
|
|t:|1613526379
|switch|p2a: Weezing|Weezing-Galar, F|80/100
|move|p1a: Mienshao|Knock Off|p2a: Weezing
|-resisted|p2a: Weezing
|-damage|p2a: Weezing|73/100
|
|upkeep
|turn|60
|l| asdhfjk
|
|t:|1613526387
|switch|p1a: Togekiss|Togekiss, F|100/100
|move|p2a: Weezing|Sludge Bomb|p1a: Togekiss
|-supereffective|p1a: Togekiss
|-damage|p1a: Togekiss|54/100
|
|upkeep
|turn|61
|
|t:|1613526393
|switch|p2a: Xurkitree|Xurkitree|88/100
|move|p1a: Togekiss|Thunder Wave|p2a: Xurkitree|[miss]
|-miss|p1a: Togekiss|p2a: Xurkitree
|
|upkeep
|turn|62
|
|t:|1613526399
|switch|p1a: Milotic|Milotic, F|7/100
|-damage|p1a: Milotic|0 fnt|[from] Stealth Rock
|faint|p1a: Milotic
|move|p2a: Xurkitree|Thunderbolt|p1: Milotic|[notarget]
|-fail|p2a: Xurkitree
|
|upkeep
|
|t:|1613526404
|switch|p1a: Mienshao|Mienshao, M|100/100
|-damage|p1a: Mienshao|95/100|[from] Stealth Rock
|turn|63
|
|t:|1613526410
|switch|p2a: Weezing|Weezing-Galar, F|73/100
|move|p1a: Mienshao|Stone Edge|p2a: Weezing
|-damage|p2a: Weezing|51/100
|
|upkeep
|turn|64
|
|t:|1613526416
|move|p1a: Mienshao|Stone Edge|p2a: Weezing
|-damage|p2a: Weezing|29/100
|move|p2a: Weezing|Sludge Bomb|p1a: Mienshao
|-damage|p1a: Mienshao|40/100
|
|upkeep
|turn|65
|
|t:|1613526421
|switch|p2a: Zygarde|Zygarde-10%|94/100
|-ability|p2a: Zygarde|Aura Break
|move|p1a: Mienshao|Stone Edge|p2a: Zygarde|[miss]
|-miss|p1a: Mienshao|p2a: Zygarde
|
|upkeep
|turn|66
|
|t:|1613526427
|switch|p1a: Zarude|Zarude-Dada|43/100
|move|p2a: Zygarde|Thousand Arrows|p1a: Zarude
|-resisted|p1a: Zarude
|-crit|p1a: Zarude
|-damage|p1a: Zarude|1/100
|
|upkeep
|turn|67
|
|t:|1613526432
|move|p2a: Zygarde|Thousand Arrows|p1a: Zarude
|-resisted|p1a: Zarude
|-crit|p1a: Zarude
|-damage|p1a: Zarude|0 fnt
|faint|p1a: Zarude
|
|upkeep
|
|t:|1613526436
|switch|p1a: Mienshao|Mienshao, M|74/100
|-damage|p1a: Mienshao|68/100|[from] Stealth Rock
|turn|68
|
|t:|1613526442
|switch|p2a: Zarude|Zarude|57/100
|move|p1a: Mienshao|Close Combat|p2a: Zarude
|-supereffective|p2a: Zarude
|-damage|p2a: Zarude|0 fnt
|-unboost|p1a: Mienshao|def|1
|-unboost|p1a: Mienshao|spd|1
|faint|p2a: Zarude
|
|upkeep
|
|t:|1613526454
|switch|p2a: Zygarde|Zygarde-10%|94/100
|-ability|p2a: Zygarde|Aura Break
|turn|69
|
|t:|1613526457
|switch|p1a: Togekiss|Togekiss, F|54/100
|move|p2a: Zygarde|Extreme Speed|p1a: Togekiss
|-damage|p1a: Togekiss|27/100
|
|upkeep
|turn|70
|
|t:|1613526462
|move|p2a: Zygarde|Extreme Speed|p1a: Togekiss
|-damage|p1a: Togekiss|3/100
|move|p1a: Togekiss|Roost|p1a: Togekiss
|-heal|p1a: Togekiss|53/100
|-singleturn|p1a: Togekiss|move: Roost
|
|upkeep
|turn|71
|
|t:|1613526466
|switch|p2a: Xurkitree|Xurkitree|88/100
|move|p1a: Togekiss|Roost|p1a: Togekiss
|-heal|p1a: Togekiss|100/100
|-singleturn|p1a: Togekiss|move: Roost
|
|upkeep
|turn|72
|
|t:|1613526470
|move|p2a: Xurkitree|Thunderbolt|p1a: Togekiss
|-supereffective|p1a: Togekiss
|-damage|p1a: Togekiss|3/100
|-status|p1a: Togekiss|par
|move|p1a: Togekiss|Defog|p2a: Xurkitree
|-unboost|p2a: Xurkitree|evasion|1
|-sideend|p1: y8|Stealth Rock|[from] move: Defog|[of] p1a: Togekiss
|
|upkeep
|turn|73
|
|t:|1613526474
|switch|p1a: Mienshao|Mienshao, M|100/100
|move|p2a: Xurkitree|Thunderbolt|p1a: Mienshao
|-damage|p1a: Mienshao|0 fnt
|faint|p1a: Mienshao
|-ability|p2a: Xurkitree|Beast Boost|boost
|-boost|p2a: Xurkitree|spa|1
|
|upkeep
|
|t:|1613526479
|switch|p1a: Togekiss|Togekiss, F|3/100 par
|turn|74
|
|t:|1613526482
|move|p2a: Xurkitree|Thunderbolt|p1a: Togekiss
|-supereffective|p1a: Togekiss
|-damage|p1a: Togekiss|0 fnt
|faint|p1a: Togekiss
|
|win|toxrus2
|n|☆y8|y8
|n|☆toxrus2|toxrus2
|n| yourwelcomethank|yourwelcomethank
|n| iampawgqueen|iampawgqueen
