|j|☆Neeeerrrrr
|j|‽Rozwel
|t:|1664116250
|gametype|singles
|player|p1|Neeeerrrrr|1|1334
|player|p2|Rozwel|elesa|1569
|teamsize|p1|6
|teamsize|p2|6
|gen|8
|tier|[Gen 8] RU
|rated|
|rule|Sleep Clause Mod: Limit one foe put to sleep
|rule|Species Clause: Limit one of each Pokémon
|rule|OHKO Clause: OHKO moves are banned
|rule|Evasion Items Clause: Evasion items are banned
|rule|Evasion Moves Clause: Evasion moves are banned
|rule|Endless Battle Clause: Forcing endless battles is banned
|rule|HP Percentage Mod: HP is shown in percentages
|rule|Dynamax Clause: You cannot dynamax
|clearpoke
|poke|p1|Chandelure, F|
|poke|p1|Toxtricity, M|
|poke|p1|Weezing-Galar, M|
|poke|p1|Umbreon, F|
|poke|p1|Crobat, F|
|poke|p1|Heracross, F|
|poke|p2|Chandelure, M|
|poke|p2|Weezing-Galar, M|
|poke|p2|Flygon, F|
|poke|p2|Guzzlord|
|poke|p2|Crobat, M|
|poke|p2|Bronzong|
|teampreview
|
|t:|1664116274
|start
|switch|p1a: Crobat|Crobat, F|100/100
|switch|p2a: Flygon|Flygon, F|100/100
|turn|1
|
|t:|1664116279
|move|p1a: Crobat|U-turn|p2a: Flygon
|-damage|p2a: Flygon|74/100
|
|t:|1664116284
|switch|p1a: Weezing|Weezing-Galar, M|100/100|[from]move: U-turn
|move|p2a: Flygon|Stone Edge|p1a: Weezing
|-damage|p1a: Weezing|70/100
|
|upkeep
|turn|2
|
|t:|1664116291
|switch|p2a: Chandelure|Chandelure, M|100/100
|move|p1a: Weezing|Will-O-Wisp|p2a: Chandelure
|-start|p2a: Chandelure|ability: Flash Fire
|
|upkeep
|turn|3
|
|t:|1664116298
|switch|p1a: Umbreon|Umbreon, F, shiny|100/100
|move|p2a: Chandelure|Hex|p1a: Umbreon
|-resisted|p1a: Umbreon
|-damage|p1a: Umbreon|91/100
|
|-heal|p1a: Umbreon|97/100|[from] item: Leftovers
|upkeep
|turn|4
|
|t:|1664116315
|move|p2a: Chandelure|Flamethrower|p1a: Umbreon
|-damage|p1a: Umbreon|55/100
|move|p1a: Umbreon|Foul Play|p2a: Chandelure
|-supereffective|p2a: Chandelure
|-damage|p2a: Chandelure|58/100
|
|-heal|p1a: Umbreon|61/100|[from] item: Leftovers
|upkeep
|turn|5
|inactive|Battle timer is ON: inactive players will automatically lose when time's up. (requested by Neeeerrrrr)
|
|t:|1664116335
|move|p2a: Chandelure|Flamethrower|p1a: Umbreon
|-damage|p1a: Umbreon|18/100
|move|p1a: Umbreon|Wish|p1a: Umbreon
|
|-heal|p1a: Umbreon|24/100|[from] item: Leftovers
|upkeep
|turn|6
|
|t:|1664116345
|-end|p2a: Chandelure|ability: Flash Fire|[silent]
|switch|p2a: Bronzong|Bronzong|100/100
|move|p1a: Umbreon|Protect||[still]
|-fail|p1a: Umbreon
|
|-heal|p1a: Umbreon|74/100|[from] move: Wish|[wisher] Umbreon
|-heal|p1a: Umbreon|80/100|[from] item: Leftovers
|upkeep
|turn|7
|
|t:|1664116354
|switch|p1a: Heracross|Heracross, F, shiny|100/100
|move|p2a: Bronzong|Stealth Rock|p1a: Heracross
|-sidestart|p1: Neeeerrrrr|move: Stealth Rock
|
|-status|p1a: Heracross|brn|[from] item: Flame Orb
|upkeep
|turn|8
|
|t:|1664116363
|switch|p2a: Weezing|Weezing-Galar, M|100/100
|-ability|p2a: Weezing|Neutralizing Gas
|move|p1a: Heracross|Knock Off|p2a: Weezing
|-resisted|p2a: Weezing
|-damage|p2a: Weezing|95/100
|-damage|p1a: Heracross|84/100 brn|[from] item: Rocky Helmet|[of] p2a: Weezing
|-enditem|p2a: Weezing|Rocky Helmet|[from] move: Knock Off|[of] p1a: Heracross
|
|-damage|p1a: Heracross|78/100 brn|[from] brn
|upkeep
|turn|9
|
|t:|1664116375
|switch|p1a: Toxtricity|Toxtricity, M|100/100
|-damage|p1a: Toxtricity|88/100|[from] Stealth Rock
|move|p2a: Weezing|Corrosive Gas|p1a: Toxtricity
|-enditem|p1a: Toxtricity|Choice Specs|[from] move: Corrosive Gas|[of] p2a: Weezing
|
|upkeep
|turn|10
|
|t:|1664116384
|-end|p2a: Weezing|ability: Neutralizing Gas
|switch|p2a: Bronzong|Bronzong|100/100
|move|p1a: Toxtricity|Boomburst|p2a: Bronzong
|-resisted|p2a: Bronzong
|-damage|p2a: Bronzong|82/100
|
|-heal|p2a: Bronzong|89/100|[from] item: Leftovers
|upkeep
|turn|11
|
|t:|1664116393
|move|p1a: Toxtricity|Volt Switch|p2a: Bronzong
|-damage|p2a: Bronzong|67/100
|
|t:|1664116397
|switch|p1a: Weezing|Weezing-Galar, M|70/100|[from]move: Volt Switch
|-damage|p1a: Weezing|58/100|[from] Stealth Rock
|move|p2a: Bronzong|Earthquake|p1a: Weezing
|-immune|p1a: Weezing|[from] ability: Levitate
|
|-heal|p2a: Bronzong|73/100|[from] item: Leftovers
|upkeep
|turn|12
|
|t:|1664116408
|switch|p2a: Chandelure|Chandelure, M|58/100
|move|p1a: Weezing|Defog|p2a: Chandelure
|-unboost|p2a: Chandelure|evasion|1
|-sideend|p1: Neeeerrrrr|Stealth Rock|[from] move: Defog|[of] p1a: Weezing
|
|upkeep
|turn|13
|
|t:|1664116431
|switch|p1a: Umbreon|Umbreon, F, shiny|80/100
|move|p2a: Chandelure|Flamethrower|p1a: Umbreon
|-damage|p1a: Umbreon|55/100
|
|-heal|p1a: Umbreon|61/100|[from] item: Leftovers
|upkeep
|turn|14
|
|t:|1664116441
|switch|p2a: Weezing|Weezing-Galar, M|95/100
|-ability|p2a: Weezing|Neutralizing Gas
|move|p1a: Umbreon|Wish|p1a: Umbreon
|
|-heal|p1a: Umbreon|67/100|[from] item: Leftovers
|upkeep
|turn|15
|
|t:|1664116451
|switch|p1a: Toxtricity|Toxtricity, M|88/100
|move|p2a: Weezing|Corrosive Gas|p1a: Toxtricity
|-fail|p1a: Toxtricity|move: Corrosive Gas
|
|-heal|p1a: Toxtricity|100/100|[from] move: Wish|[wisher] Umbreon
|upkeep
|turn|16
|
|t:|1664116472
|-end|p2a: Weezing|ability: Neutralizing Gas
|switch|p2a: Guzzlord|Guzzlord|100/100
|move|p1a: Toxtricity|Snarl|p2a: Guzzlord
|-resisted|p2a: Guzzlord
|-damage|p2a: Guzzlord|94/100
|-unboost|p2a: Guzzlord|spa|1
|
|upkeep
|turn|17
|
|t:|1664116480
|switch|p1a: Weezing|Weezing-Galar, M|58/100
|move|p2a: Guzzlord|Knock Off|p1a: Weezing
|-resisted|p1a: Weezing
|-damage|p1a: Weezing|46/100
|-damage|p2a: Guzzlord|78/100|[from] item: Rocky Helmet|[of] p1a: Weezing
|-enditem|p1a: Weezing|Rocky Helmet|[from] move: Knock Off|[of] p2a: Guzzlord
|
|upkeep
|turn|18
|
|t:|1664116492
|switch|p2a: Chandelure|Chandelure, M|58/100
|move|p1a: Weezing|Toxic Spikes|p2a: Chandelure
|-sidestart|p2: Rozwel|move: Toxic Spikes
|
|upkeep
|turn|19
|inactive|Rozwel has 120 seconds left.
|
|t:|1664116519
|switch|p2a: Weezing|Weezing-Galar, M|95/100
|-ability|p2a: Weezing|Neutralizing Gas
|-sideend|p2: Rozwel|move: Toxic Spikes|[of] p2a: Weezing
|switch|p1a: Umbreon|Umbreon, F, shiny|67/100
|
|-heal|p1a: Umbreon|73/100|[from] item: Leftovers
|upkeep
|turn|20
|inactive|Rozwel has 120 seconds left.
|
|t:|1664116529
|move|p1a: Umbreon|Wish|p1a: Umbreon
|move|p2a: Weezing|Toxic Spikes|p1a: Umbreon
|-sidestart|p1: Neeeerrrrr|move: Toxic Spikes
|
|-heal|p1a: Umbreon|79/100|[from] item: Leftovers
|upkeep
|turn|21
|inactive|Rozwel has 120 seconds left.
|
|t:|1664116548
|switch|p1a: Weezing|Weezing-Galar, M|46/100
|-sideend|p1: Neeeerrrrr|move: Toxic Spikes|[of] p1a: Weezing
|-end|p2a: Weezing|ability: Neutralizing Gas
|switch|p2a: Bronzong|Bronzong|73/100
|
|-heal|p1a: Weezing|100/100|[from] move: Wish|[wisher] Umbreon
|-heal|p2a: Bronzong|79/100|[from] item: Leftovers
|upkeep
|turn|22
|inactive|Rozwel has 120 seconds left.
|
|t:|1664116570
|switch|p1a: Heracross|Heracross, F, shiny|78/100 brn
|switch|p2a: Chandelure|Chandelure, M|58/100
|
|-damage|p1a: Heracross|72/100 brn|[from] brn
|upkeep
|turn|23
|
|t:|1664116581
|switch|p2a: Weezing|Weezing-Galar, M|95/100
|-ability|p2a: Weezing|Neutralizing Gas
|move|p1a: Heracross|Knock Off|p2a: Weezing
|-resisted|p2a: Weezing
|-damage|p2a: Weezing|92/100
|
|-damage|p1a: Heracross|66/100 brn|[from] brn
|upkeep
|turn|24
|
|t:|1664116592
|move|p1a: Heracross|Facade|p2a: Weezing
|-damage|p2a: Weezing|61/100
|move|p2a: Weezing|Corrosive Gas|p1a: Heracross
|-enditem|p1a: Heracross|Flame Orb|[from] move: Corrosive Gas|[of] p2a: Weezing
|
|-damage|p1a: Heracross|60/100 brn|[from] brn
|upkeep
|turn|25
|
|t:|1664116600
|move|p1a: Heracross|Facade|p2a: Weezing
|-damage|p2a: Weezing|31/100
|move|p2a: Weezing|Strange Steam|p1a: Heracross
|-supereffective|p1a: Heracross
|-damage|p1a: Heracross|0 fnt
|faint|p1a: Heracross
|
|upkeep
|
|t:|1664116610
|switch|p1a: Chandelure|Chandelure, F|100/100
|turn|26
|
|t:|1664116614
|switch|p1a: Weezing|Weezing-Galar, M|100/100
|-end|p2a: Weezing|ability: Neutralizing Gas
|switch|p2a: Guzzlord|Guzzlord|78/100
|
|upkeep
|turn|27
|
|t:|1664116624
|switch|p2a: Weezing|Weezing-Galar, M|31/100
|-ability|p2a: Weezing|Neutralizing Gas
|move|p1a: Weezing|Strange Steam|p2a: Weezing
|-resisted|p2a: Weezing
|-damage|p2a: Weezing|11/100
|
|upkeep
|turn|28
|
|t:|1664116632
|move|p2a: Weezing|Pain Split|p1a: Weezing
|-sethp|p1a: Weezing|56/100|[from] move: Pain Split|[silent]
|-sethp|p2a: Weezing|56/100|[from] move: Pain Split
|move|p1a: Weezing|Strange Steam|p2a: Weezing
|-resisted|p2a: Weezing
|-damage|p2a: Weezing|38/100
|
|upkeep
|turn|29
|
|t:|1664116640
|move|p1a: Weezing|Will-O-Wisp|p2a: Weezing
|-status|p2a: Weezing|brn
|move|p2a: Weezing|Strange Steam|p1a: Weezing
|-resisted|p1a: Weezing
|-damage|p1a: Weezing|36/100
|-start|p1a: Weezing|confusion
|
|-damage|p2a: Weezing|32/100 brn|[from] brn
|upkeep
|turn|30
|
|t:|1664116650
|switch|p1a: Toxtricity|Toxtricity, M|100/100
|move|p2a: Weezing|Pain Split|p1a: Toxtricity
|-sethp|p1a: Toxtricity|69/100|[from] move: Pain Split|[silent]
|-sethp|p2a: Weezing|60/100 brn|[from] move: Pain Split
|
|-damage|p2a: Weezing|54/100 brn|[from] brn
|upkeep
|turn|31
|
|t:|1664116665
|-end|p2a: Weezing|ability: Neutralizing Gas
|switch|p2a: Bronzong|Bronzong|79/100
|move|p1a: Toxtricity|Boomburst|p2a: Bronzong
|-resisted|p2a: Bronzong
|-damage|p2a: Bronzong|61/100
|
|-heal|p2a: Bronzong|67/100|[from] item: Leftovers
|upkeep
|turn|32
|
|t:|1664116674
|move|p1a: Toxtricity|Snarl|p2a: Bronzong
|-supereffective|p2a: Bronzong
|-damage|p2a: Bronzong|35/100
|-unboost|p2a: Bronzong|spa|1
|move|p2a: Bronzong|Toxic|p1a: Toxtricity
|-immune|p1a: Toxtricity
|
|-heal|p2a: Bronzong|41/100|[from] item: Leftovers
|upkeep
|turn|33
|
|t:|1664116692
|switch|p1a: Crobat|Crobat, F|100/100
|move|p2a: Bronzong|Earthquake|p1a: Crobat
|-immune|p1a: Crobat
|
|-heal|p2a: Bronzong|48/100|[from] item: Leftovers
|upkeep
|turn|34
|
|t:|1664116702
|move|p1a: Crobat|U-turn|p2a: Bronzong
|-damage|p2a: Bronzong|31/100
|
|t:|1664116706
|switch|p1a: Toxtricity|Toxtricity, M|69/100|[from]move: U-turn
|move|p2a: Bronzong|Stealth Rock|p1a: Toxtricity
|-sidestart|p1: Neeeerrrrr|move: Stealth Rock
|
|-heal|p2a: Bronzong|37/100|[from] item: Leftovers
|upkeep
|turn|35
|
|t:|1664116715
|move|p1a: Toxtricity|Overdrive|p2a: Bronzong
|-crit|p2a: Bronzong
|-damage|p2a: Bronzong|0 fnt
|faint|p2a: Bronzong
|
|upkeep
|
|t:|1664116743
|switch|p2a: Chandelure|Chandelure, M|58/100
|turn|36
|
|t:|1664116747
|switch|p1a: Umbreon|Umbreon, F, shiny|79/100
|-damage|p1a: Umbreon|67/100|[from] Stealth Rock
|move|p2a: Chandelure|Flamethrower|p1a: Umbreon
|-damage|p1a: Umbreon|40/100
|
|-heal|p1a: Umbreon|46/100|[from] item: Leftovers
|upkeep
|turn|37
|
|t:|1664116755
|switch|p2a: Crobat|Crobat, M|100/100
|move|p1a: Umbreon|Wish|p1a: Umbreon
|
|-heal|p1a: Umbreon|52/100|[from] item: Leftovers
|upkeep
|turn|38
|
|t:|1664116767
|move|p1a: Umbreon|Protect|p1a: Umbreon
|-singleturn|p1a: Umbreon|Protect
|move|p2a: Crobat|Brave Bird|p1a: Umbreon
|-activate|p1a: Umbreon|move: Protect
|
|-heal|p1a: Umbreon|100/100|[from] move: Wish|[wisher] Umbreon
|upkeep
|turn|39
|
|t:|1664116775
|move|p2a: Crobat|Taunt|p1a: Umbreon
|-start|p1a: Umbreon|move: Taunt
|cant|p1a: Umbreon|move: Taunt|Wish
|
|upkeep
|turn|40
|
|t:|1664116782
|move|p2a: Crobat|Toxic|p1a: Umbreon
|-status|p1a: Umbreon|tox
|-activate|p1a: Umbreon|ability: Synchronize
|-immune|p2a: Crobat
|move|p1a: Umbreon|Foul Play|p2a: Crobat
|-damage|p2a: Crobat|66/100
|
|-damage|p1a: Umbreon|94/100 tox|[from] psn
|upkeep
|turn|41
|
|t:|1664116792
|move|p2a: Crobat|Roost|p2a: Crobat
|-heal|p2a: Crobat|100/100
|-singleturn|p2a: Crobat|move: Roost
|move|p1a: Umbreon|Foul Play|p2a: Crobat
|-damage|p2a: Crobat|66/100
|
|-heal|p1a: Umbreon|100/100 tox|[from] item: Leftovers
|-damage|p1a: Umbreon|88/100 tox|[from] psn
|-end|p1a: Umbreon|move: Taunt
|upkeep
|turn|42
|
|t:|1664116802
|switch|p1a: Weezing|Weezing-Galar, M|36/100
|-damage|p1a: Weezing|23/100|[from] Stealth Rock
|move|p2a: Crobat|Taunt|p1a: Weezing
|-start|p1a: Weezing|move: Taunt
|
|upkeep
|turn|43
|
|t:|1664116810
|switch|p1a: Toxtricity|Toxtricity, M|69/100
|-damage|p1a: Toxtricity|56/100|[from] Stealth Rock
|move|p2a: Crobat|Brave Bird|p1a: Toxtricity
|-resisted|p1a: Toxtricity
|-damage|p1a: Toxtricity|25/100
|-damage|p2a: Crobat|58/100|[from] Recoil
|
|upkeep
|turn|44
|
|t:|1664116818
|move|p2a: Crobat|Brave Bird|p1a: Toxtricity
|-resisted|p1a: Toxtricity
|-damage|p1a: Toxtricity|0 fnt
|faint|p1a: Toxtricity
|-damage|p2a: Crobat|51/100|[from] Recoil
|
|upkeep
|-message|Neeeerrrrr forfeited.
|
|win|Rozwel
|raw|Neeeerrrrr's rating: 1334 &rarr; <strong>1326</strong><br />(-8 for losing)
|raw|Rozwel's rating: 1569 &rarr; <strong>1577</strong><br />(+8 for winning)
|l|☆Neeeerrrrr
||Ladder isn't responding, score probably updated but might not have (Request timeout).
