|j|☆h2otogo2
|j|☆Hippie Communist
|player|p1|h2otogo2|1|1455
|player|p2|Hippie Communist|lusamine-nihilego|1438
|teamsize|p1|6
|teamsize|p2|6
|gametype|singles
|gen|8
|tier|[Gen 8] RU
|rated|
|clearpoke
|poke|p1|Pangoro, F|
|poke|p1|Dhelmise|
|poke|p1|Salazzle, F|
|poke|p1|Jolteon, M|
|poke|p1|Gastrodon, M|
|poke|p1|Steelix, M|
|poke|p2|Aromatisse, M|
|poke|p2|Snorlax, F|
|poke|p2|Ferroseed, M|
|poke|p2|Drifblim, M|
|poke|p2|Quagsire, M|
|poke|p2|Gigalith, M|
|rule|Sleep Clause Mod: Limit one foe put to sleep
|rule|Species Clause: Limit one of each Pokémon
|rule|OHKO Clause: OHKO moves are banned
|rule|Evasion Moves Clause: Evasion moves are banned
|rule|Endless Battle Clause: Forcing endless battles is banned
|rule|HP Percentage Mod: HP is shown in percentages
|rule|Dynamax Clause: You cannot dynamax
|teampreview
|
|start
|switch|p1a: Salazzle|Salazzle, F|100/100
|switch|p2a: Ferroseed|Ferroseed, M|100/100
|turn|1
|
|switch|p2a: Gigalith|Gigalith, M|100/100
|-weather|Sandstorm|[from] ability: Sand Stream|[of] p2a: Gigalith
|move|p1a: Salazzle|Toxic|p2a: Gigalith
|-status|p2a: Gigalith|tox
|
|-weather|Sandstorm|[upkeep]
|-damage|p1a: Salazzle|94/100|[from] Sandstorm
|-heal|p1a: Salazzle|100/100|[from] item: Black Sludge
|-damage|p2a: Gigalith|94/100 tox|[from] psn
|upkeep
|turn|2
|inactive|Battle timer is ON: inactive players will automatically lose when time's up. (requested by h2otogo2)
|
|switch|p1a: Steelix|Steelix, M|100/100
|move|p2a: Gigalith|Stealth Rock|p1a: Steelix
|-sidestart|p1: h2otogo2|move: Stealth Rock
|
|-weather|Sandstorm|[upkeep]
|-heal|p2a: Gigalith|100/100 tox|[from] item: Leftovers
|-damage|p2a: Gigalith|88/100 tox|[from] psn
|upkeep
|turn|3
|
|switch|p2a: Quagsire|Quagsire, M|100/100
|move|p1a: Steelix|Stealth Rock|p2a: Quagsire
|-sidestart|p2: Hippie Communist|move: Stealth Rock
|
|-weather|Sandstorm|[upkeep]
|upkeep
|turn|4
|
|switch|p1a: Gastrodon|Gastrodon, M|100/100
|-damage|p1a: Gastrodon|94/100|[from] Stealth Rock
|move|p2a: Quagsire|Toxic|p1a: Gastrodon
|-status|p1a: Gastrodon|tox
|
|-weather|Sandstorm|[upkeep]
|-heal|p1a: Gastrodon|100/100 tox|[from] item: Leftovers
|-damage|p1a: Gastrodon|94/100 tox|[from] psn
|upkeep
|turn|5
|
|switch|p1a: Salazzle|Salazzle, F|100/100
|-damage|p1a: Salazzle|76/100|[from] Stealth Rock
|switch|p2a: Ferroseed|Ferroseed, M|100/100
|-damage|p2a: Ferroseed|94/100|[from] Stealth Rock
|
|-weather|none
|-heal|p1a: Salazzle|82/100|[from] item: Black Sludge
|upkeep
|turn|6
|
|switch|p2a: Gigalith|Gigalith, M|88/100 tox
|-damage|p2a: Gigalith|76/100 tox|[from] Stealth Rock
|-weather|Sandstorm|[from] ability: Sand Stream|[of] p2a: Gigalith
|move|p1a: Salazzle|Substitute|p1a: Salazzle
|-start|p1a: Salazzle|Substitute
|-damage|p1a: Salazzle|57/100
|
|-weather|Sandstorm|[upkeep]
|-damage|p1a: Salazzle|51/100|[from] Sandstorm
|-heal|p1a: Salazzle|57/100|[from] item: Black Sludge
|-heal|p2a: Gigalith|82/100 tox|[from] item: Leftovers
|-damage|p2a: Gigalith|76/100 tox|[from] psn
|upkeep
|turn|7
|
|move|p1a: Salazzle|Protect|p1a: Salazzle
|-singleturn|p1a: Salazzle|Protect
|move|p2a: Gigalith|Rock Blast|p1a: Salazzle
|-activate|p1a: Salazzle|move: Protect
|
|-weather|Sandstorm|[upkeep]
|-damage|p1a: Salazzle|51/100|[from] Sandstorm
|-heal|p1a: Salazzle|57/100|[from] item: Black Sludge
|-heal|p2a: Gigalith|82/100 tox|[from] item: Leftovers
|-damage|p2a: Gigalith|70/100 tox|[from] psn
|upkeep
|turn|8
|
|switch|p1a: Dhelmise|Dhelmise|100/100
|-damage|p1a: Dhelmise|88/100|[from] Stealth Rock
|switch|p2a: Snorlax|Snorlax, F|100/100
|-damage|p2a: Snorlax|88/100|[from] Stealth Rock
|
|-weather|Sandstorm|[upkeep]
|-damage|p1a: Dhelmise|82/100|[from] Sandstorm
|-damage|p2a: Snorlax|82/100|[from] Sandstorm
|-heal|p2a: Snorlax|88/100|[from] item: Leftovers
|upkeep
|turn|9
|
|switch|p2a: Drifblim|Drifblim, M|100/100
|move|p1a: Dhelmise|Shadow Claw|p2a: Drifblim
|-supereffective|p2a: Drifblim
|-damage|p2a: Drifblim|20/100
|
|-weather|Sandstorm|[upkeep]
|-damage|p2a: Drifblim|14/100|[from] Sandstorm
|-damage|p1a: Dhelmise|76/100|[from] Sandstorm
|upkeep
|turn|10
|
|move|p2a: Drifblim|Strength Sap|p1a: Dhelmise
|-unboost|p1a: Dhelmise|atk|1
|-heal|p2a: Drifblim|100/100
|move|p1a: Dhelmise|Shadow Claw|p2a: Drifblim
|-supereffective|p2a: Drifblim
|-damage|p2a: Drifblim|51/100
|
|-weather|none
|upkeep
|turn|11
|
|switch|p1a: Jolteon|Jolteon, M|100/100
|-damage|p1a: Jolteon|88/100|[from] Stealth Rock
|move|p2a: Drifblim|Strength Sap|p1a: Jolteon
|-unboost|p1a: Jolteon|atk|1
|-heal|p2a: Drifblim|79/100
|
|upkeep
|turn|12
|
|switch|p2a: Ferroseed|Ferroseed, M|94/100
|-damage|p2a: Ferroseed|88/100|[from] Stealth Rock
|move|p1a: Jolteon|Yawn|p2a: Ferroseed
|-start|p2a: Ferroseed|move: Yawn|[of] p1a: Jolteon
|
|upkeep
|turn|13
|
|move|p1a: Jolteon|Volt Switch|p2a: Ferroseed
|-resisted|p2a: Ferroseed
|-crit|p2a: Ferroseed
|-damage|p2a: Ferroseed|69/100
|-damage|p1a: Jolteon|78/100|[from] item: Life Orb
|
|switch|p1a: Dhelmise|Dhelmise|76/100|[from]move: Volt Switch
|-damage|p1a: Dhelmise|64/100|[from] Stealth Rock
|move|p2a: Ferroseed|Spikes|p1a: Dhelmise
|-sidestart|p1: h2otogo2|Spikes
|
|-end|p2a: Ferroseed|move: Yawn|[silent]
|-status|p2a: Ferroseed|slp
|upkeep
|turn|14
|
|move|p1a: Dhelmise|Rapid Spin|p2a: Ferroseed
|-resisted|p2a: Ferroseed
|-damage|p2a: Ferroseed|61/100 slp
|-damage|p1a: Dhelmise|52/100|[from] ability: Iron Barbs|[of] p2a: Ferroseed
|-sideend|p1: h2otogo2|Spikes|[from] move: Rapid Spin|[of] p1a: Dhelmise
|-sideend|p1: h2otogo2|Stealth Rock|[from] move: Rapid Spin|[of] p1a: Dhelmise
|-boost|p1a: Dhelmise|spe|1
|cant|p2a: Ferroseed|slp
|move|p2a: Ferroseed|Sleep Talk|p2a: Ferroseed
|move|p2a: Ferroseed|Rest|p2a: Ferroseed|[from]Sleep Talk
|-fail|p2a: Ferroseed
|
|upkeep
|turn|15
|
|switch|p1a: Salazzle|Salazzle, F|57/100
|-curestatus|p2a: Ferroseed|slp|[msg]
|move|p2a: Ferroseed|Sleep Talk||[still]
|-fail|p2a: Ferroseed
|
|-heal|p1a: Salazzle|63/100|[from] item: Black Sludge
|upkeep
|turn|16
|
|switch|p2a: Snorlax|Snorlax, F|88/100
|-damage|p2a: Snorlax|76/100|[from] Stealth Rock
|move|p1a: Salazzle|Flamethrower|p2a: Snorlax
|-damage|p2a: Snorlax|68/100
|
|-heal|p1a: Salazzle|70/100|[from] item: Black Sludge
|-heal|p2a: Snorlax|74/100|[from] item: Leftovers
|upkeep
|turn|17
|
|switch|p1a: Pangoro|Pangoro, F|100/100
|move|p2a: Snorlax|Body Slam|p1a: Pangoro
|-damage|p1a: Pangoro|61/100
|
|-heal|p2a: Snorlax|80/100|[from] item: Leftovers
|upkeep
|turn|18
|
|switch|p2a: Aromatisse|Aromatisse, M|100/100
|-damage|p2a: Aromatisse|88/100|[from] Stealth Rock
|move|p1a: Pangoro|Close Combat|p2a: Aromatisse
|-resisted|p2a: Aromatisse
|-damage|p2a: Aromatisse|48/100
|-unboost|p1a: Pangoro|def|1
|-unboost|p1a: Pangoro|spd|1
|
|-heal|p2a: Aromatisse|54/100|[from] item: Leftovers
|upkeep
|turn|19
|
|switch|p1a: Salazzle|Salazzle, F|70/100
|move|p2a: Aromatisse|Wish|p2a: Aromatisse
|
|-heal|p1a: Salazzle|76/100|[from] item: Black Sludge
|-heal|p2a: Aromatisse|60/100|[from] item: Leftovers
|upkeep
|turn|20
|
|move|p1a: Salazzle|Substitute|p1a: Salazzle
|-start|p1a: Salazzle|Substitute
|-damage|p1a: Salazzle|51/100
|move|p2a: Aromatisse|Aromatherapy|p2a: Aromatisse
|-activate|p2a: Aromatisse|move: Aromatherapy
|-curestatus|p2: Gigalith|tox|[msg]
|
|-heal|p2a: Aromatisse|100/100|[from] move: Wish|[wisher] Aromatisse
|-heal|p1a: Salazzle|57/100|[from] item: Black Sludge
|upkeep
|turn|21
|
|move|p1a: Salazzle|Toxic|p2a: Aromatisse
|-status|p2a: Aromatisse|tox
|move|p2a: Aromatisse|Wish|p2a: Aromatisse
|
|-heal|p1a: Salazzle|63/100|[from] item: Black Sludge
|-damage|p2a: Aromatisse|94/100 tox|[from] psn
|upkeep
|turn|22
|
|switch|p2a: Gigalith|Gigalith, M|70/100
|-damage|p2a: Gigalith|57/100|[from] Stealth Rock
|-weather|Sandstorm|[from] ability: Sand Stream|[of] p2a: Gigalith
|move|p1a: Salazzle|Toxic|p2a: Gigalith
|-status|p2a: Gigalith|tox
|
|-weather|Sandstorm|[upkeep]
|-damage|p1a: Salazzle|57/100|[from] Sandstorm
|-heal|p2a: Gigalith|100/100 tox|[from] move: Wish|[wisher] Aromatisse
|-heal|p1a: Salazzle|63/100|[from] item: Black Sludge
|-damage|p2a: Gigalith|94/100 tox|[from] psn
|upkeep
|turn|23
|
|move|p1a: Salazzle|Flamethrower|p2a: Gigalith
|-resisted|p2a: Gigalith
|-damage|p2a: Gigalith|86/100 tox
|move|p2a: Gigalith|Stealth Rock|p1a: Salazzle
|-sidestart|p1: h2otogo2|move: Stealth Rock
|
|-weather|Sandstorm|[upkeep]
|-damage|p1a: Salazzle|57/100|[from] Sandstorm
|-heal|p1a: Salazzle|63/100|[from] item: Black Sludge
|-heal|p2a: Gigalith|92/100 tox|[from] item: Leftovers
|-damage|p2a: Gigalith|80/100 tox|[from] psn
|upkeep
|turn|24
|
|switch|p2a: Aromatisse|Aromatisse, M|94/100 tox
|-damage|p2a: Aromatisse|82/100 tox|[from] Stealth Rock
|move|p1a: Salazzle|Protect||[still]
|-fail|p1a: Salazzle
|
|-weather|Sandstorm|[upkeep]
|-damage|p1a: Salazzle|57/100|[from] Sandstorm
|-damage|p2a: Aromatisse|76/100 tox|[from] Sandstorm
|-heal|p1a: Salazzle|63/100|[from] item: Black Sludge
|-heal|p2a: Aromatisse|82/100 tox|[from] item: Leftovers
|-damage|p2a: Aromatisse|76/100 tox|[from] psn
|upkeep
|turn|25
|
|move|p1a: Salazzle|Flamethrower|p2a: Aromatisse
|-damage|p2a: Aromatisse|45/100 tox
|move|p2a: Aromatisse|Wish|p2a: Aromatisse
|
|-weather|Sandstorm|[upkeep]
|-damage|p1a: Salazzle|57/100|[from] Sandstorm
|-damage|p2a: Aromatisse|38/100 tox|[from] Sandstorm
|-heal|p1a: Salazzle|63/100|[from] item: Black Sludge
|-heal|p2a: Aromatisse|45/100 tox|[from] item: Leftovers
|-damage|p2a: Aromatisse|32/100 tox|[from] psn
|upkeep
|turn|26
|
|move|p2a: Aromatisse|Protect|p2a: Aromatisse
|-singleturn|p2a: Aromatisse|Protect
|move|p1a: Salazzle|Flamethrower|p2a: Aromatisse
|-activate|p2a: Aromatisse|move: Protect
|
|-weather|none
|-heal|p2a: Aromatisse|82/100 tox|[from] move: Wish|[wisher] Aromatisse
|-heal|p1a: Salazzle|70/100|[from] item: Black Sludge
|-heal|p2a: Aromatisse|88/100 tox|[from] item: Leftovers
|-damage|p2a: Aromatisse|70/100 tox|[from] psn
|upkeep
|turn|27
|
|switch|p2a: Snorlax|Snorlax, F|80/100
|-damage|p2a: Snorlax|68/100|[from] Stealth Rock
|move|p1a: Salazzle|Flamethrower|p2a: Snorlax
|-crit|p2a: Snorlax
|-damage|p2a: Snorlax|55/100
|
|-heal|p1a: Salazzle|76/100|[from] item: Black Sludge
|-heal|p2a: Snorlax|61/100|[from] item: Leftovers
|upkeep
|turn|28
|
|move|p1a: Salazzle|Flamethrower|p2a: Snorlax
|-damage|p2a: Snorlax|52/100
|move|p2a: Snorlax|Body Slam|p1a: Salazzle
|-end|p1a: Salazzle|Substitute
|
|-heal|p1a: Salazzle|82/100|[from] item: Black Sludge
|-heal|p2a: Snorlax|58/100|[from] item: Leftovers
|upkeep
|turn|29
|
|switch|p1a: Pangoro|Pangoro, F|61/100
|-damage|p1a: Pangoro|55/100|[from] Stealth Rock
|move|p2a: Snorlax|Body Slam|p1a: Pangoro
|-damage|p1a: Pangoro|16/100
|
|-heal|p2a: Snorlax|64/100|[from] item: Leftovers
|upkeep
|turn|30
|
|switch|p2a: Drifblim|Drifblim, M|79/100
|move|p1a: Pangoro|Drain Punch|p2a: Drifblim
|-resisted|p2a: Drifblim
|-damage|p2a: Drifblim|46/100
|-heal|p1a: Pangoro|38/100|[from] drain|[of] p2a: Drifblim
|
|upkeep
|turn|31
|
|switch|p1a: Salazzle|Salazzle, F|82/100
|-damage|p1a: Salazzle|57/100|[from] Stealth Rock
|move|p2a: Drifblim|Strength Sap|p1a: Salazzle
|-unboost|p1a: Salazzle|atk|1
|-heal|p2a: Drifblim|73/100
|
|-heal|p1a: Salazzle|63/100|[from] item: Black Sludge
|upkeep
|turn|32
|
|switch|p2a: Snorlax|Snorlax, F|64/100
|-damage|p2a: Snorlax|52/100|[from] Stealth Rock
|move|p1a: Salazzle|Toxic|p2a: Snorlax
|-status|p2a: Snorlax|tox
|
|-heal|p1a: Salazzle|70/100|[from] item: Black Sludge
|-heal|p2a: Snorlax|58/100 tox|[from] item: Leftovers
|-damage|p2a: Snorlax|52/100 tox|[from] psn
|upkeep
|turn|33
|
|move|p1a: Salazzle|Substitute|p1a: Salazzle
|-start|p1a: Salazzle|Substitute
|-damage|p1a: Salazzle|45/100
|move|p2a: Snorlax|Body Slam|p1a: Salazzle
|-end|p1a: Salazzle|Substitute
|
|-heal|p1a: Salazzle|51/100|[from] item: Black Sludge
|-heal|p2a: Snorlax|58/100 tox|[from] item: Leftovers
|-damage|p2a: Snorlax|46/100 tox|[from] psn
|upkeep
|turn|34
|
|move|p1a: Salazzle|Substitute|p1a: Salazzle
|-start|p1a: Salazzle|Substitute
|-damage|p1a: Salazzle|26/100
|move|p2a: Snorlax|Curse|p2a: Snorlax
|-unboost|p2a: Snorlax|spe|1
|-boost|p2a: Snorlax|atk|1
|-boost|p2a: Snorlax|def|1
|
|-heal|p1a: Salazzle|32/100|[from] item: Black Sludge
|-heal|p2a: Snorlax|52/100 tox|[from] item: Leftovers
|-damage|p2a: Snorlax|34/100 tox|[from] psn
|upkeep
|turn|35
|
|move|p1a: Salazzle|Flamethrower|p2a: Snorlax
|-damage|p2a: Snorlax|25/100 tox
|move|p2a: Snorlax|Rest|p2a: Snorlax
|-status|p2a: Snorlax|slp|[from] move: Rest
|-heal|p2a: Snorlax|100/100 slp|[silent]
|
|-heal|p1a: Salazzle|39/100|[from] item: Black Sludge
|upkeep
|turn|36
|
|switch|p1a: Pangoro|Pangoro, F|38/100
|-damage|p1a: Pangoro|32/100|[from] Stealth Rock
|cant|p2a: Snorlax|slp
|
|upkeep
|turn|37
|
|switch|p2a: Aromatisse|Aromatisse, M|70/100 tox
|-damage|p2a: Aromatisse|57/100 tox|[from] Stealth Rock
|move|p1a: Pangoro|Close Combat|p2a: Aromatisse
|-resisted|p2a: Aromatisse
|-crit|p2a: Aromatisse
|-damage|p2a: Aromatisse|4/100 tox
|-unboost|p1a: Pangoro|def|1
|-unboost|p1a: Pangoro|spd|1
|
|-heal|p2a: Aromatisse|11/100 tox|[from] item: Leftovers
|-damage|p2a: Aromatisse|4/100 tox|[from] psn
|upkeep
|turn|38
|
|switch|p2a: Drifblim|Drifblim, M|73/100
|move|p1a: Pangoro|Close Combat|p2a: Drifblim
|-resisted|p2a: Drifblim
|-damage|p2a: Drifblim|22/100
|-unboost|p1a: Pangoro|def|1
|-unboost|p1a: Pangoro|spd|1
|
|upkeep
|turn|39
|inactive|h2otogo2 has 120 seconds left.
|inactive|h2otogo2 has 90 seconds left.
|
|move|p2a: Drifblim|Strength Sap|p1a: Pangoro
|-unboost|p1a: Pangoro|atk|1
|-heal|p2a: Drifblim|100/100
|move|p1a: Pangoro|Close Combat|p2a: Drifblim
|-resisted|p2a: Drifblim
|-damage|p2a: Drifblim|67/100
|-unboost|p1a: Pangoro|def|1
|-unboost|p1a: Pangoro|spd|1
|
|upkeep
|turn|40
|inactive|Hippie Communist has 120 seconds left.
|
|switch|p1a: Jolteon|Jolteon, M|78/100
|-damage|p1a: Jolteon|66/100|[from] Stealth Rock
|move|p2a: Drifblim|Strength Sap|p1a: Jolteon
|-unboost|p1a: Jolteon|atk|1
|-heal|p2a: Drifblim|95/100
|
|upkeep
|turn|41
|
|switch|p2a: Ferroseed|Ferroseed, M|61/100
|-damage|p2a: Ferroseed|55/100|[from] Stealth Rock
|move|p1a: Jolteon|Yawn|p2a: Ferroseed
|-start|p2a: Ferroseed|move: Yawn|[of] p1a: Jolteon
|
|upkeep
|turn|42
|
|move|p1a: Jolteon|Volt Switch|p2a: Ferroseed
|-resisted|p2a: Ferroseed
|-damage|p2a: Ferroseed|41/100
|-damage|p1a: Jolteon|56/100|[from] item: Life Orb
|
|switch|p1a: Dhelmise|Dhelmise|52/100|[from]move: Volt Switch
|-damage|p1a: Dhelmise|39/100|[from] Stealth Rock
|move|p2a: Ferroseed|Spikes|p1a: Dhelmise
|-sidestart|p1: h2otogo2|Spikes
|
|-end|p2a: Ferroseed|move: Yawn|[silent]
|-status|p2a: Ferroseed|slp
|upkeep
|turn|43
|
|switch|p2a: Drifblim|Drifblim, M|95/100
|move|p1a: Dhelmise|Shadow Claw|p2a: Drifblim
|-supereffective|p2a: Drifblim
|-damage|p2a: Drifblim|21/100
|
|upkeep
|turn|44
|inactive|Hippie Communist has 120 seconds left.
|inactive|h2otogo2 has 120 seconds left.
|
|move|p2a: Drifblim|Shadow Ball|p1a: Dhelmise
|-supereffective|p1a: Dhelmise
|-damage|p1a: Dhelmise|2/100
|move|p1a: Dhelmise|Shadow Claw|p2a: Drifblim
|-supereffective|p2a: Drifblim
|-crit|p2a: Drifblim
|-damage|p2a: Drifblim|0 fnt
|-damage|p1a: Dhelmise|0 fnt|[from] ability: Aftermath|[of] p2a: Drifblim
|faint|p2a: Drifblim
|faint|p1a: Dhelmise
|
|upkeep
|inactive|Hippie Communist has 120 seconds left.
|inactive|h2otogo2 has 120 seconds left.
|
|switch|p2a: Quagsire|Quagsire, M|100/100
|switch|p1a: Jolteon|Jolteon, M|56/100
|-damage|p1a: Jolteon|44/100|[from] Spikes
|-damage|p1a: Jolteon|32/100|[from] Stealth Rock
|-damage|p2a: Quagsire|94/100|[from] Stealth Rock
|turn|45
|inactive|h2otogo2 has 120 seconds left.
|
|switch|p1a: Gastrodon|Gastrodon, M|94/100 tox
|-damage|p1a: Gastrodon|88/100 tox|[from] Stealth Rock
|-damage|p1a: Gastrodon|76/100 tox|[from] Spikes
|move|p2a: Quagsire|Earthquake|p1a: Gastrodon
|-damage|p1a: Gastrodon|52/100 tox
|
|-heal|p1a: Gastrodon|58/100 tox|[from] item: Leftovers
|-heal|p2a: Quagsire|100/100|[from] item: Leftovers
|-damage|p1a: Gastrodon|52/100 tox|[from] psn
|upkeep
|turn|46
|
|switch|p2a: Snorlax|Snorlax, F|100/100 slp
|-damage|p2a: Snorlax|88/100 slp|[from] Stealth Rock
|move|p1a: Gastrodon|Recover|p1a: Gastrodon
|-heal|p1a: Gastrodon|100/100 tox
|
|-heal|p2a: Snorlax|94/100 slp|[from] item: Leftovers
|-damage|p1a: Gastrodon|88/100 tox|[from] psn
|upkeep
|turn|47
|
|switch|p1a: Pangoro|Pangoro, F|32/100
|-damage|p1a: Pangoro|19/100|[from] Spikes
|-damage|p1a: Pangoro|13/100|[from] Stealth Rock
|cant|p2a: Snorlax|slp
|
|-heal|p2a: Snorlax|99/100 slp|[from] item: Leftovers
|upkeep
|turn|48
|
|switch|p2a: Aromatisse|Aromatisse, M|4/100 tox
|-damage|p2a: Aromatisse|0 fnt|[from] Stealth Rock
|faint|p2a: Aromatisse
|move|p1a: Pangoro|Drain Punch|p2: Aromatisse|[notarget]
|-fail|p1a: Pangoro
|
|upkeep
|
|switch|p2a: Quagsire|Quagsire, M|100/100
|-damage|p2a: Quagsire|94/100|[from] Stealth Rock
|turn|49
|
|move|p1a: Pangoro|Drain Punch|p2a: Quagsire
|-damage|p2a: Quagsire|55/100
|-heal|p1a: Pangoro|37/100|[from] drain|[of] p2a: Quagsire
|move|p2a: Quagsire|Earthquake|p1a: Pangoro
|-damage|p1a: Pangoro|1/100
|
|-heal|p2a: Quagsire|61/100|[from] item: Leftovers
|upkeep
|turn|50
|
|move|p1a: Pangoro|Drain Punch|p2a: Quagsire
|-damage|p2a: Quagsire|20/100
|-heal|p1a: Pangoro|25/100|[from] drain|[of] p2a: Quagsire
|move|p2a: Quagsire|Recover|p2a: Quagsire
|-heal|p2a: Quagsire|70/100
|
|-heal|p2a: Quagsire|76/100|[from] item: Leftovers
|upkeep
|turn|51
|
|move|p1a: Pangoro|Drain Punch|p2a: Quagsire
|-damage|p2a: Quagsire|34/100
|-heal|p1a: Pangoro|50/100|[from] drain|[of] p2a: Quagsire
|move|p2a: Quagsire|Earthquake|p1a: Pangoro
|-damage|p1a: Pangoro|9/100
|
|-heal|p2a: Quagsire|40/100|[from] item: Leftovers
|upkeep
|turn|52
|
|move|p1a: Pangoro|Drain Punch|p2a: Quagsire
|-damage|p2a: Quagsire|0 fnt
|-heal|p1a: Pangoro|33/100|[from] drain|[of] p2a: Quagsire
|faint|p2a: Quagsire
|
|upkeep
|-message|Hippie Communist forfeited.
|
|win|h2otogo2
|l|☆Hippie Communist
|raw|h2otogo2's rating: 1455 &rarr; <strong>1474</strong><br />(+19 for winning)
|raw|Hippie Communist's rating: 1439 &rarr; <strong>1420</strong><br />(-19 for losing)
