|j|☆Leffen stan
|j|☆canaan3
|player|p1|Leffen stan|swimmerf|1540
|player|p2|canaan3|twins-gen4dp|1305
|teamsize|p1|6
|teamsize|p2|6
|gametype|singles
|gen|8
|tier|[Gen 8] RU
|rated|
|clearpoke
|poke|p1|Pangoro, F|
|poke|p1|Goodra, M|
|poke|p1|Sableye, M|
|poke|p1|Gigalith, M|
|poke|p1|Silvally-*|
|poke|p1|Salazzle, F|
|poke|p2|Rapidash-Galar, M|
|poke|p2|Dhelmise|
|poke|p2|Gigalith, M|
|poke|p2|Sigilyph, M|
|poke|p2|Perrserker, M|
|poke|p2|Pangoro, F|
|rule|Sleep Clause Mod: Limit one foe put to sleep
|rule|Species Clause: Limit one of each Pokémon
|rule|OHKO Clause: OHKO moves are banned
|rule|Evasion Moves Clause: Evasion moves are banned
|rule|Endless Battle Clause: Forcing endless battles is banned
|rule|HP Percentage Mod: HP is shown in percentages
|rule|Dynamax Clause: You cannot dynamax
|teampreview
|inactive|Battle timer is ON: inactive players will automatically lose when time's up. (requested by canaan3)
|
|start
|switch|p1a: Sableye|Sableye, M|100/100
|switch|p2a: Pangoro|Pangoro, F|100/100
|turn|1
|
|switch|p1a: Silvally|Silvally-Fairy|100/100
|move|p2a: Pangoro|Close Combat|p1a: Silvally
|-resisted|p1a: Silvally
|-damage|p1a: Silvally|68/100
|-unboost|p2a: Pangoro|def|1
|-unboost|p2a: Pangoro|spd|1
|
|upkeep
|turn|2
|
|switch|p2a: Perrserker|Perrserker, M|100/100
|move|p1a: Silvally|Multi-Attack|p2a: Perrserker
|-resisted|p2a: Perrserker
|-damage|p2a: Perrserker|68/100
|
|upkeep
|turn|3
|
|move|p1a: Silvally|U-turn|p2a: Perrserker
|-resisted|p2a: Perrserker
|-damage|p2a: Perrserker|55/100
|
|switch|p1a: Salazzle|Salazzle, F|100/100|[from]move: U-turn
|move|p2a: Perrserker|U-turn|p1a: Salazzle
|-resisted|p1a: Salazzle
|-damage|p1a: Salazzle|83/100
|
|switch|p2a: Gigalith|Gigalith, M|100/100|[from]move: U-turn
|-weather|Sandstorm|[from] ability: Sand Stream|[of] p2a: Gigalith
|
|-weather|Sandstorm|[upkeep]
|-damage|p1a: Salazzle|77/100|[from] Sandstorm
|upkeep
|turn|4
|
|move|p1a: Salazzle|Toxic|p2a: Gigalith
|-status|p2a: Gigalith|tox
|move|p2a: Gigalith|Stealth Rock|p1a: Salazzle
|-sidestart|p1: Leffen stan|move: Stealth Rock
|
|-weather|Sandstorm|[upkeep]
|-damage|p1a: Salazzle|71/100|[from] Sandstorm
|-damage|p2a: Gigalith|94/100 tox|[from] psn
|upkeep
|turn|5
|
|switch|p1a: Gigalith|Gigalith, M|100/100
|-damage|p1a: Gigalith|88/100|[from] Stealth Rock
|move|p2a: Gigalith|Rock Blast|p1a: Gigalith
|-damage|p1a: Gigalith|81/100
|-damage|p1a: Gigalith|74/100
|-hitcount|p1a: Gigalith|2
|
|-weather|Sandstorm|[upkeep]
|-heal|p1a: Gigalith|81/100|[from] item: Leftovers
|-heal|p2a: Gigalith|100/100 tox|[from] item: Leftovers
|-damage|p2a: Gigalith|88/100 tox|[from] psn
|upkeep
|turn|6
|
|switch|p2a: Perrserker|Perrserker, M|55/100
|move|p1a: Gigalith|Stealth Rock|p2a: Perrserker
|-sidestart|p2: canaan3|move: Stealth Rock
|
|-weather|Sandstorm|[upkeep]
|-heal|p1a: Gigalith|87/100|[from] item: Leftovers
|upkeep
|turn|7
|
|move|p1a: Gigalith|Protect|p1a: Gigalith
|-singleturn|p1a: Gigalith|Protect
|move|p2a: Perrserker|Iron Head|p1a: Gigalith
|-activate|p1a: Gigalith|move: Protect
|
|-weather|none
|-heal|p1a: Gigalith|93/100|[from] item: Leftovers
|upkeep
|turn|8
|
|switch|p1a: Salazzle|Salazzle, F|71/100
|move|p2a: Perrserker|Iron Head|p1a: Salazzle
|-resisted|p1a: Salazzle
|-damage|p1a: Salazzle|5/100
|
|upkeep
|turn|9
|
|switch|p1a: Pangoro|Pangoro, F|100/100
|-damage|p1a: Pangoro|94/100|[from] Stealth Rock
|switch|p2a: Gigalith|Gigalith, M|88/100 tox
|-damage|p2a: Gigalith|76/100 tox|[from] Stealth Rock
|-weather|Sandstorm|[from] ability: Sand Stream|[of] p2a: Gigalith
|
|-weather|Sandstorm|[upkeep]
|-damage|p1a: Pangoro|88/100|[from] Sandstorm
|-heal|p2a: Gigalith|82/100 tox|[from] item: Leftovers
|-damage|p2a: Gigalith|76/100 tox|[from] psn
|upkeep
|turn|10
|
|switch|p2a: Rapidash|Rapidash-Galar, M|100/100
|move|p1a: Pangoro|Close Combat|p2a: Rapidash
|-resisted|p2a: Rapidash
|-damage|p2a: Rapidash|58/100
|-unboost|p1a: Pangoro|def|1
|-unboost|p1a: Pangoro|spd|1
|
|-weather|Sandstorm|[upkeep]
|-damage|p2a: Rapidash|52/100|[from] Sandstorm
|-damage|p1a: Pangoro|82/100|[from] Sandstorm
|upkeep
|turn|11
|
|switch|p1a: Gigalith|Gigalith, M|93/100
|-damage|p1a: Gigalith|81/100|[from] Stealth Rock
|move|p2a: Rapidash|Swords Dance|p2a: Rapidash
|-boost|p2a: Rapidash|atk|2
|
|-weather|Sandstorm|[upkeep]
|-damage|p2a: Rapidash|46/100|[from] Sandstorm
|-heal|p1a: Gigalith|87/100|[from] item: Leftovers
|upkeep
|turn|12
|
|switch|p2a: Dhelmise|Dhelmise|100/100
|-damage|p2a: Dhelmise|88/100|[from] Stealth Rock
|move|p1a: Gigalith|Earthquake|p2a: Dhelmise
|-resisted|p2a: Dhelmise
|-damage|p2a: Dhelmise|72/100
|
|-weather|Sandstorm|[upkeep]
|-damage|p2a: Dhelmise|66/100|[from] Sandstorm
|-heal|p2a: Dhelmise|72/100|[from] item: Leftovers
|-heal|p1a: Gigalith|93/100|[from] item: Leftovers
|upkeep
|turn|13
|
|move|p1a: Gigalith|Protect|p1a: Gigalith
|-singleturn|p1a: Gigalith|Protect
|move|p2a: Dhelmise|Power Whip|p1a: Gigalith
|-activate|p1a: Gigalith|move: Protect
|
|-weather|none
|-heal|p2a: Dhelmise|78/100|[from] item: Leftovers
|-heal|p1a: Gigalith|99/100|[from] item: Leftovers
|upkeep
|turn|14
|
|switch|p1a: Sableye|Sableye, M|100/100
|-damage|p1a: Sableye|88/100|[from] Stealth Rock
|move|p2a: Dhelmise|Power Whip|p1a: Sableye
|-crit|p1a: Sableye
|-damage|p1a: Sableye|0 fnt
|faint|p1a: Sableye
|
|-heal|p2a: Dhelmise|85/100|[from] item: Leftovers
|upkeep
|inactive|Leffen stan has 120 seconds left.
|
|switch|p1a: Pangoro|Pangoro, F|82/100
|-damage|p1a: Pangoro|76/100|[from] Stealth Rock
|turn|15
|
|switch|p2a: Gigalith|Gigalith, M|76/100 tox
|-damage|p2a: Gigalith|64/100 tox|[from] Stealth Rock
|-weather|Sandstorm|[from] ability: Sand Stream|[of] p2a: Gigalith
|move|p1a: Pangoro|Close Combat|p2a: Gigalith
|-supereffective|p2a: Gigalith
|-damage|p2a: Gigalith|0 fnt
|-unboost|p1a: Pangoro|def|1
|-unboost|p1a: Pangoro|spd|1
|faint|p2a: Gigalith
|
|-weather|Sandstorm|[upkeep]
|-damage|p1a: Pangoro|70/100|[from] Sandstorm
|upkeep
|
|switch|p2a: Pangoro|Pangoro, F|100/100
|-damage|p2a: Pangoro|94/100|[from] Stealth Rock
|turn|16
|
|switch|p1a: Silvally|Silvally-Fairy|68/100
|-damage|p1a: Silvally|56/100|[from] Stealth Rock
|move|p2a: Pangoro|Close Combat|p1a: Silvally
|-resisted|p1a: Silvally
|-damage|p1a: Silvally|20/100
|-unboost|p2a: Pangoro|def|1
|-unboost|p2a: Pangoro|spd|1
|
|-weather|Sandstorm|[upkeep]
|-damage|p2a: Pangoro|88/100|[from] Sandstorm
|-damage|p1a: Silvally|14/100|[from] Sandstorm
|upkeep
|turn|17
|
|move|p2a: Pangoro|Close Combat|p1a: Silvally
|-resisted|p1a: Silvally
|-damage|p1a: Silvally|0 fnt
|-unboost|p2a: Pangoro|def|1
|-unboost|p2a: Pangoro|spd|1
|faint|p1a: Silvally
|
|-weather|Sandstorm|[upkeep]
|-damage|p2a: Pangoro|82/100|[from] Sandstorm
|upkeep
|
|switch|p1a: Salazzle|Salazzle, F|5/100
|turn|18
|
|switch|p2a: Perrserker|Perrserker, M|55/100
|-damage|p2a: Perrserker|49/100|[from] Stealth Rock
|move|p1a: Salazzle|Sludge Bomb|p2a: Perrserker
|-immune|p2a: Perrserker
|
|-weather|Sandstorm|[upkeep]
|-damage|p1a: Salazzle|0 fnt|[from] Sandstorm
|faint|p1a: Salazzle
|upkeep
|
|switch|p1a: Goodra|Goodra, M|100/100
|-damage|p1a: Goodra|88/100|[from] Stealth Rock
|turn|19
|
|move|p1a: Goodra|Flamethrower|p2a: Perrserker
|-supereffective|p2a: Perrserker
|-damage|p2a: Perrserker|0 fnt
|faint|p2a: Perrserker
|
|-weather|none
|upkeep
|
|switch|p2a: Sigilyph|Sigilyph, M|100/100
|turn|20
|
|switch|p1a: Gigalith|Gigalith, M|99/100
|-damage|p1a: Gigalith|87/100|[from] Stealth Rock
|-weather|Sandstorm|[from] ability: Sand Stream|[of] p1a: Gigalith
|move|p2a: Sigilyph|Air Slash|p1a: Gigalith
|-resisted|p1a: Gigalith
|-damage|p1a: Gigalith|73/100
|
|-weather|Sandstorm|[upkeep]
|-heal|p1a: Gigalith|79/100|[from] item: Leftovers
|upkeep
|turn|21
|
|switch|p2a: Dhelmise|Dhelmise|85/100
|-damage|p2a: Dhelmise|72/100|[from] Stealth Rock
|move|p1a: Gigalith|Rock Blast|p2a: Dhelmise
|-damage|p2a: Dhelmise|60/100
|-damage|p2a: Dhelmise|47/100
|-hitcount|p2a: Dhelmise|2
|
|-weather|Sandstorm|[upkeep]
|-damage|p2a: Dhelmise|41/100|[from] Sandstorm
|-heal|p2a: Dhelmise|47/100|[from] item: Leftovers
|-heal|p1a: Gigalith|85/100|[from] item: Leftovers
|upkeep
|turn|22
|
|move|p1a: Gigalith|Protect|p1a: Gigalith
|-singleturn|p1a: Gigalith|Protect
|move|p2a: Dhelmise|Anchor Shot|p1a: Gigalith
|-activate|p1a: Gigalith|move: Protect
|
|-weather|Sandstorm|[upkeep]
|-damage|p2a: Dhelmise|41/100|[from] Sandstorm
|-heal|p2a: Dhelmise|47/100|[from] item: Leftovers
|-heal|p1a: Gigalith|91/100|[from] item: Leftovers
|upkeep
|turn|23
|
|switch|p1a: Goodra|Goodra, M|88/100
|-damage|p1a: Goodra|76/100|[from] Stealth Rock
|move|p2a: Dhelmise|Anchor Shot|p1a: Goodra
|-damage|p1a: Goodra|10/100
|-activate|p1a: Goodra|trapped
|
|-weather|Sandstorm|[upkeep]
|-damage|p1a: Goodra|4/100|[from] Sandstorm
|-damage|p2a: Dhelmise|41/100|[from] Sandstorm
|-heal|p2a: Dhelmise|47/100|[from] item: Leftovers
|upkeep
|turn|24
|
|switch|p2a: Sigilyph|Sigilyph, M|100/100
|move|p1a: Goodra|Sludge Bomb|p2a: Sigilyph
|-damage|p2a: Sigilyph|39/100
|
|-weather|none
|upkeep
|turn|25
|
|move|p2a: Sigilyph|Heat Wave|p1a: Goodra|[miss]
|-miss|p2a: Sigilyph|p1a: Goodra
|move|p1a: Goodra|Sludge Bomb|p2a: Sigilyph
|-damage|p2a: Sigilyph|0 fnt
|faint|p2a: Sigilyph
|
|upkeep
|
|switch|p2a: Pangoro|Pangoro, F|82/100
|-damage|p2a: Pangoro|76/100|[from] Stealth Rock
|turn|26
|
|move|p2a: Pangoro|Close Combat|p1a: Goodra
|-damage|p1a: Goodra|0 fnt
|-unboost|p2a: Pangoro|def|1
|-unboost|p2a: Pangoro|spd|1
|faint|p1a: Goodra
|
|upkeep
|
|switch|p1a: Gigalith|Gigalith, M|91/100
|-damage|p1a: Gigalith|79/100|[from] Stealth Rock
|-weather|Sandstorm|[from] ability: Sand Stream|[of] p1a: Gigalith
|turn|27
|
|switch|p2a: Rapidash|Rapidash-Galar, M|46/100
|move|p1a: Gigalith|Protect||[still]
|-fail|p1a: Gigalith
|
|-weather|Sandstorm|[upkeep]
|-damage|p2a: Rapidash|40/100|[from] Sandstorm
|-heal|p1a: Gigalith|85/100|[from] item: Leftovers
|upkeep
|turn|28
|
|move|p2a: Rapidash|Play Rough|p1a: Gigalith
|-damage|p1a: Gigalith|64/100
|move|p1a: Gigalith|Rock Blast|p2a: Rapidash
|-damage|p2a: Rapidash|22/100
|-damage|p2a: Rapidash|0 fnt
|-hitcount|p2a: Rapidash|2
|faint|p2a: Rapidash
|
|-weather|Sandstorm|[upkeep]
|-heal|p1a: Gigalith|70/100|[from] item: Leftovers
|upkeep
|
|switch|p2a: Dhelmise|Dhelmise|47/100
|-damage|p2a: Dhelmise|35/100|[from] Stealth Rock
|turn|29
|
|switch|p1a: Pangoro|Pangoro, F|70/100
|-damage|p1a: Pangoro|63/100|[from] Stealth Rock
|move|p2a: Dhelmise|Power Whip|p1a: Pangoro
|-damage|p1a: Pangoro|0 fnt
|faint|p1a: Pangoro
|
|-weather|Sandstorm|[upkeep]
|-damage|p2a: Dhelmise|28/100|[from] Sandstorm
|-heal|p2a: Dhelmise|35/100|[from] item: Leftovers
|upkeep
|
|switch|p1a: Gigalith|Gigalith, M|70/100
|-damage|p1a: Gigalith|58/100|[from] Stealth Rock
|turn|30
|
|move|p1a: Gigalith|Protect|p1a: Gigalith
|-singleturn|p1a: Gigalith|Protect
|move|p2a: Dhelmise|Anchor Shot|p1a: Gigalith
|-activate|p1a: Gigalith|move: Protect
|
|-weather|Sandstorm|[upkeep]
|-damage|p2a: Dhelmise|28/100|[from] Sandstorm
|-heal|p2a: Dhelmise|35/100|[from] item: Leftovers
|-heal|p1a: Gigalith|64/100|[from] item: Leftovers
|upkeep
|turn|31
|
|move|p2a: Dhelmise|Anchor Shot|p1a: Gigalith
|-supereffective|p1a: Gigalith
|-damage|p1a: Gigalith|13/100
|-activate|p1a: Gigalith|trapped
|move|p1a: Gigalith|Rock Blast|p2a: Dhelmise|[miss]
|-miss|p1a: Gigalith|p2a: Dhelmise
|
|-weather|none
|-heal|p2a: Dhelmise|41/100|[from] item: Leftovers
|-heal|p1a: Gigalith|19/100|[from] item: Leftovers
|upkeep
|turn|32
|c|☆Leffen stan|lucky fuck
|-message|Leffen stan forfeited.
|
|win|canaan3
|l|☆Leffen stan
|raw|Leffen stan's rating: 1540 &rarr; <strong>1508</strong><br />(-32 for losing)
|raw|canaan3's rating: 1288 &rarr; <strong>1328</strong><br />(+40 for winning)
|c|☆canaan3|how you dumb fuck i still won lmao
