|j|☆greenfalcon81
|j|☆troublebubble
|t:|1607281569
|player|p1|greenfalcon81|palmer|1367
|player|p2|troublebubble|2|1523
|teamsize|p1|6
|teamsize|p2|6
|gametype|singles
|gen|8
|tier|[Gen 8] RU
|rated|
|clearpoke
|poke|p1|Kyurem|
|poke|p1|Conkeldurr, F|
|poke|p1|Zarude|
|poke|p1|Diancie|
|poke|p1|Mantine, F|
|poke|p1|Zygarde-10%|
|poke|p2|Conkeldurr, F|
|poke|p2|Registeel|
|poke|p2|Slowking, M|
|poke|p2|Crobat, F|
|poke|p2|Suicune|
|poke|p2|Zygarde-10%|
|rule|Sleep Clause Mod: Limit one foe put to sleep
|rule|Species Clause: Limit one of each Pokémon
|rule|OHKO Clause: OHKO moves are banned
|rule|Evasion Moves Clause: Evasion moves are banned
|rule|Endless Battle Clause: Forcing endless battles is banned
|rule|HP Percentage Mod: HP is shown in percentages
|rule|Dynamax Clause: You cannot dynamax
|teampreview
|inactive|Battle timer is ON: inactive players will automatically lose when time's up. (requested by greenfalcon81)
|j| sfdfdssdfddd
|
|t:|1607281585
|start
|switch|p1a: Conkeldurr|Conkeldurr, F|100/100
|switch|p2a: Conkeldurr|Conkeldurr, F|100/100
|turn|1
|
|t:|1607281594
|move|p1a: Conkeldurr|Knock Off|p2a: Conkeldurr
|-resisted|p2a: Conkeldurr
|-damage|p2a: Conkeldurr|81/100
|-enditem|p2a: Conkeldurr|Flame Orb|[from] move: Knock Off|[of] p1a: Conkeldurr
|move|p2a: Conkeldurr|Knock Off|p1a: Conkeldurr
|-resisted|p1a: Conkeldurr
|-damage|p1a: Conkeldurr|81/100
|-enditem|p1a: Conkeldurr|Flame Orb|[from] move: Knock Off|[of] p2a: Conkeldurr
|
|upkeep
|turn|2
|
|t:|1607281605
|move|p1a: Conkeldurr|Facade|p2a: Conkeldurr
|-damage|p2a: Conkeldurr|52/100
|move|p2a: Conkeldurr|Drain Punch|p1a: Conkeldurr
|-damage|p1a: Conkeldurr|34/100
|-heal|p2a: Conkeldurr|75/100|[from] drain|[of] p1a: Conkeldurr
|
|upkeep
|turn|3
|
|t:|1607281613
|switch|p1a: Mantine|Mantine, F|100/100
|move|p2a: Conkeldurr|Drain Punch|p1a: Mantine
|-resisted|p1a: Mantine
|-damage|p1a: Mantine|83/100
|-heal|p2a: Conkeldurr|85/100|[from] drain|[of] p1a: Mantine
|
|upkeep
|turn|4
|
|t:|1607281620
|switch|p2a: Registeel|Registeel|100/100
|switch|p1a: Diancie|Diancie|100/100
|
|upkeep
|turn|5
|
|t:|1607281625
|switch|p1a: Conkeldurr|Conkeldurr, F|34/100
|move|p2a: Registeel|Toxic|p1a: Conkeldurr
|-status|p1a: Conkeldurr|tox
|
|-damage|p1a: Conkeldurr|28/100 tox|[from] psn
|upkeep
|turn|6
|
|t:|1607281629
|move|p2a: Registeel|Protect|p2a: Registeel
|-singleturn|p2a: Registeel|Protect
|move|p1a: Conkeldurr|Close Combat|p2a: Registeel
|-activate|p2a: Registeel|move: Protect
|
|-damage|p1a: Conkeldurr|16/100 tox|[from] psn
|upkeep
|turn|7
|
|t:|1607281631
|switch|p2a: Crobat|Crobat, F|100/100
|move|p1a: Conkeldurr|Knock Off|p2a: Crobat
|-damage|p2a: Crobat|20/100
|-enditem|p2a: Crobat|Heavy-Duty Boots|[from] move: Knock Off|[of] p1a: Conkeldurr
|
|-damage|p1a: Conkeldurr|0 fnt|[from] psn
|faint|p1a: Conkeldurr
|upkeep
|
|t:|1607281637
|switch|p1a: Zarude|Zarude|100/100
|turn|8
|
|t:|1607281643
|move|p1a: Zarude|Darkest Lariat|p2a: Crobat
|-damage|p2a: Crobat|0 fnt
|faint|p2a: Crobat
|
|upkeep
|
|t:|1607281649
|switch|p2a: Conkeldurr|Conkeldurr, F|85/100
|turn|9
|
|t:|1607281652
|switch|p1a: Mantine|Mantine, F|83/100
|move|p2a: Conkeldurr|Knock Off|p1a: Mantine
|-damage|p1a: Mantine|51/100
|-enditem|p1a: Mantine|Heavy-Duty Boots|[from] move: Knock Off|[of] p2a: Conkeldurr
|
|upkeep
|turn|10
|
|t:|1607281661
|switch|p2a: Registeel|Registeel|100/100
|move|p1a: Mantine|Roost|p1a: Mantine
|-heal|p1a: Mantine|100/100
|-singleturn|p1a: Mantine|move: Roost
|
|upkeep
|turn|11
|
|t:|1607281676
|switch|p1a: Diancie|Diancie|100/100
|move|p2a: Registeel|Toxic|p1a: Diancie
|-status|p1a: Diancie|tox
|
|-damage|p1a: Diancie|94/100 tox|[from] psn
|upkeep
|turn|12
|
|t:|1607281678
|move|p2a: Registeel|Stealth Rock|p1a: Diancie
|-sidestart|p1: greenfalcon81|move: Stealth Rock
|move|p1a: Diancie|Stealth Rock|p2a: Registeel
|-sidestart|p2: troublebubble|move: Stealth Rock
|
|-heal|p1a: Diancie|100/100 tox|[from] item: Leftovers
|-damage|p1a: Diancie|88/100 tox|[from] psn
|upkeep
|turn|13
|
|t:|1607281686
|switch|p1a: Zygarde|Zygarde-10%|100/100
|-damage|p1a: Zygarde|94/100|[from] Stealth Rock
|-ability|p1a: Zygarde|Aura Break
|move|p2a: Registeel|Heavy Slam|p1a: Zygarde
|-damage|p1a: Zygarde|31/100
|
|upkeep
|turn|14
|
|t:|1607281691
|move|p1a: Zygarde|Thousand Arrows|p2a: Registeel
|-supereffective|p2a: Registeel
|-damage|p2a: Registeel|26/100
|move|p2a: Registeel|Heavy Slam|p1a: Zygarde
|-damage|p1a: Zygarde|0 fnt
|faint|p1a: Zygarde
|
|-heal|p2a: Registeel|32/100|[from] item: Leftovers
|upkeep
|
|t:|1607281698
|switch|p1a: Zarude|Zarude|100/100
|-damage|p1a: Zarude|88/100|[from] Stealth Rock
|turn|15
|
|t:|1607281700
|move|p2a: Registeel|Protect|p2a: Registeel
|-singleturn|p2a: Registeel|Protect
|move|p1a: Zarude|Darkest Lariat|p2a: Registeel
|-activate|p2a: Registeel|move: Protect
|
|-heal|p2a: Registeel|38/100|[from] item: Leftovers
|upkeep
|turn|16
|
|t:|1607281705
|switch|p2a: Conkeldurr|Conkeldurr, F|85/100
|-damage|p2a: Conkeldurr|79/100|[from] Stealth Rock
|move|p1a: Zarude|Darkest Lariat|p2a: Conkeldurr
|-resisted|p2a: Conkeldurr
|-damage|p2a: Conkeldurr|57/100
|
|upkeep
|turn|17
|
|t:|1607281707
|switch|p1a: Mantine|Mantine, F|100/100
|-damage|p1a: Mantine|76/100|[from] Stealth Rock
|move|p2a: Conkeldurr|Drain Punch|p1a: Mantine
|-resisted|p1a: Mantine
|-damage|p1a: Mantine|58/100
|-heal|p2a: Conkeldurr|67/100|[from] drain|[of] p1a: Mantine
|
|upkeep
|turn|18
|
|t:|1607281714
|switch|p2a: Registeel|Registeel|38/100
|-damage|p2a: Registeel|32/100|[from] Stealth Rock
|move|p1a: Mantine|Roost|p1a: Mantine
|-heal|p1a: Mantine|100/100
|-singleturn|p1a: Mantine|move: Roost
|
|-heal|p2a: Registeel|38/100|[from] item: Leftovers
|upkeep
|turn|19
|
|t:|1607281721
|move|p2a: Registeel|Protect|p2a: Registeel
|-singleturn|p2a: Registeel|Protect
|move|p1a: Mantine|Scald|p2a: Registeel
|-activate|p2a: Registeel|move: Protect
|
|-heal|p2a: Registeel|44/100|[from] item: Leftovers
|upkeep
|turn|20
|
|t:|1607281725
|switch|p1a: Diancie|Diancie|88/100 tox
|-damage|p1a: Diancie|75/100 tox|[from] Stealth Rock
|move|p2a: Registeel|Toxic|p1a: Diancie
|-fail|p1a: Diancie|tox
|
|-heal|p2a: Registeel|50/100|[from] item: Leftovers
|-heal|p1a: Diancie|82/100 tox|[from] item: Leftovers
|-damage|p1a: Diancie|75/100 tox|[from] psn
|upkeep
|turn|21
|
|t:|1607281728
|move|p2a: Registeel|Protect|p2a: Registeel
|-singleturn|p2a: Registeel|Protect
|move|p1a: Diancie|Diamond Storm|p2a: Registeel
|-activate|p2a: Registeel|move: Protect
|
|-heal|p2a: Registeel|57/100|[from] item: Leftovers
|-heal|p1a: Diancie|82/100 tox|[from] item: Leftovers
|-damage|p1a: Diancie|69/100 tox|[from] psn
|upkeep
|turn|22
|
|t:|1607281730
|move|p2a: Registeel|Heavy Slam|p1a: Diancie
|-supereffective|p1a: Diancie
|-damage|p1a: Diancie|0 fnt
|faint|p1a: Diancie
|
|-heal|p2a: Registeel|63/100|[from] item: Leftovers
|upkeep
|
|t:|1607281735
|switch|p1a: Kyurem|Kyurem|100/100
|-damage|p1a: Kyurem|76/100|[from] Stealth Rock
|-ability|p1a: Kyurem|Pressure
|turn|23
|
|t:|1607281738
|move|p2a: Registeel|Protect|p2a: Registeel
|-singleturn|p2a: Registeel|Protect
|move|p1a: Kyurem|Earth Power|p2a: Registeel
|-activate|p2a: Registeel|move: Protect
|
|-heal|p2a: Registeel|69/100|[from] item: Leftovers
|upkeep
|turn|24
|
|t:|1607281742
|move|p1a: Kyurem|Earth Power|p2a: Registeel
|-supereffective|p2a: Registeel
|-damage|p2a: Registeel|24/100
|move|p2a: Registeel|Toxic|p1a: Kyurem
|-status|p1a: Kyurem|tox
|
|-heal|p2a: Registeel|30/100|[from] item: Leftovers
|-damage|p1a: Kyurem|70/100 tox|[from] psn
|upkeep
|turn|25
|-message|greenfalcon81 forfeited.
|
|win|troublebubble
|l|☆greenfalcon81
