|j|☆Idbsmjf
|j|☆RULT3ro good vibes
|t:|1597964561
|player|p1|Idbsmjf|101|1443
|player|p2|RULT3ro good vibes|1|1520
|teamsize|p1|6
|teamsize|p2|6
|gametype|singles
|gen|8
|tier|[Gen 8] RU
|rated|
|clearpoke
|poke|p1|Weezing, M|
|poke|p1|Umbreon, M|
|poke|p1|Klefki, F|
|poke|p1|Arctovish|
|poke|p1|Barraskewda, M|
|poke|p1|Mantine, M|
|poke|p2|Druddigon, F|
|poke|p2|Xatu, M|
|poke|p2|Virizion|
|poke|p2|Drapion, F|
|poke|p2|Bronzong|
|poke|p2|Araquanid, M|
|rule|Sleep Clause Mod: Limit one foe put to sleep
|rule|Species Clause: Limit one of each Pokémon
|rule|OHKO Clause: OHKO moves are banned
|rule|Evasion Moves Clause: Evasion moves are banned
|rule|Endless Battle Clause: Forcing endless battles is banned
|rule|HP Percentage Mod: HP is shown in percentages
|rule|Dynamax Clause: You cannot dynamax
|teampreview
|inactive|Battle timer is ON: inactive players will automatically lose when time's up. (requested by Idbsmjf)
|
|t:|1597964591
|start
|switch|p1a: Klefki|Klefki, F|100/100
|switch|p2a: Drapion|Drapion, F|100/100
|turn|1
|
|t:|1597964599
|switch|p2a: Xatu|Xatu, M|100/100
|switch|p1a: Weezing|Weezing, M|100/100
|
|upkeep
|turn|2
|
|t:|1597964603
|switch|p1a: Klefki|Klefki, F|100/100
|move|p2a: Xatu|Teleport|p2a: Xatu
|
|t:|1597964610
|switch|p2a: Drapion|Drapion, F|100/100|[from]move: Teleport
|
|upkeep
|turn|3
|
|t:|1597964614
|switch|p2a: Xatu|Xatu, M|100/100
|switch|p1a: Weezing|Weezing, M|100/100
|
|upkeep
|turn|4
|
|t:|1597964619
|switch|p1a: Klefki|Klefki, F|100/100
|move|p2a: Xatu|Teleport|p2a: Xatu
|j| RULT3ro GateWay
|
|t:|1597964625
|switch|p2a: Druddigon|Druddigon, F|100/100|[from]move: Teleport
|
|upkeep
|turn|5
|
|t:|1597964629
|switch|p2a: Xatu|Xatu, M|100/100
|move|p1a: Klefki|Dazzling Gleam|p2a: Xatu
|-damage|p2a: Xatu|67/100
|
|upkeep
|turn|6
|inactive|RULT3ro good vibes has 120 seconds left.
|
|t:|1597964666
|move|p1a: Klefki|Rain Dance|p1a: Klefki
|-weather|RainDance
|move|p2a: Xatu|Heat Wave|p1a: Klefki
|-supereffective|p1a: Klefki
|-damage|p1a: Klefki|74/100
|-status|p1a: Klefki|brn
|
|-weather|RainDance|[upkeep]
|-damage|p1a: Klefki|68/100 brn|[from] brn
|upkeep
|turn|7
|
|t:|1597964671
|switch|p1a: Mantine|Mantine, M|100/100
|move|p2a: Xatu|Teleport|p2a: Xatu
|
|t:|1597964677
|switch|p2a: Druddigon|Druddigon, F|100/100|[from]move: Teleport
|
|-weather|RainDance|[upkeep]
|upkeep
|turn|8
|
|t:|1597964680
|move|p1a: Mantine|Hurricane|p2a: Druddigon
|-damage|p2a: Druddigon|29/100
|-damage|p1a: Mantine|91/100|[from] item: Life Orb
|move|p2a: Druddigon|Thunder Punch|p1a: Mantine
|-supereffective|p1a: Mantine
|-damage|p1a: Mantine|0 fnt
|faint|p1a: Mantine
|
|-weather|RainDance|[upkeep]
|upkeep
|
|t:|1597964685
|switch|p1a: Barraskewda|Barraskewda, M|100/100
|turn|9
|j| aeps23
|inactive|RULT3ro good vibes has 120 seconds left.
|inactive|RULT3ro good vibes has 90 seconds left.
|
|t:|1597964746
|move|p1a: Barraskewda|Liquidation|p2a: Druddigon
|-resisted|p2a: Druddigon
|-damage|p2a: Druddigon|0 fnt
|-damage|p1a: Barraskewda|91/100|[from] item: Life Orb
|faint|p2a: Druddigon
|
|-weather|RainDance|[upkeep]
|upkeep
|
|t:|1597964750
|switch|p2a: Araquanid|Araquanid, M|100/100
|turn|10
|
|t:|1597964761
|switch|p1a: Arctovish|Arctovish|100/100
|move|p2a: Araquanid|Substitute|p2a: Araquanid
|-start|p2a: Araquanid|Substitute
|-damage|p2a: Araquanid|76/100
|
|-weather|RainDance|[upkeep]
|-heal|p2a: Araquanid|82/100|[from] item: Leftovers
|upkeep
|turn|11
|l| aeps23
|inactive|RULT3ro good vibes has 90 seconds left.
|
|t:|1597964778
|move|p1a: Arctovish|Fishious Rend|p2a: Araquanid
|-resisted|p2a: Araquanid
|-end|p2a: Araquanid|Substitute
|-damage|p1a: Arctovish|91/100|[from] item: Life Orb
|move|p2a: Araquanid|Toxic|p1a: Arctovish
|-status|p1a: Arctovish|tox
|
|-weather|RainDance|[upkeep]
|-heal|p2a: Araquanid|88/100|[from] item: Leftovers
|-damage|p1a: Arctovish|84/100 tox|[from] psn
|upkeep
|turn|12
|
|t:|1597964784
|switch|p2a: Xatu|Xatu, M|67/100
|move|p1a: Arctovish|Fishious Rend|p2a: Xatu
|-damage|p2a: Xatu|0 fnt
|-damage|p1a: Arctovish|68/100 tox|[from] item: Rocky Helmet|[of] p2a: Xatu
|-damage|p1a: Arctovish|58/100 tox|[from] item: Life Orb
|faint|p2a: Xatu
|
|-weather|RainDance|[upkeep]
|-damage|p1a: Arctovish|45/100 tox|[from] psn
|upkeep
|
|t:|1597964792
|switch|p2a: Drapion|Drapion, F|100/100
|turn|13
|
|t:|1597964795
|switch|p1a: Weezing|Weezing, M|100/100
|move|p2a: Drapion|Knock Off|p1a: Weezing
|-damage|p1a: Weezing|72/100
|-enditem|p1a: Weezing|Black Sludge|[from] move: Knock Off|[of] p2a: Drapion
|
|-weather|none
|upkeep
|turn|14
|
|t:|1597964799
|switch|p2a: Araquanid|Araquanid, M|88/100
|move|p1a: Weezing|Will-O-Wisp|p2a: Araquanid
|-immune|p2a: Araquanid|[from] ability: Water Bubble
|
|-heal|p2a: Araquanid|94/100|[from] item: Leftovers
|upkeep
|turn|15
|
|t:|1597964801
|switch|p1a: Arctovish|Arctovish|45/100 tox
|move|p2a: Araquanid|Substitute|p2a: Araquanid
|-start|p2a: Araquanid|Substitute
|-damage|p2a: Araquanid|69/100
|
|-heal|p2a: Araquanid|76/100|[from] item: Leftovers
|-damage|p1a: Arctovish|39/100 tox|[from] psn
|upkeep
|turn|16
|
|t:|1597964805
|move|p1a: Arctovish|Rest|p1a: Arctovish
|-status|p1a: Arctovish|slp|[from] move: Rest
|-heal|p1a: Arctovish|100/100 slp|[silent]
|move|p2a: Araquanid|Substitute|p2a: Araquanid
|-fail|p2a: Araquanid|move: Substitute
|
|-heal|p2a: Araquanid|82/100|[from] item: Leftovers
|upkeep
|turn|17
|
|t:|1597964807
|cant|p1a: Arctovish|slp
|move|p1a: Arctovish|Sleep Talk|p1a: Arctovish
|move|p1a: Arctovish|Fishious Rend|p2a: Araquanid|[from]Sleep Talk
|-resisted|p2a: Araquanid
|-end|p2a: Araquanid|Substitute
|-damage|p1a: Arctovish|91/100 slp|[from] item: Life Orb
|move|p2a: Araquanid|Leech Life|p1a: Arctovish
|-damage|p1a: Arctovish|52/100 slp
|-heal|p2a: Araquanid|100/100|[from] drain|[of] p1a: Arctovish
|
|upkeep
|turn|18
|
|t:|1597964810
|cant|p1a: Arctovish|slp
|move|p1a: Arctovish|Sleep Talk|p1a: Arctovish
|move|p1a: Arctovish|Fishious Rend|p2a: Araquanid|[from]Sleep Talk
|-resisted|p2a: Araquanid
|-damage|p2a: Araquanid|49/100
|-damage|p1a: Arctovish|42/100 slp|[from] item: Life Orb
|move|p2a: Araquanid|Substitute|p2a: Araquanid
|-start|p2a: Araquanid|Substitute
|-damage|p2a: Araquanid|24/100
|
|-heal|p2a: Araquanid|30/100|[from] item: Leftovers
|upkeep
|turn|19
|
|t:|1597964822
|-curestatus|p1a: Arctovish|slp|[msg]
|move|p1a: Arctovish|Freeze-Dry|p2a: Araquanid
|-supereffective|p2a: Araquanid
|-end|p2a: Araquanid|Substitute
|-damage|p1a: Arctovish|32/100|[from] item: Life Orb
|move|p2a: Araquanid|Leech Life|p1a: Arctovish
|-damage|p1a: Arctovish|0 fnt
|-heal|p2a: Araquanid|46/100|[from] drain|[of] p1a: Arctovish
|faint|p1a: Arctovish
|
|-heal|p2a: Araquanid|52/100|[from] item: Leftovers
|upkeep
|
|t:|1597964831
|switch|p1a: Klefki|Klefki, F|68/100 brn
|turn|20
|
|t:|1597964835
|move|p1a: Klefki|Dazzling Gleam|p2a: Araquanid
|-damage|p2a: Araquanid|32/100
|move|p2a: Araquanid|Substitute|p2a: Araquanid
|-start|p2a: Araquanid|Substitute
|-damage|p2a: Araquanid|7/100
|
|-heal|p2a: Araquanid|13/100|[from] item: Leftovers
|-damage|p1a: Klefki|62/100 brn|[from] brn
|upkeep
|turn|21
|
|t:|1597964841
|move|p1a: Klefki|Dazzling Gleam|p2a: Araquanid
|-activate|p2a: Araquanid|move: Substitute|[damage]
|move|p2a: Araquanid|Liquidation|p1a: Klefki
|-damage|p1a: Klefki|10/100 brn
|
|-heal|p2a: Araquanid|19/100|[from] item: Leftovers
|-damage|p1a: Klefki|4/100 brn|[from] brn
|upkeep
|turn|22
|inactive|RULT3ro good vibes has 120 seconds left.
|j| RULTR3ro pink
|
|t:|1597964900
|move|p1a: Klefki|Dazzling Gleam|p2a: Araquanid
|-end|p2a: Araquanid|Substitute
|move|p2a: Araquanid|Leech Life|p1a: Klefki
|-resisted|p1a: Klefki
|-damage|p1a: Klefki|0 fnt
|-heal|p2a: Araquanid|21/100|[from] drain|[of] p1a: Klefki
|faint|p1a: Klefki
|
|-heal|p2a: Araquanid|27/100|[from] item: Leftovers
|upkeep
|
|t:|1597964902
|switch|p1a: Barraskewda|Barraskewda, M|91/100
|turn|23
|
|t:|1597964908
|switch|p2a: Drapion|Drapion, F|100/100
|move|p1a: Barraskewda|Liquidation|p2a: Drapion
|-damage|p2a: Drapion|31/100
|-damage|p1a: Barraskewda|81/100|[from] item: Life Orb
|
|upkeep
|turn|24
|
|t:|1597964917
|move|p1a: Barraskewda|Aqua Jet|p2a: Drapion
|-damage|p2a: Drapion|0 fnt
|-damage|p1a: Barraskewda|71/100|[from] item: Life Orb
|faint|p2a: Drapion
|
|upkeep
|
|t:|1597964924
|switch|p2a: Bronzong|Bronzong|100/100
|turn|25
|
|t:|1597964928
|switch|p1a: Weezing|Weezing, M|72/100
|move|p2a: Bronzong|Psychic|p1a: Weezing
|-supereffective|p1a: Weezing
|-damage|p1a: Weezing|0 fnt
|faint|p1a: Weezing
|
|upkeep
|
|t:|1597964931
|switch|p1a: Umbreon|Umbreon, M|100/100
|turn|26
|
|t:|1597964935
|switch|p2a: Virizion|Virizion|100/100
|move|p1a: Umbreon|Rain Dance|p1a: Umbreon
|-weather|RainDance
|
|-weather|RainDance|[upkeep]
|upkeep
|turn|27
|
|t:|1597964945
|move|p2a: Virizion|Close Combat|p1a: Umbreon
|-supereffective|p1a: Umbreon
|-damage|p1a: Umbreon|0 fnt
|-unboost|p2a: Virizion|def|1
|-unboost|p2a: Virizion|spd|1
|-damage|p2a: Virizion|91/100|[from] item: Life Orb
|faint|p1a: Umbreon
|
|-weather|RainDance|[upkeep]
|upkeep
|
|t:|1597964948
|switch|p1a: Barraskewda|Barraskewda, M|71/100
|turn|28
|
|t:|1597964960
|switch|p2a: Araquanid|Araquanid, M|27/100
|move|p1a: Barraskewda|Psychic Fangs|p2a: Araquanid
|-damage|p2a: Araquanid|0 fnt
|-damage|p1a: Barraskewda|61/100|[from] item: Life Orb
|faint|p2a: Araquanid
|
|-weather|RainDance|[upkeep]
|upkeep
|
|t:|1597964967
|switch|p2a: Bronzong|Bronzong|100/100
|turn|29
|
|t:|1597964970
|move|p1a: Barraskewda|Liquidation|p2a: Bronzong
|-crit|p2a: Bronzong
|-damage|p2a: Bronzong|0 fnt
|-damage|p1a: Barraskewda|51/100|[from] item: Life Orb
|faint|p2a: Bronzong
|
|-weather|RainDance|[upkeep]
|upkeep
|c|☆RULT3ro good vibes|noooo
|c| RULT3ro GateWay|:O
|c|☆RULT3ro good vibes|come on dude
|c|☆Idbsmjf|Sorry
|c|☆RULT3ro good vibes|holy fuck
|c| RULT3ro GateWay|;/
|c|☆Idbsmjf|That's pretty bad
|c|☆RULT3ro good vibes|its awful
|-message|Idbsmjf forfeited.
|
|win|RULT3ro good vibes
|c| RULT3ro GateWay|wat
|l|☆Idbsmjf
|c| RULT3ro GateWay|thats booosting
|c| RULT3ro GateWay|tf
|c| RULT3ro GateWay|he not allowed to do that
|c| RULTR3ro pink|damn
|raw|Idbsmjf's rating: 1433 &rarr; <strong>1416</strong><br />(-17 for losing)
|raw|RULT3ro good vibes's rating: 1498 &rarr; <strong>1514</strong><br />(+16 for winning)
|c| RULT3ro GateWay|he
|c| RULTR3ro pink|that's a fat L
|c| RULT3ro GateWay|uh
|c| RULT3ro GateWay|tf
|c|☆RULT3ro good vibes|well i didnt ask for anything
|c| RULT3ro GateWay|ik
|l|☆RULT3ro good vibes
|c| RULT3ro GateWay|but he still cant do that
|c| RULTR3ro pink|it be like that sometimes
|c| RULT3ro GateWay|mk
