|raw|<div class="broadcast-blue"><strong>This battle is required to be public due to a player having a name starting with 'rult70'.</div>
|j|☆Its oyster time
|j|☆rult70m mac3 ✝
|t:|1626544810
|gametype|singles
|player|p1|Its oyster time|ninjaboy|1349
|player|p2|rult70m mac3 ✝|roxie|1433
|teamsize|p1|6
|teamsize|p2|6
|gen|8
|tier|[Gen 8] RU
|rated|
|rule|Sleep Clause Mod: Limit one foe put to sleep
|rule|Species Clause: Limit one of each Pokémon
|rule|OHKO Clause: OHKO moves are banned
|rule|Evasion Moves Clause: Evasion moves are banned
|rule|Endless Battle Clause: Forcing endless battles is banned
|rule|HP Percentage Mod: HP is shown in percentages
|rule|Dynamax Clause: You cannot dynamax
|clearpoke
|poke|p1|Scrafty, M|
|poke|p1|Mienshao, F|
|poke|p1|Xurkitree|
|poke|p1|Celebi|
|poke|p1|Steelix, F|
|poke|p1|Noivern, F|
|poke|p2|Golurk|
|poke|p2|Bronzong|
|poke|p2|Cobalion|
|poke|p2|Roserade, M|
|poke|p2|Volcanion|
|poke|p2|Talonflame, F|
|teampreview
|inactive|Battle timer is ON: inactive players will automatically lose when time's up. (requested by Its oyster time)
|c|☆Its oyster time|glhf
|
|t:|1626544831
|start
|switch|p1a: Scrafty|Scrafty, M|100/100
|switch|p2a: Golurk|Golurk|100/100
|-ability|p1a: Scrafty|Intimidate|boost
|-unboost|p2a: Golurk|atk|1
|turn|1
|j| Wedjene
|
|t:|1626544845
|switch|p2a: Cobalion|Cobalion|100/100
|move|p1a: Scrafty|Knock Off|p2a: Cobalion
|-resisted|p2a: Cobalion
|-damage|p2a: Cobalion|87/100
|-ability|p2a: Cobalion|Justified|boost
|-boost|p2a: Cobalion|atk|1
|-enditem|p2a: Cobalion|Chople Berry|[from] move: Knock Off|[of] p1a: Scrafty
|
|upkeep
|turn|2
|
|t:|1626544857
|switch|p1a: Celebi|Celebi|100/100
|move|p2a: Cobalion|Stone Edge|p1a: Celebi|[miss]
|-miss|p2a: Cobalion|p1a: Celebi
|
|upkeep
|turn|3
|
|t:|1626544870
|move|p2a: Cobalion|Iron Head|p1a: Celebi
|-damage|p1a: Celebi|56/100
|move|p1a: Celebi|Thunder Wave|p2a: Cobalion
|-status|p2a: Cobalion|par
|
|upkeep
|turn|4
|
|t:|1626544877
|move|p1a: Celebi|Psychic|p2a: Cobalion
|-damage|p2a: Cobalion|46/100 par
|-unboost|p2a: Cobalion|spd|1
|move|p2a: Cobalion|Stone Edge|p1a: Celebi
|-damage|p1a: Celebi|22/100
|
|upkeep
|turn|5
|
|t:|1626544882
|switch|p2a: Talonflame|Talonflame, F|100/100
|move|p1a: Celebi|Recover|p1a: Celebi
|-heal|p1a: Celebi|72/100
|
|upkeep
|turn|6
|
|t:|1626544886
|switch|p1a: Steelix|Steelix, F|100/100
|move|p2a: Talonflame|U-turn|p1a: Steelix
|-resisted|p1a: Steelix
|-damage|p1a: Steelix|96/100
|
|t:|1626544891
|switch|p2a: Volcanion|Volcanion|100/100|[from]move: U-turn
|
|-heal|p1a: Steelix|100/100|[from] item: Leftovers
|upkeep
|turn|7
|
|t:|1626544895
|switch|p2a: Golurk|Golurk|100/100
|switch|p1a: Noivern|Noivern, F|100/100
|
|upkeep
|turn|8
|
|t:|1626544919
|move|p1a: Noivern|U-turn|p2a: Golurk
|-resisted|p2a: Golurk
|-damage|p2a: Golurk|94/100
|
|t:|1626544920
|switch|p1a: Scrafty|Scrafty, M|100/100|[from]move: U-turn
|-ability|p1a: Scrafty|Intimidate|boost
|-unboost|p2a: Golurk|atk|1
|move|p2a: Golurk|Close Combat|p1a: Scrafty
|-supereffective|p1a: Scrafty
|-damage|p1a: Scrafty|26/100
|-unboost|p2a: Golurk|def|1
|-unboost|p2a: Golurk|spd|1
|
|-heal|p1a: Scrafty|32/100|[from] item: Leftovers
|upkeep
|turn|9
|
|t:|1626544926
|switch|p1a: Celebi|Celebi|72/100
|move|p2a: Golurk|Close Combat|p1a: Celebi
|-resisted|p1a: Celebi
|-damage|p1a: Celebi|54/100
|-unboost|p2a: Golurk|def|1
|-unboost|p2a: Golurk|spd|1
|
|upkeep
|turn|10
|
|t:|1626544930
|switch|p2a: Talonflame|Talonflame, F|100/100
|move|p1a: Celebi|U-turn|p2a: Talonflame
|-resisted|p2a: Talonflame
|-damage|p2a: Talonflame|95/100
|
|t:|1626544937
|switch|p1a: Xurkitree|Xurkitree|100/100|[from]move: U-turn
|
|upkeep
|turn|11
|
|t:|1626544964
|switch|p2a: Golurk|Golurk|94/100
|move|p1a: Xurkitree|Volt Switch|p2a: Golurk
|-immune|p2a: Golurk
|
|upkeep
|turn|12
|
|t:|1626544978
|switch|p2a: Roserade|Roserade, M|100/100
|move|p1a: Xurkitree|Volt Switch|p2a: Roserade
|-resisted|p2a: Roserade
|-damage|p2a: Roserade|73/100
|
|t:|1626544982
|switch|p1a: Mienshao|Mienshao, F|100/100|[from]move: Volt Switch
|
|upkeep
|turn|13
|j|+Nat
|
|t:|1626544992
|switch|p2a: Talonflame|Talonflame, F|95/100
|move|p1a: Mienshao|Stone Edge|p2a: Talonflame|[miss]
|-miss|p1a: Mienshao|p2a: Talonflame
|
|upkeep
|turn|14
|
|t:|1626545014
|switch|p2a: Golurk|Golurk|94/100
|switch|p1a: Steelix|Steelix, F|100/100
|
|upkeep
|turn|15
|inactive|Its oyster time has 120 seconds left.
|
|t:|1626545036
|move|p2a: Golurk|Poltergeist|p1a: Steelix
|-activate|p1a: Steelix|move: Poltergeist|Leftovers
|-damage|p1a: Steelix|55/100
|move|p1a: Steelix|Earthquake|p2a: Golurk
|-damage|p2a: Golurk|52/100
|
|-heal|p1a: Steelix|61/100|[from] item: Leftovers
|upkeep
|turn|16
|inactive|Its oyster time has 120 seconds left.
|
|t:|1626545047
|move|p2a: Golurk|Poltergeist|p1a: Steelix
|-activate|p1a: Steelix|move: Poltergeist|Leftovers
|-damage|p1a: Steelix|12/100
|move|p1a: Steelix|Toxic|p2a: Golurk
|-status|p2a: Golurk|tox
|
|-heal|p1a: Steelix|18/100|[from] item: Leftovers
|-damage|p2a: Golurk|46/100 tox|[from] psn
|upkeep
|turn|17
|
|t:|1626545056
|switch|p2a: Roserade|Roserade, M|73/100
|move|p1a: Steelix|Stealth Rock|p2a: Roserade
|-sidestart|p2: rult70m mac3 ✝|move: Stealth Rock
|
|-heal|p1a: Steelix|24/100|[from] item: Leftovers
|upkeep
|turn|18
|
|t:|1626545066
|move|p2a: Roserade|Giga Drain|p1a: Steelix
|-damage|p1a: Steelix|0 fnt
|-heal|p2a: Roserade|89/100|[from] drain|[of] p1a: Steelix
|faint|p1a: Steelix
|
|upkeep
|
|t:|1626545069
|switch|p1a: Celebi|Celebi|54/100
|turn|19
|
|t:|1626545077
|switch|p2a: Bronzong|Bronzong|100/100
|-damage|p2a: Bronzong|94/100|[from] Stealth Rock
|move|p1a: Celebi|Recover|p1a: Celebi
|-heal|p1a: Celebi|100/100
|
|-heal|p2a: Bronzong|100/100|[from] item: Leftovers
|upkeep
|turn|20
|
|t:|1626545081
|move|p1a: Celebi|Thunder Wave|p2a: Bronzong
|-status|p2a: Bronzong|par
|move|p2a: Bronzong|Stealth Rock|p1a: Celebi
|-sidestart|p1: Its oyster time|move: Stealth Rock
|
|upkeep
|turn|21
|
|t:|1626545087
|move|p1a: Celebi|U-turn|p2a: Bronzong
|-damage|p2a: Bronzong|87/100 par
|
|t:|1626545092
|switch|p1a: Scrafty|Scrafty, M|32/100|[from]move: U-turn
|-damage|p1a: Scrafty|26/100|[from] Stealth Rock
|-ability|p1a: Scrafty|Intimidate|boost
|-unboost|p2a: Bronzong|atk|1
|move|p2a: Bronzong|Heavy Slam|p1a: Scrafty
|-damage|p1a: Scrafty|4/100
|
|-heal|p1a: Scrafty|10/100|[from] item: Leftovers
|-heal|p2a: Bronzong|94/100 par|[from] item: Leftovers
|upkeep
|turn|22
|
|t:|1626545106
|switch|p2a: Cobalion|Cobalion|46/100 par
|-damage|p2a: Cobalion|43/100 par|[from] Stealth Rock
|move|p1a: Scrafty|Drain Punch|p2a: Cobalion
|-supereffective|p2a: Cobalion
|-damage|p2a: Cobalion|0 fnt
|-heal|p1a: Scrafty|30/100|[from] drain|[of] p2a: Cobalion
|faint|p2a: Cobalion
|
|-heal|p1a: Scrafty|36/100|[from] item: Leftovers
|upkeep
|
|t:|1626545111
|switch|p2a: Talonflame|Talonflame, F|95/100
|turn|23
|
|t:|1626545117
|move|p2a: Talonflame|Brave Bird|p1a: Scrafty
|-supereffective|p1a: Scrafty
|-damage|p1a: Scrafty|0 fnt
|faint|p1a: Scrafty
|-damage|p2a: Talonflame|82/100|[from] Recoil
|
|upkeep
|
|t:|1626545121
|switch|p1a: Xurkitree|Xurkitree|100/100
|turn|24
|
|t:|1626545144
|move|p2a: Talonflame|U-turn|p1a: Xurkitree
|-crit|p1a: Xurkitree
|-damage|p1a: Xurkitree|58/100
|
|t:|1626545150
|switch|p2a: Roserade|Roserade, M|89/100|[from]move: U-turn
|move|p1a: Xurkitree|Volt Switch|p2a: Roserade
|-resisted|p2a: Roserade
|-damage|p2a: Roserade|59/100
|
|t:|1626545160
|switch|p1a: Noivern|Noivern, F|100/100|[from]move: Volt Switch
|
|upkeep
|turn|25
|
|t:|1626545165
|switch|p2a: Bronzong|Bronzong|94/100 par
|-damage|p2a: Bronzong|87/100 par|[from] Stealth Rock
|move|p1a: Noivern|Draco Meteor|p2a: Bronzong
|-resisted|p2a: Bronzong
|-damage|p2a: Bronzong|71/100 par
|-unboost|p1a: Noivern|spa|2
|
|-heal|p2a: Bronzong|77/100 par|[from] item: Leftovers
|upkeep
|turn|26
|
|t:|1626545173
|move|p1a: Noivern|U-turn|p2a: Bronzong
|-damage|p2a: Bronzong|67/100 par
|
|t:|1626545176
|switch|p1a: Celebi|Celebi|100/100|[from]move: U-turn
|move|p2a: Bronzong|Heavy Slam|p1a: Celebi
|-damage|p1a: Celebi|71/100
|
|-heal|p2a: Bronzong|74/100 par|[from] item: Leftovers
|upkeep
|turn|27
|
|t:|1626545192
|move|p1a: Celebi|Psychic|p2a: Bronzong
|-resisted|p2a: Bronzong
|-damage|p2a: Bronzong|69/100 par
|move|p2a: Bronzong|Heavy Slam|p1a: Celebi
|-damage|p1a: Celebi|38/100
|
|-heal|p2a: Bronzong|75/100 par|[from] item: Leftovers
|upkeep
|turn|28
|
|t:|1626545195
|move|p1a: Celebi|Recover|p1a: Celebi
|-heal|p1a: Celebi|88/100
|move|p2a: Bronzong|Toxic|p1a: Celebi
|-status|p1a: Celebi|tox
|
|-heal|p2a: Bronzong|81/100 par|[from] item: Leftovers
|-damage|p1a: Celebi|82/100 tox|[from] psn
|upkeep
|turn|29
|
|t:|1626545199
|move|p1a: Celebi|U-turn|p2a: Bronzong
|-damage|p2a: Bronzong|67/100 par
|
|t:|1626545201
|switch|p1a: Mienshao|Mienshao, F|100/100|[from]move: U-turn
|-damage|p1a: Mienshao|95/100|[from] Stealth Rock
|move|p2a: Bronzong|Heavy Slam|p1a: Mienshao
|-damage|p1a: Mienshao|24/100
|
|-heal|p2a: Bronzong|74/100 par|[from] item: Leftovers
|upkeep
|turn|30
|
|t:|1626545209
|switch|p2a: Volcanion|Volcanion|100/100
|move|p1a: Mienshao|U-turn|p2a: Volcanion
|-resisted|p2a: Volcanion
|-crit|p2a: Volcanion
|-damage|p2a: Volcanion|78/100
|-damage|p1a: Mienshao|14/100|[from] item: Life Orb
|
|t:|1626545216
|switch|p1a: Xurkitree|Xurkitree|58/100|[from]move: U-turn
|
|upkeep
|turn|31
|
|t:|1626545220
|switch|p2a: Golurk|Golurk|46/100 tox
|-damage|p2a: Golurk|40/100 tox|[from] Stealth Rock
|move|p1a: Xurkitree|Volt Switch|p2a: Golurk
|-immune|p2a: Golurk
|
|-damage|p2a: Golurk|34/100 tox|[from] psn
|upkeep
|turn|32
|
|t:|1626545225
|move|p1a: Xurkitree|Energy Ball|p2a: Golurk
|-supereffective|p2a: Golurk
|-damage|p2a: Golurk|0 fnt
|faint|p2a: Golurk
|-ability|p1a: Xurkitree|Beast Boost|boost
|-boost|p1a: Xurkitree|spa|1
|
|upkeep
|
|t:|1626545228
|switch|p2a: Roserade|Roserade, M|59/100
|turn|33
|
|t:|1626545233
|switch|p1a: Celebi|Celebi|82/100
|move|p2a: Roserade|Sludge Bomb|p1a: Celebi
|-supereffective|p1a: Celebi
|-damage|p1a: Celebi|9/100
|
|upkeep
|turn|34
|
|t:|1626545242
|switch|p2a: Volcanion|Volcanion|78/100
|move|p1a: Celebi|Psychic|p2a: Volcanion
|-damage|p2a: Volcanion|36/100
|
|upkeep
|turn|35
|
|t:|1626545253
|move|p1a: Celebi|Psychic|p2a: Volcanion
|-damage|p2a: Volcanion|0 fnt
|faint|p2a: Volcanion
|
|upkeep
|
|t:|1626545255
|switch|p2a: Talonflame|Talonflame, F|82/100
|turn|36
|
|t:|1626545263
|move|p2a: Talonflame|Brave Bird|p1a: Celebi
|-supereffective|p1a: Celebi
|-damage|p1a: Celebi|0 fnt
|faint|p1a: Celebi
|-damage|p2a: Talonflame|79/100|[from] Recoil
|
|upkeep
|
|t:|1626545267
|switch|p1a: Noivern|Noivern, F|100/100
|turn|37
|
|t:|1626545281
|move|p2a: Talonflame|Toxic|p1a: Noivern
|-status|p1a: Noivern|tox
|move|p1a: Noivern|Flamethrower|p2a: Talonflame
|-resisted|p2a: Talonflame
|-damage|p2a: Talonflame|59/100
|
|-damage|p1a: Noivern|94/100 tox|[from] psn
|upkeep
|turn|38
|
|t:|1626545285
|move|p2a: Talonflame|Roost|p2a: Talonflame
|-heal|p2a: Talonflame|100/100
|-singleturn|p2a: Talonflame|move: Roost
|move|p1a: Noivern|Flamethrower|p2a: Talonflame
|-resisted|p2a: Talonflame
|-damage|p2a: Talonflame|82/100
|
|-damage|p1a: Noivern|82/100 tox|[from] psn
|upkeep
|turn|39
|
|t:|1626545289
|move|p2a: Talonflame|U-turn|p1a: Noivern
|-resisted|p1a: Noivern
|-damage|p1a: Noivern|70/100 tox
|
|t:|1626545291
|switch|p2a: Bronzong|Bronzong|74/100 par|[from]move: U-turn
|-damage|p2a: Bronzong|67/100 par|[from] Stealth Rock
|move|p1a: Noivern|Draco Meteor|p2a: Bronzong
|-resisted|p2a: Bronzong
|-damage|p2a: Bronzong|50/100 par
|-unboost|p1a: Noivern|spa|2
|
|-heal|p2a: Bronzong|56/100 par|[from] item: Leftovers
|-damage|p1a: Noivern|52/100 tox|[from] psn
|upkeep
|turn|40
|
|t:|1626545296
|move|p1a: Noivern|U-turn|p2a: Bronzong
|-damage|p2a: Bronzong|47/100 par
|
|t:|1626545302
|switch|p1a: Xurkitree|Xurkitree|58/100|[from]move: U-turn
|move|p2a: Bronzong|Earthquake|p1a: Xurkitree
|-supereffective|p1a: Xurkitree
|-damage|p1a: Xurkitree|1/100
|
|-heal|p2a: Bronzong|53/100 par|[from] item: Leftovers
|upkeep
|turn|41
|
|t:|1626545330
|move|p1a: Xurkitree|Thunderbolt|p2a: Bronzong
|-damage|p2a: Bronzong|15/100 par
|move|p2a: Bronzong|Heavy Slam|p1a: Xurkitree
|-resisted|p1a: Xurkitree
|-damage|p1a: Xurkitree|0 fnt
|faint|p1a: Xurkitree
|
|-heal|p2a: Bronzong|22/100 par|[from] item: Leftovers
|upkeep
|
|t:|1626545337
|switch|p1a: Mienshao|Mienshao, F|47/100
|-damage|p1a: Mienshao|41/100|[from] Stealth Rock
|turn|42
|inactive|rult70m mac3 ✝ has 120 seconds left.
|
|t:|1626545367
|move|p1a: Mienshao|Knock Off|p2a: Bronzong
|-supereffective|p2a: Bronzong
|-damage|p2a: Bronzong|0 fnt
|-enditem|p2a: Bronzong|Leftovers|[from] move: Knock Off|[of] p1a: Mienshao
|faint|p2a: Bronzong
|-damage|p1a: Mienshao|31/100|[from] item: Life Orb
|
|upkeep
|
|t:|1626545370
|switch|p2a: Talonflame|Talonflame, F|82/100
|turn|43
|
|t:|1626545376
|move|p2a: Talonflame|Brave Bird|p1a: Mienshao
|-supereffective|p1a: Mienshao
|-damage|p1a: Mienshao|0 fnt
|faint|p1a: Mienshao
|-damage|p2a: Talonflame|73/100|[from] Recoil
|
|upkeep
|
|t:|1626545380
|switch|p1a: Noivern|Noivern, F|52/100 tox
|turn|44
|
|t:|1626545398
|move|p2a: Talonflame|Brave Bird|p1a: Noivern
|-damage|p1a: Noivern|0 fnt
|faint|p1a: Noivern
|-damage|p2a: Talonflame|56/100|[from] Recoil
|
|win|rult70m mac3 ✝
|raw|Its oyster time's rating: 1349 &rarr; <strong>1334</strong><br />(-15 for losing)
|raw|rult70m mac3 ✝'s rating: 1433 &rarr; <strong>1448</strong><br />(+15 for winning)
|c|☆Its oyster time|if edge hit
|c|☆Its oyster time|gg
|l|☆rult70m mac3 ✝
||Ladder isn't responding, score probably updated but might not have (Request timeout).
