|j|☆dragoncouture!!
|j|☆RULT1qm serp
|t:|1596768736
|player|p1|dragoncouture!!|grimsley-gen7|1539
|player|p2|RULT1qm serp|shauntal|1552
|teamsize|p1|6
|teamsize|p2|6
|gametype|singles
|gen|8
|tier|[Gen 8] RU
|rated|
|clearpoke
|poke|p1|Poliwrath, M|
|poke|p1|Escavalier, F|
|poke|p1|Rotom-Mow|
|poke|p1|Mudsdale, M|
|poke|p1|Lycanroc, F|
|poke|p1|Ribombee, F|
|poke|p2|Virizion|
|poke|p2|Steelix, M|
|poke|p2|Slowbro-Galar, M|
|poke|p2|Mantine, M|
|poke|p2|Heliolisk, M|
|poke|p2|Umbreon, F|
|rule|Sleep Clause Mod: Limit one foe put to sleep
|rule|Species Clause: Limit one of each Pokémon
|rule|OHKO Clause: OHKO moves are banned
|rule|Evasion Moves Clause: Evasion moves are banned
|rule|Endless Battle Clause: Forcing endless battles is banned
|rule|HP Percentage Mod: HP is shown in percentages
|rule|Dynamax Clause: You cannot dynamax
|teampreview
|
|t:|1596768758
|start
|switch|p1a: Escavalier|Escavalier, F|100/100
|switch|p2a: Heliolisk|Heliolisk, M|100/100
|turn|1
|
|t:|1596768770
|move|p2a: Heliolisk|Volt Switch|p1a: Escavalier
|-damage|p1a: Escavalier|69/100
|
|t:|1596768773
|switch|p2a: Steelix|Steelix, M|100/100|[from]move: Volt Switch
|move|p1a: Escavalier|Knock Off|p2a: Steelix
|-damage|p2a: Steelix|82/100
|-enditem|p2a: Steelix|Heavy-Duty Boots|[from] move: Knock Off|[of] p1a: Escavalier
|
|-heal|p1a: Escavalier|75/100|[from] item: Leftovers
|upkeep
|turn|2
|
|t:|1596768783
|switch|p1a: Rotom|Rotom-Mow|100/100
|move|p2a: Steelix|Stealth Rock|p1a: Rotom
|-sidestart|p1: dragoncouture!!|move: Stealth Rock
|
|upkeep
|turn|3
|
|t:|1596768790
|switch|p2a: Heliolisk|Heliolisk, M|100/100
|move|p1a: Rotom|Will-O-Wisp|p2a: Heliolisk
|-status|p2a: Heliolisk|brn
|
|-damage|p2a: Heliolisk|94/100 brn|[from] brn
|upkeep
|turn|4
|
|t:|1596768800
|move|p2a: Heliolisk|Hyper Voice|p1a: Rotom
|-damage|p1a: Rotom|44/100
|move|p1a: Rotom|Defog|p2a: Heliolisk
|-unboost|p2a: Heliolisk|evasion|1
|-sideend|p1: dragoncouture!!|Stealth Rock|[from] move: Defog|[of] p1a: Rotom
|
|-heal|p1a: Rotom|51/100|[from] item: Leftovers
|-damage|p2a: Heliolisk|88/100 brn|[from] brn
|upkeep
|turn|5
|
|t:|1596768813
|switch|p2a: Slowbro|Slowbro-Galar, M|100/100
|switch|p1a: Mudsdale|Mudsdale, M|100/100
|
|upkeep
|turn|6
|
|t:|1596768819
|switch|p2a: Mantine|Mantine, M|100/100
|move|p1a: Mudsdale|Stealth Rock|p2a: Mantine
|-sidestart|p2: RULT1qm serp|move: Stealth Rock
|
|upkeep
|turn|7
|
|t:|1596768825
|switch|p1a: Rotom|Rotom-Mow|51/100
|move|p2a: Mantine|Scald|p1a: Rotom
|-resisted|p1a: Rotom
|-damage|p1a: Rotom|37/100
|
|-heal|p1a: Rotom|43/100|[from] item: Leftovers
|upkeep
|turn|8
|
|t:|1596768830
|switch|p2a: Virizion|Virizion|100/100
|-damage|p2a: Virizion|94/100|[from] Stealth Rock
|move|p1a: Rotom|Volt Switch|p2a: Virizion
|-resisted|p2a: Virizion
|-damage|p2a: Virizion|82/100
|
|t:|1596768833
|switch|p1a: Ribombee|Ribombee, F|100/100|[from]move: Volt Switch
|
|-heal|p2a: Virizion|88/100|[from] item: Leftovers
|upkeep
|turn|9
|
|t:|1596768836
|switch|p2a: Steelix|Steelix, M|82/100
|-damage|p2a: Steelix|78/100|[from] Stealth Rock
|move|p1a: Ribombee|Moonblast|p2a: Steelix
|-resisted|p2a: Steelix
|-damage|p2a: Steelix|53/100
|-unboost|p2a: Steelix|spa|1
|
|upkeep
|turn|10
|
|t:|1596768841
|switch|p1a: Rotom|Rotom-Mow|43/100
|move|p2a: Steelix|Toxic|p1a: Rotom
|-status|p1a: Rotom|tox
|
|-heal|p1a: Rotom|49/100 tox|[from] item: Leftovers
|-damage|p1a: Rotom|43/100 tox|[from] psn
|upkeep
|turn|11
|
|t:|1596768846
|switch|p2a: Umbreon|Umbreon, F|100/100
|-damage|p2a: Umbreon|88/100|[from] Stealth Rock
|move|p1a: Rotom|Will-O-Wisp|p2a: Umbreon|[miss]
|-miss|p1a: Rotom|p2a: Umbreon
|
|-heal|p1a: Rotom|49/100 tox|[from] item: Leftovers
|-heal|p2a: Umbreon|94/100|[from] item: Leftovers
|-damage|p1a: Rotom|37/100 tox|[from] psn
|upkeep
|turn|12
|
|t:|1596768851
|move|p1a: Rotom|Volt Switch|p2a: Umbreon
|-damage|p2a: Umbreon|78/100
|
|t:|1596768865
|switch|p1a: Ribombee|Ribombee, F|100/100|[from]move: Volt Switch
|move|p2a: Umbreon|Heal Bell|p2a: Umbreon
|-activate|p2a: Umbreon|move: Heal Bell
|-curestatus|p2: Heliolisk|brn|[msg]
|
|-heal|p2a: Umbreon|84/100|[from] item: Leftovers
|upkeep
|turn|13
|
|t:|1596768886
|move|p2a: Umbreon|Protect|p2a: Umbreon
|-singleturn|p2a: Umbreon|Protect
|move|p1a: Ribombee|Moonblast|p2a: Umbreon
|-activate|p2a: Umbreon|move: Protect
|
|-heal|p2a: Umbreon|90/100|[from] item: Leftovers
|upkeep
|turn|14
|
|t:|1596768890
|move|p1a: Ribombee|Moonblast|p2a: Umbreon
|-supereffective|p2a: Umbreon
|-damage|p2a: Umbreon|24/100
|move|p2a: Umbreon|Wish|p2a: Umbreon
|
|-heal|p2a: Umbreon|30/100|[from] item: Leftovers
|upkeep
|turn|15
|
|t:|1596768895
|switch|p2a: Steelix|Steelix, M|53/100
|-damage|p2a: Steelix|50/100|[from] Stealth Rock
|move|p1a: Ribombee|Moonblast|p2a: Steelix
|-resisted|p2a: Steelix
|-damage|p2a: Steelix|21/100
|
|-heal|p2a: Steelix|77/100|[from] move: Wish|[wisher] Umbreon
|upkeep
|turn|16
|
|t:|1596768907
|switch|p1a: Mudsdale|Mudsdale, M|100/100
|move|p2a: Steelix|Stealth Rock|p1a: Mudsdale
|-sidestart|p1: dragoncouture!!|move: Stealth Rock
|
|upkeep
|turn|17
|
|t:|1596768915
|move|p1a: Mudsdale|Earthquake|p2a: Steelix
|-supereffective|p2a: Steelix
|-damage|p2a: Steelix|32/100
|move|p2a: Steelix|Toxic|p1a: Mudsdale
|-status|p1a: Mudsdale|tox
|
|-damage|p1a: Mudsdale|94/100 tox|[from] psn
|upkeep
|turn|18
|
|t:|1596768922
|switch|p1a: Rotom|Rotom-Mow|37/100 tox
|-damage|p1a: Rotom|24/100 tox|[from] Stealth Rock
|switch|p2a: Mantine|Mantine, M|100/100
|
|-heal|p1a: Rotom|30/100 tox|[from] item: Leftovers
|-damage|p1a: Rotom|24/100 tox|[from] psn
|upkeep
|turn|19
|
|t:|1596768927
|switch|p2a: Virizion|Virizion|88/100
|-damage|p2a: Virizion|82/100|[from] Stealth Rock
|move|p1a: Rotom|Volt Switch|p2a: Virizion
|-resisted|p2a: Virizion
|-damage|p2a: Virizion|69/100
|
|t:|1596768939
|switch|p1a: Ribombee|Ribombee, F|100/100|[from]move: Volt Switch
|-damage|p1a: Ribombee|76/100|[from] Stealth Rock
|
|-heal|p2a: Virizion|75/100|[from] item: Leftovers
|upkeep
|turn|20
|
|t:|1596768962
|switch|p2a: Mantine|Mantine, M|100/100
|move|p1a: Ribombee|Moonblast|p2a: Mantine
|-damage|p2a: Mantine|59/100
|
|upkeep
|turn|21
|
|t:|1596768974
|move|p1a: Ribombee|Moonblast|p2a: Mantine
|-damage|p2a: Mantine|17/100
|move|p2a: Mantine|Roost|p2a: Mantine
|-heal|p2a: Mantine|67/100
|-singleturn|p2a: Mantine|move: Roost
|
|upkeep
|turn|22
|
|t:|1596768980
|move|p1a: Ribombee|Moonblast|p2a: Mantine
|-damage|p2a: Mantine|25/100
|move|p2a: Mantine|Roost|p2a: Mantine
|-heal|p2a: Mantine|75/100
|-singleturn|p2a: Mantine|move: Roost
|
|upkeep
|turn|23
|
|t:|1596768987
|move|p1a: Ribombee|Moonblast|p2a: Mantine
|-damage|p2a: Mantine|33/100
|move|p2a: Mantine|Roost|p2a: Mantine
|-heal|p2a: Mantine|83/100
|-singleturn|p2a: Mantine|move: Roost
|
|upkeep
|turn|24
|
|t:|1596768990
|move|p1a: Ribombee|Moonblast|p2a: Mantine
|-damage|p2a: Mantine|44/100
|-unboost|p2a: Mantine|spa|1
|move|p2a: Mantine|Roost|p2a: Mantine
|-heal|p2a: Mantine|94/100
|-singleturn|p2a: Mantine|move: Roost
|
|upkeep
|turn|25
|j| 07l中国大妈
|
|t:|1596768997
|move|p1a: Ribombee|Moonblast|p2a: Mantine
|-damage|p2a: Mantine|54/100
|-unboost|p2a: Mantine|spa|1
|move|p2a: Mantine|Air Slash|p1a: Ribombee
|-supereffective|p1a: Ribombee
|-damage|p1a: Ribombee|36/100
|
|upkeep
|turn|26
|
|t:|1596769003
|switch|p1a: Lycanroc|Lycanroc, F|100/100
|-damage|p1a: Lycanroc|88/100|[from] Stealth Rock
|move|p2a: Mantine|Roost|p2a: Mantine
|-heal|p2a: Mantine|100/100
|-singleturn|p2a: Mantine|move: Roost
|
|upkeep
|turn|27
|
|t:|1596769008
|move|p1a: Lycanroc|Stone Edge|p2a: Mantine
|-supereffective|p2a: Mantine
|-damage|p2a: Mantine|2/100
|-damage|p1a: Lycanroc|78/100|[from] item: Life Orb
|move|p2a: Mantine|Scald|p1a: Lycanroc
|-supereffective|p1a: Lycanroc
|-damage|p1a: Lycanroc|42/100
|
|upkeep
|turn|28
|
|t:|1596769015
|switch|p2a: Slowbro|Slowbro-Galar, M|100/100
|-damage|p2a: Slowbro|88/100|[from] Stealth Rock
|move|p1a: Lycanroc|Close Combat|p2a: Slowbro
|-resisted|p2a: Slowbro
|-damage|p2a: Slowbro|80/100
|-unboost|p1a: Lycanroc|def|1
|-unboost|p1a: Lycanroc|spd|1
|-damage|p1a: Lycanroc|32/100|[from] item: Life Orb
|
|-heal|p2a: Slowbro|86/100|[from] item: Black Sludge
|upkeep
|turn|29
|
|t:|1596769022
|switch|p1a: Mudsdale|Mudsdale, M|94/100 tox
|-damage|p1a: Mudsdale|88/100 tox|[from] Stealth Rock
|move|p2a: Slowbro|Psychic|p1a: Mudsdale
|-damage|p1a: Mudsdale|59/100 tox
|-ability|p1a: Mudsdale|Stamina|boost
|-boost|p1a: Mudsdale|def|1
|
|-heal|p1a: Mudsdale|65/100 tox|[from] item: Leftovers
|-heal|p2a: Slowbro|92/100|[from] item: Black Sludge
|-damage|p1a: Mudsdale|59/100 tox|[from] psn
|upkeep
|turn|30
|
|t:|1596769029
|switch|p2a: Mantine|Mantine, M|2/100
|move|p1a: Mudsdale|Rock Slide|p2a: Mantine
|-supereffective|p2a: Mantine
|-damage|p2a: Mantine|0 fnt
|faint|p2a: Mantine
|
|-heal|p1a: Mudsdale|65/100 tox|[from] item: Leftovers
|-damage|p1a: Mudsdale|53/100 tox|[from] psn
|upkeep
|
|t:|1596769038
|switch|p2a: Heliolisk|Heliolisk, M|88/100
|-damage|p2a: Heliolisk|76/100|[from] Stealth Rock
|turn|31
|
|t:|1596769045
|move|p1a: Mudsdale|Protect|p1a: Mudsdale
|-singleturn|p1a: Mudsdale|Protect
|move|p2a: Heliolisk|Surf|p1a: Mudsdale
|-activate|p1a: Mudsdale|move: Protect
|
|-heal|p1a: Mudsdale|59/100 tox|[from] item: Leftovers
|-damage|p1a: Mudsdale|40/100 tox|[from] psn
|upkeep
|turn|32
|
|t:|1596769052
|switch|p1a: Poliwrath|Poliwrath, M|100/100
|-damage|p1a: Poliwrath|94/100|[from] Stealth Rock
|move|p2a: Heliolisk|Surf|p1a: Poliwrath
|-heal|p1a: Poliwrath|100/100|[from] ability: Water Absorb|[of] p2a: Heliolisk
|
|upkeep
|turn|33
|
|t:|1596769075
|switch|p2a: Slowbro|Slowbro-Galar, M|100/100
|-damage|p2a: Slowbro|88/100|[from] Stealth Rock
|switch|p1a: Escavalier|Escavalier, F|75/100
|-damage|p1a: Escavalier|63/100|[from] Stealth Rock
|
|-heal|p1a: Escavalier|69/100|[from] item: Leftovers
|-heal|p2a: Slowbro|94/100|[from] item: Black Sludge
|upkeep
|turn|34
|
|t:|1596769080
|move|p1a: Escavalier|Knock Off|p2a: Slowbro
|-supereffective|p2a: Slowbro
|-damage|p2a: Slowbro|43/100
|-enditem|p2a: Slowbro|Black Sludge|[from] move: Knock Off|[of] p1a: Escavalier
|move|p2a: Slowbro|Flamethrower|p1a: Escavalier
|-supereffective|p1a: Escavalier
|-damage|p1a: Escavalier|0 fnt
|faint|p1a: Escavalier
|
|upkeep
|
|t:|1596769153
|switch|p1a: Ribombee|Ribombee, F|36/100
|-damage|p1a: Ribombee|11/100|[from] Stealth Rock
|turn|35
|
|t:|1596769174
|switch|p2a: Umbreon|Umbreon, F|30/100
|-damage|p2a: Umbreon|18/100|[from] Stealth Rock
|move|p1a: Ribombee|Bug Buzz|p2a: Umbreon
|-supereffective|p2a: Umbreon
|-damage|p2a: Umbreon|0 fnt
|faint|p2a: Umbreon
|
|upkeep
|
|t:|1596769176
|switch|p2a: Virizion|Virizion|75/100
|-damage|p2a: Virizion|69/100|[from] Stealth Rock
|turn|36
|
|t:|1596769236
|move|p1a: Ribombee|Bug Buzz|p2a: Virizion
|-damage|p2a: Virizion|23/100
|move|p2a: Virizion|Leaf Blade|p1a: Ribombee
|-resisted|p1a: Ribombee
|-damage|p1a: Ribombee|0 fnt
|faint|p1a: Ribombee
|
|-heal|p2a: Virizion|30/100|[from] item: Leftovers
|upkeep
|
|t:|1596769245
|switch|p1a: Poliwrath|Poliwrath, M|100/100
|-damage|p1a: Poliwrath|94/100|[from] Stealth Rock
|turn|37
|
|t:|1596769247
|move|p2a: Virizion|Leaf Blade|p1a: Poliwrath
|-supereffective|p1a: Poliwrath
|-damage|p1a: Poliwrath|28/100
|move|p1a: Poliwrath|Drain Punch|p2a: Virizion
|-damage|p2a: Virizion|0 fnt
|-heal|p1a: Poliwrath|40/100|[from] drain|[of] p2a: Virizion
|faint|p2a: Virizion
|
|-heal|p1a: Poliwrath|47/100|[from] item: Leftovers
|upkeep
|
|t:|1596769257
|switch|p2a: Slowbro|Slowbro-Galar, M|77/100
|-damage|p2a: Slowbro|64/100|[from] Stealth Rock
|turn|38
|
|t:|1596769268
|move|p1a: Poliwrath|Liquidation|p2a: Slowbro
|-damage|p2a: Slowbro|40/100
|-unboost|p2a: Slowbro|def|1
|move|p2a: Slowbro|Psychic|p1a: Poliwrath
|-supereffective|p1a: Poliwrath
|-damage|p1a: Poliwrath|0 fnt
|faint|p1a: Poliwrath
|
|upkeep
|
|t:|1596769274
|switch|p1a: Mudsdale|Mudsdale, M|40/100 tox
|-damage|p1a: Mudsdale|34/100 tox|[from] Stealth Rock
|turn|39
|
|t:|1596769280
|move|p1a: Mudsdale|Earthquake|p2a: Slowbro
|-supereffective|p2a: Slowbro
|-damage|p2a: Slowbro|0 fnt
|faint|p2a: Slowbro
|
|-heal|p1a: Mudsdale|40/100 tox|[from] item: Leftovers
|-damage|p1a: Mudsdale|34/100 tox|[from] psn
|upkeep
|
|t:|1596769281
|switch|p2a: Heliolisk|Heliolisk, M|76/100
|-damage|p2a: Heliolisk|64/100|[from] Stealth Rock
|turn|40
|l| 07l中国大妈
|
|t:|1596769303
|switch|p1a: Rotom|Rotom-Mow|24/100 tox
|-damage|p1a: Rotom|12/100 tox|[from] Stealth Rock
|move|p2a: Heliolisk|Surf|p1a: Rotom
|-resisted|p1a: Rotom
|-damage|p1a: Rotom|0 fnt
|faint|p1a: Rotom
|
|upkeep
|
|t:|1596769341
|switch|p1a: Lycanroc|Lycanroc, F|32/100
|-damage|p1a: Lycanroc|20/100|[from] Stealth Rock
|turn|41
|
|t:|1596769345
|switch|p2a: Steelix|Steelix, M|32/100
|-damage|p2a: Steelix|29/100|[from] Stealth Rock
|move|p1a: Lycanroc|Close Combat|p2a: Steelix
|-supereffective|p2a: Steelix
|-damage|p2a: Steelix|0 fnt
|-unboost|p1a: Lycanroc|def|1
|-unboost|p1a: Lycanroc|spd|1
|-damage|p1a: Lycanroc|10/100|[from] item: Life Orb
|faint|p2a: Steelix
|
|upkeep
|
|t:|1596769347
|switch|p2a: Heliolisk|Heliolisk, M|64/100
|-damage|p2a: Heliolisk|51/100|[from] Stealth Rock
|turn|42
|
|t:|1596769355
|move|p2a: Heliolisk|Surf|p1a: Lycanroc
|-supereffective|p1a: Lycanroc
|-damage|p1a: Lycanroc|0 fnt
|faint|p1a: Lycanroc
|
|upkeep
|
|t:|1596769358
|switch|p1a: Mudsdale|Mudsdale, M|34/100 tox
|-damage|p1a: Mudsdale|28/100 tox|[from] Stealth Rock
|turn|43
|c|☆RULT1qm serp|kinda scared you had accel
|c|☆RULT1qm serp|ngl
|c|☆dragoncouture!!|i did
|c|☆dragoncouture!!|you dont die
|c|☆RULT1qm serp|oh
|c|☆RULT1qm serp|nice
|c|☆dragoncouture!!|had to bank on you not being scarf
|c|☆dragoncouture!!|gg
|c|☆RULT1qm serp|gg
|
|t:|1596769387
|move|p2a: Heliolisk|Surf|p1a: Mudsdale
|-supereffective|p1a: Mudsdale
|-damage|p1a: Mudsdale|0 fnt
|faint|p1a: Mudsdale
|
|win|RULT1qm serp
|raw|dragoncouture!!'s rating: 1539 &rarr; <strong>1520</strong><br />(-19 for losing)
|raw|RULT1qm serp's rating: 1552 &rarr; <strong>1571</strong><br />(+19 for winning)
|l|☆RULT1qm serp
