|j|☆CROAKED2020
|j|☆dragon124
|player|p1|CROAKED2020|169|1000
|player|p2|dragon124|1|1044
|teamsize|p1|6
|teamsize|p2|6
|gametype|singles
|gen|8
|tier|[Gen 8] RU
|rated|
|clearpoke
|poke|p1|Rillaboom, F|
|poke|p1|Vaporeon, F|
|poke|p1|Charizard, F|
|poke|p1|Steelix, F|
|poke|p1|Raichu-Alola, F|
|poke|p1|Toxicroak, F|
|poke|p2|Porygon2|
|poke|p2|Rillaboom, F|
|poke|p2|Ninetales, M|
|poke|p2|Passimian, M|
|poke|p2|Silvally-*|
|poke|p2|Coalossal, F|
|rule|Sleep Clause Mod: Limit one foe put to sleep
|rule|Species Clause: Limit one of each Pokémon
|rule|OHKO Clause: OHKO moves are banned
|rule|Evasion Moves Clause: Evasion moves are banned
|rule|Endless Battle Clause: Forcing endless battles is banned
|rule|HP Percentage Mod: HP is shown in percentages
|rule|Dynamax Clause: You cannot dynamax
|teampreview
|inactive|Battle timer is ON: inactive players will automatically lose when time's up. (requested by CROAKED2020)
|
|start
|switch|p1a: Toxicroak|Toxicroak, F, shiny|100/100
|switch|p2a: Coalossal|Coalossal, F|100/100
|turn|1
|
|move|p1a: Toxicroak|Earthquake|p2a: Coalossal
|-supereffective|p2a: Coalossal
|-damage|p2a: Coalossal|15/100
|move|p2a: Coalossal|Will-O-Wisp|p1a: Toxicroak|[miss]
|-miss|p2a: Coalossal|p1a: Toxicroak
|
|upkeep
|turn|2
|
|move|p1a: Toxicroak|Earthquake|p2a: Coalossal
|-supereffective|p2a: Coalossal
|-damage|p2a: Coalossal|0 fnt
|faint|p2a: Coalossal
|
|upkeep
|
|switch|p2a: Passimian|Passimian, M|100/100
|turn|3
|
|switch|p1a: Charizard|Charizard, F, shiny|100/100
|move|p2a: Passimian|Knock Off|p1a: Charizard
|-damage|p1a: Charizard|63/100
|-enditem|p1a: Charizard|Heavy-Duty Boots|[from] move: Knock Off|[of] p2a: Passimian
|
|upkeep
|turn|4
|
|switch|p2a: Porygon2|Porygon2|100/100
|-ability|p2a: Porygon2|Download|boost
|-boost|p2a: Porygon2|atk|1
|move|p1a: Charizard|Roost|p1a: Charizard
|-heal|p1a: Charizard|100/100
|-singleturn|p1a: Charizard|move: Roost
|
|upkeep
|turn|5
|
|move|p1a: Charizard|Toxic|p2a: Porygon2|[miss]
|-miss|p1a: Charizard|p2a: Porygon2
|move|p2a: Porygon2|Teleport|p2a: Porygon2
|c|☆CROAKED2020|lucky noob
|
|switch|p2a: Ninetales|Ninetales, M|100/100|[from]move: Teleport
|-weather|SunnyDay|[from] ability: Drought|[of] p2a: Ninetales
|
|-weather|SunnyDay|[upkeep]
|upkeep
|turn|6
|c|☆dragon124|dude relax
|
|move|p2a: Ninetales|Nasty Plot|p2a: Ninetales
|-boost|p2a: Ninetales|spa|2
|move|p1a: Charizard|Toxic|p2a: Ninetales
|-status|p2a: Ninetales|tox
|
|-weather|SunnyDay|[upkeep]
|-damage|p2a: Ninetales|95/100 tox|[from] psn
|upkeep
|turn|7
|c|☆CROAKED2020|youd be mad too
|c|☆CROAKED2020|you mispredicted
|
|switch|p1a: Vaporeon|Vaporeon, F, shiny|100/100
|move|p2a: Ninetales|Fire Blast|p1a: Vaporeon
|-resisted|p1a: Vaporeon
|-damage|p1a: Vaporeon|52/100
|
|-weather|SunnyDay|[upkeep]
|-heal|p1a: Vaporeon|58/100|[from] item: Leftovers
|-damage|p2a: Ninetales|83/100 tox|[from] psn
|upkeep
|turn|8
|
|switch|p2a: Rillaboom|Rillaboom, F|100/100
|-fieldstart|move: Grassy Terrain|[from] ability: Grassy Surge|[of] p2a: Rillaboom
|switch|p1a: Charizard|Charizard, F, shiny|100/100
|
|-weather|SunnyDay|[upkeep]
|upkeep
|turn|9
|inactive|dragon124 has 120 seconds left.
|
|move|p1a: Charizard|Flamethrower|p2a: Rillaboom
|-supereffective|p2a: Rillaboom
|-damage|p2a: Rillaboom|0 fnt
|faint|p2a: Rillaboom
|
|-weather|none
|upkeep
|
|switch|p2a: Porygon2|Porygon2|100/100
|-ability|p2a: Porygon2|Download|boost
|-boost|p2a: Porygon2|atk|1
|turn|10
|inactive|dragon124 has 120 seconds left.
|
|move|p1a: Charizard|Toxic|p2a: Porygon2
|-status|p2a: Porygon2|tox
|move|p2a: Porygon2|Discharge|p1a: Charizard
|-supereffective|p1a: Charizard
|-damage|p1a: Charizard|46/100
|
|-damage|p2a: Porygon2|94/100 tox|[from] psn
|upkeep
|turn|11
|
|move|p1a: Charizard|Roost|p1a: Charizard
|-heal|p1a: Charizard|97/100
|-singleturn|p1a: Charizard|move: Roost
|move|p2a: Porygon2|Tri Attack|p1a: Charizard
|-damage|p1a: Charizard|53/100
|
|-heal|p1a: Charizard|59/100|[from] Grassy Terrain
|-heal|p2a: Porygon2|100/100 tox|[from] Grassy Terrain
|-damage|p2a: Porygon2|88/100 tox|[from] psn
|upkeep
|turn|12
|inactive|dragon124 has 120 seconds left.
|
|move|p1a: Charizard|Roost|p1a: Charizard
|-heal|p1a: Charizard|100/100
|-singleturn|p1a: Charizard|move: Roost
|move|p2a: Porygon2|Teleport|p2a: Porygon2
|
|switch|p2a: Ninetales|Ninetales, M|83/100 tox|[from]move: Teleport
|-weather|SunnyDay|[from] ability: Drought|[of] p2a: Ninetales
|
|-weather|SunnyDay|[upkeep]
|-heal|p2a: Ninetales|89/100 tox|[from] Grassy Terrain
|-fieldend|move: Grassy Terrain
|-damage|p2a: Ninetales|83/100 tox|[from] psn
|upkeep
|turn|13
|inactive|dragon124 has 120 seconds left.
|
|move|p2a: Ninetales|Nasty Plot|p2a: Ninetales
|-boost|p2a: Ninetales|spa|2
|move|p1a: Charizard|Flamethrower|p2a: Ninetales
|-resisted|p2a: Ninetales
|-damage|p2a: Ninetales|51/100 tox
|
|-weather|SunnyDay|[upkeep]
|-damage|p2a: Ninetales|40/100 tox|[from] psn
|upkeep
|turn|14
|inactive|dragon124 has 120 seconds left.
|
|move|p2a: Ninetales|Fire Blast|p1a: Charizard
|-resisted|p1a: Charizard
|-damage|p1a: Charizard|35/100
|move|p1a: Charizard|Roost|p1a: Charizard
|-heal|p1a: Charizard|85/100
|-singleturn|p1a: Charizard|move: Roost
|
|-weather|SunnyDay|[upkeep]
|-damage|p2a: Ninetales|22/100 tox|[from] psn
|upkeep
|turn|15
|inactive|dragon124 has 120 seconds left.
|
|move|p2a: Ninetales|Fire Blast|p1a: Charizard
|-resisted|p1a: Charizard
|-damage|p1a: Charizard|21/100
|move|p1a: Charizard|Roost|p1a: Charizard
|-heal|p1a: Charizard|72/100
|-singleturn|p1a: Charizard|move: Roost
|
|-weather|SunnyDay|[upkeep]
|-damage|p2a: Ninetales|0 fnt|[from] psn
|faint|p2a: Ninetales
|upkeep
|inactive|dragon124 has 120 seconds left.
|c|☆CROAKED2020|bodied by a shitmon
|c|☆CROAKED2020|embarrassing
|
|switch|p2a: Passimian|Passimian, M|100/100
|turn|16
|inactive|dragon124 has 120 seconds left.
|c|☆dragon124|lol Charizard is one of the best pokemon in the tier
|inactive|dragon124 has 90 seconds left.
|
|switch|p1a: Toxicroak|Toxicroak, F, shiny|100/100
|move|p2a: Passimian|Close Combat|p1a: Toxicroak
|-resisted|p1a: Toxicroak
|-damage|p1a: Toxicroak|58/100
|-unboost|p2a: Passimian|def|1
|-unboost|p2a: Passimian|spd|1
|
|-weather|none
|upkeep
|turn|17
|inactive|dragon124 has 90 seconds left.
|
|switch|p2a: Porygon2|Porygon2|88/100 tox
|-ability|p2a: Porygon2|Download|boost
|-boost|p2a: Porygon2|spa|1
|move|p1a: Toxicroak|Low Kick|p2a: Porygon2
|-supereffective|p2a: Porygon2
|-damage|p2a: Porygon2|52/100 tox
|
|-damage|p2a: Porygon2|46/100 tox|[from] psn
|upkeep
|turn|18
|
|switch|p1a: Rillaboom|Rillaboom, F, shiny|100/100
|-fieldstart|move: Grassy Terrain|[from] ability: Grassy Surge|[of] p1a: Rillaboom
|move|p2a: Porygon2|Tri Attack|p1a: Rillaboom
|-damage|p1a: Rillaboom|27/100
|
|-heal|p1a: Rillaboom|33/100|[from] Grassy Terrain
|-heal|p2a: Porygon2|52/100 tox|[from] Grassy Terrain
|-damage|p2a: Porygon2|40/100 tox|[from] psn
|upkeep
|turn|19
|
|move|p1a: Rillaboom|Wood Hammer|p2a: Porygon2
|-damage|p2a: Porygon2|0 fnt
|-damage|p1a: Rillaboom|19/100|[from] Recoil
|faint|p2a: Porygon2
|
|-heal|p1a: Rillaboom|25/100|[from] Grassy Terrain
|upkeep
|
|switch|p2a: Passimian|Passimian, M|100/100
|turn|20
|
|switch|p1a: Charizard|Charizard, F, shiny|72/100
|move|p2a: Passimian|U-turn|p1a: Charizard
|-resisted|p1a: Charizard
|-damage|p1a: Charizard|65/100
|
|switch|p2a: Silvally|Silvally-Fairy|100/100|[from]move: U-turn
|
|upkeep
|turn|21
|inactive|dragon124 has 90 seconds left.
|
|move|p1a: Charizard|Roost|p1a: Charizard
|-heal|p1a: Charizard|100/100
|-singleturn|p1a: Charizard|move: Roost
|move|p2a: Silvally|Work Up|p2a: Silvally
|-boost|p2a: Silvally|atk|1
|-boost|p2a: Silvally|spa|1
|
|upkeep
|turn|22
|
|move|p1a: Charizard|Toxic|p2a: Silvally
|-status|p2a: Silvally|tox
|move|p2a: Silvally|Multi-Attack|p1a: Charizard
|-resisted|p1a: Charizard
|-damage|p1a: Charizard|57/100
|
|-fieldend|move: Grassy Terrain
|-damage|p2a: Silvally|94/100 tox|[from] psn
|upkeep
|turn|23
|
|move|p1a: Charizard|Roost|p1a: Charizard
|-heal|p1a: Charizard|100/100
|-singleturn|p1a: Charizard|move: Roost
|move|p2a: Silvally|Work Up|p2a: Silvally
|-boost|p2a: Silvally|atk|1
|-boost|p2a: Silvally|spa|1
|
|-damage|p2a: Silvally|82/100 tox|[from] psn
|upkeep
|turn|24
|
|move|p1a: Charizard|Flamethrower|p2a: Silvally
|-damage|p2a: Silvally|40/100 tox
|move|p2a: Silvally|Multi-Attack|p1a: Charizard
|-resisted|p1a: Charizard
|-damage|p1a: Charizard|43/100
|
|-damage|p2a: Silvally|22/100 tox|[from] psn
|upkeep
|turn|25
|
|move|p1a: Charizard|Roost|p1a: Charizard
|-heal|p1a: Charizard|93/100
|-singleturn|p1a: Charizard|move: Roost
|move|p2a: Silvally|Multi-Attack|p1a: Charizard
|-resisted|p1a: Charizard
|-damage|p1a: Charizard|36/100
|
|-damage|p2a: Silvally|0 fnt|[from] psn
|faint|p2a: Silvally
|upkeep
|
|switch|p2a: Passimian|Passimian, M|100/100
|turn|26
|
|move|p2a: Passimian|Close Combat|p1a: Charizard
|-resisted|p1a: Charizard
|-damage|p1a: Charizard|1/100
|-unboost|p2a: Passimian|def|1
|-unboost|p2a: Passimian|spd|1
|move|p1a: Charizard|Roost|p1a: Charizard
|-heal|p1a: Charizard|51/100
|-singleturn|p1a: Charizard|move: Roost
|
|upkeep
|turn|27
|
|move|p2a: Passimian|Close Combat|p1a: Charizard
|-resisted|p1a: Charizard
|-damage|p1a: Charizard|14/100
|-unboost|p2a: Passimian|def|1
|-unboost|p2a: Passimian|spd|1
|move|p1a: Charizard|Roost|p1a: Charizard
|-heal|p1a: Charizard|64/100
|-singleturn|p1a: Charizard|move: Roost
|
|upkeep
|turn|28
|
|move|p2a: Passimian|Close Combat|p1a: Charizard
|-resisted|p1a: Charizard
|-damage|p1a: Charizard|31/100
|-unboost|p2a: Passimian|def|1
|-unboost|p2a: Passimian|spd|1
|move|p1a: Charizard|Roost|p1a: Charizard
|-heal|p1a: Charizard|81/100
|-singleturn|p1a: Charizard|move: Roost
|
|upkeep
|turn|29
|
|move|p2a: Passimian|Close Combat|p1a: Charizard
|-resisted|p1a: Charizard
|-damage|p1a: Charizard|46/100
|-unboost|p2a: Passimian|def|1
|-unboost|p2a: Passimian|spd|1
|move|p1a: Charizard|Roost|p1a: Charizard
|-heal|p1a: Charizard|96/100
|-singleturn|p1a: Charizard|move: Roost
|
|upkeep
|turn|30
|
|move|p2a: Passimian|Close Combat|p1a: Charizard
|-resisted|p1a: Charizard
|-damage|p1a: Charizard|62/100
|-unboost|p2a: Passimian|def|1
|-unboost|p2a: Passimian|spd|1
|move|p1a: Charizard|Roost|p1a: Charizard
|-heal|p1a: Charizard|100/100
|-singleturn|p1a: Charizard|move: Roost
|
|upkeep
|turn|31
|
|move|p2a: Passimian|Close Combat|p1a: Charizard
|-resisted|p1a: Charizard
|-damage|p1a: Charizard|65/100
|-unboost|p2a: Passimian|def|1
|-unboost|p2a: Passimian|spd|1
|move|p1a: Charizard|Roost|p1a: Charizard
|-heal|p1a: Charizard|100/100
|-singleturn|p1a: Charizard|move: Roost
|
|upkeep
|turn|32
|
|move|p2a: Passimian|Close Combat|p1a: Charizard
|-resisted|p1a: Charizard
|-damage|p1a: Charizard|68/100
|move|p1a: Charizard|Roost|p1a: Charizard
|-heal|p1a: Charizard|100/100
|-singleturn|p1a: Charizard|move: Roost
|
|upkeep
|turn|33
|
|switch|p1a: Vaporeon|Vaporeon, F, shiny|58/100
|-activate|p2a: Passimian|move: Struggle
|move|p2a: Passimian|Struggle|p1a: Vaporeon
|-damage|p1a: Vaporeon|44/100
|-damage|p2a: Passimian|76/100|[from] recoil
|
|-heal|p1a: Vaporeon|50/100|[from] item: Leftovers
|upkeep
|turn|34
|
|switch|p1a: Steelix|Steelix, F, shiny|100/100
|-activate|p2a: Passimian|move: Struggle
|move|p2a: Passimian|Struggle|p1a: Steelix
|-damage|p1a: Steelix|92/100
|-damage|p2a: Passimian|51/100|[from] recoil
|
|-heal|p1a: Steelix|98/100|[from] item: Leftovers
|upkeep
|turn|35
|
|switch|p1a: Raichu|Raichu-Alola, F, shiny|100/100
|-activate|p2a: Passimian|move: Struggle
|move|p2a: Passimian|Struggle|p1a: Raichu
|-damage|p1a: Raichu|63/100
|-damage|p2a: Passimian|26/100|[from] recoil
|
|upkeep
|turn|36
|
|switch|p1a: Toxicroak|Toxicroak, F, shiny|58/100
|-activate|p2a: Passimian|move: Struggle
|move|p2a: Passimian|Struggle|p1a: Toxicroak
|-damage|p1a: Toxicroak|33/100
|-damage|p2a: Passimian|1/100|[from] recoil
|
|upkeep
|turn|37
|
|switch|p1a: Charizard|Charizard, F, shiny|100/100
|-activate|p2a: Passimian|move: Struggle
|move|p2a: Passimian|Struggle|p1a: Charizard
|-damage|p1a: Charizard|80/100
|-damage|p2a: Passimian|0 fnt|[from] recoil
|faint|p2a: Passimian
|
|win|CROAKED2020
