|j|☆Testinganteater
|j|☆Ho3nConfirm3d
|t:|1647449642
|gametype|singles
|player|p1|Testinganteater|juggler|1294
|player|p2|Ho3nConfirm3d|#ho3nconfirm3d|1633
|teamsize|p1|6
|teamsize|p2|6
|gen|8
|tier|[Gen 8] RU
|rated|
|rule|Sleep Clause Mod: Limit one foe put to sleep
|rule|Species Clause: Limit one of each Pokémon
|rule|OHKO Clause: OHKO moves are banned
|rule|Evasion Moves Clause: Evasion moves are banned
|rule|Endless Battle Clause: Forcing endless battles is banned
|rule|HP Percentage Mod: HP is shown in percentages
|rule|Dynamax Clause: You cannot dynamax
|clearpoke
|poke|p1|Entei|
|poke|p1|Flygon, M|
|poke|p1|Celebi|
|poke|p1|Registeel|
|poke|p1|Milotic, F|
|poke|p1|Weezing-Galar, M|
|poke|p2|Aurorus, F|
|poke|p2|Sandslash-Alola, F|
|poke|p2|Arctovish|
|poke|p2|Flygon, M|
|poke|p2|Doublade, M|
|poke|p2|Abomasnow, M|
|teampreview
|
|t:|1647449658
|start
|switch|p1a: Entei|Entei|100/100
|switch|p2a: Aurorus|Aurorus, F|100/100
|-ability|p1a: Entei|Pressure
|-weather|Hail|[from] ability: Snow Warning|[of] p2a: Aurorus
|turn|1
|
|t:|1647449665
|move|p1a: Entei|Protect|p1a: Entei
|-singleturn|p1a: Entei|Protect
|move|p2a: Aurorus|Earth Power|p1a: Entei
|-activate|p1a: Entei|move: Protect
|
|-weather|Hail|[upkeep]
|-damage|p1a: Entei|94/100|[from] Hail
|-heal|p1a: Entei|100/100|[from] item: Leftovers
|upkeep
|turn|2
|inactive|Battle timer is ON: inactive players will automatically lose when time's up. (requested by Ho3nConfirm3d)
|
|t:|1647449678
|switch|p1a: Milotic|Milotic, F|100/100
|move|p2a: Aurorus|Stealth Rock|p1a: Milotic
|-sidestart|p1: Testinganteater|move: Stealth Rock
|
|-weather|Hail|[upkeep]
|-damage|p1a: Milotic|94/100|[from] Hail
|-heal|p1a: Milotic|100/100|[from] item: Leftovers
|upkeep
|turn|3
|
|t:|1647449685
|move|p2a: Aurorus|Blizzard|p1a: Milotic
|-resisted|p1a: Milotic
|-damage|p1a: Milotic|81/100
|move|p1a: Milotic|Flip Turn|p2a: Aurorus
|-supereffective|p2a: Aurorus
|-damage|p2a: Aurorus|73/100
|
|t:|1647449690
|switch|p1a: Flygon|Flygon, M, shiny|100/100|[from]move: Flip Turn
|-damage|p1a: Flygon|94/100|[from] Stealth Rock
|
|-weather|Hail|[upkeep]
|-damage|p1a: Flygon|88/100|[from] Hail
|-heal|p1a: Flygon|94/100|[from] item: Leftovers
|upkeep
|turn|4
|inactive|Testinganteater has 120 seconds left.
|
|t:|1647449732
|switch|p1a: Milotic|Milotic, F|81/100
|-damage|p1a: Milotic|69/100|[from] Stealth Rock
|move|p2a: Aurorus|Blizzard|p1a: Milotic
|-resisted|p1a: Milotic
|-damage|p1a: Milotic|50/100
|
|-weather|Hail|[upkeep]
|-damage|p1a: Milotic|44/100|[from] Hail
|-heal|p1a: Milotic|50/100|[from] item: Leftovers
|upkeep
|turn|5
|
|t:|1647449739
|switch|p2a: Sandslash|Sandslash-Alola, F|100/100
|move|p1a: Milotic|Recover|p1a: Milotic
|-heal|p1a: Milotic|99/100
|
|-weather|none
|-heal|p1a: Milotic|100/100|[from] item: Leftovers
|upkeep
|turn|6
|inactive|Testinganteater has 120 seconds left.
|
|t:|1647449748
|move|p2a: Sandslash|Knock Off|p1a: Milotic
|-damage|p1a: Milotic|80/100
|-enditem|p1a: Milotic|Leftovers|[from] move: Knock Off|[of] p2a: Sandslash
|move|p1a: Milotic|Flip Turn|p2a: Sandslash
|-damage|p2a: Sandslash|87/100
|inactive|Testinganteater has 120 seconds left.
|
|t:|1647449773
|switch|p1a: Entei|Entei|100/100|[from]move: Flip Turn
|-damage|p1a: Entei|75/100|[from] Stealth Rock
|-ability|p1a: Entei|Pressure
|
|-heal|p1a: Entei|82/100|[from] item: Leftovers
|upkeep
|turn|7
|
|t:|1647449789
|switch|p2a: Aurorus|Aurorus, F|73/100
|-weather|Hail|[from] ability: Snow Warning|[of] p2a: Aurorus
|move|p1a: Entei|Lava Plume|p2a: Aurorus
|-damage|p2a: Aurorus|47/100
|
|-weather|Hail|[upkeep]
|-damage|p1a: Entei|75/100|[from] Hail
|-heal|p1a: Entei|82/100|[from] item: Leftovers
|upkeep
|turn|8
|
|t:|1647449796
|move|p1a: Entei|Protect|p1a: Entei
|-singleturn|p1a: Entei|Protect
|move|p2a: Aurorus|Earth Power|p1a: Entei
|-activate|p1a: Entei|move: Protect
|
|-weather|Hail|[upkeep]
|-damage|p1a: Entei|75/100|[from] Hail
|-heal|p1a: Entei|82/100|[from] item: Leftovers
|upkeep
|turn|9
|
|t:|1647449809
|move|p1a: Entei|Substitute|p1a: Entei
|-start|p1a: Entei|Substitute
|-damage|p1a: Entei|57/100
|move|p2a: Aurorus|Blizzard|p1a: Entei
|-resisted|p1a: Entei
|-end|p1a: Entei|Substitute
|
|-weather|Hail|[upkeep]
|-damage|p1a: Entei|50/100|[from] Hail
|-heal|p1a: Entei|57/100|[from] item: Leftovers
|upkeep
|turn|10
|
|t:|1647449822
|move|p1a: Entei|Protect|p1a: Entei
|-singleturn|p1a: Entei|Protect
|move|p2a: Aurorus|Stealth Rock||[still]
|-fail|p2a: Aurorus
|
|-weather|Hail|[upkeep]
|-damage|p1a: Entei|50/100|[from] Hail
|-heal|p1a: Entei|57/100|[from] item: Leftovers
|upkeep
|turn|11
|inactive|Testinganteater has 120 seconds left.
|
|t:|1647449832
|switch|p1a: Milotic|Milotic, F|80/100
|-damage|p1a: Milotic|67/100|[from] Stealth Rock
|move|p2a: Aurorus|Encore||[still]
|-fail|p2a: Aurorus
|
|-weather|none
|upkeep
|turn|12
|inactive|Testinganteater has 120 seconds left.
|
|t:|1647449843
|switch|p2a: Abomasnow|Abomasnow, M|100/100
|-weather|Hail|[from] ability: Snow Warning|[of] p2a: Abomasnow
|move|p1a: Milotic|Recover|p1a: Milotic
|-heal|p1a: Milotic|100/100
|
|-weather|Hail|[upkeep]
|-damage|p1a: Milotic|94/100|[from] Hail
|upkeep
|turn|13
|inactive|Testinganteater has 120 seconds left.
|
|t:|1647449857
|switch|p1a: Registeel|Registeel|100/100
|-damage|p1a: Registeel|94/100|[from] Stealth Rock
|move|p2a: Abomasnow|Swords Dance|p2a: Abomasnow
|-boost|p2a: Abomasnow|atk|2
|
|-weather|Hail|[upkeep]
|-damage|p1a: Registeel|88/100|[from] Hail
|-heal|p1a: Registeel|94/100|[from] item: Leftovers
|upkeep
|turn|14
|inactive|Testinganteater has 120 seconds left.
|
|t:|1647449868
|switch|p1a: Weezing|Weezing-Galar, M|100/100
|-damage|p1a: Weezing|88/100|[from] Stealth Rock
|move|p2a: Abomasnow|Earthquake|p1a: Weezing
|-immune|p1a: Weezing|[from] ability: Levitate
|
|-weather|Hail|[upkeep]
|-damage|p1a: Weezing|82/100|[from] Hail
|-heal|p1a: Weezing|88/100|[from] item: Black Sludge
|upkeep
|turn|15
|
|t:|1647449887
|switch|p2a: Aurorus|Aurorus, F|47/100
|move|p1a: Weezing|Sludge Bomb|p2a: Aurorus
|-resisted|p2a: Aurorus
|-damage|p2a: Aurorus|34/100
|
|-weather|Hail|[upkeep]
|-damage|p1a: Weezing|82/100|[from] Hail
|-heal|p1a: Weezing|88/100|[from] item: Black Sludge
|upkeep
|turn|16
|inactive|Testinganteater has 120 seconds left.
|
|t:|1647449924
|switch|p2a: Sandslash|Sandslash-Alola, F|87/100
|switch|p1a: Registeel|Registeel|94/100
|-damage|p1a: Registeel|88/100|[from] Stealth Rock
|
|-weather|Hail|[upkeep]
|-damage|p1a: Registeel|82/100|[from] Hail
|-heal|p1a: Registeel|88/100|[from] item: Leftovers
|upkeep
|turn|17
|inactive|Ho3nConfirm3d has 120 seconds left.
|inactive|Testinganteater has 90 seconds left.
|inactive|Ho3nConfirm3d has 90 seconds left.
|
|t:|1647449984
|move|p2a: Sandslash|Earthquake|p1a: Registeel
|-supereffective|p1a: Registeel
|-damage|p1a: Registeel|52/100
|move|p1a: Registeel|Stealth Rock|p2a: Sandslash
|-sidestart|p2: Ho3nConfirm3d|move: Stealth Rock
|
|-weather|Hail|[upkeep]
|-damage|p1a: Registeel|46/100|[from] Hail
|-heal|p1a: Registeel|52/100|[from] item: Leftovers
|upkeep
|turn|18
|
|t:|1647449991
|switch|p1a: Milotic|Milotic, F|94/100
|-damage|p1a: Milotic|82/100|[from] Stealth Rock
|move|p2a: Sandslash|Earthquake|p1a: Milotic
|-damage|p1a: Milotic|59/100
|
|-weather|Hail|[upkeep]
|-damage|p1a: Milotic|53/100|[from] Hail
|upkeep
|turn|19
|
|t:|1647449999
|move|p2a: Sandslash|Swords Dance|p2a: Sandslash
|-boost|p2a: Sandslash|atk|2
|move|p1a: Milotic|Recover|p1a: Milotic
|-heal|p1a: Milotic|100/100
|
|-weather|none
|upkeep
|turn|20
|
|t:|1647450003
|move|p2a: Sandslash|Earthquake|p1a: Milotic
|-damage|p1a: Milotic|55/100
|move|p1a: Milotic|Haze|p1a: Milotic
|-clearallboost
|
|upkeep
|turn|21
|inactive|Ho3nConfirm3d has 120 seconds left.
|
|t:|1647450016
|switch|p2a: Abomasnow|Abomasnow, M|100/100
|-damage|p2a: Abomasnow|76/100|[from] Stealth Rock
|-weather|Hail|[from] ability: Snow Warning|[of] p2a: Abomasnow
|move|p1a: Milotic|Recover|p1a: Milotic
|-heal|p1a: Milotic|100/100
|
|-weather|Hail|[upkeep]
|-damage|p1a: Milotic|94/100|[from] Hail
|upkeep
|turn|22
|
|t:|1647450022
|switch|p2a: Arctovish|Arctovish|100/100
|-damage|p2a: Arctovish|76/100|[from] Stealth Rock
|switch|p1a: Weezing|Weezing-Galar, M|88/100
|-damage|p1a: Weezing|76/100|[from] Stealth Rock
|
|-weather|Hail|[upkeep]
|-damage|p1a: Weezing|70/100|[from] Hail
|-heal|p1a: Weezing|76/100|[from] item: Black Sludge
|upkeep
|turn|23
|
|t:|1647450035
|switch|p1a: Celebi|Celebi|100/100
|move|p2a: Arctovish|Fishious Rend|p1a: Celebi
|-resisted|p1a: Celebi
|-damage|p1a: Celebi|45/100
|
|-weather|Hail|[upkeep]
|-damage|p1a: Celebi|39/100|[from] Hail
|upkeep
|turn|24
|inactive|Testinganteater has 120 seconds left.
|
|t:|1647450056
|move|p2a: Arctovish|Fishious Rend|p1a: Celebi
|-resisted|p1a: Celebi
|-damage|p1a: Celebi|0 fnt
|faint|p1a: Celebi
|
|-weather|Hail|[upkeep]
|upkeep
|inactive|Testinganteater has 120 seconds left.
|
|t:|1647450065
|switch|p1a: Milotic|Milotic, F|94/100
|-damage|p1a: Milotic|82/100|[from] Stealth Rock
|turn|25
|
|t:|1647450072
|move|p2a: Arctovish|Fishious Rend|p1a: Milotic
|-resisted|p1a: Milotic
|-damage|p1a: Milotic|42/100
|move|p1a: Milotic|Recover|p1a: Milotic
|-heal|p1a: Milotic|92/100
|
|-weather|Hail|[upkeep]
|-damage|p1a: Milotic|86/100|[from] Hail
|upkeep
|turn|26
|
|t:|1647450077
|move|p2a: Arctovish|Fishious Rend|p1a: Milotic
|-resisted|p1a: Milotic
|-damage|p1a: Milotic|44/100
|move|p1a: Milotic|Recover|p1a: Milotic
|-heal|p1a: Milotic|94/100
|
|-weather|Hail|[upkeep]
|-damage|p1a: Milotic|88/100|[from] Hail
|upkeep
|turn|27
|
|t:|1647450082
|move|p2a: Arctovish|Fishious Rend|p1a: Milotic
|-resisted|p1a: Milotic
|-damage|p1a: Milotic|45/100
|move|p1a: Milotic|Recover|p1a: Milotic
|-heal|p1a: Milotic|95/100
|
|-weather|Hail|[upkeep]
|-damage|p1a: Milotic|89/100|[from] Hail
|upkeep
|turn|28
|
|t:|1647450090
|move|p2a: Arctovish|Fishious Rend|p1a: Milotic
|-resisted|p1a: Milotic
|-damage|p1a: Milotic|49/100
|move|p1a: Milotic|Recover|p1a: Milotic
|-heal|p1a: Milotic|99/100
|
|-weather|none
|upkeep
|turn|29
|
|t:|1647450096
|switch|p2a: Aurorus|Aurorus, F|34/100
|-damage|p2a: Aurorus|9/100|[from] Stealth Rock
|-weather|Hail|[from] ability: Snow Warning|[of] p2a: Aurorus
|move|p1a: Milotic|Flip Turn|p2a: Aurorus
|-supereffective|p2a: Aurorus
|-damage|p2a: Aurorus|0 fnt
|faint|p2a: Aurorus
|
|t:|1647450108
|switch|p1a: Entei|Entei|57/100|[from]move: Flip Turn
|-damage|p1a: Entei|32/100|[from] Stealth Rock
|-ability|p1a: Entei|Pressure
|
|-weather|Hail|[upkeep]
|-damage|p1a: Entei|25/100|[from] Hail
|-heal|p1a: Entei|32/100|[from] item: Leftovers
|upkeep
|
|t:|1647450118
|switch|p2a: Sandslash|Sandslash-Alola, F|87/100
|-damage|p2a: Sandslash|75/100|[from] Stealth Rock
|turn|30
|
|t:|1647450123
|move|p2a: Sandslash|Swords Dance|p2a: Sandslash
|-boost|p2a: Sandslash|atk|2
|move|p1a: Entei|Lava Plume|p2a: Sandslash
|-supereffective|p2a: Sandslash
|-damage|p2a: Sandslash|0 fnt
|faint|p2a: Sandslash
|
|-weather|Hail|[upkeep]
|-damage|p1a: Entei|25/100|[from] Hail
|-heal|p1a: Entei|32/100|[from] item: Leftovers
|upkeep
|
|t:|1647450125
|switch|p2a: Arctovish|Arctovish|76/100
|-damage|p2a: Arctovish|51/100|[from] Stealth Rock
|turn|31
|
|t:|1647450129
|move|p1a: Entei|Protect|p1a: Entei
|-singleturn|p1a: Entei|Protect
|move|p2a: Arctovish|Fishious Rend|p1a: Entei
|-activate|p1a: Entei|move: Protect
|
|-weather|Hail|[upkeep]
|-damage|p1a: Entei|25/100|[from] Hail
|-heal|p1a: Entei|32/100|[from] item: Leftovers
|upkeep
|turn|32
|inactive|Testinganteater has 120 seconds left.
|
|t:|1647450173
|switch|p1a: Registeel|Registeel|52/100
|-damage|p1a: Registeel|46/100|[from] Stealth Rock
|move|p2a: Arctovish|Fishious Rend|p1a: Registeel
|-damage|p1a: Registeel|0 fnt
|faint|p1a: Registeel
|
|-weather|Hail|[upkeep]
|upkeep
|
|t:|1647450180
|switch|p1a: Milotic|Milotic, F|99/100
|-damage|p1a: Milotic|86/100|[from] Stealth Rock
|turn|33
|
|t:|1647450186
|switch|p2a: Flygon|Flygon, M|100/100
|-damage|p2a: Flygon|94/100|[from] Stealth Rock
|move|p1a: Milotic|Recover|p1a: Milotic
|-heal|p1a: Milotic|100/100
|
|-weather|none
|upkeep
|turn|34
|inactive|Testinganteater has 120 seconds left.
|
|t:|1647450204
|switch|p2a: Abomasnow|Abomasnow, M|76/100
|-damage|p2a: Abomasnow|51/100|[from] Stealth Rock
|-weather|Hail|[from] ability: Snow Warning|[of] p2a: Abomasnow
|switch|p1a: Weezing|Weezing-Galar, M|76/100
|-damage|p1a: Weezing|64/100|[from] Stealth Rock
|
|-weather|Hail|[upkeep]
|-damage|p1a: Weezing|58/100|[from] Hail
|-heal|p1a: Weezing|64/100|[from] item: Black Sludge
|upkeep
|turn|35
|inactive|Testinganteater has 120 seconds left.
|
|t:|1647450227
|switch|p2a: Doublade|Doublade, M|100/100
|-damage|p2a: Doublade|94/100|[from] Stealth Rock
|move|p1a: Weezing|Sludge Bomb|p2a: Doublade
|-immune|p2a: Doublade
|
|-weather|Hail|[upkeep]
|-damage|p1a: Weezing|58/100|[from] Hail
|-damage|p2a: Doublade|88/100|[from] Hail
|-heal|p1a: Weezing|64/100|[from] item: Black Sludge
|upkeep
|turn|36
|
|t:|1647450234
|move|p1a: Weezing|Corrosive Gas|p2a: Doublade
|-enditem|p2a: Doublade|Eviolite|[from] move: Corrosive Gas|[of] p1a: Weezing
|move|p2a: Doublade|Swords Dance|p2a: Doublade
|-boost|p2a: Doublade|atk|2
|
|-weather|Hail|[upkeep]
|-damage|p1a: Weezing|58/100|[from] Hail
|-damage|p2a: Doublade|82/100|[from] Hail
|-heal|p1a: Weezing|64/100|[from] item: Black Sludge
|upkeep
|turn|37
|inactive|Testinganteater has 90 seconds left.
|inactive|Testinganteater has 60 seconds left.
|
|t:|1647450298
|move|p1a: Weezing|Strange Steam|p2a: Doublade
|-resisted|p2a: Doublade
|-damage|p2a: Doublade|55/100
|move|p2a: Doublade|Shadow Claw|p1a: Weezing
|-damage|p1a: Weezing|21/100
|
|-weather|Hail|[upkeep]
|-damage|p1a: Weezing|15/100|[from] Hail
|-damage|p2a: Doublade|49/100|[from] Hail
|-heal|p1a: Weezing|21/100|[from] item: Black Sludge
|upkeep
|turn|38
|inactive|Testinganteater has 60 seconds left.
|
|t:|1647450311
|move|p2a: Doublade|Shadow Sneak|p1a: Weezing
|-damage|p1a: Weezing|0 fnt
|faint|p1a: Weezing
|
|-weather|Hail|[upkeep]
|-damage|p2a: Doublade|43/100|[from] Hail
|upkeep
|
|t:|1647450315
|switch|p1a: Flygon|Flygon, M, shiny|94/100
|-damage|p1a: Flygon|88/100|[from] Stealth Rock
|turn|39
|
|t:|1647450324
|move|p2a: Doublade|Shadow Sneak|p1a: Flygon
|-damage|p1a: Flygon|40/100
|move|p1a: Flygon|Earthquake|p2a: Doublade
|-supereffective|p2a: Doublade
|-damage|p2a: Doublade|0 fnt
|faint|p2a: Doublade
|
|-weather|Hail|[upkeep]
|-damage|p1a: Flygon|34/100|[from] Hail
|-heal|p1a: Flygon|40/100|[from] item: Leftovers
|upkeep
|
|t:|1647450327
|switch|p2a: Arctovish|Arctovish|51/100
|-damage|p2a: Arctovish|26/100|[from] Stealth Rock
|turn|40
|
|t:|1647450345
|move|p2a: Arctovish|Fishious Rend|p1a: Flygon
|-damage|p1a: Flygon|0 fnt
|faint|p1a: Flygon
|
|-weather|Hail|[upkeep]
|upkeep
|inactive|Testinganteater has 60 seconds left.
|
|t:|1647450382
|switch|p1a: Milotic|Milotic, F|100/100
|-damage|p1a: Milotic|88/100|[from] Stealth Rock
|turn|41
|inactive|Ho3nConfirm3d has 120 seconds left.
|
|t:|1647450414
|switch|p2a: Flygon|Flygon, M|94/100
|-damage|p2a: Flygon|88/100|[from] Stealth Rock
|move|p1a: Milotic|Scald|p2a: Flygon
|-damage|p2a: Flygon|56/100
|
|-weather|none
|upkeep
|turn|42
|
|t:|1647450431
|move|p2a: Flygon|Defog|p1a: Milotic
|-unboost|p1a: Milotic|evasion|1
|-sideend|p1: Testinganteater|Stealth Rock|[from] move: Defog|[of] p2a: Flygon
|-sideend|p2: Ho3nConfirm3d|Stealth Rock|[from] move: Defog|[of] p2a: Flygon
|move|p1a: Milotic|Flip Turn|p2a: Flygon
|-damage|p2a: Flygon|40/100
|-damage|p1a: Milotic|72/100|[from] item: Rocky Helmet|[of] p2a: Flygon
|
|t:|1647450434
|switch|p1a: Entei|Entei|32/100|[from]move: Flip Turn
|-ability|p1a: Entei|Pressure
|
|-heal|p1a: Entei|38/100|[from] item: Leftovers
|upkeep
|turn|43
|
|t:|1647450446
|move|p1a: Entei|Protect|p1a: Entei
|-singleturn|p1a: Entei|Protect
|move|p2a: Flygon|Roost|p2a: Flygon
|-heal|p2a: Flygon|90/100
|-singleturn|p2a: Flygon|move: Roost
|
|-heal|p1a: Entei|44/100|[from] item: Leftovers
|upkeep
|turn|44
|
|t:|1647450458
|move|p1a: Entei|Substitute|p1a: Entei
|-start|p1a: Entei|Substitute
|-damage|p1a: Entei|19/100
|move|p2a: Flygon|Earthquake|p1a: Entei
|-supereffective|p1a: Entei
|-end|p1a: Entei|Substitute
|
|-heal|p1a: Entei|25/100|[from] item: Leftovers
|upkeep
|turn|45
|
|t:|1647450464
|move|p1a: Entei|Protect|p1a: Entei
|-singleturn|p1a: Entei|Protect
|move|p2a: Flygon|Earthquake|p1a: Entei
|-activate|p1a: Entei|move: Protect
|
|-heal|p1a: Entei|31/100|[from] item: Leftovers
|upkeep
|turn|46
|
|t:|1647450468
|switch|p1a: Milotic|Milotic, F|72/100
|move|p2a: Flygon|U-turn|p1a: Milotic
|-damage|p1a: Milotic|58/100
|
|t:|1647450470
|switch|p2a: Abomasnow|Abomasnow, M|51/100|[from]move: U-turn
|-weather|Hail|[from] ability: Snow Warning|[of] p2a: Abomasnow
|
|-weather|Hail|[upkeep]
|-damage|p1a: Milotic|52/100|[from] Hail
|upkeep
|turn|47
|
|t:|1647450479
|move|p2a: Abomasnow|Wood Hammer|p1a: Milotic
|-supereffective|p1a: Milotic
|-damage|p1a: Milotic|0 fnt
|faint|p1a: Milotic
|-damage|p2a: Abomasnow|30/100|[from] Recoil
|
|-weather|Hail|[upkeep]
|upkeep
|
|t:|1647450483
|switch|p1a: Entei|Entei|31/100
|-ability|p1a: Entei|Pressure
|turn|48
|-message|Testinganteater forfeited.
|
|win|Ho3nConfirm3d
|raw|Testinganteater's rating: 1294 &rarr; <strong>1287</strong><br />(-7 for losing)
|raw|Ho3nConfirm3d's rating: 1617 &rarr; <strong>1622</strong><br />(+5 for winning)
|l|☆Testinganteater
||Ladder isn't responding, score probably updated but might not have (Request timeout).
