|j|☆DrizzleSwim
|j|☆benni2
|t:|1660759304
|gametype|singles
|player|p1|DrizzleSwim|102|1170
|player|p2|benni2|red|1422
|teamsize|p1|6
|teamsize|p2|6
|gen|8
|tier|[Gen 8] RU
|rated|
|rule|Sleep Clause Mod: Limit one foe put to sleep
|rule|Species Clause: Limit one of each Pokémon
|rule|OHKO Clause: OHKO moves are banned
|rule|Evasion Items Clause: Evasion items are banned
|rule|Evasion Moves Clause: Evasion moves are banned
|rule|Endless Battle Clause: Forcing endless battles is banned
|rule|HP Percentage Mod: HP is shown in percentages
|rule|Dynamax Clause: You cannot dynamax
|clearpoke
|poke|p1|Aurorus, F|
|poke|p1|Sandslash-Alola, F|
|poke|p1|Arctovish|
|poke|p1|Abomasnow, F|
|poke|p1|Sigilyph, M|
|poke|p1|Dhelmise|
|poke|p2|Reuniclus, F|
|poke|p2|Machamp, F|
|poke|p2|Porygon2|
|poke|p2|Crobat, M|
|poke|p2|Porygon-Z|
|poke|p2|Sharpedo, M|
|teampreview
|inactive|Battle timer is ON: inactive players will automatically lose when time's up. (requested by DrizzleSwim)
|
|t:|1660759324
|start
|switch|p1a: Aurorus|Aurorus, F|100/100
|switch|p2a: Porygon2|Porygon2|100/100
|-weather|Hail|[from] ability: Snow Warning|[of] p1a: Aurorus
|turn|1
|
|t:|1660759332
|move|p1a: Aurorus|Stealth Rock|p2a: Porygon2
|-sidestart|p2: benni2|move: Stealth Rock
|move|p2a: Porygon2|Shadow Ball|p1a: Aurorus
|-damage|p1a: Aurorus|66/100
|
|-weather|Hail|[upkeep]
|-damage|p2a: Porygon2|94/100|[from] Hail
|upkeep
|turn|2
|
|t:|1660759340
|move|p1a: Aurorus|Blizzard|p2a: Porygon2
|-damage|p2a: Porygon2|64/100
|move|p2a: Porygon2|Shadow Ball|p1a: Aurorus
|-damage|p1a: Aurorus|33/100
|
|-weather|Hail|[upkeep]
|-damage|p2a: Porygon2|58/100|[from] Hail
|upkeep
|turn|3
|
|t:|1660759350
|switch|p1a: Arctovish|Arctovish|100/100
|move|p2a: Porygon2|Shadow Ball|p1a: Arctovish
|-damage|p1a: Arctovish|61/100
|
|-weather|Hail|[upkeep]
|-damage|p2a: Porygon2|52/100|[from] Hail
|upkeep
|turn|4
|
|t:|1660759357
|move|p1a: Arctovish|Fishious Rend|p2a: Porygon2
|-damage|p2a: Porygon2|0 fnt
|faint|p2a: Porygon2
|
|-weather|Hail|[upkeep]
|upkeep
|
|t:|1660759365
|switch|p2a: Machamp|Machamp, F|100/100
|-damage|p2a: Machamp|94/100|[from] Stealth Rock
|turn|5
|
|t:|1660759372
|move|p1a: Arctovish|Fishious Rend|p2a: Machamp
|-damage|p2a: Machamp|0 fnt
|faint|p2a: Machamp
|
|-weather|none
|upkeep
|
|t:|1660759387
|switch|p2a: Porygon-Z|Porygon-Z|100/100
|-damage|p2a: Porygon-Z|88/100|[from] Stealth Rock
|turn|6
|
|t:|1660759394
|switch|p1a: Aurorus|Aurorus, F|33/100
|-weather|Hail|[from] ability: Snow Warning|[of] p1a: Aurorus
|move|p2a: Porygon-Z|Tri Attack|p1a: Aurorus
|-resisted|p1a: Aurorus
|-damage|p1a: Aurorus|4/100
|
|-weather|Hail|[upkeep]
|-damage|p2a: Porygon-Z|82/100|[from] Hail
|upkeep
|turn|7
|
|t:|1660759407
|switch|p2a: Sharpedo|Sharpedo, M|100/100
|-damage|p2a: Sharpedo|88/100|[from] Stealth Rock
|move|p1a: Aurorus|Blizzard|p2a: Sharpedo
|-resisted|p2a: Sharpedo
|-damage|p2a: Sharpedo|25/100
|
|-weather|Hail|[upkeep]
|-damage|p2a: Sharpedo|19/100|[from] Hail
|upkeep
|turn|8
|
|t:|1660759417
|move|p2a: Sharpedo|Crunch|p1a: Aurorus
|-damage|p1a: Aurorus|0 fnt
|faint|p1a: Aurorus
|
|-weather|Hail|[upkeep]
|-damage|p2a: Sharpedo|13/100|[from] Hail
|-ability|p2a: Sharpedo|Speed Boost|boost
|-boost|p2a: Sharpedo|spe|1
|upkeep
|
|t:|1660759427
|switch|p1a: Abomasnow|Abomasnow, F|100/100
|turn|9
|
|t:|1660759431
|move|p1a: Abomasnow|Ice Shard|p2a: Sharpedo
|-resisted|p2a: Sharpedo
|-damage|p2a: Sharpedo|0 fnt
|faint|p2a: Sharpedo
|
|-weather|Hail|[upkeep]
|upkeep
|
|t:|1660759442
|switch|p2a: Crobat|Crobat, M|100/100
|-damage|p2a: Crobat|75/100|[from] Stealth Rock
|turn|10
|
|t:|1660759451
|switch|p1a: Dhelmise|Dhelmise|100/100
|move|p2a: Crobat|Heat Wave|p1a: Dhelmise
|-supereffective|p1a: Dhelmise
|-damage|p1a: Dhelmise|54/100
|
|-weather|none
|upkeep
|turn|11
|
|t:|1660759462
|move|p2a: Crobat|Sludge Bomb|p1a: Dhelmise
|-damage|p1a: Dhelmise|20/100
|move|p1a: Dhelmise|Poltergeist|p2a: Crobat
|-activate|p2a: Crobat|move: Poltergeist|Wide Lens
|-damage|p2a: Crobat|0 fnt
|faint|p2a: Crobat
|
|upkeep
|
|t:|1660759471
|switch|p2a: Porygon-Z|Porygon-Z|82/100
|-damage|p2a: Porygon-Z|70/100|[from] Stealth Rock
|turn|12
|
|t:|1660759475
|switch|p1a: Abomasnow|Abomasnow, F|100/100
|-weather|Hail|[from] ability: Snow Warning|[of] p1a: Abomasnow
|move|p2a: Porygon-Z|Shadow Ball|p1a: Abomasnow
|-damage|p1a: Abomasnow|65/100
|
|-weather|Hail|[upkeep]
|-damage|p2a: Porygon-Z|63/100|[from] Hail
|upkeep
|turn|13
|
|t:|1660759484
|switch|p2a: Reuniclus|Reuniclus, F|100/100
|-damage|p2a: Reuniclus|88/100|[from] Stealth Rock
|move|p1a: Abomasnow|Swords Dance|p1a: Abomasnow
|-boost|p1a: Abomasnow|atk|2
|
|-weather|Hail|[upkeep]
|-damage|p2a: Reuniclus|82/100|[from] Hail
|upkeep
|turn|14
|
|t:|1660759495
|move|p1a: Abomasnow|Wood Hammer|p2a: Reuniclus
|-damage|p2a: Reuniclus|0 fnt
|faint|p2a: Reuniclus
|-damage|p1a: Abomasnow|29/100|[from] Recoil
|
|-weather|Hail|[upkeep]
|upkeep
|
|t:|1660759503
|switch|p2a: Porygon-Z|Porygon-Z|63/100
|-damage|p2a: Porygon-Z|51/100|[from] Stealth Rock
|turn|15
|
|t:|1660759511
|move|p1a: Abomasnow|Ice Shard|p2a: Porygon-Z
|-damage|p2a: Porygon-Z|3/100
|move|p2a: Porygon-Z|Tri Attack|p1a: Abomasnow
|-damage|p1a: Abomasnow|0 fnt
|faint|p1a: Abomasnow
|
|-weather|Hail|[upkeep]
|-damage|p2a: Porygon-Z|0 fnt|[from] Hail
|faint|p2a: Porygon-Z
|
|win|DrizzleSwim
|upkeep
|raw|DrizzleSwim's rating: 1170 &rarr; <strong>1211</strong><br />(+41 for winning)
|raw|benni2's rating: 1422 &rarr; <strong>1390</strong><br />(-32 for losing)
|l|☆benni2
