|j|☆TTesTTs
|j|☆Testinganteater
|t:|1657640485
|gametype|singles
|player|p1|TTesTTs|plasmagrunt-gen5bw|1145
|player|p2|Testinganteater|170|1205
|teamsize|p1|6
|teamsize|p2|6
|gen|8
|tier|[Gen 8] RU
|rated|
|rule|Sleep Clause Mod: Limit one foe put to sleep
|rule|Species Clause: Limit one of each Pokémon
|rule|OHKO Clause: OHKO moves are banned
|rule|Evasion Moves Clause: Evasion moves are banned
|rule|Endless Battle Clause: Forcing endless battles is banned
|rule|HP Percentage Mod: HP is shown in percentages
|rule|Dynamax Clause: You cannot dynamax
|clearpoke
|poke|p1|Sandslash-Alola, F|
|poke|p1|Aurorus, M|
|poke|p1|Crobat, F|
|poke|p1|Abomasnow, M|
|poke|p1|Arctovish|
|poke|p1|Raikou|
|poke|p2|Aerodactyl, M|
|poke|p2|Celebi|
|poke|p2|Milotic, F|
|poke|p2|Heracross, M|
|poke|p2|Steelix, M|
|poke|p2|Weezing-Galar, M|
|teampreview
|
|t:|1657640503
|start
|switch|p1a: Aurorus|Aurorus, M, shiny|100/100
|switch|p2a: Heracross|Heracross, M|100/100
|-weather|Hail|[from] ability: Snow Warning|[of] p1a: Aurorus
|turn|1
|
|t:|1657640513
|switch|p1a: Crobat|Crobat, F|100/100
|move|p2a: Heracross|Knock Off|p1a: Crobat
|-damage|p1a: Crobat|56/100
|-enditem|p1a: Crobat|Heavy-Duty Boots|[from] move: Knock Off|[of] p2a: Heracross
|
|-weather|Hail|[upkeep]
|-damage|p2a: Heracross|95/100|[from] Hail
|-damage|p1a: Crobat|50/100|[from] Hail
|upkeep
|turn|2
|
|t:|1657640544
|switch|p2a: Aerodactyl|Aerodactyl, M|100/100
|-ability|p2a: Aerodactyl|Unnerve
|move|p1a: Crobat|Roost|p1a: Crobat
|-heal|p1a: Crobat|99/100
|-singleturn|p1a: Crobat|move: Roost
|
|-weather|Hail|[upkeep]
|-damage|p1a: Crobat|94/100|[from] Hail
|-damage|p2a: Aerodactyl|95/100|[from] Hail
|upkeep
|turn|3
|inactive|Battle timer is ON: inactive players will automatically lose when time's up. (requested by TTesTTs)
|
|t:|1657640562
|move|p1a: Crobat|U-turn|p2a: Aerodactyl
|-resisted|p2a: Aerodactyl
|-damage|p2a: Aerodactyl|80/100
|
|t:|1657640570
|switch|p1a: Sandslash|Sandslash-Alola, F|100/100|[from]move: U-turn
|move|p2a: Aerodactyl|Dragon Dance|p2a: Aerodactyl
|-boost|p2a: Aerodactyl|atk|1
|-boost|p2a: Aerodactyl|spe|1
|
|-weather|Hail|[upkeep]
|-damage|p2a: Aerodactyl|74/100|[from] Hail
|upkeep
|turn|4
|
|t:|1657640586
|switch|p2a: Milotic|Milotic, F|100/100
|move|p1a: Sandslash|Triple Axel|p2a: Milotic
|-resisted|p2a: Milotic
|-damage|p2a: Milotic|97/100
|-resisted|p2a: Milotic
|-damage|p2a: Milotic|90/100
|-resisted|p2a: Milotic
|-damage|p2a: Milotic|78/100
|-hitcount|p2a: Milotic|3
|
|-weather|Hail|[upkeep]
|-damage|p2a: Milotic|72/100|[from] Hail
|upkeep
|turn|5
|
|t:|1657640604
|switch|p1a: Raikou|Raikou|100/100
|move|p2a: Milotic|Scald|p1a: Raikou
|-damage|p1a: Raikou|72/100
|-status|p1a: Raikou|brn
|
|-weather|Hail|[upkeep]
|-damage|p1a: Raikou|66/100 brn|[from] Hail
|-damage|p2a: Milotic|66/100|[from] Hail
|-damage|p1a: Raikou|60/100 brn|[from] brn
|upkeep
|turn|6
|
|t:|1657640617
|switch|p2a: Celebi|Celebi|100/100
|move|p1a: Raikou|Weather Ball|p2a: Celebi
|-supereffective|p2a: Celebi
|-damage|p2a: Celebi|32/100
|
|-weather|Hail|[upkeep]
|-damage|p1a: Raikou|53/100 brn|[from] Hail
|-damage|p2a: Celebi|26/100|[from] Hail
|-damage|p1a: Raikou|47/100 brn|[from] brn
|upkeep
|turn|7
|
|t:|1657640633
|move|p1a: Raikou|Weather Ball|p2a: Celebi
|-supereffective|p2a: Celebi
|-damage|p2a: Celebi|0 fnt
|faint|p2a: Celebi
|
|-weather|Hail|[upkeep]
|-damage|p1a: Raikou|41/100 brn|[from] Hail
|-damage|p1a: Raikou|35/100 brn|[from] brn
|upkeep
|
|t:|1657640636
|switch|p2a: Heracross|Heracross, M|95/100
|turn|8
|
|t:|1657640647
|move|p1a: Raikou|Weather Ball|p2a: Heracross
|-damage|p2a: Heracross|55/100
|move|p2a: Heracross|Stone Edge|p1a: Raikou
|-damage|p1a: Raikou|0 fnt
|faint|p1a: Raikou
|-ability|p2a: Heracross|Moxie|boost
|-boost|p2a: Heracross|atk|1
|
|-weather|none
|upkeep
|
|t:|1657640658
|switch|p1a: Abomasnow|Abomasnow, M, shiny|100/100
|-weather|Hail|[from] ability: Snow Warning|[of] p1a: Abomasnow
|turn|9
|
|t:|1657640665
|move|p1a: Abomasnow|Ice Shard|p2a: Heracross
|-damage|p2a: Heracross|29/100
|move|p2a: Heracross|Stone Edge|p1a: Abomasnow
|-supereffective|p1a: Abomasnow
|-damage|p1a: Abomasnow|0 fnt
|faint|p1a: Abomasnow
|-ability|p2a: Heracross|Moxie|boost
|-boost|p2a: Heracross|atk|1
|
|-weather|Hail|[upkeep]
|-damage|p2a: Heracross|23/100|[from] Hail
|upkeep
|
|t:|1657640668
|switch|p1a: Sandslash|Sandslash-Alola, F|100/100
|turn|10
|
|t:|1657640681
|switch|p2a: Weezing|Weezing-Galar, M|100/100
|-ability|p2a: Weezing|Neutralizing Gas
|move|p1a: Sandslash|Swords Dance|p1a: Sandslash
|-boost|p1a: Sandslash|atk|2
|
|-weather|Hail|[upkeep]
|-damage|p2a: Weezing|95/100|[from] Hail
|-heal|p2a: Weezing|100/100|[from] item: Black Sludge
|upkeep
|turn|11
|
|t:|1657640693
|move|p1a: Sandslash|Iron Head|p2a: Weezing
|-supereffective|p2a: Weezing
|-damage|p2a: Weezing|9/100
|cant|p2a: Weezing|flinch
|
|-weather|Hail|[upkeep]
|-damage|p2a: Weezing|3/100|[from] Hail
|-heal|p2a: Weezing|9/100|[from] item: Black Sludge
|upkeep
|turn|12
|
|t:|1657640702
|move|p1a: Sandslash|Iron Head|p2a: Weezing
|-supereffective|p2a: Weezing
|-damage|p2a: Weezing|0 fnt
|faint|p2a: Weezing
|-end|p2a: Weezing|ability: Neutralizing Gas
|
|-weather|Hail|[upkeep]
|upkeep
|
|t:|1657640716
|switch|p2a: Milotic|Milotic, F|66/100
|turn|13
|
|t:|1657640719
|move|p1a: Sandslash|Earthquake|p2a: Milotic
|-damage|p2a: Milotic|19/100
|move|p2a: Milotic|Recover|p2a: Milotic
|-heal|p2a: Milotic|69/100
|
|-weather|Hail|[upkeep]
|-damage|p2a: Milotic|63/100|[from] Hail
|upkeep
|turn|14
|
|t:|1657640733
|move|p1a: Sandslash|Swords Dance|p1a: Sandslash
|-boost|p1a: Sandslash|atk|2
|move|p2a: Milotic|Recover|p2a: Milotic
|-heal|p2a: Milotic|100/100
|
|-weather|Hail|[upkeep]
|-damage|p2a: Milotic|94/100|[from] Hail
|upkeep
|turn|15
|
|t:|1657640745
|move|p1a: Sandslash|Earthquake|p2a: Milotic
|-damage|p2a: Milotic|29/100
|move|p2a: Milotic|Recover|p2a: Milotic
|-heal|p2a: Milotic|79/100
|
|-weather|Hail|[upkeep]
|-damage|p2a: Milotic|73/100|[from] Hail
|upkeep
|turn|16
|
|t:|1657640754
|switch|p2a: Aerodactyl|Aerodactyl, M|74/100
|-ability|p2a: Aerodactyl|Unnerve
|move|p1a: Sandslash|Swords Dance|p1a: Sandslash
|-boost|p1a: Sandslash|atk|2
|
|-weather|none
|upkeep
|turn|17
|
|t:|1657640764
|move|p2a: Aerodactyl|Earthquake|p1a: Sandslash
|-supereffective|p1a: Sandslash
|-damage|p1a: Sandslash|33/100
|move|p1a: Sandslash|Triple Axel|p2a: Aerodactyl
|-supereffective|p2a: Aerodactyl
|-damage|p2a: Aerodactyl|0 fnt
|faint|p2a: Aerodactyl
|-hitcount|p2: Aerodactyl|1
|
|upkeep
|
|t:|1657640770
|switch|p2a: Heracross|Heracross, M|23/100
|turn|18
|
|t:|1657640776
|switch|p1a: Aurorus|Aurorus, M, shiny|100/100
|-weather|Hail|[from] ability: Snow Warning|[of] p1a: Aurorus
|move|p2a: Heracross|Close Combat|p1a: Aurorus
|-supereffective|p1a: Aurorus
|-crit|p1a: Aurorus
|-damage|p1a: Aurorus|0 fnt
|-unboost|p2a: Heracross|def|1
|-unboost|p2a: Heracross|spd|1
|faint|p1a: Aurorus
|-ability|p2a: Heracross|Moxie|boost
|-boost|p2a: Heracross|atk|1
|
|-weather|Hail|[upkeep]
|-damage|p2a: Heracross|17/100|[from] Hail
|upkeep
|
|t:|1657640791
|switch|p1a: Sandslash|Sandslash-Alola, F|33/100
|turn|19
|
|t:|1657640802
|switch|p2a: Steelix|Steelix, M|100/100
|move|p1a: Sandslash|Earthquake|p2a: Steelix
|-supereffective|p2a: Steelix
|-damage|p2a: Steelix|72/100
|
|-weather|Hail|[upkeep]
|-damage|p2a: Steelix|66/100|[from] Hail
|-heal|p2a: Steelix|72/100|[from] item: Leftovers
|upkeep
|turn|20
|
|t:|1657640820
|move|p1a: Sandslash|Triple Axel|p2a: Steelix
|-damage|p2a: Steelix|67/100
|-hitcount|p2a: Steelix|1
|move|p2a: Steelix|Earthquake|p1a: Sandslash
|-supereffective|p1a: Sandslash
|-damage|p1a: Sandslash|0 fnt
|faint|p1a: Sandslash
|
|-weather|Hail|[upkeep]
|-damage|p2a: Steelix|61/100|[from] Hail
|-heal|p2a: Steelix|67/100|[from] item: Leftovers
|upkeep
|
|t:|1657640834
|switch|p1a: Arctovish|Arctovish|100/100
|turn|21
|
|t:|1657640843
|switch|p2a: Milotic|Milotic, F|73/100
|move|p1a: Arctovish|Fishious Rend|p2a: Milotic
|-resisted|p2a: Milotic
|-damage|p2a: Milotic|35/100
|-damage|p1a: Arctovish|91/100|[from] item: Life Orb
|
|-weather|Hail|[upkeep]
|-damage|p2a: Milotic|29/100|[from] Hail
|upkeep
|turn|22
|c|☆TTesTTs|Damn 1% miss chance on triple axle
|c|☆TTesTTs|Gg
|c|☆Testinganteater|Gg
|inactive|Testinganteater has 120 seconds left.
|c|☆Testinganteater|and why u complaining over miss that doesn’t matter
|c|☆TTesTTs|I like your aerodactal
|c|☆Testinganteater|Thanks
|c|☆TTesTTs|True
|
|t:|1657640888
|move|p1a: Arctovish|Freeze-Dry|p2a: Milotic
|-supereffective|p2a: Milotic
|-damage|p2a: Milotic|0 fnt
|faint|p2a: Milotic
|-damage|p1a: Arctovish|81/100|[from] item: Life Orb
|
|-weather|Hail|[upkeep]
|upkeep
|c|☆TTesTTs|Just rare lol
|
|t:|1657640893
|switch|p2a: Heracross|Heracross, M|17/100
|turn|23
|
|t:|1657640898
|move|p1a: Arctovish|Fishious Rend|p2a: Heracross
|-crit|p2a: Heracross
|-damage|p2a: Heracross|0 fnt
|faint|p2a: Heracross
|-damage|p1a: Arctovish|71/100|[from] item: Life Orb
|
|-weather|Hail|[upkeep]
|upkeep
|
|t:|1657640904
|switch|p2a: Steelix|Steelix, M|67/100
|turn|24
|
|t:|1657640907
|move|p1a: Arctovish|Fishious Rend|p2a: Steelix
|-supereffective|p2a: Steelix
|-damage|p2a: Steelix|0 fnt
|faint|p2a: Steelix
|-damage|p1a: Arctovish|61/100|[from] item: Life Orb
|
|win|TTesTTs
|raw|TTesTTs's rating: 1145 &rarr; <strong>1174</strong><br />(+29 for winning)
|raw|Testinganteater's rating: 1205 &rarr; <strong>1176</strong><br />(-29 for losing)
|l|☆Testinganteater
||Ladder isn't responding, score probably updated but might not have (Request timeout).
