|j|☆Aurelius Victorius
|j|☆Raclette explosive
|t:|1632159409
|gametype|singles
|player|p1|Aurelius Victorius|gambler|1320
|player|p2|Raclette explosive|mina|1434
|teamsize|p1|6
|teamsize|p2|6
|gen|8
|tier|[Gen 8] RU
|rated|
|rule|Sleep Clause Mod: Limit one foe put to sleep
|rule|Species Clause: Limit one of each Pokémon
|rule|OHKO Clause: OHKO moves are banned
|rule|Evasion Moves Clause: Evasion moves are banned
|rule|Endless Battle Clause: Forcing endless battles is banned
|rule|HP Percentage Mod: HP is shown in percentages
|rule|Dynamax Clause: You cannot dynamax
|clearpoke
|poke|p1|Diancie|
|poke|p1|Hitmontop, M|
|poke|p1|Entei|
|poke|p1|Flygon, M|
|poke|p1|Obstagoon, F|
|poke|p1|Roserade, M|
|poke|p2|Pangoro, M|
|poke|p2|Rotom|
|poke|p2|Lucario, F|
|poke|p2|Seismitoad, F|
|poke|p2|Tsareena, F|
|poke|p2|Klefki, F|
|teampreview
|
|t:|1632159424
|start
|switch|p1a: Roserade|Roserade, M|100/100
|switch|p2a: Seismitoad|Seismitoad, F|100/100
|turn|1
|inactive|Battle timer is ON: inactive players will automatically lose when time's up. (requested by Raclette explosive)
|
|t:|1632159443
|switch|p2a: Tsareena|Tsareena, F|100/100
|move|p1a: Roserade|Spikes|p2a: Tsareena
|-sidestart|p2: Raclette explosive|Spikes
|
|upkeep
|turn|2
|
|t:|1632159449
|move|p2a: Tsareena|Triple Axel|p1a: Roserade
|-supereffective|p1a: Roserade
|-damage|p1a: Roserade|74/100
|-supereffective|p1a: Roserade
|-damage|p1a: Roserade|27/100
|-supereffective|p1a: Roserade
|-damage|p1a: Roserade|0 fnt
|faint|p1a: Roserade
|-hitcount|p1: Roserade|3
|
|upkeep
|
|t:|1632159453
|switch|p1a: Entei|Entei|100/100
|-ability|p1a: Entei|Pressure
|turn|3
|
|t:|1632159469
|move|p2a: Tsareena|Triple Axel|p1a: Entei
|-resisted|p1a: Entei
|-damage|p1a: Entei|97/100
|-resisted|p1a: Entei
|-damage|p1a: Entei|90/100
|-resisted|p1a: Entei
|-damage|p1a: Entei|79/100
|-hitcount|p1a: Entei|3
|move|p1a: Entei|Sacred Fire|p2a: Tsareena
|-supereffective|p2a: Tsareena
|-damage|p2a: Tsareena|0 fnt
|faint|p2a: Tsareena
|
|upkeep
|
|t:|1632159475
|switch|p2a: Seismitoad|Seismitoad, F|100/100
|-damage|p2a: Seismitoad|88/100|[from] Spikes
|turn|4
|
|t:|1632159483
|move|p1a: Entei|Sacred Fire|p2a: Seismitoad
|-resisted|p2a: Seismitoad
|-damage|p2a: Seismitoad|53/100
|-status|p2a: Seismitoad|brn
|move|p2a: Seismitoad|Stealth Rock|p1a: Entei
|-sidestart|p1: Aurelius Victorius|move: Stealth Rock
|
|-heal|p2a: Seismitoad|59/100 brn|[from] item: Leftovers
|-damage|p2a: Seismitoad|53/100 brn|[from] brn
|upkeep
|turn|5
|
|t:|1632159493
|switch|p1a: Hitmontop|Hitmontop, M|100/100
|move|p2a: Seismitoad|Earth Power|p1a: Hitmontop
|-damage|p1a: Hitmontop|73/100
|
|-heal|p2a: Seismitoad|59/100 brn|[from] item: Leftovers
|-damage|p2a: Seismitoad|53/100 brn|[from] brn
|upkeep
|turn|6
|
|t:|1632159508
|switch|p2a: Rotom|Rotom|100/100
|move|p1a: Hitmontop|Triple Axel|p2a: Rotom
|-damage|p2a: Rotom|87/100
|-damage|p2a: Rotom|57/100
|-damage|p2a: Rotom|17/100
|-hitcount|p2a: Rotom|3
|
|upkeep
|turn|7
|
|t:|1632159523
|move|p2a: Rotom|Will-O-Wisp|p1a: Hitmontop|[miss]
|-miss|p2a: Rotom|p1a: Hitmontop
|move|p1a: Hitmontop|Triple Axel|p2a: Rotom
|-damage|p2a: Rotom|1/100
|-damage|p2a: Rotom|0 fnt
|faint|p2a: Rotom
|-hitcount|p2: Rotom|2
|
|upkeep
|
|t:|1632159534
|switch|p2a: Pangoro|Pangoro, M|100/100
|-damage|p2a: Pangoro|88/100|[from] Spikes
|-ability|p2a: Pangoro|Mold Breaker
|turn|8
|
|t:|1632159540
|move|p1a: Hitmontop|Mach Punch|p2a: Pangoro
|-supereffective|p2a: Pangoro
|-damage|p2a: Pangoro|15/100
|move|p2a: Pangoro|Close Combat|p1a: Hitmontop
|-damage|p1a: Hitmontop|0 fnt
|-unboost|p2a: Pangoro|def|1
|-unboost|p2a: Pangoro|spd|1
|faint|p1a: Hitmontop
|
|upkeep
|
|t:|1632159550
|switch|p1a: Flygon|Flygon, M|100/100
|-damage|p1a: Flygon|95/100|[from] Stealth Rock
|turn|9
|
|t:|1632159576
|move|p1a: Flygon|U-turn|p2a: Pangoro
|-damage|p2a: Pangoro|0 fnt
|faint|p2a: Pangoro
|
|t:|1632159604
|switch|p1a: Obstagoon|Obstagoon, F|100/100|[from]move: U-turn
|-damage|p1a: Obstagoon|88/100|[from] Stealth Rock
|
|-status|p1a: Obstagoon|brn|[from] item: Flame Orb
|upkeep
|
|t:|1632159619
|switch|p2a: Klefki|Klefki, F|100/100
|-damage|p2a: Klefki|88/100|[from] Spikes
|turn|10
|inactive|Aurelius Victorius has 120 seconds left.
|inactive|Raclette explosive has 120 seconds left.
|
|t:|1632159650
|move|p1a: Obstagoon|Close Combat|p2a: Klefki
|-damage|p2a: Klefki|46/100
|-unboost|p1a: Obstagoon|def|1
|-unboost|p1a: Obstagoon|spd|1
|move|p2a: Klefki|Dazzling Gleam|p1a: Obstagoon
|-supereffective|p1a: Obstagoon
|-damage|p1a: Obstagoon|4/100 brn
|
|-heal|p2a: Klefki|52/100|[from] item: Leftovers
|-damage|p1a: Obstagoon|0 fnt|[from] brn
|faint|p1a: Obstagoon
|upkeep
|
|t:|1632159655
|switch|p1a: Entei|Entei|79/100
|-damage|p1a: Entei|54/100|[from] Stealth Rock
|-ability|p1a: Entei|Pressure
|turn|11
|inactive|Raclette explosive has 120 seconds left.
|
|t:|1632159666
|move|p2a: Klefki|Thunder Wave|p1a: Entei
|-status|p1a: Entei|par
|cant|p1a: Entei|par
|
|-heal|p2a: Klefki|58/100|[from] item: Leftovers
|upkeep
|turn|12
|inactive|Raclette explosive has 120 seconds left.
|
|t:|1632159688
|move|p2a: Klefki|Spikes|p1a: Entei
|-sidestart|p1: Aurelius Victorius|Spikes
|move|p1a: Entei|Sacred Fire|p2a: Klefki
|-supereffective|p2a: Klefki
|-damage|p2a: Klefki|0 fnt
|faint|p2a: Klefki
|
|upkeep
|
|t:|1632159693
|switch|p2a: Seismitoad|Seismitoad, F|53/100 brn
|-damage|p2a: Seismitoad|41/100 brn|[from] Spikes
|turn|13
|
|t:|1632159698
|move|p2a: Seismitoad|Earth Power|p1a: Entei
|-supereffective|p1a: Entei
|-crit|p1a: Entei
|-damage|p1a: Entei|0 fnt
|faint|p1a: Entei
|
|-heal|p2a: Seismitoad|47/100 brn|[from] item: Leftovers
|-damage|p2a: Seismitoad|41/100 brn|[from] brn
|upkeep
|
|t:|1632159702
|switch|p1a: Diancie|Diancie|100/100
|-damage|p1a: Diancie|88/100|[from] Stealth Rock
|-damage|p1a: Diancie|75/100|[from] Spikes
|turn|14
|
|t:|1632159705
|move|p1a: Diancie|Diamond Storm|p2a: Seismitoad
|-resisted|p2a: Seismitoad
|-damage|p2a: Seismitoad|25/100 brn
|-boost|p1a: Diancie|def|2
|move|p2a: Seismitoad|Earth Power|p1a: Diancie
|-supereffective|p1a: Diancie
|-damage|p1a: Diancie|35/100
|
|-heal|p1a: Diancie|42/100|[from] item: Leftovers
|-heal|p2a: Seismitoad|31/100 brn|[from] item: Leftovers
|-damage|p2a: Seismitoad|25/100 brn|[from] brn
|upkeep
|turn|15
|
|t:|1632159718
|move|p1a: Diancie|Diamond Storm|p2a: Seismitoad
|-resisted|p2a: Seismitoad
|-damage|p2a: Seismitoad|8/100 brn
|-boost|p1a: Diancie|def|2
|move|p2a: Seismitoad|Earth Power|p1a: Diancie
|-supereffective|p1a: Diancie
|-damage|p1a: Diancie|0 fnt
|faint|p1a: Diancie
|
|-heal|p2a: Seismitoad|15/100 brn|[from] item: Leftovers
|-damage|p2a: Seismitoad|8/100 brn|[from] brn
|upkeep
|
|t:|1632159722
|switch|p1a: Flygon|Flygon, M|95/100
|-damage|p1a: Flygon|89/100|[from] Stealth Rock
|turn|16
|
|t:|1632159745
|move|p1a: Flygon|Earthquake|p2a: Seismitoad
|-damage|p2a: Seismitoad|0 fnt
|faint|p2a: Seismitoad
|
|upkeep
|
|t:|1632159747
|switch|p2a: Lucario|Lucario, F|100/100
|-item|p2a: Lucario|Air Balloon
|turn|17
|c|☆Aurelius Victorius|gg
|
|t:|1632159761
|move|p1a: Flygon|Earthquake|p2a: Lucario
|-immune|p2a: Lucario
|move|p2a: Lucario|Focus Blast|p1a: Flygon
|-damage|p1a: Flygon|6/100
|
|upkeep
|turn|18
|c|☆Raclette explosive|gg
|inactive|Aurelius Victorius has 120 seconds left.
|l|☆Aurelius Victorius
|inactive|Aurelius Victorius disconnected and has a minute to reconnect!
|player|p1|
|inactive|Aurelius Victorius has 30 seconds to reconnect!
|inactive|Aurelius Victorius has 20 seconds to reconnect!
|inactive|Aurelius Victorius has 15 seconds to reconnect!
|inactive|Aurelius Victorius has 10 seconds to reconnect!
|inactive|Aurelius Victorius has 5 seconds to reconnect!
|-message|Aurelius Victorius lost due to inactivity.
|
|win|Raclette explosive
|raw|Aurelius Victorius's rating: 1339 &rarr; <strong>1324</strong><br />(-15 for losing)
|raw|Raclette explosive's rating: 1434 &rarr; <strong>1449</strong><br />(+15 for winning)
||Ladder isn't responding, score probably updated but might not have (Request timeout).
