|j|☆Shanubiki
|j|☆O Capo'
|t:|1622481977
|gametype|singles
|player|p1|Shanubiki|koga|1456
|player|p2|O Capo'|ruinmaniac|1373
|teamsize|p1|6
|teamsize|p2|6
|gen|8
|tier|[Gen 8] RU
|rated|
|rule|Sleep Clause Mod: Limit one foe put to sleep
|rule|Species Clause: Limit one of each Pokémon
|rule|OHKO Clause: OHKO moves are banned
|rule|Evasion Moves Clause: Evasion moves are banned
|rule|Endless Battle Clause: Forcing endless battles is banned
|rule|HP Percentage Mod: HP is shown in percentages
|rule|Dynamax Clause: You cannot dynamax
|clearpoke
|poke|p1|Cobalion|
|poke|p1|Dragalge, F|
|poke|p1|Talonflame, M|
|poke|p1|Xurkitree|
|poke|p1|Golurk|
|poke|p1|Reuniclus, M|
|poke|p2|Tornadus, M|
|poke|p2|Darmanitan, M|
|poke|p2|Seismitoad, F|
|poke|p2|Golisopod, F|
|poke|p2|Flygon, M|
|poke|p2|Toxtricity, F|
|teampreview
|
|t:|1622481985
|start
|switch|p1a: Golurk|Golurk|100/100
|switch|p2a: Seismitoad|Seismitoad, F|100/100
|turn|1
|inactive|Battle timer is ON: inactive players will automatically lose when time's up. (requested by Shanubiki)
|
|t:|1622481991
|move|p1a: Golurk|Poltergeist|p2a: Seismitoad
|-activate|p2a: Seismitoad|move: Poltergeist|Choice Band
|-damage|p2a: Seismitoad|7/100
|move|p2a: Seismitoad|Liquidation|p1a: Golurk
|-supereffective|p1a: Golurk
|-damage|p1a: Golurk|0 fnt
|faint|p1a: Golurk
|
|upkeep
|
|t:|1622482002
|switch|p1a: Talonflame|Talonflame, M|100/100
|turn|2
|
|t:|1622482006
|move|p1a: Talonflame|Flamethrower|p2a: Seismitoad
|-resisted|p2a: Seismitoad
|-damage|p2a: Seismitoad|0 fnt
|faint|p2a: Seismitoad
|
|upkeep
|
|t:|1622482016
|switch|p2a: Toxtricity|Toxtricity, F|100/100
|turn|3
|
|t:|1622482024
|move|p1a: Talonflame|U-turn|p2a: Toxtricity
|-resisted|p2a: Toxtricity
|-damage|p2a: Toxtricity|92/100
|
|t:|1622482027
|switch|p1a: Dragalge|Dragalge, F|100/100|[from]move: U-turn
|move|p2a: Toxtricity|Volt Switch|p1a: Dragalge
|-resisted|p1a: Dragalge
|-damage|p1a: Dragalge|82/100
|
|t:|1622482034
|switch|p2a: Flygon|Flygon, M|100/100|[from]move: Volt Switch
|
|-heal|p1a: Dragalge|88/100|[from] item: Black Sludge
|upkeep
|turn|4
|
|t:|1622482043
|switch|p1a: Talonflame|Talonflame, M|100/100
|move|p2a: Flygon|Thunder Punch|p1a: Talonflame
|-supereffective|p1a: Talonflame
|-damage|p1a: Talonflame|53/100
|
|upkeep
|turn|5
|
|t:|1622482050
|move|p2a: Flygon|Thunder Punch|p1a: Talonflame
|-supereffective|p1a: Talonflame
|-damage|p1a: Talonflame|2/100
|move|p1a: Talonflame|Roost|p1a: Talonflame
|-heal|p1a: Talonflame|52/100
|-singleturn|p1a: Talonflame|move: Roost
|
|upkeep
|turn|6
|
|t:|1622482058
|move|p2a: Flygon|Thunder Punch|p1a: Talonflame
|-supereffective|p1a: Talonflame
|-damage|p1a: Talonflame|2/100
|move|p1a: Talonflame|Roost|p1a: Talonflame
|-heal|p1a: Talonflame|52/100
|-singleturn|p1a: Talonflame|move: Roost
|
|upkeep
|turn|7
|
|t:|1622482067
|move|p2a: Flygon|Thunder Punch|p1a: Talonflame
|-supereffective|p1a: Talonflame
|-crit|p1a: Talonflame
|-damage|p1a: Talonflame|0 fnt
|faint|p1a: Talonflame
|
|upkeep
|
|t:|1622482074
|switch|p1a: Reuniclus|Reuniclus, M|100/100
|turn|8
|
|t:|1622482080
|switch|p2a: Golisopod|Golisopod, F|100/100
|move|p1a: Reuniclus|Trick Room|p1a: Reuniclus
|-fieldstart|move: Trick Room|[of] p1a: Reuniclus
|
|upkeep
|turn|9
|
|t:|1622482089
|switch|p1a: Cobalion|Cobalion|100/100
|move|p2a: Golisopod|First Impression|p1a: Cobalion
|-resisted|p1a: Cobalion
|-damage|p1a: Cobalion|94/100
|-damage|p2a: Golisopod|84/100|[from] item: Rocky Helmet|[of] p1a: Cobalion
|
|upkeep
|turn|10
|
|t:|1622482098
|switch|p2a: Flygon|Flygon, M|100/100
|move|p1a: Cobalion|Stealth Rock|p2a: Flygon
|-sidestart|p2: O Capo'|move: Stealth Rock
|
|upkeep
|turn|11
|
|t:|1622482106
|move|p1a: Cobalion|Close Combat|p2a: Flygon
|-damage|p2a: Flygon|49/100
|-unboost|p1a: Cobalion|def|1
|-unboost|p1a: Cobalion|spd|1
|move|p2a: Flygon|U-turn|p1a: Cobalion
|-resisted|p1a: Cobalion
|-damage|p1a: Cobalion|90/100
|-damage|p2a: Flygon|33/100|[from] item: Rocky Helmet|[of] p1a: Cobalion
|
|t:|1622482118
|switch|p2a: Tornadus|Tornadus, M|100/100|[from]move: U-turn
|-damage|p2a: Tornadus|76/100|[from] Stealth Rock
|
|upkeep
|turn|12
|
|t:|1622482126
|move|p2a: Tornadus|Tailwind|p2a: Tornadus
|-sidestart|p2: O Capo'|move: Tailwind
|move|p1a: Cobalion|Volt Switch|p2a: Tornadus
|-supereffective|p2a: Tornadus
|-damage|p2a: Tornadus|33/100
|
|t:|1622482130
|switch|p1a: Dragalge|Dragalge, F|88/100|[from]move: Volt Switch
|
|-heal|p1a: Dragalge|94/100|[from] item: Black Sludge
|-fieldend|move: Trick Room
|upkeep
|turn|13
|
|t:|1622482140
|move|p2a: Tornadus|Defog|p1a: Dragalge
|-unboost|p1a: Dragalge|evasion|1
|-sideend|p2: O Capo'|Stealth Rock|[from] move: Defog|[of] p2a: Tornadus
|move|p1a: Dragalge|Draco Meteor|p2a: Tornadus
|-damage|p2a: Tornadus|0 fnt
|-unboost|p1a: Dragalge|spa|2
|faint|p2a: Tornadus
|
|-heal|p1a: Dragalge|99/100|[from] item: Black Sludge
|upkeep
|
|t:|1622482157
|switch|p2a: Flygon|Flygon, M|33/100
|turn|14
|
|t:|1622482166
|move|p2a: Flygon|Earthquake|p1a: Dragalge
|-supereffective|p1a: Dragalge
|-damage|p1a: Dragalge|10/100
|move|p1a: Dragalge|Draco Meteor|p2a: Flygon
|-supereffective|p2a: Flygon
|-damage|p2a: Flygon|0 fnt
|-unboost|p1a: Dragalge|spa|2
|faint|p2a: Flygon
|
|-heal|p1a: Dragalge|16/100|[from] item: Black Sludge
|upkeep
|
|t:|1622482178
|switch|p2a: Darmanitan|Darmanitan, M|100/100
|turn|15
|
|t:|1622482184
|move|p2a: Darmanitan|Iron Head|p1a: Dragalge
|-damage|p1a: Dragalge|0 fnt
|faint|p1a: Dragalge
|
|-sideend|p2: O Capo'|move: Tailwind
|upkeep
|
|t:|1622482191
|switch|p1a: Xurkitree|Xurkitree|100/100
|turn|16
|
|t:|1622482196
|move|p1a: Xurkitree|Volt Switch|p2a: Darmanitan
|-damage|p2a: Darmanitan|35/100
|
|t:|1622482199
|switch|p1a: Cobalion|Cobalion|90/100|[from]move: Volt Switch
|move|p2a: Darmanitan|Earthquake|p1a: Cobalion
|-supereffective|p1a: Cobalion
|-damage|p1a: Cobalion|29/100
|-damage|p2a: Darmanitan|25/100|[from] item: Life Orb
|
|upkeep
|turn|17
|
|t:|1622482210
|move|p2a: Darmanitan|Earthquake|p1a: Cobalion
|-supereffective|p1a: Cobalion
|-damage|p1a: Cobalion|0 fnt
|faint|p1a: Cobalion
|-damage|p2a: Darmanitan|15/100|[from] item: Life Orb
|
|upkeep
|
|t:|1622482219
|switch|p1a: Xurkitree|Xurkitree|100/100
|turn|18
|
|t:|1622482230
|move|p1a: Xurkitree|Thunderbolt|p2a: Darmanitan
|-damage|p2a: Darmanitan|0 fnt
|faint|p2a: Darmanitan
|-ability|p1a: Xurkitree|Beast Boost|boost
|-boost|p1a: Xurkitree|spa|1
|
|upkeep
|
|t:|1622482236
|switch|p2a: Toxtricity|Toxtricity, F|92/100
|turn|19
|
|t:|1622482240
|move|p1a: Xurkitree|Thunderbolt|p2a: Toxtricity
|-resisted|p2a: Toxtricity
|-damage|p2a: Toxtricity|29/100
|move|p2a: Toxtricity|Boomburst|p1a: Xurkitree
|-damage|p1a: Xurkitree|0 fnt
|faint|p1a: Xurkitree
|
|upkeep
|
|t:|1622482244
|switch|p1a: Reuniclus|Reuniclus, M|100/100
|turn|20
|
|t:|1622482250
|move|p2a: Toxtricity|Boomburst|p1a: Reuniclus
|-damage|p1a: Reuniclus|15/100
|move|p1a: Reuniclus|Trick Room|p1a: Reuniclus
|-fieldstart|move: Trick Room|[of] p1a: Reuniclus
|
|upkeep
|turn|21
|
|t:|1622482255
|move|p1a: Reuniclus|Psychic|p2a: Toxtricity
|-supereffective|p2a: Toxtricity
|-damage|p2a: Toxtricity|0 fnt
|faint|p2a: Toxtricity
|
|upkeep
|c|☆O Capo'|Gg
|
|t:|1622482261
|switch|p2a: Golisopod|Golisopod, F|84/100
|turn|22
|
|t:|1622482269
|move|p2a: Golisopod|First Impression|p1a: Reuniclus
|-supereffective|p1a: Reuniclus
|-damage|p1a: Reuniclus|0 fnt
|faint|p1a: Reuniclus
|
|win|O Capo'
|raw|Shanubiki's rating: 1470 &rarr; <strong>1445</strong><br />(-25 for losing)
|raw|O Capo&apos;'s rating: 1373 &rarr; <strong>1398</strong><br />(+25 for winning)
|c|☆Shanubiki|shut up7
|c|☆Shanubiki|4 tpunch no burn
|c|☆Shanubiki|not deserved
|l|☆Shanubiki
||Ladder isn't responding, score probably updated but might not have (Request timeout).
