|raw|<div class="broadcast-blue"><strong>This battle is required to be public due to a player having a name starting with 'rult50'.</div>
|j|☆toxrus1
|j|☆RULT50M Luna
|t:|1626182468
|gametype|singles
|player|p1|toxrus1|beauty-gen4dp|1434
|player|p2|RULT50M Luna|kahili|1542
|teamsize|p1|6
|teamsize|p2|6
|gen|8
|tier|[Gen 8] RU
|rated|
|rule|Sleep Clause Mod: Limit one foe put to sleep
|rule|Species Clause: Limit one of each Pokémon
|rule|OHKO Clause: OHKO moves are banned
|rule|Evasion Moves Clause: Evasion moves are banned
|rule|Endless Battle Clause: Forcing endless battles is banned
|rule|HP Percentage Mod: HP is shown in percentages
|rule|Dynamax Clause: You cannot dynamax
|clearpoke
|poke|p1|Reuniclus, F|
|poke|p1|Umbreon, F|
|poke|p1|Indeedee, M|
|poke|p1|Weezing-Galar, F|
|poke|p1|Raikou|
|poke|p1|Seismitoad, M|
|poke|p2|Tornadus, M|
|poke|p2|Vileplume, M|
|poke|p2|Diancie|
|poke|p2|Flygon, F|
|poke|p2|Cobalion|
|poke|p2|Golisopod, M|
|teampreview
|inactive|Battle timer is ON: inactive players will automatically lose when time's up. (requested by toxrus1)
|j| rarelyusedplayer01
|
|t:|1626182521
|start
|switch|p1a: Seismitoad|Seismitoad, M|100/100
|switch|p2a: Tornadus|Tornadus, M|100/100
|turn|1
|
|t:|1626182526
|move|p2a: Tornadus|Knock Off|p1a: Seismitoad
|-damage|p1a: Seismitoad|85/100
|-enditem|p1a: Seismitoad|Leftovers|[from] move: Knock Off|[of] p2a: Tornadus
|move|p1a: Seismitoad|Knock Off|p2a: Tornadus
|-damage|p2a: Tornadus|66/100
|-enditem|p2a: Tornadus|Heavy-Duty Boots|[from] move: Knock Off|[of] p1a: Seismitoad
|
|upkeep
|turn|2
|
|t:|1626182528
|move|p2a: Tornadus|Hurricane|p1a: Seismitoad
|-damage|p1a: Seismitoad|30/100
|move|p1a: Seismitoad|Stealth Rock|p2a: Tornadus
|-sidestart|p2: RULT50M Luna|move: Stealth Rock
|
|upkeep
|turn|3
|
|t:|1626182532
|switch|p1a: Raikou|Raikou|100/100
|-ability|p1a: Raikou|Pressure
|move|p2a: Tornadus|Knock Off|p1a: Raikou
|-damage|p1a: Raikou|70/100
|-enditem|p1a: Raikou|Leftovers|[from] move: Knock Off|[of] p2a: Tornadus
|
|upkeep
|turn|4
|
|t:|1626182536
|switch|p1a: Indeedee|Indeedee, M|100/100
|-fieldstart|move: Psychic Terrain|[from] ability: Psychic Surge|[of] p1a: Indeedee
|switch|p2a: Diancie|Diancie|100/100
|-damage|p2a: Diancie|88/100|[from] Stealth Rock
|
|-heal|p2a: Diancie|94/100|[from] item: Leftovers
|upkeep
|turn|5
|
|t:|1626182544
|move|p1a: Indeedee|Expanding Force|p2a: Diancie
|-damage|p2a: Diancie|52/100
|move|p2a: Diancie|Stealth Rock|p1a: Indeedee
|-sidestart|p1: toxrus1|move: Stealth Rock
|
|-heal|p2a: Diancie|58/100|[from] item: Leftovers
|upkeep
|turn|6
|
|t:|1626182549
|move|p1a: Indeedee|Expanding Force|p2a: Diancie
|-damage|p2a: Diancie|17/100
|move|p2a: Diancie|Diamond Storm|p1a: Indeedee
|-damage|p1a: Indeedee|22/100
|-boost|p2a: Diancie|def|2
|
|-heal|p2a: Diancie|23/100|[from] item: Leftovers
|upkeep
|turn|7
|
|t:|1626182556
|switch|p2a: Tornadus|Tornadus, M|66/100
|-damage|p2a: Tornadus|42/100|[from] Stealth Rock
|move|p1a: Indeedee|Expanding Force|p2a: Tornadus
|-damage|p2a: Tornadus|0 fnt
|faint|p2a: Tornadus
|
|upkeep
|
|t:|1626182565
|switch|p2a: Flygon|Flygon, F|100/100
|-damage|p2a: Flygon|95/100|[from] Stealth Rock
|turn|8
|
|t:|1626182572
|switch|p1a: Seismitoad|Seismitoad, M|30/100
|-damage|p1a: Seismitoad|24/100|[from] Stealth Rock
|move|p2a: Flygon|U-turn|p1a: Seismitoad
|-damage|p1a: Seismitoad|6/100
|
|t:|1626182577
|switch|p2a: Cobalion|Cobalion|100/100|[from]move: U-turn
|-damage|p2a: Cobalion|97/100|[from] Stealth Rock
|
|-fieldend|move: Psychic Terrain
|upkeep
|turn|9
|
|t:|1626182580
|move|p2a: Cobalion|Iron Head|p1a: Seismitoad
|-resisted|p1a: Seismitoad
|-damage|p1a: Seismitoad|0 fnt
|faint|p1a: Seismitoad
|
|upkeep
|
|t:|1626182586
|switch|p1a: Raikou|Raikou|70/100
|-damage|p1a: Raikou|58/100|[from] Stealth Rock
|-ability|p1a: Raikou|Pressure
|turn|10
|
|t:|1626182591
|switch|p2a: Flygon|Flygon, F|95/100
|-damage|p2a: Flygon|89/100|[from] Stealth Rock
|move|p1a: Raikou|Substitute|p1a: Raikou
|-start|p1a: Raikou|Substitute
|-damage|p1a: Raikou|33/100
|
|upkeep
|turn|11
|
|t:|1626182598
|move|p1a: Raikou|Aura Sphere|p2a: Flygon
|-damage|p2a: Flygon|55/100
|move|p2a: Flygon|Earthquake|p1a: Raikou
|-supereffective|p1a: Raikou
|-end|p1a: Raikou|Substitute
|
|upkeep
|turn|12
|
|t:|1626182603
|switch|p1a: Umbreon|Umbreon, F|100/100
|-damage|p1a: Umbreon|88/100|[from] Stealth Rock
|move|p2a: Flygon|U-turn|p1a: Umbreon
|-supereffective|p1a: Umbreon
|-damage|p1a: Umbreon|49/100
|
|t:|1626182605
|switch|p2a: Golisopod|Golisopod, M|100/100|[from]move: U-turn
|
|-heal|p1a: Umbreon|55/100|[from] item: Leftovers
|upkeep
|turn|13
|
|t:|1626182609
|switch|p1a: Weezing|Weezing-Galar, F|100/100
|-ability|p1a: Weezing|Neutralizing Gas
|-damage|p1a: Weezing|88/100|[from] Stealth Rock
|move|p2a: Golisopod|Spikes|p1a: Weezing
|-sidestart|p1: toxrus1|Spikes
|
|upkeep
|turn|14
|
|t:|1626182616
|move|p1a: Weezing|Defog|p2a: Golisopod
|-unboost|p2a: Golisopod|evasion|1
|-sideend|p2: RULT50M Luna|Stealth Rock|[from] move: Defog|[of] p1a: Weezing
|-sideend|p1: toxrus1|Spikes|[from] move: Defog|[of] p1a: Weezing
|-sideend|p1: toxrus1|Stealth Rock|[from] move: Defog|[of] p1a: Weezing
|move|p2a: Golisopod|Knock Off|p1a: Weezing
|-resisted|p1a: Weezing
|-damage|p1a: Weezing|77/100
|-damage|p2a: Golisopod|84/100|[from] item: Rocky Helmet|[of] p1a: Weezing
|-enditem|p1a: Weezing|Rocky Helmet|[from] move: Knock Off|[of] p2a: Golisopod
|
|upkeep
|turn|15
|
|t:|1626182626
|move|p1a: Weezing|Flamethrower|p2a: Golisopod
|-damage|p2a: Golisopod|65/100
|move|p2a: Golisopod|Spikes|p1a: Weezing
|-sidestart|p1: toxrus1|Spikes
|
|upkeep
|turn|16
|
|t:|1626182634
|move|p1a: Weezing|Defog|p2a: Golisopod
|-unboost|p2a: Golisopod|evasion|1
|-sideend|p1: toxrus1|Spikes|[from] move: Defog|[of] p1a: Weezing
|move|p2a: Golisopod|Spikes|p1a: Weezing
|-sidestart|p1: toxrus1|Spikes
|
|upkeep
|turn|17
|
|t:|1626182639
|move|p1a: Weezing|Flamethrower|p2a: Golisopod
|-damage|p2a: Golisopod|44/100
|move|p2a: Golisopod|Spikes|p1a: Weezing
|-sidestart|p1: toxrus1|Spikes
|
|upkeep
|turn|18
|
|t:|1626182644
|switch|p2a: Flygon|Flygon, F|55/100
|move|p1a: Weezing|Defog|p2a: Flygon
|-unboost|p2a: Flygon|evasion|1
|-sideend|p1: toxrus1|Spikes|[from] move: Defog|[of] p1a: Weezing
|
|upkeep
|turn|19
|
|t:|1626182655
|move|p2a: Flygon|Earthquake|p1a: Weezing
|-supereffective|p1a: Weezing
|-damage|p1a: Weezing|14/100
|move|p1a: Weezing|Toxic Spikes|p2a: Flygon
|-sidestart|p2: RULT50M Luna|move: Toxic Spikes
|
|upkeep
|turn|20
|
|t:|1626182664
|move|p2a: Flygon|Earthquake|p1a: Weezing
|-supereffective|p1a: Weezing
|-damage|p1a: Weezing|0 fnt
|faint|p1a: Weezing
|-end|p1a: Weezing|ability: Neutralizing Gas
|
|upkeep
|
|t:|1626182666
|switch|p1a: Indeedee|Indeedee, M|22/100
|-fieldstart|move: Psychic Terrain|[from] ability: Psychic Surge|[of] p1a: Indeedee
|turn|21
|
|t:|1626182669
|move|p2a: Flygon|U-turn|p1a: Indeedee
|-supereffective|p1a: Indeedee
|-damage|p1a: Indeedee|0 fnt
|faint|p1a: Indeedee
|
|t:|1626182670
|switch|p2a: Vileplume|Vileplume, M|100/100|[from]move: U-turn
|-sideend|p2: RULT50M Luna|move: Toxic Spikes|[of] p2a: Vileplume
|
|upkeep
|
|t:|1626182675
|switch|p1a: Reuniclus|Reuniclus, F, shiny|100/100
|turn|22
|
|t:|1626182679
|switch|p2a: Flygon|Flygon, F|55/100
|move|p1a: Reuniclus|Acid Armor|p1a: Reuniclus
|-boost|p1a: Reuniclus|def|2
|
|upkeep
|turn|23
|
|t:|1626182686
|move|p2a: Flygon|U-turn|p1a: Reuniclus
|-supereffective|p1a: Reuniclus
|-damage|p1a: Reuniclus|84/100
|
|t:|1626182689
|switch|p2a: Cobalion|Cobalion|97/100|[from]move: U-turn
|move|p1a: Reuniclus|Acid Armor|p1a: Reuniclus
|-boost|p1a: Reuniclus|def|2
|
|upkeep
|turn|24
|
|t:|1626182695
|move|p2a: Cobalion|Swords Dance|p2a: Cobalion
|-boost|p2a: Cobalion|atk|2
|move|p1a: Reuniclus|Stored Power|p2a: Cobalion
|-damage|p2a: Cobalion|20/100
|
|upkeep
|turn|25
|j| le bleury
|
|t:|1626182697
|move|p2a: Cobalion|Iron Head|p1a: Reuniclus
|-damage|p1a: Reuniclus|67/100
|cant|p1a: Reuniclus|flinch
|
|-fieldend|move: Psychic Terrain
|upkeep
|turn|26
|
|t:|1626182700
|move|p2a: Cobalion|Swords Dance|p2a: Cobalion
|-boost|p2a: Cobalion|atk|2
|move|p1a: Reuniclus|Recover|p1a: Reuniclus
|-heal|p1a: Reuniclus|100/100
|
|upkeep
|turn|27
|
|t:|1626182707
|move|p2a: Cobalion|Iron Head|p1a: Reuniclus
|-damage|p1a: Reuniclus|74/100
|move|p1a: Reuniclus|Acid Armor|p1a: Reuniclus
|-boost|p1a: Reuniclus|def|2
|
|upkeep
|turn|28
|
|t:|1626182710
|move|p2a: Cobalion|Iron Head|p1a: Reuniclus
|-damage|p1a: Reuniclus|55/100
|move|p1a: Reuniclus|Recover|p1a: Reuniclus
|-heal|p1a: Reuniclus|100/100
|
|upkeep
|turn|29
|
|t:|1626182713
|move|p2a: Cobalion|Iron Head|p1a: Reuniclus
|-crit|p1a: Reuniclus
|-damage|p1a: Reuniclus|0 fnt
|faint|p1a: Reuniclus
|
|upkeep
|c|☆toxrus1|lol
|c|☆toxrus1|gg
|c|☆RULT50M Luna|didnt have other options
|-message|toxrus1 forfeited.
|
|win|RULT50M Luna
|raw|toxrus1's rating: 1434 &rarr; <strong>1420</strong><br />(-14 for losing)
|raw|RULT50M Luna's rating: 1542 &rarr; <strong>1556</strong><br />(+14 for winning)
