|j|☆GreedentFan69
|j|☆Ruispileofdogdicks
|player|p1|GreedentFan69|greta-gen3|1607
|player|p2|Ruispileofdogdicks|dawn|1325
|teamsize|p1|6
|teamsize|p2|6
|gametype|singles
|gen|8
|tier|[Gen 8] RU
|rated|
|clearpoke
|poke|p1|Sableye, F|
|poke|p1|Snorlax, F|
|poke|p1|Vileplume, M|
|poke|p1|Steelix, F|
|poke|p1|Xatu, M|
|poke|p1|Rapidash, F|
|poke|p2|Bewear, F|
|poke|p2|Morpeko, F|
|poke|p2|Rapidash, F|
|poke|p2|Barraskewda, M|
|poke|p2|Escavalier, M|
|poke|p2|Dhelmise|
|rule|Sleep Clause Mod: Limit one foe put to sleep
|rule|Species Clause: Limit one of each Pokémon
|rule|OHKO Clause: OHKO moves are banned
|rule|Evasion Moves Clause: Evasion moves are banned
|rule|Endless Battle Clause: Forcing endless battles is banned
|rule|HP Percentage Mod: HP is shown in percentages
|rule|Dynamax Clause: You cannot dynamax
|teampreview
|j| Sistine flapple
|j| AGENT00VIRGIN
|
|start
|switch|p1a: Sableye|Sableye, F|100/100
|switch|p2a: Rapidash|Rapidash, F|100/100
|turn|1
|
|move|p2a: Rapidash|Flare Blitz|p1a: Sableye
|-damage|p1a: Sableye|30/100
|-damage|p2a: Rapidash|74/100|[from] Recoil
|move|p1a: Sableye|Knock Off|p2a: Rapidash
|-damage|p2a: Rapidash|33/100
|-enditem|p2a: Rapidash|Choice Band|[from] move: Knock Off|[of] p1a: Sableye
|
|-heal|p1a: Sableye|36/100|[from] item: Leftovers
|upkeep
|turn|2
|
|move|p1a: Sableye|Recover|p1a: Sableye
|-heal|p1a: Sableye|86/100
|move|p2a: Rapidash|Flare Blitz|p1a: Sableye
|-damage|p1a: Sableye|35/100
|-damage|p2a: Rapidash|14/100|[from] Recoil
|
|-heal|p1a: Sableye|41/100|[from] item: Leftovers
|upkeep
|turn|3
|
|switch|p1a: Rapidash|Rapidash, F|100/100
|move|p2a: Rapidash|Flare Blitz|p1a: Rapidash
|-start|p1a: Rapidash|ability: Flash Fire
|
|upkeep
|turn|4
|
|move|p1a: Rapidash|Wild Charge|p2a: Rapidash
|-damage|p2a: Rapidash|0 fnt
|-damage|p1a: Rapidash|97/100|[from] Recoil
|faint|p2a: Rapidash
|
|upkeep
|
|switch|p2a: Barraskewda|Barraskewda, M|100/100
|turn|5
|
|-end|p1a: Rapidash|ability: Flash Fire|[silent]
|switch|p1a: Xatu|Xatu, M|100/100
|move|p2a: Barraskewda|Liquidation|p1a: Xatu
|-damage|p1a: Xatu|34/100
|
|-heal|p1a: Xatu|40/100|[from] item: Leftovers
|upkeep
|turn|6
|
|switch|p1a: Vileplume|Vileplume, M|100/100
|move|p2a: Barraskewda|Liquidation|p1a: Vileplume
|-resisted|p1a: Vileplume
|-damage|p1a: Vileplume|74/100
|-status|p2a: Barraskewda|par|[from] ability: Effect Spore|[of] p1a: Vileplume
|
|-heal|p1a: Vileplume|80/100|[from] item: Black Sludge
|upkeep
|turn|7
|
|switch|p2a: Escavalier|Escavalier, M|100/100
|move|p1a: Vileplume|Strength Sap|p2a: Escavalier
|-unboost|p2a: Escavalier|atk|1
|-heal|p1a: Vileplume|100/100
|
|upkeep
|turn|8
|
|move|p1a: Vileplume|Strength Sap|p2a: Escavalier
|-unboost|p2a: Escavalier|atk|1
|move|p2a: Escavalier|Megahorn|p1a: Vileplume
|-damage|p1a: Vileplume|59/100
|
|-heal|p1a: Vileplume|65/100|[from] item: Black Sludge
|upkeep
|turn|9
|
|switch|p1a: Steelix|Steelix, F|100/100
|switch|p2a: Bewear|Bewear, F|100/100
|
|upkeep
|turn|10
|
|switch|p1a: Xatu|Xatu, M|40/100
|move|p2a: Bewear|Earthquake|p1a: Xatu
|-immune|p1a: Xatu
|
|-heal|p1a: Xatu|46/100|[from] item: Leftovers
|upkeep
|turn|11
|
|switch|p2a: Morpeko|Morpeko, F|100/100
|move|p1a: Xatu|Teleport|p1a: Xatu
|
|switch|p1a: Steelix|Steelix, F|100/100|[from]move: Teleport
|
|-formechange|p2a: Morpeko|Morpeko-Hangry||[from] ability: Hunger Switch
|upkeep
|turn|12
|
|switch|p2a: Bewear|Bewear, F|100/100
|move|p1a: Steelix|Stealth Rock|p2a: Bewear
|-sidestart|p2: Ruispileofdogdicks|move: Stealth Rock
|
|upkeep
|turn|13
|
|switch|p1a: Xatu|Xatu, M|46/100
|move|p2a: Bewear|Darkest Lariat|p1a: Xatu
|-supereffective|p1a: Xatu
|-damage|p1a: Xatu|0 fnt
|faint|p1a: Xatu
|
|upkeep
|
|switch|p1a: Sableye|Sableye, F|41/100
|turn|14
|
|switch|p2a: Morpeko|Morpeko, F|100/100
|-damage|p2a: Morpeko|88/100|[from] Stealth Rock
|move|p1a: Sableye|Recover|p1a: Sableye
|-heal|p1a: Sableye|91/100
|
|-heal|p1a: Sableye|97/100|[from] item: Leftovers
|-formechange|p2a: Morpeko|Morpeko-Hangry||[from] ability: Hunger Switch
|upkeep
|turn|15
|
|move|p2a: Morpeko|Aura Wheel|p1a: Sableye
|-damage|p1a: Sableye|30/100
|-boost|p2a: Morpeko|spe|1
|move|p1a: Sableye|Knock Off|p2a: Morpeko
|-resisted|p2a: Morpeko
|-damage|p2a: Morpeko|59/100
|-enditem|p2a: Morpeko|Choice Band|[from] move: Knock Off|[of] p1a: Sableye
|
|-heal|p1a: Sableye|36/100|[from] item: Leftovers
|-formechange|p2a: Morpeko|Morpeko||[from] ability: Hunger Switch
|upkeep
|turn|16
|
|move|p1a: Sableye|Recover|p1a: Sableye
|-heal|p1a: Sableye|86/100
|move|p2a: Morpeko|Aura Wheel|p1a: Sableye
|-damage|p1a: Sableye|39/100
|-boost|p2a: Morpeko|spe|1
|
|-heal|p1a: Sableye|45/100|[from] item: Leftovers
|-formechange|p2a: Morpeko|Morpeko-Hangry||[from] ability: Hunger Switch
|upkeep
|turn|17
|
|move|p1a: Sableye|Recover|p1a: Sableye
|-heal|p1a: Sableye|95/100
|move|p2a: Morpeko|Aura Wheel|p1a: Sableye
|-damage|p1a: Sableye|49/100
|-boost|p2a: Morpeko|spe|1
|
|-heal|p1a: Sableye|55/100|[from] item: Leftovers
|-formechange|p2a: Morpeko|Morpeko||[from] ability: Hunger Switch
|upkeep
|turn|18
|
|switch|p2a: Barraskewda|Barraskewda, M|100/100 par
|-damage|p2a: Barraskewda|88/100 par|[from] Stealth Rock
|switch|p1a: Steelix|Steelix, F|100/100
|
|upkeep
|turn|19
|
|cant|p2a: Barraskewda|par
|move|p1a: Steelix|Earthquake|p2a: Barraskewda
|-damage|p2a: Barraskewda|27/100 par
|
|upkeep
|turn|20
|
|switch|p1a: Vileplume|Vileplume, M|65/100
|move|p2a: Barraskewda|Liquidation|p1a: Vileplume
|-resisted|p1a: Vileplume
|-damage|p1a: Vileplume|40/100
|
|-heal|p1a: Vileplume|46/100|[from] item: Black Sludge
|upkeep
|turn|21
|
|move|p2a: Barraskewda|Liquidation|p1a: Vileplume
|-resisted|p1a: Vileplume
|-damage|p1a: Vileplume|17/100
|move|p1a: Vileplume|Strength Sap|p2a: Barraskewda
|-unboost|p2a: Barraskewda|atk|1
|-heal|p1a: Vileplume|100/100
|
|upkeep
|turn|22
|
|move|p2a: Barraskewda|Liquidation|p1a: Vileplume
|-resisted|p1a: Vileplume
|-damage|p1a: Vileplume|81/100
|move|p1a: Vileplume|Giga Drain|p2a: Barraskewda
|-supereffective|p2a: Barraskewda
|-damage|p2a: Barraskewda|0 fnt
|-heal|p1a: Vileplume|91/100|[from] drain|[of] p2a: Barraskewda
|faint|p2a: Barraskewda
|
|-heal|p1a: Vileplume|97/100|[from] item: Black Sludge
|upkeep
|
|switch|p2a: Escavalier|Escavalier, M|100/100
|-damage|p2a: Escavalier|88/100|[from] Stealth Rock
|turn|23
|
|move|p1a: Vileplume|Strength Sap|p2a: Escavalier
|-unboost|p2a: Escavalier|atk|1
|-heal|p1a: Vileplume|100/100
|move|p2a: Escavalier|Megahorn|p1a: Vileplume
|-damage|p1a: Vileplume|47/100
|
|-heal|p1a: Vileplume|53/100|[from] item: Black Sludge
|upkeep
|turn|24
|
|move|p1a: Vileplume|Strength Sap|p2a: Escavalier
|-unboost|p2a: Escavalier|atk|1
|-heal|p1a: Vileplume|100/100
|move|p2a: Escavalier|Megahorn|p1a: Vileplume
|-damage|p1a: Vileplume|62/100
|
|-heal|p1a: Vileplume|68/100|[from] item: Black Sludge
|upkeep
|turn|25
|
|switch|p1a: Steelix|Steelix, F|100/100
|move|p2a: Escavalier|Megahorn|p1a: Steelix
|-resisted|p1a: Steelix
|-damage|p1a: Steelix|87/100
|
|-heal|p1a: Steelix|93/100|[from] item: Leftovers
|upkeep
|turn|26
|
|switch|p1a: Sableye|Sableye, F|55/100
|switch|p2a: Bewear|Bewear, F|100/100
|-damage|p2a: Bewear|94/100|[from] Stealth Rock
|
|-heal|p1a: Sableye|62/100|[from] item: Leftovers
|upkeep
|turn|27
|
|move|p2a: Bewear|Darkest Lariat|p1a: Sableye
|-damage|p1a: Sableye|19/100
|move|p1a: Sableye|Knock Off|p2a: Bewear
|-resisted|p2a: Bewear
|-damage|p2a: Bewear|89/100
|-enditem|p2a: Bewear|Choice Band|[from] move: Knock Off|[of] p1a: Sableye
|
|-heal|p1a: Sableye|25/100|[from] item: Leftovers
|upkeep
|turn|28
|
|move|p1a: Sableye|Recover|p1a: Sableye
|-heal|p1a: Sableye|75/100
|move|p2a: Bewear|Darkest Lariat|p1a: Sableye
|-crit|p1a: Sableye
|-damage|p1a: Sableye|29/100
|
|-heal|p1a: Sableye|36/100|[from] item: Leftovers
|upkeep
|turn|29
|
|move|p1a: Sableye|Recover|p1a: Sableye
|-heal|p1a: Sableye|86/100
|move|p2a: Bewear|Earthquake|p1a: Sableye
|-damage|p1a: Sableye|48/100
|
|-heal|p1a: Sableye|54/100|[from] item: Leftovers
|upkeep
|turn|30
|
|move|p1a: Sableye|Recover|p1a: Sableye
|-heal|p1a: Sableye|100/100
|move|p2a: Bewear|Earthquake|p1a: Sableye
|-damage|p1a: Sableye|63/100
|
|-heal|p1a: Sableye|69/100|[from] item: Leftovers
|upkeep
|turn|31
|
|move|p1a: Sableye|Will-O-Wisp|p2a: Bewear
|-status|p2a: Bewear|brn
|move|p2a: Bewear|Darkest Lariat|p1a: Sableye
|-damage|p1a: Sableye|54/100
|
|-heal|p1a: Sableye|61/100|[from] item: Leftovers
|-damage|p2a: Bewear|83/100 brn|[from] brn
|upkeep
|turn|32
|
|move|p2a: Bewear|Darkest Lariat|p1a: Sableye
|-damage|p1a: Sableye|46/100
|move|p1a: Sableye|Knock Off|p2a: Bewear
|-resisted|p2a: Bewear
|-damage|p2a: Bewear|78/100 brn
|
|-heal|p1a: Sableye|52/100|[from] item: Leftovers
|-damage|p2a: Bewear|72/100 brn|[from] brn
|upkeep
|turn|33
|
|move|p1a: Sableye|Recover|p1a: Sableye
|-heal|p1a: Sableye|100/100
|move|p2a: Bewear|Darkest Lariat|p1a: Sableye
|-damage|p1a: Sableye|86/100
|
|-heal|p1a: Sableye|92/100|[from] item: Leftovers
|-damage|p2a: Bewear|66/100 brn|[from] brn
|upkeep
|turn|34
|-message|Ruispileofdogdicks forfeited.
|
|win|GreedentFan69
|l|☆Ruispileofdogdicks
|c|☆GreedentFan69|gg
