|j|☆big bad alolem
|j|☆brauli94
|t:|1605654865
|player|p1|big bad alolem|hiker-gen4|1591
|player|p2|brauli94|265|1393
|teamsize|p1|6
|teamsize|p2|6
|gametype|singles
|gen|8
|tier|[Gen 8] RU
|rated|
|clearpoke
|poke|p1|Tangrowth, F|
|poke|p1|Suicune|
|poke|p1|Crobat, F|
|poke|p1|Metagross|
|poke|p1|Ditto|
|poke|p1|Diancie|
|poke|p2|Ninetales-Alola, F|
|poke|p2|Arctozolt|
|poke|p2|Arctovish|
|poke|p2|Espeon, M|
|poke|p2|Indeedee-F, F|
|poke|p2|Conkeldurr, F|
|rule|Sleep Clause Mod: Limit one foe put to sleep
|rule|Species Clause: Limit one of each Pokémon
|rule|OHKO Clause: OHKO moves are banned
|rule|Evasion Moves Clause: Evasion moves are banned
|rule|Endless Battle Clause: Forcing endless battles is banned
|rule|HP Percentage Mod: HP is shown in percentages
|rule|Dynamax Clause: You cannot dynamax
|teampreview
|
|t:|1605654890
|start
|switch|p1a: Metagross|Metagross|100/100
|switch|p2a: Conkeldurr|Conkeldurr, F|100/100
|turn|1
|
|t:|1605654900
|switch|p1a: Crobat|Crobat, F|100/100
|move|p2a: Conkeldurr|Knock Off|p1a: Crobat
|-damage|p1a: Crobat|55/100
|-enditem|p1a: Crobat|Heavy-Duty Boots|[from] move: Knock Off|[of] p2a: Conkeldurr
|
|-status|p2a: Conkeldurr|brn|[from] item: Flame Orb
|upkeep
|turn|2
|
|t:|1605654928
|switch|p2a: Espeon|Espeon, M|100/100
|move|p1a: Crobat|Brave Bird|p2a: Espeon
|-damage|p2a: Espeon|16/100
|-damage|p1a: Crobat|33/100|[from] Recoil
|
|upkeep
|turn|3
|
|t:|1605654940
|switch|p1a: Metagross|Metagross|100/100
|move|p2a: Espeon|Trick|p1a: Metagross
|-activate|p2a: Espeon|move: Trick|[of] p1a: Metagross
|-item|p1a: Metagross|Choice Specs|[from] move: Trick
|-item|p2a: Espeon|Choice Scarf|[from] move: Trick
|
|upkeep
|turn|4
|
|t:|1605654954
|switch|p2a: Indeedee|Indeedee-F, F|100/100
|-fieldstart|move: Psychic Terrain|[from] ability: Psychic Surge|[of] p2a: Indeedee
|move|p1a: Metagross|Meteor Mash|p2a: Indeedee
|-damage|p2a: Indeedee|11/100
|
|upkeep
|turn|5
|
|t:|1605654965
|move|p2a: Indeedee|Healing Wish|p2a: Indeedee
|faint|p2a: Indeedee
|move|p1a: Metagross|Meteor Mash|p2: Indeedee|[notarget]
|-fail|p1a: Metagross
|
|upkeep
|
|t:|1605654969
|switch|p2a: Espeon|Espeon, M|16/100
|-heal|p2a: Espeon|100/100|[from] move: Healing Wish
|turn|6
|
|t:|1605654975
|move|p2a: Espeon|Shadow Ball|p1a: Metagross
|-supereffective|p1a: Metagross
|-damage|p1a: Metagross|35/100
|move|p1a: Metagross|Meteor Mash|p2a: Espeon
|-damage|p2a: Espeon|9/100
|
|upkeep
|turn|7
|
|t:|1605654984
|switch|p1a: Diancie|Diancie|100/100
|move|p2a: Espeon|Shadow Ball|p1a: Diancie
|-damage|p1a: Diancie|82/100
|
|-heal|p1a: Diancie|88/100|[from] item: Leftovers
|upkeep
|turn|8
|
|t:|1605654994
|switch|p2a: Conkeldurr|Conkeldurr, F|100/100 brn
|move|p1a: Diancie|Diamond Storm|p2a: Conkeldurr
|-resisted|p2a: Conkeldurr
|-damage|p2a: Conkeldurr|86/100 brn
|
|-heal|p1a: Diancie|95/100|[from] item: Leftovers
|-damage|p2a: Conkeldurr|80/100 brn|[from] brn
|-fieldend|move: Psychic Terrain
|upkeep
|turn|9
|
|t:|1605655004
|move|p2a: Conkeldurr|Drain Punch|p1a: Diancie
|-damage|p1a: Diancie|44/100
|-heal|p2a: Conkeldurr|99/100 brn|[from] drain|[of] p1a: Diancie
|move|p1a: Diancie|Moonblast|p2a: Conkeldurr
|-supereffective|p2a: Conkeldurr
|-damage|p2a: Conkeldurr|24/100 brn
|-unboost|p2a: Conkeldurr|spa|1
|
|-heal|p1a: Diancie|50/100|[from] item: Leftovers
|-damage|p2a: Conkeldurr|18/100 brn|[from] brn
|upkeep
|turn|10
|
|t:|1605655023
|switch|p1a: Tangrowth|Tangrowth, F|100/100
|move|p2a: Conkeldurr|Drain Punch|p1a: Tangrowth
|-damage|p1a: Tangrowth|64/100
|-heal|p2a: Conkeldurr|36/100 brn|[from] drain|[of] p1a: Tangrowth
|-damage|p2a: Conkeldurr|20/100 brn|[from] item: Rocky Helmet|[of] p1a: Tangrowth
|
|-damage|p2a: Conkeldurr|14/100 brn|[from] brn
|upkeep
|turn|11
|
|t:|1605655038
|move|p2a: Conkeldurr|Drain Punch|p1a: Tangrowth
|-damage|p1a: Tangrowth|30/100
|-heal|p2a: Conkeldurr|30/100 brn|[from] drain|[of] p1a: Tangrowth
|-damage|p2a: Conkeldurr|14/100 brn|[from] item: Rocky Helmet|[of] p1a: Tangrowth
|move|p1a: Tangrowth|Giga Drain|p2a: Conkeldurr
|-damage|p2a: Conkeldurr|0 fnt
|-heal|p1a: Tangrowth|36/100|[from] drain|[of] p2a: Conkeldurr
|faint|p2a: Conkeldurr
|
|upkeep
|
|t:|1605655049
|switch|p2a: Ninetales|Ninetales-Alola, F|100/100
|-weather|Hail|[from] ability: Snow Warning|[of] p2a: Ninetales
|turn|12
|
|t:|1605655061
|move|p2a: Ninetales|Aurora Veil|p2a: Ninetales
|-sidestart|p2: brauli94|move: Aurora Veil
|move|p1a: Tangrowth|Sludge Bomb|p2a: Ninetales
|-supereffective|p2a: Ninetales
|-damage|p2a: Ninetales|72/100
|
|-weather|Hail|[upkeep]
|-damage|p1a: Tangrowth|30/100|[from] Hail
|upkeep
|turn|13
|
|t:|1605655074
|switch|p1a: Ditto|Ditto|100/100
|-transform|p1a: Ditto|p2a: Ninetales|[from] ability: Imposter
|move|p2a: Ninetales|Blizzard|p1a: Ditto
|-resisted|p1a: Ditto
|-damage|p1a: Ditto|78/100
|
|-weather|Hail|[upkeep]
|upkeep
|turn|14
|
|t:|1605655089
|switch|p2a: Arctozolt|Arctozolt|100/100
|move|p1a: Ditto|Aurora Veil|p1a: Ditto
|-sidestart|p1: big bad alolem|move: Aurora Veil
|
|-weather|Hail|[upkeep]
|upkeep
|turn|15
|
|t:|1605655102
|switch|p1a: Metagross|Metagross|35/100
|move|p2a: Arctozolt|Icicle Crash|p1a: Metagross|[miss]
|-miss|p2a: Arctozolt|p1a: Metagross
|
|-weather|Hail|[upkeep]
|-damage|p1a: Metagross|29/100|[from] Hail
|upkeep
|turn|16
|
|t:|1605655110
|switch|p1a: Tangrowth|Tangrowth, F|63/100
|move|p2a: Arctozolt|Stomping Tantrum|p1a: Tangrowth
|-resisted|p1a: Tangrowth
|-damage|p1a: Tangrowth|58/100
|-damage|p2a: Arctozolt|84/100|[from] item: Rocky Helmet|[of] p1a: Tangrowth
|
|-weather|Hail|[upkeep]
|-damage|p1a: Tangrowth|51/100|[from] Hail
|-sideend|p2: brauli94|move: Aurora Veil
|upkeep
|turn|17
|
|t:|1605655118
|move|p2a: Arctozolt|Icicle Crash|p1a: Tangrowth
|-supereffective|p1a: Tangrowth
|-damage|p1a: Tangrowth|28/100
|move|p1a: Tangrowth|Earthquake|p2a: Arctozolt
|-supereffective|p2a: Arctozolt
|-damage|p2a: Arctozolt|32/100
|
|-weather|Hail|[upkeep]
|-damage|p1a: Tangrowth|22/100|[from] Hail
|upkeep
|turn|18
|
|t:|1605655132
|switch|p1a: Ditto|Ditto|78/100
|-transform|p1a: Ditto|p2a: Arctozolt|[from] ability: Imposter
|move|p2a: Arctozolt|Bolt Beak|p1a: Ditto
|-resisted|p1a: Ditto
|-damage|p1a: Ditto|53/100
|
|-weather|Hail|[upkeep]
|-sideend|p1: big bad alolem|move: Aurora Veil
|upkeep
|turn|19
|
|t:|1605655144
|move|p1a: Ditto|Bolt Beak|p2a: Arctozolt
|-resisted|p2a: Arctozolt
|-damage|p2a: Arctozolt|0 fnt
|faint|p2a: Arctozolt
|
|-weather|none
|upkeep
|
|t:|1605655152
|switch|p2a: Espeon|Espeon, M|9/100
|turn|20
|-message|brauli94 forfeited.
|
|win|big bad alolem
|l|☆brauli94
