|j|☆Glidinganteater
|j|☆Odieq
|t:|1622823903
|gametype|singles
|player|p1|Glidinganteater|palmer|1416
|player|p2|Odieq|bugcatcher-gen4dp|1403
|teamsize|p1|6
|teamsize|p2|6
|gen|8
|tier|[Gen 8] RU
|rated|
|rule|Sleep Clause Mod: Limit one foe put to sleep
|rule|Species Clause: Limit one of each Pokémon
|rule|OHKO Clause: OHKO moves are banned
|rule|Evasion Moves Clause: Evasion moves are banned
|rule|Endless Battle Clause: Forcing endless battles is banned
|rule|HP Percentage Mod: HP is shown in percentages
|rule|Dynamax Clause: You cannot dynamax
|clearpoke
|poke|p1|Cresselia, F|
|poke|p1|Diancie|
|poke|p1|Cobalion|
|poke|p1|Gastrodon, M|
|poke|p1|Golisopod, M|
|poke|p1|Dhelmise|
|poke|p2|Klefki, F|
|poke|p2|Toxicroak, F|
|poke|p2|Reuniclus, M|
|poke|p2|Zarude|
|poke|p2|Noivern, M|
|poke|p2|Rhyperior, M|
|teampreview
|inactive|Battle timer is ON: inactive players will automatically lose when time's up. (requested by Odieq)
|
|t:|1622823937
|start
|switch|p1a: Golisopod|Golisopod, M|100/100
|switch|p2a: Fine.|Zarude|100/100
|turn|1
|
|t:|1622823950
|switch|p2a: Fantasy Crobat|Noivern, M|100/100
|move|p1a: Golisopod|Knock Off|p2a: Fantasy Crobat
|-damage|p2a: Fantasy Crobat|58/100
|-enditem|p2a: Fantasy Crobat|Heavy-Duty Boots|[from] move: Knock Off|[of] p1a: Golisopod
|
|upkeep
|turn|2
|j| KingFlyneValou
|
|t:|1622823967
|switch|p1a: Diancie|Diancie|100/100
|move|p2a: Fantasy Crobat|Roost|p2a: Fantasy Crobat
|-heal|p2a: Fantasy Crobat|100/100
|-singleturn|p2a: Fantasy Crobat|move: Roost
|
|upkeep
|turn|3
|
|t:|1622823976
|move|p2a: Fantasy Crobat|U-turn|p1a: Diancie
|-resisted|p1a: Diancie
|-crit|p1a: Diancie
|-damage|p1a: Diancie|95/100
|
|t:|1622823984
|switch|p2a: Rhyperion Inc.|Rhyperior, M|100/100|[from]move: U-turn
|move|p1a: Diancie|Toxic|p2a: Rhyperion Inc.
|-status|p2a: Rhyperion Inc.|tox
|
|-heal|p1a: Diancie|100/100|[from] item: Leftovers
|-damage|p2a: Rhyperion Inc.|94/100 tox|[from] psn
|upkeep
|turn|4
|
|t:|1622823997
|switch|p1a: Dhelmise|Dhelmise|100/100
|move|p2a: Rhyperion Inc.|Stealth Rock|p1a: Dhelmise
|-sidestart|p1: Glidinganteater|move: Stealth Rock
|
|-heal|p2a: Rhyperion Inc.|100/100 tox|[from] item: Leftovers
|-damage|p2a: Rhyperion Inc.|88/100 tox|[from] psn
|upkeep
|turn|5
|
|t:|1622824016
|switch|p2a: Hohohohoho|Klefki, F|100/100
|move|p1a: Dhelmise|Rapid Spin|p2a: Hohohohoho
|-resisted|p2a: Hohohohoho
|-damage|p2a: Hohohohoho|91/100
|-boost|p1a: Dhelmise|spe|1
|-sideend|p1: Glidinganteater|Stealth Rock|[from] move: Rapid Spin|[of] p1a: Dhelmise
|
|-heal|p2a: Hohohohoho|97/100|[from] item: Leftovers
|upkeep
|turn|6
|
|t:|1622824030
|switch|p1a: Gastrodon|Gastrodon, M|100/100
|move|p2a: Hohohohoho|Spikes|p1a: Gastrodon
|-sidestart|p1: Glidinganteater|Spikes
|
|-heal|p2a: Hohohohoho|100/100|[from] item: Leftovers
|upkeep
|turn|7
|j| forestcave
|
|t:|1622824036
|move|p2a: Hohohohoho|Toxic|p1a: Gastrodon
|-status|p1a: Gastrodon|tox
|move|p1a: Gastrodon|Earth Power|p2a: Hohohohoho
|-supereffective|p2a: Hohohohoho
|-damage|p2a: Hohohohoho|38/100
|-unboost|p2a: Hohohohoho|spd|1
|
|-heal|p2a: Hohohohoho|44/100|[from] item: Leftovers
|-damage|p1a: Gastrodon|94/100 tox|[from] psn
|upkeep
|turn|8
|
|t:|1622824048
|switch|p2a: Fine.|Zarude|100/100
|move|p1a: Gastrodon|Ice Beam|p2a: Fine.
|-supereffective|p2a: Fine.
|-damage|p2a: Fine.|61/100
|
|-heal|p1a: Gastrodon|100/100 tox|[from] item: Leftovers
|-damage|p1a: Gastrodon|88/100 tox|[from] psn
|upkeep
|turn|9
|l| KingFlyneValou
|l| forestcave
|
|t:|1622824059
|switch|p1a: Cobalion|Cobalion|100/100
|-damage|p1a: Cobalion|88/100|[from] Spikes
|move|p2a: Fine.|U-turn|p1a: Cobalion
|-resisted|p1a: Cobalion
|-damage|p1a: Cobalion|83/100
|-damage|p2a: Fine.|44/100|[from] item: Rocky Helmet|[of] p1a: Cobalion
|inactive|Odieq has 120 seconds left.
|
|t:|1622824088
|switch|p2a: Get Croaked|Toxicroak, F|100/100|[from]move: U-turn
|
|upkeep
|turn|10
|
|t:|1622824102
|move|p1a: Cobalion|Volt Switch|p2a: Get Croaked
|-damage|p2a: Get Croaked|78/100
|
|t:|1622824105
|switch|p1a: Gastrodon|Gastrodon, M|88/100 tox|[from]move: Volt Switch
|-damage|p1a: Gastrodon|76/100 tox|[from] Spikes
|move|p2a: Get Croaked|Gunk Shot|p1a: Gastrodon
|-resisted|p1a: Gastrodon
|-damage|p1a: Gastrodon|48/100 tox
|-damage|p2a: Get Croaked|69/100|[from] item: Life Orb
|
|-heal|p1a: Gastrodon|54/100 tox|[from] item: Leftovers
|-damage|p1a: Gastrodon|48/100 tox|[from] psn
|upkeep
|turn|11
|inactive|Odieq has 120 seconds left.
|
|t:|1622824132
|move|p2a: Get Croaked|Drain Punch|p1a: Gastrodon
|-damage|p1a: Gastrodon|11/100 tox
|-heal|p2a: Get Croaked|95/100|[from] drain|[of] p1a: Gastrodon
|-damage|p2a: Get Croaked|85/100|[from] item: Life Orb
|move|p1a: Gastrodon|Recover|p1a: Gastrodon
|-heal|p1a: Gastrodon|61/100 tox
|
|-heal|p1a: Gastrodon|67/100 tox|[from] item: Leftovers
|-damage|p1a: Gastrodon|54/100 tox|[from] psn
|upkeep
|turn|12
|inactive|Odieq has 120 seconds left.
|
|t:|1622824152
|switch|p2a: Party Time|Reuniclus, M|100/100
|move|p1a: Gastrodon|Earth Power|p2a: Party Time
|-damage|p2a: Party Time|83/100
|
|-heal|p1a: Gastrodon|61/100 tox|[from] item: Leftovers
|-damage|p1a: Gastrodon|42/100 tox|[from] psn
|upkeep
|turn|13
|
|t:|1622824161
|switch|p1a: Dhelmise|Dhelmise|100/100
|move|p2a: Party Time|Infestation|p1a: Dhelmise
|-damage|p1a: Dhelmise|92/100
|-activate|p1a: Dhelmise|move: Infestation|[of] p2a: Party Time
|
|-damage|p1a: Dhelmise|80/100|[from] move: Infestation|[partiallytrapped]
|upkeep
|turn|14
|inactive|Odieq has 90 seconds left.
|
|t:|1622824211
|move|p1a: Dhelmise|Rapid Spin|p2a: Party Time
|-damage|p2a: Party Time|64/100
|-boost|p1a: Dhelmise|spe|1
|-sideend|p1: Glidinganteater|Spikes|[from] move: Rapid Spin|[of] p1a: Dhelmise
|-end|p1a: Dhelmise|Infestation|[partiallytrapped]
|move|p2a: Party Time|Psyshock|p1a: Dhelmise
|-damage|p1a: Dhelmise|36/100
|
|upkeep
|turn|15
|
|t:|1622824224
|switch|p2a: Get Croaked|Toxicroak, F|85/100
|move|p1a: Dhelmise|Synthesis|p1a: Dhelmise
|-heal|p1a: Dhelmise|86/100
|
|upkeep
|turn|16
|
|t:|1622824233
|move|p2a: Get Croaked|Swords Dance|p2a: Get Croaked
|-boost|p2a: Get Croaked|atk|2
|move|p1a: Dhelmise|Poltergeist|p2a: Get Croaked
|-activate|p2a: Get Croaked|move: Poltergeist|Life Orb
|-damage|p2a: Get Croaked|0 fnt
|faint|p2a: Get Croaked
|
|upkeep
|
|t:|1622824246
|switch|p2a: Fine.|Zarude|44/100
|turn|17
|-message|Odieq forfeited.
|
|win|Glidinganteater
|raw|Glidinganteater's rating: 1416 &rarr; <strong>1435</strong><br />(+19 for winning)
|raw|Odieq's rating: 1403 &rarr; <strong>1384</strong><br />(-19 for losing)
|l|☆Odieq
||Ladder isn't responding, score probably updated but might not have (Request timeout).
