|j|☆thegoodstan
|j|☆purple mountains
|t:|1665870021
|gametype|singles
|player|p1|thegoodstan|wattson|1221
|player|p2|purple mountains|giovanni|1511
|teamsize|p1|6
|teamsize|p2|6
|gen|8
|tier|[Gen 8] RU
|rated|
|rule|Sleep Clause Mod: Limit one foe put to sleep
|rule|Species Clause: Limit one of each Pokémon
|rule|OHKO Clause: OHKO moves are banned
|rule|Evasion Items Clause: Evasion items are banned
|rule|Evasion Moves Clause: Evasion moves are banned
|rule|Endless Battle Clause: Forcing endless battles is banned
|rule|HP Percentage Mod: HP is shown in percentages
|rule|Dynamax Clause: You cannot dynamax
|clearpoke
|poke|p1|Politoed, F|
|poke|p1|Seismitoad, M|
|poke|p1|Kingdra, M|
|poke|p1|Bronzong|
|poke|p1|Tentacruel, M|
|poke|p1|Raikou|
|poke|p2|Suicune|
|poke|p2|Registeel|
|poke|p2|Flygon, M|
|poke|p2|Dhelmise|
|poke|p2|Weezing-Galar, M|
|poke|p2|Xurkitree|
|teampreview
|inactive|Battle timer is ON: inactive players will automatically lose when time's up. (requested by thegoodstan)
|
|t:|1665870030
|start
|switch|p1a: Bronzong|Bronzong|100/100
|switch|p2a: Dhelmise|Dhelmise|100/100
|turn|1
|
|t:|1665870036
|move|p2a: Dhelmise|Poltergeist|p1a: Bronzong|[miss]
|-miss|p2a: Dhelmise|p1a: Bronzong
|move|p1a: Bronzong|Stealth Rock|p2a: Dhelmise
|-sidestart|p2: purple mountains|move: Stealth Rock
|
|upkeep
|turn|2
|
|t:|1665870042
|move|p2a: Dhelmise|Rapid Spin|p1a: Bronzong
|-resisted|p1a: Bronzong
|-damage|p1a: Bronzong|93/100
|-boost|p2a: Dhelmise|spe|1
|-sideend|p2: purple mountains|Stealth Rock|[from] move: Rapid Spin|[of] p2a: Dhelmise
|move|p1a: Bronzong|Toxic|p2a: Dhelmise
|-status|p2a: Dhelmise|tox
|
|-heal|p1a: Bronzong|99/100|[from] item: Leftovers
|-damage|p2a: Dhelmise|94/100 tox|[from] psn
|upkeep
|turn|3
|
|t:|1665870054
|move|p2a: Dhelmise|Poltergeist|p1a: Bronzong|[miss]
|-miss|p2a: Dhelmise|p1a: Bronzong
|move|p1a: Bronzong|Stealth Rock|p2a: Dhelmise
|-sidestart|p2: purple mountains|move: Stealth Rock
|
|-heal|p1a: Bronzong|100/100|[from] item: Leftovers
|-damage|p2a: Dhelmise|82/100 tox|[from] psn
|upkeep
|turn|4
|
|t:|1665870057
|move|p2a: Dhelmise|Poltergeist|p1a: Bronzong
|-activate|p1a: Bronzong|move: Poltergeist|Leftovers
|-supereffective|p1a: Bronzong
|-damage|p1a: Bronzong|0 fnt
|faint|p1a: Bronzong
|
|-damage|p2a: Dhelmise|64/100 tox|[from] psn
|upkeep
|
|t:|1665870063
|switch|p1a: Politoed|Politoed, F|100/100
|-weather|RainDance|[from] ability: Drizzle|[of] p1a: Politoed
|turn|5
|c|☆purple mountains|very cool
|
|t:|1665870079
|switch|p1a: Raikou|Raikou|100/100
|move|p2a: Dhelmise|Power Whip|p1a: Raikou
|-damage|p1a: Raikou|13/100
|
|-weather|RainDance|[upkeep]
|-damage|p2a: Dhelmise|40/100 tox|[from] psn
|upkeep
|turn|6
|
|t:|1665870087
|switch|p2a: Registeel|Registeel|100/100
|-damage|p2a: Registeel|94/100|[from] Stealth Rock
|move|p1a: Raikou|Thunder|p2a: Registeel
|-damage|p2a: Registeel|68/100
|
|-weather|RainDance|[upkeep]
|-heal|p2a: Registeel|74/100|[from] item: Leftovers
|upkeep
|turn|7
|
|t:|1665870094
|move|p2a: Registeel|Protect|p2a: Registeel
|-singleturn|p2a: Registeel|Protect
|move|p1a: Raikou|Volt Switch|p2a: Registeel
|-activate|p2a: Registeel|move: Protect
|
|-weather|RainDance|[upkeep]
|-heal|p2a: Registeel|80/100|[from] item: Leftovers
|upkeep
|turn|8
|
|t:|1665870098
|move|p1a: Raikou|Volt Switch|p2a: Registeel
|-damage|p2a: Registeel|62/100
|
|t:|1665870103
|switch|p1a: Seismitoad|Seismitoad, M|100/100|[from]move: Volt Switch
|move|p2a: Registeel|Stealth Rock|p1a: Seismitoad
|-sidestart|p1: thegoodstan|move: Stealth Rock
|
|-weather|RainDance|[upkeep]
|-heal|p2a: Registeel|68/100|[from] item: Leftovers
|upkeep
|turn|9
|
|t:|1665870108
|move|p2a: Registeel|Protect|p2a: Registeel
|-singleturn|p2a: Registeel|Protect
|move|p1a: Seismitoad|Earthquake|p2a: Registeel
|-activate|p2a: Registeel|move: Protect
|
|-weather|RainDance|[upkeep]
|-heal|p2a: Registeel|74/100|[from] item: Leftovers
|upkeep
|turn|10
|
|t:|1665870124
|switch|p2a: Weezing|Weezing-Galar, M|100/100
|-damage|p2a: Weezing|88/100|[from] Stealth Rock
|move|p1a: Seismitoad|Liquidation|p2a: Weezing
|-damage|p2a: Weezing|36/100
|-damage|p1a: Seismitoad|91/100|[from] item: Life Orb
|
|-weather|RainDance|[upkeep]
|-heal|p2a: Weezing|42/100|[from] item: Black Sludge
|upkeep
|turn|11
|
|t:|1665870133
|move|p1a: Seismitoad|Liquidation|p2a: Weezing
|-damage|p2a: Weezing|0 fnt
|faint|p2a: Weezing
|-damage|p1a: Seismitoad|81/100|[from] item: Life Orb
|
|-weather|RainDance|[upkeep]
|upkeep
|
|t:|1665870144
|switch|p2a: Suicune|Suicune|100/100
|-damage|p2a: Suicune|88/100|[from] Stealth Rock
|-ability|p2a: Suicune|Pressure
|turn|12
|
|t:|1665870147
|move|p2a: Suicune|Protect|p2a: Suicune
|-singleturn|p2a: Suicune|Protect
|move|p1a: Seismitoad|Power Whip|p2a: Suicune
|-activate|p2a: Suicune|move: Protect
|
|-weather|none
|-heal|p2a: Suicune|94/100|[from] item: Leftovers
|upkeep
|turn|13
|
|t:|1665870152
|move|p2a: Suicune|Substitute|p2a: Suicune
|-start|p2a: Suicune|Substitute
|-damage|p2a: Suicune|69/100
|move|p1a: Seismitoad|Power Whip|p2a: Suicune
|-supereffective|p2a: Suicune
|-end|p2a: Suicune|Substitute
|-damage|p1a: Seismitoad|71/100|[from] item: Life Orb
|
|-heal|p2a: Suicune|75/100|[from] item: Leftovers
|upkeep
|turn|14
|
|t:|1665870158
|move|p2a: Suicune|Protect|p2a: Suicune
|-singleturn|p2a: Suicune|Protect
|move|p1a: Seismitoad|Power Whip|p2a: Suicune
|-activate|p2a: Suicune|move: Protect
|
|-heal|p2a: Suicune|82/100|[from] item: Leftovers
|upkeep
|turn|15
|
|t:|1665870166
|switch|p1a: Tentacruel|Tentacruel, M|100/100
|-damage|p1a: Tentacruel|88/100|[from] Stealth Rock
|move|p2a: Suicune|Substitute|p2a: Suicune
|-start|p2a: Suicune|Substitute
|-damage|p2a: Suicune|57/100
|
|-heal|p2a: Suicune|63/100|[from] item: Leftovers
|-heal|p1a: Tentacruel|94/100|[from] item: Black Sludge
|upkeep
|turn|16
|
|t:|1665870172
|move|p2a: Suicune|Protect|p2a: Suicune
|-singleturn|p2a: Suicune|Protect
|move|p1a: Tentacruel|Rapid Spin|p2a: Suicune
|-activate|p2a: Suicune|move: Protect
|
|-heal|p2a: Suicune|69/100|[from] item: Leftovers
|-heal|p1a: Tentacruel|99/100|[from] item: Black Sludge
|upkeep
|turn|17
|
|t:|1665870177
|move|p2a: Suicune|Calm Mind|p2a: Suicune
|-boost|p2a: Suicune|spa|1
|-boost|p2a: Suicune|spd|1
|move|p1a: Tentacruel|Rapid Spin|p2a: Suicune
|-activate|p2a: Suicune|move: Substitute|[damage]
|-sideend|p1: thegoodstan|Stealth Rock|[from] move: Rapid Spin|[of] p1a: Tentacruel
|-boost|p1a: Tentacruel|spe|1
|
|-heal|p1a: Tentacruel|100/100|[from] item: Black Sludge
|-heal|p2a: Suicune|75/100|[from] item: Leftovers
|upkeep
|turn|18
|
|t:|1665870185
|switch|p1a: Politoed|Politoed, F|100/100
|-weather|RainDance|[from] ability: Drizzle|[of] p1a: Politoed
|move|p2a: Suicune|Calm Mind|p2a: Suicune
|-boost|p2a: Suicune|spa|1
|-boost|p2a: Suicune|spd|1
|
|-weather|RainDance|[upkeep]
|-heal|p2a: Suicune|81/100|[from] item: Leftovers
|upkeep
|turn|19
|
|t:|1665870190
|move|p2a: Suicune|Scald|p1a: Politoed
|-resisted|p1a: Politoed
|-damage|p1a: Politoed|68/100
|move|p1a: Politoed|Encore|p2a: Suicune
|-start|p2a: Suicune|Encore
|
|-weather|RainDance|[upkeep]
|-heal|p2a: Suicune|88/100|[from] item: Leftovers
|upkeep
|turn|20
|
|t:|1665870198
|switch|p1a: Seismitoad|Seismitoad, M|71/100
|move|p2a: Suicune|Scald|p1a: Seismitoad
|-damage|p1a: Seismitoad|0 fnt
|faint|p1a: Seismitoad
|
|-weather|RainDance|[upkeep]
|-heal|p2a: Suicune|94/100|[from] item: Leftovers
|upkeep
|
|t:|1665870204
|switch|p1a: Kingdra|Kingdra, M|100/100
|turn|21
|c|☆purple mountains|big brain
|
|t:|1665870209
|move|p1a: Kingdra|Hurricane|p2a: Suicune
|-activate|p2a: Suicune|move: Substitute|[damage]
|-damage|p1a: Kingdra|91/100|[from] item: Life Orb
|move|p2a: Suicune|Scald|p1a: Kingdra
|-resisted|p1a: Kingdra
|-damage|p1a: Kingdra|66/100
|
|-weather|RainDance|[upkeep]
|-heal|p2a: Suicune|99/100|[from] item: Leftovers
|upkeep
|turn|22
|
|t:|1665870219
|move|p1a: Kingdra|Hurricane|p2a: Suicune
|-end|p2a: Suicune|Substitute
|-damage|p1a: Kingdra|56/100|[from] item: Life Orb
|move|p2a: Suicune|Scald|p1a: Kingdra
|-resisted|p1a: Kingdra
|-damage|p1a: Kingdra|35/100
|
|-weather|RainDance|[upkeep]
|-heal|p2a: Suicune|100/100|[from] item: Leftovers
|-end|p2a: Suicune|Encore
|upkeep
|turn|23
|
|t:|1665870229
|move|p1a: Kingdra|Hurricane|p2a: Suicune
|-damage|p2a: Suicune|82/100
|-damage|p1a: Kingdra|25/100|[from] item: Life Orb
|move|p2a: Suicune|Scald|p1a: Kingdra
|-resisted|p1a: Kingdra
|-damage|p1a: Kingdra|3/100
|
|-weather|RainDance|[upkeep]
|-heal|p2a: Suicune|89/100|[from] item: Leftovers
|upkeep
|turn|24
|
|t:|1665870236
|move|p1a: Kingdra|Hurricane|p2a: Suicune
|-damage|p2a: Suicune|71/100
|-damage|p1a: Kingdra|0 fnt|[from] item: Life Orb
|faint|p1a: Kingdra
|move|p2a: Suicune|Calm Mind|p2a: Suicune
|-boost|p2a: Suicune|spa|1
|-boost|p2a: Suicune|spd|1
|
|-weather|RainDance|[upkeep]
|-heal|p2a: Suicune|77/100|[from] item: Leftovers
|upkeep
|
|t:|1665870243
|switch|p1a: Raikou|Raikou|13/100
|turn|25
|
|t:|1665870250
|move|p2a: Suicune|Protect|p2a: Suicune
|-singleturn|p2a: Suicune|Protect
|move|p1a: Raikou|Thunder|p2a: Suicune
|-activate|p2a: Suicune|move: Protect
|
|-weather|none
|-heal|p2a: Suicune|84/100|[from] item: Leftovers
|upkeep
|turn|26
|
|t:|1665870253
|move|p1a: Raikou|Thunder|p2a: Suicune
|-supereffective|p2a: Suicune
|-crit|p2a: Suicune
|-damage|p2a: Suicune|0 fnt
|faint|p2a: Suicune
|
|upkeep
|
|t:|1665870264
|switch|p2a: Xurkitree|Xurkitree|100/100
|turn|27
|c|☆purple mountains|big brain time
|
|t:|1665870271
|switch|p1a: Politoed|Politoed, F|68/100
|-weather|RainDance|[from] ability: Drizzle|[of] p1a: Politoed
|move|p2a: Xurkitree|Thunderbolt|p1a: Politoed
|-supereffective|p1a: Politoed
|-damage|p1a: Politoed|0 fnt
|faint|p1a: Politoed
|-ability|p2a: Xurkitree|Beast Boost|boost
|-boost|p2a: Xurkitree|spa|1
|
|-weather|RainDance|[upkeep]
|upkeep
|
|t:|1665870278
|switch|p1a: Raikou|Raikou|13/100
|turn|28
|
|t:|1665870282
|move|p1a: Raikou|Thunder|p2a: Xurkitree
|-resisted|p2a: Xurkitree
|-damage|p2a: Xurkitree|61/100
|move|p2a: Xurkitree|Thunderbolt|p1a: Raikou
|-resisted|p1a: Raikou
|-damage|p1a: Raikou|0 fnt
|faint|p1a: Raikou
|-ability|p2a: Xurkitree|Beast Boost|boost
|-boost|p2a: Xurkitree|spa|1
|
|-weather|RainDance|[upkeep]
|upkeep
|
|t:|1665870285
|switch|p1a: Tentacruel|Tentacruel, M|100/100
|turn|29
|
|t:|1665870292
|move|p2a: Xurkitree|Thunderbolt|p1a: Tentacruel
|-supereffective|p1a: Tentacruel
|-damage|p1a: Tentacruel|0 fnt
|faint|p1a: Tentacruel
|
|win|purple mountains
|raw|thegoodstan's rating: 1221 &rarr; <strong>1213</strong><br />(-8 for losing)
|raw|purple mountains's rating: 1511 &rarr; <strong>1517</strong><br />(+6 for winning)
|l|☆thegoodstan
||Ladder isn't responding, score probably updated but might not have (Request timeout).
