|html|<div class="broadcast-blue"><strong>[Gen 8] RU is currently suspecting Obstagoon! For information on how to participate check out the <a href="https://www.smogon.com/forums/threads/ru-stage-11-rock-and-roll-all-nite-obstagoon-suspect-test.3700302/">suspect thread</a>.</strong></div>
|j|☆elizabeth jennings
|j|☆Panorama Fiesta
|inactive|Battle timer is ON: inactive players will automatically lose when time's up.
|t:|1649686857
|gametype|singles
|player|p1|elizabeth jennings|red|
|player|p2|Panorama Fiesta|nurseryaide|
|teamsize|p1|6
|teamsize|p2|6
|gen|8
|tier|[Gen 8] RU
|rated|Tournament battle
|rule|Sleep Clause Mod: Limit one foe put to sleep
|rule|Species Clause: Limit one of each Pokémon
|rule|OHKO Clause: OHKO moves are banned
|rule|Evasion Moves Clause: Evasion moves are banned
|rule|Endless Battle Clause: Forcing endless battles is banned
|rule|HP Percentage Mod: HP is shown in percentages
|rule|Dynamax Clause: You cannot dynamax
|clearpoke
|poke|p1|Heliolisk, M|
|poke|p1|Golisopod, M|
|poke|p1|Marowak-Alola, F|
|poke|p1|Guzzlord|
|poke|p1|Crobat, M|
|poke|p1|Registeel|
|poke|p2|Bewear, M|
|poke|p2|Toxtricity, F|
|poke|p2|Celebi|
|poke|p2|Noivern, M|
|poke|p2|Milotic, F|
|poke|p2|Steelix, M|
|teampreview
|j|*Lady Monita ✿
|j| WheresThe2ndPkmn
|j| Assilent_Lokoz
|j| Best Unkle Dan
|j| M com ICS am
|
|t:|1649686875
|start
|switch|p1a: Guzzlord|Guzzlord|100/100
|switch|p2a: Celebi|Celebi|100/100
|turn|1
|j| UncannyOnslaught
|j| gg i guess lmao
|j| Yeti615
|
|t:|1649686880
|move|p2a: Celebi|U-turn|p1a: Guzzlord
|-supereffective|p1a: Guzzlord
|-damage|p1a: Guzzlord|72/100
|
|t:|1649686891
|switch|p2a: Steelix|Steelix, M|100/100|[from]move: U-turn
|move|p1a: Guzzlord|Knock Off|p2a: Steelix
|-damage|p2a: Steelix|78/100
|-enditem|p2a: Steelix|Leftovers|[from] move: Knock Off|[of] p1a: Guzzlord
|
|-heal|p1a: Guzzlord|78/100|[from] item: Leftovers
|upkeep
|turn|2
|
|t:|1649686897
|move|p1a: Guzzlord|Earthquake|p2a: Steelix
|-supereffective|p2a: Steelix
|-damage|p2a: Steelix|46/100
|move|p2a: Steelix|Stealth Rock|p1a: Guzzlord
|-sidestart|p1: elizabeth jennings|move: Stealth Rock
|
|-heal|p1a: Guzzlord|84/100|[from] item: Leftovers
|upkeep
|turn|3
|
|t:|1649686913
|switch|p1a: Crobat|Crobat, M|100/100
|switch|p2a: Milotic|Milotic, F|100/100
|
|upkeep
|turn|4
|c| gg i guess lmao|j
|
|t:|1649686921
|move|p1a: Crobat|Defog|p2a: Milotic
|-unboost|p2a: Milotic|evasion|1
|-sideend|p1: elizabeth jennings|Stealth Rock|[from] move: Defog|[of] p1a: Crobat
|move|p2a: Milotic|Flip Turn|p1a: Crobat
|-damage|p1a: Crobat|88/100
|
|t:|1649686924
|switch|p2a: Steelix|Steelix, M|46/100|[from]move: Flip Turn
|
|upkeep
|turn|5
|
|t:|1649686926
|move|p1a: Crobat|Brave Bird|p2a: Steelix
|-resisted|p2a: Steelix
|-damage|p2a: Steelix|36/100
|-damage|p1a: Crobat|84/100|[from] Recoil
|move|p2a: Steelix|Stealth Rock|p1a: Crobat
|-sidestart|p1: elizabeth jennings|move: Stealth Rock
|
|upkeep
|turn|6
|
|t:|1649686929
|move|p1a: Crobat|Defog|p2a: Steelix
|-unboost|p2a: Steelix|evasion|1
|-sideend|p1: elizabeth jennings|Stealth Rock|[from] move: Defog|[of] p1a: Crobat
|move|p2a: Steelix|Heavy Slam|p1a: Crobat
|-damage|p1a: Crobat|46/100
|
|upkeep
|turn|7
|
|t:|1649686932
|move|p1a: Crobat|Roost|p1a: Crobat
|-heal|p1a: Crobat|96/100
|-singleturn|p1a: Crobat|move: Roost
|move|p2a: Steelix|Heavy Slam|p1a: Crobat
|-damage|p1a: Crobat|60/100
|
|upkeep
|turn|8
|
|t:|1649686944
|move|p1a: Crobat|Roost|p1a: Crobat
|-heal|p1a: Crobat|100/100
|-singleturn|p1a: Crobat|move: Roost
|move|p2a: Steelix|Stealth Rock|p1a: Crobat
|-sidestart|p1: elizabeth jennings|move: Stealth Rock
|
|upkeep
|turn|9
|
|t:|1649686947
|move|p1a: Crobat|Defog|p2a: Steelix
|-unboost|p2a: Steelix|evasion|1
|-sideend|p1: elizabeth jennings|Stealth Rock|[from] move: Defog|[of] p1a: Crobat
|move|p2a: Steelix|Heavy Slam|p1a: Crobat
|-damage|p1a: Crobat|57/100
|
|upkeep
|turn|10
|
|t:|1649686950
|move|p1a: Crobat|Roost|p1a: Crobat
|-heal|p1a: Crobat|100/100
|-singleturn|p1a: Crobat|move: Roost
|move|p2a: Steelix|Heavy Slam|p1a: Crobat
|-damage|p1a: Crobat|57/100
|
|upkeep
|turn|11
|
|t:|1649686957
|switch|p1a: Marowak|Marowak-Alola, F|100/100
|move|p2a: Steelix|Stealth Rock|p1a: Marowak
|-sidestart|p1: elizabeth jennings|move: Stealth Rock
|
|upkeep
|turn|12
|
|t:|1649686968
|switch|p2a: Milotic|Milotic, F|100/100
|move|p1a: Marowak|Earthquake|p2a: Milotic
|-damage|p2a: Milotic|59/100
|
|-heal|p2a: Milotic|65/100|[from] item: Leftovers
|upkeep
|turn|13
|
|t:|1649686973
|move|p2a: Milotic|Scald|p1a: Marowak
|-supereffective|p1a: Marowak
|-damage|p1a: Marowak|11/100
|move|p1a: Marowak|Poltergeist|p2a: Milotic
|-activate|p2a: Milotic|move: Poltergeist|Leftovers
|-damage|p2a: Milotic|4/100
|
|-heal|p2a: Milotic|10/100|[from] item: Leftovers
|upkeep
|turn|14
|
|t:|1649686982
|switch|p1a: Heliolisk|Heliolisk, M|100/100
|move|p2a: Milotic|Toxic|p1a: Heliolisk
|-status|p1a: Heliolisk|tox
|
|-heal|p2a: Milotic|16/100|[from] item: Leftovers
|-damage|p1a: Heliolisk|94/100 tox|[from] psn
|upkeep
|turn|15
|j| Chamkadar
|
|t:|1649686992
|switch|p2a: Celebi|Celebi|100/100
|move|p1a: Heliolisk|Hyper Voice|p2a: Celebi
|-damage|p2a: Celebi|57/100
|
|-damage|p1a: Heliolisk|82/100 tox|[from] psn
|upkeep
|turn|16
|l| Chamkadar
|j| Axrtix
|
|t:|1649687002
|move|p2a: Celebi|Leaf Storm|p1a: Heliolisk
|-damage|p1a: Heliolisk|8/100 tox
|-unboost|p2a: Celebi|spa|2
|move|p1a: Heliolisk|U-turn|p2a: Celebi
|-supereffective|p2a: Celebi
|-damage|p2a: Celebi|24/100
|
|t:|1649687005
|switch|p1a: Crobat|Crobat, M|57/100|[from]move: U-turn
|
|upkeep
|turn|17
|
|t:|1649687028
|switch|p2a: Steelix|Steelix, M|36/100
|move|p1a: Crobat|Defog|p2a: Steelix
|-unboost|p2a: Steelix|evasion|1
|-sideend|p1: elizabeth jennings|Stealth Rock|[from] move: Defog|[of] p1a: Crobat
|
|upkeep
|turn|18
|
|t:|1649687033
|move|p1a: Crobat|Roost|p1a: Crobat
|-heal|p1a: Crobat|100/100
|-singleturn|p1a: Crobat|move: Roost
|move|p2a: Steelix|Stealth Rock|p1a: Crobat
|-sidestart|p1: elizabeth jennings|move: Stealth Rock
|
|upkeep
|turn|19
|j| Stars and light
|j| daktoth
|l| daktoth
|j| Shushi-Bandit
|
|t:|1649687060
|move|p1a: Crobat|Defog|p2a: Steelix
|-unboost|p2a: Steelix|evasion|1
|-sideend|p1: elizabeth jennings|Stealth Rock|[from] move: Defog|[of] p1a: Crobat
|move|p2a: Steelix|Heavy Slam|p1a: Crobat
|-damage|p1a: Crobat|63/100
|
|upkeep
|turn|20
|j| shadowsneakhd
|
|t:|1649687064
|move|p1a: Crobat|Brave Bird|p2a: Steelix
|-resisted|p2a: Steelix
|-damage|p2a: Steelix|27/100
|-damage|p1a: Crobat|60/100|[from] Recoil
|move|p2a: Steelix|Stealth Rock|p1a: Crobat
|-sidestart|p1: elizabeth jennings|move: Stealth Rock
|
|upkeep
|turn|21
|
|t:|1649687071
|move|p1a: Crobat|Defog|p2a: Steelix
|-unboost|p2a: Steelix|evasion|1
|-sideend|p1: elizabeth jennings|Stealth Rock|[from] move: Defog|[of] p1a: Crobat
|move|p2a: Steelix|Heavy Slam|p1a: Crobat
|-damage|p1a: Crobat|19/100
|
|upkeep
|turn|22
|
|t:|1649687078
|move|p1a: Crobat|Roost|p1a: Crobat
|-heal|p1a: Crobat|69/100
|-singleturn|p1a: Crobat|move: Roost
|move|p2a: Steelix|Stealth Rock|p1a: Crobat
|-sidestart|p1: elizabeth jennings|move: Stealth Rock
|
|upkeep
|turn|23
|
|t:|1649687083
|switch|p2a: Celebi|Celebi|24/100
|move|p1a: Crobat|Defog|p2a: Celebi
|-unboost|p2a: Celebi|evasion|1
|-sideend|p1: elizabeth jennings|Stealth Rock|[from] move: Defog|[of] p1a: Crobat
|
|upkeep
|turn|24
|j| cav7
|
|t:|1649687094
|switch|p1a: Golisopod|Golisopod, M|100/100
|move|p2a: Celebi|U-turn|p1a: Golisopod
|-damage|p1a: Golisopod|90/100
|
|t:|1649687097
|switch|p2a: Noivern|Noivern, M|100/100|[from]move: U-turn
|
|upkeep
|turn|25
|j| NemesisOP69
|
|t:|1649687108
|switch|p1a: Registeel|Registeel|100/100
|move|p2a: Noivern|Super Fang|p1a: Registeel
|-damage|p1a: Registeel|50/100
|
|-heal|p1a: Registeel|57/100|[from] item: Leftovers
|upkeep
|turn|26
|
|t:|1649687113
|switch|p2a: Steelix|Steelix, M|27/100
|move|p1a: Registeel|Thunder Wave|p2a: Steelix
|-immune|p2a: Steelix
|
|-heal|p1a: Registeel|63/100|[from] item: Leftovers
|upkeep
|turn|27
|
|t:|1649687115
|move|p1a: Registeel|Body Press|p2a: Steelix
|-supereffective|p2a: Steelix
|-damage|p2a: Steelix|0 fnt
|faint|p2a: Steelix
|
|-heal|p1a: Registeel|69/100|[from] item: Leftovers
|upkeep
|l| Yeti615
|
|t:|1649687119
|switch|p2a: Bewear|Bewear, M|100/100
|turn|28
|l| UncannyOnslaught
|l| WheresThe2ndPkmn
|
|t:|1649687131
|move|p2a: Bewear|Swords Dance|p2a: Bewear
|-boost|p2a: Bewear|atk|2
|move|p1a: Registeel|Thunder Wave|p2a: Bewear
|-status|p2a: Bewear|par
|
|-heal|p1a: Registeel|75/100|[from] item: Leftovers
|upkeep
|turn|29
|l| Shushi-Bandit
|
|t:|1649687140
|switch|p1a: Marowak|Marowak-Alola, F|11/100
|move|p2a: Bewear|Darkest Lariat|p1a: Marowak
|-supereffective|p1a: Marowak
|-damage|p1a: Marowak|0 fnt
|faint|p1a: Marowak
|
|upkeep
|
|t:|1649687147
|switch|p1a: Heliolisk|Heliolisk, M|8/100 tox
|turn|30
|l| Axrtix
|
|t:|1649687162
|switch|p2a: Milotic|Milotic, F|16/100
|move|p1a: Heliolisk|Hyper Voice|p2a: Milotic
|-damage|p2a: Milotic|0 fnt
|faint|p2a: Milotic
|
|-damage|p1a: Heliolisk|2/100 tox|[from] psn
|upkeep
|
|t:|1649687166
|switch|p2a: Noivern|Noivern, M|100/100
|turn|31
|
|t:|1649687169
|switch|p1a: Registeel|Registeel|75/100
|move|p2a: Noivern|Hurricane|p1a: Registeel
|-resisted|p1a: Registeel
|-damage|p1a: Registeel|64/100
|-start|p1a: Registeel|confusion
|
|-heal|p1a: Registeel|70/100|[from] item: Leftovers
|upkeep
|turn|32
|
|t:|1649687176
|switch|p2a: Bewear|Bewear, M|100/100 par
|-activate|p1a: Registeel|confusion
|-damage|p1a: Registeel|66/100|[from] confusion
|
|-heal|p1a: Registeel|72/100|[from] item: Leftovers
|upkeep
|turn|33
|
|t:|1649687184
|switch|p1a: Crobat|Crobat, M|69/100
|move|p2a: Bewear|Swords Dance|p2a: Bewear
|-boost|p2a: Bewear|atk|2
|
|upkeep
|turn|34
|
|t:|1649687188
|move|p1a: Crobat|Brave Bird|p2a: Bewear
|-supereffective|p2a: Bewear
|-crit|p2a: Bewear
|-damage|p2a: Bewear|34/100 par
|-damage|p1a: Crobat|46/100|[from] Recoil
|move|p2a: Bewear|Double-Edge|p1a: Crobat
|-damage|p1a: Crobat|0 fnt
|faint|p1a: Crobat
|-damage|p2a: Bewear|19/100 par|[from] Recoil
|
|upkeep
|
|t:|1649687202
|switch|p1a: Guzzlord|Guzzlord|84/100
|turn|35
|
|t:|1649687211
|move|p1a: Guzzlord|Earthquake|p2a: Bewear
|-damage|p2a: Bewear|0 fnt
|faint|p2a: Bewear
|-ability|p1a: Guzzlord|Beast Boost|boost
|-boost|p1a: Guzzlord|atk|1
|
|-heal|p1a: Guzzlord|91/100|[from] item: Leftovers
|upkeep
|
|t:|1649687214
|switch|p2a: Noivern|Noivern, M|100/100
|turn|36
|
|t:|1649687218
|move|p1a: Guzzlord|Protect|p1a: Guzzlord
|-singleturn|p1a: Guzzlord|Protect
|move|p2a: Noivern|Hurricane|p1a: Guzzlord
|-activate|p1a: Guzzlord|move: Protect
|
|-heal|p1a: Guzzlord|97/100|[from] item: Leftovers
|upkeep
|turn|37
|
|t:|1649687220
|move|p2a: Noivern|Hurricane|p1a: Guzzlord
|-damage|p1a: Guzzlord|72/100
|-start|p1a: Guzzlord|confusion
|-activate|p1a: Guzzlord|confusion
|move|p1a: Guzzlord|Knock Off|p2a: Noivern
|-damage|p2a: Noivern|30/100
|-enditem|p2a: Noivern|Heavy-Duty Boots|[from] move: Knock Off|[of] p1a: Guzzlord
|
|-heal|p1a: Guzzlord|78/100|[from] item: Leftovers
|upkeep
|turn|38
|
|t:|1649687226
|move|p2a: Noivern|Super Fang|p1a: Guzzlord
|-damage|p1a: Guzzlord|40/100
|-activate|p1a: Guzzlord|confusion
|move|p1a: Guzzlord|Knock Off|p2a: Noivern
|-damage|p2a: Noivern|0 fnt
|faint|p2a: Noivern
|-ability|p1a: Guzzlord|Beast Boost|boost
|-boost|p1a: Guzzlord|atk|1
|
|-heal|p1a: Guzzlord|46/100|[from] item: Leftovers
|upkeep
|
|t:|1649687231
|switch|p2a: Toxtricity|Toxtricity, F|100/100
|turn|39
|
|t:|1649687238
|move|p2a: Toxtricity|Boomburst|p1a: Guzzlord
|-damage|p1a: Guzzlord|4/100
|-enditem|p2a: Toxtricity|Throat Spray
|-boost|p2a: Toxtricity|spa|1|[from] item: Throat Spray
|-activate|p1a: Guzzlord|confusion
|move|p1a: Guzzlord|Earthquake|p2a: Toxtricity
|-supereffective|p2a: Toxtricity
|-damage|p2a: Toxtricity|0 fnt
|faint|p2a: Toxtricity
|-ability|p1a: Guzzlord|Beast Boost|boost
|-boost|p1a: Guzzlord|atk|1
|
|-heal|p1a: Guzzlord|11/100|[from] item: Leftovers
|upkeep
|
|t:|1649687244
|switch|p2a: Celebi|Celebi|24/100
|turn|40
|c|☆Panorama Fiesta|gg
|-message|Panorama Fiesta forfeited.
|
|win|elizabeth jennings
|n|☆elizabeth jennings|elizabethjennings
|n|☆Panorama Fiesta|panoramafiesta
|n|*Lady Monita ✿|ladymonita
|n| Assilent_Lokoz|assilentlokoz
|n| Best Unkle Dan|bestunkledan
|n| M com ICS am|mcomicsam
|n| gg i guess lmao|ggiguesslmao
|n| Stars and light|starsandlight
|n| shadowsneakhd|shadowsneakhd
|n| cav7|cav7
|n| NemesisOP69|nemesisop69
