|j|☆polar_geass
|j|☆NaomiGogoat67
|t:|1612673354
|player|p1|polar_geass|skyla|1273
|player|p2|NaomiGogoat67|guzma|1141
|teamsize|p1|6
|teamsize|p2|6
|gametype|singles
|gen|8
|tier|[Gen 8] RU
|rated|
|clearpoke
|poke|p1|Seismitoad, F|
|poke|p1|Politoed, F|
|poke|p1|Tornadus, M|
|poke|p1|Toxicroak, M|
|poke|p1|Kingdra, M|
|poke|p1|Bronzong|
|poke|p2|Darmanitan, M|
|poke|p2|Zarude|
|poke|p2|Weezing-Galar, F|
|poke|p2|Umbreon, M|
|poke|p2|Gardevoir, F|
|poke|p2|Golisopod, M|
|rule|Sleep Clause Mod: Limit one foe put to sleep
|rule|Species Clause: Limit one of each Pokémon
|rule|OHKO Clause: OHKO moves are banned
|rule|Evasion Moves Clause: Evasion moves are banned
|rule|Endless Battle Clause: Forcing endless battles is banned
|rule|HP Percentage Mod: HP is shown in percentages
|rule|Dynamax Clause: You cannot dynamax
|teampreview
|c|☆NaomiGogoat67|glhf
|inactive|Battle timer is ON: inactive players will automatically lose when time's up. (requested by NaomiGogoat67)
|
|t:|1612673369
|start
|switch|p1a: Politoed|Politoed, F|100/100
|switch|p2a: Gardevoir|Gardevoir, F|100/100
|-ability|p2a: Gardevoir|Drizzle|[from] ability: Trace|[of] p1a: Politoed
|-weather|RainDance|[from] ability: Drizzle|[of] p2a: Gardevoir
|turn|1
|
|t:|1612673384
|switch|p1a: Bronzong|Bronzong|100/100
|move|p2a: Gardevoir|Moonblast|p1a: Bronzong
|-resisted|p1a: Bronzong
|-damage|p1a: Bronzong|78/100
|
|-weather|RainDance|[upkeep]
|-heal|p1a: Bronzong|85/100|[from] item: Leftovers
|upkeep
|turn|2
|
|t:|1612673394
|switch|p2a: Umbreon|Umbreon, M, shiny|100/100
|move|p1a: Bronzong|Stealth Rock|p2a: Umbreon
|-sidestart|p2: NaomiGogoat67|move: Stealth Rock
|
|-weather|RainDance|[upkeep]
|-heal|p1a: Bronzong|91/100|[from] item: Leftovers
|upkeep
|turn|3
|
|t:|1612673401
|switch|p1a: Toxicroak|Toxicroak, M|100/100
|move|p2a: Umbreon|Foul Play|p1a: Toxicroak
|-resisted|p1a: Toxicroak
|-damage|p1a: Toxicroak|66/100
|
|-weather|RainDance|[upkeep]
|-heal|p1a: Toxicroak|79/100|[from] ability: Dry Skin
|upkeep
|turn|4
|
|t:|1612673419
|switch|p2a: Weezing|Weezing-Galar, F|100/100
|-ability|p2a: Weezing|Neutralizing Gas
|-damage|p2a: Weezing|88/100|[from] Stealth Rock
|move|p1a: Toxicroak|Swords Dance|p1a: Toxicroak
|-boost|p1a: Toxicroak|atk|2
|
|-weather|RainDance|[upkeep]
|-heal|p2a: Weezing|94/100|[from] item: Black Sludge
|upkeep
|turn|5
|
|t:|1612673429
|move|p1a: Toxicroak|Gunk Shot|p2a: Weezing
|-damage|p2a: Weezing|5/100
|-damage|p1a: Toxicroak|69/100|[from] item: Life Orb
|move|p2a: Weezing|Will-O-Wisp|p1a: Toxicroak
|-status|p1a: Toxicroak|brn
|
|-weather|none
|-heal|p2a: Weezing|11/100|[from] item: Black Sludge
|-damage|p1a: Toxicroak|63/100 brn|[from] brn
|upkeep
|turn|6
|
|t:|1612673454
|move|p1a: Toxicroak|Gunk Shot|p2a: Weezing|[miss]
|-miss|p1a: Toxicroak|p2a: Weezing
|move|p2a: Weezing|Defog|p1a: Toxicroak
|-unboost|p1a: Toxicroak|evasion|1
|-sideend|p2: NaomiGogoat67|Stealth Rock|[from] move: Defog|[of] p2a: Weezing
|
|-heal|p2a: Weezing|17/100|[from] item: Black Sludge
|-damage|p1a: Toxicroak|57/100 brn|[from] brn
|upkeep
|turn|7
|
|t:|1612673466
|move|p1a: Toxicroak|Gunk Shot|p2a: Weezing
|-damage|p2a: Weezing|0 fnt
|-damage|p1a: Toxicroak|47/100 brn|[from] item: Life Orb
|faint|p2a: Weezing
|-end|p2a: Weezing|ability: Neutralizing Gas
|
|-damage|p1a: Toxicroak|41/100 brn|[from] brn
|upkeep
|
|t:|1612673470
|switch|p2a: Darmanitan|Darmanitan, M|100/100
|turn|8
|
|t:|1612673481
|move|p1a: Toxicroak|Sucker Punch|p2a: Darmanitan
|-damage|p2a: Darmanitan|59/100
|-damage|p1a: Toxicroak|31/100 brn|[from] item: Life Orb
|move|p2a: Darmanitan|Flare Blitz|p1a: Toxicroak
|-damage|p1a: Toxicroak|0 fnt
|-damage|p2a: Darmanitan|50/100|[from] Recoil
|faint|p1a: Toxicroak
|
|upkeep
|
|t:|1612673489
|switch|p1a: Politoed|Politoed, F|100/100
|-weather|RainDance|[from] ability: Drizzle|[of] p1a: Politoed
|turn|9
|
|t:|1612673496
|switch|p2a: Zarude|Zarude|100/100
|move|p1a: Politoed|Whirlpool|p2a: Zarude
|-resisted|p2a: Zarude
|-damage|p2a: Zarude|92/100
|-activate|p2a: Zarude|move: Whirlpool|[of] p1a: Politoed
|
|-weather|RainDance|[upkeep]
|-damage|p2a: Zarude|80/100|[from] move: Whirlpool|[partiallytrapped]
|upkeep
|turn|10
|j| kwusolpa
|l| kwusolpa
|
|t:|1612673504
|switch|p1a: Tornadus|Tornadus, M|100/100
|move|p2a: Zarude|Power Whip|p1a: Tornadus
|-resisted|p1a: Tornadus
|-damage|p1a: Tornadus|49/100
|
|-weather|RainDance|[upkeep]
|-end|p2a: Zarude|Whirlpool|[partiallytrapped]|[silent]
|upkeep
|turn|11
|
|t:|1612673517
|move|p1a: Tornadus|Hurricane|p2a: Zarude
|-supereffective|p2a: Zarude
|-damage|p2a: Zarude|0 fnt
|faint|p2a: Zarude
|
|-weather|RainDance|[upkeep]
|upkeep
|
|t:|1612673533
|switch|p2a: Darmanitan|Darmanitan, M|50/100
|turn|12
|
|t:|1612673537
|switch|p1a: Seismitoad|Seismitoad, F|100/100
|move|p2a: Darmanitan|Rock Slide|p1a: Seismitoad
|-resisted|p1a: Seismitoad
|-damage|p1a: Seismitoad|77/100
|
|-weather|RainDance|[upkeep]
|upkeep
|turn|13
|
|t:|1612673548
|switch|p2a: Gardevoir|Gardevoir, F|100/100
|-ability|p2a: Gardevoir|Swift Swim|[from] ability: Trace|[of] p1a: Seismitoad
|move|p1a: Seismitoad|Knock Off|p2a: Gardevoir
|-damage|p2a: Gardevoir|37/100
|-enditem|p2a: Gardevoir|Choice Specs|[from] move: Knock Off|[of] p1a: Seismitoad
|-damage|p1a: Seismitoad|67/100|[from] item: Life Orb
|
|-weather|RainDance|[upkeep]
|upkeep
|turn|14
|
|t:|1612673559
|switch|p1a: Bronzong|Bronzong|91/100
|move|p2a: Gardevoir|Shadow Ball|p1a: Bronzong
|-supereffective|p1a: Bronzong
|-damage|p1a: Bronzong|55/100
|
|-weather|RainDance|[upkeep]
|-heal|p1a: Bronzong|61/100|[from] item: Leftovers
|upkeep
|turn|15
|
|t:|1612673572
|switch|p2a: Umbreon|Umbreon, M, shiny|100/100
|move|p1a: Bronzong|Explosion|p2a: Umbreon
|-damage|p2a: Umbreon|58/100
|faint|p1a: Bronzong
|
|-weather|RainDance|[upkeep]
|-heal|p2a: Umbreon|64/100|[from] item: Leftovers
|upkeep
|
|t:|1612673581
|switch|p1a: Politoed|Politoed, F|100/100
|turn|16
|
|t:|1612673585
|move|p1a: Politoed|Whirlpool|p2a: Umbreon
|-damage|p2a: Umbreon|55/100
|-activate|p2a: Umbreon|move: Whirlpool|[of] p1a: Politoed
|move|p2a: Umbreon|Wish|p2a: Umbreon
|
|-weather|none
|-heal|p2a: Umbreon|61/100|[from] item: Leftovers
|-damage|p2a: Umbreon|49/100|[from] move: Whirlpool|[partiallytrapped]
|upkeep
|turn|17
|
|t:|1612673592
|move|p1a: Politoed|Perish Song|p1a: Politoed
|-start|p1a: Politoed|perish3|[silent]
|-start|p2a: Umbreon|perish3|[silent]
|-fieldactivate|move: Perish Song
|move|p2a: Umbreon|Foul Play|p1a: Politoed
|-damage|p1a: Politoed|85/100
|
|-heal|p2a: Umbreon|99/100|[from] move: Wish|[wisher] Umbreon
|-heal|p2a: Umbreon|100/100|[from] item: Leftovers
|-damage|p2a: Umbreon|88/100|[from] move: Whirlpool|[partiallytrapped]
|-start|p1a: Politoed|perish3
|-start|p2a: Umbreon|perish3
|upkeep
|turn|18
|
|t:|1612673603
|move|p1a: Politoed|Whirlpool|p2a: Umbreon|[miss]
|-miss|p1a: Politoed|p2a: Umbreon
|move|p2a: Umbreon|Wish|p2a: Umbreon
|
|-heal|p2a: Umbreon|94/100|[from] item: Leftovers
|-damage|p2a: Umbreon|82/100|[from] move: Whirlpool|[partiallytrapped]
|-start|p1a: Politoed|perish2
|-start|p2a: Umbreon|perish2
|upkeep
|turn|19
|
|t:|1612673615
|move|p1a: Politoed|Rest|p1a: Politoed
|-status|p1a: Politoed|slp|[from] move: Rest
|-heal|p1a: Politoed|100/100 slp|[silent]
|move|p2a: Umbreon|Foul Play|p1a: Politoed
|-damage|p1a: Politoed|85/100 slp
|
|-heal|p2a: Umbreon|100/100|[from] move: Wish|[wisher] Umbreon
|-damage|p2a: Umbreon|88/100|[from] move: Whirlpool|[partiallytrapped]
|-start|p1a: Politoed|perish1
|-start|p2a: Umbreon|perish1
|upkeep
|turn|20
|
|t:|1612673642
|switch|p1a: Kingdra|Kingdra, M|100/100
|move|p2a: Umbreon|Protect||[still]
|-fail|p2a: Umbreon
|
|-heal|p2a: Umbreon|94/100|[from] item: Leftovers
|-end|p2a: Umbreon|Whirlpool|[partiallytrapped]|[silent]
|-start|p2a: Umbreon|perish0
|upkeep
|faint|p2a: Umbreon
|
|t:|1612673650
|switch|p2a: Gardevoir|Gardevoir, F|37/100
|-ability|p2a: Gardevoir|Swift Swim|[from] ability: Trace|[of] p1a: Kingdra
|turn|21
|
|t:|1612673667
|switch|p1a: Seismitoad|Seismitoad, F|67/100
|move|p2a: Gardevoir|Moonblast|p1a: Seismitoad
|-damage|p1a: Seismitoad|12/100
|-unboost|p1a: Seismitoad|spa|1
|
|upkeep
|turn|22
|
|t:|1612673674
|move|p2a: Gardevoir|Moonblast|p1a: Seismitoad
|-damage|p1a: Seismitoad|0 fnt
|faint|p1a: Seismitoad
|
|upkeep
|
|t:|1612673678
|switch|p1a: Tornadus|Tornadus, M|49/100
|turn|23
|
|t:|1612673685
|move|p1a: Tornadus|U-turn|p2a: Gardevoir
|-crit|p2a: Gardevoir
|-damage|p2a: Gardevoir|0 fnt
|faint|p2a: Gardevoir
|
|t:|1612673688
|switch|p1a: Politoed|Politoed, F|85/100 slp|[from]move: U-turn
|-weather|RainDance|[from] ability: Drizzle|[of] p1a: Politoed
|
|-weather|RainDance|[upkeep]
|upkeep
|
|t:|1612673694
|switch|p2a: Golisopod|Golisopod, M|100/100
|turn|24
|
|t:|1612673703
|move|p2a: Golisopod|First Impression|p1a: Politoed
|-damage|p1a: Politoed|45/100 slp
|cant|p1a: Politoed|slp
|move|p1a: Politoed|Sleep Talk|p1a: Politoed
|move|p1a: Politoed|Whirlpool|p2a: Golisopod|[from]move: Sleep Talk
|-resisted|p2a: Golisopod
|-damage|p2a: Golisopod|91/100
|-activate|p2a: Golisopod|move: Whirlpool|[of] p1a: Politoed
|
|-weather|RainDance|[upkeep]
|-damage|p2a: Golisopod|79/100|[from] move: Whirlpool|[partiallytrapped]
|upkeep
|turn|25
|
|t:|1612673716
|switch|p1a: Tornadus|Tornadus, M|49/100
|move|p2a: Golisopod|Knock Off|p1a: Tornadus
|-damage|p1a: Tornadus|0 fnt
|-enditem|p1a: Tornadus|Heavy-Duty Boots|[from] move: Knock Off|[of] p2a: Golisopod
|faint|p1a: Tornadus
|
|-weather|RainDance|[upkeep]
|-end|p2a: Golisopod|Whirlpool|[partiallytrapped]|[silent]
|upkeep
|
|t:|1612673724
|switch|p1a: Kingdra|Kingdra, M|100/100
|turn|26
|
|t:|1612673727
|switch|p2a: Darmanitan|Darmanitan, M|50/100
|move|p1a: Kingdra|Surf|p2a: Darmanitan
|-supereffective|p2a: Darmanitan
|-damage|p2a: Darmanitan|0 fnt
|faint|p2a: Darmanitan
|
|-weather|RainDance|[upkeep]
|upkeep
|
|t:|1612673731
|switch|p2a: Golisopod|Golisopod, M|79/100
|turn|27
|
|t:|1612673736
|switch|p1a: Politoed|Politoed, F|45/100 slp
|move|p2a: Golisopod|First Impression|p1a: Politoed
|-damage|p1a: Politoed|9/100 slp
|
|-weather|RainDance|[upkeep]
|upkeep
|turn|28
|
|t:|1612673743
|cant|p1a: Politoed|slp
|move|p1a: Politoed|Sleep Talk|p1a: Politoed
|move|p1a: Politoed|Rest||[from]move: Sleep Talk|[still]
|-fail|p1a: Politoed
|move|p2a: Golisopod|Knock Off|p1a: Politoed
|-damage|p1a: Politoed|0 fnt
|-enditem|p1a: Politoed|Damp Rock|[from] move: Knock Off|[of] p2a: Golisopod
|faint|p1a: Politoed
|
|-weather|RainDance|[upkeep]
|upkeep
|
|t:|1612673752
|switch|p1a: Kingdra|Kingdra, M|100/100
|turn|29
|
|t:|1612673756
|move|p1a: Kingdra|Hurricane|p2a: Golisopod
|-supereffective|p2a: Golisopod
|-damage|p2a: Golisopod|0 fnt
|faint|p2a: Golisopod
|
|win|polar_geass
|c|☆NaomiGogoat67|gg
|l|☆NaomiGogoat67
|raw|polar_geass's rating: 1273 &rarr; <strong>1289</strong><br />(+16 for winning)
|raw|NaomiGogoat67's rating: 1141 &rarr; <strong>1125</strong><br />(-16 for losing)
