|j|☆A-Loquesea
|j|☆Ez baked
|t:|1613097032
|player|p1|A-Loquesea|acetrainerf|1577
|player|p2|Ez baked|aromalady|1290
|teamsize|p1|6
|teamsize|p2|6
|gametype|singles
|gen|8
|tier|[Gen 8] RU
|rated|
|clearpoke
|poke|p1|Toxtricity, M|
|poke|p1|Reuniclus, M|
|poke|p1|Noivern, M|
|poke|p1|Milotic, F|
|poke|p1|Zarude|
|poke|p1|Steelix, M|
|poke|p2|Steelix, F|
|poke|p2|Noivern, F|
|poke|p2|Zarude|
|poke|p2|Toxtricity, F|
|poke|p2|Milotic, F|
|poke|p2|Darmanitan, M|
|rule|Sleep Clause Mod: Limit one foe put to sleep
|rule|Species Clause: Limit one of each Pokémon
|rule|OHKO Clause: OHKO moves are banned
|rule|Evasion Moves Clause: Evasion moves are banned
|rule|Endless Battle Clause: Forcing endless battles is banned
|rule|HP Percentage Mod: HP is shown in percentages
|rule|Dynamax Clause: You cannot dynamax
|teampreview
|
|t:|1613097054
|start
|switch|p1a: Zarude|Zarude|100/100
|switch|p2a: Milotic|Milotic, F|100/100
|turn|1
|
|t:|1613097065
|switch|p2a: Noivern|Noivern, F|100/100
|move|p1a: Zarude|U-turn|p2a: Noivern
|-resisted|p2a: Noivern
|-damage|p2a: Noivern|85/100
|
|t:|1613097069
|switch|p1a: Milotic|Milotic, F|100/100|[from]move: U-turn
|
|upkeep
|turn|2
|
|t:|1613097072
|move|p2a: Noivern|U-turn|p1a: Milotic
|-damage|p1a: Milotic|93/100
|
|t:|1613097075
|switch|p2a: Toxtricity|Toxtricity, F|100/100|[from]move: U-turn
|move|p1a: Milotic|Flip Turn|p2a: Toxtricity
|-damage|p2a: Toxtricity|81/100
|
|t:|1613097078
|switch|p1a: Steelix|Steelix, M|100/100|[from]move: Flip Turn
|
|upkeep
|turn|3
|
|t:|1613097084
|switch|p2a: Milotic|Milotic, F|100/100
|move|p1a: Steelix|Stealth Rock|p2a: Milotic
|-sidestart|p2: Ez baked|move: Stealth Rock
|
|upkeep
|turn|4
|
|t:|1613097090
|switch|p1a: Reuniclus|Reuniclus, M|100/100
|move|p2a: Milotic|Scald|p1a: Reuniclus
|-crit|p1a: Reuniclus
|-damage|p1a: Reuniclus|80/100
|
|upkeep
|turn|5
|
|t:|1613097093
|move|p2a: Milotic|Flip Turn|p1a: Reuniclus
|-damage|p1a: Reuniclus|68/100
|
|t:|1613097101
|switch|p2a: Zarude|Zarude|100/100|[from]move: Flip Turn
|move|p1a: Reuniclus|Knock Off|p2a: Zarude
|-resisted|p2a: Zarude
|-damage|p2a: Zarude|95/100
|-enditem|p2a: Zarude|Heavy-Duty Boots|[from] move: Knock Off|[of] p1a: Reuniclus
|
|upkeep
|turn|6
|
|t:|1613097110
|switch|p1a: Noivern|Noivern, M|100/100
|move|p2a: Zarude|U-turn|p1a: Noivern
|-resisted|p1a: Noivern
|-damage|p1a: Noivern|86/100
|
|t:|1613097134
|switch|p2a: Milotic|Milotic, F|100/100|[from]move: U-turn
|-damage|p2a: Milotic|88/100|[from] Stealth Rock
|
|-heal|p2a: Milotic|94/100|[from] item: Leftovers
|upkeep
|turn|7
|
|t:|1613097144
|move|p1a: Noivern|U-turn|p2a: Milotic
|-damage|p2a: Milotic|86/100
|
|t:|1613097150
|switch|p1a: Reuniclus|Reuniclus, M|100/100|[from]move: U-turn
|move|p2a: Milotic|Scald|p1a: Reuniclus
|-damage|p1a: Reuniclus|87/100
|
|-heal|p2a: Milotic|92/100|[from] item: Leftovers
|upkeep
|turn|8
|
|t:|1613097155
|move|p2a: Milotic|Flip Turn|p1a: Reuniclus
|-damage|p1a: Reuniclus|74/100
|
|t:|1613097158
|switch|p2a: Steelix|Steelix, F|100/100|[from]move: Flip Turn
|-damage|p2a: Steelix|97/100|[from] Stealth Rock
|move|p1a: Reuniclus|Focus Blast|p2a: Steelix
|-supereffective|p2a: Steelix
|-damage|p2a: Steelix|35/100
|
|-heal|p2a: Steelix|41/100|[from] item: Leftovers
|upkeep
|turn|9
|
|t:|1613097165
|move|p1a: Reuniclus|Focus Blast|p2a: Steelix
|-supereffective|p2a: Steelix
|-crit|p2a: Steelix
|-damage|p2a: Steelix|0 fnt
|faint|p2a: Steelix
|
|upkeep
|
|t:|1613097169
|switch|p2a: Zarude|Zarude|95/100
|-damage|p2a: Zarude|82/100|[from] Stealth Rock
|turn|10
|
|t:|1613097173
|switch|p1a: Noivern|Noivern, M|86/100
|move|p2a: Zarude|Darkest Lariat|p1a: Noivern
|-damage|p1a: Noivern|28/100
|
|upkeep
|turn|11
|
|t:|1613097182
|switch|p2a: Milotic|Milotic, F|92/100
|-damage|p2a: Milotic|80/100|[from] Stealth Rock
|move|p1a: Noivern|Roost|p1a: Noivern
|-heal|p1a: Noivern|78/100
|-singleturn|p1a: Noivern|move: Roost
|
|-heal|p2a: Milotic|86/100|[from] item: Leftovers
|upkeep
|turn|12
|
|t:|1613097186
|move|p1a: Noivern|U-turn|p2a: Milotic
|-damage|p2a: Milotic|77/100
|
|t:|1613097189
|switch|p1a: Milotic|Milotic, F|93/100|[from]move: U-turn
|move|p2a: Milotic|Flip Turn|p1a: Milotic
|-resisted|p1a: Milotic
|-damage|p1a: Milotic|88/100
|
|t:|1613097202
|switch|p2a: Toxtricity|Toxtricity, F|81/100|[from]move: Flip Turn
|-damage|p2a: Toxtricity|68/100|[from] Stealth Rock
|
|upkeep
|turn|13
|
|t:|1613097206
|switch|p1a: Steelix|Steelix, M|100/100
|move|p2a: Toxtricity|Boomburst|p1a: Steelix
|-resisted|p1a: Steelix
|-damage|p1a: Steelix|56/100
|
|-heal|p1a: Steelix|62/100|[from] item: Leftovers
|upkeep
|turn|14
|
|t:|1613097214
|switch|p2a: Zarude|Zarude|82/100
|-damage|p2a: Zarude|70/100|[from] Stealth Rock
|move|p1a: Steelix|Earthquake|p2a: Zarude
|-resisted|p2a: Zarude
|-damage|p2a: Zarude|55/100
|
|-heal|p1a: Steelix|69/100|[from] item: Leftovers
|upkeep
|turn|15
|
|t:|1613097224
|switch|p1a: Noivern|Noivern, M|78/100
|move|p2a: Zarude|Jungle Healing|p2a: Zarude
|-heal|p2a: Zarude|81/100
|
|upkeep
|turn|16
|
|t:|1613097233
|switch|p2a: Milotic|Milotic, F|77/100
|-damage|p2a: Milotic|65/100|[from] Stealth Rock
|move|p1a: Noivern|U-turn|p2a: Milotic
|-damage|p2a: Milotic|57/100
|
|t:|1613097240
|switch|p1a: Toxtricity|Toxtricity, M|100/100|[from]move: U-turn
|
|-heal|p2a: Milotic|63/100|[from] item: Leftovers
|upkeep
|turn|17
|
|t:|1613097297
|move|p1a: Toxtricity|Boomburst|p2a: Milotic
|-damage|p2a: Milotic|0 fnt
|faint|p2a: Milotic
|
|upkeep
|
|t:|1613097299
|switch|p2a: Darmanitan|Darmanitan, M|100/100
|-damage|p2a: Darmanitan|76/100|[from] Stealth Rock
|turn|18
|
|t:|1613097307
|switch|p1a: Milotic|Milotic, F|88/100
|move|p2a: Darmanitan|U-turn|p1a: Milotic
|-damage|p1a: Milotic|70/100
|
|t:|1613097309
|switch|p2a: Toxtricity|Toxtricity, F|68/100|[from]move: U-turn
|-damage|p2a: Toxtricity|56/100|[from] Stealth Rock
|
|upkeep
|turn|19
|
|t:|1613097314
|switch|p1a: Reuniclus|Reuniclus, M|100/100
|move|p2a: Toxtricity|Boomburst|p1a: Reuniclus
|-damage|p1a: Reuniclus|52/100
|
|upkeep
|turn|20
|
|t:|1613097321
|move|p2a: Toxtricity|Boomburst|p1a: Reuniclus
|-damage|p1a: Reuniclus|4/100
|move|p1a: Reuniclus|Psychic|p2a: Toxtricity
|-supereffective|p2a: Toxtricity
|-damage|p2a: Toxtricity|0 fnt
|faint|p2a: Toxtricity
|
|upkeep
|
|t:|1613097325
|switch|p2a: Zarude|Zarude|81/100
|-damage|p2a: Zarude|68/100|[from] Stealth Rock
|turn|21
|
|t:|1613097328
|switch|p1a: Zarude|Zarude|100/100
|move|p2a: Zarude|Darkest Lariat|p1a: Zarude
|-resisted|p1a: Zarude
|-damage|p1a: Zarude|82/100
|
|upkeep
|turn|22
|
|t:|1613097332
|move|p1a: Zarude|U-turn|p2a: Zarude
|-supereffective|p2a: Zarude
|-damage|p2a: Zarude|0 fnt
|faint|p2a: Zarude
|
|t:|1613097337
|switch|p1a: Milotic|Milotic, F|70/100|[from]move: U-turn
|
|upkeep
|
|t:|1613097344
|switch|p2a: Noivern|Noivern, F|85/100
|turn|23
|c|☆Ez baked|gg
|-message|Ez baked forfeited.
|
|win|A-Loquesea
|l|☆Ez baked
|c|☆A-Loquesea|gg
|raw|A-Loquesea's rating: 1584 &rarr; <strong>1590</strong><br />(+6 for winning)
|raw|Ez baked's rating: 1290 &rarr; <strong>1282</strong><br />(-8 for losing)
|l|☆A-Loquesea
|j|☆A-Loquesea
|player|p1|A-Loquesea|acetrainerf
