|j|☆Rozwel
|j|☆Kla0Trixx
|t:|1664024614
|gametype|singles
|player|p1|Rozwel|elesa|1408
|player|p2|Kla0Trixx|169|1513
|teamsize|p1|6
|teamsize|p2|6
|gen|8
|tier|[Gen 8] RU
|rated|
|rule|Sleep Clause Mod: Limit one foe put to sleep
|rule|Species Clause: Limit one of each Pokémon
|rule|OHKO Clause: OHKO moves are banned
|rule|Evasion Items Clause: Evasion items are banned
|rule|Evasion Moves Clause: Evasion moves are banned
|rule|Endless Battle Clause: Forcing endless battles is banned
|rule|HP Percentage Mod: HP is shown in percentages
|rule|Dynamax Clause: You cannot dynamax
|clearpoke
|poke|p1|Chandelure, F|
|poke|p1|Weezing-Galar, M|
|poke|p1|Flygon, M|
|poke|p1|Guzzlord|
|poke|p1|Crobat, F|
|poke|p1|Bronzong|
|poke|p2|Ferroseed, F|
|poke|p2|Weezing-Galar, F|
|poke|p2|Gastrodon, F|
|poke|p2|Incineroar, F|
|poke|p2|Lucario, M|
|poke|p2|Starmie|
|teampreview
|
|t:|1664024631
|start
|switch|p1a: Chandelure|Chandelure, F|100/100
|switch|p2a: Incineroar|Incineroar, F|100/100
|-ability|p2a: Incineroar|Intimidate|boost
|-unboost|p1a: Chandelure|atk|1
|turn|1
|
|t:|1664024638
|switch|p1a: Weezing|Weezing-Galar, M|100/100
|-ability|p1a: Weezing|Neutralizing Gas
|move|p2a: Incineroar|Knock Off|p1a: Weezing
|-resisted|p1a: Weezing
|-damage|p1a: Weezing|84/100
|-damage|p2a: Incineroar|84/100|[from] item: Rocky Helmet|[of] p1a: Weezing
|-enditem|p1a: Weezing|Rocky Helmet|[from] move: Knock Off|[of] p2a: Incineroar
|
|upkeep
|turn|2
|
|t:|1664024647
|move|p2a: Incineroar|U-turn|p1a: Weezing
|-resisted|p1a: Weezing
|-damage|p1a: Weezing|80/100
|
|t:|1664024650
|switch|p2a: Starmie|Starmie|100/100|[from]move: U-turn
|move|p1a: Weezing|Toxic Spikes|p2a: Starmie
|-sidestart|p2: Kla0Trixx|move: Toxic Spikes
|
|upkeep
|turn|3
|
|t:|1664024655
|-end|p1a: Weezing|ability: Neutralizing Gas
|switch|p1a: Guzzlord|Guzzlord|100/100
|move|p2a: Starmie|Hydro Pump|p1a: Guzzlord
|-resisted|p1a: Guzzlord
|-damage|p1a: Guzzlord|74/100
|
|upkeep
|turn|4
|
|t:|1664024662
|switch|p2a: Weezing|Weezing-Galar, F|100/100
|move|p1a: Guzzlord|Knock Off|p2a: Weezing
|-resisted|p2a: Weezing
|-damage|p2a: Weezing|91/100
|-enditem|p2a: Weezing|Black Sludge|[from] move: Knock Off|[of] p1a: Guzzlord
|
|upkeep
|turn|5
|
|t:|1664024671
|switch|p1a: Chandelure|Chandelure, F|100/100
|move|p2a: Weezing|Defog|p1a: Chandelure
|-unboost|p1a: Chandelure|evasion|1
|-sideend|p2: Kla0Trixx|Toxic Spikes|[from] move: Defog|[of] p2a: Weezing
|
|upkeep
|turn|6
|
|t:|1664024678
|switch|p2a: Incineroar|Incineroar, F|84/100
|-ability|p2a: Incineroar|Intimidate|boost
|-unboost|p1a: Chandelure|atk|1
|move|p1a: Chandelure|Toxic|p2a: Incineroar|[miss]
|-miss|p1a: Chandelure|p2a: Incineroar
|
|upkeep
|turn|7
|
|t:|1664024686
|switch|p1a: Weezing|Weezing-Galar, M|80/100
|-ability|p1a: Weezing|Neutralizing Gas
|move|p2a: Incineroar|U-turn|p1a: Weezing
|-resisted|p1a: Weezing
|-damage|p1a: Weezing|76/100
|
|t:|1664024689
|switch|p2a: Starmie|Starmie|100/100|[from]move: U-turn
|
|upkeep
|turn|8
|
|t:|1664024696
|-end|p1a: Weezing|ability: Neutralizing Gas
|switch|p1a: Guzzlord|Guzzlord|74/100
|move|p2a: Starmie|Ice Beam|p1a: Guzzlord
|-supereffective|p1a: Guzzlord
|-damage|p1a: Guzzlord|22/100
|
|upkeep
|turn|9
|
|t:|1664024704
|switch|p1a: Bronzong|Bronzong|100/100
|move|p2a: Starmie|Ice Beam|p1a: Bronzong
|-resisted|p1a: Bronzong
|-damage|p1a: Bronzong|83/100
|
|-heal|p1a: Bronzong|90/100|[from] item: Leftovers
|upkeep
|turn|10
|
|t:|1664024714
|switch|p2a: Incineroar|Incineroar, F|84/100
|-ability|p2a: Incineroar|Intimidate|boost
|-unboost|p1a: Bronzong|atk|1
|move|p1a: Bronzong|Stealth Rock|p2a: Incineroar
|-sidestart|p2: Kla0Trixx|move: Stealth Rock
|
|-heal|p1a: Bronzong|96/100|[from] item: Leftovers
|upkeep
|turn|11
|
|t:|1664024729
|switch|p1a: Weezing|Weezing-Galar, M|76/100
|-ability|p1a: Weezing|Neutralizing Gas
|move|p2a: Incineroar|Flare Blitz|p1a: Weezing
|-damage|p1a: Weezing|36/100
|-damage|p2a: Incineroar|71/100|[from] Recoil
|
|upkeep
|turn|12
|
|t:|1664024738
|-end|p1a: Weezing|ability: Neutralizing Gas
|-ability|p2a: Incineroar|Intimidate|boost
|-unboost|p1a: Weezing|atk|1
|switch|p1a: Flygon|Flygon, M|100/100
|move|p2a: Incineroar|Flare Blitz|p1a: Flygon
|-resisted|p1a: Flygon
|-damage|p1a: Flygon|58/100
|-damage|p2a: Incineroar|58/100|[from] Recoil
|
|upkeep
|turn|13
|
|t:|1664024748
|switch|p2a: Weezing|Weezing-Galar, F|91/100
|-damage|p2a: Weezing|78/100|[from] Stealth Rock
|move|p1a: Flygon|U-turn|p2a: Weezing
|-resisted|p2a: Weezing
|-damage|p2a: Weezing|73/100
|
|t:|1664024755
|switch|p1a: Chandelure|Chandelure, F|100/100|[from]move: U-turn
|
|upkeep
|turn|14
|
|t:|1664024763
|move|p2a: Weezing|Protect|p2a: Weezing
|-singleturn|p2a: Weezing|Protect
|move|p1a: Chandelure|Flamethrower|p2a: Weezing
|-activate|p2a: Weezing|move: Protect
|
|upkeep
|turn|15
|
|t:|1664024769
|switch|p2a: Gastrodon|Gastrodon, F|100/100
|-damage|p2a: Gastrodon|94/100|[from] Stealth Rock
|move|p1a: Chandelure|Toxic|p2a: Gastrodon
|-status|p2a: Gastrodon|tox
|
|-heal|p2a: Gastrodon|100/100 tox|[from] item: Leftovers
|-damage|p2a: Gastrodon|94/100 tox|[from] psn
|upkeep
|turn|16
|
|t:|1664024782
|switch|p1a: Guzzlord|Guzzlord|22/100
|move|p2a: Gastrodon|Scald|p1a: Guzzlord
|-resisted|p1a: Guzzlord
|-damage|p1a: Guzzlord|15/100
|
|-heal|p2a: Gastrodon|100/100 tox|[from] item: Leftovers
|-damage|p2a: Gastrodon|88/100 tox|[from] psn
|upkeep
|turn|17
|
|t:|1664024792
|switch|p2a: Weezing|Weezing-Galar, F|73/100
|-damage|p2a: Weezing|61/100|[from] Stealth Rock
|move|p1a: Guzzlord|Rest|p1a: Guzzlord
|-status|p1a: Guzzlord|slp|[from] move: Rest
|-heal|p1a: Guzzlord|100/100 slp|[silent]
|
|upkeep
|turn|18
|
|t:|1664024801
|switch|p1a: Chandelure|Chandelure, F|100/100
|move|p2a: Weezing|Defog|p1a: Chandelure
|-unboost|p1a: Chandelure|evasion|1
|-sideend|p2: Kla0Trixx|Stealth Rock|[from] move: Defog|[of] p2a: Weezing
|
|upkeep
|turn|19
|
|t:|1664024812
|switch|p2a: Incineroar|Incineroar, F|58/100
|-ability|p2a: Incineroar|Intimidate|boost
|-unboost|p1a: Chandelure|atk|1
|move|p1a: Chandelure|Flamethrower|p2a: Incineroar
|-resisted|p2a: Incineroar
|-damage|p2a: Incineroar|44/100
|
|upkeep
|turn|20
|
|t:|1664024825
|switch|p1a: Weezing|Weezing-Galar, M|36/100
|-ability|p1a: Weezing|Neutralizing Gas
|move|p2a: Incineroar|Knock Off|p1a: Weezing
|-resisted|p1a: Weezing
|-damage|p1a: Weezing|25/100
|
|upkeep
|turn|21
|
|t:|1664024834
|move|p2a: Incineroar|Flare Blitz|p1a: Weezing
|-damage|p1a: Weezing|0 fnt
|faint|p1a: Weezing
|-end|p1a: Weezing|ability: Neutralizing Gas
|-damage|p2a: Incineroar|36/100|[from] Recoil
|
|upkeep
|
|t:|1664024844
|switch|p1a: Flygon|Flygon, M|58/100
|turn|22
|
|t:|1664024854
|switch|p2a: Weezing|Weezing-Galar, F|61/100
|move|p1a: Flygon|Stone Edge|p2a: Weezing
|-damage|p2a: Weezing|34/100
|
|upkeep
|turn|23
|
|t:|1664024862
|switch|p1a: Chandelure|Chandelure, F|100/100
|move|p2a: Weezing|Toxic Spikes|p1a: Chandelure
|-sidestart|p1: Rozwel|move: Toxic Spikes
|
|upkeep
|turn|24
|
|t:|1664024877
|switch|p2a: Incineroar|Incineroar, F|36/100
|-ability|p2a: Incineroar|Intimidate|boost
|-unboost|p1a: Chandelure|atk|1
|move|p1a: Chandelure|Flamethrower|p2a: Incineroar
|-resisted|p2a: Incineroar
|-damage|p2a: Incineroar|20/100
|
|upkeep
|turn|25
|
|t:|1664024885
|move|p1a: Chandelure|Protect|p1a: Chandelure
|-singleturn|p1a: Chandelure|Protect
|move|p2a: Incineroar|Knock Off|p1a: Chandelure
|-activate|p1a: Chandelure|move: Protect
|
|upkeep
|turn|26
|
|t:|1664024893
|switch|p1a: Crobat|Crobat, F|100/100
|move|p2a: Incineroar|Knock Off|p1a: Crobat
|-damage|p1a: Crobat|48/100
|-enditem|p1a: Crobat|Heavy-Duty Boots|[from] move: Knock Off|[of] p2a: Incineroar
|
|upkeep
|turn|27
|
|t:|1664024900
|move|p1a: Crobat|Roost|p1a: Crobat
|-heal|p1a: Crobat|98/100
|-singleturn|p1a: Crobat|move: Roost
|move|p2a: Incineroar|Flare Blitz|p1a: Crobat
|-damage|p1a: Crobat|28/100
|-status|p1a: Crobat|brn
|-damage|p2a: Incineroar|0 fnt|[from] Recoil
|faint|p2a: Incineroar
|
|-damage|p1a: Crobat|21/100 brn|[from] brn
|upkeep
|
|t:|1664024903
|switch|p2a: Lucario|Lucario, M|100/100
|turn|28
|
|t:|1664024913
|move|p2a: Lucario|Extreme Speed|p1a: Crobat
|-damage|p1a: Crobat|0 fnt
|faint|p1a: Crobat
|-damage|p2a: Lucario|91/100|[from] item: Life Orb
|
|upkeep
|
|t:|1664024925
|switch|p1a: Bronzong|Bronzong|96/100
|turn|29
|
|t:|1664024931
|move|p2a: Lucario|Close Combat|p1a: Bronzong
|-damage|p1a: Bronzong|29/100
|-unboost|p2a: Lucario|def|1
|-unboost|p2a: Lucario|spd|1
|-damage|p2a: Lucario|81/100|[from] item: Life Orb
|move|p1a: Bronzong|Earthquake|p2a: Lucario
|-supereffective|p2a: Lucario
|-damage|p2a: Lucario|0 fnt
|faint|p2a: Lucario
|
|-heal|p1a: Bronzong|36/100|[from] item: Leftovers
|upkeep
|
|t:|1664024937
|switch|p2a: Starmie|Starmie|100/100
|turn|30
|
|t:|1664024946
|switch|p1a: Guzzlord|Guzzlord|100/100 slp
|move|p2a: Starmie|Hydro Pump|p1a: Guzzlord
|-resisted|p1a: Guzzlord
|-damage|p1a: Guzzlord|77/100 slp
|
|upkeep
|turn|31
|
|t:|1664024954
|switch|p2a: Ferroseed|Ferroseed, F|100/100
|cant|p1a: Guzzlord|slp
|move|p1a: Guzzlord|Sleep Talk|p1a: Guzzlord
|move|p1a: Guzzlord|Knock Off|p2a: Ferroseed|[from]move: Sleep Talk
|-damage|p2a: Ferroseed|74/100
|-damage|p1a: Guzzlord|64/100 slp|[from] ability: Iron Barbs|[of] p2a: Ferroseed
|-enditem|p2a: Ferroseed|Eviolite|[from] move: Knock Off|[of] p1a: Guzzlord
|
|upkeep
|turn|32
|
|t:|1664024969
|switch|p1a: Chandelure|Chandelure, F|100/100
|move|p2a: Ferroseed|Stealth Rock|p1a: Chandelure
|-sidestart|p1: Rozwel|move: Stealth Rock
|
|upkeep
|turn|33
|
|t:|1664024974
|switch|p2a: Gastrodon|Gastrodon, F|88/100 tox
|move|p1a: Chandelure|Flamethrower|p2a: Gastrodon
|-resisted|p2a: Gastrodon
|-damage|p2a: Gastrodon|65/100 tox
|
|-heal|p2a: Gastrodon|71/100 tox|[from] item: Leftovers
|-damage|p2a: Gastrodon|65/100 tox|[from] psn
|upkeep
|turn|34
|
|t:|1664024985
|move|p1a: Chandelure|Hex|p2a: Gastrodon
|-damage|p2a: Gastrodon|0 fnt
|faint|p2a: Gastrodon
|
|upkeep
|
|t:|1664024991
|switch|p2a: Starmie|Starmie|100/100
|turn|35
|
|t:|1664024994
|move|p1a: Chandelure|Protect|p1a: Chandelure
|-singleturn|p1a: Chandelure|Protect
|move|p2a: Starmie|Ice Beam|p1a: Chandelure
|-activate|p1a: Chandelure|move: Protect
|
|upkeep
|turn|36
|
|t:|1664024999
|switch|p2a: Weezing|Weezing-Galar, F|34/100
|move|p1a: Chandelure|Hex|p2a: Weezing
|-damage|p2a: Weezing|0 fnt
|faint|p2a: Weezing
|
|upkeep
|
|t:|1664025001
|switch|p2a: Starmie|Starmie|100/100
|turn|37
|
|t:|1664025007
|move|p1a: Chandelure|Protect|p1a: Chandelure
|-singleturn|p1a: Chandelure|Protect
|move|p2a: Starmie|Hydro Pump|p1a: Chandelure
|-activate|p1a: Chandelure|move: Protect
|
|upkeep
|turn|38
|
|t:|1664025014
|switch|p2a: Ferroseed|Ferroseed, F|74/100
|switch|p1a: Flygon|Flygon, M|58/100
|-damage|p1a: Flygon|52/100|[from] Stealth Rock
|
|upkeep
|turn|39
|
|t:|1664025021
|move|p1a: Flygon|Earthquake|p2a: Ferroseed
|-damage|p2a: Ferroseed|0 fnt
|faint|p2a: Ferroseed
|
|upkeep
|
|t:|1664025024
|switch|p2a: Starmie|Starmie|100/100
|turn|40
|
|t:|1664025027
|move|p2a: Starmie|Hydro Pump|p1a: Flygon
|-damage|p1a: Flygon|0 fnt
|faint|p1a: Flygon
|
|upkeep
|
|t:|1664025033
|switch|p1a: Guzzlord|Guzzlord|64/100 slp
|turn|41
|
|t:|1664025037
|move|p2a: Starmie|Hydro Pump|p1a: Guzzlord
|-resisted|p1a: Guzzlord
|-damage|p1a: Guzzlord|45/100 slp
|cant|p1a: Guzzlord|slp
|move|p1a: Guzzlord|Sleep Talk|p1a: Guzzlord
|move|p1a: Guzzlord|Knock Off|p2a: Starmie|[from]move: Sleep Talk
|-supereffective|p2a: Starmie
|-damage|p2a: Starmie|0 fnt
|-enditem|p2a: Starmie|Choice Specs|[from] move: Knock Off|[of] p1a: Guzzlord
|faint|p2a: Starmie
|
|win|Rozwel
|raw|Rozwel's rating: 1408 &rarr; <strong>1434</strong><br />(+26 for winning)
|raw|Kla0Trixx's rating: 1513 &rarr; <strong>1487</strong><br />(-26 for losing)
|l|☆Kla0Trixx
