|j|☆Time2LoseBoi
|j|☆Newport10000s
|player|p1|Time2LoseBoi|170|1397
|player|p2|Newport10000s|101|1206
|teamsize|p1|6
|teamsize|p2|6
|gametype|singles
|gen|8
|tier|[Gen 8] RU
|rated|
|clearpoke
|poke|p1|Machamp, F|
|poke|p1|Indeedee-F, F|
|poke|p1|Whimsicott, F|
|poke|p1|Vileplume, F|
|poke|p1|Gigalith, F|
|poke|p1|Charizard, F|
|poke|p2|Torkoal, F|
|poke|p2|Snorlax, M|
|poke|p2|Machamp, M|
|poke|p2|Charizard, F|
|poke|p2|Maractus, M|
|poke|p2|Trapinch, M|
|rule|Sleep Clause Mod: Limit one foe put to sleep
|rule|Species Clause: Limit one of each Pokémon
|rule|OHKO Clause: OHKO moves are banned
|rule|Evasion Moves Clause: Evasion moves are banned
|rule|Endless Battle Clause: Forcing endless battles is banned
|rule|HP Percentage Mod: HP is shown in percentages
|rule|Dynamax Clause: You cannot dynamax
|teampreview
|c|☆Newport10000s|Gl bud!
|
|start
|switch|p1a: Indeedee|Indeedee-F, F|100/100
|switch|p2a: Torkoal|Torkoal, F|100/100
|-fieldstart|move: Psychic Terrain|[from] ability: Psychic Surge|[of] p1a: Indeedee
|-weather|SunnyDay|[from] ability: Drought|[of] p2a: Torkoal
|turn|1
|inactive|Battle timer is ON: inactive players will automatically lose when time's up. (requested by Newport10000s)
|
|switch|p2a: Snorlax|Snorlax, M|100/100
|move|p1a: Indeedee|Psychic|p2a: Snorlax
|-damage|p2a: Snorlax|68/100
|
|-weather|SunnyDay|[upkeep]
|-heal|p2a: Snorlax|74/100|[from] item: Leftovers
|upkeep
|turn|2
|
|switch|p1a: Machamp|Machamp, F|100/100
|move|p2a: Snorlax|Body Slam|p1a: Machamp
|-damage|p1a: Machamp|63/100
|-status|p1a: Machamp|par
|
|-weather|SunnyDay|[upkeep]
|-heal|p2a: Snorlax|80/100|[from] item: Leftovers
|upkeep
|turn|3
|
|switch|p2a: Machamp|Machamp, M|100/100
|move|p1a: Machamp|Close Combat|p2a: Machamp
|-damage|p2a: Machamp|0 fnt
|-unboost|p1a: Machamp|def|1
|-unboost|p1a: Machamp|spd|1
|faint|p2a: Machamp
|
|-weather|SunnyDay|[upkeep]
|upkeep
|
|switch|p2a: Maractus|Maractus, M|100/100
|turn|4
|
|switch|p1a: Gigalith|Gigalith, F|100/100
|-weather|Sandstorm|[from] ability: Sand Stream|[of] p1a: Gigalith
|move|p2a: Maractus|Solar Beam||[still]
|-prepare|p2a: Maractus|Solar Beam|p1a: Gigalith
|
|-weather|Sandstorm|[upkeep]
|-damage|p2a: Maractus|94/100|[from] Sandstorm
|upkeep
|turn|5
|
|move|p2a: Maractus|Solar Beam|p1a: Gigalith|[from]lockedmove
|-supereffective|p1a: Gigalith
|-damage|p1a: Gigalith|61/100
|-damage|p2a: Maractus|84/100|[from] item: Life Orb
|move|p1a: Gigalith|Toxic|p2a: Maractus
|-status|p2a: Maractus|tox
|
|-weather|Sandstorm|[upkeep]
|-damage|p2a: Maractus|78/100 tox|[from] Sandstorm
|-heal|p1a: Gigalith|67/100|[from] item: Leftovers
|-damage|p2a: Maractus|72/100 tox|[from] psn
|-fieldend|move: Psychic Terrain
|upkeep
|turn|6
|
|switch|p2a: Trapinch|Trapinch, M|100/100
|move|p1a: Gigalith|Stealth Rock|p2a: Trapinch
|-sidestart|p2: Newport10000s|move: Stealth Rock
|
|-weather|Sandstorm|[upkeep]
|-heal|p1a: Gigalith|73/100|[from] item: Leftovers
|upkeep
|turn|7
|
|move|p1a: Gigalith|Protect|p1a: Gigalith
|-singleturn|p1a: Gigalith|Protect
|move|p2a: Trapinch|Earthquake|p1a: Gigalith
|-activate|p1a: Gigalith|move: Protect
|
|-weather|Sandstorm|[upkeep]
|-heal|p1a: Gigalith|79/100|[from] item: Leftovers
|upkeep
|turn|8
|
|move|p1a: Gigalith|Rock Blast|p2a: Trapinch
|-resisted|p2a: Trapinch
|-damage|p2a: Trapinch|92/100
|-resisted|p2a: Trapinch
|-damage|p2a: Trapinch|84/100
|-resisted|p2a: Trapinch
|-damage|p2a: Trapinch|76/100
|-hitcount|p2a: Trapinch|3
|move|p2a: Trapinch|Earthquake|p1a: Gigalith
|-supereffective|p1a: Gigalith
|-damage|p1a: Gigalith|15/100
|
|-weather|none
|-heal|p1a: Gigalith|21/100|[from] item: Leftovers
|upkeep
|turn|9
|
|move|p1a: Gigalith|Toxic|p2a: Trapinch
|-status|p2a: Trapinch|tox
|move|p2a: Trapinch|Earthquake|p1a: Gigalith
|-supereffective|p1a: Gigalith
|-damage|p1a: Gigalith|0 fnt
|faint|p1a: Gigalith
|
|-damage|p2a: Trapinch|70/100 tox|[from] psn
|upkeep
|
|switch|p1a: Charizard|Charizard, F|100/100
|turn|10
|
|switch|p2a: Snorlax|Snorlax, M|80/100
|-damage|p2a: Snorlax|68/100|[from] Stealth Rock
|move|p1a: Charizard|Work Up|p1a: Charizard
|-boost|p1a: Charizard|atk|1
|-boost|p1a: Charizard|spa|1
|
|-heal|p2a: Snorlax|74/100|[from] item: Leftovers
|upkeep
|turn|11
|
|move|p1a: Charizard|Focus Blast|p2a: Snorlax
|-supereffective|p2a: Snorlax
|-damage|p2a: Snorlax|29/100
|move|p2a: Snorlax|Body Slam|p1a: Charizard
|-damage|p1a: Charizard|58/100
|
|-heal|p2a: Snorlax|35/100|[from] item: Leftovers
|upkeep
|turn|12
|
|move|p1a: Charizard|Focus Blast|p2a: Snorlax|[miss]
|-miss|p1a: Charizard|p2a: Snorlax
|move|p2a: Snorlax|Body Slam|p1a: Charizard
|-damage|p1a: Charizard|16/100
|
|-heal|p2a: Snorlax|41/100|[from] item: Leftovers
|upkeep
|turn|13
|
|move|p1a: Charizard|Focus Blast|p2a: Snorlax
|-supereffective|p2a: Snorlax
|-damage|p2a: Snorlax|0 fnt
|faint|p2a: Snorlax
|
|upkeep
|
|switch|p2a: Torkoal|Torkoal, F|100/100
|-damage|p2a: Torkoal|76/100|[from] Stealth Rock
|-weather|SunnyDay|[from] ability: Drought|[of] p2a: Torkoal
|turn|14
|
|switch|p2a: Trapinch|Trapinch, M|70/100 tox
|-damage|p2a: Trapinch|64/100 tox|[from] Stealth Rock
|move|p1a: Charizard|Focus Blast|p2a: Trapinch
|-damage|p2a: Trapinch|0 fnt
|faint|p2a: Trapinch
|
|-weather|SunnyDay|[upkeep]
|-damage|p1a: Charizard|4/100|[from] ability: Solar Power|[of] p1a: Charizard
|upkeep
|
|switch|p2a: Maractus|Maractus, M|72/100 tox
|-damage|p2a: Maractus|60/100 tox|[from] Stealth Rock
|turn|15
|
|switch|p1a: Vileplume|Vileplume, F|100/100
|move|p2a: Maractus|Weather Ball|p1a: Vileplume
|-supereffective|p1a: Vileplume
|-damage|p1a: Vileplume|0 fnt
|-damage|p2a: Maractus|50/100 tox|[from] item: Life Orb
|faint|p1a: Vileplume
|
|-weather|SunnyDay|[upkeep]
|-damage|p2a: Maractus|43/100 tox|[from] psn
|upkeep
|
|switch|p1a: Machamp|Machamp, F|63/100 par
|turn|16
|
|move|p1a: Machamp|Bullet Punch|p2a: Maractus
|-damage|p2a: Maractus|0 fnt
|faint|p2a: Maractus
|
|-weather|SunnyDay|[upkeep]
|upkeep
|
|switch|p2a: Torkoal|Torkoal, F|76/100
|-damage|p2a: Torkoal|51/100|[from] Stealth Rock
|turn|17
|
|switch|p1a: Whimsicott|Whimsicott, F|100/100
|move|p2a: Torkoal|Rapid Spin|p1a: Whimsicott
|-damage|p1a: Whimsicott|89/100
|-boost|p2a: Torkoal|spe|1
|-sideend|p2: Newport10000s|Stealth Rock|[from] move: Rapid Spin|[of] p2a: Torkoal
|
|-weather|SunnyDay|[upkeep]
|upkeep
|turn|18
|
|move|p1a: Whimsicott|Switcheroo|p2a: Torkoal
|-activate|p1a: Whimsicott|move: Trick|[of] p2a: Torkoal
|-item|p2a: Torkoal|Choice Scarf|[from] move: Switcheroo
|-item|p1a: Whimsicott|Heat Rock|[from] move: Switcheroo
|move|p2a: Torkoal|Lava Plume|p1a: Whimsicott
|-supereffective|p1a: Whimsicott
|-damage|p1a: Whimsicott|0 fnt
|faint|p1a: Whimsicott
|
|-weather|SunnyDay|[upkeep]
|upkeep
|
|switch|p1a: Charizard|Charizard, F|4/100
|turn|19
|
|move|p1a: Charizard|Roost|p1a: Charizard
|-heal|p1a: Charizard|54/100
|-singleturn|p1a: Charizard|move: Roost
|move|p2a: Torkoal|Lava Plume|p1a: Charizard
|-resisted|p1a: Charizard
|-damage|p1a: Charizard|32/100
|
|-weather|SunnyDay|[upkeep]
|-damage|p1a: Charizard|20/100|[from] ability: Solar Power|[of] p1a: Charizard
|upkeep
|turn|20
|
|switch|p2a: Charizard|Charizard, F|100/100
|move|p1a: Charizard|Roost|p1a: Charizard
|-heal|p1a: Charizard|70/100
|-singleturn|p1a: Charizard|move: Roost
|
|-weather|SunnyDay|[upkeep]
|-damage|p2a: Charizard|88/100|[from] ability: Solar Power|[of] p2a: Charizard
|-damage|p1a: Charizard|57/100|[from] ability: Solar Power|[of] p1a: Charizard
|upkeep
|turn|21
|
|move|p2a: Charizard|Air Slash|p1a: Charizard
|-damage|p1a: Charizard|0 fnt
|faint|p1a: Charizard
|
|-weather|none
|upkeep
|
|switch|p1a: Indeedee|Indeedee-F, F|100/100
|-fieldstart|move: Psychic Terrain|[from] ability: Psychic Surge|[of] p1a: Indeedee
|turn|22
|
|switch|p2a: Torkoal|Torkoal, F|51/100
|-weather|SunnyDay|[from] ability: Drought|[of] p2a: Torkoal
|move|p1a: Indeedee|Psychic|p2a: Torkoal
|-damage|p2a: Torkoal|0 fnt
|faint|p2a: Torkoal
|
|-weather|SunnyDay|[upkeep]
|upkeep
|
|switch|p2a: Charizard|Charizard, F|88/100
|turn|23
|
|move|p2a: Charizard|Fire Blast|p1a: Indeedee
|-damage|p1a: Indeedee|0 fnt
|faint|p1a: Indeedee
|
|-weather|SunnyDay|[upkeep]
|-damage|p2a: Charizard|76/100|[from] ability: Solar Power|[of] p2a: Charizard
|upkeep
|
|switch|p1a: Machamp|Machamp, F|63/100 par
|turn|24
|
|move|p2a: Charizard|Fire Blast|p1a: Machamp
|-damage|p1a: Machamp|0 fnt
|faint|p1a: Machamp
|
|win|Newport10000s
|l|☆Time2LoseBoi
|c|☆Newport10000s|Gg
|c|☆Newport10000s|Wp
|raw|Time2LoseBoi's rating: 1397 &rarr; <strong>1367</strong><br />(-30 for losing)
|raw|Newport10000s's rating: 1206 &rarr; <strong>1243</strong><br />(+37 for winning)
