|j|☆RULT4pm Aqua
|j|☆King Internal
|inactive|Battle timer is ON: inactive players will automatically lose when time's up.
|t:|1598809531
|player|p1|RULT4pm Aqua|2|
|player|p2|King Internal|2|
|teamsize|p1|6
|teamsize|p2|6
|gametype|singles
|gen|8
|tier|[Gen 8] RU
|rated|Tournament battle
|clearpoke
|poke|p1|Mantine, F|
|poke|p1|Bronzong|
|poke|p1|Umbreon, F|
|poke|p1|Tangela, F|
|poke|p1|Quagsire, F|
|poke|p1|Dragalge, M|
|poke|p2|Slowbro-Galar, F|
|poke|p2|Steelix, F|
|poke|p2|Vaporeon, M|
|poke|p2|Gardevoir, F|
|poke|p2|Passimian, F|
|poke|p2|Rotom-Mow|
|rule|Sleep Clause Mod: Limit one foe put to sleep
|rule|Species Clause: Limit one of each Pokémon
|rule|OHKO Clause: OHKO moves are banned
|rule|Evasion Moves Clause: Evasion moves are banned
|rule|Endless Battle Clause: Forcing endless battles is banned
|rule|HP Percentage Mod: HP is shown in percentages
|rule|Dynamax Clause: You cannot dynamax
|teampreview
|j| Wataboat
|j|@CryoGyro
|c|☆RULT4pm Aqua|Aor gl hf
|j| jaytop31
|j| koisuru asteroid
|
|t:|1598809552
|start
|switch|p1a: Tangela|Tangela, F|100/100
|switch|p2a: Rotom|Rotom-Mow|100/100
|turn|1
|
|t:|1598809556
|switch|p1a: Dragalge|Dragalge, M|100/100
|move|p2a: Rotom|Volt Switch|p1a: Dragalge
|-resisted|p1a: Dragalge
|-damage|p1a: Dragalge|89/100
|
|t:|1598809564
|switch|p2a: Gardevoir|Gardevoir, F|100/100|[from]move: Volt Switch
|
|-heal|p1a: Dragalge|95/100|[from] item: Black Sludge
|upkeep
|turn|2
|
|t:|1598809568
|switch|p2a: Passimian|Passimian, F|100/100
|switch|p1a: Bronzong|Bronzong|100/100
|
|upkeep
|turn|3
|
|t:|1598809574
|switch|p1a: Tangela|Tangela, F|100/100
|move|p2a: Passimian|Knock Off|p1a: Tangela
|-damage|p1a: Tangela|77/100
|-enditem|p1a: Tangela|Eviolite|[from] move: Knock Off|[of] p2a: Passimian
|
|upkeep
|turn|4
|
|t:|1598809578
|switch|p2a: Rotom|Rotom-Mow|100/100
|move|p1a: Tangela|Knock Off|p2a: Rotom
|-damage|p2a: Rotom|83/100
|-enditem|p2a: Rotom|Choice Scarf|[from] move: Knock Off|[of] p1a: Tangela
|
|upkeep
|turn|5
|
|t:|1598809587
|move|p2a: Rotom|Volt Switch|p1a: Tangela
|-resisted|p1a: Tangela
|-damage|p1a: Tangela|42/100
|
|t:|1598809593
|switch|p2a: Steelix|Steelix, F|100/100|[from]move: Volt Switch
|move|p1a: Tangela|Knock Off|p2a: Steelix
|-damage|p2a: Steelix|93/100
|-enditem|p2a: Steelix|Leftovers|[from] move: Knock Off|[of] p1a: Tangela
|
|upkeep
|turn|6
|
|t:|1598809598
|switch|p1a: Bronzong|Bronzong|100/100
|move|p2a: Steelix|Stealth Rock|p1a: Bronzong
|-sidestart|p1: RULT4pm Aqua|move: Stealth Rock
|
|upkeep
|turn|7
|
|t:|1598809603
|switch|p2a: Passimian|Passimian, F|100/100
|move|p1a: Bronzong|Stealth Rock|p2a: Passimian
|-sidestart|p2: King Internal|move: Stealth Rock
|
|upkeep
|turn|8
|
|t:|1598809611
|switch|p1a: Tangela|Tangela, F|75/100
|-damage|p1a: Tangela|63/100|[from] Stealth Rock
|move|p2a: Passimian|U-turn|p1a: Tangela
|-supereffective|p1a: Tangela
|-damage|p1a: Tangela|15/100
|
|t:|1598809618
|switch|p2a: Rotom|Rotom-Mow|83/100|[from]move: U-turn
|-damage|p2a: Rotom|70/100|[from] Stealth Rock
|
|upkeep
|turn|9
|c|☆RULT4pm Aqua|Oh woah
|
|t:|1598809631
|switch|p1a: Dragalge|Dragalge, M|95/100
|-damage|p1a: Dragalge|82/100|[from] Stealth Rock
|move|p2a: Rotom|Volt Switch|p1a: Dragalge
|-resisted|p1a: Dragalge
|-damage|p1a: Dragalge|71/100
|
|t:|1598809636
|switch|p2a: Gardevoir|Gardevoir, F|100/100|[from]move: Volt Switch
|-damage|p2a: Gardevoir|88/100|[from] Stealth Rock
|
|-heal|p1a: Dragalge|77/100|[from] item: Black Sludge
|upkeep
|turn|10
|
|t:|1598809640
|switch|p2a: Passimian|Passimian, F|100/100
|-damage|p2a: Passimian|94/100|[from] Stealth Rock
|switch|p1a: Bronzong|Bronzong|100/100
|-damage|p1a: Bronzong|94/100|[from] Stealth Rock
|
|-heal|p1a: Bronzong|100/100|[from] item: Leftovers
|upkeep
|turn|11
|
|t:|1598809645
|switch|p1a: Quagsire|Quagsire, F|100/100
|move|p2a: Passimian|Knock Off|p1a: Quagsire
|-damage|p1a: Quagsire|68/100
|-enditem|p1a: Quagsire|Heavy-Duty Boots|[from] move: Knock Off|[of] p2a: Passimian
|
|upkeep
|turn|12
|
|t:|1598809654
|switch|p2a: Slowbro|Slowbro-Galar, F|100/100
|-damage|p2a: Slowbro|88/100|[from] Stealth Rock
|move|p1a: Quagsire|Recover|p1a: Quagsire
|-heal|p1a: Quagsire|100/100
|
|upkeep
|turn|13
|
|t:|1598809661
|switch|p1a: Mantine|Mantine, F|100/100
|switch|p2a: Rotom|Rotom-Mow|70/100
|-damage|p2a: Rotom|58/100|[from] Stealth Rock
|
|upkeep
|turn|14
|
|t:|1598809667
|switch|p1a: Dragalge|Dragalge, M|77/100
|-damage|p1a: Dragalge|65/100|[from] Stealth Rock
|move|p2a: Rotom|Volt Switch|p1a: Dragalge
|-resisted|p1a: Dragalge
|-damage|p1a: Dragalge|53/100
|
|t:|1598809671
|switch|p2a: Gardevoir|Gardevoir, F|88/100|[from]move: Volt Switch
|-damage|p2a: Gardevoir|76/100|[from] Stealth Rock
|
|-heal|p1a: Dragalge|59/100|[from] item: Black Sludge
|upkeep
|turn|15
|c|☆RULT4pm Aqua|Nahsjsksmsudb.s
|c|☆RULT4pm Aqua|Stop voltswitchin
|j|+Oathkeepre
|
|t:|1598809680
|switch|p2a: Passimian|Passimian, F|94/100
|-damage|p2a: Passimian|88/100|[from] Stealth Rock
|switch|p1a: Bronzong|Bronzong|100/100
|-damage|p1a: Bronzong|94/100|[from] Stealth Rock
|
|-heal|p1a: Bronzong|100/100|[from] item: Leftovers
|upkeep
|turn|16
|
|t:|1598809687
|switch|p1a: Quagsire|Quagsire, F|100/100
|-damage|p1a: Quagsire|94/100|[from] Stealth Rock
|move|p2a: Passimian|U-turn|p1a: Quagsire
|-damage|p1a: Quagsire|71/100
|
|t:|1598809689
|switch|p2a: Rotom|Rotom-Mow|58/100|[from]move: U-turn
|-damage|p2a: Rotom|45/100|[from] Stealth Rock
|
|upkeep
|turn|17
|c|☆RULT4pm Aqua|Bruh
|
|t:|1598809698
|switch|p1a: Dragalge|Dragalge, M|59/100
|-damage|p1a: Dragalge|47/100|[from] Stealth Rock
|move|p2a: Rotom|Volt Switch|p1a: Dragalge
|-resisted|p1a: Dragalge
|-damage|p1a: Dragalge|36/100
|
|t:|1598809703
|switch|p2a: Passimian|Passimian, F|88/100|[from]move: Volt Switch
|-damage|p2a: Passimian|82/100|[from] Stealth Rock
|
|-heal|p1a: Dragalge|42/100|[from] item: Black Sludge
|upkeep
|turn|18
|c|☆RULT4pm Aqua|What
|c|☆King Internal|...?
|c|☆King Internal|bro click
|
|t:|1598809736
|switch|p1a: Mantine|Mantine, F|100/100
|move|p2a: Passimian|Close Combat|p1a: Mantine
|-resisted|p1a: Mantine
|-damage|p1a: Mantine|66/100
|-unboost|p2a: Passimian|def|1
|-unboost|p2a: Passimian|spd|1
|
|upkeep
|turn|19
|
|t:|1598809744
|switch|p2a: Rotom|Rotom-Mow|45/100
|-damage|p2a: Rotom|33/100|[from] Stealth Rock
|move|p1a: Mantine|Scald|p2a: Rotom
|-resisted|p2a: Rotom
|-damage|p2a: Rotom|17/100
|
|upkeep
|turn|20
|
|t:|1598809756
|switch|p1a: Umbreon|Umbreon, F|100/100
|move|p2a: Rotom|Volt Switch|p1a: Umbreon
|-damage|p1a: Umbreon|84/100
|
|t:|1598809762
|switch|p2a: Passimian|Passimian, F|82/100|[from]move: Volt Switch
|-damage|p2a: Passimian|76/100|[from] Stealth Rock
|
|upkeep
|turn|21
|
|t:|1598809766
|move|p1a: Umbreon|Protect|p1a: Umbreon
|-singleturn|p1a: Umbreon|Protect
|move|p2a: Passimian|Close Combat|p1a: Umbreon
|-activate|p1a: Umbreon|move: Protect
|
|upkeep
|turn|22
|
|t:|1598809772
|switch|p1a: Mantine|Mantine, F|66/100
|move|p2a: Passimian|Close Combat|p1a: Mantine
|-resisted|p1a: Mantine
|-damage|p1a: Mantine|29/100
|-unboost|p2a: Passimian|def|1
|-unboost|p2a: Passimian|spd|1
|
|upkeep
|turn|23
|c|☆King Internal|gimme
|
|t:|1598809781
|move|p2a: Passimian|Close Combat|p1a: Mantine
|-resisted|p1a: Mantine
|-damage|p1a: Mantine|0 fnt
|-unboost|p2a: Passimian|def|1
|-unboost|p2a: Passimian|spd|1
|faint|p1a: Mantine
|
|upkeep
|
|t:|1598809783
|switch|p1a: Quagsire|Quagsire, F|71/100
|-damage|p1a: Quagsire|64/100|[from] Stealth Rock
|turn|24
|
|t:|1598809785
|move|p2a: Passimian|Close Combat|p1a: Quagsire
|-damage|p1a: Quagsire|8/100
|-unboost|p2a: Passimian|def|1
|-unboost|p2a: Passimian|spd|1
|move|p1a: Quagsire|Recover|p1a: Quagsire
|-heal|p1a: Quagsire|58/100
|
|upkeep
|turn|25
|c|☆King Internal|gimme
|c|☆RULT4pm Aqua|R u banded?
|c|☆King Internal|give me a mon
|
|t:|1598809805
|switch|p1a: Tangela|Tangela, F|48/100
|-damage|p1a: Tangela|36/100|[from] Stealth Rock
|move|p2a: Passimian|Close Combat|p1a: Tangela
|-damage|p1a: Tangela|0 fnt
|-unboost|p2a: Passimian|def|1
|-unboost|p2a: Passimian|spd|1
|faint|p1a: Tangela
|
|upkeep
|
|t:|1598809808
|switch|p1a: Quagsire|Quagsire, F|58/100
|-damage|p1a: Quagsire|52/100|[from] Stealth Rock
|turn|26
|
|t:|1598809810
|move|p2a: Passimian|Close Combat|p1a: Quagsire
|-damage|p1a: Quagsire|0 fnt
|-unboost|p2a: Passimian|def|1
|-unboost|p2a: Passimian|spd|1
|faint|p1a: Quagsire
|
|upkeep
|
|t:|1598809813
|switch|p1a: Umbreon|Umbreon, F|84/100
|turn|27
|c|☆King Internal|gime me another
|
|t:|1598809818
|switch|p2a: Gardevoir|Gardevoir, F|76/100
|-damage|p2a: Gardevoir|64/100|[from] Stealth Rock
|move|p1a: Umbreon|Protect||[still]
|-fail|p1a: Umbreon
|
|upkeep
|turn|28
|
|t:|1598809827
|switch|p2a: Passimian|Passimian, F|76/100
|-damage|p2a: Passimian|70/100|[from] Stealth Rock
|move|p1a: Umbreon|Protect||[still]
|-fail|p1a: Umbreon
|
|upkeep
|turn|29
|
|t:|1598809833
|move|p1a: Umbreon|Protect|p1a: Umbreon
|-singleturn|p1a: Umbreon|Protect
|move|p2a: Passimian|U-turn|p1a: Umbreon
|-activate|p1a: Umbreon|move: Protect
|
|upkeep
|turn|30
|
|t:|1598809837
|move|p2a: Passimian|U-turn|p1a: Umbreon
|-supereffective|p1a: Umbreon
|-damage|p1a: Umbreon|24/100
|
|t:|1598809844
|switch|p2a: Vaporeon|Vaporeon, M|100/100|[from]move: U-turn
|-damage|p2a: Vaporeon|88/100|[from] Stealth Rock
|move|p1a: Umbreon|Wish|p1a: Umbreon
|
|-heal|p2a: Vaporeon|94/100|[from] item: Leftovers
|upkeep
|turn|31
|c|☆RULT4pm Aqua|Why are u banded passi
|c|☆RULT4pm Aqua|?
|
|t:|1598809856
|move|p1a: Umbreon|Foul Play|p2a: Vaporeon
|-damage|p2a: Vaporeon|82/100
|move|p2a: Vaporeon|Wish|p2a: Vaporeon
|
|-heal|p1a: Umbreon|74/100|[from] move: Wish|[wisher] Umbreon
|-heal|p2a: Vaporeon|88/100|[from] item: Leftovers
|upkeep
|turn|32
|c|@CryoGyro|why shouldn't he
|c|☆King Internal|this is why
|c|☆King Internal|u dont bring stall
|c|☆King Internal|vs me
|c|☆RULT4pm Aqua|Lol
|c|+Oathkeepre|also, why does it matter? lol
|c|☆King Internal|stall doesnt work
|c|☆RULT4pm Aqua|It matters cuz that rekts me
|inactive|RULT4pm Aqua has 120 seconds left.
|c|☆King Internal|against aggressive play
|
|t:|1598809896
|switch|p2a: Gardevoir|Gardevoir, F|64/100
|-damage|p2a: Gardevoir|51/100|[from] Stealth Rock
|move|p1a: Umbreon|Wish|p1a: Umbreon
|
|-heal|p2a: Gardevoir|100/100|[from] move: Wish|[wisher] Vaporeon
|upkeep
|turn|33
|
|t:|1598809916
|switch|p2a: Passimian|Passimian, F|70/100
|-damage|p2a: Passimian|64/100|[from] Stealth Rock
|move|p1a: Umbreon|Protect||[still]
|-fail|p1a: Umbreon
|
|-heal|p1a: Umbreon|100/100|[from] move: Wish|[wisher] Umbreon
|upkeep
|turn|34
|
|t:|1598809924
|move|p1a: Umbreon|Protect|p1a: Umbreon
|-singleturn|p1a: Umbreon|Protect
|move|p2a: Passimian|U-turn|p1a: Umbreon
|-activate|p1a: Umbreon|move: Protect
|
|upkeep
|turn|35
|
|t:|1598809929
|switch|p1a: Bronzong|Bronzong|100/100
|-damage|p1a: Bronzong|94/100|[from] Stealth Rock
|move|p2a: Passimian|U-turn|p1a: Bronzong
|-damage|p1a: Bronzong|65/100
|
|t:|1598809945
|switch|p2a: Vaporeon|Vaporeon, M|88/100|[from]move: U-turn
|-damage|p2a: Vaporeon|76/100|[from] Stealth Rock
|
|-heal|p2a: Vaporeon|82/100|[from] item: Leftovers
|-heal|p1a: Bronzong|71/100|[from] item: Leftovers
|upkeep
|turn|36
|
|t:|1598809956
|switch|p1a: Dragalge|Dragalge, M|42/100
|-damage|p1a: Dragalge|30/100|[from] Stealth Rock
|move|p2a: Vaporeon|Wish|p2a: Vaporeon
|
|-heal|p2a: Vaporeon|88/100|[from] item: Leftovers
|-heal|p1a: Dragalge|36/100|[from] item: Black Sludge
|upkeep
|turn|37
|inactive|King Internal has 120 seconds left.
|
|t:|1598809991
|switch|p2a: Steelix|Steelix, F|93/100
|-damage|p2a: Steelix|89/100|[from] Stealth Rock
|move|p1a: Dragalge|Toxic Spikes|p2a: Steelix
|-sidestart|p2: King Internal|move: Toxic Spikes
|
|-heal|p2a: Steelix|100/100|[from] move: Wish|[wisher] Vaporeon
|-heal|p1a: Dragalge|42/100|[from] item: Black Sludge
|upkeep
|turn|38
|inactive|King Internal has 120 seconds left.
|c|☆RULT4pm Aqua|Hurry up
|c|@CryoGyro|look who's talking
|c|☆King Internal|this is over
|c|☆King Internal|....
|
|t:|1598810014
|switch|p2a: Slowbro|Slowbro-Galar, F|100/100
|-damage|p2a: Slowbro|88/100|[from] Stealth Rock
|-sideend|p2: King Internal|move: Toxic Spikes|[of] p2a: Slowbro
|move|p1a: Dragalge|Dragon Tail|p2a: Slowbro
|-damage|p2a: Slowbro|75/100
|drag|p2a: Vaporeon|Vaporeon, M|88/100
|-damage|p2a: Vaporeon|76/100|[from] Stealth Rock
|
|-heal|p2a: Vaporeon|82/100|[from] item: Leftovers
|-heal|p1a: Dragalge|48/100|[from] item: Black Sludge
|upkeep
|turn|39
|c|☆RULT4pm Aqua|Well play it out to the end
|c|☆King Internal|ive been clicking all game
|
|t:|1598810031
|move|p2a: Vaporeon|Scald|p1a: Dragalge
|-resisted|p1a: Dragalge
|-damage|p1a: Dragalge|37/100
|move|p1a: Dragalge|Sludge Bomb|p2a: Vaporeon
|-damage|p2a: Vaporeon|51/100
|-status|p2a: Vaporeon|psn
|
|-heal|p2a: Vaporeon|57/100 psn|[from] item: Leftovers
|-heal|p1a: Dragalge|43/100|[from] item: Black Sludge
|-damage|p2a: Vaporeon|45/100 psn|[from] psn
|upkeep
|turn|40
|c|☆King Internal|...........
|
|t:|1598810036
|move|p2a: Vaporeon|Wish|p2a: Vaporeon
|move|p1a: Dragalge|Toxic Spikes|p2a: Vaporeon
|-sidestart|p2: King Internal|move: Toxic Spikes
|
|-heal|p2a: Vaporeon|51/100 psn|[from] item: Leftovers
|-heal|p1a: Dragalge|49/100|[from] item: Black Sludge
|-damage|p2a: Vaporeon|38/100 psn|[from] psn
|upkeep
|turn|41
|inactive|King Internal has 120 seconds left.
|
|t:|1598810047
|move|p2a: Vaporeon|Protect|p2a: Vaporeon
|-singleturn|p2a: Vaporeon|Protect
|move|p1a: Dragalge|Sludge Bomb|p2a: Vaporeon
|-activate|p2a: Vaporeon|move: Protect
|
|-heal|p2a: Vaporeon|88/100 psn|[from] move: Wish|[wisher] Vaporeon
|-heal|p2a: Vaporeon|95/100 psn|[from] item: Leftovers
|-heal|p1a: Dragalge|55/100|[from] item: Black Sludge
|-damage|p2a: Vaporeon|82/100 psn|[from] psn
|upkeep
|turn|42
|
|t:|1598810051
|move|p2a: Vaporeon|Heal Bell|p2a: Vaporeon
|-activate|p2a: Vaporeon|move: Heal Bell
|-curestatus|p2a: Vaporeon|psn|[msg]
|move|p1a: Dragalge|Sludge Bomb|p2a: Vaporeon
|-damage|p2a: Vaporeon|50/100
|
|-heal|p2a: Vaporeon|57/100|[from] item: Leftovers
|-heal|p1a: Dragalge|61/100|[from] item: Black Sludge
|upkeep
|turn|43
|
|t:|1598810059
|move|p2a: Vaporeon|Scald|p1a: Dragalge
|-resisted|p1a: Dragalge
|-damage|p1a: Dragalge|49/100
|move|p1a: Dragalge|Sludge Bomb|p2a: Vaporeon
|-damage|p2a: Vaporeon|26/100
|
|-heal|p2a: Vaporeon|32/100|[from] item: Leftovers
|-heal|p1a: Dragalge|55/100|[from] item: Black Sludge
|upkeep
|turn|44
|
|t:|1598810072
|switch|p2a: Steelix|Steelix, F|100/100
|-damage|p2a: Steelix|97/100|[from] Stealth Rock
|move|p1a: Dragalge|Dragon Tail|p2a: Steelix
|-resisted|p2a: Steelix
|-damage|p2a: Steelix|92/100
|drag|p2a: Slowbro|Slowbro-Galar, F|100/100
|-damage|p2a: Slowbro|88/100|[from] Stealth Rock
|-sideend|p2: King Internal|move: Toxic Spikes|[of] p2a: Slowbro
|
|-heal|p1a: Dragalge|61/100|[from] item: Black Sludge
|upkeep
|turn|45
|
|t:|1598810080
|switch|p1a: Umbreon|Umbreon, F|100/100
|switch|p2a: Steelix|Steelix, F|92/100
|-damage|p2a: Steelix|89/100|[from] Stealth Rock
|
|upkeep
|turn|46
|
|t:|1598810085
|switch|p1a: Dragalge|Dragalge, M|61/100
|-damage|p1a: Dragalge|49/100|[from] Stealth Rock
|move|p2a: Steelix|Toxic|p1a: Dragalge
|-immune|p1a: Dragalge
|
|-heal|p1a: Dragalge|55/100|[from] item: Black Sludge
|upkeep
|turn|47
|
|t:|1598810092
|switch|p2a: Passimian|Passimian, F|64/100
|-damage|p2a: Passimian|57/100|[from] Stealth Rock
|move|p1a: Dragalge|Toxic Spikes|p2a: Passimian
|-sidestart|p2: King Internal|move: Toxic Spikes
|
|-heal|p1a: Dragalge|61/100|[from] item: Black Sludge
|upkeep
|turn|48
|
|t:|1598810108
|move|p2a: Passimian|Knock Off|p1a: Dragalge
|-damage|p1a: Dragalge|11/100
|-enditem|p1a: Dragalge|Black Sludge|[from] move: Knock Off|[of] p2a: Passimian
|move|p1a: Dragalge|Sludge Bomb|p2a: Passimian
|-damage|p2a: Passimian|0 fnt
|faint|p2a: Passimian
|
|upkeep
|c|☆RULT4pm Aqua|I chiked
|c|☆RULT4pm Aqua|Choked*
|
|t:|1598810128
|switch|p2a: Rotom|Rotom-Mow|17/100
|-damage|p2a: Rotom|4/100|[from] Stealth Rock
|turn|49
|
|t:|1598810141
|move|p2a: Rotom|Volt Switch|p1a: Dragalge
|-resisted|p1a: Dragalge
|-damage|p1a: Dragalge|0 fnt
|faint|p1a: Dragalge
|
|t:|1598810146
|switch|p2a: Slowbro|Slowbro-Galar, F|100/100|[from]move: Volt Switch
|-damage|p2a: Slowbro|88/100|[from] Stealth Rock
|-sideend|p2: King Internal|move: Toxic Spikes|[of] p2a: Slowbro
|
|upkeep
|c|☆RULT4pm Aqua|Bruh that kills
|
|t:|1598810157
|switch|p1a: Umbreon|Umbreon, F|100/100
|turn|50
|
|t:|1598810160
|switch|p2a: Rotom|Rotom-Mow|4/100
|-damage|p2a: Rotom|0 fnt|[from] Stealth Rock
|faint|p2a: Rotom
|move|p1a: Umbreon|Foul Play|p2: Rotom|[notarget]
|-fail|p1a: Umbreon
|
|upkeep
|
|t:|1598810163
|switch|p2a: Vaporeon|Vaporeon, M|32/100
|-damage|p2a: Vaporeon|20/100|[from] Stealth Rock
|turn|51
|
|t:|1598810170
|move|p2a: Vaporeon|Protect|p2a: Vaporeon
|-singleturn|p2a: Vaporeon|Protect
|move|p1a: Umbreon|Foul Play|p2a: Vaporeon
|-activate|p2a: Vaporeon|move: Protect
|
|-heal|p2a: Vaporeon|26/100|[from] item: Leftovers
|upkeep
|turn|52
|c|☆RULT4pm Aqua|Watch these crits
|
|t:|1598810189
|move|p2a: Vaporeon|Wish|p2a: Vaporeon
|move|p1a: Umbreon|Foul Play|p2a: Vaporeon
|-damage|p2a: Vaporeon|13/100
|
|-heal|p2a: Vaporeon|20/100|[from] item: Leftovers
|upkeep
|turn|53
|c|☆King Internal|na
|c|☆King Internal|ggs tho
|j| RULT4pm PCD
|c| jaytop31|it wouldn't have killed anyway
|inactive|RULT4pm Aqua has 120 seconds left.
|c|☆King Internal|"click"
|c|☆King Internal|why are u dragging this out lol
|inactive|RULT4pm Aqua has 90 seconds left.
|c|☆King Internal|so cringe
|inactive|RULT4pm Aqua has 60 seconds left.
|c|☆RULT4pm Aqua|252 SpA Rotom-Mow Thunderbolt vs. 252 HP / 252 SpD Dragalge: 43-51 (12.8 - 15.2%) -- possibly the worst move ever
|c|+Oathkeepre|ok
|c|☆RULT4pm Aqua|Wht didnt u thunder bolt?
|c|+Oathkeepre|can we move it along
|inactive|RULT4pm Aqua has 30 seconds left.
|c|☆King Internal|cryogyro this mans really dragging this out
|c|☆King Internal|in a room tour
|-message|RULT4pm Aqua forfeited.
|
|win|King Internal
|c|☆King Internal|LMFAO
