|j|☆Dancanmanfan
|j|☆Gen3_Shill
|t:|1602092528
|player|p1|Dancanmanfan|clay|1310
|player|p2|Gen3_Shill|rancher|1094
|teamsize|p1|6
|teamsize|p2|6
|gametype|singles
|gen|8
|tier|[Gen 8] RU
|rated|
|clearpoke
|poke|p1|Arcanine, M|
|poke|p1|Golisopod, F|
|poke|p1|Braviary, M|
|poke|p1|Comfey, M|
|poke|p1|Umbreon, M|
|poke|p1|Scrafty, F|
|poke|p2|Togedemaru, M|
|poke|p2|Hitmontop, M|
|poke|p2|Snorlax, M|
|poke|p2|Comfey, F|
|poke|p2|Seismitoad, M|
|poke|p2|Drapion, F|
|rule|Sleep Clause Mod: Limit one foe put to sleep
|rule|Species Clause: Limit one of each Pokémon
|rule|OHKO Clause: OHKO moves are banned
|rule|Evasion Moves Clause: Evasion moves are banned
|rule|Endless Battle Clause: Forcing endless battles is banned
|rule|HP Percentage Mod: HP is shown in percentages
|rule|Dynamax Clause: You cannot dynamax
|teampreview
|
|t:|1602092547
|start
|switch|p1a: Arcanine|Arcanine, M|100/100
|switch|p2a: Drapion|Drapion, F|100/100
|-ability|p1a: Arcanine|Intimidate|boost
|-unboost|p2a: Drapion|atk|1
|turn|1
|
|t:|1602092555
|move|p2a: Drapion|Toxic Spikes|p1a: Arcanine
|-sidestart|p1: Dancanmanfan|move: Toxic Spikes
|move|p1a: Arcanine|Will-O-Wisp|p2a: Drapion
|-status|p2a: Drapion|brn
|
|-damage|p2a: Drapion|94/100 brn|[from] brn
|upkeep
|turn|2
|
|t:|1602092564
|switch|p1a: Golisopod|Golisopod, F|100/100
|-status|p1a: Golisopod|psn
|move|p2a: Drapion|Toxic Spikes|p1a: Golisopod
|-sidestart|p1: Dancanmanfan|move: Toxic Spikes
|
|-damage|p2a: Drapion|88/100 brn|[from] brn
|-damage|p1a: Golisopod|88/100 psn|[from] psn
|upkeep
|turn|3
|
|t:|1602092572
|switch|p2a: Togedemaru|Togedemaru, M|100/100
|move|p1a: Golisopod|First Impression|p2a: Togedemaru
|-resisted|p2a: Togedemaru
|-damage|p2a: Togedemaru|62/100
|
|-damage|p1a: Golisopod|76/100 psn|[from] psn
|upkeep
|turn|4
|
|t:|1602092590
|switch|p1a: Braviary|Braviary, M|100/100
|move|p2a: Togedemaru|Nuzzle|p1a: Braviary
|-supereffective|p1a: Braviary
|-damage|p1a: Braviary|84/100
|-status|p1a: Braviary|par
|
|upkeep
|turn|5
|
|t:|1602092597
|move|p2a: Togedemaru|Super Fang|p1a: Braviary|[miss]
|-miss|p2a: Togedemaru|p1a: Braviary
|cant|p1a: Braviary|par
|
|upkeep
|turn|6
|
|t:|1602092614
|switch|p2a: Seismitoad|Seismitoad, M|100/100
|move|p1a: Braviary|Close Combat|p2a: Seismitoad
|-damage|p2a: Seismitoad|54/100
|-unboost|p1a: Braviary|def|1
|-unboost|p1a: Braviary|spd|1
|
|-heal|p2a: Seismitoad|60/100|[from] item: Leftovers
|upkeep
|turn|7
|
|t:|1602092625
|cant|p1a: Braviary|par
|move|p2a: Seismitoad|Hydro Pump|p1a: Braviary
|-damage|p1a: Braviary|0 fnt
|faint|p1a: Braviary
|
|-heal|p2a: Seismitoad|66/100|[from] item: Leftovers
|upkeep
|
|t:|1602092643
|switch|p1a: Golisopod|Golisopod, F|76/100 psn
|turn|8
|
|t:|1602092647
|switch|p2a: Togedemaru|Togedemaru, M|62/100
|move|p1a: Golisopod|First Impression|p2a: Togedemaru
|-resisted|p2a: Togedemaru
|-damage|p2a: Togedemaru|23/100
|
|-damage|p1a: Golisopod|63/100 psn|[from] psn
|upkeep
|turn|9
|
|t:|1602092656
|move|p2a: Togedemaru|Fake Out|p1a: Golisopod
|-damage|p1a: Golisopod|57/100 psn
|cant|p1a: Golisopod|flinch
|
|-damage|p1a: Golisopod|45/100 psn|[from] psn
|-activate|p1a: Golisopod|ability: Emergency Exit
|upkeep
|-enditem|p1a: Golisopod|Sitrus Berry|[eat]
|-heal|p1a: Golisopod|69/100 psn|[from] item: Sitrus Berry
|
|t:|1602092661
|switch|p1a: Scrafty|Scrafty, F|100/100
|-status|p1a: Scrafty|tox
|turn|10
|
|t:|1602092671
|switch|p2a: Hitmontop|Hitmontop, M|100/100
|-ability|p2a: Hitmontop|Intimidate|boost
|-unboost|p1a: Scrafty|atk|1
|move|p1a: Scrafty|Dragon Dance|p1a: Scrafty
|-boost|p1a: Scrafty|atk|1
|-boost|p1a: Scrafty|spe|1
|
|-damage|p1a: Scrafty|94/100 tox|[from] psn
|upkeep
|turn|11
|
|t:|1602092680
|move|p2a: Hitmontop|Fake Out|p1a: Scrafty
|-damage|p1a: Scrafty|81/100 tox
|cant|p1a: Scrafty|flinch
|
|-damage|p1a: Scrafty|68/100 tox|[from] psn
|upkeep
|turn|12
|
|t:|1602092687
|move|p1a: Scrafty|Drain Punch|p2a: Hitmontop
|-damage|p2a: Hitmontop|65/100
|-heal|p1a: Scrafty|88/100 tox|[from] drain|[of] p2a: Hitmontop
|move|p2a: Hitmontop|Brick Break|p1a: Scrafty
|-supereffective|p1a: Scrafty
|-damage|p1a: Scrafty|10/100 tox
|-enditem|p1a: Scrafty|Salac Berry|[eat]
|-boost|p1a: Scrafty|spe|1|[from] item: Salac Berry
|
|-damage|p1a: Scrafty|0 fnt|[from] psn
|faint|p1a: Scrafty
|upkeep
|
|t:|1602092698
|switch|p1a: Golisopod|Golisopod, F|69/100 psn
|turn|13
|
|t:|1602092707
|move|p1a: Golisopod|First Impression|p2a: Hitmontop
|-resisted|p2a: Hitmontop
|-damage|p2a: Hitmontop|35/100
|move|p2a: Hitmontop|Brick Break|p1a: Golisopod
|-resisted|p1a: Golisopod
|-damage|p1a: Golisopod|57/100 psn
|
|-damage|p1a: Golisopod|44/100 psn|[from] psn
|-activate|p1a: Golisopod|ability: Emergency Exit
|upkeep
|
|t:|1602092715
|switch|p1a: Comfey|Comfey, M|100/100
|-status|p1a: Comfey|tox
|turn|14
|
|t:|1602092727
|switch|p2a: Drapion|Drapion, F|88/100 brn
|move|p1a: Comfey|Calm Mind|p1a: Comfey
|-boost|p1a: Comfey|spa|1
|-boost|p1a: Comfey|spd|1
|
|-damage|p2a: Drapion|82/100 brn|[from] brn
|-damage|p1a: Comfey|94/100 tox|[from] psn
|upkeep
|turn|15
|
|t:|1602092736
|move|p1a: Comfey|Draining Kiss|p2a: Drapion
|-damage|p2a: Drapion|39/100 brn
|-heal|p1a: Comfey|100/100 tox|[from] drain|[of] p2a: Drapion
|move|p2a: Drapion|Poison Jab|p1a: Comfey
|-supereffective|p1a: Comfey
|-damage|p1a: Comfey|45/100 tox
|-damage|p2a: Drapion|29/100 brn|[from] item: Life Orb
|
|-damage|p2a: Drapion|23/100 brn|[from] brn
|-damage|p1a: Comfey|33/100 tox|[from] psn
|upkeep
|turn|16
|
|t:|1602092746
|move|p1a: Comfey|Draining Kiss|p2a: Drapion
|-damage|p2a: Drapion|0 fnt
|-heal|p1a: Comfey|57/100 tox|[from] drain|[of] p2a: Drapion
|faint|p2a: Drapion
|
|-damage|p1a: Comfey|38/100 tox|[from] psn
|upkeep
|
|t:|1602092755
|switch|p2a: Snorlax|Snorlax, M|100/100
|turn|17
|
|t:|1602092763
|switch|p1a: Arcanine|Arcanine, M|100/100
|-ability|p1a: Arcanine|Intimidate|boost
|-unboost|p2a: Snorlax|atk|1
|move|p2a: Snorlax|Body Slam|p1a: Arcanine
|-damage|p1a: Arcanine|78/100
|
|upkeep
|turn|18
|
|t:|1602092772
|switch|p2a: Seismitoad|Seismitoad, M|66/100
|move|p1a: Arcanine|Will-O-Wisp|p2a: Seismitoad
|-status|p2a: Seismitoad|brn
|
|-heal|p2a: Seismitoad|72/100 brn|[from] item: Leftovers
|-damage|p2a: Seismitoad|66/100 brn|[from] brn
|upkeep
|turn|19
|
|t:|1602092780
|switch|p1a: Umbreon|Umbreon, M|100/100
|-status|p1a: Umbreon|tox
|move|p2a: Seismitoad|Earth Power|p1a: Umbreon
|-damage|p1a: Umbreon|78/100 tox
|
|-heal|p2a: Seismitoad|72/100 brn|[from] item: Leftovers
|-heal|p1a: Umbreon|85/100 tox|[from] item: Leftovers
|-damage|p2a: Seismitoad|66/100 brn|[from] brn
|-damage|p1a: Umbreon|78/100 tox|[from] psn
|upkeep
|turn|20
|
|t:|1602092793
|switch|p2a: Hitmontop|Hitmontop, M|35/100
|-ability|p2a: Hitmontop|Intimidate|boost
|-unboost|p1a: Umbreon|atk|1
|move|p1a: Umbreon|Heal Bell|p1a: Umbreon
|-activate|p1a: Umbreon|move: Heal Bell
|-curestatus|p1a: Umbreon|tox|[msg]
|-curestatus|p1: Comfey|tox|[msg]
|-curestatus|p1: Golisopod|psn|[msg]
|
|-heal|p1a: Umbreon|85/100|[from] item: Leftovers
|upkeep
|turn|21
|
|t:|1602092803
|move|p1a: Umbreon|Protect|p1a: Umbreon
|-singleturn|p1a: Umbreon|Protect
|move|p2a: Hitmontop|Brick Break|p1a: Umbreon
|-activate|p1a: Umbreon|move: Protect
|
|-heal|p1a: Umbreon|91/100|[from] item: Leftovers
|upkeep
|turn|22
|
|t:|1602092810
|switch|p1a: Arcanine|Arcanine, M|78/100
|-ability|p1a: Arcanine|Intimidate|boost
|-unboost|p2a: Hitmontop|atk|1
|move|p2a: Hitmontop|Brick Break|p1a: Arcanine
|-damage|p1a: Arcanine|61/100
|
|upkeep
|turn|23
|
|t:|1602092817
|switch|p2a: Seismitoad|Seismitoad, M|66/100 brn
|move|p1a: Arcanine|Extreme Speed|p2a: Seismitoad
|-damage|p2a: Seismitoad|45/100 brn
|
|-heal|p2a: Seismitoad|51/100 brn|[from] item: Leftovers
|-damage|p2a: Seismitoad|45/100 brn|[from] brn
|upkeep
|turn|24
|
|t:|1602092825
|switch|p1a: Umbreon|Umbreon, M|91/100
|-status|p1a: Umbreon|tox
|move|p2a: Seismitoad|Stealth Rock|p1a: Umbreon
|-sidestart|p1: Dancanmanfan|move: Stealth Rock
|
|-heal|p2a: Seismitoad|51/100 brn|[from] item: Leftovers
|-heal|p1a: Umbreon|97/100 tox|[from] item: Leftovers
|-damage|p2a: Seismitoad|45/100 brn|[from] brn
|-damage|p1a: Umbreon|91/100 tox|[from] psn
|upkeep
|turn|25
|
|t:|1602092835
|switch|p2a: Comfey|Comfey, F, shiny|100/100
|move|p1a: Umbreon|Foul Play|p2a: Comfey
|-resisted|p2a: Comfey
|-damage|p2a: Comfey|93/100
|
|-heal|p2a: Comfey|99/100|[from] item: Leftovers
|-heal|p1a: Umbreon|97/100 tox|[from] item: Leftovers
|-damage|p1a: Umbreon|85/100 tox|[from] psn
|upkeep
|turn|26
|
|t:|1602092846
|switch|p1a: Arcanine|Arcanine, M|61/100
|-ability|p1a: Arcanine|Intimidate|boost
|-unboost|p2a: Comfey|atk|1
|move|p2a: Comfey|Dazzling Gleam|p1a: Arcanine
|-resisted|p1a: Arcanine
|-damage|p1a: Arcanine|47/100
|
|-heal|p2a: Comfey|100/100|[from] item: Leftovers
|upkeep
|turn|27
|
|t:|1602092855
|switch|p2a: Hitmontop|Hitmontop, M|35/100
|-ability|p2a: Hitmontop|Intimidate|boost
|-unboost|p1a: Arcanine|atk|1
|move|p1a: Arcanine|Morning Sun|p1a: Arcanine
|-heal|p1a: Arcanine|97/100
|
|upkeep
|turn|28
|
|t:|1602092862
|move|p2a: Hitmontop|Fake Out|p1a: Arcanine
|-damage|p1a: Arcanine|88/100
|cant|p1a: Arcanine|flinch
|
|upkeep
|turn|29
|
|t:|1602092868
|switch|p2a: Seismitoad|Seismitoad, M|45/100 brn
|move|p1a: Arcanine|Extreme Speed|p2a: Seismitoad
|-damage|p2a: Seismitoad|30/100 brn
|
|-heal|p2a: Seismitoad|36/100 brn|[from] item: Leftovers
|-damage|p2a: Seismitoad|30/100 brn|[from] brn
|upkeep
|turn|30
|
|t:|1602092878
|switch|p1a: Umbreon|Umbreon, M|85/100 tox
|-damage|p1a: Umbreon|72/100 tox|[from] Stealth Rock
|move|p2a: Seismitoad|Earth Power|p1a: Umbreon
|-damage|p1a: Umbreon|50/100 tox
|
|-heal|p2a: Seismitoad|36/100 brn|[from] item: Leftovers
|-heal|p1a: Umbreon|56/100 tox|[from] item: Leftovers
|-damage|p2a: Seismitoad|30/100 brn|[from] brn
|-damage|p1a: Umbreon|50/100 tox|[from] psn
|upkeep
|turn|31
|
|t:|1602092890
|switch|p2a: Comfey|Comfey, F, shiny|100/100
|move|p1a: Umbreon|Wish|p1a: Umbreon
|
|-heal|p1a: Umbreon|56/100 tox|[from] item: Leftovers
|-damage|p1a: Umbreon|44/100 tox|[from] psn
|upkeep
|turn|32
|
|t:|1602092904
|move|p2a: Comfey|Leech Seed|p1a: Umbreon|[miss]
|-miss|p2a: Comfey|p1a: Umbreon
|move|p1a: Umbreon|Heal Bell|p1a: Umbreon
|-activate|p1a: Umbreon|move: Heal Bell
|-curestatus|p1a: Umbreon|tox|[msg]
|
|-heal|p1a: Umbreon|94/100|[from] move: Wish|[wisher] Umbreon
|-heal|p1a: Umbreon|99/100|[from] item: Leftovers
|upkeep
|turn|33
|
|t:|1602092913
|move|p2a: Comfey|Dazzling Gleam|p1a: Umbreon
|-supereffective|p1a: Umbreon
|-damage|p1a: Umbreon|71/100
|move|p1a: Umbreon|Wish|p1a: Umbreon
|
|-heal|p1a: Umbreon|77/100|[from] item: Leftovers
|upkeep
|turn|34
|
|t:|1602092921
|switch|p1a: Golisopod|Golisopod, F|44/100
|-damage|p1a: Golisopod|19/100|[from] Stealth Rock
|-status|p1a: Golisopod|tox
|move|p2a: Comfey|Toxic|p1a: Golisopod
|-fail|p1a: Golisopod|tox
|
|-heal|p1a: Golisopod|75/100 tox|[from] move: Wish|[wisher] Umbreon
|-damage|p1a: Golisopod|69/100 tox|[from] psn
|upkeep
|turn|35
|
|t:|1602092931
|move|p2a: Comfey|Protect|p2a: Comfey
|-singleturn|p2a: Comfey|Protect
|move|p1a: Golisopod|First Impression|p2a: Comfey
|-activate|p2a: Comfey|move: Protect
|
|-damage|p1a: Golisopod|56/100 tox|[from] psn
|upkeep
|turn|36
|
|t:|1602092947
|move|p1a: Golisopod|Aqua Jet|p2a: Comfey
|-damage|p2a: Comfey|76/100
|move|p2a: Comfey|Leech Seed|p1a: Golisopod
|-start|p1a: Golisopod|move: Leech Seed
|
|-heal|p2a: Comfey|82/100|[from] item: Leftovers
|-damage|p1a: Golisopod|44/100 tox|[from] Leech Seed|[of] p2a: Comfey
|-heal|p2a: Comfey|96/100|[silent]
|-damage|p1a: Golisopod|25/100 tox|[from] psn
|-activate|p1a: Golisopod|ability: Emergency Exit
|upkeep
|
|t:|1602092954
|switch|p1a: Arcanine|Arcanine, M|88/100
|-ability|p1a: Arcanine|Intimidate|boost
|-unboost|p2a: Comfey|atk|1
|turn|37
|
|t:|1602092962
|move|p1a: Arcanine|Extreme Speed|p2a: Comfey
|-damage|p2a: Comfey|73/100
|move|p2a: Comfey|Toxic|p1a: Arcanine
|-status|p1a: Arcanine|tox
|
|-heal|p2a: Comfey|80/100|[from] item: Leftovers
|-damage|p1a: Arcanine|81/100 tox|[from] psn
|upkeep
|turn|38
|
|t:|1602092982
|switch|p1a: Golisopod|Golisopod, F|25/100 tox
|-damage|p1a: Golisopod|0 fnt|[from] Stealth Rock
|faint|p1a: Golisopod
|move|p2a: Comfey|Leech Seed|p1: Golisopod|[notarget]
|-fail|p2a: Comfey
|
|-heal|p2a: Comfey|86/100|[from] item: Leftovers
|upkeep
|
|t:|1602092997
|switch|p1a: Arcanine|Arcanine, M|81/100 tox
|-ability|p1a: Arcanine|Intimidate|boost
|-unboost|p2a: Comfey|atk|1
|turn|39
|
|t:|1602093004
|move|p2a: Comfey|Leech Seed|p1a: Arcanine
|-start|p1a: Arcanine|move: Leech Seed
|move|p1a: Arcanine|Flare Blitz|p2a: Comfey
|-damage|p2a: Comfey|40/100
|-damage|p1a: Arcanine|70/100 tox|[from] Recoil
|
|-heal|p2a: Comfey|47/100|[from] item: Leftovers
|-damage|p1a: Arcanine|57/100 tox|[from] Leech Seed|[of] p2a: Comfey
|-heal|p2a: Comfey|62/100|[silent]
|-damage|p1a: Arcanine|51/100 tox|[from] psn
|upkeep
|turn|40
|
|t:|1602093015
|switch|p1a: Umbreon|Umbreon, M|77/100
|-damage|p1a: Umbreon|65/100|[from] Stealth Rock
|-status|p1a: Umbreon|tox
|move|p2a: Comfey|Protect||[still]
|-fail|p2a: Comfey
|
|-heal|p2a: Comfey|68/100|[from] item: Leftovers
|-heal|p1a: Umbreon|71/100 tox|[from] item: Leftovers
|-damage|p1a: Umbreon|65/100 tox|[from] psn
|upkeep
|turn|41
|
|t:|1602093029
|move|p2a: Comfey|Leech Seed|p1a: Umbreon|[miss]
|-miss|p2a: Comfey|p1a: Umbreon
|move|p1a: Umbreon|Wish|p1a: Umbreon
|
|-heal|p2a: Comfey|75/100|[from] item: Leftovers
|-heal|p1a: Umbreon|71/100 tox|[from] item: Leftovers
|-damage|p1a: Umbreon|59/100 tox|[from] psn
|upkeep
|turn|42
|
|t:|1602093039
|move|p2a: Comfey|Leech Seed|p1a: Umbreon
|-start|p1a: Umbreon|move: Leech Seed
|move|p1a: Umbreon|Heal Bell|p1a: Umbreon
|-activate|p1a: Umbreon|move: Heal Bell
|-curestatus|p1a: Umbreon|tox|[msg]
|-curestatus|p1: Arcanine|tox|[msg]
|
|-heal|p1a: Umbreon|100/100|[from] move: Wish|[wisher] Umbreon
|-heal|p2a: Comfey|81/100|[from] item: Leftovers
|-damage|p1a: Umbreon|88/100|[from] Leech Seed|[of] p2a: Comfey
|-heal|p2a: Comfey|97/100|[silent]
|upkeep
|turn|43
|
|t:|1602093055
|move|p2a: Comfey|Dazzling Gleam|p1a: Umbreon
|-supereffective|p1a: Umbreon
|-damage|p1a: Umbreon|56/100
|move|p1a: Umbreon|Foul Play|p2a: Comfey
|-resisted|p2a: Comfey
|-damage|p2a: Comfey|93/100
|
|-heal|p2a: Comfey|99/100|[from] item: Leftovers
|-heal|p1a: Umbreon|62/100|[from] item: Leftovers
|-damage|p1a: Umbreon|50/100|[from] Leech Seed|[of] p2a: Comfey
|-heal|p2a: Comfey|100/100|[silent]
|upkeep
|turn|44
|
|t:|1602093065
|move|p2a: Comfey|Dazzling Gleam|p1a: Umbreon
|-supereffective|p1a: Umbreon
|-damage|p1a: Umbreon|16/100
|move|p1a: Umbreon|Wish|p1a: Umbreon
|
|-heal|p1a: Umbreon|22/100|[from] item: Leftovers
|-damage|p1a: Umbreon|10/100|[from] Leech Seed|[of] p2a: Comfey
|upkeep
|turn|45
|
|t:|1602093073
|move|p1a: Umbreon|Protect|p1a: Umbreon
|-singleturn|p1a: Umbreon|Protect
|move|p2a: Comfey|Dazzling Gleam|p1a: Umbreon
|-activate|p1a: Umbreon|move: Protect
|
|-heal|p1a: Umbreon|60/100|[from] move: Wish|[wisher] Umbreon
|-heal|p1a: Umbreon|66/100|[from] item: Leftovers
|-damage|p1a: Umbreon|54/100|[from] Leech Seed|[of] p2a: Comfey
|upkeep
|turn|46
|
|t:|1602093087
|move|p2a: Comfey|Protect|p2a: Comfey
|-singleturn|p2a: Comfey|Protect
|move|p1a: Umbreon|Wish|p1a: Umbreon
|
|-heal|p1a: Umbreon|60/100|[from] item: Leftovers
|-damage|p1a: Umbreon|47/100|[from] Leech Seed|[of] p2a: Comfey
|upkeep
|turn|47
|
|t:|1602093094
|switch|p2a: Hitmontop|Hitmontop, M|35/100
|-ability|p2a: Hitmontop|Intimidate|boost
|-unboost|p1a: Umbreon|atk|1
|move|p1a: Umbreon|Protect||[still]
|-fail|p1a: Umbreon
|
|-heal|p1a: Umbreon|97/100|[from] move: Wish|[wisher] Umbreon
|-heal|p1a: Umbreon|100/100|[from] item: Leftovers
|-damage|p1a: Umbreon|88/100|[from] Leech Seed|[of] p2a: Hitmontop
|-heal|p2a: Hitmontop|51/100|[silent]
|upkeep
|turn|48
|
|t:|1602093105
|switch|p1a: Arcanine|Arcanine, M|51/100
|-ability|p1a: Arcanine|Intimidate|boost
|-unboost|p2a: Hitmontop|atk|1
|move|p2a: Hitmontop|Fake Out|p1a: Arcanine
|-damage|p1a: Arcanine|45/100
|
|upkeep
|turn|49
|
|t:|1602093113
|switch|p2a: Seismitoad|Seismitoad, M|30/100 brn
|move|p1a: Arcanine|Morning Sun|p1a: Arcanine
|-heal|p1a: Arcanine|95/100
|
|-heal|p2a: Seismitoad|36/100 brn|[from] item: Leftovers
|-damage|p2a: Seismitoad|30/100 brn|[from] brn
|upkeep
|turn|50
|
|t:|1602093138
|switch|p1a: Umbreon|Umbreon, M|88/100
|-damage|p1a: Umbreon|76/100|[from] Stealth Rock
|-status|p1a: Umbreon|tox
|move|p2a: Seismitoad|Earth Power|p1a: Umbreon
|-damage|p1a: Umbreon|54/100 tox
|
|-heal|p2a: Seismitoad|36/100 brn|[from] item: Leftovers
|-heal|p1a: Umbreon|60/100 tox|[from] item: Leftovers
|-damage|p2a: Seismitoad|30/100 brn|[from] brn
|-damage|p1a: Umbreon|54/100 tox|[from] psn
|upkeep
|turn|51
|
|t:|1602093152
|switch|p2a: Hitmontop|Hitmontop, M|51/100
|-ability|p2a: Hitmontop|Intimidate|boost
|-unboost|p1a: Umbreon|atk|1
|move|p1a: Umbreon|Wish|p1a: Umbreon
|
|-heal|p1a: Umbreon|60/100 tox|[from] item: Leftovers
|-damage|p1a: Umbreon|48/100 tox|[from] psn
|upkeep
|turn|52
|
|t:|1602093159
|move|p1a: Umbreon|Protect|p1a: Umbreon
|-singleturn|p1a: Umbreon|Protect
|move|p2a: Hitmontop|Brick Break|p1a: Umbreon
|-activate|p1a: Umbreon|move: Protect
|
|-heal|p1a: Umbreon|98/100 tox|[from] move: Wish|[wisher] Umbreon
|-heal|p1a: Umbreon|100/100 tox|[from] item: Leftovers
|-damage|p1a: Umbreon|82/100 tox|[from] psn
|upkeep
|turn|53
|
|t:|1602093168
|switch|p1a: Arcanine|Arcanine, M|95/100
|-ability|p1a: Arcanine|Intimidate|boost
|-unboost|p2a: Hitmontop|atk|1
|move|p2a: Hitmontop|Brick Break|p1a: Arcanine
|-damage|p1a: Arcanine|77/100
|
|upkeep
|turn|54
|
|t:|1602093175
|switch|p2a: Seismitoad|Seismitoad, M|30/100 brn
|move|p1a: Arcanine|Extreme Speed|p2a: Seismitoad
|-damage|p2a: Seismitoad|10/100 brn
|
|-heal|p2a: Seismitoad|16/100 brn|[from] item: Leftovers
|-damage|p2a: Seismitoad|10/100 brn|[from] brn
|upkeep
|turn|55
|
|t:|1602093184
|switch|p2a: Togedemaru|Togedemaru, M|23/100
|move|p1a: Arcanine|Extreme Speed|p2a: Togedemaru
|-resisted|p2a: Togedemaru
|-damage|p2a: Togedemaru|8/100
|
|upkeep
|turn|56
|
|t:|1602093191
|move|p2a: Togedemaru|Fake Out|p1a: Arcanine
|-damage|p1a: Arcanine|71/100
|cant|p1a: Arcanine|flinch
|
|upkeep
|turn|57
|
|t:|1602093199
|move|p1a: Arcanine|Extreme Speed|p2a: Togedemaru
|-resisted|p2a: Togedemaru
|-damage|p2a: Togedemaru|0 fnt
|faint|p2a: Togedemaru
|
|upkeep
|
|t:|1602093206
|switch|p2a: Hitmontop|Hitmontop, M|51/100
|-ability|p2a: Hitmontop|Intimidate|boost
|-unboost|p1a: Arcanine|atk|1
|turn|58
|
|t:|1602093211
|move|p2a: Hitmontop|Fake Out|p1a: Arcanine
|-crit|p1a: Arcanine
|-damage|p1a: Arcanine|57/100
|cant|p1a: Arcanine|flinch
|
|upkeep
|turn|59
|
|t:|1602093221
|switch|p2a: Seismitoad|Seismitoad, M|10/100 brn
|move|p1a: Arcanine|Will-O-Wisp|p2a: Seismitoad
|-fail|p2a: Seismitoad|brn
|
|-heal|p2a: Seismitoad|16/100 brn|[from] item: Leftovers
|-damage|p2a: Seismitoad|10/100 brn|[from] brn
|upkeep
|turn|60
|
|t:|1602093229
|move|p1a: Arcanine|Extreme Speed|p2a: Seismitoad
|-damage|p2a: Seismitoad|0 fnt
|faint|p2a: Seismitoad
|
|upkeep
|
|t:|1602093234
|switch|p2a: Comfey|Comfey, F, shiny|100/100
|turn|61
|
|t:|1602093240
|move|p2a: Comfey|Leech Seed|p1a: Arcanine
|-start|p1a: Arcanine|move: Leech Seed
|move|p1a: Arcanine|Will-O-Wisp|p2a: Comfey
|-status|p2a: Comfey|brn
|
|-damage|p1a: Arcanine|45/100|[from] Leech Seed|[of] p2a: Comfey
|-damage|p2a: Comfey|94/100 brn|[from] brn
|upkeep
|turn|62
|
|t:|1602093248
|move|p2a: Comfey|Toxic|p1a: Arcanine
|-status|p1a: Arcanine|tox
|move|p1a: Arcanine|Morning Sun|p1a: Arcanine
|-heal|p1a: Arcanine|95/100 tox
|
|-heal|p2a: Comfey|100/100 brn|[from] item: Leftovers
|-damage|p1a: Arcanine|82/100 tox|[from] Leech Seed|[of] p2a: Comfey
|-damage|p2a: Comfey|94/100 brn|[from] brn
|-damage|p1a: Arcanine|76/100 tox|[from] psn
|upkeep
|turn|63
|
|t:|1602093259
|switch|p1a: Umbreon|Umbreon, M|82/100 tox
|-damage|p1a: Umbreon|70/100 tox|[from] Stealth Rock
|move|p2a: Comfey|Dazzling Gleam|p1a: Umbreon
|-supereffective|p1a: Umbreon
|-damage|p1a: Umbreon|40/100 tox
|
|-heal|p2a: Comfey|100/100 brn|[from] item: Leftovers
|-heal|p1a: Umbreon|46/100 tox|[from] item: Leftovers
|-damage|p2a: Comfey|94/100 brn|[from] brn
|-damage|p1a: Umbreon|40/100 tox|[from] psn
|upkeep
|turn|64
|
|t:|1602093270
|move|p2a: Comfey|Dazzling Gleam|p1a: Umbreon
|-supereffective|p1a: Umbreon
|-damage|p1a: Umbreon|11/100 tox
|move|p1a: Umbreon|Wish|p1a: Umbreon
|
|-heal|p2a: Comfey|100/100 brn|[from] item: Leftovers
|-heal|p1a: Umbreon|17/100 tox|[from] item: Leftovers
|-damage|p2a: Comfey|94/100 brn|[from] brn
|-damage|p1a: Umbreon|5/100 tox|[from] psn
|upkeep
|turn|65
|
|t:|1602093281
|move|p1a: Umbreon|Protect|p1a: Umbreon
|-singleturn|p1a: Umbreon|Protect
|move|p2a: Comfey|Leech Seed|p1a: Umbreon
|-activate|p1a: Umbreon|move: Protect
|
|-heal|p1a: Umbreon|55/100 tox|[from] move: Wish|[wisher] Umbreon
|-heal|p2a: Comfey|100/100 brn|[from] item: Leftovers
|-heal|p1a: Umbreon|61/100 tox|[from] item: Leftovers
|-damage|p2a: Comfey|94/100 brn|[from] brn
|-damage|p1a: Umbreon|43/100 tox|[from] psn
|upkeep
|turn|66
|
|t:|1602093295
|move|p2a: Comfey|Leech Seed|p1a: Umbreon
|-start|p1a: Umbreon|move: Leech Seed
|move|p1a: Umbreon|Heal Bell|p1a: Umbreon
|-activate|p1a: Umbreon|move: Heal Bell
|-curestatus|p1a: Umbreon|tox|[msg]
|-curestatus|p1: Arcanine|tox|[msg]
|
|-heal|p2a: Comfey|100/100 brn|[from] item: Leftovers
|-heal|p1a: Umbreon|49/100|[from] item: Leftovers
|-damage|p1a: Umbreon|36/100|[from] Leech Seed|[of] p2a: Comfey
|-damage|p2a: Comfey|94/100 brn|[from] brn
|upkeep
|turn|67
|
|t:|1602093307
|move|p2a: Comfey|Dazzling Gleam|p1a: Umbreon
|-supereffective|p1a: Umbreon
|-damage|p1a: Umbreon|3/100
|move|p1a: Umbreon|Wish|p1a: Umbreon
|
|-heal|p2a: Comfey|100/100 brn|[from] item: Leftovers
|-heal|p1a: Umbreon|9/100|[from] item: Leftovers
|-damage|p1a: Umbreon|0 fnt|[from] Leech Seed|[of] p2a: Comfey
|faint|p1a: Umbreon
|-damage|p2a: Comfey|94/100 brn|[from] brn
|upkeep
|
|t:|1602093315
|switch|p1a: Comfey|Comfey, M|38/100
|-damage|p1a: Comfey|26/100|[from] Stealth Rock
|-status|p1a: Comfey|tox
|turn|68
|
|t:|1602093320
|switch|p2a: Hitmontop|Hitmontop, M|51/100
|-ability|p2a: Hitmontop|Intimidate|boost
|-unboost|p1a: Comfey|atk|1
|move|p1a: Comfey|Calm Mind|p1a: Comfey
|-boost|p1a: Comfey|spa|1
|-boost|p1a: Comfey|spd|1
|
|-heal|p1a: Comfey|90/100 tox|[from] move: Wish|[wisher] Umbreon
|-damage|p1a: Comfey|84/100 tox|[from] psn
|upkeep
|turn|69
|
|t:|1602093330
|move|p1a: Comfey|Draining Kiss|p2a: Hitmontop
|-supereffective|p2a: Hitmontop
|-damage|p2a: Hitmontop|8/100
|-heal|p1a: Comfey|100/100 tox|[from] drain|[of] p2a: Hitmontop
|move|p2a: Hitmontop|Bullet Punch|p1a: Comfey
|-supereffective|p1a: Comfey
|-crit|p1a: Comfey
|-damage|p1a: Comfey|59/100 tox
|
|-damage|p1a: Comfey|46/100 tox|[from] psn
|upkeep
|turn|70
|
|t:|1602093344
|switch|p2a: Comfey|Comfey, F, shiny|94/100
|move|p1a: Comfey|Draining Kiss|p2a: Comfey
|-damage|p2a: Comfey|63/100
|-heal|p1a: Comfey|77/100 tox|[from] drain|[of] p2a: Comfey
|
|-heal|p2a: Comfey|69/100|[from] item: Leftovers
|-damage|p1a: Comfey|58/100 tox|[from] psn
|upkeep
|turn|71
|
|t:|1602093353
|move|p2a: Comfey|Protect|p2a: Comfey
|-singleturn|p2a: Comfey|Protect
|move|p1a: Comfey|Calm Mind|p1a: Comfey
|-boost|p1a: Comfey|spa|1
|-boost|p1a: Comfey|spd|1
|
|-heal|p2a: Comfey|75/100|[from] item: Leftovers
|-damage|p1a: Comfey|34/100 tox|[from] psn
|upkeep
|turn|72
|
|t:|1602093363
|switch|p2a: Hitmontop|Hitmontop, M|8/100
|-ability|p2a: Hitmontop|Intimidate|boost
|-unboost|p1a: Comfey|atk|1
|move|p1a: Comfey|Giga Drain|p2a: Hitmontop
|-damage|p2a: Hitmontop|0 fnt
|-heal|p1a: Comfey|38/100 tox|[from] drain|[of] p2a: Hitmontop
|faint|p2a: Hitmontop
|
|-damage|p1a: Comfey|7/100 tox|[from] psn
|upkeep
|
|t:|1602093372
|switch|p2a: Comfey|Comfey, F, shiny|75/100
|turn|73
|
|t:|1602093375
|move|p2a: Comfey|Protect|p2a: Comfey
|-singleturn|p2a: Comfey|Protect
|move|p1a: Comfey|Synthesis|p1a: Comfey
|-heal|p1a: Comfey|57/100 tox
|
|-heal|p2a: Comfey|82/100|[from] item: Leftovers
|-damage|p1a: Comfey|20/100 tox|[from] psn
|upkeep
|turn|74
|
|t:|1602093384
|switch|p2a: Snorlax|Snorlax, M|100/100
|move|p1a: Comfey|Giga Drain|p2a: Snorlax
|-damage|p2a: Snorlax|75/100
|-heal|p1a: Comfey|48/100 tox|[from] drain|[of] p2a: Snorlax
|
|-damage|p1a: Comfey|5/100 tox|[from] psn
|upkeep
|turn|75
|
|t:|1602093394
|move|p1a: Comfey|Draining Kiss|p2a: Snorlax
|-damage|p2a: Snorlax|51/100
|-heal|p1a: Comfey|45/100 tox|[from] drain|[of] p2a: Snorlax
|move|p2a: Snorlax|Body Slam|p1a: Comfey
|-damage|p1a: Comfey|0 fnt
|faint|p1a: Comfey
|
|upkeep
|
|t:|1602093396
|switch|p1a: Arcanine|Arcanine, M|76/100
|-ability|p1a: Arcanine|Intimidate|boost
|-unboost|p2a: Snorlax|atk|1
|turn|76
|
|t:|1602093406
|move|p1a: Arcanine|Flare Blitz|p2a: Snorlax
|-damage|p2a: Snorlax|10/100
|-enditem|p2a: Snorlax|Figy Berry|[eat]
|-heal|p2a: Snorlax|42/100|[from] item: Figy Berry
|-damage|p1a: Arcanine|57/100|[from] Recoil
|move|p2a: Snorlax|Body Slam|p1a: Arcanine
|-damage|p1a: Arcanine|36/100
|-status|p1a: Arcanine|par
|
|upkeep
|turn|77
|
|t:|1602093416
|move|p1a: Arcanine|Morning Sun|p1a: Arcanine
|-heal|p1a: Arcanine|86/100 par
|move|p2a: Snorlax|Recycle|p2a: Snorlax
|-item|p2a: Snorlax|Figy Berry|[from] move: Recycle
|-enditem|p2a: Snorlax|Figy Berry|[eat]
|-heal|p2a: Snorlax|75/100|[from] item: Figy Berry
|
|upkeep
|turn|78
|
|t:|1602093423
|switch|p2a: Comfey|Comfey, F, shiny|82/100
|move|p1a: Arcanine|Will-O-Wisp|p2a: Comfey|[miss]
|-miss|p1a: Arcanine|p2a: Comfey
|
|-heal|p2a: Comfey|88/100|[from] item: Leftovers
|upkeep
|turn|79
|
|t:|1602093432
|move|p2a: Comfey|Leech Seed|p1a: Arcanine
|-start|p1a: Arcanine|move: Leech Seed
|move|p1a: Arcanine|Flare Blitz|p2a: Comfey
|-damage|p2a: Comfey|38/100
|-damage|p1a: Arcanine|73/100 par|[from] Recoil
|
|-heal|p2a: Comfey|45/100|[from] item: Leftovers
|-damage|p1a: Arcanine|61/100 par|[from] Leech Seed|[of] p2a: Comfey
|-heal|p2a: Comfey|60/100|[silent]
|upkeep
|turn|80
|
|t:|1602093441
|move|p2a: Comfey|Protect|p2a: Comfey
|-singleturn|p2a: Comfey|Protect
|move|p1a: Arcanine|Will-O-Wisp|p2a: Comfey
|-activate|p2a: Comfey|move: Protect
|
|-heal|p2a: Comfey|67/100|[from] item: Leftovers
|-damage|p1a: Arcanine|48/100 par|[from] Leech Seed|[of] p2a: Comfey
|-heal|p2a: Comfey|82/100|[silent]
|upkeep
|turn|81
|
|t:|1602093451
|switch|p2a: Snorlax|Snorlax, M|75/100
|cant|p1a: Arcanine|par
|
|-damage|p1a: Arcanine|36/100 par|[from] Leech Seed|[of] p2a: Snorlax
|-heal|p2a: Snorlax|84/100|[silent]
|upkeep
|turn|82
|c|☆Dancanmanfan|gg
|-message|Dancanmanfan forfeited.
|
|win|Gen3_Shill
|l|☆Dancanmanfan
|c|☆Gen3_Shill|wp
