|j|☆juhkjh
|j|☆GreedentFan69
|player|p1|juhkjh|teamrocket|1402
|player|p2|GreedentFan69|greta-gen3|1587
|teamsize|p1|6
|teamsize|p2|6
|gametype|singles
|gen|8
|tier|[Gen 8] RU
|rated|
|clearpoke
|poke|p1|Mantine, M|
|poke|p1|Vespiquen, F|
|poke|p1|Quagsire, M|
|poke|p1|Sableye, M|
|poke|p1|Togedemaru, F|
|poke|p1|Snorlax, M|
|poke|p2|Sableye, F|
|poke|p2|Mantine, M|
|poke|p2|Snorlax, M|
|poke|p2|Steelix, F|
|poke|p2|Salazzle, F|
|poke|p2|Scrafty, M|
|rule|Sleep Clause Mod: Limit one foe put to sleep
|rule|Species Clause: Limit one of each Pokémon
|rule|OHKO Clause: OHKO moves are banned
|rule|Evasion Moves Clause: Evasion moves are banned
|rule|Endless Battle Clause: Forcing endless battles is banned
|rule|HP Percentage Mod: HP is shown in percentages
|rule|Dynamax Clause: You cannot dynamax
|teampreview
|inactive|Battle timer is ON: inactive players will automatically lose when time's up. (requested by GreedentFan69)
|c|☆GreedentFan69|hf
|c|☆juhkjh|i guess ill play but more free points for you
|
|start
|switch|p1a: Sableye|Sableye, M|100/100
|switch|p2a: Scrafty|Scrafty, M|100/100
|turn|1
|
|move|p1a: Sableye|Will-O-Wisp|p2a: Scrafty
|-hint|Since gen 7, Dark is immune to Prankster moves.
|-immune|p2a: Scrafty
|move|p2a: Scrafty|Dragon Dance|p2a: Scrafty
|-boost|p2a: Scrafty|atk|1
|-boost|p2a: Scrafty|spe|1
|
|upkeep
|turn|2
|
|move|p1a: Sableye|Encore|p2a: Scrafty
|-hint|Since gen 7, Dark is immune to Prankster moves.
|-immune|p2a: Scrafty
|move|p2a: Scrafty|Knock Off|p1a: Sableye
|-damage|p1a: Sableye|35/100
|-enditem|p1a: Sableye|Leftovers|[from] move: Knock Off|[of] p2a: Scrafty
|
|upkeep
|turn|3
|c|☆juhkjh|lmao
|
|move|p1a: Sableye|Recover|p1a: Sableye
|-heal|p1a: Sableye|85/100
|move|p2a: Scrafty|Knock Off|p1a: Sableye
|-damage|p1a: Sableye|42/100
|
|upkeep
|turn|4
|c|☆GreedentFan69|wait
|
|switch|p1a: Togedemaru|Togedemaru, F|100/100
|move|p2a: Scrafty|Dragon Dance|p2a: Scrafty
|-boost|p2a: Scrafty|atk|1
|-boost|p2a: Scrafty|spe|1
|
|upkeep
|turn|5
|c|☆GreedentFan69|why aren't u taunt anymore
|c|☆juhkjh|was always encore
|c|☆GreedentFan69|o
|c|☆GreedentFan69|got u
|
|move|p1a: Togedemaru|Spiky Shield|p1a: Togedemaru
|-singleturn|p1a: Togedemaru|move: Protect
|move|p2a: Scrafty|Knock Off|p1a: Togedemaru
|-activate|p1a: Togedemaru|move: Protect
|-damage|p2a: Scrafty|88/100|[from] Spiky Shield|[of] p1a: Togedemaru
|
|-heal|p2a: Scrafty|94/100|[from] item: Leftovers
|upkeep
|turn|6
|
|switch|p1a: Quagsire|Quagsire, M|100/100
|move|p2a: Scrafty|Knock Off|p1a: Quagsire
|-damage|p1a: Quagsire|69/100
|-enditem|p1a: Quagsire|Leftovers|[from] move: Knock Off|[of] p2a: Scrafty
|
|-heal|p2a: Scrafty|100/100|[from] item: Leftovers
|upkeep
|turn|7
|inactive|juhkjh has 120 seconds left.
|
|move|p2a: Scrafty|Grass Knot|p1a: Quagsire
|-supereffective|p1a: Quagsire
|-damage|p1a: Quagsire|6/100
|move|p1a: Quagsire|Recover|p1a: Quagsire
|-heal|p1a: Quagsire|56/100
|
|upkeep
|turn|8
|inactive|juhkjh has 120 seconds left.
|c|☆GreedentFan69|what's ur main
|inactive|juhkjh has 90 seconds left.
|inactive|juhkjh has 60 seconds left.
|c|☆juhkjh|i dont play one anymore i just make a new account with random letters everytime i play
|
|switch|p1a: Mantine|Mantine, M|100/100
|move|p2a: Scrafty|Grass Knot|p1a: Mantine
|-damage|p1a: Mantine|88/100
|
|upkeep
|turn|9
|
|move|p2a: Scrafty|Thunder Punch|p1a: Mantine
|-supereffective|p1a: Mantine
|-damage|p1a: Mantine|0 fnt
|faint|p1a: Mantine
|
|upkeep
|c|☆GreedentFan69|ic
|
|switch|p1a: Togedemaru|Togedemaru, F|100/100
|turn|10
|
|move|p2a: Scrafty|Knock Off|p1a: Togedemaru
|-damage|p1a: Togedemaru|18/100
|-enditem|p1a: Togedemaru|Leftovers|[from] move: Knock Off|[of] p2a: Scrafty
|move|p1a: Togedemaru|Toxic|p2a: Scrafty
|-status|p2a: Scrafty|tox
|
|-damage|p2a: Scrafty|94/100 tox|[from] psn
|upkeep
|turn|11
|inactive|juhkjh has 60 seconds left.
|
|move|p1a: Togedemaru|Spiky Shield|p1a: Togedemaru
|-singleturn|p1a: Togedemaru|move: Protect
|move|p2a: Scrafty|Knock Off|p1a: Togedemaru
|-activate|p1a: Togedemaru|move: Protect
|-damage|p2a: Scrafty|82/100 tox|[from] Spiky Shield|[of] p1a: Togedemaru
|
|-activate|p2a: Scrafty|ability: Shed Skin
|-curestatus|p2a: Scrafty|tox|[msg]
|-heal|p2a: Scrafty|88/100|[from] item: Leftovers
|upkeep
|turn|12
|c|☆GreedentFan69|:D
|inactive|juhkjh has 30 seconds left.
|c|☆juhkjh|that scraft just 6 o's my whole team
|inactive|juhkjh has 20 seconds left.
|
|move|p2a: Scrafty|Knock Off|p1a: Togedemaru
|-damage|p1a: Togedemaru|0 fnt
|faint|p1a: Togedemaru
|
|-heal|p2a: Scrafty|94/100|[from] item: Leftovers
|upkeep
|inactive|juhkjh has 25 seconds left this turn.
|inactive|juhkjh has 20 seconds left.
|
|switch|p1a: Vespiquen|Vespiquen, F|100/100
|-ability|p1a: Vespiquen|Pressure
|turn|13
|inactive|juhkjh has 30 seconds left this turn.
|j| Bos Knight
|
|move|p2a: Scrafty|Knock Off|p1a: Vespiquen
|-damage|p1a: Vespiquen|16/100
|-enditem|p1a: Vespiquen|Heavy-Duty Boots|[from] move: Knock Off|[of] p2a: Scrafty
|move|p1a: Vespiquen|U-turn|p2a: Scrafty
|-damage|p2a: Scrafty|76/100
|inactive|juhkjh has 30 seconds left.
|
|switch|p1a: Sableye|Sableye, M|42/100|[from]move: U-turn
|
|-heal|p2a: Scrafty|82/100|[from] item: Leftovers
|upkeep
|turn|14
|
|move|p1a: Sableye|Recover|p1a: Sableye
|-heal|p1a: Sableye|92/100
|move|p2a: Scrafty|Knock Off|p1a: Sableye
|-damage|p1a: Sableye|33/100
|
|-heal|p2a: Scrafty|88/100|[from] item: Leftovers
|upkeep
|turn|15
|
|move|p2a: Scrafty|Knock Off|p1a: Sableye
|-damage|p1a: Sableye|0 fnt
|faint|p1a: Sableye
|
|-heal|p2a: Scrafty|94/100|[from] item: Leftovers
|upkeep
|
|switch|p1a: Quagsire|Quagsire, M|56/100
|turn|16
|c|☆juhkjh|gg man getting close to the top
|inactive|juhkjh has 30 seconds left.
|-message|juhkjh forfeited.
|
|win|GreedentFan69
|c|☆GreedentFan69|gg
