|j|☆Dollarsalt
|j|☆KonOnPhone
|player|p1|Dollarsalt|107|1527
|player|p2|KonOnPhone|1|1418
|teamsize|p1|6
|teamsize|p2|6
|gametype|singles
|gen|8
|tier|[Gen 8] RU
|rated|
|clearpoke
|poke|p1|Vileplume, F|
|poke|p1|Gigalith, M|
|poke|p1|Sableye, F|
|poke|p1|Vaporeon, M|
|poke|p1|Salazzle, F|
|poke|p1|Xatu, F|
|poke|p2|Passimian, M|
|poke|p2|Gigalith, M|
|poke|p2|Vileplume, M|
|poke|p2|Sigilyph, F|
|poke|p2|Snorlax, F|
|poke|p2|Vullaby, F|
|rule|Sleep Clause Mod: Limit one foe put to sleep
|rule|Species Clause: Limit one of each Pokémon
|rule|OHKO Clause: OHKO moves are banned
|rule|Evasion Moves Clause: Evasion moves are banned
|rule|Endless Battle Clause: Forcing endless battles is banned
|rule|HP Percentage Mod: HP is shown in percentages
|rule|Dynamax Clause: You cannot dynamax
|teampreview
|inactive|Battle timer is ON: inactive players will automatically lose when time's up. (requested by Dollarsalt)
|c|☆Dollarsalt|gl
|c|☆KonOnPhone|uu2
|
|start
|switch|p1a: Sableye|Sableye, F|100/100
|switch|p2a: Vileplume|Vileplume, M|100/100
|turn|1
|
|move|p2a: Vileplume|Sludge Bomb|p1a: Sableye
|-resisted|p1a: Sableye
|-damage|p1a: Sableye|80/100
|-status|p1a: Sableye|psn
|move|p1a: Sableye|Knock Off|p2a: Vileplume
|-damage|p2a: Vileplume|79/100
|-enditem|p2a: Vileplume|Black Sludge|[from] move: Knock Off|[of] p1a: Sableye
|
|-heal|p1a: Sableye|86/100 psn|[from] item: Leftovers
|-damage|p1a: Sableye|74/100 psn|[from] psn
|upkeep
|turn|2
|
|move|p1a: Sableye|Will-O-Wisp|p2a: Vileplume|[miss]
|-miss|p1a: Sableye|p2a: Vileplume
|move|p2a: Vileplume|Sludge Bomb|p1a: Sableye
|-resisted|p1a: Sableye
|-damage|p1a: Sableye|51/100 psn
|
|-heal|p1a: Sableye|57/100 psn|[from] item: Leftovers
|-damage|p1a: Sableye|45/100 psn|[from] psn
|upkeep
|turn|3
|
|move|p1a: Sableye|Recover|p1a: Sableye
|-heal|p1a: Sableye|95/100 psn
|move|p2a: Vileplume|Giga Drain|p1a: Sableye
|-damage|p1a: Sableye|61/100 psn
|-heal|p2a: Vileplume|94/100|[from] drain|[of] p1a: Sableye
|
|-heal|p1a: Sableye|68/100 psn|[from] item: Leftovers
|-damage|p1a: Sableye|55/100 psn|[from] psn
|upkeep
|turn|4
|
|move|p1a: Sableye|Will-O-Wisp|p2a: Vileplume|[miss]
|-miss|p1a: Sableye|p2a: Vileplume
|move|p2a: Vileplume|Giga Drain|p1a: Sableye
|-damage|p1a: Sableye|21/100 psn
|-heal|p2a: Vileplume|100/100|[from] drain|[of] p1a: Sableye
|
|-heal|p1a: Sableye|27/100 psn|[from] item: Leftovers
|-damage|p1a: Sableye|15/100 psn|[from] psn
|upkeep
|turn|5
|c|☆Dollarsalt|cool
|c|☆KonOnPhone|i am right here
|
|move|p1a: Sableye|Recover|p1a: Sableye
|-heal|p1a: Sableye|65/100 psn
|move|p2a: Vileplume|Giga Drain|p1a: Sableye
|-damage|p1a: Sableye|28/100 psn
|
|-heal|p1a: Sableye|34/100 psn|[from] item: Leftovers
|-damage|p1a: Sableye|22/100 psn|[from] psn
|upkeep
|turn|6
|
|move|p1a: Sableye|Recover|p1a: Sableye
|-heal|p1a: Sableye|72/100 psn
|move|p2a: Vileplume|Giga Drain|p1a: Sableye
|-damage|p1a: Sableye|37/100 psn
|
|-heal|p1a: Sableye|44/100 psn|[from] item: Leftovers
|-damage|p1a: Sableye|31/100 psn|[from] psn
|upkeep
|turn|7
|
|move|p1a: Sableye|Recover|p1a: Sableye
|-heal|p1a: Sableye|81/100 psn
|move|p2a: Vileplume|Giga Drain|p1a: Sableye
|-damage|p1a: Sableye|46/100 psn
|
|-heal|p1a: Sableye|52/100 psn|[from] item: Leftovers
|-damage|p1a: Sableye|39/100 psn|[from] psn
|upkeep
|turn|8
|
|move|p1a: Sableye|Recover|p1a: Sableye
|-heal|p1a: Sableye|89/100 psn
|move|p2a: Vileplume|Giga Drain|p1a: Sableye
|-damage|p1a: Sableye|54/100 psn
|
|-heal|p1a: Sableye|60/100 psn|[from] item: Leftovers
|-damage|p1a: Sableye|48/100 psn|[from] psn
|upkeep
|turn|9
|
|move|p1a: Sableye|Will-O-Wisp|p2a: Vileplume
|-status|p2a: Vileplume|brn
|move|p2a: Vileplume|Giga Drain|p1a: Sableye
|-damage|p1a: Sableye|11/100 psn
|
|-heal|p1a: Sableye|17/100 psn|[from] item: Leftovers
|-damage|p1a: Sableye|4/100 psn|[from] psn
|-damage|p2a: Vileplume|94/100 brn|[from] brn
|upkeep
|turn|10
|
|move|p1a: Sableye|Recover|p1a: Sableye
|-heal|p1a: Sableye|54/100 psn
|move|p2a: Vileplume|Giga Drain|p1a: Sableye
|-damage|p1a: Sableye|21/100 psn
|-heal|p2a: Vileplume|100/100 brn|[from] drain|[of] p1a: Sableye
|
|-heal|p1a: Sableye|27/100 psn|[from] item: Leftovers
|-damage|p1a: Sableye|14/100 psn|[from] psn
|-damage|p2a: Vileplume|94/100 brn|[from] brn
|upkeep
|turn|11
|
|move|p1a: Sableye|Recover|p1a: Sableye
|-heal|p1a: Sableye|64/100 psn
|move|p2a: Vileplume|Giga Drain|p1a: Sableye
|-damage|p1a: Sableye|30/100 psn
|-heal|p2a: Vileplume|100/100 brn|[from] drain|[of] p1a: Sableye
|
|-heal|p1a: Sableye|36/100 psn|[from] item: Leftovers
|-damage|p1a: Sableye|24/100 psn|[from] psn
|-damage|p2a: Vileplume|94/100 brn|[from] brn
|upkeep
|turn|12
|
|move|p1a: Sableye|Recover|p1a: Sableye
|-heal|p1a: Sableye|74/100 psn
|move|p2a: Vileplume|Giga Drain|p1a: Sableye
|-damage|p1a: Sableye|41/100 psn
|-heal|p2a: Vileplume|100/100 brn|[from] drain|[of] p1a: Sableye
|
|-heal|p1a: Sableye|47/100 psn|[from] item: Leftovers
|-damage|p1a: Sableye|34/100 psn|[from] psn
|-damage|p2a: Vileplume|94/100 brn|[from] brn
|upkeep
|turn|13
|
|move|p1a: Sableye|Recover|p1a: Sableye
|-heal|p1a: Sableye|84/100 psn
|move|p2a: Vileplume|Giga Drain|p1a: Sableye
|-damage|p1a: Sableye|48/100 psn
|-heal|p2a: Vileplume|100/100 brn|[from] drain|[of] p1a: Sableye
|
|-heal|p1a: Sableye|54/100 psn|[from] item: Leftovers
|-damage|p1a: Sableye|42/100 psn|[from] psn
|-damage|p2a: Vileplume|94/100 brn|[from] brn
|upkeep
|turn|14
|
|move|p1a: Sableye|Recover|p1a: Sableye
|-heal|p1a: Sableye|92/100 psn
|move|p2a: Vileplume|Giga Drain|p1a: Sableye
|-damage|p1a: Sableye|57/100 psn
|-heal|p2a: Vileplume|100/100 brn|[from] drain|[of] p1a: Sableye
|
|-heal|p1a: Sableye|63/100 psn|[from] item: Leftovers
|-damage|p1a: Sableye|51/100 psn|[from] psn
|-damage|p2a: Vileplume|94/100 brn|[from] brn
|upkeep
|turn|15
|
|move|p1a: Sableye|Recover|p1a: Sableye
|-heal|p1a: Sableye|100/100 psn
|move|p2a: Vileplume|Sludge Bomb|p1a: Sableye
|-resisted|p1a: Sableye
|-damage|p1a: Sableye|80/100 psn
|
|-heal|p1a: Sableye|86/100 psn|[from] item: Leftovers
|-damage|p1a: Sableye|74/100 psn|[from] psn
|-damage|p2a: Vileplume|88/100 brn|[from] brn
|upkeep
|turn|16
|
|switch|p1a: Salazzle|Salazzle, F|100/100
|move|p2a: Vileplume|Sludge Bomb|p1a: Salazzle
|-resisted|p1a: Salazzle
|-damage|p1a: Salazzle|74/100
|
|-damage|p2a: Vileplume|82/100 brn|[from] brn
|upkeep
|turn|17
|
|switch|p2a: Snorlax|Snorlax, F|100/100
|move|p1a: Salazzle|Toxic|p2a: Snorlax
|-status|p2a: Snorlax|tox
|
|-damage|p2a: Snorlax|94/100 tox|[from] psn
|upkeep
|turn|18
|
|switch|p1a: Gigalith|Gigalith, M|100/100
|-weather|Sandstorm|[from] ability: Sand Stream|[of] p1a: Gigalith
|move|p2a: Snorlax|Earthquake|p1a: Gigalith
|-supereffective|p1a: Gigalith
|-damage|p1a: Gigalith|68/100
|
|-weather|Sandstorm|[upkeep]
|-damage|p2a: Snorlax|88/100 tox|[from] Sandstorm
|-heal|p2a: Snorlax|94/100 tox|[from] item: Leftovers
|-heal|p1a: Gigalith|75/100|[from] item: Leftovers
|-damage|p2a: Snorlax|82/100 tox|[from] psn
|upkeep
|turn|19
|
|switch|p2a: Vullaby|Vullaby, F|100/100
|move|p1a: Gigalith|Stealth Rock|p2a: Vullaby
|-sidestart|p2: KonOnPhone|move: Stealth Rock
|
|-weather|Sandstorm|[upkeep]
|-heal|p1a: Gigalith|81/100|[from] item: Leftovers
|upkeep
|turn|20
|
|move|p2a: Vullaby|Defog|p1a: Gigalith
|-unboost|p1a: Gigalith|evasion|1
|-sideend|p2: KonOnPhone|Stealth Rock|[from] move: Defog|[of] p2a: Vullaby
|move|p1a: Gigalith|Stone Edge|p2a: Vullaby
|-supereffective|p2a: Vullaby
|-damage|p2a: Vullaby|53/100
|
|-weather|Sandstorm|[upkeep]
|-heal|p1a: Gigalith|87/100|[from] item: Leftovers
|upkeep
|turn|21
|
|move|p2a: Vullaby|Roost|p2a: Vullaby
|-heal|p2a: Vullaby|100/100
|-singleturn|p2a: Vullaby|move: Roost
|move|p1a: Gigalith|Stealth Rock|p2a: Vullaby
|-sidestart|p2: KonOnPhone|move: Stealth Rock
|
|-weather|Sandstorm|[upkeep]
|-heal|p1a: Gigalith|93/100|[from] item: Leftovers
|upkeep
|turn|22
|
|move|p2a: Vullaby|Defog|p1a: Gigalith
|-unboost|p1a: Gigalith|evasion|1
|-sideend|p2: KonOnPhone|Stealth Rock|[from] move: Defog|[of] p2a: Vullaby
|move|p1a: Gigalith|Stone Edge|p2a: Vullaby
|-supereffective|p2a: Vullaby
|-damage|p2a: Vullaby|46/100
|
|-weather|none
|-heal|p1a: Gigalith|99/100|[from] item: Leftovers
|upkeep
|turn|23
|
|switch|p1a: Sableye|Sableye, F|74/100 psn
|move|p2a: Vullaby|Roost|p2a: Vullaby
|-heal|p2a: Vullaby|96/100
|-singleturn|p2a: Vullaby|move: Roost
|
|-heal|p1a: Sableye|80/100 psn|[from] item: Leftovers
|-damage|p1a: Sableye|68/100 psn|[from] psn
|upkeep
|turn|24
|
|switch|p2a: Vileplume|Vileplume, M|82/100 brn
|move|p1a: Sableye|Knock Off|p2a: Vileplume
|-damage|p2a: Vileplume|68/100 brn
|
|-heal|p1a: Sableye|74/100 psn|[from] item: Leftovers
|-damage|p1a: Sableye|61/100 psn|[from] psn
|-damage|p2a: Vileplume|62/100 brn|[from] brn
|upkeep
|turn|25
|
|switch|p1a: Vileplume|Vileplume, F|100/100
|move|p2a: Vileplume|Strength Sap|p1a: Vileplume
|-unboost|p1a: Vileplume|atk|1
|-heal|p2a: Vileplume|100/100 brn
|
|-damage|p2a: Vileplume|94/100 brn|[from] brn
|upkeep
|turn|26
|
|switch|p2a: Sigilyph|Sigilyph, F|100/100
|move|p1a: Vileplume|Sludge Bomb|p2a: Sigilyph
|-damage|p2a: Sigilyph|52/100
|-status|p2a: Sigilyph|psn
|
|upkeep
|turn|27
|
|switch|p1a: Gigalith|Gigalith, M|99/100
|-weather|Sandstorm|[from] ability: Sand Stream|[of] p1a: Gigalith
|move|p2a: Sigilyph|Psyshock|p1a: Gigalith
|-damage|p1a: Gigalith|72/100
|
|-weather|Sandstorm|[upkeep]
|-heal|p1a: Gigalith|78/100|[from] item: Leftovers
|upkeep
|turn|28
|
|switch|p2a: Vullaby|Vullaby, F|96/100
|move|p1a: Gigalith|Stone Edge|p2a: Vullaby
|-supereffective|p2a: Vullaby
|-damage|p2a: Vullaby|40/100
|
|-weather|Sandstorm|[upkeep]
|-heal|p1a: Gigalith|84/100|[from] item: Leftovers
|upkeep
|turn|29
|
|move|p2a: Vullaby|Roost|p2a: Vullaby
|-heal|p2a: Vullaby|90/100
|-singleturn|p2a: Vullaby|move: Roost
|move|p1a: Gigalith|Superpower|p2a: Vullaby
|-supereffective|p2a: Vullaby
|-damage|p2a: Vullaby|46/100
|-unboost|p1a: Gigalith|atk|1
|-unboost|p1a: Gigalith|def|1
|
|-weather|Sandstorm|[upkeep]
|-heal|p1a: Gigalith|90/100|[from] item: Leftovers
|upkeep
|turn|30
|
|move|p2a: Vullaby|Roost|p2a: Vullaby
|-heal|p2a: Vullaby|96/100
|-singleturn|p2a: Vullaby|move: Roost
|move|p1a: Gigalith|Stealth Rock|p2a: Vullaby
|-sidestart|p2: KonOnPhone|move: Stealth Rock
|
|-weather|Sandstorm|[upkeep]
|-heal|p1a: Gigalith|96/100|[from] item: Leftovers
|upkeep
|turn|31
|
|switch|p1a: Salazzle|Salazzle, F|74/100
|move|p2a: Vullaby|Defog|p1a: Salazzle
|-unboost|p1a: Salazzle|evasion|1
|-sideend|p2: KonOnPhone|Stealth Rock|[from] move: Defog|[of] p2a: Vullaby
|
|-weather|none
|upkeep
|turn|32
|
|switch|p1a: Gigalith|Gigalith, M|96/100
|-weather|Sandstorm|[from] ability: Sand Stream|[of] p1a: Gigalith
|switch|p2a: Snorlax|Snorlax, F|82/100 tox
|
|-weather|Sandstorm|[upkeep]
|-damage|p2a: Snorlax|76/100 tox|[from] Sandstorm
|-heal|p2a: Snorlax|82/100 tox|[from] item: Leftovers
|-heal|p1a: Gigalith|100/100|[from] item: Leftovers
|-damage|p2a: Snorlax|76/100 tox|[from] psn
|upkeep
|turn|33
|
|switch|p2a: Vullaby|Vullaby, F|96/100
|move|p1a: Gigalith|Stealth Rock|p2a: Vullaby
|-sidestart|p2: KonOnPhone|move: Stealth Rock
|
|-weather|Sandstorm|[upkeep]
|upkeep
|turn|34
|
|switch|p1a: Salazzle|Salazzle, F|74/100
|move|p2a: Vullaby|Defog|p1a: Salazzle
|-unboost|p1a: Salazzle|evasion|1
|-sideend|p2: KonOnPhone|Stealth Rock|[from] move: Defog|[of] p2a: Vullaby
|
|-weather|Sandstorm|[upkeep]
|-damage|p1a: Salazzle|67/100|[from] Sandstorm
|upkeep
|turn|35
|
|switch|p1a: Gigalith|Gigalith, M|100/100
|switch|p2a: Snorlax|Snorlax, F|76/100 tox
|
|-weather|Sandstorm|[upkeep]
|-damage|p2a: Snorlax|70/100 tox|[from] Sandstorm
|-heal|p2a: Snorlax|76/100 tox|[from] item: Leftovers
|-damage|p2a: Snorlax|70/100 tox|[from] psn
|upkeep
|turn|36
|
|switch|p2a: Vullaby|Vullaby, F|96/100
|move|p1a: Gigalith|Stealth Rock|p2a: Vullaby
|-sidestart|p2: KonOnPhone|move: Stealth Rock
|
|-weather|none
|upkeep
|turn|37
|
|switch|p1a: Salazzle|Salazzle, F|67/100
|move|p2a: Vullaby|Defog|p1a: Salazzle
|-unboost|p1a: Salazzle|evasion|1
|-sideend|p2: KonOnPhone|Stealth Rock|[from] move: Defog|[of] p2a: Vullaby
|
|upkeep
|turn|38
|
|switch|p2a: Snorlax|Snorlax, F|70/100 tox
|move|p1a: Salazzle|Toxic|p2a: Snorlax
|-fail|p2a: Snorlax|tox
|
|-heal|p2a: Snorlax|76/100 tox|[from] item: Leftovers
|-damage|p2a: Snorlax|70/100 tox|[from] psn
|upkeep
|turn|39
|
|switch|p1a: Gigalith|Gigalith, M|100/100
|-weather|Sandstorm|[from] ability: Sand Stream|[of] p1a: Gigalith
|move|p2a: Snorlax|Darkest Lariat|p1a: Gigalith
|-damage|p1a: Gigalith|87/100
|
|-weather|Sandstorm|[upkeep]
|-damage|p2a: Snorlax|64/100 tox|[from] Sandstorm
|-heal|p2a: Snorlax|70/100 tox|[from] item: Leftovers
|-heal|p1a: Gigalith|94/100|[from] item: Leftovers
|-damage|p2a: Snorlax|58/100 tox|[from] psn
|upkeep
|turn|40
|
|switch|p2a: Vullaby|Vullaby, F|96/100
|move|p1a: Gigalith|Stealth Rock|p2a: Vullaby
|-sidestart|p2: KonOnPhone|move: Stealth Rock
|
|-weather|Sandstorm|[upkeep]
|-heal|p1a: Gigalith|99/100|[from] item: Leftovers
|upkeep
|turn|41
|
|switch|p1a: Salazzle|Salazzle, F|67/100
|move|p2a: Vullaby|Defog|p1a: Salazzle
|-unboost|p1a: Salazzle|evasion|1
|-sideend|p2: KonOnPhone|Stealth Rock|[from] move: Defog|[of] p2a: Vullaby
|
|-weather|Sandstorm|[upkeep]
|-damage|p1a: Salazzle|61/100|[from] Sandstorm
|upkeep
|turn|42
|
|switch|p1a: Gigalith|Gigalith, M|99/100
|switch|p2a: Snorlax|Snorlax, F|58/100 tox
|
|-weather|Sandstorm|[upkeep]
|-damage|p2a: Snorlax|52/100 tox|[from] Sandstorm
|-heal|p2a: Snorlax|58/100 tox|[from] item: Leftovers
|-heal|p1a: Gigalith|100/100|[from] item: Leftovers
|-damage|p2a: Snorlax|52/100 tox|[from] psn
|upkeep
|turn|43
|
|switch|p2a: Vullaby|Vullaby, F|96/100
|move|p1a: Gigalith|Stealth Rock|p2a: Vullaby
|-sidestart|p2: KonOnPhone|move: Stealth Rock
|
|-weather|none
|upkeep
|turn|44
|
|switch|p1a: Salazzle|Salazzle, F|61/100
|move|p2a: Vullaby|Defog|p1a: Salazzle
|-unboost|p1a: Salazzle|evasion|1
|-sideend|p2: KonOnPhone|Stealth Rock|[from] move: Defog|[of] p2a: Vullaby
|
|upkeep
|turn|45
|
|switch|p1a: Gigalith|Gigalith, M|100/100
|-weather|Sandstorm|[from] ability: Sand Stream|[of] p1a: Gigalith
|switch|p2a: Snorlax|Snorlax, F|52/100 tox
|
|-weather|Sandstorm|[upkeep]
|-damage|p2a: Snorlax|46/100 tox|[from] Sandstorm
|-heal|p2a: Snorlax|52/100 tox|[from] item: Leftovers
|-damage|p2a: Snorlax|46/100 tox|[from] psn
|upkeep
|turn|46
|
|switch|p2a: Vullaby|Vullaby, F|96/100
|move|p1a: Gigalith|Stealth Rock|p2a: Vullaby
|-sidestart|p2: KonOnPhone|move: Stealth Rock
|
|-weather|Sandstorm|[upkeep]
|upkeep
|turn|47
|
|switch|p1a: Salazzle|Salazzle, F|61/100
|move|p2a: Vullaby|Foul Play|p1a: Salazzle
|-crit|p1a: Salazzle
|-damage|p1a: Salazzle|22/100
|
|-weather|Sandstorm|[upkeep]
|-damage|p1a: Salazzle|16/100|[from] Sandstorm
|upkeep
|turn|48
|
|switch|p1a: Gigalith|Gigalith, M|100/100
|move|p2a: Vullaby|Foul Play|p1a: Gigalith
|-damage|p1a: Gigalith|73/100
|
|-weather|Sandstorm|[upkeep]
|-heal|p1a: Gigalith|79/100|[from] item: Leftovers
|upkeep
|turn|49
|
|switch|p1a: Salazzle|Salazzle, F|16/100
|move|p2a: Vullaby|Defog|p1a: Salazzle
|-unboost|p1a: Salazzle|evasion|1
|-sideend|p2: KonOnPhone|Stealth Rock|[from] move: Defog|[of] p2a: Vullaby
|
|-weather|none
|upkeep
|turn|50
|
|switch|p1a: Gigalith|Gigalith, M|79/100
|-weather|Sandstorm|[from] ability: Sand Stream|[of] p1a: Gigalith
|move|p2a: Vullaby|Foul Play|p1a: Gigalith
|-damage|p1a: Gigalith|52/100
|
|-weather|Sandstorm|[upkeep]
|-heal|p1a: Gigalith|58/100|[from] item: Leftovers
|upkeep
|turn|51
|
|move|p2a: Vullaby|Toxic|p1a: Gigalith
|-status|p1a: Gigalith|tox
|move|p1a: Gigalith|Stealth Rock|p2a: Vullaby
|-sidestart|p2: KonOnPhone|move: Stealth Rock
|
|-weather|Sandstorm|[upkeep]
|-heal|p1a: Gigalith|64/100 tox|[from] item: Leftovers
|-damage|p1a: Gigalith|58/100 tox|[from] psn
|upkeep
|turn|52
|
|switch|p1a: Salazzle|Salazzle, F|16/100
|move|p2a: Vullaby|Defog|p1a: Salazzle
|-unboost|p1a: Salazzle|evasion|1
|-sideend|p2: KonOnPhone|Stealth Rock|[from] move: Defog|[of] p2a: Vullaby
|
|-weather|Sandstorm|[upkeep]
|-damage|p1a: Salazzle|10/100|[from] Sandstorm
|upkeep
|turn|53
|
|switch|p1a: Gigalith|Gigalith, M|58/100 tox
|move|p2a: Vullaby|Foul Play|p1a: Gigalith
|-damage|p1a: Gigalith|29/100 tox
|
|-weather|Sandstorm|[upkeep]
|-heal|p1a: Gigalith|35/100 tox|[from] item: Leftovers
|-damage|p1a: Gigalith|29/100 tox|[from] psn
|upkeep
|turn|54
|
|move|p2a: Vullaby|Foul Play|p1a: Gigalith
|-damage|p1a: Gigalith|5/100 tox
|move|p1a: Gigalith|Stealth Rock|p2a: Vullaby
|-sidestart|p2: KonOnPhone|move: Stealth Rock
|
|-weather|none
|-heal|p1a: Gigalith|11/100 tox|[from] item: Leftovers
|-damage|p1a: Gigalith|0 fnt|[from] psn
|faint|p1a: Gigalith
|upkeep
|
|switch|p1a: Salazzle|Salazzle, F|10/100
|turn|55
|
|move|p1a: Salazzle|Toxic|p2a: Vullaby
|-status|p2a: Vullaby|tox
|move|p2a: Vullaby|Foul Play|p1a: Salazzle
|-damage|p1a: Salazzle|0 fnt
|faint|p1a: Salazzle
|
|-damage|p2a: Vullaby|90/100 tox|[from] psn
|upkeep
|
|switch|p1a: Vaporeon|Vaporeon, M|100/100
|turn|56
|
|move|p1a: Vaporeon|Scald|p2a: Vullaby
|-damage|p2a: Vullaby|64/100 tox
|move|p2a: Vullaby|Defog|p1a: Vaporeon
|-unboost|p1a: Vaporeon|evasion|1
|-sideend|p2: KonOnPhone|Stealth Rock|[from] move: Defog|[of] p2a: Vullaby
|
|-damage|p2a: Vullaby|52/100 tox|[from] psn
|upkeep
|turn|57
|
|switch|p2a: Vileplume|Vileplume, M|94/100 brn
|move|p1a: Vaporeon|Scald|p2a: Vileplume
|-resisted|p2a: Vileplume
|-damage|p2a: Vileplume|78/100 brn
|
|-damage|p2a: Vileplume|71/100 brn|[from] brn
|upkeep
|turn|58
|
|move|p1a: Vaporeon|Protect|p1a: Vaporeon
|-singleturn|p1a: Vaporeon|Protect
|move|p2a: Vileplume|Sludge Bomb|p1a: Vaporeon
|-activate|p1a: Vaporeon|move: Protect
|
|-damage|p2a: Vileplume|65/100 brn|[from] brn
|upkeep
|turn|59
|
|switch|p1a: Vileplume|Vileplume, F|100/100
|move|p2a: Vileplume|Strength Sap|p1a: Vileplume
|-unboost|p1a: Vileplume|atk|1
|-heal|p2a: Vileplume|100/100 brn
|
|-damage|p2a: Vileplume|94/100 brn|[from] brn
|upkeep
|turn|60
|
|switch|p2a: Snorlax|Snorlax, F|46/100 tox
|move|p1a: Vileplume|Sludge Bomb|p2a: Snorlax
|-damage|p2a: Snorlax|30/100 tox
|
|-heal|p2a: Snorlax|37/100 tox|[from] item: Leftovers
|-damage|p2a: Snorlax|30/100 tox|[from] psn
|upkeep
|turn|61
|
|switch|p1a: Xatu|Xatu, F|100/100
|move|p2a: Snorlax|Rest|p2a: Snorlax
|-status|p2a: Snorlax|slp|[from] move: Rest
|-heal|p2a: Snorlax|100/100 slp|[silent]
|
|upkeep
|turn|62
|
|switch|p2a: Gigalith|Gigalith, M|100/100
|-weather|Sandstorm|[from] ability: Sand Stream|[of] p2a: Gigalith
|move|p1a: Xatu|Psychic|p2a: Gigalith
|-damage|p2a: Gigalith|85/100
|
|-weather|Sandstorm|[upkeep]
|-damage|p1a: Xatu|95/100|[from] Sandstorm
|-heal|p2a: Gigalith|91/100|[from] item: Leftovers
|upkeep
|turn|63
|
|move|p1a: Xatu|U-turn|p2a: Gigalith
|-damage|p2a: Gigalith|83/100
|
|switch|p1a: Vaporeon|Vaporeon, M|100/100|[from]move: U-turn
|move|p2a: Gigalith|Stone Edge|p1a: Vaporeon|[miss]
|-miss|p2a: Gigalith|p1a: Vaporeon
|
|-weather|Sandstorm|[upkeep]
|-damage|p1a: Vaporeon|94/100|[from] Sandstorm
|-heal|p1a: Vaporeon|100/100|[from] item: Leftovers
|-heal|p2a: Gigalith|89/100|[from] item: Leftovers
|upkeep
|turn|64
|
|move|p1a: Vaporeon|Scald|p2a: Gigalith
|-supereffective|p2a: Gigalith
|-damage|p2a: Gigalith|56/100
|move|p2a: Gigalith|Stealth Rock|p1a: Vaporeon
|-sidestart|p1: Dollarsalt|move: Stealth Rock
|
|-weather|Sandstorm|[upkeep]
|-damage|p1a: Vaporeon|94/100|[from] Sandstorm
|-heal|p1a: Vaporeon|100/100|[from] item: Leftovers
|-heal|p2a: Gigalith|63/100|[from] item: Leftovers
|upkeep
|turn|65
|
|move|p2a: Gigalith|Protect|p2a: Gigalith
|-singleturn|p2a: Gigalith|Protect
|move|p1a: Vaporeon|Scald|p2a: Gigalith
|-activate|p2a: Gigalith|move: Protect
|
|-weather|Sandstorm|[upkeep]
|-damage|p1a: Vaporeon|94/100|[from] Sandstorm
|-heal|p1a: Vaporeon|100/100|[from] item: Leftovers
|-heal|p2a: Gigalith|69/100|[from] item: Leftovers
|upkeep
|turn|66
|
|switch|p2a: Vileplume|Vileplume, M|94/100 brn
|move|p1a: Vaporeon|Scald|p2a: Vileplume
|-resisted|p2a: Vileplume
|-damage|p2a: Vileplume|80/100 brn
|
|-weather|none
|-damage|p2a: Vileplume|74/100 brn|[from] brn
|upkeep
|turn|67
|
|move|p1a: Vaporeon|Protect|p1a: Vaporeon
|-singleturn|p1a: Vaporeon|Protect
|move|p2a: Vileplume|Strength Sap|p1a: Vaporeon
|-activate|p1a: Vaporeon|move: Protect
|
|-damage|p2a: Vileplume|67/100 brn|[from] brn
|upkeep
|turn|68
|
|switch|p1a: Vileplume|Vileplume, F|100/100
|-damage|p1a: Vileplume|88/100|[from] Stealth Rock
|move|p2a: Vileplume|Sludge Bomb|p1a: Vileplume
|-damage|p1a: Vileplume|52/100
|
|-heal|p1a: Vileplume|58/100|[from] item: Black Sludge
|-damage|p2a: Vileplume|61/100 brn|[from] brn
|upkeep
|turn|69
|
|switch|p2a: Snorlax|Snorlax, F|100/100 slp
|move|p1a: Vileplume|Sludge Bomb|p2a: Snorlax
|-damage|p2a: Snorlax|84/100 slp
|
|-heal|p1a: Vileplume|64/100|[from] item: Black Sludge
|-heal|p2a: Snorlax|90/100 slp|[from] item: Leftovers
|upkeep
|turn|70
|
|move|p1a: Vileplume|Sludge Bomb|p2a: Snorlax
|-damage|p2a: Snorlax|75/100 slp
|cant|p2a: Snorlax|slp
|
|-heal|p1a: Vileplume|70/100|[from] item: Black Sludge
|-heal|p2a: Snorlax|82/100 slp|[from] item: Leftovers
|upkeep
|turn|71
|
|move|p1a: Vileplume|Sludge Bomb|p2a: Snorlax
|-damage|p2a: Snorlax|66/100 slp
|cant|p2a: Snorlax|slp
|
|-heal|p1a: Vileplume|76/100|[from] item: Black Sludge
|-heal|p2a: Snorlax|72/100 slp|[from] item: Leftovers
|upkeep
|turn|72
|
|move|p1a: Vileplume|Sludge Bomb|p2a: Snorlax
|-damage|p2a: Snorlax|58/100 slp
|-curestatus|p2a: Snorlax|slp|[msg]
|move|p2a: Snorlax|Body Slam|p1a: Vileplume
|-damage|p1a: Vileplume|49/100
|
|-heal|p1a: Vileplume|55/100|[from] item: Black Sludge
|-heal|p2a: Snorlax|64/100|[from] item: Leftovers
|upkeep
|turn|73
|
|switch|p2a: Vullaby|Vullaby, F|52/100 tox
|move|p1a: Vileplume|Sludge Bomb|p2a: Vullaby
|-damage|p2a: Vullaby|23/100 tox
|
|-heal|p1a: Vileplume|61/100|[from] item: Black Sludge
|-damage|p2a: Vullaby|17/100 tox|[from] psn
|upkeep
|turn|74
|
|move|p2a: Vullaby|Roost|p2a: Vullaby
|-heal|p2a: Vullaby|67/100 tox
|-singleturn|p2a: Vullaby|move: Roost
|move|p1a: Vileplume|Strength Sap|p2a: Vullaby
|-unboost|p2a: Vullaby|atk|1
|-heal|p1a: Vileplume|90/100
|
|-heal|p1a: Vileplume|96/100|[from] item: Black Sludge
|-damage|p2a: Vullaby|54/100 tox|[from] psn
|upkeep
|turn|75
|
|switch|p2a: Snorlax|Snorlax, F|64/100
|move|p1a: Vileplume|Sludge Bomb|p2a: Snorlax
|-damage|p2a: Snorlax|48/100
|
|-heal|p1a: Vileplume|100/100|[from] item: Black Sludge
|-heal|p2a: Snorlax|54/100|[from] item: Leftovers
|upkeep
|turn|76
|
|move|p1a: Vileplume|Sludge Bomb|p2a: Snorlax
|-damage|p2a: Snorlax|38/100
|-status|p2a: Snorlax|psn
|move|p2a: Snorlax|Earthquake|p1a: Vileplume
|-damage|p1a: Vileplume|79/100
|
|-heal|p1a: Vileplume|85/100|[from] item: Black Sludge
|-heal|p2a: Snorlax|44/100 psn|[from] item: Leftovers
|-damage|p2a: Snorlax|32/100 psn|[from] psn
|upkeep
|turn|77
|
|switch|p1a: Sableye|Sableye, F|61/100 psn
|-damage|p1a: Sableye|49/100 psn|[from] Stealth Rock
|move|p2a: Snorlax|Rest|p2a: Snorlax
|-status|p2a: Snorlax|slp|[from] move: Rest
|-heal|p2a: Snorlax|100/100 slp|[silent]
|
|-heal|p1a: Sableye|55/100 psn|[from] item: Leftovers
|-damage|p1a: Sableye|43/100 psn|[from] psn
|upkeep
|turn|78
|
|switch|p2a: Vileplume|Vileplume, M|61/100 brn
|move|p1a: Sableye|Recover|p1a: Sableye
|-heal|p1a: Sableye|93/100 psn
|
|-heal|p1a: Sableye|99/100 psn|[from] item: Leftovers
|-damage|p1a: Sableye|86/100 psn|[from] psn
|-damage|p2a: Vileplume|55/100 brn|[from] brn
|upkeep
|turn|79
|
|switch|p1a: Xatu|Xatu, F|95/100
|-damage|p1a: Xatu|70/100|[from] Stealth Rock
|move|p2a: Vileplume|Strength Sap|p1a: Xatu
|move|p1a: Xatu|Strength Sap|p2a: Vileplume|[from]Magic Bounce
|-unboost|p2a: Vileplume|atk|1
|-heal|p1a: Xatu|100/100
|
|-damage|p2a: Vileplume|49/100 brn|[from] brn
|upkeep
|turn|80
|
|switch|p2a: Gigalith|Gigalith, M|69/100
|-weather|Sandstorm|[from] ability: Sand Stream|[of] p2a: Gigalith
|move|p1a: Xatu|U-turn|p2a: Gigalith
|-damage|p2a: Gigalith|60/100
|
|switch|p1a: Vaporeon|Vaporeon, M|100/100|[from]move: U-turn
|-damage|p1a: Vaporeon|88/100|[from] Stealth Rock
|
|-weather|Sandstorm|[upkeep]
|-damage|p1a: Vaporeon|82/100|[from] Sandstorm
|-heal|p1a: Vaporeon|88/100|[from] item: Leftovers
|-heal|p2a: Gigalith|66/100|[from] item: Leftovers
|upkeep
|turn|81
|
|switch|p2a: Snorlax|Snorlax, F|100/100 slp
|move|p1a: Vaporeon|Scald|p2a: Snorlax
|-damage|p2a: Snorlax|87/100 slp
|
|-weather|Sandstorm|[upkeep]
|-damage|p1a: Vaporeon|82/100|[from] Sandstorm
|-damage|p2a: Snorlax|81/100 slp|[from] Sandstorm
|-heal|p1a: Vaporeon|88/100|[from] item: Leftovers
|-heal|p2a: Snorlax|87/100 slp|[from] item: Leftovers
|upkeep
|turn|82
|
|switch|p1a: Sableye|Sableye, F|86/100 psn
|-damage|p1a: Sableye|74/100 psn|[from] Stealth Rock
|cant|p2a: Snorlax|slp
|
|-weather|Sandstorm|[upkeep]
|-damage|p1a: Sableye|68/100 psn|[from] Sandstorm
|-damage|p2a: Snorlax|81/100 slp|[from] Sandstorm
|-heal|p1a: Sableye|74/100 psn|[from] item: Leftovers
|-heal|p2a: Snorlax|87/100 slp|[from] item: Leftovers
|-damage|p1a: Sableye|61/100 psn|[from] psn
|upkeep
|turn|83
|
|switch|p2a: Vileplume|Vileplume, M|49/100 brn
|move|p1a: Sableye|Knock Off|p2a: Vileplume
|-damage|p2a: Vileplume|35/100 brn
|
|-weather|Sandstorm|[upkeep]
|-damage|p2a: Vileplume|29/100 brn|[from] Sandstorm
|-damage|p1a: Sableye|55/100 psn|[from] Sandstorm
|-heal|p1a: Sableye|61/100 psn|[from] item: Leftovers
|-damage|p1a: Sableye|49/100 psn|[from] psn
|-damage|p2a: Vileplume|23/100 brn|[from] brn
|upkeep
|turn|84
|
|move|p1a: Sableye|Recover|p1a: Sableye
|-heal|p1a: Sableye|99/100 psn
|move|p2a: Vileplume|Giga Drain|p1a: Sableye
|-damage|p1a: Sableye|65/100 psn
|-heal|p2a: Vileplume|38/100 brn|[from] drain|[of] p1a: Sableye
|
|-weather|none
|-heal|p1a: Sableye|71/100 psn|[from] item: Leftovers
|-damage|p1a: Sableye|59/100 psn|[from] psn
|-damage|p2a: Vileplume|31/100 brn|[from] brn
|upkeep
|turn|85
|
|switch|p1a: Xatu|Xatu, F|100/100
|-damage|p1a: Xatu|76/100|[from] Stealth Rock
|move|p2a: Vileplume|Giga Drain|p1a: Xatu
|-resisted|p1a: Xatu
|-damage|p1a: Xatu|58/100
|-heal|p2a: Vileplume|40/100 brn|[from] drain|[of] p1a: Xatu
|
|-damage|p2a: Vileplume|34/100 brn|[from] brn
|upkeep
|turn|86
|
|switch|p2a: Gigalith|Gigalith, M|66/100
|-weather|Sandstorm|[from] ability: Sand Stream|[of] p2a: Gigalith
|move|p1a: Xatu|U-turn|p2a: Gigalith
|-damage|p2a: Gigalith|57/100
|
|switch|p1a: Vaporeon|Vaporeon, M|88/100|[from]move: U-turn
|-damage|p1a: Vaporeon|75/100|[from] Stealth Rock
|
|-weather|Sandstorm|[upkeep]
|-damage|p1a: Vaporeon|69/100|[from] Sandstorm
|-heal|p1a: Vaporeon|75/100|[from] item: Leftovers
|-heal|p2a: Gigalith|64/100|[from] item: Leftovers
|upkeep
|turn|87
|
|switch|p2a: Snorlax|Snorlax, F|87/100 slp
|move|p1a: Vaporeon|Wish|p1a: Vaporeon
|
|-weather|Sandstorm|[upkeep]
|-damage|p1a: Vaporeon|69/100|[from] Sandstorm
|-damage|p2a: Snorlax|81/100 slp|[from] Sandstorm
|-heal|p1a: Vaporeon|75/100|[from] item: Leftovers
|-heal|p2a: Snorlax|87/100 slp|[from] item: Leftovers
|upkeep
|turn|88
|
|switch|p1a: Sableye|Sableye, F|59/100 psn
|-damage|p1a: Sableye|46/100 psn|[from] Stealth Rock
|switch|p2a: Passimian|Passimian, M|100/100
|
|-weather|Sandstorm|[upkeep]
|-damage|p2a: Passimian|94/100|[from] Sandstorm
|-damage|p1a: Sableye|40/100 psn|[from] Sandstorm
|-heal|p1a: Sableye|100/100 psn|[from] move: Wish|[wisher] Vaporeon
|-damage|p1a: Sableye|88/100 psn|[from] psn
|upkeep
|turn|89
|
|move|p1a: Sableye|Will-O-Wisp|p2a: Passimian
|-status|p2a: Passimian|brn
|move|p2a: Passimian|Knock Off|p1a: Sableye
|-damage|p1a: Sableye|71/100 psn
|-enditem|p1a: Sableye|Leftovers|[from] move: Knock Off|[of] p2a: Passimian
|
|-weather|Sandstorm|[upkeep]
|-damage|p2a: Passimian|88/100 brn|[from] Sandstorm
|-damage|p1a: Sableye|64/100 psn|[from] Sandstorm
|-damage|p2a: Passimian|82/100 brn|[from] brn
|-damage|p1a: Sableye|52/100 psn|[from] psn
|upkeep
|turn|90
|
|switch|p2a: Vileplume|Vileplume, M|34/100 brn
|move|p1a: Sableye|Recover|p1a: Sableye
|-heal|p1a: Sableye|100/100 psn
|
|-weather|none
|-damage|p1a: Sableye|88/100 psn|[from] psn
|-damage|p2a: Vileplume|27/100 brn|[from] brn
|upkeep
|turn|91
|
|switch|p1a: Vileplume|Vileplume, F|85/100
|-damage|p1a: Vileplume|73/100|[from] Stealth Rock
|move|p2a: Vileplume|Strength Sap|p1a: Vileplume
|-unboost|p1a: Vileplume|atk|1
|-heal|p2a: Vileplume|69/100 brn
|
|-heal|p1a: Vileplume|79/100|[from] item: Black Sludge
|-damage|p2a: Vileplume|63/100 brn|[from] brn
|upkeep
|turn|92
|
|switch|p2a: Snorlax|Snorlax, F|87/100 slp
|move|p1a: Vileplume|Sludge Bomb|p2a: Snorlax
|-damage|p2a: Snorlax|72/100 slp
|
|-heal|p1a: Vileplume|85/100|[from] item: Black Sludge
|-heal|p2a: Snorlax|78/100 slp|[from] item: Leftovers
|upkeep
|turn|93
|
|switch|p1a: Xatu|Xatu, F|58/100
|-damage|p1a: Xatu|33/100|[from] Stealth Rock
|cant|p2a: Snorlax|slp
|
|-heal|p2a: Snorlax|84/100 slp|[from] item: Leftovers
|upkeep
|turn|94
|
|move|p1a: Xatu|Roost|p1a: Xatu
|-heal|p1a: Xatu|83/100
|-singleturn|p1a: Xatu|move: Roost
|-curestatus|p2a: Snorlax|slp|[msg]
|move|p2a: Snorlax|Darkest Lariat|p1a: Xatu
|-supereffective|p1a: Xatu
|-damage|p1a: Xatu|27/100
|-damage|p2a: Snorlax|68/100|[from] item: Rocky Helmet|[of] p1a: Xatu
|
|-heal|p2a: Snorlax|74/100|[from] item: Leftovers
|upkeep
|turn|95
|
|move|p1a: Xatu|Roost|p1a: Xatu
|-heal|p1a: Xatu|77/100
|-singleturn|p1a: Xatu|move: Roost
|move|p2a: Snorlax|Darkest Lariat|p1a: Xatu
|-supereffective|p1a: Xatu
|-damage|p1a: Xatu|12/100
|-damage|p2a: Snorlax|57/100|[from] item: Rocky Helmet|[of] p1a: Xatu
|
|-heal|p2a: Snorlax|63/100|[from] item: Leftovers
|upkeep
|turn|96
|
|move|p1a: Xatu|Roost|p1a: Xatu
|-heal|p1a: Xatu|62/100
|-singleturn|p1a: Xatu|move: Roost
|move|p2a: Snorlax|Darkest Lariat|p1a: Xatu
|-supereffective|p1a: Xatu
|-damage|p1a: Xatu|7/100
|-damage|p2a: Snorlax|47/100|[from] item: Rocky Helmet|[of] p1a: Xatu
|
|-heal|p2a: Snorlax|53/100|[from] item: Leftovers
|upkeep
|turn|97
|
|move|p1a: Xatu|Roost|p1a: Xatu
|-heal|p1a: Xatu|57/100
|-singleturn|p1a: Xatu|move: Roost
|move|p2a: Snorlax|Darkest Lariat|p1a: Xatu
|-supereffective|p1a: Xatu
|-damage|p1a: Xatu|0 fnt
|-damage|p2a: Snorlax|36/100|[from] item: Rocky Helmet|[of] p1a: Xatu
|faint|p1a: Xatu
|
|-heal|p2a: Snorlax|42/100|[from] item: Leftovers
|upkeep
|
|switch|p1a: Sableye|Sableye, F|88/100 psn
|-damage|p1a: Sableye|75/100 psn|[from] Stealth Rock
|turn|98
|
|switch|p2a: Vileplume|Vileplume, M|63/100 brn
|move|p1a: Sableye|Encore||[still]
|-fail|p1a: Sableye
|
|-damage|p1a: Sableye|63/100 psn|[from] psn
|-damage|p2a: Vileplume|57/100 brn|[from] brn
|upkeep
|turn|99
|
|move|p1a: Sableye|Knock Off|p2a: Vileplume
|-damage|p2a: Vileplume|42/100 brn
|move|p2a: Vileplume|Strength Sap|p1a: Sableye
|-unboost|p1a: Sableye|atk|1
|-heal|p2a: Vileplume|95/100 brn
|
|-damage|p1a: Sableye|50/100 psn|[from] psn
|-damage|p2a: Vileplume|88/100 brn|[from] brn
|upkeep
|turn|100
|
|move|p1a: Sableye|Recover|p1a: Sableye
|-heal|p1a: Sableye|100/100 psn
|move|p2a: Vileplume|Sludge Bomb|p1a: Sableye
|-resisted|p1a: Sableye
|-damage|p1a: Sableye|80/100 psn
|
|-damage|p1a: Sableye|68/100 psn|[from] psn
|-damage|p2a: Vileplume|82/100 brn|[from] brn
|upkeep
|turn|101
|
|switch|p1a: Vileplume|Vileplume, F|85/100
|-damage|p1a: Vileplume|73/100|[from] Stealth Rock
|move|p2a: Vileplume|Sludge Bomb|p1a: Vileplume
|-damage|p1a: Vileplume|35/100
|
|-heal|p1a: Vileplume|41/100|[from] item: Black Sludge
|-damage|p2a: Vileplume|76/100 brn|[from] brn
|upkeep
|turn|102
|
|switch|p2a: Sigilyph|Sigilyph, F|52/100 psn
|move|p1a: Vileplume|Sludge Bomb|p2a: Sigilyph
|-damage|p2a: Sigilyph|6/100 psn
|
|-heal|p1a: Vileplume|48/100|[from] item: Black Sludge
|upkeep
|turn|103
|
|move|p2a: Sigilyph|Ice Beam|p1a: Vileplume
|-supereffective|p1a: Vileplume
|-damage|p1a: Vileplume|0 fnt
|faint|p1a: Vileplume
|
|upkeep
|
|switch|p1a: Sableye|Sableye, F|68/100 psn
|-damage|p1a: Sableye|55/100 psn|[from] Stealth Rock
|turn|104
|
|switch|p1a: Vaporeon|Vaporeon, M|75/100
|-damage|p1a: Vaporeon|63/100|[from] Stealth Rock
|move|p2a: Sigilyph|Ice Beam|p1a: Vaporeon
|-resisted|p1a: Vaporeon
|-damage|p1a: Vaporeon|54/100
|
|-heal|p1a: Vaporeon|60/100|[from] item: Leftovers
|upkeep
|turn|105
|
|move|p2a: Sigilyph|Roost|p2a: Sigilyph
|-heal|p2a: Sigilyph|57/100 psn
|-singleturn|p2a: Sigilyph|move: Roost
|move|p1a: Vaporeon|Scald|p2a: Sigilyph
|-damage|p2a: Sigilyph|12/100 psn
|
|-heal|p1a: Vaporeon|66/100|[from] item: Leftovers
|upkeep
|turn|106
|
|move|p2a: Sigilyph|Psyshock|p1a: Vaporeon
|-damage|p1a: Vaporeon|19/100
|move|p1a: Vaporeon|Scald|p2a: Sigilyph
|-damage|p2a: Sigilyph|0 fnt
|faint|p2a: Sigilyph
|
|-heal|p1a: Vaporeon|25/100|[from] item: Leftovers
|upkeep
|
|switch|p2a: Vileplume|Vileplume, M|76/100 brn
|turn|107
|
|move|p1a: Vaporeon|Protect|p1a: Vaporeon
|-singleturn|p1a: Vaporeon|Protect
|move|p2a: Vileplume|Giga Drain|p1a: Vaporeon
|-activate|p1a: Vaporeon|move: Protect
|
|-heal|p1a: Vaporeon|31/100|[from] item: Leftovers
|-damage|p2a: Vileplume|70/100 brn|[from] brn
|upkeep
|turn|108
|
|switch|p1a: Sableye|Sableye, F|55/100 psn
|-damage|p1a: Sableye|43/100 psn|[from] Stealth Rock
|move|p2a: Vileplume|Giga Drain|p1a: Sableye
|-damage|p1a: Sableye|8/100 psn
|-heal|p2a: Vileplume|85/100 brn|[from] drain|[of] p1a: Sableye
|
|-damage|p2a: Vileplume|78/100 brn|[from] brn
|-damage|p1a: Sableye|0 fnt|[from] psn
|faint|p1a: Sableye
|upkeep
|
|switch|p1a: Vaporeon|Vaporeon, M|31/100
|-damage|p1a: Vaporeon|19/100|[from] Stealth Rock
|turn|109
|
|move|p1a: Vaporeon|Protect|p1a: Vaporeon
|-singleturn|p1a: Vaporeon|Protect
|move|p2a: Vileplume|Toxic|p1a: Vaporeon
|-activate|p1a: Vaporeon|move: Protect
|
|-heal|p1a: Vaporeon|25/100|[from] item: Leftovers
|-damage|p2a: Vileplume|72/100 brn|[from] brn
|upkeep
|turn|110
|
|move|p1a: Vaporeon|Wish|p1a: Vaporeon
|move|p2a: Vileplume|Toxic|p1a: Vaporeon
|-status|p1a: Vaporeon|tox
|
|-heal|p1a: Vaporeon|31/100 tox|[from] item: Leftovers
|-damage|p1a: Vaporeon|25/100 tox|[from] psn
|-damage|p2a: Vileplume|66/100 brn|[from] brn
|upkeep
|turn|111
|
|move|p1a: Vaporeon|Protect|p1a: Vaporeon
|-singleturn|p1a: Vaporeon|Protect
|move|p2a: Vileplume|Sludge Bomb|p1a: Vaporeon
|-activate|p1a: Vaporeon|move: Protect
|
|-heal|p1a: Vaporeon|75/100 tox|[from] move: Wish|[wisher] Vaporeon
|-heal|p1a: Vaporeon|81/100 tox|[from] item: Leftovers
|-damage|p1a: Vaporeon|69/100 tox|[from] psn
|-damage|p2a: Vileplume|60/100 brn|[from] brn
|upkeep
|turn|112
|
|move|p1a: Vaporeon|Wish|p1a: Vaporeon
|move|p2a: Vileplume|Strength Sap|p1a: Vaporeon
|-unboost|p1a: Vaporeon|atk|1
|-heal|p2a: Vileplume|94/100 brn
|
|-heal|p1a: Vaporeon|75/100 tox|[from] item: Leftovers
|-damage|p1a: Vaporeon|56/100 tox|[from] psn
|-damage|p2a: Vileplume|88/100 brn|[from] brn
|upkeep
|turn|113
|
|move|p1a: Vaporeon|Scald|p2a: Vileplume
|-resisted|p2a: Vileplume
|-damage|p2a: Vileplume|72/100 brn
|move|p2a: Vileplume|Sludge Bomb|p1a: Vaporeon
|-damage|p1a: Vaporeon|36/100 tox
|
|-heal|p1a: Vaporeon|86/100 tox|[from] move: Wish|[wisher] Vaporeon
|-heal|p1a: Vaporeon|92/100 tox|[from] item: Leftovers
|-damage|p1a: Vaporeon|67/100 tox|[from] psn
|-damage|p2a: Vileplume|66/100 brn|[from] brn
|upkeep
|turn|114
|
|move|p1a: Vaporeon|Wish|p1a: Vaporeon
|move|p2a: Vileplume|Sludge Bomb|p1a: Vaporeon
|-damage|p1a: Vaporeon|48/100 tox
|
|-heal|p1a: Vaporeon|55/100 tox|[from] item: Leftovers
|-damage|p1a: Vaporeon|23/100 tox|[from] psn
|-damage|p2a: Vileplume|60/100 brn|[from] brn
|upkeep
|turn|115
|
|move|p1a: Vaporeon|Scald|p2a: Vileplume
|-resisted|p2a: Vileplume
|-damage|p2a: Vileplume|44/100 brn
|move|p2a: Vileplume|Strength Sap|p1a: Vaporeon
|-unboost|p1a: Vaporeon|atk|1
|-heal|p2a: Vileplume|67/100 brn
|
|-heal|p1a: Vaporeon|73/100 tox|[from] move: Wish|[wisher] Vaporeon
|-heal|p1a: Vaporeon|80/100 tox|[from] item: Leftovers
|-damage|p1a: Vaporeon|42/100 tox|[from] psn
|-damage|p2a: Vileplume|60/100 brn|[from] brn
|upkeep
|turn|116
|
|move|p1a: Vaporeon|Wish|p1a: Vaporeon
|move|p2a: Vileplume|Strength Sap|p1a: Vaporeon
|-unboost|p1a: Vaporeon|atk|1
|-heal|p2a: Vileplume|77/100 brn
|
|-heal|p1a: Vaporeon|48/100 tox|[from] item: Leftovers
|-damage|p1a: Vaporeon|5/100 tox|[from] psn
|-damage|p2a: Vileplume|71/100 brn|[from] brn
|upkeep
|turn|117
|
|move|p1a: Vaporeon|Protect|p1a: Vaporeon
|-singleturn|p1a: Vaporeon|Protect
|move|p2a: Vileplume|Strength Sap|p1a: Vaporeon
|-activate|p1a: Vaporeon|move: Protect
|
|-heal|p1a: Vaporeon|55/100 tox|[from] move: Wish|[wisher] Vaporeon
|-heal|p1a: Vaporeon|61/100 tox|[from] item: Leftovers
|-damage|p1a: Vaporeon|11/100 tox|[from] psn
|-damage|p2a: Vileplume|65/100 brn|[from] brn
|upkeep
|turn|118
|
|move|p1a: Vaporeon|Wish|p1a: Vaporeon
|move|p2a: Vileplume|Strength Sap|p1a: Vaporeon
|-unboost|p1a: Vaporeon|atk|1
|-heal|p2a: Vileplume|78/100 brn
|
|-heal|p1a: Vaporeon|17/100 tox|[from] item: Leftovers
|-damage|p1a: Vaporeon|0 fnt|[from] psn
|faint|p1a: Vaporeon
|
|win|KonOnPhone
|upkeep
|l|☆Dollarsalt
|raw|Dollarsalt's rating: 1527 &rarr; <strong>1501</strong><br />(-26 for losing)
|raw|KonOnPhone's rating: 1418 &rarr; <strong>1444</strong><br />(+26 for winning)
