|j|☆a rabbit
|j|☆Kairak
|t:|1613654064
|player|p1|a rabbit|169|1632
|player|p2|Kairak|roughneck-gen4|1536
|teamsize|p1|6
|teamsize|p2|6
|gametype|singles
|gen|8
|tier|[Gen 8] RU
|rated|
|clearpoke
|poke|p1|Volcanion|
|poke|p1|Slowbro-Galar, F|
|poke|p1|Zarude-Dada|
|poke|p1|Porygon2|
|poke|p1|Steelix, F|
|poke|p1|Noivern, M|
|poke|p2|Heracross, M|
|poke|p2|Flygon, F|
|poke|p2|Vileplume, F|
|poke|p2|Diancie|
|poke|p2|Volcanion|
|poke|p2|Regidrago|
|rule|Sleep Clause Mod: Limit one foe put to sleep
|rule|Species Clause: Limit one of each Pokémon
|rule|OHKO Clause: OHKO moves are banned
|rule|Evasion Moves Clause: Evasion moves are banned
|rule|Endless Battle Clause: Forcing endless battles is banned
|rule|HP Percentage Mod: HP is shown in percentages
|rule|Dynamax Clause: You cannot dynamax
|teampreview
|
|t:|1613654084
|start
|switch|p1a: Noivern|Noivern, M|100/100
|switch|p2a: Regidrago|Regidrago|100/100
|turn|1
|
|t:|1613654097
|switch|p1a: Steelix|Steelix, F|100/100
|switch|p2a: Diancie|Diancie|100/100
|
|upkeep
|turn|2
|
|t:|1613654103
|move|p2a: Diancie|Body Press|p1a: Steelix
|-supereffective|p1a: Steelix
|-damage|p1a: Steelix|71/100
|move|p1a: Steelix|Stealth Rock|p2a: Diancie
|-sidestart|p2: Kairak|move: Stealth Rock
|
|-heal|p1a: Steelix|77/100|[from] item: Leftovers
|upkeep
|turn|3
|
|t:|1613654106
|move|p2a: Diancie|Stealth Rock|p1a: Steelix
|-sidestart|p1: a rabbit|move: Stealth Rock
|move|p1a: Steelix|Heavy Slam|p2a: Diancie
|-supereffective|p2a: Diancie
|-damage|p2a: Diancie|0 fnt
|faint|p2a: Diancie
|
|-heal|p1a: Steelix|84/100|[from] item: Leftovers
|upkeep
|
|t:|1613654109
|switch|p2a: Volcanion|Volcanion|100/100
|turn|4
|
|t:|1613654116
|switch|p1a: Noivern|Noivern, M|100/100
|move|p2a: Volcanion|Defog|p1a: Noivern
|-unboost|p1a: Noivern|evasion|1
|-sideend|p1: a rabbit|Stealth Rock|[from] move: Defog|[of] p2a: Volcanion
|-sideend|p2: Kairak|Stealth Rock|[from] move: Defog|[of] p2a: Volcanion
|
|upkeep
|turn|5
|
|t:|1613654121
|move|p1a: Noivern|Draco Meteor|p2a: Volcanion
|-damage|p2a: Volcanion|47/100
|-unboost|p1a: Noivern|spa|2
|move|p2a: Volcanion|Toxic|p1a: Noivern
|-status|p1a: Noivern|tox
|
|-damage|p1a: Noivern|94/100 tox|[from] psn
|upkeep
|turn|6
|
|t:|1613654127
|move|p1a: Noivern|U-turn|p2a: Volcanion
|-resisted|p2a: Volcanion
|-damage|p2a: Volcanion|41/100
|
|t:|1613654131
|switch|p1a: Volcanion|Volcanion|100/100|[from]move: U-turn
|move|p2a: Volcanion|Toxic|p1a: Volcanion
|-status|p1a: Volcanion|tox
|
|-damage|p1a: Volcanion|95/100 tox|[from] psn
|upkeep
|turn|7
|
|t:|1613654137
|switch|p2a: Flygon|Flygon, F|100/100
|move|p1a: Volcanion|Toxic|p2a: Flygon
|-status|p2a: Flygon|tox
|
|-damage|p2a: Flygon|95/100 tox|[from] psn
|-damage|p1a: Volcanion|83/100 tox|[from] psn
|upkeep
|turn|8
|
|t:|1613654142
|switch|p1a: Porygon2|Porygon2|100/100
|-ability|p1a: Porygon2|Levitate|[from] ability: Trace|[of] p2a: Flygon
|move|p2a: Flygon|U-turn|p1a: Porygon2
|-damage|p1a: Porygon2|89/100
|
|t:|1613654145
|switch|p2a: Heracross|Heracross, M|100/100|[from]move: U-turn
|
|-status|p2a: Heracross|brn|[from] item: Flame Orb
|upkeep
|turn|9
|
|t:|1613654150
|switch|p1a: Slowbro|Slowbro-Galar, F|100/100
|move|p2a: Heracross|Knock Off|p1a: Slowbro
|-supereffective|p1a: Slowbro
|-enditem|p1a: Slowbro|Colbur Berry|[eat]
|-enditem|p1a: Slowbro|Colbur Berry|[weaken]
|-damage|p1a: Slowbro|70/100
|
|-damage|p2a: Heracross|95/100 brn|[from] brn
|upkeep
|turn|10
|
|t:|1613654161
|move|p2a: Heracross|Swords Dance|p2a: Heracross
|-boost|p2a: Heracross|atk|2
|move|p1a: Slowbro|Slack Off|p1a: Slowbro
|-heal|p1a: Slowbro|100/100
|
|-damage|p2a: Heracross|89/100 brn|[from] brn
|upkeep
|turn|11
|
|t:|1613654167
|switch|p1a: Steelix|Steelix, F|84/100
|move|p2a: Heracross|Knock Off|p1a: Steelix
|-damage|p1a: Steelix|28/100
|-enditem|p1a: Steelix|Leftovers|[from] move: Knock Off|[of] p2a: Heracross
|
|-damage|p2a: Heracross|83/100 brn|[from] brn
|upkeep
|turn|12
|
|t:|1613654171
|move|p2a: Heracross|Knock Off|p1a: Steelix
|-damage|p1a: Steelix|0 fnt
|faint|p1a: Steelix
|
|-damage|p2a: Heracross|77/100 brn|[from] brn
|upkeep
|
|t:|1613654176
|switch|p1a: Noivern|Noivern, M|94/100 tox
|turn|13
|
|t:|1613654180
|move|p1a: Noivern|Flamethrower|p2a: Heracross
|-supereffective|p2a: Heracross
|-damage|p2a: Heracross|33/100 brn
|move|p2a: Heracross|Knock Off|p1a: Noivern
|-damage|p1a: Noivern|0 fnt
|-enditem|p1a: Noivern|Heavy-Duty Boots|[from] move: Knock Off|[of] p2a: Heracross
|faint|p1a: Noivern
|
|-damage|p2a: Heracross|27/100 brn|[from] brn
|upkeep
|
|t:|1613654184
|switch|p1a: Zarude|Zarude-Dada|100/100
|turn|14
|
|t:|1613654187
|switch|p2a: Vileplume|Vileplume, F|100/100
|move|p1a: Zarude|Darkest Lariat|p2a: Vileplume
|-damage|p2a: Vileplume|69/100
|
|-heal|p2a: Vileplume|75/100|[from] item: Black Sludge
|upkeep
|turn|15
|
|t:|1613654195
|switch|p2a: Heracross|Heracross, M|27/100 brn
|move|p1a: Zarude|U-turn|p2a: Heracross
|-resisted|p2a: Heracross
|-damage|p2a: Heracross|10/100 brn
|
|t:|1613654199
|switch|p1a: Slowbro|Slowbro-Galar, F|100/100|[from]move: U-turn
|
|-damage|p2a: Heracross|4/100 brn|[from] brn
|upkeep
|turn|16
|
|t:|1613654204
|move|p2a: Heracross|Knock Off|p1a: Slowbro
|-supereffective|p1a: Slowbro
|-damage|p1a: Slowbro|59/100
|move|p1a: Slowbro|Slack Off|p1a: Slowbro
|-heal|p1a: Slowbro|100/100
|
|-damage|p2a: Heracross|0 fnt|[from] brn
|faint|p2a: Heracross
|upkeep
|
|t:|1613654207
|switch|p2a: Regidrago|Regidrago|100/100
|turn|17
|
|t:|1613654213
|move|p2a: Regidrago|Dragon Energy|p1a: Slowbro
|-damage|p1a: Slowbro|0 fnt
|faint|p1a: Slowbro
|
|upkeep
|
|t:|1613654221
|switch|p1a: Porygon2|Porygon2|89/100
|-ability|p1a: Porygon2|Dragon's Maw|[from] ability: Trace|[of] p2a: Regidrago
|turn|18
|
|t:|1613654223
|move|p2a: Regidrago|Dragon Energy|p1a: Porygon2
|-damage|p1a: Porygon2|0 fnt
|faint|p1a: Porygon2
|
|upkeep
|
|t:|1613654225
|switch|p1a: Zarude|Zarude-Dada|100/100
|turn|19
|
|t:|1613654227
|move|p1a: Zarude|Darkest Lariat|p2a: Regidrago
|-damage|p2a: Regidrago|52/100
|move|p2a: Regidrago|Dragon Energy|p1a: Zarude
|-damage|p1a: Zarude|25/100
|
|upkeep
|turn|20
|
|t:|1613654232
|switch|p2a: Vileplume|Vileplume, F|75/100
|move|p1a: Zarude|Darkest Lariat|p2a: Vileplume
|-damage|p2a: Vileplume|45/100
|
|-heal|p2a: Vileplume|52/100|[from] item: Black Sludge
|upkeep
|turn|21
|
|t:|1613654235
|move|p1a: Zarude|U-turn|p2a: Vileplume
|-damage|p2a: Vileplume|33/100
|
|t:|1613654237
|switch|p1a: Volcanion|Volcanion|83/100 tox|[from]move: U-turn
|move|p2a: Vileplume|Sludge Bomb|p1a: Volcanion
|-damage|p1a: Volcanion|43/100 tox
|
|-heal|p2a: Vileplume|39/100|[from] item: Black Sludge
|-damage|p1a: Volcanion|37/100 tox|[from] psn
|upkeep
|turn|22
|
|t:|1613654242
|move|p1a: Volcanion|Flamethrower|p2a: Vileplume
|-supereffective|p2a: Vileplume
|-damage|p2a: Vileplume|0 fnt
|faint|p2a: Vileplume
|
|-damage|p1a: Volcanion|25/100 tox|[from] psn
|upkeep
|
|t:|1613654246
|switch|p2a: Flygon|Flygon, F|95/100 tox
|turn|23
|
|t:|1613654248
|move|p2a: Flygon|Outrage|p1a: Volcanion
|-damage|p1a: Volcanion|0 fnt
|faint|p1a: Volcanion
|
|-damage|p2a: Flygon|89/100 tox|[from] psn
|upkeep
|
|t:|1613654250
|switch|p1a: Zarude|Zarude-Dada|25/100
|turn|24
|
|t:|1613654252
|move|p2a: Flygon|Outrage|p1a: Zarude|[from]lockedmove
|-damage|p1a: Zarude|0 fnt
|-start|p2a: Flygon|confusion|[fatigue]
|faint|p1a: Zarude
|
|win|Kairak
|l|☆a rabbit
|raw|a rabbit's rating: 1633 &rarr; <strong>1608</strong><br />(-25 for losing)
|raw|Kairak's rating: 1550 &rarr; <strong>1575</strong><br />(+25 for winning)
