|j|☆KesslerMacGrath
|j|☆Anderson .Packed
|t:|1660322660
|gametype|singles
|player|p1|KesslerMacGrath|unknown|1364
|player|p2|Anderson .Packed|marlon|1479
|teamsize|p1|6
|teamsize|p2|6
|gen|8
|tier|[Gen 8] RU
|rated|
|rule|Sleep Clause Mod: Limit one foe put to sleep
|rule|Species Clause: Limit one of each Pokémon
|rule|OHKO Clause: OHKO moves are banned
|rule|Evasion Items Clause: Evasion items are banned
|rule|Evasion Moves Clause: Evasion moves are banned
|rule|Endless Battle Clause: Forcing endless battles is banned
|rule|HP Percentage Mod: HP is shown in percentages
|rule|Dynamax Clause: You cannot dynamax
|clearpoke
|poke|p1|Flygon, F|
|poke|p1|Sneasel, F|
|poke|p1|Sigilyph, M|
|poke|p1|Registeel|
|poke|p1|Xurkitree|
|poke|p1|Milotic, F|
|poke|p2|Steelix, F|
|poke|p2|Weezing-Galar, F|
|poke|p2|Hitmontop, M|
|poke|p2|Celebi|
|poke|p2|Sharpedo, M|
|poke|p2|Raikou|
|teampreview
|
|t:|1660322681
|start
|switch|p1a: N|Sigilyph, M, shiny|100/100
|switch|p2a: Raikou|Raikou|100/100
|turn|1
|inactive|Battle timer is ON: inactive players will automatically lose when time's up. (requested by KesslerMacGrath)
|
|t:|1660322690
|switch|p1a: Minecraft Golem|Registeel, shiny|100/100
|move|p2a: Raikou|Scald|p1a: Minecraft Golem
|-damage|p1a: Minecraft Golem|86/100
|-status|p1a: Minecraft Golem|brn
|
|-heal|p1a: Minecraft Golem|92/100 brn|[from] item: Leftovers
|-damage|p1a: Minecraft Golem|86/100 brn|[from] brn
|upkeep
|turn|2
|
|t:|1660322696
|switch|p2a: Hitmontop|Hitmontop, M|100/100
|move|p1a: Minecraft Golem|Curse|p1a: Minecraft Golem
|-unboost|p1a: Minecraft Golem|spe|1
|-boost|p1a: Minecraft Golem|atk|1
|-boost|p1a: Minecraft Golem|def|1
|
|-heal|p1a: Minecraft Golem|92/100 brn|[from] item: Leftovers
|-damage|p1a: Minecraft Golem|86/100 brn|[from] brn
|upkeep
|turn|3
|
|t:|1660322707
|switch|p1a: Paldean Gyrados|Milotic, F, shiny|100/100
|move|p2a: Hitmontop|Close Combat|p1a: Paldean Gyrados
|-damage|p1a: Paldean Gyrados|64/100
|-unboost|p2a: Hitmontop|def|1
|-unboost|p2a: Hitmontop|spd|1
|
|-status|p1a: Paldean Gyrados|brn|[from] item: Flame Orb
|upkeep
|turn|4
|
|t:|1660322713
|switch|p1a: LC Uber|Sneasel, F, shiny|100/100
|switch|p2a: Celebi|Celebi, shiny|100/100
|
|upkeep
|turn|5
|
|t:|1660322717
|switch|p2a: Weezing|Weezing-Galar, F|100/100
|move|p1a: LC Uber|Knock Off|p2a: Weezing
|-resisted|p2a: Weezing
|-damage|p2a: Weezing|79/100
|-damage|p1a: LC Uber|84/100|[from] item: Rocky Helmet|[of] p2a: Weezing
|-enditem|p2a: Weezing|Rocky Helmet|[from] move: Knock Off|[of] p1a: LC Uber
|
|upkeep
|turn|6
|
|t:|1660322725
|switch|p1a: N|Sigilyph, M, shiny|100/100
|move|p2a: Weezing|Toxic Spikes|p1a: N
|-sidestart|p1: KesslerMacGrath|move: Toxic Spikes
|
|upkeep
|turn|7
|
|t:|1660322732
|switch|p2a: Raikou|Raikou|100/100
|move|p1a: N|Psychic|p2a: Raikou
|-damage|p2a: Raikou|67/100
|
|upkeep
|turn|8
|
|t:|1660322739
|switch|p1a: Lando|Flygon, F, shiny|100/100
|move|p2a: Raikou|Volt Switch|p1a: Lando
|-immune|p1a: Lando
|
|upkeep
|turn|9
|
|t:|1660322746
|switch|p2a: Weezing|Weezing-Galar, F|79/100
|move|p1a: Lando|U-turn|p2a: Weezing
|-resisted|p2a: Weezing
|-damage|p2a: Weezing|76/100
|
|t:|1660322753
|switch|p1a: N|Sigilyph, M, shiny|100/100|[from]move: U-turn
|
|upkeep
|turn|10
|
|t:|1660322760
|move|p1a: N|Thunder Wave|p2a: Weezing
|-status|p2a: Weezing|par
|move|p2a: Weezing|Strange Steam|p1a: N
|-damage|p1a: N|73/100
|
|upkeep
|turn|11
|
|t:|1660322770
|switch|p2a: Celebi|Celebi, shiny|100/100
|move|p1a: N|Psychic|p2a: Celebi
|-resisted|p2a: Celebi
|-damage|p2a: Celebi|86/100
|
|upkeep
|turn|12
|
|t:|1660322784
|switch|p2a: Raikou|Raikou|67/100
|move|p1a: N|Defog|p2a: Raikou
|-unboost|p2a: Raikou|evasion|1
|-sideend|p1: KesslerMacGrath|Toxic Spikes|[from] move: Defog|[of] p1a: N
|
|upkeep
|turn|13
|
|t:|1660322788
|move|p2a: Raikou|Shadow Ball|p1a: N
|-supereffective|p1a: N
|-damage|p1a: N|11/100
|-unboost|p1a: N|spd|1
|move|p1a: N|Psychic|p2a: Raikou
|-damage|p2a: Raikou|34/100
|
|upkeep
|turn|14
|
|t:|1660322795
|switch|p1a: LC Uber|Sneasel, F, shiny|84/100
|move|p2a: Raikou|Shadow Ball|p1a: LC Uber
|-resisted|p1a: LC Uber
|-damage|p1a: LC Uber|61/100
|
|upkeep
|turn|15
|
|t:|1660322800
|switch|p2a: Hitmontop|Hitmontop, M|100/100
|move|p1a: LC Uber|Ice Punch|p2a: Hitmontop
|-damage|p2a: Hitmontop|42/100
|
|upkeep
|turn|16
|
|t:|1660322821
|switch|p1a: Paldean Gyrados|Milotic, F, shiny|64/100 brn
|switch|p2a: Raikou|Raikou|34/100
|
|-damage|p1a: Paldean Gyrados|58/100 brn|[from] brn
|upkeep
|turn|17
|
|t:|1660322828
|switch|p1a: N|Sigilyph, M, shiny|11/100
|move|p2a: Raikou|Volt Switch|p1a: N
|-supereffective|p1a: N
|-damage|p1a: N|0 fnt
|faint|p1a: N
|
|t:|1660322844
|switch|p2a: Celebi|Celebi, shiny|86/100|[from]move: Volt Switch
|
|upkeep
|
|t:|1660322848
|switch|p1a: LC Uber|Sneasel, F, shiny|61/100
|turn|18
|
|t:|1660322853
|switch|p2a: Weezing|Weezing-Galar, F|76/100 par
|move|p1a: LC Uber|Knock Off|p2a: Weezing
|-resisted|p2a: Weezing
|-damage|p2a: Weezing|61/100 par
|
|upkeep
|turn|19
|
|t:|1660322858
|switch|p1a: Haywire|Xurkitree, shiny|100/100
|move|p2a: Weezing|Toxic Spikes|p1a: Haywire
|-sidestart|p1: KesslerMacGrath|move: Toxic Spikes
|
|upkeep
|turn|20
|
|t:|1660322868
|switch|p2a: Celebi|Celebi, shiny|86/100
|move|p1a: Haywire|Thunderbolt|p2a: Celebi
|-resisted|p2a: Celebi
|-damage|p2a: Celebi|59/100
|
|upkeep
|turn|21
|
|t:|1660322873
|move|p2a: Celebi|Nasty Plot|p2a: Celebi
|-boost|p2a: Celebi|spa|2
|move|p1a: Haywire|Volt Switch|p2a: Celebi
|-resisted|p2a: Celebi
|-damage|p2a: Celebi|35/100
|
|t:|1660322875
|switch|p1a: LC Uber|Sneasel, F, shiny|61/100|[from]move: Volt Switch
|-status|p1a: LC Uber|psn
|
|-damage|p1a: LC Uber|49/100 psn|[from] psn
|upkeep
|turn|22
|
|t:|1660322890
|switch|p2a: Weezing|Weezing-Galar, F|61/100 par
|move|p1a: LC Uber|Ice Punch|p2a: Weezing
|-damage|p2a: Weezing|24/100 par
|
|-damage|p1a: LC Uber|36/100 psn|[from] psn
|upkeep
|turn|23
|
|t:|1660322896
|move|p1a: LC Uber|Ice Punch|p2a: Weezing
|-damage|p2a: Weezing|0 fnt
|faint|p2a: Weezing
|
|-damage|p1a: LC Uber|24/100 psn|[from] psn
|upkeep
|
|t:|1660322899
|switch|p2a: Sharpedo|Sharpedo, M|100/100
|turn|24
|
|t:|1660322905
|switch|p1a: Paldean Gyrados|Milotic, F, shiny|58/100 brn
|move|p2a: Sharpedo|Crunch|p1a: Paldean Gyrados
|-damage|p1a: Paldean Gyrados|31/100 brn
|-damage|p2a: Sharpedo|91/100|[from] item: Life Orb
|
|-damage|p1a: Paldean Gyrados|25/100 brn|[from] brn
|-ability|p2a: Sharpedo|Speed Boost|boost
|-boost|p2a: Sharpedo|spe|1
|upkeep
|turn|25
|
|t:|1660322917
|move|p2a: Sharpedo|Crunch|p1a: Paldean Gyrados
|-damage|p1a: Paldean Gyrados|0 fnt
|faint|p1a: Paldean Gyrados
|-damage|p2a: Sharpedo|81/100|[from] item: Life Orb
|
|-ability|p2a: Sharpedo|Speed Boost|boost
|-boost|p2a: Sharpedo|spe|1
|upkeep
|
|t:|1660322921
|switch|p1a: Lando|Flygon, F, shiny|100/100
|turn|26
|
|t:|1660322930
|move|p2a: Sharpedo|Waterfall|p1a: Lando
|-damage|p1a: Lando|34/100
|-damage|p2a: Sharpedo|71/100|[from] item: Life Orb
|move|p1a: Lando|U-turn|p2a: Sharpedo
|-supereffective|p2a: Sharpedo
|-damage|p2a: Sharpedo|0 fnt
|faint|p2a: Sharpedo
|
|t:|1660322939
|switch|p1a: Haywire|Xurkitree, shiny|100/100|[from]move: U-turn
|-status|p1a: Haywire|psn
|
|-damage|p1a: Haywire|88/100 psn|[from] psn
|upkeep
|
|t:|1660322943
|switch|p2a: Celebi|Celebi, shiny|35/100
|turn|27
|
|t:|1660322956
|move|p2a: Celebi|Giga Drain|p1a: Haywire
|-damage|p1a: Haywire|44/100 psn
|-heal|p2a: Celebi|56/100|[from] drain|[of] p1a: Haywire
|move|p1a: Haywire|Volt Switch|p2a: Celebi
|-resisted|p2a: Celebi
|-damage|p2a: Celebi|35/100
|
|t:|1660322962
|switch|p1a: LC Uber|Sneasel, F, shiny|24/100 psn|[from]move: Volt Switch
|
|-damage|p1a: LC Uber|12/100 psn|[from] psn
|upkeep
|turn|28
|
|t:|1660322972
|switch|p2a: Steelix|Steelix, F|100/100
|-singleturn|p1a: LC Uber|move: Focus Punch
|move|p1a: LC Uber|Focus Punch|p2a: Steelix
|-supereffective|p2a: Steelix
|-damage|p2a: Steelix|23/100
|
|-heal|p2a: Steelix|29/100|[from] item: Leftovers
|-damage|p1a: LC Uber|0 fnt|[from] psn
|faint|p1a: LC Uber
|upkeep
|c|☆Anderson .Packed|Nice
|
|t:|1660322984
|switch|p1a: Lando|Flygon, F, shiny|34/100
|turn|29
|c|☆KesslerMacGrath|ty
|
|t:|1660322993
|move|p1a: Lando|Earthquake|p2a: Steelix
|-supereffective|p2a: Steelix
|-damage|p2a: Steelix|0 fnt
|faint|p2a: Steelix
|
|upkeep
|
|t:|1660322995
|switch|p2a: Raikou|Raikou|34/100
|turn|30
|
|t:|1660322999
|move|p2a: Raikou|Scald|p1a: Lando
|-crit|p1a: Lando
|-damage|p1a: Lando|0 fnt
|faint|p1a: Lando
|
|upkeep
|
|t:|1660323001
|switch|p1a: Minecraft Golem|Registeel, shiny|86/100 brn
|turn|31
|
|t:|1660323010
|switch|p2a: Celebi|Celebi, shiny|35/100
|move|p1a: Minecraft Golem|Curse|p1a: Minecraft Golem
|-unboost|p1a: Minecraft Golem|spe|1
|-boost|p1a: Minecraft Golem|atk|1
|-boost|p1a: Minecraft Golem|def|1
|
|-heal|p1a: Minecraft Golem|92/100 brn|[from] item: Leftovers
|-damage|p1a: Minecraft Golem|86/100 brn|[from] brn
|upkeep
|turn|32
|
|t:|1660323015
|move|p2a: Celebi|Earth Power|p1a: Minecraft Golem
|-supereffective|p1a: Minecraft Golem
|-damage|p1a: Minecraft Golem|59/100 brn
|move|p1a: Minecraft Golem|Curse|p1a: Minecraft Golem
|-unboost|p1a: Minecraft Golem|spe|1
|-boost|p1a: Minecraft Golem|atk|1
|-boost|p1a: Minecraft Golem|def|1
|
|-heal|p1a: Minecraft Golem|65/100 brn|[from] item: Leftovers
|-damage|p1a: Minecraft Golem|59/100 brn|[from] brn
|upkeep
|turn|33
|
|t:|1660323021
|move|p2a: Celebi|Earth Power|p1a: Minecraft Golem
|-supereffective|p1a: Minecraft Golem
|-damage|p1a: Minecraft Golem|34/100 brn
|move|p1a: Minecraft Golem|Rest|p1a: Minecraft Golem
|-status|p1a: Minecraft Golem|slp|[from] move: Rest
|-heal|p1a: Minecraft Golem|100/100 slp|[silent]
|
|upkeep
|turn|34
|
|t:|1660323026
|move|p2a: Celebi|Nasty Plot|p2a: Celebi
|-boost|p2a: Celebi|spa|2
|cant|p1a: Minecraft Golem|slp
|
|upkeep
|turn|35
|
|t:|1660323029
|move|p2a: Celebi|Earth Power|p1a: Minecraft Golem
|-supereffective|p1a: Minecraft Golem
|-damage|p1a: Minecraft Golem|49/100 slp
|cant|p1a: Minecraft Golem|slp
|
|-heal|p1a: Minecraft Golem|55/100 slp|[from] item: Leftovers
|upkeep
|turn|36
|
|t:|1660323032
|move|p2a: Celebi|Earth Power|p1a: Minecraft Golem
|-supereffective|p1a: Minecraft Golem
|-damage|p1a: Minecraft Golem|3/100 slp
|-curestatus|p1a: Minecraft Golem|slp|[msg]
|move|p1a: Minecraft Golem|Iron Head|p2a: Celebi
|-damage|p2a: Celebi|0 fnt
|faint|p2a: Celebi
|
|-heal|p1a: Minecraft Golem|9/100|[from] item: Leftovers
|upkeep
|
|t:|1660323041
|switch|p2a: Raikou|Raikou|34/100
|turn|37
|
|t:|1660323046
|move|p2a: Raikou|Scald|p1a: Minecraft Golem
|-damage|p1a: Minecraft Golem|0 fnt
|faint|p1a: Minecraft Golem
|
|upkeep
|
|t:|1660323048
|switch|p1a: Haywire|Xurkitree, shiny|44/100 psn
|turn|38
|c|☆KesslerMacGrath|gg
|c|☆Anderson .Packed|Gg
|
|t:|1660323055
|move|p2a: Raikou|Scald|p1a: Haywire
|-damage|p1a: Haywire|6/100 psn
|move|p1a: Haywire|Energy Ball|p2a: Raikou
|-damage|p2a: Raikou|0 fnt
|faint|p2a: Raikou
|-ability|p1a: Haywire|Beast Boost|boost
|-boost|p1a: Haywire|spa|1
|
|-damage|p1a: Haywire|0 fnt|[from] psn
|faint|p1a: Haywire
|
|win|Anderson .Packed
|upkeep
|raw|KesslerMacGrath's rating: 1364 &rarr; <strong>1350</strong><br />(-14 for losing)
|raw|Anderson .Packed's rating: 1479 &rarr; <strong>1493</strong><br />(+14 for winning)
|l|☆KesslerMacGrath
