|j|☆yOuRwElCoMeThAnk
|j|☆its oyster time
|inactive|Battle timer is ON: inactive players will automatically lose when time's up.
|t:|1660239516
|gametype|singles
|player|p1|yOuRwElCoMeThAnk|hiker-gen4|
|player|p2|its oyster time|birdkeeper-gen6|
|teamsize|p1|6
|teamsize|p2|6
|gen|8
|tier|[Gen 8] RU
|rated|Tournament battle
|rule|Sleep Clause Mod: Limit one foe put to sleep
|rule|Species Clause: Limit one of each Pokémon
|rule|OHKO Clause: OHKO moves are banned
|rule|Evasion Items Clause: Evasion items are banned
|rule|Evasion Moves Clause: Evasion moves are banned
|rule|Endless Battle Clause: Forcing endless battles is banned
|rule|HP Percentage Mod: HP is shown in percentages
|rule|Dynamax Clause: You cannot dynamax
|clearpoke
|poke|p1|Golisopod, M|
|poke|p1|Sneasel, M|
|poke|p1|Steelix, F|
|poke|p1|Roserade, F|
|poke|p1|Crobat, M|
|poke|p1|Incineroar, F|
|poke|p2|Alcremie, F|
|poke|p2|Scrafty, F|
|poke|p2|Rotom-Mow|
|poke|p2|Nidoqueen, F|
|poke|p2|Milotic, F|
|poke|p2|Metagross|
|teampreview
|inactive|its oyster time also wants the timer to be on.
|
|t:|1660239538
|start
|switch|p1a: Golisopod|Golisopod, M|100/100
|switch|p2a: Scrafty|Scrafty, F|100/100
|turn|1
|
|t:|1660239546
|switch|p2a: Alcremie|Alcremie, F|100/100
|move|p1a: Golisopod|Leech Life|p2a: Alcremie
|-resisted|p2a: Alcremie
|-damage|p2a: Alcremie|81/100
|
|upkeep
|turn|2
|
|t:|1660239559
|switch|p2a: Milotic|Milotic, F|100/100
|move|p1a: Golisopod|Swords Dance|p1a: Golisopod
|-boost|p1a: Golisopod|atk|2
|
|upkeep
|turn|3
|
|t:|1660239571
|switch|p1a: Roserade|Roserade, F|100/100
|move|p2a: Milotic|Toxic|p1a: Roserade
|-immune|p1a: Roserade
|
|upkeep
|turn|4
|
|t:|1660239579
|switch|p2a: Metagross|Metagross|100/100
|move|p1a: Roserade|Spikes|p2a: Metagross
|-sidestart|p2: its oyster time|Spikes
|
|upkeep
|turn|5
|
|t:|1660239589
|switch|p1a: Crobat|Crobat, M|100/100
|move|p2a: Metagross|Stealth Rock|p1a: Crobat
|-sidestart|p1: yOuRwElCoMeThAnk|move: Stealth Rock
|
|upkeep
|turn|6
|
|t:|1660239595
|move|p1a: Crobat|U-turn|p2a: Metagross
|-damage|p2a: Metagross|87/100
|
|t:|1660239597
|switch|p1a: Golisopod|Golisopod, M|100/100|[from]move: U-turn
|move|p2a: Metagross|Meteor Mash|p1a: Golisopod
|-resisted|p1a: Golisopod
|-damage|p1a: Golisopod|81/100
|
|-heal|p2a: Metagross|93/100|[from] item: Leftovers
|upkeep
|turn|7
|
|t:|1660239604
|move|p2a: Metagross|Toxic|p1a: Golisopod|[miss]
|-miss|p2a: Metagross|p1a: Golisopod
|move|p1a: Golisopod|Leech Life|p2a: Metagross
|-damage|p2a: Metagross|60/100
|-heal|p1a: Golisopod|99/100|[from] drain|[of] p2a: Metagross
|
|-heal|p2a: Metagross|66/100|[from] item: Leftovers
|upkeep
|turn|8
|
|t:|1660239611
|move|p2a: Metagross|Toxic|p1a: Golisopod
|-status|p1a: Golisopod|tox
|move|p1a: Golisopod|Swords Dance|p1a: Golisopod
|-boost|p1a: Golisopod|atk|2
|
|-heal|p2a: Metagross|72/100|[from] item: Leftovers
|-damage|p1a: Golisopod|94/100 tox|[from] psn
|upkeep
|turn|9
|
|t:|1660239615
|switch|p2a: Alcremie|Alcremie, F|81/100
|-damage|p2a: Alcremie|69/100|[from] Spikes
|move|p1a: Golisopod|Leech Life|p2a: Alcremie
|-resisted|p2a: Alcremie
|-damage|p2a: Alcremie|28/100
|-heal|p1a: Golisopod|100/100 tox|[from] drain|[of] p2a: Alcremie
|
|-damage|p1a: Golisopod|88/100 tox|[from] psn
|upkeep
|turn|10
|
|t:|1660239623
|move|p1a: Golisopod|Leech Life|p2a: Alcremie
|-resisted|p2a: Alcremie
|-damage|p2a: Alcremie|0 fnt
|-heal|p1a: Golisopod|100/100 tox|[from] drain|[of] p2a: Alcremie
|faint|p2a: Alcremie
|
|-damage|p1a: Golisopod|82/100 tox|[from] psn
|upkeep
|
|t:|1660239625
|switch|p2a: Rotom|Rotom-Mow|100/100
|turn|11
|
|t:|1660239634
|switch|p1a: Roserade|Roserade, F|100/100
|move|p2a: Rotom|Trick|p1a: Roserade
|-activate|p2a: Rotom|move: Trick|[of] p1a: Roserade
|-item|p1a: Roserade|Choice Scarf|[from] move: Trick
|-item|p2a: Rotom|Heavy-Duty Boots|[from] move: Trick
|
|upkeep
|turn|12
|
|t:|1660239640
|switch|p2a: Metagross|Metagross|72/100
|-damage|p2a: Metagross|60/100|[from] Spikes
|move|p1a: Roserade|Sludge Bomb|p2a: Metagross
|-immune|p2a: Metagross
|
|-heal|p2a: Metagross|66/100|[from] item: Leftovers
|upkeep
|turn|13
|
|t:|1660239646
|switch|p1a: Golisopod|Golisopod, M|82/100 tox
|move|p2a: Metagross|Earthquake|p1a: Golisopod
|-resisted|p1a: Golisopod
|-damage|p1a: Golisopod|68/100 tox
|
|-heal|p2a: Metagross|72/100|[from] item: Leftovers
|-damage|p1a: Golisopod|62/100 tox|[from] psn
|upkeep
|turn|14
|
|t:|1660239651
|move|p1a: Golisopod|First Impression|p2a: Metagross
|-damage|p2a: Metagross|35/100
|move|p2a: Metagross|Meteor Mash|p1a: Golisopod
|-resisted|p1a: Golisopod
|-damage|p1a: Golisopod|42/100 tox
|-boost|p2a: Metagross|atk|1
|-activate|p1a: Golisopod|ability: Emergency Exit
|
|t:|1660239659
|switch|p1a: Sneasel|Sneasel, M|100/100
|
|-heal|p2a: Metagross|41/100|[from] item: Leftovers
|upkeep
|turn|15
|
|t:|1660239667
|switch|p2a: Milotic|Milotic, F|100/100
|-damage|p2a: Milotic|88/100|[from] Spikes
|move|p1a: Sneasel|Knock Off|p2a: Milotic
|-damage|p2a: Milotic|56/100
|-enditem|p2a: Milotic|Leftovers|[from] move: Knock Off|[of] p1a: Sneasel
|
|upkeep
|turn|16
|
|t:|1660239677
|switch|p1a: Incineroar|Incineroar, F|100/100
|-ability|p1a: Incineroar|Intimidate|boost
|-unboost|p2a: Milotic|atk|1
|move|p2a: Milotic|Recover|p2a: Milotic
|-heal|p2a: Milotic|100/100
|
|upkeep
|turn|17
|
|t:|1660239682
|move|p2a: Milotic|Flip Turn|p1a: Incineroar
|-supereffective|p1a: Incineroar
|-damage|p1a: Incineroar|87/100
|
|t:|1660239686
|switch|p2a: Scrafty|Scrafty, F|100/100|[from]move: Flip Turn
|-damage|p2a: Scrafty|88/100|[from] Spikes
|move|p1a: Incineroar|Knock Off|p2a: Scrafty
|-resisted|p2a: Scrafty
|-damage|p2a: Scrafty|77/100
|-enditem|p2a: Scrafty|Leftovers|[from] move: Knock Off|[of] p1a: Incineroar
|
|upkeep
|turn|18
|
|t:|1660239696
|switch|p1a: Roserade|Roserade, F|100/100
|-damage|p1a: Roserade|88/100|[from] Stealth Rock
|move|p2a: Scrafty|Dragon Dance|p2a: Scrafty
|-boost|p2a: Scrafty|atk|1
|-boost|p2a: Scrafty|spe|1
|
|upkeep
|turn|19
|
|t:|1660239699
|move|p1a: Roserade|Sludge Bomb|p2a: Scrafty
|-damage|p2a: Scrafty|34/100
|move|p2a: Scrafty|Dragon Dance|p2a: Scrafty
|-boost|p2a: Scrafty|atk|1
|-boost|p2a: Scrafty|spe|1
|
|upkeep
|turn|20
|
|t:|1660239704
|move|p2a: Scrafty|Knock Off|p1a: Roserade
|-damage|p1a: Roserade|0 fnt
|-enditem|p1a: Roserade|Choice Scarf|[from] move: Knock Off|[of] p2a: Scrafty
|faint|p1a: Roserade
|
|upkeep
|
|t:|1660239707
|switch|p1a: Golisopod|Golisopod, M|42/100 tox
|turn|21
|
|t:|1660239711
|switch|p2a: Nidoqueen|Nidoqueen, F|100/100
|-damage|p2a: Nidoqueen|88/100|[from] Spikes
|move|p1a: Golisopod|First Impression|p2a: Nidoqueen
|-resisted|p2a: Nidoqueen
|-damage|p2a: Nidoqueen|60/100
|
|-heal|p2a: Nidoqueen|66/100|[from] item: Black Sludge
|-damage|p1a: Golisopod|36/100 tox|[from] psn
|upkeep
|turn|22
|j| ouatia
|l| ouatia
|
|t:|1660239732
|switch|p1a: Steelix|Steelix, F|100/100
|-damage|p1a: Steelix|97/100|[from] Stealth Rock
|move|p2a: Nidoqueen|Sludge Wave|p1a: Steelix
|-immune|p1a: Steelix
|
|-heal|p2a: Nidoqueen|72/100|[from] item: Black Sludge
|-heal|p1a: Steelix|100/100|[from] item: Leftovers
|upkeep
|turn|23
|
|t:|1660239740
|move|p2a: Nidoqueen|Earth Power|p1a: Steelix
|-supereffective|p1a: Steelix
|-damage|p1a: Steelix|20/100
|move|p1a: Steelix|Earthquake|p2a: Nidoqueen
|-supereffective|p2a: Nidoqueen
|-damage|p2a: Nidoqueen|5/100
|
|-heal|p2a: Nidoqueen|11/100|[from] item: Black Sludge
|-heal|p1a: Steelix|26/100|[from] item: Leftovers
|upkeep
|turn|24
|
|t:|1660239748
|move|p2a: Nidoqueen|Earth Power|p1a: Steelix
|-supereffective|p1a: Steelix
|-damage|p1a: Steelix|0 fnt
|faint|p1a: Steelix
|
|-heal|p2a: Nidoqueen|17/100|[from] item: Black Sludge
|upkeep
|
|t:|1660239756
|switch|p1a: Sneasel|Sneasel, M|100/100
|turn|25
|
|t:|1660239760
|switch|p2a: Milotic|Milotic, F|100/100
|-damage|p2a: Milotic|88/100|[from] Spikes
|move|p1a: Sneasel|Knock Off|p2a: Milotic
|-damage|p2a: Milotic|65/100
|
|upkeep
|turn|26
|
|t:|1660239765
|switch|p1a: Incineroar|Incineroar, F|87/100
|-ability|p1a: Incineroar|Intimidate|boost
|-unboost|p2a: Milotic|atk|1
|move|p2a: Milotic|Recover|p2a: Milotic
|-heal|p2a: Milotic|100/100
|
|upkeep
|turn|27
|
|t:|1660239770
|move|p2a: Milotic|Scald|p1a: Incineroar
|-supereffective|p1a: Incineroar
|-damage|p1a: Incineroar|50/100
|move|p1a: Incineroar|U-turn|p2a: Milotic
|-damage|p2a: Milotic|86/100
|
|t:|1660239773
|switch|p1a: Crobat|Crobat, M|100/100|[from]move: U-turn
|
|upkeep
|turn|28
|
|t:|1660239777
|move|p1a: Crobat|Brave Bird|p2a: Milotic
|-damage|p2a: Milotic|50/100
|-damage|p1a: Crobat|87/100|[from] Recoil
|move|p2a: Milotic|Scald|p1a: Crobat
|-damage|p1a: Crobat|53/100
|
|upkeep
|turn|29
|j| ouatia
|
|t:|1660239784
|move|p1a: Crobat|Taunt|p2a: Milotic
|-start|p2a: Milotic|move: Taunt
|cant|p2a: Milotic|move: Taunt|Recover
|
|upkeep
|turn|30
|
|t:|1660239800
|switch|p2a: Scrafty|Scrafty, F|34/100
|-damage|p2a: Scrafty|22/100|[from] Spikes
|move|p1a: Crobat|U-turn|p2a: Scrafty
|-crit|p2a: Scrafty
|-damage|p2a: Scrafty|0 fnt
|faint|p2a: Scrafty
|
|t:|1660239808
|switch|p1a: Golisopod|Golisopod, M|36/100 tox|[from]move: U-turn
|
|-damage|p1a: Golisopod|30/100 tox|[from] psn
|upkeep
|
|t:|1660239816
|switch|p2a: Milotic|Milotic, F|50/100
|-damage|p2a: Milotic|38/100|[from] Spikes
|turn|31
|
|t:|1660239821
|move|p1a: Golisopod|First Impression|p2a: Milotic
|-damage|p2a: Milotic|0 fnt
|faint|p2a: Milotic
|
|-damage|p1a: Golisopod|18/100 tox|[from] psn
|upkeep
|
|t:|1660239824
|switch|p2a: Nidoqueen|Nidoqueen, F|17/100
|-damage|p2a: Nidoqueen|5/100|[from] Spikes
|turn|32
|
|t:|1660239836
|switch|p1a: Incineroar|Incineroar, F|50/100
|-ability|p1a: Incineroar|Intimidate|boost
|-unboost|p2a: Nidoqueen|atk|1
|move|p2a: Nidoqueen|Sludge Wave|p1a: Incineroar
|-damage|p1a: Incineroar|20/100
|
|-heal|p2a: Nidoqueen|11/100|[from] item: Black Sludge
|upkeep
|turn|33
|
|t:|1660239843
|move|p2a: Nidoqueen|Sludge Wave|p1a: Incineroar
|-damage|p1a: Incineroar|0 fnt
|faint|p1a: Incineroar
|
|-heal|p2a: Nidoqueen|17/100|[from] item: Black Sludge
|upkeep
|
|t:|1660239846
|switch|p1a: Sneasel|Sneasel, M|100/100
|turn|34
|
|t:|1660239858
|move|p1a: Sneasel|Knock Off|p2a: Nidoqueen
|-damage|p2a: Nidoqueen|0 fnt
|-enditem|p2a: Nidoqueen|Black Sludge|[from] move: Knock Off|[of] p1a: Sneasel
|faint|p2a: Nidoqueen
|
|upkeep
|
|t:|1660239860
|switch|p2a: Rotom|Rotom-Mow|100/100
|turn|35
|
|t:|1660239866
|switch|p1a: Crobat|Crobat, M|53/100
|move|p2a: Rotom|Leaf Storm|p1a: Crobat
|-resisted|p1a: Crobat
|-damage|p1a: Crobat|37/100
|-unboost|p2a: Rotom|spa|2
|
|upkeep
|turn|36
|
|t:|1660239875
|move|p1a: Crobat|Brave Bird|p2a: Rotom
|-damage|p2a: Rotom|48/100
|-damage|p1a: Crobat|25/100|[from] Recoil
|move|p2a: Rotom|Volt Switch|p1a: Crobat
|-supereffective|p1a: Crobat
|-crit|p1a: Crobat
|-damage|p1a: Crobat|0 fnt
|faint|p1a: Crobat
|
|t:|1660239878
|switch|p2a: Metagross|Metagross|41/100|[from]move: Volt Switch
|-damage|p2a: Metagross|29/100|[from] Spikes
|
|-heal|p2a: Metagross|35/100|[from] item: Leftovers
|upkeep
|c|☆its oyster time|gg
|
|t:|1660239882
|switch|p1a: Sneasel|Sneasel, M|100/100
|turn|37
|c|☆yOuRwElCoMeThAnk|gg
|
|t:|1660239886
|move|p1a: Sneasel|Knock Off|p2a: Metagross
|-supereffective|p2a: Metagross
|-damage|p2a: Metagross|0 fnt
|-enditem|p2a: Metagross|Leftovers|[from] move: Knock Off|[of] p1a: Sneasel
|faint|p2a: Metagross
|
|upkeep
|
|t:|1660239888
|switch|p2a: Rotom|Rotom-Mow|48/100
|turn|38
|
|t:|1660239890
|move|p1a: Sneasel|Knock Off|p2a: Rotom
|-damage|p2a: Rotom|0 fnt
|-enditem|p2a: Rotom|Heavy-Duty Boots|[from] move: Knock Off|[of] p1a: Sneasel
|faint|p2a: Rotom
|
|win|yOuRwElCoMeThAnk
|n|☆yOuRwElCoMeThAnk|yourwelcomethank
|n|☆its oyster time|itsoystertime
|n| ouatia|ouatia
