|j|☆Testinganteater
|j|☆bahern
|t:|1659378241
|gametype|singles
|player|p1|Testinganteater|juggler|1344
|player|p2|bahern|169|1219
|teamsize|p1|6
|teamsize|p2|6
|gen|8
|tier|[Gen 8] RU
|rated|
|rule|Sleep Clause Mod: Limit one foe put to sleep
|rule|Species Clause: Limit one of each Pokémon
|rule|OHKO Clause: OHKO moves are banned
|rule|Evasion Moves Clause: Evasion moves are banned
|rule|Endless Battle Clause: Forcing endless battles is banned
|rule|HP Percentage Mod: HP is shown in percentages
|rule|Dynamax Clause: You cannot dynamax
|clearpoke
|poke|p1|Gardevoir, F|
|poke|p1|Heracross, M|
|poke|p1|Flygon, M|
|poke|p1|Bronzong|
|poke|p1|Heliolisk, M|
|poke|p1|Golisopod, M|
|poke|p2|Cloyster, F|
|poke|p2|Nidoqueen, F|
|poke|p2|Milotic, M|
|poke|p2|Rhyperior, M|
|poke|p2|Lucario, F|
|poke|p2|Incineroar, M|
|teampreview
|c|☆Testinganteater|Glhf
|c|☆bahern|u2
|
|t:|1659378259
|start
|switch|p1a: Flygon|Flygon, M, shiny|100/100
|switch|p2a: Incineroar|Incineroar, M|100/100
|-ability|p2a: Incineroar|Intimidate|boost
|-unboost|p1a: Flygon|atk|1
|turn|1
|
|t:|1659378288
|move|p2a: Incineroar|Parting Shot|p1a: Flygon
|-unboost|p1a: Flygon|atk|1
|-unboost|p1a: Flygon|spa|1
|
|t:|1659378299
|switch|p2a: Cloyster|Cloyster, F|100/100|[from]move: Parting Shot
|move|p1a: Flygon|Earthquake|p2a: Cloyster
|-damage|p2a: Cloyster|83/100
|
|upkeep
|turn|2
|
|t:|1659378316
|move|p1a: Flygon|U-turn|p2a: Cloyster
|-damage|p2a: Cloyster|75/100
|
|t:|1659378326
|switch|p1a: Bronzong|Bronzong|100/100|[from]move: U-turn
|move|p2a: Cloyster|Shell Smash|p2a: Cloyster
|-unboost|p2a: Cloyster|def|1
|-unboost|p2a: Cloyster|spd|1
|-boost|p2a: Cloyster|atk|2
|-boost|p2a: Cloyster|spa|2
|-boost|p2a: Cloyster|spe|2
|
|upkeep
|turn|3
|
|t:|1659378337
|move|p2a: Cloyster|Icicle Spear|p1a: Bronzong
|-resisted|p1a: Bronzong
|-damage|p1a: Bronzong|86/100
|-resisted|p1a: Bronzong
|-damage|p1a: Bronzong|73/100
|-resisted|p1a: Bronzong
|-crit|p1a: Bronzong
|-damage|p1a: Bronzong|51/100
|-resisted|p1a: Bronzong
|-damage|p1a: Bronzong|37/100
|-resisted|p1a: Bronzong
|-damage|p1a: Bronzong|24/100
|-hitcount|p1a: Bronzong|5
|-damage|p2a: Cloyster|65/100|[from] item: Life Orb
|move|p1a: Bronzong|Gyro Ball|p2a: Cloyster
|-damage|p2a: Cloyster|5/100
|
|-heal|p1a: Bronzong|30/100|[from] item: Leftovers
|upkeep
|turn|4
|
|t:|1659378368
|move|p2a: Cloyster|Icicle Spear|p1a: Bronzong
|-resisted|p1a: Bronzong
|-damage|p1a: Bronzong|17/100
|-resisted|p1a: Bronzong
|-damage|p1a: Bronzong|4/100
|-resisted|p1a: Bronzong
|-damage|p1a: Bronzong|0 fnt
|faint|p1a: Bronzong
|-hitcount|p1: Bronzong|3
|-damage|p2a: Cloyster|0 fnt|[from] item: Life Orb
|faint|p2a: Cloyster
|
|upkeep
|
|t:|1659378376
|switch|p2a: Incineroar|Incineroar, M|100/100
|switch|p1a: Flygon|Flygon, M, shiny|100/100
|-ability|p2a: Incineroar|Intimidate|boost
|-unboost|p1a: Flygon|atk|1
|turn|5
|
|t:|1659378386
|move|p2a: Incineroar|Parting Shot|p1a: Flygon
|-unboost|p1a: Flygon|atk|1
|-unboost|p1a: Flygon|spa|1
|
|t:|1659378389
|switch|p2a: Milotic|Milotic, M, shiny|100/100|[from]move: Parting Shot
|move|p1a: Flygon|U-turn|p2a: Milotic
|-damage|p2a: Milotic|91/100
|
|t:|1659378393
|switch|p1a: Heliolisk|Heliolisk, M|100/100|[from]move: U-turn
|
|-status|p2a: Milotic|brn|[from] item: Flame Orb
|upkeep
|turn|6
|
|t:|1659378436
|switch|p2a: Rhyperior|Rhyperior, M|100/100
|move|p1a: Heliolisk|U-turn|p2a: Rhyperior
|-damage|p2a: Rhyperior|94/100
|
|t:|1659378446
|switch|p1a: Heracross|Heracross, M|100/100|[from]move: U-turn
|
|-status|p1a: Heracross|brn|[from] item: Flame Orb
|upkeep
|turn|7
|
|t:|1659378452
|move|p1a: Heracross|Close Combat|p2a: Rhyperior
|-supereffective|p2a: Rhyperior
|-damage|p2a: Rhyperior|4/100
|-unboost|p1a: Heracross|def|1
|-unboost|p1a: Heracross|spd|1
|-enditem|p2a: Rhyperior|Weakness Policy
|-boost|p2a: Rhyperior|atk|2|[from] item: Weakness Policy
|-boost|p2a: Rhyperior|spa|2|[from] item: Weakness Policy
|move|p2a: Rhyperior|Rock Polish|p2a: Rhyperior
|-boost|p2a: Rhyperior|spe|2
|
|-damage|p1a: Heracross|95/100 brn|[from] brn
|upkeep
|turn|8
|inactive|Battle timer is ON: inactive players will automatically lose when time's up. (requested by Testinganteater)
|
|t:|1659378523
|switch|p1a: Gardevoir|Gardevoir, F, shiny|100/100
|-ability|p1a: Gardevoir|Solid Rock|[from] ability: Trace|[of] p2a: Rhyperior
|move|p2a: Rhyperior|Rock Slide|p1a: Gardevoir
|-damage|p1a: Gardevoir|0 fnt
|faint|p1a: Gardevoir
|
|upkeep
|
|t:|1659378531
|switch|p1a: Golisopod|Golisopod, M|100/100
|turn|9
|
|t:|1659378559
|switch|p2a: Milotic|Milotic, M, shiny|91/100 brn
|move|p1a: Golisopod|Aqua Jet|p2a: Milotic
|-resisted|p2a: Milotic
|-damage|p2a: Milotic|83/100 brn
|
|-damage|p2a: Milotic|77/100 brn|[from] brn
|upkeep
|turn|10
|
|t:|1659378567
|switch|p1a: Heliolisk|Heliolisk, M|100/100
|move|p2a: Milotic|Scald|p1a: Heliolisk
|-immune|p1a: Heliolisk|[from] ability: Dry Skin
|
|-damage|p2a: Milotic|71/100 brn|[from] brn
|upkeep
|turn|11
|
|t:|1659378579
|switch|p2a: Rhyperior|Rhyperior, M|4/100
|move|p1a: Heliolisk|U-turn|p2a: Rhyperior
|-damage|p2a: Rhyperior|0 fnt
|faint|p2a: Rhyperior
|
|t:|1659378583
|switch|p1a: Flygon|Flygon, M, shiny|100/100|[from]move: U-turn
|
|upkeep
|
|t:|1659378595
|switch|p2a: Nidoqueen|Nidoqueen, F, shiny|100/100
|turn|12
|
|t:|1659378621
|switch|p1a: Heracross|Heracross, M|95/100 brn
|move|p2a: Nidoqueen|Toxic||[still]
|-fail|p2a: Nidoqueen
|
|-damage|p1a: Heracross|89/100 brn|[from] brn
|upkeep
|turn|13
|
|t:|1659378635
|move|p1a: Heracross|Facade|p2a: Nidoqueen
|-damage|p2a: Nidoqueen|47/100
|move|p2a: Nidoqueen|Stealth Rock|p1a: Heracross
|-sidestart|p1: Testinganteater|move: Stealth Rock
|
|-heal|p2a: Nidoqueen|53/100|[from] item: Leftovers
|-damage|p1a: Heracross|83/100 brn|[from] brn
|upkeep
|turn|14
|
|t:|1659378649
|switch|p2a: Incineroar|Incineroar, M|100/100
|-ability|p2a: Incineroar|Intimidate|boost
|-unboost|p1a: Heracross|atk|1
|move|p1a: Heracross|Facade|p2a: Incineroar
|-damage|p2a: Incineroar|45/100
|
|-damage|p1a: Heracross|77/100 brn|[from] brn
|upkeep
|turn|15
|
|t:|1659378667
|move|p2a: Incineroar|Parting Shot|p1a: Heracross
|-unboost|p1a: Heracross|atk|1
|-unboost|p1a: Heracross|spa|1
|
|t:|1659378669
|switch|p2a: Milotic|Milotic, M, shiny|71/100 brn|[from]move: Parting Shot
|move|p1a: Heracross|Facade|p2a: Milotic
|-damage|p2a: Milotic|44/100 brn
|
|-damage|p1a: Heracross|71/100 brn|[from] brn
|-damage|p2a: Milotic|38/100 brn|[from] brn
|upkeep
|turn|16
|
|t:|1659378691
|move|p1a: Heracross|Close Combat|p2a: Milotic
|-damage|p2a: Milotic|5/100 brn
|-unboost|p1a: Heracross|def|1
|-unboost|p1a: Heracross|spd|1
|move|p2a: Milotic|Recover|p2a: Milotic
|-heal|p2a: Milotic|55/100 brn
|
|-damage|p1a: Heracross|65/100 brn|[from] brn
|-damage|p2a: Milotic|48/100 brn|[from] brn
|upkeep
|turn|17
|
|t:|1659378705
|switch|p1a: Heliolisk|Heliolisk, M|100/100
|move|p2a: Milotic|Recover|p2a: Milotic
|-heal|p2a: Milotic|98/100 brn
|
|-damage|p2a: Milotic|92/100 brn|[from] brn
|upkeep
|turn|18
|
|t:|1659378712
|switch|p2a: Lucario|Lucario, F|100/100
|move|p1a: Heliolisk|Hyper Voice|p2a: Lucario
|-resisted|p2a: Lucario
|-damage|p2a: Lucario|70/100
|
|upkeep
|turn|19
|
|t:|1659378727
|move|p1a: Heliolisk|U-turn|p2a: Lucario
|-resisted|p2a: Lucario
|-damage|p2a: Lucario|66/100
|
|t:|1659378733
|switch|p1a: Heracross|Heracross, M|65/100 brn|[from]move: U-turn
|-damage|p1a: Heracross|52/100 brn|[from] Stealth Rock
|move|p2a: Lucario|Aura Sphere|p1a: Heracross
|-resisted|p1a: Heracross
|-damage|p1a: Heracross|20/100 brn
|
|-damage|p1a: Heracross|14/100 brn|[from] brn
|upkeep
|turn|20
|
|t:|1659378742
|move|p2a: Lucario|Aura Sphere|p1a: Heracross
|-resisted|p1a: Heracross
|-damage|p1a: Heracross|0 fnt
|faint|p1a: Heracross
|
|upkeep
|
|t:|1659378746
|switch|p1a: Flygon|Flygon, M, shiny|100/100
|-damage|p1a: Flygon|94/100|[from] Stealth Rock
|turn|21
|
|t:|1659378758
|switch|p2a: Milotic|Milotic, M, shiny|92/100 brn
|move|p1a: Flygon|U-turn|p2a: Milotic
|-damage|p2a: Milotic|80/100 brn
|
|t:|1659378760
|switch|p1a: Heliolisk|Heliolisk, M|100/100|[from]move: U-turn
|
|-damage|p2a: Milotic|74/100 brn|[from] brn
|upkeep
|turn|22
|
|t:|1659378769
|move|p1a: Heliolisk|Hyper Voice|p2a: Milotic
|-damage|p2a: Milotic|52/100 brn
|move|p2a: Milotic|Recover|p2a: Milotic
|-heal|p2a: Milotic|100/100 brn
|
|-damage|p2a: Milotic|94/100 brn|[from] brn
|upkeep
|turn|23
|
|t:|1659378782
|move|p1a: Heliolisk|Thunderbolt|p2a: Milotic
|-supereffective|p2a: Milotic
|-damage|p2a: Milotic|50/100 brn
|move|p2a: Milotic|Recover|p2a: Milotic
|-heal|p2a: Milotic|99/100 brn
|
|-damage|p2a: Milotic|94/100 brn|[from] brn
|upkeep
|turn|24
|
|t:|1659378792
|switch|p2a: Nidoqueen|Nidoqueen, F, shiny|53/100
|move|p1a: Heliolisk|Grass Knot|p2a: Nidoqueen
|-damage|p2a: Nidoqueen|29/100
|
|-heal|p2a: Nidoqueen|35/100|[from] item: Leftovers
|upkeep
|turn|25
|inactive|Testinganteater has 120 seconds left.
|
|t:|1659378843
|move|p1a: Heliolisk|U-turn|p2a: Nidoqueen
|-resisted|p2a: Nidoqueen
|-crit|p2a: Nidoqueen
|-damage|p2a: Nidoqueen|31/100
|
|t:|1659378846
|switch|p1a: Golisopod|Golisopod, M|100/100|[from]move: U-turn
|move|p2a: Nidoqueen|Toxic|p1a: Golisopod
|-status|p1a: Golisopod|tox
|
|-heal|p2a: Nidoqueen|37/100|[from] item: Leftovers
|-damage|p1a: Golisopod|95/100 tox|[from] psn
|upkeep
|turn|26
|
|t:|1659378861
|switch|p2a: Milotic|Milotic, M, shiny|94/100 brn
|move|p1a: Golisopod|Swords Dance|p1a: Golisopod
|-boost|p1a: Golisopod|atk|2
|
|-damage|p1a: Golisopod|83/100 tox|[from] psn
|-damage|p2a: Milotic|88/100 brn|[from] brn
|upkeep
|turn|27
|
|t:|1659378867
|move|p2a: Milotic|Haze|p2a: Milotic
|-clearallboost
|move|p1a: Golisopod|Leech Life|p2a: Milotic
|-damage|p2a: Milotic|54/100 brn
|-heal|p1a: Golisopod|100/100 tox|[from] drain|[of] p2a: Milotic
|
|-damage|p1a: Golisopod|83/100 tox|[from] psn
|-damage|p2a: Milotic|48/100 brn|[from] brn
|upkeep
|turn|28
|
|t:|1659378871
|switch|p1a: Heliolisk|Heliolisk, M|100/100
|move|p2a: Milotic|Recover|p2a: Milotic
|-heal|p2a: Milotic|98/100 brn
|
|-damage|p2a: Milotic|92/100 brn|[from] brn
|upkeep
|turn|29
|
|t:|1659378889
|switch|p2a: Nidoqueen|Nidoqueen, F, shiny|37/100
|move|p1a: Heliolisk|Hyper Voice|p2a: Nidoqueen
|-damage|p2a: Nidoqueen|0 fnt
|faint|p2a: Nidoqueen
|
|upkeep
|
|t:|1659378893
|switch|p2a: Lucario|Lucario, F|66/100
|turn|30
|
|t:|1659378909
|switch|p1a: Golisopod|Golisopod, M|83/100 tox
|move|p2a: Lucario|Aura Sphere|p1a: Golisopod
|-resisted|p1a: Golisopod
|-damage|p1a: Golisopod|50/100 tox
|-activate|p1a: Golisopod|ability: Emergency Exit
|
|t:|1659378912
|switch|p1a: Flygon|Flygon, M, shiny|94/100
|-damage|p1a: Flygon|88/100|[from] Stealth Rock
|
|upkeep
|turn|31
|
|t:|1659378934
|switch|p2a: Milotic|Milotic, M, shiny|92/100 brn
|move|p1a: Flygon|Earthquake|p2a: Milotic
|-damage|p2a: Milotic|64/100 brn
|
|-damage|p2a: Milotic|58/100 brn|[from] brn
|upkeep
|turn|32
|
|t:|1659378940
|move|p1a: Flygon|U-turn|p2a: Milotic
|-damage|p2a: Milotic|46/100 brn
|
|t:|1659378943
|switch|p1a: Heliolisk|Heliolisk, M|100/100|[from]move: U-turn
|move|p2a: Milotic|Ice Beam|p1a: Heliolisk
|-damage|p1a: Heliolisk|74/100
|
|-damage|p2a: Milotic|40/100 brn|[from] brn
|upkeep
|turn|33
|
|t:|1659378949
|switch|p2a: Incineroar|Incineroar, M|45/100
|-ability|p2a: Incineroar|Intimidate|boost
|-unboost|p1a: Heliolisk|atk|1
|move|p1a: Heliolisk|Thunderbolt|p2a: Incineroar
|-damage|p2a: Incineroar|1/100
|
|upkeep
|turn|34
|
|t:|1659378968
|switch|p1a: Golisopod|Golisopod, M|50/100 tox
|move|p2a: Incineroar|Close Combat|p1a: Golisopod
|-resisted|p1a: Golisopod
|-damage|p1a: Golisopod|34/100 tox
|-unboost|p2a: Incineroar|def|1
|-unboost|p2a: Incineroar|spd|1
|
|-damage|p1a: Golisopod|28/100 tox|[from] psn
|upkeep
|turn|35
|
|t:|1659378983
|switch|p2a: Milotic|Milotic, M, shiny|40/100 brn
|move|p1a: Golisopod|First Impression|p2a: Milotic
|-damage|p2a: Milotic|4/100 brn
|
|-damage|p1a: Golisopod|16/100 tox|[from] psn
|-damage|p2a: Milotic|0 fnt|[from] brn
|faint|p2a: Milotic
|upkeep
|
|t:|1659378992
|switch|p2a: Incineroar|Incineroar, M|1/100
|-ability|p2a: Incineroar|Intimidate|boost
|-unboost|p1a: Golisopod|atk|1
|turn|36
|
|t:|1659379016
|move|p1a: Golisopod|Aqua Jet|p2a: Incineroar
|-supereffective|p2a: Incineroar
|-damage|p2a: Incineroar|0 fnt
|faint|p2a: Incineroar
|
|-damage|p1a: Golisopod|0 fnt|[from] psn
|faint|p1a: Golisopod
|upkeep
|
|t:|1659379022
|switch|p2a: Lucario|Lucario, F|66/100
|switch|p1a: Flygon|Flygon, M, shiny|88/100
|-damage|p1a: Flygon|82/100|[from] Stealth Rock
|turn|37
|
|t:|1659379033
|move|p1a: Flygon|Earthquake|p2a: Lucario
|-supereffective|p2a: Lucario
|-damage|p2a: Lucario|0 fnt
|faint|p2a: Lucario
|
|win|Testinganteater
|raw|Testinganteater's rating: 1344 &rarr; <strong>1357</strong><br />(+13 for winning)
|raw|bahern's rating: 1219 &rarr; <strong>1203</strong><br />(-16 for losing)
|c|☆bahern|gg
|l|☆bahern
|c|☆Testinganteater|Gg
||Ladder isn't responding, score probably updated but might not have (Request timeout).
