|j|☆JaxLR
|j|☆literallyfreemoney
|t:|1625684459
|gametype|singles
|player|p1|JaxLR|156|1110
|player|p2|literallyfreemoney|17|1248
|teamsize|p1|6
|teamsize|p2|6
|gen|8
|tier|[Gen 8] RU
|rated|
|rule|Sleep Clause Mod: Limit one foe put to sleep
|rule|Species Clause: Limit one of each Pokémon
|rule|OHKO Clause: OHKO moves are banned
|rule|Evasion Moves Clause: Evasion moves are banned
|rule|Endless Battle Clause: Forcing endless battles is banned
|rule|HP Percentage Mod: HP is shown in percentages
|rule|Dynamax Clause: You cannot dynamax
|clearpoke
|poke|p1|Mienshao, F|
|poke|p1|Raikou|
|poke|p1|Quagsire, M|
|poke|p1|Umbreon, M|
|poke|p1|Metagross|
|poke|p1|Togekiss, F|
|poke|p2|Heracross, F|
|poke|p2|Steelix, M|
|poke|p2|Toxtricity, M|
|poke|p2|Crobat, M|
|poke|p2|Milotic, M|
|poke|p2|Gardevoir, M|
|teampreview
|
|t:|1625684479
|start
|switch|p1a: Metagross|Metagross|100/100
|switch|p2a: Guts|Heracross, F|100/100
|turn|1
|
|t:|1625684495
|move|p2a: Guts|Earthquake|p1a: Metagross
|-supereffective|p1a: Metagross
|-damage|p1a: Metagross|53/100
|move|p1a: Metagross|Stealth Rock|p2a: Guts
|-sidestart|p2: literallyfreemoney|move: Stealth Rock
|
|-heal|p1a: Metagross|59/100|[from] item: Leftovers
|-status|p2a: Guts|brn|[from] item: Flame Orb
|upkeep
|turn|2
|
|t:|1625684503
|switch|p1a: Togekiss|Togekiss, F|100/100
|move|p2a: Guts|Close Combat|p1a: Togekiss
|-resisted|p1a: Togekiss
|-damage|p1a: Togekiss|85/100
|-unboost|p2a: Guts|def|1
|-unboost|p2a: Guts|spd|1
|
|-damage|p2a: Guts|95/100 brn|[from] brn
|upkeep
|turn|3
|
|t:|1625684514
|move|p2a: Guts|Stone Edge|p1a: Togekiss
|-supereffective|p1a: Togekiss
|-damage|p1a: Togekiss|9/100
|move|p1a: Togekiss|Air Slash|p2a: Guts
|-supereffective|p2a: Guts
|-damage|p2a: Guts|0 fnt
|faint|p2a: Guts
|
|upkeep
|
|t:|1625684526
|switch|p2a: Toxtricity|Toxtricity, M|100/100
|-damage|p2a: Toxtricity|88/100|[from] Stealth Rock
|turn|4
|
|t:|1625684530
|switch|p1a: Umbreon|Umbreon, M|100/100
|move|p2a: Toxtricity|Boomburst|p1a: Umbreon
|-damage|p1a: Umbreon|49/100
|
|-heal|p1a: Umbreon|55/100|[from] item: Leftovers
|upkeep
|turn|5
|
|t:|1625684539
|move|p2a: Toxtricity|Boomburst|p1a: Umbreon
|-damage|p1a: Umbreon|5/100
|move|p1a: Umbreon|Wish|p1a: Umbreon
|
|-heal|p1a: Umbreon|11/100|[from] item: Leftovers
|upkeep
|turn|6
|
|t:|1625684545
|move|p1a: Umbreon|Protect|p1a: Umbreon
|-singleturn|p1a: Umbreon|Protect
|move|p2a: Toxtricity|Boomburst|p1a: Umbreon
|-activate|p1a: Umbreon|move: Protect
|
|-heal|p1a: Umbreon|61/100|[from] move: Wish|[wisher] Umbreon
|-heal|p1a: Umbreon|67/100|[from] item: Leftovers
|upkeep
|turn|7
|
|t:|1625684554
|move|p2a: Toxtricity|Boomburst|p1a: Umbreon
|-damage|p1a: Umbreon|19/100
|move|p1a: Umbreon|Wish|p1a: Umbreon
|
|-heal|p1a: Umbreon|25/100|[from] item: Leftovers
|upkeep
|turn|8
|
|t:|1625684560
|switch|p2a: Steelix|Steelix, M|100/100
|-damage|p2a: Steelix|97/100|[from] Stealth Rock
|move|p1a: Umbreon|Protect||[still]
|-fail|p1a: Umbreon
|
|-heal|p1a: Umbreon|75/100|[from] move: Wish|[wisher] Umbreon
|-heal|p1a: Umbreon|81/100|[from] item: Leftovers
|-heal|p2a: Steelix|100/100|[from] item: Leftovers
|upkeep
|turn|9
|
|t:|1625684577
|move|p1a: Umbreon|Wish|p1a: Umbreon
|move|p2a: Steelix|Stealth Rock|p1a: Umbreon
|-sidestart|p1: JaxLR|move: Stealth Rock
|
|-heal|p1a: Umbreon|87/100|[from] item: Leftovers
|upkeep
|turn|10
|
|t:|1625684590
|switch|p1a: Metagross|Metagross|59/100
|-damage|p1a: Metagross|53/100|[from] Stealth Rock
|move|p2a: Steelix|Earthquake|p1a: Metagross
|-supereffective|p1a: Metagross
|-damage|p1a: Metagross|5/100
|
|-heal|p1a: Metagross|59/100|[from] move: Wish|[wisher] Umbreon
|-heal|p1a: Metagross|65/100|[from] item: Leftovers
|upkeep
|turn|11
|
|t:|1625684601
|move|p1a: Metagross|Earthquake|p2a: Steelix
|-supereffective|p2a: Steelix
|-damage|p2a: Steelix|65/100
|move|p2a: Steelix|Earthquake|p1a: Metagross
|-supereffective|p1a: Metagross
|-damage|p1a: Metagross|17/100
|
|-heal|p1a: Metagross|23/100|[from] item: Leftovers
|-heal|p2a: Steelix|71/100|[from] item: Leftovers
|upkeep
|turn|12
|
|t:|1625684637
|switch|p1a: Togekiss|Togekiss, F|9/100
|move|p2a: Steelix|Earthquake|p1a: Togekiss
|-immune|p1a: Togekiss
|
|-heal|p2a: Steelix|77/100|[from] item: Leftovers
|upkeep
|turn|13
|
|t:|1625684649
|switch|p2a: Toxtricity|Toxtricity, M|88/100
|-damage|p2a: Toxtricity|76/100|[from] Stealth Rock
|move|p1a: Togekiss|Roost|p1a: Togekiss
|-heal|p1a: Togekiss|59/100
|-singleturn|p1a: Togekiss|move: Roost
|
|upkeep
|turn|14
|
|t:|1625684666
|switch|p1a: Umbreon|Umbreon, M|87/100
|-damage|p1a: Umbreon|75/100|[from] Stealth Rock
|move|p2a: Toxtricity|Boomburst|p1a: Umbreon
|-damage|p1a: Umbreon|23/100
|
|-heal|p1a: Umbreon|29/100|[from] item: Leftovers
|upkeep
|turn|15
|
|t:|1625684675
|move|p1a: Umbreon|Protect|p1a: Umbreon
|-singleturn|p1a: Umbreon|Protect
|move|p2a: Toxtricity|Boomburst|p1a: Umbreon
|-activate|p1a: Umbreon|move: Protect
|
|-heal|p1a: Umbreon|35/100|[from] item: Leftovers
|upkeep
|turn|16
|
|t:|1625684684
|switch|p1a: Metagross|Metagross|23/100
|-damage|p1a: Metagross|17/100|[from] Stealth Rock
|move|p2a: Toxtricity|Boomburst|p1a: Metagross
|-resisted|p1a: Metagross
|-damage|p1a: Metagross|0 fnt
|faint|p1a: Metagross
|
|upkeep
|
|t:|1625684708
|switch|p1a: Quagsire|Quagsire, M|100/100
|-damage|p1a: Quagsire|94/100|[from] Stealth Rock
|turn|17
|
|t:|1625684719
|switch|p2a: Milotic|Milotic, M|100/100
|-damage|p2a: Milotic|88/100|[from] Stealth Rock
|move|p1a: Quagsire|Earthquake|p2a: Milotic
|-damage|p2a: Milotic|66/100
|
|-heal|p1a: Quagsire|100/100|[from] item: Leftovers
|-status|p2a: Milotic|brn|[from] item: Flame Orb
|upkeep
|turn|18
|
|t:|1625684734
|switch|p1a: Umbreon|Umbreon, M|35/100
|-damage|p1a: Umbreon|23/100|[from] Stealth Rock
|move|p2a: Milotic|Flip Turn|p1a: Umbreon
|-damage|p1a: Umbreon|18/100
|
|t:|1625684737
|switch|p2a: Toxtricity|Toxtricity, M|76/100|[from]move: Flip Turn
|-damage|p2a: Toxtricity|63/100|[from] Stealth Rock
|
|-heal|p1a: Umbreon|24/100|[from] item: Leftovers
|upkeep
|turn|19
|
|t:|1625684749
|move|p2a: Toxtricity|Volt Switch|p1a: Umbreon
|-damage|p1a: Umbreon|0 fnt
|faint|p1a: Umbreon
|
|t:|1625684755
|switch|p2a: Gardevoir|Gardevoir, M|100/100|[from]move: Volt Switch
|-damage|p2a: Gardevoir|88/100|[from] Stealth Rock
|
|upkeep
|
|t:|1625684767
|switch|p1a: Raikou|Raikou|100/100
|-ability|p2a: Gardevoir|Pressure|[from] ability: Trace|[of] p1a: Raikou
|-ability|p2a: Gardevoir|Pressure
|-damage|p1a: Raikou|88/100|[from] Stealth Rock
|-ability|p1a: Raikou|Pressure
|turn|20
|
|t:|1625684776
|move|p2a: Gardevoir|Trick|p1a: Raikou
|-activate|p2a: Gardevoir|move: Trick|[of] p1a: Raikou
|-item|p1a: Raikou|Choice Scarf|[from] move: Trick
|-item|p2a: Gardevoir|Leftovers|[from] move: Trick
|move|p1a: Raikou|Calm Mind|p1a: Raikou
|-boost|p1a: Raikou|spa|1
|-boost|p1a: Raikou|spd|1
|
|-heal|p2a: Gardevoir|94/100|[from] item: Leftovers
|upkeep
|turn|21
|-message|JaxLR forfeited.
|
|win|literallyfreemoney
|l|☆JaxLR
|raw|JaxLR's rating: 1110 &rarr; <strong>1094</strong><br />(-16 for losing)
|raw|literallyfreemoney's rating: 1248 &rarr; <strong>1264</strong><br />(+16 for winning)
