|j|☆Glidinganteater
|j|☆MapleSizzurp
|t:|1622784515
|gametype|singles
|player|p1|Glidinganteater|palmer|1390
|player|p2|MapleSizzurp|kimonogirl|1436
|teamsize|p1|6
|teamsize|p2|6
|gen|8
|tier|[Gen 8] RU
|rated|
|rule|Sleep Clause Mod: Limit one foe put to sleep
|rule|Species Clause: Limit one of each Pokémon
|rule|OHKO Clause: OHKO moves are banned
|rule|Evasion Moves Clause: Evasion moves are banned
|rule|Endless Battle Clause: Forcing endless battles is banned
|rule|HP Percentage Mod: HP is shown in percentages
|rule|Dynamax Clause: You cannot dynamax
|clearpoke
|poke|p1|Cresselia, F|
|poke|p1|Diancie|
|poke|p1|Cobalion|
|poke|p1|Gastrodon, M|
|poke|p1|Golisopod, M|
|poke|p1|Dhelmise|
|poke|p2|Rhyperior, F|
|poke|p2|Togekiss, F|
|poke|p2|Milotic, F|
|poke|p2|Celebi|
|poke|p2|Raikou|
|poke|p2|Cobalion|
|teampreview
|inactive|Battle timer is ON: inactive players will automatically lose when time's up. (requested by Glidinganteater)
|
|t:|1622784560
|start
|switch|p1a: Dhelmise|Dhelmise|100/100
|switch|p2a: Togekiss|Togekiss, F|100/100
|turn|1
|
|t:|1622784586
|switch|p2a: Celebi|Celebi|100/100
|switch|p1a: Gastrodon|Gastrodon, M|100/100
|
|upkeep
|turn|2
|
|t:|1622784600
|switch|p1a: Dhelmise|Dhelmise|100/100
|move|p2a: Celebi|Stealth Rock|p1a: Dhelmise
|-sidestart|p1: Glidinganteater|move: Stealth Rock
|
|upkeep
|turn|3
|
|t:|1622784614
|move|p2a: Celebi|U-turn|p1a: Dhelmise
|-damage|p1a: Dhelmise|84/100
|
|t:|1622784617
|switch|p2a: Togekiss|Togekiss, F|100/100|[from]move: U-turn
|move|p1a: Dhelmise|Poltergeist|p2a: Togekiss
|-activate|p2a: Togekiss|move: Poltergeist|Heavy-Duty Boots
|-damage|p2a: Togekiss|45/100
|
|upkeep
|turn|4
|
|t:|1622784631
|switch|p1a: Diancie|Diancie|100/100
|-damage|p1a: Diancie|88/100|[from] Stealth Rock
|move|p2a: Togekiss|Roost|p2a: Togekiss
|-heal|p2a: Togekiss|95/100
|-singleturn|p2a: Togekiss|move: Roost
|
|-heal|p1a: Diancie|94/100|[from] item: Leftovers
|upkeep
|turn|5
|
|t:|1622784650
|switch|p2a: Cobalion|Cobalion|100/100
|move|p1a: Diancie|Toxic|p2a: Cobalion
|-immune|p2a: Cobalion
|
|-heal|p1a: Diancie|99/100|[from] item: Leftovers
|upkeep
|turn|6
|inactive|MapleSizzurp has 120 seconds left.
|
|t:|1622784669
|switch|p1a: Cobalion|Cobalion|100/100
|-damage|p1a: Cobalion|97/100|[from] Stealth Rock
|move|p2a: Cobalion|Iron Head|p1a: Cobalion
|-resisted|p1a: Cobalion
|-damage|p1a: Cobalion|84/100
|-damage|p2a: Cobalion|84/100|[from] item: Rocky Helmet|[of] p1a: Cobalion
|
|upkeep
|turn|7
|inactive|MapleSizzurp has 120 seconds left.
|
|t:|1622784689
|switch|p2a: Rhyperior|Rhyperior, F|100/100
|move|p1a: Cobalion|Volt Switch|p2a: Rhyperior
|-immune|p2a: Rhyperior
|
|upkeep
|turn|8
|inactive|MapleSizzurp has 120 seconds left.
|
|t:|1622784709
|switch|p1a: Dhelmise|Dhelmise|84/100
|move|p2a: Rhyperior|Substitute|p2a: Rhyperior
|-start|p2a: Rhyperior|Substitute
|-damage|p2a: Rhyperior|76/100
|
|-heal|p2a: Rhyperior|82/100|[from] item: Leftovers
|upkeep
|turn|9
|
|t:|1622784721
|move|p2a: Rhyperior|Stone Edge|p1a: Dhelmise
|-damage|p1a: Dhelmise|22/100
|move|p1a: Dhelmise|Rapid Spin|p2a: Rhyperior
|-resisted|p2a: Rhyperior
|-activate|p2a: Rhyperior|move: Substitute|[damage]
|-sideend|p1: Glidinganteater|Stealth Rock|[from] move: Rapid Spin|[of] p1a: Dhelmise
|-boost|p1a: Dhelmise|spe|1
|
|-heal|p2a: Rhyperior|88/100|[from] item: Leftovers
|upkeep
|turn|10
|
|t:|1622784733
|move|p1a: Dhelmise|Synthesis|p1a: Dhelmise
|-heal|p1a: Dhelmise|72/100
|move|p2a: Rhyperior|Stone Edge|p1a: Dhelmise
|-crit|p1a: Dhelmise
|-damage|p1a: Dhelmise|0 fnt
|faint|p1a: Dhelmise
|
|-heal|p2a: Rhyperior|94/100|[from] item: Leftovers
|upkeep
|
|t:|1622784741
|switch|p1a: Gastrodon|Gastrodon, M|100/100
|turn|11
|
|t:|1622784747
|move|p2a: Rhyperior|Earthquake|p1a: Gastrodon
|-damage|p1a: Gastrodon|58/100
|move|p1a: Gastrodon|Earth Power|p2a: Rhyperior
|-supereffective|p2a: Rhyperior
|-end|p2a: Rhyperior|Substitute
|
|-heal|p2a: Rhyperior|99/100|[from] item: Leftovers
|-heal|p1a: Gastrodon|64/100|[from] item: Leftovers
|upkeep
|turn|12
|inactive|MapleSizzurp has 120 seconds left.
|
|t:|1622784764
|switch|p2a: Celebi|Celebi|100/100
|move|p1a: Gastrodon|Ice Beam|p2a: Celebi
|-supereffective|p2a: Celebi
|-damage|p2a: Celebi|70/100
|
|-heal|p1a: Gastrodon|70/100|[from] item: Leftovers
|upkeep
|turn|13
|
|t:|1622784773
|switch|p1a: Cobalion|Cobalion|84/100
|move|p2a: Celebi|Stealth Rock|p1a: Cobalion
|-sidestart|p1: Glidinganteater|move: Stealth Rock
|
|upkeep
|turn|14
|inactive|MapleSizzurp has 120 seconds left.
|
|t:|1622784787
|switch|p2a: Milotic|Milotic, F|100/100
|move|p1a: Cobalion|Stealth Rock|p2a: Milotic
|-sidestart|p2: MapleSizzurp|move: Stealth Rock
|
|upkeep
|turn|15
|inactive|MapleSizzurp has 120 seconds left.
|
|t:|1622784801
|move|p1a: Cobalion|Close Combat|p2a: Milotic
|-damage|p2a: Milotic|65/100
|-unboost|p1a: Cobalion|def|1
|-unboost|p1a: Cobalion|spd|1
|move|p2a: Milotic|Toxic|p1a: Cobalion
|-immune|p1a: Cobalion
|
|-heal|p2a: Milotic|71/100|[from] item: Leftovers
|upkeep
|turn|16
|inactive|MapleSizzurp has 120 seconds left.
|
|t:|1622784814
|move|p1a: Cobalion|Volt Switch|p2a: Milotic
|-supereffective|p2a: Milotic
|-damage|p2a: Milotic|50/100
|
|t:|1622784821
|switch|p1a: Gastrodon|Gastrodon, M|70/100|[from]move: Volt Switch
|-damage|p1a: Gastrodon|64/100|[from] Stealth Rock
|move|p2a: Milotic|Toxic|p1a: Gastrodon
|-status|p1a: Gastrodon|tox
|
|-heal|p2a: Milotic|57/100|[from] item: Leftovers
|-heal|p1a: Gastrodon|70/100 tox|[from] item: Leftovers
|-damage|p1a: Gastrodon|64/100 tox|[from] psn
|upkeep
|turn|17
|inactive|MapleSizzurp has 120 seconds left.
|
|t:|1622784836
|switch|p2a: Celebi|Celebi|70/100
|switch|p1a: Cresselia|Cresselia, F, shiny|100/100
|-damage|p1a: Cresselia|88/100|[from] Stealth Rock
|
|-heal|p1a: Cresselia|94/100|[from] item: Leftovers
|upkeep
|turn|18
|inactive|MapleSizzurp has 120 seconds left.
|
|t:|1622784857
|move|p2a: Celebi|U-turn|p1a: Cresselia
|-supereffective|p1a: Cresselia
|-damage|p1a: Cresselia|77/100
|
|t:|1622784872
|switch|p2a: Rhyperior|Rhyperior, F|99/100|[from]move: U-turn
|-damage|p2a: Rhyperior|94/100|[from] Stealth Rock
|move|p1a: Cresselia|Substitute|p1a: Cresselia
|-start|p1a: Cresselia|Substitute
|-damage|p1a: Cresselia|52/100
|
|-heal|p1a: Cresselia|59/100|[from] item: Leftovers
|-heal|p2a: Rhyperior|99/100|[from] item: Leftovers
|upkeep
|turn|19
|
|t:|1622784882
|move|p1a: Cresselia|Calm Mind|p1a: Cresselia
|-boost|p1a: Cresselia|spa|1
|-boost|p1a: Cresselia|spd|1
|move|p2a: Rhyperior|Megahorn|p1a: Cresselia|[miss]
|-miss|p2a: Rhyperior|p1a: Cresselia
|
|-heal|p1a: Cresselia|65/100|[from] item: Leftovers
|-heal|p2a: Rhyperior|100/100|[from] item: Leftovers
|upkeep
|turn|20
|
|t:|1622784897
|move|p1a: Cresselia|Calm Mind|p1a: Cresselia
|-boost|p1a: Cresselia|spa|1
|-boost|p1a: Cresselia|spd|1
|move|p2a: Rhyperior|Megahorn|p1a: Cresselia
|-supereffective|p1a: Cresselia
|-end|p1a: Cresselia|Substitute
|
|-heal|p1a: Cresselia|71/100|[from] item: Leftovers
|upkeep
|turn|21
|
|t:|1622784909
|move|p1a: Cresselia|Substitute|p1a: Cresselia
|-start|p1a: Cresselia|Substitute
|-damage|p1a: Cresselia|46/100
|move|p2a: Rhyperior|Megahorn|p1a: Cresselia
|-supereffective|p1a: Cresselia
|-end|p1a: Cresselia|Substitute
|
|-heal|p1a: Cresselia|52/100|[from] item: Leftovers
|upkeep
|turn|22
|
|t:|1622784917
|move|p1a: Cresselia|Substitute|p1a: Cresselia
|-start|p1a: Cresselia|Substitute
|-damage|p1a: Cresselia|27/100
|move|p2a: Rhyperior|Megahorn|p1a: Cresselia
|-supereffective|p1a: Cresselia
|-end|p1a: Cresselia|Substitute
|
|-heal|p1a: Cresselia|33/100|[from] item: Leftovers
|upkeep
|turn|23
|inactive|MapleSizzurp has 120 seconds left.
|
|t:|1622784927
|move|p1a: Cresselia|Substitute|p1a: Cresselia
|-start|p1a: Cresselia|Substitute
|-damage|p1a: Cresselia|8/100
|move|p2a: Rhyperior|Megahorn|p1a: Cresselia|[miss]
|-miss|p2a: Rhyperior|p1a: Cresselia
|
|-heal|p1a: Cresselia|15/100|[from] item: Leftovers
|upkeep
|turn|24
|inactive|MapleSizzurp has 120 seconds left.
|
|t:|1622784944
|move|p1a: Cresselia|Stored Power|p2a: Rhyperior
|-damage|p2a: Rhyperior|28/100
|move|p2a: Rhyperior|Megahorn|p1a: Cresselia
|-supereffective|p1a: Cresselia
|-end|p1a: Cresselia|Substitute
|
|-heal|p1a: Cresselia|21/100|[from] item: Leftovers
|-heal|p2a: Rhyperior|34/100|[from] item: Leftovers
|upkeep
|turn|25
|inactive|MapleSizzurp has 120 seconds left.
|inactive|MapleSizzurp has 90 seconds left.
|
|t:|1622784990
|move|p1a: Cresselia|Stored Power|p2a: Rhyperior
|-damage|p2a: Rhyperior|0 fnt
|faint|p2a: Rhyperior
|
|-heal|p1a: Cresselia|27/100|[from] item: Leftovers
|upkeep
|
|t:|1622785010
|switch|p2a: Cobalion|Cobalion|84/100
|-damage|p2a: Cobalion|81/100|[from] Stealth Rock
|turn|26
|c|☆Glidinganteater|Sorry for fishing for the megahorn misses btw
|
|t:|1622785026
|move|p2a: Cobalion|Iron Head|p1a: Cresselia
|-damage|p1a: Cresselia|9/100
|move|p1a: Cresselia|Stored Power|p2a: Cobalion
|-damage|p2a: Cobalion|3/100
|
|-heal|p1a: Cresselia|15/100|[from] item: Leftovers
|upkeep
|turn|27
|
|t:|1622785043
|move|p2a: Cobalion|Iron Head|p1a: Cresselia
|-damage|p1a: Cresselia|0 fnt
|faint|p1a: Cresselia
|
|upkeep
|
|t:|1622785046
|switch|p1a: Golisopod|Golisopod, M|100/100
|turn|28
|c|☆MapleSizzurp|all good
|
|t:|1622785060
|move|p2a: Cobalion|Stone Edge|p1a: Golisopod
|-supereffective|p1a: Golisopod
|-damage|p1a: Golisopod|61/100
|move|p1a: Golisopod|Knock Off|p2a: Cobalion
|-resisted|p2a: Cobalion
|-damage|p2a: Cobalion|0 fnt
|-damage|p1a: Golisopod|45/100|[from] item: Rocky Helmet|[of] p2a: Cobalion
|-enditem|p2a: Cobalion|Rocky Helmet|[from] move: Knock Off|[of] p1a: Golisopod
|-activate|p1a: Golisopod|ability: Emergency Exit
|faint|p2a: Cobalion
|
|t:|1622785073
|switch|p1a: Cobalion|Cobalion|84/100
|-damage|p1a: Cobalion|81/100|[from] Stealth Rock
|
|upkeep
|
|t:|1622785093
|switch|p2a: Milotic|Milotic, F|57/100
|-damage|p2a: Milotic|44/100|[from] Stealth Rock
|turn|29
|
|t:|1622785111
|move|p1a: Cobalion|Volt Switch|p2a: Milotic
|-supereffective|p2a: Milotic
|-damage|p2a: Milotic|27/100
|
|t:|1622785117
|switch|p1a: Gastrodon|Gastrodon, M|64/100 tox|[from]move: Volt Switch
|-damage|p1a: Gastrodon|58/100 tox|[from] Stealth Rock
|move|p2a: Milotic|Recover|p2a: Milotic
|-heal|p2a: Milotic|77/100
|
|-heal|p2a: Milotic|83/100|[from] item: Leftovers
|-heal|p1a: Gastrodon|64/100 tox|[from] item: Leftovers
|-damage|p1a: Gastrodon|58/100 tox|[from] psn
|upkeep
|turn|30
|
|t:|1622785136
|switch|p2a: Celebi|Celebi|70/100
|switch|p1a: Golisopod|Golisopod, M|45/100
|
|upkeep
|turn|31
|
|t:|1622785150
|switch|p2a: Togekiss|Togekiss, F|95/100
|move|p1a: Golisopod|First Impression|p2a: Togekiss
|-resisted|p2a: Togekiss
|-damage|p2a: Togekiss|84/100
|
|upkeep
|turn|32
|inactive|MapleSizzurp has 60 seconds left.
|
|t:|1622785181
|move|p2a: Togekiss|Nasty Plot|p2a: Togekiss
|-boost|p2a: Togekiss|spa|2
|move|p1a: Golisopod|Knock Off|p2a: Togekiss
|-resisted|p2a: Togekiss
|-damage|p2a: Togekiss|65/100
|-enditem|p2a: Togekiss|Heavy-Duty Boots|[from] move: Knock Off|[of] p1a: Golisopod
|
|upkeep
|turn|33
|inactive|MapleSizzurp has 60 seconds left.
|
|t:|1622785192
|switch|p1a: Diancie|Diancie|99/100
|-damage|p1a: Diancie|88/100|[from] Stealth Rock
|move|p2a: Togekiss|Air Slash|p1a: Diancie
|-resisted|p1a: Diancie
|-damage|p1a: Diancie|69/100
|
|-heal|p1a: Diancie|75/100|[from] item: Leftovers
|upkeep
|turn|34
|inactive|MapleSizzurp has 60 seconds left.
|
|t:|1622785214
|move|p2a: Togekiss|Air Slash|p1a: Diancie
|-resisted|p1a: Diancie
|-damage|p1a: Diancie|57/100
|cant|p1a: Diancie|flinch
|
|-heal|p1a: Diancie|63/100|[from] item: Leftovers
|upkeep
|turn|35
|
|t:|1622785220
|move|p2a: Togekiss|Air Slash|p1a: Diancie|[miss]
|-miss|p2a: Togekiss|p1a: Diancie
|move|p1a: Diancie|Diamond Storm|p2a: Togekiss
|-supereffective|p2a: Togekiss
|-damage|p2a: Togekiss|2/100
|
|-heal|p1a: Diancie|69/100|[from] item: Leftovers
|upkeep
|turn|36
|
|t:|1622785241
|move|p2a: Togekiss|Air Slash|p1a: Diancie
|-resisted|p1a: Diancie
|-damage|p1a: Diancie|52/100
|move|p1a: Diancie|Diamond Storm|p2a: Togekiss
|-supereffective|p2a: Togekiss
|-damage|p2a: Togekiss|0 fnt
|-boost|p1a: Diancie|def|2
|faint|p2a: Togekiss
|
|-heal|p1a: Diancie|58/100|[from] item: Leftovers
|upkeep
|inactive|MapleSizzurp has 30 seconds left.
|
|t:|1622785259
|switch|p2a: Celebi|Celebi|70/100
|turn|37
|
|t:|1622785264
|switch|p1a: Cobalion|Cobalion|81/100
|-damage|p1a: Cobalion|78/100|[from] Stealth Rock
|move|p2a: Celebi|Grass Knot|p1a: Cobalion
|-resisted|p1a: Cobalion
|-damage|p1a: Cobalion|50/100
|-damage|p2a: Celebi|54/100|[from] item: Rocky Helmet|[of] p1a: Cobalion
|
|upkeep
|turn|38
|inactive|MapleSizzurp has 30 seconds left.
|
|t:|1622785290
|move|p1a: Cobalion|Iron Head|p2a: Celebi
|-damage|p2a: Celebi|25/100
|move|p2a: Celebi|Recover|p2a: Celebi
|-heal|p2a: Celebi|75/100
|
|upkeep
|turn|39
|inactive|MapleSizzurp has 30 seconds left.
|
|t:|1622785309
|move|p1a: Cobalion|Iron Head|p2a: Celebi
|-damage|p2a: Celebi|49/100
|move|p2a: Celebi|U-turn|p1a: Cobalion
|-resisted|p1a: Cobalion
|-damage|p1a: Cobalion|48/100
|-damage|p2a: Celebi|32/100|[from] item: Rocky Helmet|[of] p1a: Cobalion
|inactive|MapleSizzurp has 30 seconds left.
|
|t:|1622785321
|switch|p2a: Raikou|Raikou|100/100|[from]move: U-turn
|
|upkeep
|turn|40
|inactive|MapleSizzurp has 30 seconds left.
|
|t:|1622785341
|switch|p1a: Gastrodon|Gastrodon, M|58/100 tox
|-damage|p1a: Gastrodon|52/100 tox|[from] Stealth Rock
|move|p2a: Raikou|Volt Switch|p1a: Gastrodon
|-immune|p1a: Gastrodon
|
|-heal|p1a: Gastrodon|58/100 tox|[from] item: Leftovers
|-damage|p1a: Gastrodon|52/100 tox|[from] psn
|upkeep
|turn|41
|inactive|MapleSizzurp has 30 seconds left.
|inactive|MapleSizzurp has 20 seconds left.
|
|t:|1622785356
|switch|p2a: Milotic|Milotic, F|83/100
|-damage|p2a: Milotic|71/100|[from] Stealth Rock
|move|p1a: Gastrodon|Ice Beam|p2a: Milotic
|-resisted|p2a: Milotic
|-damage|p2a: Milotic|64/100
|
|-heal|p2a: Milotic|70/100|[from] item: Leftovers
|-heal|p1a: Gastrodon|58/100 tox|[from] item: Leftovers
|-damage|p1a: Gastrodon|46/100 tox|[from] psn
|upkeep
|turn|42
|inactive|MapleSizzurp has 30 seconds left this turn.
|inactive|MapleSizzurp has 20 seconds left.
|inactive|MapleSizzurp has 15 seconds left.
|inactive|Glidinganteater has 120 seconds left.
|
|t:|1622785394
|move|p2a: Milotic|Recover|p2a: Milotic
|-heal|p2a: Milotic|100/100
|move|p1a: Gastrodon|Recover|p1a: Gastrodon
|-heal|p1a: Gastrodon|96/100 tox
|
|-heal|p1a: Gastrodon|100/100 tox|[from] item: Leftovers
|-damage|p1a: Gastrodon|82/100 tox|[from] psn
|upkeep
|turn|43
|inactive|MapleSizzurp has 25 seconds left this turn.
|inactive|MapleSizzurp has 20 seconds left.
|inactive|MapleSizzurp has 15 seconds left.
|inactive|MapleSizzurp has 10 seconds left.
|
|t:|1622785410
|switch|p2a: Celebi|Celebi|32/100
|switch|p1a: Diancie|Diancie|58/100
|-damage|p1a: Diancie|45/100|[from] Stealth Rock
|
|-heal|p1a: Diancie|51/100|[from] item: Leftovers
|upkeep
|turn|44
|inactive|MapleSizzurp has 20 seconds left this turn.
|inactive|MapleSizzurp has 15 seconds left.
|inactive|MapleSizzurp has 10 seconds left.
|
|t:|1622785424
|move|p2a: Celebi|Grass Knot|p1a: Diancie
|-supereffective|p1a: Diancie
|-damage|p1a: Diancie|41/100
|move|p1a: Diancie|Heal Bell|p1a: Diancie
|-activate|p1a: Diancie|move: Heal Bell
|-curestatus|p1: Gastrodon|tox|[msg]
|
|-heal|p1a: Diancie|47/100|[from] item: Leftovers
|upkeep
|turn|45
|inactive|MapleSizzurp has 20 seconds left this turn.
|inactive|MapleSizzurp has 15 seconds left.
|inactive|MapleSizzurp has 10 seconds left.
|
|t:|1622785434
|move|p2a: Celebi|Recover|p2a: Celebi
|-heal|p2a: Celebi|82/100
|move|p1a: Diancie|Diamond Storm|p2a: Celebi|[miss]
|-miss|p1a: Diancie|p2a: Celebi
|
|-heal|p1a: Diancie|53/100|[from] item: Leftovers
|upkeep
|turn|46
|inactive|MapleSizzurp has 20 seconds left this turn.
|inactive|MapleSizzurp has 15 seconds left.
|inactive|Glidinganteater has 120 seconds left.
|
|t:|1622785459
|switch|p2a: Milotic|Milotic, F|100/100
|-damage|p2a: Milotic|88/100|[from] Stealth Rock
|move|p1a: Diancie|Diamond Storm|p2a: Milotic
|-damage|p2a: Milotic|63/100
|
|-heal|p2a: Milotic|70/100|[from] item: Leftovers
|-heal|p1a: Diancie|59/100|[from] item: Leftovers
|upkeep
|turn|47
|inactive|MapleSizzurp has 25 seconds left this turn.
|inactive|MapleSizzurp has 20 seconds left.
|inactive|MapleSizzurp has 15 seconds left.
|inactive|MapleSizzurp has 10 seconds left.
|
|t:|1622785474
|move|p2a: Milotic|Toxic|p1a: Diancie
|-status|p1a: Diancie|tox
|move|p1a: Diancie|Toxic|p2a: Milotic
|-status|p2a: Milotic|tox
|
|-heal|p2a: Milotic|76/100 tox|[from] item: Leftovers
|-heal|p1a: Diancie|65/100 tox|[from] item: Leftovers
|-damage|p2a: Milotic|70/100 tox|[from] psn
|-damage|p1a: Diancie|59/100 tox|[from] psn
|upkeep
|turn|48
|inactive|MapleSizzurp has 20 seconds left this turn.
|inactive|MapleSizzurp has 15 seconds left.
|
|t:|1622785483
|switch|p1a: Gastrodon|Gastrodon, M|82/100
|-damage|p1a: Gastrodon|76/100|[from] Stealth Rock
|move|p2a: Milotic|Scald|p1a: Gastrodon
|-ability|p1a: Gastrodon|Storm Drain|boost
|-boost|p1a: Gastrodon|spa|1
|
|-heal|p2a: Milotic|76/100 tox|[from] item: Leftovers
|-heal|p1a: Gastrodon|82/100|[from] item: Leftovers
|-damage|p2a: Milotic|63/100 tox|[from] psn
|upkeep
|turn|49
|inactive|MapleSizzurp has 25 seconds left this turn.
|inactive|MapleSizzurp has 20 seconds left.
|inactive|MapleSizzurp has 15 seconds left.
|
|t:|1622785498
|switch|p2a: Celebi|Celebi|82/100
|switch|p1a: Diancie|Diancie|59/100 tox
|-damage|p1a: Diancie|47/100 tox|[from] Stealth Rock
|
|-heal|p1a: Diancie|53/100 tox|[from] item: Leftovers
|-damage|p1a: Diancie|47/100 tox|[from] psn
|upkeep
|turn|50
|inactive|MapleSizzurp has 25 seconds left this turn.
|inactive|MapleSizzurp has 20 seconds left.
|inactive|MapleSizzurp has 15 seconds left.
|
|t:|1622785512
|move|p2a: Celebi|Grass Knot|p1a: Diancie
|-supereffective|p1a: Diancie
|-damage|p1a: Diancie|37/100 tox
|move|p1a: Diancie|Heal Bell|p1a: Diancie
|-activate|p1a: Diancie|move: Heal Bell
|-curestatus|p1a: Diancie|tox|[msg]
|
|-heal|p1a: Diancie|43/100|[from] item: Leftovers
|upkeep
|turn|51
|inactive|MapleSizzurp has 25 seconds left this turn.
|inactive|MapleSizzurp has 20 seconds left.
|inactive|MapleSizzurp has 15 seconds left.
|
|t:|1622785526
|move|p2a: Celebi|Grass Knot|p1a: Diancie
|-supereffective|p1a: Diancie
|-crit|p1a: Diancie
|-damage|p1a: Diancie|29/100
|move|p1a: Diancie|Diamond Storm|p2a: Celebi
|-damage|p2a: Celebi|54/100
|-boost|p1a: Diancie|def|2
|
|-heal|p1a: Diancie|35/100|[from] item: Leftovers
|upkeep
|turn|52
|inactive|MapleSizzurp has 25 seconds left this turn.
|inactive|MapleSizzurp has 20 seconds left.
|
|t:|1622785536
|move|p2a: Celebi|Grass Knot|p1a: Diancie
|-supereffective|p1a: Diancie
|-damage|p1a: Diancie|25/100
|move|p1a: Diancie|Toxic|p2a: Celebi
|-status|p2a: Celebi|tox
|
|-heal|p1a: Diancie|31/100|[from] item: Leftovers
|-damage|p2a: Celebi|48/100 tox|[from] psn
|upkeep
|turn|53
|inactive|MapleSizzurp has 30 seconds left this turn.
|inactive|MapleSizzurp has 20 seconds left.
|
|t:|1622785546
|move|p2a: Celebi|Grass Knot|p1a: Diancie
|-supereffective|p1a: Diancie
|-damage|p1a: Diancie|21/100
|move|p1a: Diancie|Body Press|p2a: Celebi
|-resisted|p2a: Celebi
|-damage|p2a: Celebi|26/100 tox
|
|-heal|p1a: Diancie|27/100|[from] item: Leftovers
|-damage|p2a: Celebi|13/100 tox|[from] psn
|upkeep
|turn|54
|inactive|MapleSizzurp has 30 seconds left this turn.
|inactive|MapleSizzurp has 20 seconds left.
|inactive|MapleSizzurp has 15 seconds left.
|inactive|MapleSizzurp has 10 seconds left.
|
|t:|1622785568
|move|p2a: Celebi|Recover|p2a: Celebi
|-heal|p2a: Celebi|63/100 tox
|move|p1a: Diancie|Body Press|p2a: Celebi
|-resisted|p2a: Celebi
|-damage|p2a: Celebi|43/100 tox
|
|-heal|p1a: Diancie|33/100|[from] item: Leftovers
|-damage|p2a: Celebi|24/100 tox|[from] psn
|upkeep
|turn|55
|inactive|MapleSizzurp has 20 seconds left this turn.
|inactive|MapleSizzurp has 15 seconds left.
|
|t:|1622785577
|switch|p2a: Milotic|Milotic, F|63/100 tox
|-damage|p2a: Milotic|51/100 tox|[from] Stealth Rock
|move|p1a: Diancie|Body Press|p2a: Milotic
|-damage|p2a: Milotic|23/100 tox
|
|-heal|p2a: Milotic|29/100 tox|[from] item: Leftovers
|-heal|p1a: Diancie|39/100|[from] item: Leftovers
|-damage|p2a: Milotic|23/100 tox|[from] psn
|upkeep
|turn|56
|inactive|MapleSizzurp has 25 seconds left this turn.
|inactive|MapleSizzurp has 20 seconds left.
|inactive|MapleSizzurp has 15 seconds left.
|
|t:|1622785588
|move|p2a: Milotic|Recover|p2a: Milotic
|-heal|p2a: Milotic|73/100 tox
|move|p1a: Diancie|Body Press|p2a: Milotic
|-damage|p2a: Milotic|46/100 tox
|
|-heal|p2a: Milotic|52/100 tox|[from] item: Leftovers
|-heal|p1a: Diancie|45/100|[from] item: Leftovers
|-damage|p2a: Milotic|40/100 tox|[from] psn
|upkeep
|turn|57
|inactive|MapleSizzurp has 25 seconds left this turn.
|inactive|MapleSizzurp has 20 seconds left.
|
|t:|1622785598
|move|p2a: Milotic|Scald|p1a: Diancie
|-supereffective|p1a: Diancie
|-damage|p1a: Diancie|11/100
|move|p1a: Diancie|Body Press|p2a: Milotic
|-damage|p2a: Milotic|13/100 tox
|
|-heal|p2a: Milotic|20/100 tox|[from] item: Leftovers
|-heal|p1a: Diancie|17/100|[from] item: Leftovers
|-damage|p2a: Milotic|1/100 tox|[from] psn
|upkeep
|turn|58
|inactive|MapleSizzurp has 30 seconds left this turn.
|inactive|MapleSizzurp has 20 seconds left.
|
|t:|1622785609
|move|p2a: Milotic|Toxic|p1a: Diancie
|-status|p1a: Diancie|tox
|move|p1a: Diancie|Body Press|p2a: Milotic
|-damage|p2a: Milotic|0 fnt
|faint|p2a: Milotic
|
|-heal|p1a: Diancie|23/100 tox|[from] item: Leftovers
|-damage|p1a: Diancie|17/100 tox|[from] psn
|upkeep
|inactive|MapleSizzurp has 25 seconds left this turn.
|inactive|MapleSizzurp has 20 seconds left.
|inactive|MapleSizzurp has 15 seconds left.
|
|t:|1622785621
|switch|p2a: Raikou|Raikou|100/100
|turn|59
|inactive|MapleSizzurp has 25 seconds left this turn.
|inactive|MapleSizzurp has 20 seconds left.
|
|t:|1622785627
|move|p2a: Raikou|Aura Sphere|p1a: Diancie
|-damage|p1a: Diancie|1/100 tox
|move|p1a: Diancie|Body Press|p2a: Raikou
|-damage|p2a: Raikou|31/100
|
|-heal|p1a: Diancie|7/100 tox|[from] item: Leftovers
|-damage|p1a: Diancie|0 fnt|[from] psn
|faint|p1a: Diancie
|upkeep
|inactive|MapleSizzurp has 25 seconds left this turn.
|
|t:|1622785635
|switch|p1a: Gastrodon|Gastrodon, M|82/100
|-damage|p1a: Gastrodon|76/100|[from] Stealth Rock
|turn|60
|inactive|MapleSizzurp has 30 seconds left.
|inactive|MapleSizzurp has 20 seconds left.
|
|t:|1622785653
|move|p2a: Raikou|Toxic|p1a: Gastrodon
|-status|p1a: Gastrodon|tox
|move|p1a: Gastrodon|Ice Beam|p2a: Raikou
|-damage|p2a: Raikou|10/100
|
|-heal|p1a: Gastrodon|82/100 tox|[from] item: Leftovers
|-damage|p1a: Gastrodon|76/100 tox|[from] psn
|upkeep
|turn|61
|inactive|MapleSizzurp has 30 seconds left this turn.
|
|t:|1622785665
|move|p2a: Raikou|Aura Sphere|p1a: Gastrodon
|-damage|p1a: Gastrodon|52/100 tox
|move|p1a: Gastrodon|Ice Beam|p2a: Raikou
|-damage|p2a: Raikou|0 fnt
|faint|p2a: Raikou
|
|-heal|p1a: Gastrodon|58/100 tox|[from] item: Leftovers
|-damage|p1a: Gastrodon|46/100 tox|[from] psn
|upkeep
|inactive|MapleSizzurp has 30 seconds left this turn.
|c|☆MapleSizzurp|gg
|inactive|MapleSizzurp has 20 seconds left.
|
|t:|1622785675
|switch|p2a: Celebi|Celebi|24/100
|turn|62
|inactive|MapleSizzurp has 30 seconds left this turn.
|
|t:|1622785681
|move|p2a: Celebi|Grass Knot|p1a: Gastrodon
|-supereffective|p1a: Gastrodon
|-damage|p1a: Gastrodon|0 fnt
|faint|p1a: Gastrodon
|
|upkeep
|
|t:|1622785684
|switch|p1a: Golisopod|Golisopod, M|45/100
|turn|63
|
|t:|1622785691
|move|p1a: Golisopod|First Impression|p2a: Celebi
|-supereffective|p2a: Celebi
|-damage|p2a: Celebi|0 fnt
|faint|p2a: Celebi
|
|win|Glidinganteater
|raw|Glidinganteater's rating: 1390 &rarr; <strong>1413</strong><br />(+23 for winning)
|raw|MapleSizzurp's rating: 1436 &rarr; <strong>1413</strong><br />(-23 for losing)
|c|☆Glidinganteater|Gg
|c|☆Glidinganteater|wp
