|raw|<div class="broadcast-blue"><strong>This battle is required to be public due to a player having a name starting with 'rult68'.</div>
|j|☆skull-to-the-bone
|j|☆rult68x meta
|t:|1656360560
|gametype|singles
|player|p1|skull-to-the-bone|guzma|1491
|player|p2|rult68x meta|cyclist-gen4|1571
|teamsize|p1|6
|teamsize|p2|6
|gen|8
|tier|[Gen 8] RU
|rated|
|rule|Sleep Clause Mod: Limit one foe put to sleep
|rule|Species Clause: Limit one of each Pokémon
|rule|OHKO Clause: OHKO moves are banned
|rule|Evasion Moves Clause: Evasion moves are banned
|rule|Endless Battle Clause: Forcing endless battles is banned
|rule|HP Percentage Mod: HP is shown in percentages
|rule|Dynamax Clause: You cannot dynamax
|clearpoke
|poke|p1|Lucario, M|
|poke|p1|Golisopod, M|
|poke|p1|Chandelure, F|
|poke|p1|Tsareena, F|
|poke|p1|Ribombee, F|
|poke|p1|Rhyperior, M|
|poke|p2|Politoed, M|
|poke|p2|Seismitoad, M|
|poke|p2|Kingdra, M|
|poke|p2|Klefki, F|
|poke|p2|Tornadus, M|
|poke|p2|Toxicroak, M|
|teampreview
|
|t:|1656360589
|start
|switch|p1a: Mettaton EX|Tsareena, F, shiny|100/100
|switch|p2a: Politoed|Politoed, M|100/100
|-weather|RainDance|[from] ability: Drizzle|[of] p2a: Politoed
|turn|1
|
|t:|1656360594
|switch|p2a: Klefki|Klefki, F|100/100
|move|p1a: Mettaton EX|Knock Off|p2a: Klefki
|-resisted|p2a: Klefki
|-damage|p2a: Klefki|87/100
|-enditem|p2a: Klefki|Eject Button|[from] move: Knock Off|[of] p1a: Mettaton EX
|
|-weather|RainDance|[upkeep]
|upkeep
|turn|2
|
|t:|1656360600
|switch|p2a: Tornadus|Tornadus, M|100/100
|move|p1a: Mettaton EX|U-turn|p2a: Tornadus
|-resisted|p2a: Tornadus
|-damage|p2a: Tornadus|80/100
|
|t:|1656360609
|switch|p1a: Ruby|Ribombee, F|100/100|[from]move: U-turn
|
|-weather|RainDance|[upkeep]
|upkeep
|turn|3
|
|t:|1656360615
|move|p1a: Ruby|Moonblast|p2a: Tornadus
|-damage|p2a: Tornadus|26/100
|move|p2a: Tornadus|Hurricane|p1a: Ruby
|-supereffective|p1a: Ruby
|-enditem|p1a: Ruby|Focus Sash
|-damage|p1a: Ruby|1/100
|
|-weather|RainDance|[upkeep]
|upkeep
|turn|4
|j| Rult68p PPB
|
|t:|1656360622
|move|p1a: Ruby|Sticky Web|p2a: Tornadus
|-sidestart|p2: rult68x meta|move: Sticky Web
|move|p2a: Tornadus|Hurricane|p1a: Ruby
|-supereffective|p1a: Ruby
|-damage|p1a: Ruby|0 fnt
|faint|p1a: Ruby
|
|-weather|RainDance|[upkeep]
|upkeep
|
|t:|1656360641
|switch|p1a: Project-L|Lucario, M|100/100
|turn|5
|
|t:|1656360659
|move|p1a: Project-L|Extreme Speed|p2a: Tornadus
|-damage|p2a: Tornadus|0 fnt
|faint|p2a: Tornadus
|-damage|p1a: Project-L|91/100|[from] item: Life Orb
|
|-weather|RainDance|[upkeep]
|upkeep
|
|t:|1656360664
|switch|p2a: Kingdra|Kingdra, M|100/100
|-activate|p2a: Kingdra|move: Sticky Web
|-unboost|p2a: Kingdra|spe|1
|turn|6
|
|t:|1656360678
|switch|p1a: Thanatos|Golisopod, M|100/100
|move|p2a: Kingdra|Surf|p1a: Thanatos
|-resisted|p1a: Thanatos
|-damage|p1a: Thanatos|56/100
|-damage|p2a: Kingdra|91/100|[from] item: Life Orb
|
|-weather|RainDance|[upkeep]
|upkeep
|turn|7
|
|t:|1656360690
|switch|p2a: Klefki|Klefki, F|87/100
|-activate|p2a: Klefki|move: Sticky Web
|-unboost|p2a: Klefki|spe|1
|move|p1a: Thanatos|First Impression|p2a: Klefki
|-resisted|p2a: Klefki
|-damage|p2a: Klefki|74/100
|-damage|p1a: Thanatos|46/100|[from] item: Life Orb
|-activate|p1a: Thanatos|ability: Emergency Exit
|
|t:|1656360705
|switch|p1a: Sandy|Chandelure, F|100/100
|
|-weather|RainDance|[upkeep]
|upkeep
|turn|8
|
|t:|1656360709
|move|p2a: Klefki|Defog|p1a: Sandy
|-unboost|p1a: Sandy|evasion|1
|-sideend|p2: rult68x meta|Sticky Web|[from] move: Defog|[of] p2a: Klefki
|move|p1a: Sandy|Shadow Ball|p2a: Klefki
|-damage|p2a: Klefki|0 fnt
|faint|p2a: Klefki
|
|-weather|none
|upkeep
|
|t:|1656360710
|switch|p2a: Politoed|Politoed, M|100/100
|-weather|RainDance|[from] ability: Drizzle|[of] p2a: Politoed
|turn|9
|
|t:|1656360722
|move|p1a: Sandy|Shadow Ball|p2a: Politoed
|-damage|p2a: Politoed|44/100
|move|p2a: Politoed|Scald|p1a: Sandy
|-supereffective|p1a: Sandy
|-damage|p1a: Sandy|0 fnt
|faint|p1a: Sandy
|
|-weather|RainDance|[upkeep]
|upkeep
|
|t:|1656360732
|switch|p1a: Mettaton EX|Tsareena, F, shiny|100/100
|turn|10
|
|t:|1656360736
|switch|p2a: Toxicroak|Toxicroak, M|100/100
|move|p1a: Mettaton EX|Rapid Spin|p2a: Toxicroak
|-damage|p2a: Toxicroak|71/100
|-boost|p1a: Mettaton EX|spe|1
|
|-weather|RainDance|[upkeep]
|-heal|p2a: Toxicroak|83/100|[from] ability: Dry Skin
|upkeep
|turn|11
|
|t:|1656360742
|move|p1a: Mettaton EX|U-turn|p2a: Toxicroak
|-resisted|p2a: Toxicroak
|-damage|p2a: Toxicroak|73/100
|
|t:|1656360747
|switch|p1a: God Slayer|Rhyperior, M|100/100|[from]move: U-turn
|move|p2a: Toxicroak|Sludge Bomb|p1a: God Slayer
|-resisted|p1a: God Slayer
|-damage|p1a: God Slayer|91/100
|-damage|p2a: Toxicroak|64/100|[from] item: Life Orb
|
|-weather|RainDance|[upkeep]
|-heal|p2a: Toxicroak|76/100|[from] ability: Dry Skin
|-heal|p1a: God Slayer|97/100|[from] item: Leftovers
|upkeep
|turn|12
|
|t:|1656360754
|switch|p2a: Seismitoad|Seismitoad, M|100/100
|move|p1a: God Slayer|Earthquake|p2a: Seismitoad
|-damage|p2a: Seismitoad|34/100
|
|-weather|RainDance|[upkeep]
|-heal|p1a: God Slayer|100/100|[from] item: Leftovers
|upkeep
|turn|13
|
|t:|1656360768
|switch|p1a: Project-L|Lucario, M|91/100
|move|p2a: Seismitoad|Power Whip|p1a: Project-L
|-resisted|p1a: Project-L
|-damage|p1a: Project-L|54/100
|-damage|p2a: Seismitoad|24/100|[from] item: Life Orb
|
|-weather|RainDance|[upkeep]
|upkeep
|turn|14
|
|t:|1656360773
|move|p1a: Project-L|Extreme Speed|p2a: Seismitoad
|-damage|p2a: Seismitoad|0 fnt
|faint|p2a: Seismitoad
|-damage|p1a: Project-L|44/100|[from] item: Life Orb
|
|-weather|RainDance|[upkeep]
|upkeep
|
|t:|1656360777
|switch|p2a: Kingdra|Kingdra, M|91/100
|turn|15
|
|t:|1656360792
|switch|p1a: Mettaton EX|Tsareena, F, shiny|100/100
|move|p2a: Kingdra|Surf|p1a: Mettaton EX
|-resisted|p1a: Mettaton EX
|-damage|p1a: Mettaton EX|70/100
|-damage|p2a: Kingdra|81/100|[from] item: Life Orb
|
|-weather|RainDance|[upkeep]
|upkeep
|turn|16
|
|t:|1656360798
|move|p2a: Kingdra|Hurricane|p1a: Mettaton EX
|-supereffective|p1a: Mettaton EX
|-damage|p1a: Mettaton EX|0 fnt
|faint|p1a: Mettaton EX
|-damage|p2a: Kingdra|71/100|[from] item: Life Orb
|
|-weather|none
|upkeep
|
|t:|1656360803
|switch|p1a: Project-L|Lucario, M|44/100
|turn|17
|
|t:|1656360808
|move|p1a: Project-L|Close Combat|p2a: Kingdra
|-damage|p2a: Kingdra|0 fnt
|-unboost|p1a: Project-L|def|1
|-unboost|p1a: Project-L|spd|1
|faint|p2a: Kingdra
|-damage|p1a: Project-L|34/100|[from] item: Life Orb
|
|upkeep
|
|t:|1656360814
|switch|p2a: Toxicroak|Toxicroak, M|76/100
|turn|18
|
|t:|1656360818
|switch|p2a: Politoed|Politoed, M|44/100
|-weather|RainDance|[from] ability: Drizzle|[of] p2a: Politoed
|move|p1a: Project-L|Meteor Mash|p2a: Politoed
|-resisted|p2a: Politoed
|-damage|p2a: Politoed|20/100
|-damage|p1a: Project-L|24/100|[from] item: Life Orb
|
|-weather|RainDance|[upkeep]
|upkeep
|turn|19
|
|t:|1656360828
|switch|p2a: Toxicroak|Toxicroak, M|76/100
|move|p1a: Project-L|Extreme Speed|p2a: Toxicroak
|-damage|p2a: Toxicroak|29/100
|-damage|p1a: Project-L|14/100|[from] item: Life Orb
|
|-weather|RainDance|[upkeep]
|-heal|p2a: Toxicroak|42/100|[from] ability: Dry Skin
|upkeep
|turn|20
|
|t:|1656360837
|move|p1a: Project-L|Extreme Speed|p2a: Toxicroak
|-damage|p2a: Toxicroak|0 fnt
|faint|p2a: Toxicroak
|-damage|p1a: Project-L|4/100|[from] item: Life Orb
|
|-weather|RainDance|[upkeep]
|upkeep
|-message|rult68x meta forfeited.
|
|win|skull-to-the-bone
|raw|skull-to-the-bone's rating: 1491 &rarr; <strong>1516</strong><br />(+25 for winning)
|raw|rult68x meta's rating: 1587 &rarr; <strong>1562</strong><br />(-25 for losing)
|l|☆rult68x meta
|c|☆skull-to-the-bone|gg
||Ladder isn't responding, score probably updated but might not have (Request timeout).
