|j|☆Tintincpajouer
|j|☆nightcorefan420
|t:|1616534711
|player|p1|Tintincpajouer|2|1364
|player|p2|nightcorefan420|2|1402
|teamsize|p1|6
|teamsize|p2|6
|gametype|singles
|gen|8
|tier|[Gen 8] RU
|rated|
|clearpoke
|poke|p1|Lucario, M|
|poke|p1|Chandelure, F|
|poke|p1|Shuckle, M|
|poke|p1|Sneasel, F|
|poke|p1|Togekiss, F|
|poke|p1|Mimikyu, F|
|poke|p2|Entei|
|poke|p2|Noivern, F|
|poke|p2|Xurkitree|
|poke|p2|Steelix, F|
|poke|p2|Suicune|
|poke|p2|Snorlax, M|
|rule|Sleep Clause Mod: Limit one foe put to sleep
|rule|Species Clause: Limit one of each Pokémon
|rule|OHKO Clause: OHKO moves are banned
|rule|Evasion Moves Clause: Evasion moves are banned
|rule|Endless Battle Clause: Forcing endless battles is banned
|rule|HP Percentage Mod: HP is shown in percentages
|rule|Dynamax Clause: You cannot dynamax
|teampreview
|inactive|Battle timer is ON: inactive players will automatically lose when time's up. (requested by Tintincpajouer)
|
|t:|1616534732
|start
|switch|p1a: Shuckle|Shuckle, M|100/100
|switch|p2a: Xurkitree|Xurkitree|100/100
|turn|1
|
|t:|1616534740
|move|p2a: Xurkitree|Volt Switch|p1a: Shuckle
|-damage|p1a: Shuckle|75/100
|
|t:|1616534746
|switch|p2a: Steelix|Steelix, F|100/100|[from]move: Volt Switch
|move|p1a: Shuckle|Stealth Rock|p2a: Steelix
|-sidestart|p2: nightcorefan420|move: Stealth Rock
|
|upkeep
|turn|2
|
|t:|1616534759
|switch|p1a: Chandelure|Chandelure, F|100/100
|move|p2a: Steelix|Toxic|p1a: Chandelure
|-status|p1a: Chandelure|tox
|
|-damage|p1a: Chandelure|94/100 tox|[from] psn
|upkeep
|turn|3
|
|t:|1616534771
|switch|p2a: Snorlax|Snorlax, M|100/100
|-damage|p2a: Snorlax|88/100|[from] Stealth Rock
|move|p1a: Chandelure|Fire Blast|p2a: Snorlax|[miss]
|-miss|p1a: Chandelure|p2a: Snorlax
|
|-heal|p2a: Snorlax|94/100|[from] item: Leftovers
|-damage|p1a: Chandelure|82/100 tox|[from] psn
|upkeep
|turn|4
|
|t:|1616534786
|switch|p1a: Shuckle|Shuckle, M|75/100
|move|p2a: Snorlax|Earthquake|p1a: Shuckle
|-damage|p1a: Shuckle|58/100
|
|-heal|p2a: Snorlax|100/100|[from] item: Leftovers
|upkeep
|turn|5
|
|t:|1616534798
|move|p2a: Snorlax|Curse|p2a: Snorlax
|-unboost|p2a: Snorlax|spe|1
|-boost|p2a: Snorlax|atk|1
|-boost|p2a: Snorlax|def|1
|move|p1a: Shuckle|Encore|p2a: Snorlax
|-start|p2a: Snorlax|Encore
|
|upkeep
|turn|6
|
|t:|1616534807
|switch|p2a: Steelix|Steelix, F|100/100
|-damage|p2a: Steelix|97/100|[from] Stealth Rock
|switch|p1a: Lucario|Lucario, M|100/100
|
|-heal|p2a: Steelix|100/100|[from] item: Leftovers
|upkeep
|turn|7
|
|t:|1616534817
|move|p1a: Lucario|Swords Dance|p1a: Lucario
|-boost|p1a: Lucario|atk|2
|move|p2a: Steelix|Earthquake|p1a: Lucario
|-supereffective|p1a: Lucario
|-damage|p1a: Lucario|17/100
|
|upkeep
|turn|8
|
|t:|1616534827
|move|p1a: Lucario|Close Combat|p2a: Steelix
|-supereffective|p2a: Steelix
|-ability|p2a: Steelix|Sturdy
|-damage|p2a: Steelix|1/100
|-unboost|p1a: Lucario|def|1
|-unboost|p1a: Lucario|spd|1
|-damage|p1a: Lucario|7/100|[from] item: Life Orb
|move|p2a: Steelix|Earthquake|p1a: Lucario
|-supereffective|p1a: Lucario
|-damage|p1a: Lucario|0 fnt
|faint|p1a: Lucario
|
|-heal|p2a: Steelix|7/100|[from] item: Leftovers
|upkeep
|
|t:|1616534846
|switch|p1a: Chandelure|Chandelure, F|82/100 tox
|turn|9
|
|t:|1616534855
|switch|p2a: Snorlax|Snorlax, M|100/100
|-damage|p2a: Snorlax|88/100|[from] Stealth Rock
|move|p1a: Chandelure|Energy Ball|p2a: Snorlax
|-damage|p2a: Snorlax|72/100
|
|-heal|p2a: Snorlax|78/100|[from] item: Leftovers
|-damage|p1a: Chandelure|76/100 tox|[from] psn
|upkeep
|turn|10
|
|t:|1616534866
|move|p1a: Chandelure|Energy Ball|p2a: Snorlax
|-damage|p2a: Snorlax|61/100
|move|p2a: Snorlax|Curse|p2a: Snorlax
|-unboost|p2a: Snorlax|spe|1
|-boost|p2a: Snorlax|atk|1
|-boost|p2a: Snorlax|def|1
|
|-heal|p2a: Snorlax|67/100|[from] item: Leftovers
|-damage|p1a: Chandelure|64/100 tox|[from] psn
|upkeep
|turn|11
|
|t:|1616534879
|switch|p2a: Noivern|Noivern, F|100/100
|move|p1a: Chandelure|Energy Ball|p2a: Noivern
|-resisted|p2a: Noivern
|-crit|p2a: Noivern
|-damage|p2a: Noivern|85/100
|
|-damage|p1a: Chandelure|45/100 tox|[from] psn
|upkeep
|turn|12
|inactive|Tintincpajouer has 120 seconds left.
|
|t:|1616534927
|move|p2a: Noivern|Defog|p1a: Chandelure
|-unboost|p1a: Chandelure|evasion|1
|-sideend|p2: nightcorefan420|Stealth Rock|[from] move: Defog|[of] p2a: Noivern
|move|p1a: Chandelure|Shadow Ball|p2a: Noivern
|-damage|p2a: Noivern|30/100
|
|-damage|p1a: Chandelure|21/100 tox|[from] psn
|upkeep
|turn|13
|
|t:|1616534951
|switch|p1a: Togekiss|Togekiss, F|100/100
|move|p2a: Noivern|Draco Meteor|p1a: Togekiss
|-immune|p1a: Togekiss
|
|upkeep
|turn|14
|inactive|Tintincpajouer has 90 seconds left.
|
|t:|1616534972
|switch|p2a: Xurkitree|Xurkitree|100/100
|move|p1a: Togekiss|Dazzling Gleam|p2a: Xurkitree
|-damage|p2a: Xurkitree|44/100
|
|upkeep
|turn|15
|inactive|Tintincpajouer has 90 seconds left.
|inactive|Tintincpajouer has 60 seconds left.
|
|t:|1616535018
|move|p2a: Xurkitree|Volt Switch|p1a: Togekiss
|-supereffective|p1a: Togekiss
|-damage|p1a: Togekiss|10/100
|
|t:|1616535027
|switch|p2a: Entei|Entei|100/100|[from]move: Volt Switch
|move|p1a: Togekiss|Dazzling Gleam|p2a: Entei
|-resisted|p2a: Entei
|-damage|p2a: Entei|77/100
|
|upkeep
|turn|16
|inactive|Tintincpajouer has 60 seconds left.
|
|t:|1616535036
|switch|p1a: Chandelure|Chandelure, F|21/100 tox
|move|p2a: Entei|Sacred Fire|p1a: Chandelure
|-start|p1a: Chandelure|ability: Flash Fire
|
|-damage|p1a: Chandelure|15/100 tox|[from] psn
|upkeep
|turn|17
|inactive|Tintincpajouer has 60 seconds left.
|j| IS'd_HielOwStarR
|inactive|Tintincpajouer has 30 seconds left.
|l| IS'd_HielOwStarR
|
|t:|1616535084
|switch|p2a: Snorlax|Snorlax, M|67/100
|move|p1a: Chandelure|Shadow Ball|p2a: Snorlax
|-immune|p2a: Snorlax
|
|-heal|p2a: Snorlax|73/100|[from] item: Leftovers
|-damage|p1a: Chandelure|2/100 tox|[from] psn
|upkeep
|turn|18
|inactive|Tintincpajouer has 30 seconds left.
|inactive|Tintincpajouer has 20 seconds left.
|
|t:|1616535104
|switch|p2a: Noivern|Noivern, F|30/100
|move|p1a: Chandelure|Energy Ball|p2a: Noivern
|-resisted|p2a: Noivern
|-damage|p2a: Noivern|19/100
|
|-damage|p1a: Chandelure|0 fnt|[from] psn
|faint|p1a: Chandelure
|upkeep
|inactive|Tintincpajouer has 25 seconds left this turn.
|inactive|Tintincpajouer has 20 seconds left.
|
|t:|1616535113
|switch|p1a: Sneasel|Sneasel, F|100/100
|turn|19
|inactive|Tintincpajouer has 30 seconds left this turn.
|
|t:|1616535122
|move|p2a: Noivern|Draco Meteor|p1a: Sneasel
|-damage|p1a: Sneasel|4/100
|-unboost|p2a: Noivern|spa|2
|move|p1a: Sneasel|Swords Dance|p1a: Sneasel
|-boost|p1a: Sneasel|atk|2
|
|upkeep
|turn|20
|inactive|Tintincpajouer has 30 seconds left.
|
|t:|1616535132
|move|p1a: Sneasel|Ice Shard|p2a: Noivern
|-supereffective|p2a: Noivern
|-damage|p2a: Noivern|0 fnt
|faint|p2a: Noivern
|
|upkeep
|inactive|Tintincpajouer has 30 seconds left this turn.
|
|t:|1616535136
|switch|p2a: Entei|Entei|77/100
|turn|21
|
|t:|1616535141
|switch|p1a: Mimikyu|Mimikyu, F|100/100
|move|p2a: Entei|Extreme Speed|p1a: Mimikyu
|-immune|p1a: Mimikyu
|
|upkeep
|turn|22
|
|t:|1616535152
|switch|p2a: Xurkitree|Xurkitree|44/100
|move|p1a: Mimikyu|Swords Dance|p1a: Mimikyu
|-boost|p1a: Mimikyu|atk|2
|
|upkeep
|turn|23
|
|t:|1616535161
|move|p1a: Mimikyu|Shadow Sneak|p2a: Xurkitree
|-damage|p2a: Xurkitree|0 fnt
|-damage|p1a: Mimikyu|91/100|[from] item: Life Orb
|faint|p2a: Xurkitree
|
|upkeep
|
|t:|1616535165
|switch|p2a: Snorlax|Snorlax, M|73/100
|turn|24
|
|t:|1616535171
|move|p1a: Mimikyu|Play Rough|p2a: Snorlax
|-damage|p2a: Snorlax|0 fnt
|-damage|p1a: Mimikyu|81/100|[from] item: Life Orb
|faint|p2a: Snorlax
|
|upkeep
|
|t:|1616535179
|switch|p2a: Suicune|Suicune|100/100
|-ability|p2a: Suicune|Pressure
|turn|25
|inactive|Tintincpajouer has 60 seconds left.
|
|t:|1616535191
|move|p1a: Mimikyu|Shadow Claw|p2a: Suicune
|-damage|p2a: Suicune|57/100
|-damage|p1a: Mimikyu|71/100|[from] item: Life Orb
|move|p2a: Suicune|Scald|p1a: Mimikyu
|-activate|p1a: Mimikyu|ability: Disguise
|-damage|p1a: Mimikyu|71/100
|detailschange|p1a: Mimikyu|Mimikyu-Busted, F
|-damage|p1a: Mimikyu|58/100|[from] pokemon: Mimikyu-Busted
|
|-heal|p2a: Suicune|63/100|[from] item: Leftovers
|upkeep
|turn|26
|inactive|Tintincpajouer has 60 seconds left.
|
|t:|1616535221
|switch|p1a: Sneasel|Sneasel, F|4/100
|switch|p2a: Steelix|Steelix, F|7/100
|
|-heal|p2a: Steelix|13/100|[from] item: Leftovers
|upkeep
|turn|27
|
|t:|1616535237
|move|p1a: Sneasel|Triple Axel|p2a: Steelix
|-crit|p2a: Steelix
|-damage|p2a: Steelix|6/100
|-damage|p2a: Steelix|0 fnt
|-hitcount|p2a: Steelix|2
|faint|p2a: Steelix
|
|upkeep
|
|t:|1616535241
|switch|p2a: Entei|Entei|77/100
|turn|28
|
|t:|1616535252
|move|p1a: Sneasel|Knock Off|p2a: Entei
|-damage|p2a: Entei|37/100
|-enditem|p2a: Entei|Choice Band|[from] move: Knock Off|[of] p1a: Sneasel
|move|p2a: Entei|Sacred Fire|p1a: Sneasel|[miss]
|-miss|p2a: Entei|p1a: Sneasel
|
|upkeep
|turn|29
|inactive|Tintincpajouer has 30 seconds left.
|
|t:|1616535282
|move|p2a: Entei|Extreme Speed|p1a: Sneasel
|-damage|p1a: Sneasel|0 fnt
|faint|p1a: Sneasel
|
|upkeep
|inactive|Tintincpajouer has 30 seconds left this turn.
|
|t:|1616535288
|switch|p1a: Shuckle|Shuckle, M|58/100
|turn|30
|inactive|Tintincpajouer has 30 seconds left.
|
|t:|1616535293
|move|p2a: Entei|Toxic|p1a: Shuckle
|-status|p1a: Shuckle|tox
|move|p1a: Shuckle|Encore|p2a: Entei
|-start|p2a: Entei|Encore
|
|-damage|p1a: Shuckle|52/100 tox|[from] psn
|upkeep
|turn|31
|
|t:|1616535301
|switch|p2a: Suicune|Suicune|63/100
|-ability|p2a: Suicune|Pressure
|move|p1a: Shuckle|Stealth Rock|p2a: Suicune
|-sidestart|p2: nightcorefan420|move: Stealth Rock
|
|-heal|p2a: Suicune|70/100|[from] item: Leftovers
|-damage|p1a: Shuckle|40/100 tox|[from] psn
|upkeep
|turn|32
|inactive|Tintincpajouer has 30 seconds left.
|
|t:|1616535316
|move|p2a: Suicune|Scald|p1a: Shuckle
|-supereffective|p1a: Shuckle
|-damage|p1a: Shuckle|10/100 tox
|move|p1a: Shuckle|Final Gambit|p2a: Suicune
|-damage|p2a: Suicune|64/100
|faint|p1a: Shuckle
|
|-heal|p2a: Suicune|70/100|[from] item: Leftovers
|upkeep
|inactive|Tintincpajouer has 30 seconds left.
|
|t:|1616535327
|switch|p1a: Togekiss|Togekiss, F|10/100
|turn|33
|
|t:|1616535332
|move|p1a: Togekiss|Air Slash|p2a: Suicune
|-damage|p2a: Suicune|43/100
|move|p2a: Suicune|Scald|p1a: Togekiss
|-damage|p1a: Togekiss|0 fnt
|faint|p1a: Togekiss
|
|-heal|p2a: Suicune|49/100|[from] item: Leftovers
|upkeep
|
|t:|1616535341
|switch|p1a: Mimikyu|Mimikyu-Busted, F|58/100
|turn|34
|inactive|Tintincpajouer has 30 seconds left.
|
|t:|1616535361
|move|p1a: Mimikyu|Shadow Claw|p2a: Suicune
|-crit|p2a: Suicune
|-damage|p2a: Suicune|16/100
|-damage|p1a: Mimikyu|48/100|[from] item: Life Orb
|move|p2a: Suicune|Scald|p1a: Mimikyu
|-damage|p1a: Mimikyu|17/100
|
|-heal|p2a: Suicune|22/100|[from] item: Leftovers
|upkeep
|turn|35
|inactive|Tintincpajouer has 30 seconds left.
|
|t:|1616535373
|move|p1a: Mimikyu|Shadow Claw|p2a: Suicune
|-damage|p2a: Suicune|0 fnt
|-damage|p1a: Mimikyu|7/100|[from] item: Life Orb
|faint|p2a: Suicune
|
|upkeep
|
|t:|1616535376
|switch|p2a: Entei|Entei|37/100
|-damage|p2a: Entei|12/100|[from] Stealth Rock
|turn|36
|
|t:|1616535383
|move|p1a: Mimikyu|Shadow Sneak|p2a: Entei
|-damage|p2a: Entei|0 fnt
|-damage|p1a: Mimikyu|0 fnt|[from] item: Life Orb
|faint|p2a: Entei
|faint|p1a: Mimikyu
|
|win|Tintincpajouer
|raw|Tintincpajouer's rating: 1364 &rarr; <strong>1386</strong><br />(+22 for winning)
|raw|nightcorefan420's rating: 1402 &rarr; <strong>1380</strong><br />(-22 for losing)
|c|☆Tintincpajouer|Gg
|l|☆nightcorefan420
|c|☆Tintincpajouer|What a good game !!!
||Ladder isn't responding, score probably updated but might not have (Request timeout).
