|j|☆RULT70B bebo
|j|☆rult70rabbit
|t:|1626888587
|gametype|singles
|player|p1|RULT70B bebo|lucas|1488
|player|p2|rult70rabbit|102|1539
|teamsize|p1|6
|teamsize|p2|6
|gen|8
|tier|[Gen 8] RU
|rated|
|rule|Sleep Clause Mod: Limit one foe put to sleep
|rule|Species Clause: Limit one of each Pokémon
|rule|OHKO Clause: OHKO moves are banned
|rule|Evasion Moves Clause: Evasion moves are banned
|rule|Endless Battle Clause: Forcing endless battles is banned
|rule|HP Percentage Mod: HP is shown in percentages
|rule|Dynamax Clause: You cannot dynamax
|clearpoke
|poke|p1|Xurkitree|
|poke|p1|Mienshao, F|
|poke|p1|Reuniclus, F|
|poke|p1|Golisopod, M|
|poke|p1|Crobat, M|
|poke|p1|Steelix, M|
|poke|p2|Mienshao, M|
|poke|p2|Stakataka|
|poke|p2|Golisopod, M|
|poke|p2|Gastrodon-East, M|
|poke|p2|Roserade, F|
|poke|p2|Noivern, M|
|teampreview
|j| toinha ♫♪
|c|☆RULT70B bebo|hf
|c|☆rult70rabbit|gl
|j| rult70e ifo
|
|t:|1626888613
|start
|switch|p1a: Reuniclus|Reuniclus, F|100/100
|switch|p2a: Noivern|Noivern, M|100/100
|turn|1
|j| rult70m mac3 ✝
|
|t:|1626888636
|move|p2a: Noivern|U-turn|p1a: Reuniclus
|-supereffective|p1a: Reuniclus
|-damage|p1a: Reuniclus|84/100
|
|t:|1626888641
|switch|p2a: Gastrodon|Gastrodon-East, M|100/100|[from]move: U-turn
|move|p1a: Reuniclus|Psychic|p2a: Gastrodon
|-damage|p2a: Gastrodon|53/100
|
|upkeep
|turn|2
|j|+Feliburn
|inactive|Battle timer is ON: inactive players will automatically lose when time's up. (requested by RULT70B bebo)
|
|t:|1626888647
|move|p2a: Gastrodon|Recover|p2a: Gastrodon
|-heal|p2a: Gastrodon|100/100
|move|p1a: Reuniclus|Psychic|p2a: Gastrodon
|-damage|p2a: Gastrodon|58/100
|-unboost|p2a: Gastrodon|spd|1
|
|upkeep
|turn|3
|
|t:|1626888658
|switch|p2a: Noivern|Noivern, M|100/100
|move|p1a: Reuniclus|Psychic|p2a: Noivern
|-damage|p2a: Noivern|34/100
|
|upkeep
|turn|4
|
|t:|1626888663
|move|p2a: Noivern|U-turn|p1a: Reuniclus
|-supereffective|p1a: Reuniclus
|-damage|p1a: Reuniclus|67/100
|l| rult70m mac3 ✝
|
|t:|1626888667
|switch|p2a: Stakataka|Stakataka|100/100|[from]move: U-turn
|move|p1a: Reuniclus|Psychic|p2a: Stakataka
|-resisted|p2a: Stakataka
|-damage|p2a: Stakataka|81/100
|-unboost|p2a: Stakataka|spd|1
|
|-heal|p2a: Stakataka|87/100|[from] item: Leftovers
|upkeep
|turn|5
|
|t:|1626888673
|switch|p2a: Golisopod|Golisopod, M|100/100
|move|p1a: Reuniclus|Focus Blast|p2a: Golisopod
|-resisted|p2a: Golisopod
|-damage|p2a: Golisopod|76/100
|
|upkeep
|turn|6
|
|t:|1626888679
|switch|p1a: Crobat|Crobat, M|100/100
|move|p2a: Golisopod|Knock Off|p1a: Crobat
|-damage|p1a: Crobat|58/100
|-enditem|p1a: Crobat|Heavy-Duty Boots|[from] move: Knock Off|[of] p2a: Golisopod
|
|upkeep
|turn|7
|
|t:|1626888684
|switch|p2a: Stakataka|Stakataka|87/100
|move|p1a: Crobat|Brave Bird|p2a: Stakataka
|-resisted|p2a: Stakataka
|-damage|p2a: Stakataka|83/100
|-damage|p1a: Crobat|57/100|[from] Recoil
|
|-heal|p2a: Stakataka|89/100|[from] item: Leftovers
|upkeep
|turn|8
|
|t:|1626888691
|move|p1a: Crobat|U-turn|p2a: Stakataka
|-resisted|p2a: Stakataka
|-damage|p2a: Stakataka|86/100
|j| RULT70A GK
|
|t:|1626888693
|switch|p1a: Reuniclus|Reuniclus, F|67/100|[from]move: U-turn
|move|p2a: Stakataka|Stealth Rock|p1a: Reuniclus
|-sidestart|p1: RULT70B bebo|move: Stealth Rock
|
|-heal|p2a: Stakataka|92/100|[from] item: Leftovers
|upkeep
|turn|9
|
|t:|1626888698
|switch|p2a: Golisopod|Golisopod, M|76/100
|move|p1a: Reuniclus|Psychic|p2a: Golisopod
|-damage|p2a: Golisopod|16/100
|-activate|p2a: Golisopod|ability: Emergency Exit
|
|t:|1626888704
|switch|p2a: Mienshao|Mienshao, M|100/100
|
|upkeep
|turn|10
|inactive|RULT70B bebo has 120 seconds left.
|
|t:|1626888759
|move|p2a: Mienshao|U-turn|p1a: Reuniclus
|-supereffective|p1a: Reuniclus
|-damage|p1a: Reuniclus|24/100
|-damage|p2a: Mienshao|91/100|[from] item: Life Orb
|
|t:|1626888769
|switch|p2a: Golisopod|Golisopod, M|16/100|[from]move: U-turn
|move|p1a: Reuniclus|Recover|p1a: Reuniclus
|-heal|p1a: Reuniclus|74/100
|
|upkeep
|turn|11
|
|t:|1626888779
|switch|p1a: Mienshao|Mienshao, F|100/100
|-damage|p1a: Mienshao|95/100|[from] Stealth Rock
|move|p2a: Golisopod|First Impression|p1a: Mienshao
|-resisted|p1a: Mienshao
|-damage|p1a: Mienshao|49/100
|
|upkeep
|turn|12
|j| FOREST CAVE ????
|j| djjjdjdjdjdjdjdjdj
|
|t:|1626888794
|move|p2a: Golisopod|Aqua Jet|p1a: Mienshao
|-damage|p1a: Mienshao|10/100
|move|p1a: Mienshao|Close Combat|p2a: Golisopod
|-resisted|p2a: Golisopod
|-damage|p2a: Golisopod|0 fnt
|-unboost|p1a: Mienshao|def|1
|-unboost|p1a: Mienshao|spd|1
|faint|p2a: Golisopod
|-damage|p1a: Mienshao|0 fnt|[from] item: Life Orb
|faint|p1a: Mienshao
|
|upkeep
|
|t:|1626888810
|switch|p1a: Reuniclus|Reuniclus, F|74/100
|switch|p2a: Mienshao|Mienshao, M|100/100
|turn|13
|
|t:|1626888827
|move|p2a: Mienshao|Knock Off|p1a: Reuniclus
|-supereffective|p1a: Reuniclus
|-crit|p1a: Reuniclus
|-damage|p1a: Reuniclus|0 fnt
|-enditem|p1a: Reuniclus|Life Orb|[from] move: Knock Off|[of] p2a: Mienshao
|faint|p1a: Reuniclus
|-damage|p2a: Mienshao|91/100|[from] item: Life Orb
|
|upkeep
|c|☆RULT70B bebo|bruh
|c|☆RULT70B bebo|i psychiced
|c|☆rult70rabbit|ok but then
|c|☆RULT70B bebo|u hella lost
|c|☆RULT70B bebo|i get a free recover
|c|☆RULT70B bebo|vs staka
|inactive|RULT70B bebo has 90 seconds left.
|c|☆RULT70B bebo|everytime
|c|☆rult70rabbit|yea only vs staka
|c|☆RULT70B bebo|exactly
|c|☆RULT70B bebo|and i have
|c|☆RULT70B bebo|a crobat
|c|☆rult70rabbit|but i also have
|c|☆rult70rabbit|a gastro
|c|☆RULT70B bebo|which is at 58
|c|☆RULT70B bebo|that i can pressure to death
|c|☆RULT70B bebo|with a xurk and goli
|inactive|RULT70B bebo has 60 seconds left.
|l| toinha ♫♪
|c|☆RULT70B bebo|and then at some point
|c|☆RULT70B bebo|itll be
|c|☆RULT70B bebo|crobat vs rose
|c|☆RULT70B bebo|i wouldve 1000% had a chance to recover this game
|
|t:|1626888907
|switch|p1a: Crobat|Crobat, M|57/100
|-damage|p1a: Crobat|32/100|[from] Stealth Rock
|turn|14
|
|t:|1626888914
|move|p1a: Crobat|Defog|p2a: Mienshao
|-unboost|p2a: Mienshao|evasion|1
|-sideend|p1: RULT70B bebo|Stealth Rock|[from] move: Defog|[of] p1a: Crobat
|move|p2a: Mienshao|Stone Edge|p1a: Crobat
|-supereffective|p1a: Crobat
|-damage|p1a: Crobat|0 fnt
|faint|p1a: Crobat
|-damage|p2a: Mienshao|81/100|[from] item: Life Orb
|
|upkeep
|
|t:|1626888920
|switch|p1a: Golisopod|Golisopod, M|100/100
|turn|15
|
|t:|1626888928
|move|p2a: Mienshao|Stone Edge|p1a: Golisopod
|-supereffective|p1a: Golisopod
|-damage|p1a: Golisopod|27/100
|-activate|p1a: Golisopod|ability: Emergency Exit
|-damage|p2a: Mienshao|71/100|[from] item: Life Orb
|-message|RULT70B bebo forfeited.
|
|win|rult70rabbit
|l|☆RULT70B bebo
|raw|RULT70B bebo's rating: 1488 &rarr; <strong>1471</strong><br />(-17 for losing)
|raw|rult70rabbit's rating: 1539 &rarr; <strong>1556</strong><br />(+17 for winning)
