|j|☆CherylBush
|j|☆bebo7788
|player|p1|CherylBush|mallow|1355
|player|p2|bebo7788|169|1423
|teamsize|p1|6
|teamsize|p2|6
|gametype|singles
|gen|8
|tier|[Gen 8] RU
|rated|
|clearpoke
|poke|p1|Piloswine, F|
|poke|p1|Silvally-*|
|poke|p1|Mantine, F|
|poke|p1|Gigalith, F|
|poke|p1|Aromatisse, M|
|poke|p1|Dhelmise|
|poke|p2|Silvally-*|
|poke|p2|Sigilyph, F|
|poke|p2|Passimian, M|
|poke|p2|Vaporeon, M|
|poke|p2|Vileplume, M|
|poke|p2|Gigalith, F|
|rule|Sleep Clause Mod: Limit one foe put to sleep
|rule|Species Clause: Limit one of each Pokémon
|rule|OHKO Clause: OHKO moves are banned
|rule|Evasion Moves Clause: Evasion moves are banned
|rule|Endless Battle Clause: Forcing endless battles is banned
|rule|HP Percentage Mod: HP is shown in percentages
|rule|Dynamax Clause: You cannot dynamax
|teampreview
|c|☆bebo7788|hf
|
|start
|switch|p1a: Dhelmise|Dhelmise|100/100
|switch|p2a: Passimian|Passimian, M|100/100
|turn|1
|
|switch|p1a: Aromatisse|Aromatisse, M|100/100
|move|p2a: Passimian|Knock Off|p1a: Aromatisse
|-resisted|p1a: Aromatisse
|-damage|p1a: Aromatisse|89/100
|-enditem|p1a: Aromatisse|Leftovers|[from] move: Knock Off|[of] p2a: Passimian
|
|upkeep
|turn|2
|
|switch|p2a: Gigalith|Gigalith, F|100/100
|-weather|Sandstorm|[from] ability: Sand Stream|[of] p2a: Gigalith
|move|p1a: Aromatisse|Moonblast|p2a: Gigalith
|-damage|p2a: Gigalith|80/100
|
|-weather|Sandstorm|[upkeep]
|-damage|p1a: Aromatisse|83/100|[from] Sandstorm
|-heal|p2a: Gigalith|86/100|[from] item: Leftovers
|upkeep
|turn|3
|
|switch|p1a: Dhelmise|Dhelmise|100/100
|move|p2a: Gigalith|Stealth Rock|p1a: Dhelmise
|-sidestart|p1: CherylBush|move: Stealth Rock
|
|-weather|Sandstorm|[upkeep]
|-damage|p1a: Dhelmise|94/100|[from] Sandstorm
|-heal|p2a: Gigalith|92/100|[from] item: Leftovers
|upkeep
|turn|4
|
|move|p1a: Dhelmise|Rapid Spin|p2a: Gigalith
|-resisted|p2a: Gigalith
|-damage|p2a: Gigalith|87/100
|-sideend|p1: CherylBush|Stealth Rock|[from] move: Rapid Spin|[of] p1a: Dhelmise
|-boost|p1a: Dhelmise|spe|1
|move|p2a: Gigalith|Rock Blast|p1a: Dhelmise
|-damage|p1a: Dhelmise|83/100
|-damage|p1a: Dhelmise|71/100
|-damage|p1a: Dhelmise|58/100
|-damage|p1a: Dhelmise|45/100
|-hitcount|p1a: Dhelmise|4
|
|-weather|Sandstorm|[upkeep]
|-damage|p1a: Dhelmise|39/100|[from] Sandstorm
|-heal|p2a: Gigalith|93/100|[from] item: Leftovers
|upkeep
|turn|5
|
|switch|p2a: Vileplume|Vileplume, M|100/100
|move|p1a: Dhelmise|Anchor Shot|p2a: Vileplume
|-damage|p2a: Vileplume|67/100
|-activate|p2a: Vileplume|trapped
|
|-weather|Sandstorm|[upkeep]
|-damage|p1a: Dhelmise|33/100|[from] Sandstorm
|-damage|p2a: Vileplume|61/100|[from] Sandstorm
|-heal|p2a: Vileplume|67/100|[from] item: Black Sludge
|upkeep
|turn|6
|
|move|p1a: Dhelmise|Anchor Shot|p2a: Vileplume
|-damage|p2a: Vileplume|32/100
|move|p2a: Vileplume|Strength Sap|p1a: Dhelmise
|-unboost|p1a: Dhelmise|atk|1
|-heal|p2a: Vileplume|100/100
|
|-weather|none
|upkeep
|turn|7
|
|switch|p1a: Mantine|Mantine, F|100/100
|move|p2a: Vileplume|Sludge Bomb|p1a: Mantine
|-damage|p1a: Mantine|72/100
|
|upkeep
|turn|8
|j| pedal_pusher
|
|switch|p2a: Sigilyph|Sigilyph, F|100/100
|move|p1a: Mantine|Hurricane|p2a: Sigilyph
|-damage|p2a: Sigilyph|18/100
|-start|p2a: Sigilyph|confusion
|-damage|p1a: Mantine|62/100|[from] item: Life Orb
|
|upkeep
|turn|9
|
|switch|p2a: Vaporeon|Vaporeon, M|100/100
|switch|p1a: Silvally|Silvally-Dark|100/100
|
|upkeep
|turn|10
|
|move|p1a: Silvally|U-turn|p2a: Vaporeon
|-damage|p2a: Vaporeon|87/100
|
|switch|p1a: Dhelmise|Dhelmise|33/100|[from]move: U-turn
|move|p2a: Vaporeon|Wish|p2a: Vaporeon
|
|-heal|p2a: Vaporeon|93/100|[from] item: Leftovers
|upkeep
|turn|11
|
|move|p2a: Vaporeon|Ice Beam|p1a: Dhelmise
|-supereffective|p1a: Dhelmise
|-damage|p1a: Dhelmise|0 fnt
|faint|p1a: Dhelmise
|
|-heal|p2a: Vaporeon|100/100|[from] move: Wish|[wisher] Vaporeon
|upkeep
|
|switch|p1a: Silvally|Silvally-Dark|100/100
|turn|12
|
|move|p1a: Silvally|Swords Dance|p1a: Silvally
|-boost|p1a: Silvally|atk|2
|move|p2a: Vaporeon|Scald|p1a: Silvally
|-crit|p1a: Silvally
|-damage|p1a: Silvally|55/100
|
|upkeep
|turn|13
|
|switch|p2a: Passimian|Passimian, M|100/100
|move|p1a: Silvally|Multi-Attack|p2a: Passimian
|-resisted|p2a: Passimian
|-crit|p2a: Passimian
|-damage|p2a: Passimian|22/100
|
|upkeep
|turn|14
|
|switch|p1a: Aromatisse|Aromatisse, M|83/100
|move|p2a: Passimian|U-turn|p1a: Aromatisse
|-resisted|p1a: Aromatisse
|-damage|p1a: Aromatisse|74/100
|
|switch|p2a: Gigalith|Gigalith, F|93/100|[from]move: U-turn
|-weather|Sandstorm|[from] ability: Sand Stream|[of] p2a: Gigalith
|
|-weather|Sandstorm|[upkeep]
|-damage|p1a: Aromatisse|68/100|[from] Sandstorm
|-heal|p2a: Gigalith|99/100|[from] item: Leftovers
|upkeep
|turn|15
|
|switch|p1a: Piloswine|Piloswine, F|100/100
|move|p2a: Gigalith|Stealth Rock|p1a: Piloswine
|-sidestart|p1: CherylBush|move: Stealth Rock
|
|-weather|Sandstorm|[upkeep]
|-heal|p2a: Gigalith|100/100|[from] item: Leftovers
|upkeep
|turn|16
|
|move|p1a: Piloswine|Icicle Crash|p2a: Gigalith
|-damage|p2a: Gigalith|60/100
|move|p2a: Gigalith|Body Press|p1a: Piloswine
|-supereffective|p1a: Piloswine
|-damage|p1a: Piloswine|34/100
|
|-weather|Sandstorm|[upkeep]
|-heal|p2a: Gigalith|66/100|[from] item: Leftovers
|upkeep
|turn|17
|
|move|p1a: Piloswine|Icicle Crash|p2a: Gigalith
|-damage|p2a: Gigalith|28/100
|move|p2a: Gigalith|Body Press|p1a: Piloswine
|-supereffective|p1a: Piloswine
|-damage|p1a: Piloswine|0 fnt
|faint|p1a: Piloswine
|
|-weather|Sandstorm|[upkeep]
|-heal|p2a: Gigalith|34/100|[from] item: Leftovers
|upkeep
|
|switch|p1a: Silvally|Silvally-Dark|55/100
|-damage|p1a: Silvally|42/100|[from] Stealth Rock
|turn|18
|
|move|p1a: Silvally|Multi-Attack|p2a: Gigalith
|-damage|p2a: Gigalith|5/100
|move|p2a: Gigalith|Body Press|p1a: Silvally
|-supereffective|p1a: Silvally
|-damage|p1a: Silvally|0 fnt
|faint|p1a: Silvally
|
|-weather|none
|-heal|p2a: Gigalith|11/100|[from] item: Leftovers
|upkeep
|c|☆CherylBush|lol
|-message|CherylBush forfeited.
|
|win|bebo7788
|c|☆bebo7788|lol
|l|☆CherylBush
|raw|CherylBush's rating: 1346 &rarr; <strong>1330</strong><br />(-16 for losing)
|raw|bebo7788's rating: 1423 &rarr; <strong>1439</strong><br />(+16 for winning)
