|j|☆huckle
|j|☆RULT50K p
|t:|1625797449
|gametype|singles
|player|p1|huckle|juggler-gen2|1119
|player|p2|RULT50K p|lucas|1191
|teamsize|p1|6
|teamsize|p2|6
|gen|8
|tier|[Gen 8] RU
|rated|
|rule|Sleep Clause Mod: Limit one foe put to sleep
|rule|Species Clause: Limit one of each Pokémon
|rule|OHKO Clause: OHKO moves are banned
|rule|Evasion Moves Clause: Evasion moves are banned
|rule|Endless Battle Clause: Forcing endless battles is banned
|rule|HP Percentage Mod: HP is shown in percentages
|rule|Dynamax Clause: You cannot dynamax
|clearpoke
|poke|p1|Raikou|
|poke|p1|Roserade, F|
|poke|p1|Golisopod, M|
|poke|p1|Togekiss, F|
|poke|p1|Incineroar, M|
|poke|p1|Steelix, M|
|poke|p2|Obstagoon, M|
|poke|p2|Crobat, M|
|poke|p2|Vaporeon, M|
|poke|p2|Chandelure, F|
|poke|p2|Steelix, F|
|poke|p2|Reuniclus, M|
|teampreview
|inactive|Battle timer is ON: inactive players will automatically lose when time's up. (requested by huckle)
|
|t:|1625797465
|start
|switch|p1a: Roserade|Roserade, F|100/100
|switch|p2a: Steelix|Steelix, F|100/100
|turn|1
|
|t:|1625797474
|move|p1a: Roserade|Leaf Storm|p2a: Steelix
|-damage|p2a: Steelix|37/100
|-unboost|p1a: Roserade|spa|2
|move|p2a: Steelix|Stealth Rock|p1a: Roserade
|-sidestart|p1: huckle|move: Stealth Rock
|
|-heal|p2a: Steelix|44/100|[from] item: Leftovers
|upkeep
|turn|2
|
|t:|1625797496
|switch|p1a: Togekiss|Togekiss, F|100/100
|move|p2a: Steelix|Earthquake|p1a: Togekiss
|-immune|p1a: Togekiss
|
|-heal|p2a: Steelix|50/100|[from] item: Leftovers
|upkeep
|turn|3
|j| RULT50A hjkhj
|
|t:|1625797508
|move|p1a: Togekiss|Air Slash|p2a: Steelix
|-resisted|p2a: Steelix
|-damage|p2a: Steelix|36/100
|move|p2a: Steelix|Heavy Slam|p1a: Togekiss
|-supereffective|p1a: Togekiss
|-damage|p1a: Togekiss|32/100
|
|-heal|p2a: Steelix|42/100|[from] item: Leftovers
|upkeep
|turn|4
|
|t:|1625797513
|move|p1a: Togekiss|Air Slash|p2a: Steelix
|-resisted|p2a: Steelix
|-damage|p2a: Steelix|27/100
|cant|p2a: Steelix|flinch
|
|-heal|p2a: Steelix|34/100|[from] item: Leftovers
|upkeep
|turn|5
|
|t:|1625797516
|move|p1a: Togekiss|Air Slash|p2a: Steelix
|-resisted|p2a: Steelix
|-damage|p2a: Steelix|21/100
|move|p2a: Steelix|Heavy Slam|p1a: Togekiss
|-supereffective|p1a: Togekiss
|-crit|p1a: Togekiss
|-damage|p1a: Togekiss|0 fnt
|faint|p1a: Togekiss
|
|-heal|p2a: Steelix|27/100|[from] item: Leftovers
|upkeep
|c|☆RULT50K p|dude is this a sample team
|c| RULT50A hjkhj|which one
|c|☆RULT50K p|the one im facing
|c| RULT50A hjkhj|probably
|c|☆huckle|first game back in a yr
|c| RULT50A hjkhj|idk
|inactive|huckle has 120 seconds left.
|
|t:|1625797549
|switch|p1a: Golisopod|Golisopod, M|100/100
|turn|6
|c|☆RULT50K p|o
|c|☆RULT50K p|whyd u come back
|c|☆RULT50K p|this gmae sucks
|inactive|huckle has 120 seconds left.
|c|☆huckle|bored
|c|☆huckle|haha
|c|☆RULT50K p|tru
|
|t:|1625797571
|switch|p2a: Vaporeon|Vaporeon, M|100/100
|move|p1a: Golisopod|Knock Off|p2a: Vaporeon
|-damage|p2a: Vaporeon|73/100
|-enditem|p2a: Vaporeon|Leftovers|[from] move: Knock Off|[of] p1a: Golisopod
|
|upkeep
|turn|7
|
|t:|1625797578
|switch|p1a: Roserade|Roserade, F|100/100
|-damage|p1a: Roserade|88/100|[from] Stealth Rock
|move|p2a: Vaporeon|Wish|p2a: Vaporeon
|
|-heal|p1a: Roserade|94/100|[from] item: Black Sludge
|upkeep
|turn|8
|inactive|huckle has 120 seconds left.
|
|t:|1625797585
|switch|p2a: Reuniclus|Reuniclus, M|100/100
|move|p1a: Roserade|Spikes|p2a: Reuniclus
|-sidestart|p2: RULT50K p|Spikes
|
|-heal|p1a: Roserade|100/100|[from] item: Black Sludge
|upkeep
|turn|9
|
|t:|1625797592
|move|p1a: Roserade|Sleep Powder|p2a: Reuniclus
|-status|p2a: Reuniclus|slp|[from] move: Sleep Powder
|cant|p2a: Reuniclus|slp
|
|upkeep
|turn|10
|
|t:|1625797597
|switch|p1a: Golisopod|Golisopod, M|100/100
|-curestatus|p2a: Reuniclus|slp|[msg]
|move|p2a: Reuniclus|Knock Off|p1a: Golisopod
|-damage|p1a: Golisopod|90/100
|-enditem|p1a: Golisopod|Heavy-Duty Boots|[from] move: Knock Off|[of] p2a: Reuniclus
|
|upkeep
|turn|11
|
|t:|1625797605
|switch|p2a: Crobat|Crobat, M|100/100
|move|p1a: Golisopod|Knock Off|p2a: Crobat
|-damage|p2a: Crobat|61/100
|-enditem|p2a: Crobat|Heavy-Duty Boots|[from] move: Knock Off|[of] p1a: Golisopod
|
|upkeep
|turn|12
|
|t:|1625797614
|switch|p1a: Incineroar|Incineroar, M|100/100
|-ability|p1a: Incineroar|Intimidate|boost
|-unboost|p2a: Crobat|atk|1
|move|p2a: Crobat|U-turn|p1a: Incineroar
|-damage|p1a: Incineroar|92/100
|
|t:|1625797617
|switch|p2a: Obstagoon|Obstagoon, M|100/100|[from]move: U-turn
|-damage|p2a: Obstagoon|88/100|[from] Spikes
|
|-status|p2a: Obstagoon|brn|[from] item: Flame Orb
|upkeep
|turn|13
|
|t:|1625797625
|switch|p1a: Steelix|Steelix, M|100/100
|-damage|p1a: Steelix|97/100|[from] Stealth Rock
|move|p2a: Obstagoon|Close Combat|p1a: Steelix
|-supereffective|p1a: Steelix
|-damage|p1a: Steelix|50/100
|-unboost|p2a: Obstagoon|def|1
|-unboost|p2a: Obstagoon|spd|1
|
|-heal|p1a: Steelix|56/100|[from] item: Leftovers
|-damage|p2a: Obstagoon|82/100 brn|[from] brn
|upkeep
|turn|14
|c|☆RULT50K p|o
|
|t:|1625797641
|switch|p2a: Vaporeon|Vaporeon, M|73/100
|-damage|p2a: Vaporeon|61/100|[from] Spikes
|move|p1a: Steelix|Stealth Rock|p2a: Vaporeon
|-sidestart|p2: RULT50K p|move: Stealth Rock
|
|-heal|p1a: Steelix|62/100|[from] item: Leftovers
|upkeep
|turn|15
|
|t:|1625797648
|switch|p1a: Raikou|Raikou|100/100
|-ability|p1a: Raikou|Pressure
|move|p2a: Vaporeon|Wish|p2a: Vaporeon
|
|upkeep
|turn|16
|
|t:|1625797657
|move|p2a: Vaporeon|Protect|p2a: Vaporeon
|-singleturn|p2a: Vaporeon|Protect
|move|p1a: Raikou|Volt Switch|p2a: Vaporeon
|-activate|p2a: Vaporeon|move: Protect
|
|-heal|p2a: Vaporeon|100/100|[from] move: Wish|[wisher] Vaporeon
|upkeep
|turn|17
|c| RULT50A hjkhj|how is half ur shit knocked
|c| RULT50A hjkhj|what happened
|c|☆RULT50K p|trust the process
|
|t:|1625797668
|switch|p2a: Steelix|Steelix, F|27/100
|-damage|p2a: Steelix|24/100|[from] Stealth Rock
|-damage|p2a: Steelix|12/100|[from] Spikes
|move|p1a: Raikou|Volt Switch|p2a: Steelix
|-immune|p2a: Steelix
|
|-heal|p2a: Steelix|18/100|[from] item: Leftovers
|upkeep
|turn|18
|
|t:|1625797674
|switch|p2a: Reuniclus|Reuniclus, M|100/100
|-damage|p2a: Reuniclus|88/100|[from] Stealth Rock
|-damage|p2a: Reuniclus|76/100|[from] Spikes
|move|p1a: Raikou|Aura Sphere|p2a: Reuniclus
|-resisted|p2a: Reuniclus
|-damage|p2a: Reuniclus|69/100
|
|upkeep
|turn|19
|c|☆RULT50K p|do u trust it?
|c| RULT50A hjkhj|maybe...
|
|t:|1625797683
|move|p1a: Raikou|Toxic|p2a: Reuniclus
|-status|p2a: Reuniclus|tox
|move|p2a: Reuniclus|Knock Off|p1a: Raikou
|-damage|p1a: Raikou|81/100
|-enditem|p1a: Raikou|Heavy-Duty Boots|[from] move: Knock Off|[of] p2a: Reuniclus
|
|-damage|p2a: Reuniclus|63/100 tox|[from] psn
|upkeep
|turn|20
|c| RULT50A hjkhj|nope
|c|☆RULT50K p|o
|c|☆RULT50K p|O
|c| RULT50A hjkhj|i no longer trust it
|c|☆huckle|u couldve checked i had toxic
|c|☆RULT50K p|its okay watch ths
|
|t:|1625797707
|move|p1a: Raikou|Volt Switch|p2a: Reuniclus
|-damage|p2a: Reuniclus|46/100 tox
|
|t:|1625797711
|switch|p1a: Incineroar|Incineroar, M|92/100|[from]move: Volt Switch
|-ability|p1a: Incineroar|Intimidate|boost
|-unboost|p2a: Reuniclus|atk|1
|move|p2a: Reuniclus|Focus Blast|p1a: Incineroar
|-supereffective|p1a: Incineroar
|-damage|p1a: Incineroar|17/100
|
|-damage|p2a: Reuniclus|34/100 tox|[from] psn
|upkeep
|turn|21
|c|☆RULT50K p|epic play incoming
|c|☆RULT50K p|Gn
|c|☆huckle|yoo
|c| RULT50A hjkhj|oh ok
|
|t:|1625797722
|switch|p2a: Steelix|Steelix, F|18/100
|-damage|p2a: Steelix|15/100|[from] Stealth Rock
|-damage|p2a: Steelix|2/100|[from] Spikes
|move|p1a: Incineroar|Knock Off|p2a: Steelix
|-damage|p2a: Steelix|0 fnt
|-enditem|p2a: Steelix|Leftovers|[from] move: Knock Off|[of] p1a: Incineroar
|faint|p2a: Steelix
|
|upkeep
|c|☆RULT50K p|o wait
|c|☆huckle|that chandelure lookin scari
|c|☆RULT50K p|ye
|inactive|RULT50K p has 120 seconds left.
|c|☆RULT50K p|it would be a shame if it was scarf or something
|
|t:|1625797757
|switch|p2a: Obstagoon|Obstagoon, M|82/100 brn
|-damage|p2a: Obstagoon|70/100 brn|[from] Spikes
|-damage|p2a: Obstagoon|58/100 brn|[from] Stealth Rock
|turn|22
|
|t:|1625797763
|move|p2a: Obstagoon|Knock Off|p1a: Incineroar
|-resisted|p1a: Incineroar
|-damage|p1a: Incineroar|0 fnt
|-enditem|p1a: Incineroar|Heavy-Duty Boots|[from] move: Knock Off|[of] p2a: Obstagoon
|faint|p1a: Incineroar
|
|-damage|p2a: Obstagoon|52/100 brn|[from] brn
|upkeep
|c| RULT50A hjkhj|he's baiting u
|c|☆RULT50K p|o
|c|☆RULT50K p|o
|c|☆RULT50K p|o
|c| RULT50A hjkhj|he has water shuriken on the golispod
|c| RULT50A hjkhj|dont fall for it
|inactive|huckle has 120 seconds left.
|c|☆RULT50K p|too true
|
|t:|1625797796
|switch|p1a: Raikou|Raikou|81/100
|-damage|p1a: Raikou|68/100|[from] Stealth Rock
|-ability|p1a: Raikou|Pressure
|turn|23
|inactive|RULT50K p has 120 seconds left.
|c|☆RULT50K p|hm
|inactive|RULT50K p has 90 seconds left.
|
|t:|1625797857
|move|p1a: Raikou|Thunderbolt|p2a: Obstagoon
|-damage|p2a: Obstagoon|0 fnt
|faint|p2a: Obstagoon
|
|upkeep
|
|t:|1625797863
|switch|p2a: Reuniclus|Reuniclus, M|67/100 tox
|-damage|p2a: Reuniclus|55/100 tox|[from] Spikes
|-damage|p2a: Reuniclus|43/100 tox|[from] Stealth Rock
|turn|24
|inactive|huckle has 120 seconds left.
|
|t:|1625797913
|move|p1a: Raikou|Thunderbolt|p2a: Reuniclus
|-damage|p2a: Reuniclus|21/100 tox
|move|p2a: Reuniclus|Psyshock|p1a: Raikou
|-damage|p1a: Raikou|15/100
|
|-damage|p2a: Reuniclus|15/100 tox|[from] psn
|upkeep
|turn|25
|
|t:|1625797925
|move|p1a: Raikou|Thunderbolt|p2a: Reuniclus
|-damage|p2a: Reuniclus|0 fnt
|faint|p2a: Reuniclus
|
|upkeep
|
|t:|1625797927
|switch|p2a: Chandelure|Chandelure, F|100/100
|-damage|p2a: Chandelure|76/100|[from] Stealth Rock
|-damage|p2a: Chandelure|63/100|[from] Spikes
|turn|26
|
|t:|1625797949
|switch|p1a: Steelix|Steelix, M|62/100
|-damage|p1a: Steelix|59/100|[from] Stealth Rock
|move|p2a: Chandelure|Flamethrower|p1a: Steelix
|-supereffective|p1a: Steelix
|-damage|p1a: Steelix|0 fnt
|faint|p1a: Steelix
|
|upkeep
|inactive|huckle has 90 seconds left.
|
|t:|1625797961
|switch|p1a: Golisopod|Golisopod, M|90/100
|-damage|p1a: Golisopod|65/100|[from] Stealth Rock
|turn|27
|c| RULT50A hjkhj|oh wait
|inactive|RULT50K p has 120 seconds left.
|c| RULT50A hjkhj|i trust the process now
|inactive|huckle has 90 seconds left.
|c| RULT50A hjkhj|well done
|c| RULT50A hjkhj|i see the plan
|c|☆RULT50K p|ye
|c|☆RULT50K p|ye
|c|☆RULT50K p|ye
|c|☆RULT50K p|just gonna
|inactive|RULT50K p has 90 seconds left.
|c|☆RULT50K p|search up this team
|c|☆RULT50K p|Brb
|c|☆RULT50K p|https://pokepast.es/a0e86c53aa888c8d
|c|☆RULT50K p|Gm
|
|t:|1625798018
|switch|p2a: Vaporeon|Vaporeon, M|100/100
|-damage|p2a: Vaporeon|88/100|[from] Spikes
|-damage|p2a: Vaporeon|76/100|[from] Stealth Rock
|switch|p1a: Roserade|Roserade, F|100/100
|-damage|p1a: Roserade|88/100|[from] Stealth Rock
|
|-heal|p1a: Roserade|94/100|[from] item: Black Sludge
|upkeep
|turn|28
|c|☆RULT50K p|o
|inactive|huckle has 90 seconds left.
|inactive|RULT50K p has 60 seconds left.
|c| RULT50A hjkhj|what
|c| RULT50A hjkhj|are u doing
|c| RULT50A hjkhj|why didnt u just
|c| RULT50A hjkhj|sac
|inactive|RULT50K p has 30 seconds left.
|c| RULT50A hjkhj|and win with crobat
|c|☆RULT50K p|why would i do dat
|inactive|RULT50K p has 20 seconds left.
|c| RULT50A hjkhj|u roost after he jets
|c|☆RULT50K p|O
|c|☆RULT50K p|ye
|inactive|RULT50K p has 15 seconds left.
|c|☆RULT50K p|u right
|c| RULT50A hjkhj|and then bb kills everything
|inactive|RULT50K p has 10 seconds left.
|
|t:|1625798090
|move|p1a: Roserade|Leaf Storm|p2a: Vaporeon
|-supereffective|p2a: Vaporeon
|-damage|p2a: Vaporeon|0 fnt
|-unboost|p1a: Roserade|spa|2
|faint|p2a: Vaporeon
|
|-heal|p1a: Roserade|100/100|[from] item: Black Sludge
|upkeep
|inactive|RULT50K p has 15 seconds left this turn.
|
|t:|1625798092
|switch|p2a: Crobat|Crobat, M|61/100
|-damage|p2a: Crobat|36/100|[from] Stealth Rock
|turn|29
|inactive|RULT50K p has 25 seconds left this turn.
|
|t:|1625798096
|move|p2a: Crobat|Roost|p2a: Crobat
|-heal|p2a: Crobat|86/100
|-singleturn|p2a: Crobat|move: Roost
|move|p1a: Roserade|Sleep Powder|p2a: Crobat
|-status|p2a: Crobat|slp|[from] move: Sleep Powder
|
|upkeep
|turn|30
|c|☆RULT50K p|er
|c|☆RULT50K p|er
|c|☆RULT50K p|e
|c|☆RULT50K p|i will simpyl
|c|☆RULT50K p|wake up\
|inactive|RULT50K p has 30 seconds left.
|
|t:|1625798111
|switch|p1a: Raikou|Raikou|15/100
|-damage|p1a: Raikou|3/100|[from] Stealth Rock
|-ability|p1a: Raikou|Pressure
|cant|p2a: Crobat|slp
|
|upkeep
|turn|31
|c| RULT50A hjkhj|1st turn wake
|c| RULT50A hjkhj|lets go
|
|t:|1625798119
|cant|p2a: Crobat|slp
|move|p1a: Raikou|Thunderbolt|p2a: Crobat
|-supereffective|p2a: Crobat
|-damage|p2a: Crobat|0 fnt
|faint|p2a: Crobat
|
|upkeep
|c|☆RULT50K p|luck
|c| RULT50A hjkhj|choked
|c|☆RULT50K p|y
|c|☆RULT50K p|Fog
|-message|RULT50K p forfeited.
|
|win|huckle
|raw|huckle's rating: 1119 &rarr; <strong>1150</strong><br />(+31 for winning)
|raw|RULT50K p's rating: 1203 &rarr; <strong>1172</strong><br />(-31 for losing)
|c|☆huckle|gg4
|l|☆RULT50K p
|c| RULT50A hjkhj|gg
