|j|☆S-Baleno
|j|☆Kairak
|t:|1598998749
|player|p1|S-Baleno|burglar-gen1|1515
|player|p2|Kairak|roughneck-gen4|1437
|teamsize|p1|6
|teamsize|p2|6
|gametype|singles
|gen|8
|tier|[Gen 8] RU
|rated|
|clearpoke
|poke|p1|Mantine, F|
|poke|p1|Ludicolo, M|
|poke|p1|Barraskewda, F|
|poke|p1|Klefki, F|
|poke|p1|Drednaw, M|
|poke|p1|Heliolisk, M|
|poke|p2|Drapion, F|
|poke|p2|Gardevoir, M|
|poke|p2|Vikavolt, F|
|poke|p2|Seismitoad, M|
|poke|p2|Coalossal, F|
|poke|p2|Decidueye, F|
|rule|Sleep Clause Mod: Limit one foe put to sleep
|rule|Species Clause: Limit one of each Pokémon
|rule|OHKO Clause: OHKO moves are banned
|rule|Evasion Moves Clause: Evasion moves are banned
|rule|Endless Battle Clause: Forcing endless battles is banned
|rule|HP Percentage Mod: HP is shown in percentages
|rule|Dynamax Clause: You cannot dynamax
|teampreview
|
|t:|1598998763
|start
|switch|p1a: Drednaw|Drednaw, M|100/100
|switch|p2a: Vikavolt|Vikavolt, F, shiny|100/100
|turn|1
|
|t:|1598998766
|move|p1a: Drednaw|Head Smash|p2a: Vikavolt|[miss]
|-miss|p1a: Drednaw|p2a: Vikavolt
|move|p2a: Vikavolt|Sticky Web|p1a: Drednaw
|-sidestart|p1: S-Baleno|move: Sticky Web
|
|upkeep
|turn|2
|
|t:|1598998770
|switch|p2a: Seismitoad|Seismitoad, M|100/100
|move|p1a: Drednaw|Stealth Rock|p2a: Seismitoad
|-sidestart|p2: Kairak|move: Stealth Rock
|
|upkeep
|turn|3
|
|t:|1598998777
|move|p1a: Drednaw|Rain Dance|p1a: Drednaw
|-weather|RainDance
|move|p2a: Seismitoad|Stealth Rock|p1a: Drednaw
|-sidestart|p1: S-Baleno|move: Stealth Rock
|
|-weather|RainDance|[upkeep]
|upkeep
|turn|4
|
|t:|1598998781
|switch|p1a: Mantine|Mantine, F|100/100
|-damage|p1a: Mantine|76/100|[from] Stealth Rock
|move|p2a: Seismitoad|Earth Power|p1a: Mantine
|-immune|p1a: Mantine
|
|-weather|RainDance|[upkeep]
|upkeep
|turn|5
|
|t:|1598998783
|move|p1a: Mantine|Hurricane|p2a: Seismitoad
|-damage|p2a: Seismitoad|32/100
|move|p2a: Seismitoad|Toxic|p1a: Mantine
|-status|p1a: Mantine|tox
|
|-weather|RainDance|[upkeep]
|-heal|p2a: Seismitoad|38/100|[from] item: Leftovers
|-damage|p1a: Mantine|70/100 tox|[from] psn
|upkeep
|turn|6
|
|t:|1598998787
|switch|p2a: Coalossal|Coalossal, F|100/100
|move|p1a: Mantine|Hurricane|p2a: Coalossal
|-resisted|p2a: Coalossal
|-damage|p2a: Coalossal|81/100
|
|-weather|RainDance|[upkeep]
|-damage|p1a: Mantine|57/100 tox|[from] psn
|upkeep
|turn|7
|j| zSpxdes
|
|t:|1598998795
|switch|p1a: Ludicolo|Ludicolo, M|100/100
|-damage|p1a: Ludicolo|88/100|[from] Stealth Rock
|-activate|p1a: Ludicolo|move: Sticky Web
|-unboost|p1a: Ludicolo|spe|1
|switch|p2a: Seismitoad|Seismitoad, M|38/100
|-damage|p2a: Seismitoad|32/100|[from] Stealth Rock
|
|-weather|none
|-heal|p2a: Seismitoad|38/100|[from] item: Leftovers
|upkeep
|turn|8
|
|t:|1598998800
|switch|p2a: Gardevoir|Gardevoir, M|100/100
|-damage|p2a: Gardevoir|88/100|[from] Stealth Rock
|-ability|p2a: Gardevoir|Swift Swim|[from] ability: Trace|[of] p1a: Ludicolo
|move|p1a: Ludicolo|Giga Drain|p2a: Gardevoir
|-damage|p2a: Gardevoir|40/100
|-heal|p1a: Ludicolo|100/100|[from] drain|[of] p2a: Gardevoir
|-damage|p1a: Ludicolo|91/100|[from] item: Life Orb
|
|upkeep
|turn|9
|
|t:|1598998808
|move|p2a: Gardevoir|Moonblast|p1a: Ludicolo
|-crit|p1a: Ludicolo
|-damage|p1a: Ludicolo|12/100
|-unboost|p1a: Ludicolo|spa|1
|move|p1a: Ludicolo|Giga Drain|p2a: Gardevoir
|-damage|p2a: Gardevoir|7/100
|-heal|p1a: Ludicolo|27/100|[from] drain|[of] p2a: Gardevoir
|-damage|p1a: Ludicolo|17/100|[from] item: Life Orb
|
|upkeep
|turn|10
|
|t:|1598998814
|switch|p1a: Klefki|Klefki, F|100/100
|-activate|p1a: Klefki|move: Sticky Web
|-unboost|p1a: Klefki|spe|1
|-damage|p1a: Klefki|95/100|[from] Stealth Rock
|move|p2a: Gardevoir|Moonblast|p1a: Klefki
|-resisted|p1a: Klefki
|-damage|p1a: Klefki|72/100
|
|upkeep
|turn|11
|
|t:|1598998820
|switch|p2a: Coalossal|Coalossal, F|81/100
|move|p1a: Klefki|Rain Dance|p1a: Klefki
|-weather|RainDance
|
|-weather|RainDance|[upkeep]
|upkeep
|turn|12
|
|t:|1598998828
|switch|p1a: Mantine|Mantine, F|57/100 tox
|-damage|p1a: Mantine|33/100 tox|[from] Stealth Rock
|move|p2a: Coalossal|Rapid Spin|p1a: Mantine
|-damage|p1a: Mantine|19/100 tox
|-boost|p2a: Coalossal|spe|1
|-sideend|p2: Kairak|Stealth Rock|[from] move: Rapid Spin|[of] p2a: Coalossal
|
|-weather|RainDance|[upkeep]
|-damage|p1a: Mantine|13/100 tox|[from] psn
|upkeep
|turn|13
|
|t:|1598998832
|move|p1a: Mantine|Hurricane|p2a: Coalossal
|-resisted|p2a: Coalossal
|-damage|p2a: Coalossal|58/100
|move|p2a: Coalossal|Rock Blast|p1a: Mantine
|-supereffective|p1a: Mantine
|-damage|p1a: Mantine|0 fnt
|-hitcount|p1a: Mantine|1
|faint|p1a: Mantine
|
|-weather|RainDance|[upkeep]
|upkeep
|
|t:|1598998836
|switch|p1a: Drednaw|Drednaw, M|100/100
|-activate|p1a: Drednaw|move: Sticky Web
|-unboost|p1a: Drednaw|spe|1
|-damage|p1a: Drednaw|88/100|[from] Stealth Rock
|turn|14
|j| BBB obese pigeon 4
|
|t:|1598998840
|switch|p2a: Seismitoad|Seismitoad, M|38/100
|move|p1a: Drednaw|Head Smash|p2a: Seismitoad
|-resisted|p2a: Seismitoad
|-damage|p2a: Seismitoad|11/100
|-damage|p1a: Drednaw|70/100|[from] Recoil
|
|-weather|RainDance|[upkeep]
|-heal|p2a: Seismitoad|17/100|[from] item: Leftovers
|upkeep
|turn|15
|
|t:|1598998846
|move|p1a: Drednaw|Head Smash|p2a: Seismitoad
|-resisted|p2a: Seismitoad
|-damage|p2a: Seismitoad|0 fnt
|-damage|p1a: Drednaw|60/100|[from] Recoil
|faint|p2a: Seismitoad
|
|-weather|RainDance|[upkeep]
|upkeep
|
|t:|1598998848
|switch|p2a: Gardevoir|Gardevoir, M|7/100
|-ability|p2a: Gardevoir|Swift Swim|[from] ability: Trace|[of] p1a: Drednaw
|turn|16
|
|t:|1598998852
|switch|p1a: Klefki|Klefki, F|72/100
|-damage|p1a: Klefki|66/100|[from] Stealth Rock
|-activate|p1a: Klefki|move: Sticky Web
|-unboost|p1a: Klefki|spe|1
|move|p2a: Gardevoir|Moonblast|p1a: Klefki
|-resisted|p1a: Klefki
|-damage|p1a: Klefki|45/100
|
|-weather|RainDance|[upkeep]
|upkeep
|turn|17
|
|t:|1598998856
|switch|p2a: Coalossal|Coalossal, F|58/100
|move|p1a: Klefki|Spikes|p2a: Coalossal
|-sidestart|p2: Kairak|Spikes
|
|-weather|RainDance|[upkeep]
|upkeep
|turn|18
|
|t:|1598998860
|move|p1a: Klefki|Thunder Wave|p2a: Coalossal
|-status|p2a: Coalossal|par
|move|p2a: Coalossal|Rapid Spin|p1a: Klefki
|-resisted|p1a: Klefki
|-damage|p1a: Klefki|40/100
|-boost|p2a: Coalossal|spe|1
|-sideend|p2: Kairak|Spikes|[from] move: Rapid Spin|[of] p2a: Coalossal
|
|-weather|none
|upkeep
|turn|19
|
|t:|1598998864
|move|p1a: Klefki|Rain Dance|p1a: Klefki
|-weather|RainDance
|cant|p2a: Coalossal|par
|
|-weather|RainDance|[upkeep]
|upkeep
|turn|20
|
|t:|1598998868
|switch|p1a: Drednaw|Drednaw, M|60/100
|-damage|p1a: Drednaw|47/100|[from] Stealth Rock
|-activate|p1a: Drednaw|move: Sticky Web
|-unboost|p1a: Drednaw|spe|1
|move|p2a: Coalossal|Will-O-Wisp|p1a: Drednaw
|-status|p1a: Drednaw|brn
|
|-weather|RainDance|[upkeep]
|-damage|p1a: Drednaw|41/100 brn|[from] brn
|upkeep
|turn|21
|
|t:|1598998873
|switch|p2a: Vikavolt|Vikavolt, F, shiny|100/100
|move|p1a: Drednaw|Stealth Rock|p2a: Vikavolt
|-sidestart|p2: Kairak|move: Stealth Rock
|
|-weather|RainDance|[upkeep]
|-damage|p1a: Drednaw|35/100 brn|[from] brn
|upkeep
|turn|22
|
|t:|1598998877
|move|p1a: Drednaw|Head Smash|p2a: Vikavolt
|-supereffective|p2a: Vikavolt
|-damage|p2a: Vikavolt|40/100
|-damage|p1a: Drednaw|1/100 brn|[from] Recoil
|move|p2a: Vikavolt|Roost|p2a: Vikavolt
|-heal|p2a: Vikavolt|90/100
|-singleturn|p2a: Vikavolt|move: Roost
|
|-weather|RainDance|[upkeep]
|-damage|p1a: Drednaw|0 fnt|[from] brn
|faint|p1a: Drednaw
|upkeep
|
|t:|1598998883
|switch|p1a: Barraskewda|Barraskewda, F|100/100
|-activate|p1a: Barraskewda|move: Sticky Web
|-unboost|p1a: Barraskewda|spe|1
|-damage|p1a: Barraskewda|88/100|[from] Stealth Rock
|turn|23
|
|t:|1598998886
|move|p1a: Barraskewda|Liquidation|p2a: Vikavolt
|-damage|p2a: Vikavolt|16/100
|-damage|p1a: Barraskewda|78/100|[from] item: Life Orb
|move|p2a: Vikavolt|Volt Switch|p1a: Barraskewda
|-supereffective|p1a: Barraskewda
|-damage|p1a: Barraskewda|0 fnt
|faint|p1a: Barraskewda
|
|t:|1598998892
|switch|p2a: Decidueye|Decidueye, F|100/100|[from]move: Volt Switch
|-damage|p2a: Decidueye|88/100|[from] Stealth Rock
|
|-weather|RainDance|[upkeep]
|upkeep
|
|t:|1598998901
|switch|p1a: Heliolisk|Heliolisk, M|100/100
|-activate|p1a: Heliolisk|move: Sticky Web
|-unboost|p1a: Heliolisk|spe|1
|-damage|p1a: Heliolisk|88/100|[from] Stealth Rock
|turn|24
|
|t:|1598998905
|move|p2a: Decidueye|Nasty Plot|p2a: Decidueye
|-boost|p2a: Decidueye|spa|2
|move|p1a: Heliolisk|Thunder|p2a: Decidueye
|-resisted|p2a: Decidueye
|-damage|p2a: Decidueye|48/100
|-damage|p1a: Heliolisk|78/100|[from] item: Life Orb
|
|-weather|RainDance|[upkeep]
|-heal|p1a: Heliolisk|91/100|[from] ability: Dry Skin
|upkeep
|turn|25
|
|t:|1598998912
|switch|p1a: Klefki|Klefki, F|40/100
|-activate|p1a: Klefki|move: Sticky Web
|-unboost|p1a: Klefki|spe|1
|-damage|p1a: Klefki|34/100|[from] Stealth Rock
|move|p2a: Decidueye|Giga Drain|p1a: Klefki
|-resisted|p1a: Klefki
|-damage|p1a: Klefki|0 fnt
|-heal|p2a: Decidueye|66/100|[from] drain|[of] p1a: Klefki
|faint|p1a: Klefki
|
|-weather|RainDance|[upkeep]
|upkeep
|
|t:|1598998914
|switch|p1a: Ludicolo|Ludicolo, M|17/100
|-activate|p1a: Ludicolo|move: Sticky Web
|-unboost|p1a: Ludicolo|spe|1
|-damage|p1a: Ludicolo|4/100|[from] Stealth Rock
|turn|26
|
|t:|1598998917
|move|p1a: Ludicolo|Giga Drain|p2a: Decidueye
|-resisted|p2a: Decidueye
|-damage|p2a: Decidueye|41/100
|-heal|p1a: Ludicolo|17/100|[from] drain|[of] p2a: Decidueye
|-damage|p1a: Ludicolo|7/100|[from] item: Life Orb
|move|p2a: Decidueye|Giga Drain|p1a: Ludicolo
|-damage|p1a: Ludicolo|0 fnt
|-heal|p2a: Decidueye|44/100|[from] drain|[of] p1a: Ludicolo
|faint|p1a: Ludicolo
|
|-weather|none
|upkeep
|-message|S-Baleno forfeited.
|
|win|Kairak
|l|☆S-Baleno
