|j|☆Rahel^‿^Gamer03
|j|☆JigglyThot
|player|p1|Rahel^‿^Gamer03|ninjaboy-gen3|1292
|player|p2|JigglyThot|swimmerf|1282
|teamsize|p1|6
|teamsize|p2|6
|gametype|singles
|gen|8
|tier|[Gen 8] RU
|rated|
|clearpoke
|poke|p1|Raichu-Alola, F|
|poke|p1|Rillaboom, M|
|poke|p1|Copperajah, M|
|poke|p1|Xatu, F|
|poke|p1|Coalossal, M|
|poke|p1|Gastrodon, M|
|poke|p2|Xatu, M|
|poke|p2|Boltund, M|
|poke|p2|Aromatisse, M|
|poke|p2|Snorlax, M|
|poke|p2|Gallade, M|
|poke|p2|Jellicent, F|
|rule|Sleep Clause Mod: Limit one foe put to sleep
|rule|Species Clause: Limit one of each Pokémon
|rule|OHKO Clause: OHKO moves are banned
|rule|Evasion Moves Clause: Evasion moves are banned
|rule|Endless Battle Clause: Forcing endless battles is banned
|rule|HP Percentage Mod: HP is shown in percentages
|rule|Dynamax Clause: You cannot dynamax
|teampreview
|
|start
|switch|p1a: Xatu|Xatu, F|100/100
|switch|p2a: Boltund|Boltund, M|100/100
|turn|1
|
|switch|p1a: Gastrodon|Gastrodon, M|100/100
|move|p2a: Boltund|Thunder Fang|p1a: Gastrodon
|-immune|p1a: Gastrodon
|
|upkeep
|turn|2
|
|switch|p2a: Xatu|Xatu, M|100/100
|switch|p1a: Raichu|Raichu-Alola, F|100/100
|
|upkeep
|turn|3
|
|switch|p2a: Snorlax|Snorlax, M|100/100
|move|p1a: Raichu|Volt Switch|p2a: Snorlax
|-damage|p2a: Snorlax|80/100
|
|switch|p1a: Copperajah|Copperajah, M|100/100|[from]move: Volt Switch
|
|upkeep
|turn|4
|
|switch|p2a: Jellicent|Jellicent, F|100/100
|move|p1a: Copperajah|Stealth Rock|p2a: Jellicent
|-sidestart|p2: JigglyThot|move: Stealth Rock
|
|upkeep
|turn|5
|
|switch|p1a: Raichu|Raichu-Alola, F|100/100
|move|p2a: Jellicent|Substitute|p2a: Jellicent
|-start|p2a: Jellicent|Substitute
|-damage|p2a: Jellicent|75/100
|
|upkeep
|turn|6
|
|move|p1a: Raichu|Volt Switch|p2a: Jellicent
|-supereffective|p2a: Jellicent
|-end|p2a: Jellicent|Substitute
|
|switch|p1a: Xatu|Xatu, F|100/100|[from]move: Volt Switch
|move|p2a: Jellicent|Shadow Ball|p1a: Xatu
|-supereffective|p1a: Xatu
|-damage|p1a: Xatu|3/100
|
|upkeep
|turn|7
|
|switch|p1a: Gastrodon|Gastrodon, M|100/100
|move|p2a: Jellicent|Water Spout|p1a: Gastrodon
|-ability|p1a: Gastrodon|Storm Drain|boost
|-boost|p1a: Gastrodon|spa|1
|
|upkeep
|turn|8
|
|move|p2a: Jellicent|Strength Sap|p1a: Gastrodon
|-unboost|p1a: Gastrodon|atk|1
|-heal|p2a: Jellicent|100/100
|move|p1a: Gastrodon|Ice Beam|p2a: Jellicent
|-resisted|p2a: Jellicent
|-damage|p2a: Jellicent|88/100
|
|upkeep
|turn|9
|
|move|p2a: Jellicent|Substitute|p2a: Jellicent
|-start|p2a: Jellicent|Substitute
|-damage|p2a: Jellicent|63/100
|move|p1a: Gastrodon|Ice Beam|p2a: Jellicent
|-resisted|p2a: Jellicent
|-activate|p2a: Jellicent|move: Substitute|[damage]
|
|upkeep
|turn|10
|
|move|p2a: Jellicent|Shadow Ball|p1a: Gastrodon
|-damage|p1a: Gastrodon|74/100
|move|p1a: Gastrodon|Ice Beam|p2a: Jellicent
|-resisted|p2a: Jellicent
|-activate|p2a: Jellicent|move: Substitute|[damage]
|
|-heal|p1a: Gastrodon|80/100|[from] item: Leftovers
|upkeep
|turn|11
|
|move|p2a: Jellicent|Shadow Ball|p1a: Gastrodon
|-damage|p1a: Gastrodon|54/100
|move|p1a: Gastrodon|Ice Beam|p2a: Jellicent
|-resisted|p2a: Jellicent
|-end|p2a: Jellicent|Substitute
|
|-heal|p1a: Gastrodon|60/100|[from] item: Leftovers
|upkeep
|turn|12
|
|switch|p1a: Rillaboom|Rillaboom, M|100/100
|move|p2a: Jellicent|Strength Sap|p1a: Rillaboom
|-unboost|p1a: Rillaboom|atk|1
|-heal|p2a: Jellicent|100/100
|
|upkeep
|turn|13
|
|switch|p2a: Xatu|Xatu, M|100/100
|move|p1a: Rillaboom|Knock Off|p2a: Xatu
|-supereffective|p2a: Xatu
|-damage|p2a: Xatu|53/100
|-enditem|p2a: Xatu|Heavy-Duty Boots|[from] move: Knock Off|[of] p1a: Rillaboom
|
|upkeep
|turn|14
|
|switch|p1a: Xatu|Xatu, F|3/100
|move|p2a: Xatu|Defog|p1a: Xatu
|move|p1a: Xatu|Defog|p2a: Xatu|[from]Magic Bounce
|-unboost|p2a: Xatu|evasion|1
|-sideend|p2: JigglyThot|Stealth Rock|[from] move: Defog|[of] p1a: Xatu
|
|upkeep
|turn|15
|
|switch|p2a: Boltund|Boltund, M|100/100
|move|p1a: Xatu|Roost|p1a: Xatu
|-heal|p1a: Xatu|53/100
|-singleturn|p1a: Xatu|move: Roost
|
|upkeep
|turn|16
|
|switch|p1a: Gastrodon|Gastrodon, M|60/100
|move|p2a: Boltund|Crunch|p1a: Gastrodon
|-damage|p1a: Gastrodon|24/100
|-damage|p2a: Boltund|91/100|[from] item: Life Orb
|
|-heal|p1a: Gastrodon|31/100|[from] item: Leftovers
|upkeep
|turn|17
|
|switch|p1a: Copperajah|Copperajah, M|100/100
|move|p2a: Boltund|Crunch|p1a: Copperajah
|-damage|p1a: Copperajah|52/100
|-damage|p2a: Boltund|81/100|[from] item: Life Orb
|
|upkeep
|turn|18
|
|move|p2a: Boltund|Fire Fang|p1a: Copperajah
|-supereffective|p1a: Copperajah
|-enditem|p1a: Copperajah|Occa Berry|[eat]
|-enditem|p1a: Copperajah|Occa Berry|[weaken]
|-damage|p1a: Copperajah|13/100
|-damage|p2a: Boltund|71/100|[from] item: Life Orb
|move|p1a: Copperajah|Power Whip|p2a: Boltund
|-damage|p2a: Boltund|0 fnt
|faint|p2a: Boltund
|
|upkeep
|c|☆JigglyThot|good item
|
|switch|p2a: Gallade|Gallade, M|100/100
|turn|19
|
|move|p2a: Gallade|Bulk Up|p2a: Gallade
|-boost|p2a: Gallade|atk|1
|-boost|p2a: Gallade|def|1
|move|p1a: Copperajah|Heavy Slam|p2a: Gallade
|-damage|p2a: Gallade|20/100
|
|upkeep
|turn|20
|
|move|p2a: Gallade|Drain Punch|p1a: Copperajah
|-supereffective|p1a: Copperajah
|-damage|p1a: Copperajah|0 fnt
|-heal|p2a: Gallade|30/100|[from] drain|[of] p1a: Copperajah
|faint|p1a: Copperajah
|
|upkeep
|
|switch|p1a: Rillaboom|Rillaboom, M|100/100
|turn|21
|
|move|p1a: Rillaboom|Knock Off|p2a: Gallade
|-damage|p2a: Gallade|0 fnt
|-enditem|p2a: Gallade|Focus Sash|[from] move: Knock Off|[of] p1a: Rillaboom
|faint|p2a: Gallade
|
|upkeep
|
|switch|p2a: Xatu|Xatu, M|53/100
|turn|22
|
|switch|p1a: Xatu|Xatu, F|53/100
|move|p2a: Xatu|Roost|p2a: Xatu
|-heal|p2a: Xatu|100/100
|-singleturn|p2a: Xatu|move: Roost
|
|upkeep
|turn|23
|
|switch|p2a: Aromatisse|Aromatisse, M|100/100
|move|p1a: Xatu|Roost|p1a: Xatu
|-heal|p1a: Xatu|100/100
|-singleturn|p1a: Xatu|move: Roost
|
|upkeep
|turn|24
|
|move|p2a: Aromatisse|Wish|p2a: Aromatisse
|move|p1a: Xatu|Teleport|p1a: Xatu
|
|switch|p1a: Coalossal|Coalossal, M|100/100|[from]move: Teleport
|
|upkeep
|turn|25
|
|switch|p2a: Jellicent|Jellicent, F|100/100
|move|p1a: Coalossal|Spikes|p2a: Jellicent
|-sidestart|p2: JigglyThot|Spikes
|
|upkeep
|turn|26
|
|switch|p1a: Rillaboom|Rillaboom, M|100/100
|move|p2a: Jellicent|Shadow Ball|p1a: Rillaboom
|-damage|p1a: Rillaboom|56/100
|
|upkeep
|turn|27
|
|switch|p2a: Xatu|Xatu, M|100/100
|move|p1a: Rillaboom|U-turn|p2a: Xatu
|-damage|p2a: Xatu|73/100
|
|switch|p1a: Raichu|Raichu-Alola, F|100/100|[from]move: U-turn
|
|upkeep
|turn|28
|
|switch|p2a: Aromatisse|Aromatisse, M|100/100
|move|p1a: Raichu|Volt Switch|p2a: Aromatisse
|-damage|p2a: Aromatisse|65/100
|
|switch|p1a: Coalossal|Coalossal, M|100/100|[from]move: Volt Switch
|
|upkeep
|turn|29
|
|move|p2a: Aromatisse|Wish|p2a: Aromatisse
|move|p1a: Coalossal|Rock Blast|p2a: Aromatisse|[miss]
|-miss|p1a: Coalossal|p2a: Aromatisse
|
|upkeep
|turn|30
|
|switch|p2a: Snorlax|Snorlax, M|80/100
|-damage|p2a: Snorlax|67/100|[from] Spikes
|move|p1a: Coalossal|Spikes|p2a: Snorlax
|-sidestart|p2: JigglyThot|Spikes
|
|-heal|p2a: Snorlax|100/100|[from] move: Wish|[wisher] Aromatisse
|upkeep
|turn|31
|
|switch|p1a: Xatu|Xatu, F|100/100
|move|p2a: Snorlax|Curse|p2a: Snorlax
|-unboost|p2a: Snorlax|spe|1
|-boost|p2a: Snorlax|atk|1
|-boost|p2a: Snorlax|def|1
|
|upkeep
|turn|32
|
|move|p1a: Xatu|Heat Wave|p2a: Snorlax
|-damage|p2a: Snorlax|91/100
|move|p2a: Snorlax|Darkest Lariat|p1a: Xatu
|-supereffective|p1a: Xatu
|-damage|p1a: Xatu|40/100
|-damage|p2a: Snorlax|74/100|[from] item: Rocky Helmet|[of] p1a: Xatu
|
|upkeep
|turn|33
|
|move|p1a: Xatu|Roost|p1a: Xatu
|-heal|p1a: Xatu|91/100
|-singleturn|p1a: Xatu|move: Roost
|move|p2a: Snorlax|Curse|p2a: Snorlax
|-unboost|p2a: Snorlax|spe|1
|-boost|p2a: Snorlax|atk|1
|-boost|p2a: Snorlax|def|1
|
|upkeep
|turn|34
|
|move|p1a: Xatu|Heat Wave|p2a: Snorlax
|-crit|p2a: Snorlax
|-damage|p2a: Snorlax|59/100
|move|p2a: Snorlax|Curse|p2a: Snorlax
|-unboost|p2a: Snorlax|spe|1
|-boost|p2a: Snorlax|atk|1
|-boost|p2a: Snorlax|def|1
|
|upkeep
|turn|35
|
|move|p1a: Xatu|Heat Wave|p2a: Snorlax
|-damage|p2a: Snorlax|50/100
|-enditem|p2a: Snorlax|Figy Berry|[eat]
|-heal|p2a: Snorlax|83/100|[from] item: Figy Berry
|move|p2a: Snorlax|Curse|p2a: Snorlax
|-unboost|p2a: Snorlax|spe|1
|-boost|p2a: Snorlax|atk|1
|-boost|p2a: Snorlax|def|1
|
|upkeep
|turn|36
|
|move|p1a: Xatu|Heat Wave|p2a: Snorlax
|-damage|p2a: Snorlax|72/100
|move|p2a: Snorlax|Darkest Lariat|p1a: Xatu
|-supereffective|p1a: Xatu
|-damage|p1a: Xatu|0 fnt
|-damage|p2a: Snorlax|56/100|[from] item: Rocky Helmet|[of] p1a: Xatu
|faint|p1a: Xatu
|
|upkeep
|
|switch|p1a: Raichu|Raichu-Alola, F|100/100
|turn|37
|
|move|p1a: Raichu|Focus Blast|p2a: Snorlax
|-supereffective|p2a: Snorlax
|-damage|p2a: Snorlax|6/100
|move|p2a: Snorlax|Darkest Lariat|p1a: Raichu
|-supereffective|p1a: Raichu
|-damage|p1a: Raichu|0 fnt
|faint|p1a: Raichu
|
|upkeep
|
|switch|p1a: Rillaboom|Rillaboom, M|56/100
|turn|38
|
|move|p1a: Rillaboom|Wood Hammer|p2a: Snorlax
|-damage|p2a: Snorlax|0 fnt
|-damage|p1a: Rillaboom|54/100|[from] Recoil
|faint|p2a: Snorlax
|
|upkeep
|
|switch|p2a: Xatu|Xatu, M|73/100
|turn|39
|
|switch|p1a: Coalossal|Coalossal, M|100/100
|move|p2a: Xatu|Defog|p1a: Coalossal
|-unboost|p1a: Coalossal|evasion|1
|-sideend|p2: JigglyThot|Spikes|[from] move: Defog|[of] p2a: Xatu
|
|upkeep
|turn|40
|
|switch|p2a: Jellicent|Jellicent, F|100/100
|switch|p1a: Rillaboom|Rillaboom, M|54/100
|
|upkeep
|turn|41
|
|move|p1a: Rillaboom|Knock Off|p2a: Jellicent
|-supereffective|p2a: Jellicent
|-damage|p2a: Jellicent|17/100
|-enditem|p2a: Jellicent|Mystic Water|[from] move: Knock Off|[of] p1a: Rillaboom
|move|p2a: Jellicent|Strength Sap|p1a: Rillaboom
|-unboost|p1a: Rillaboom|atk|1
|-heal|p2a: Jellicent|100/100
|
|upkeep
|turn|42
|
|switch|p1a: Coalossal|Coalossal, M|100/100
|move|p2a: Jellicent|Strength Sap|p1a: Coalossal
|-unboost|p1a: Coalossal|atk|1
|
|upkeep
|turn|43
|
|switch|p1a: Gastrodon|Gastrodon, M|31/100
|move|p2a: Jellicent|Substitute|p2a: Jellicent
|-start|p2a: Jellicent|Substitute
|-damage|p2a: Jellicent|75/100
|
|-heal|p1a: Gastrodon|37/100|[from] item: Leftovers
|upkeep
|turn|44
|
|move|p2a: Jellicent|Shadow Ball|p1a: Gastrodon
|-damage|p1a: Gastrodon|8/100
|-unboost|p1a: Gastrodon|spd|1
|move|p1a: Gastrodon|Recover|p1a: Gastrodon
|-heal|p1a: Gastrodon|58/100
|
|-heal|p1a: Gastrodon|65/100|[from] item: Leftovers
|upkeep
|turn|45
|
|move|p2a: Jellicent|Shadow Ball|p1a: Gastrodon
|-damage|p1a: Gastrodon|21/100
|-unboost|p1a: Gastrodon|spd|1
|move|p1a: Gastrodon|Recover|p1a: Gastrodon
|-heal|p1a: Gastrodon|71/100
|
|-heal|p1a: Gastrodon|77/100|[from] item: Leftovers
|upkeep
|turn|46
|
|switch|p1a: Rillaboom|Rillaboom, M|54/100
|move|p2a: Jellicent|Shadow Ball|p1a: Rillaboom
|-damage|p1a: Rillaboom|10/100
|
|upkeep
|turn|47
|
|move|p1a: Rillaboom|Knock Off|p2a: Jellicent
|-supereffective|p2a: Jellicent
|-end|p2a: Jellicent|Substitute
|move|p2a: Jellicent|Shadow Ball|p1a: Rillaboom
|-damage|p1a: Rillaboom|0 fnt
|faint|p1a: Rillaboom
|
|upkeep
|
|switch|p1a: Gastrodon|Gastrodon, M|77/100
|turn|48
|
|move|p2a: Jellicent|Substitute|p2a: Jellicent
|-start|p2a: Jellicent|Substitute
|-damage|p2a: Jellicent|50/100
|move|p1a: Gastrodon|Recover|p1a: Gastrodon
|-heal|p1a: Gastrodon|100/100
|
|upkeep
|turn|49
|
|move|p2a: Jellicent|Strength Sap|p1a: Gastrodon
|-unboost|p1a: Gastrodon|atk|1
|-heal|p2a: Jellicent|93/100
|move|p1a: Gastrodon|Ice Beam|p2a: Jellicent
|-resisted|p2a: Jellicent
|-activate|p2a: Jellicent|move: Substitute|[damage]
|
|upkeep
|turn|50
|
|move|p2a: Jellicent|Shadow Ball|p1a: Gastrodon
|-damage|p1a: Gastrodon|72/100
|move|p1a: Gastrodon|Ice Beam|p2a: Jellicent
|-resisted|p2a: Jellicent
|-activate|p2a: Jellicent|move: Substitute|[damage]
|
|-heal|p1a: Gastrodon|78/100|[from] item: Leftovers
|upkeep
|turn|51
|j| Pablochu
|inactive|Battle timer is ON: inactive players will automatically lose when time's up. (requested by JigglyThot)
|
|move|p2a: Jellicent|Shadow Ball|p1a: Gastrodon
|-damage|p1a: Gastrodon|51/100
|move|p1a: Gastrodon|Recover|p1a: Gastrodon
|-heal|p1a: Gastrodon|100/100
|
|upkeep
|turn|52
|
|move|p2a: Jellicent|Shadow Ball|p1a: Gastrodon
|-damage|p1a: Gastrodon|71/100
|move|p1a: Gastrodon|Ice Beam|p2a: Jellicent
|-resisted|p2a: Jellicent
|-activate|p2a: Jellicent|move: Substitute|[damage]
|
|-heal|p1a: Gastrodon|77/100|[from] item: Leftovers
|upkeep
|turn|53
|
|move|p2a: Jellicent|Shadow Ball|p1a: Gastrodon
|-damage|p1a: Gastrodon|48/100
|move|p1a: Gastrodon|Ice Beam|p2a: Jellicent
|-resisted|p2a: Jellicent
|-end|p2a: Jellicent|Substitute
|
|-heal|p1a: Gastrodon|54/100|[from] item: Leftovers
|upkeep
|turn|54
|
|move|p2a: Jellicent|Substitute|p2a: Jellicent
|-start|p2a: Jellicent|Substitute
|-damage|p2a: Jellicent|68/100
|move|p1a: Gastrodon|Recover|p1a: Gastrodon
|-heal|p1a: Gastrodon|100/100
|
|upkeep
|turn|55
|l| Pablochu
|
|move|p2a: Jellicent|Shadow Ball|p1a: Gastrodon
|-damage|p1a: Gastrodon|74/100
|move|p1a: Gastrodon|Ice Beam|p2a: Jellicent
|-resisted|p2a: Jellicent
|-activate|p2a: Jellicent|move: Substitute|[damage]
|
|-heal|p1a: Gastrodon|80/100|[from] item: Leftovers
|upkeep
|turn|56
|
|move|p2a: Jellicent|Shadow Ball|p1a: Gastrodon
|-damage|p1a: Gastrodon|54/100
|move|p1a: Gastrodon|Clear Smog|p2a: Jellicent
|-resisted|p2a: Jellicent
|-activate|p2a: Jellicent|move: Substitute|[damage]
|
|-heal|p1a: Gastrodon|60/100|[from] item: Leftovers
|upkeep
|turn|57
|
|move|p2a: Jellicent|Shadow Ball|p1a: Gastrodon
|-damage|p1a: Gastrodon|33/100
|move|p1a: Gastrodon|Recover|p1a: Gastrodon
|-heal|p1a: Gastrodon|83/100
|
|-heal|p1a: Gastrodon|89/100|[from] item: Leftovers
|upkeep
|turn|58
|
|move|p2a: Jellicent|Shadow Ball|p1a: Gastrodon
|-damage|p1a: Gastrodon|59/100
|move|p1a: Gastrodon|Clear Smog|p2a: Jellicent
|-resisted|p2a: Jellicent
|-activate|p2a: Jellicent|move: Substitute|[damage]
|
|-heal|p1a: Gastrodon|65/100|[from] item: Leftovers
|upkeep
|turn|59
|
|move|p2a: Jellicent|Shadow Ball|p1a: Gastrodon
|-damage|p1a: Gastrodon|39/100
|move|p1a: Gastrodon|Clear Smog|p2a: Jellicent
|-resisted|p2a: Jellicent
|-activate|p2a: Jellicent|move: Substitute|[damage]
|
|-heal|p1a: Gastrodon|46/100|[from] item: Leftovers
|upkeep
|turn|60
|
|move|p2a: Jellicent|Shadow Ball|p1a: Gastrodon
|-damage|p1a: Gastrodon|16/100
|move|p1a: Gastrodon|Recover|p1a: Gastrodon
|-heal|p1a: Gastrodon|66/100
|
|-heal|p1a: Gastrodon|72/100|[from] item: Leftovers
|upkeep
|turn|61
|
|move|p2a: Jellicent|Shadow Ball|p1a: Gastrodon
|-damage|p1a: Gastrodon|44/100
|move|p1a: Gastrodon|Clear Smog|p2a: Jellicent
|-resisted|p2a: Jellicent
|-end|p2a: Jellicent|Substitute
|
|-heal|p1a: Gastrodon|50/100|[from] item: Leftovers
|upkeep
|turn|62
|
|move|p2a: Jellicent|Substitute|p2a: Jellicent
|-start|p2a: Jellicent|Substitute
|-damage|p2a: Jellicent|43/100
|move|p1a: Gastrodon|Recover|p1a: Gastrodon
|-heal|p1a: Gastrodon|99/100
|
|-heal|p1a: Gastrodon|100/100|[from] item: Leftovers
|upkeep
|turn|63
|
|move|p2a: Jellicent|Shadow Ball|p1a: Gastrodon
|-damage|p1a: Gastrodon|72/100
|move|p1a: Gastrodon|Clear Smog|p2a: Jellicent
|-resisted|p2a: Jellicent
|-activate|p2a: Jellicent|move: Substitute|[damage]
|
|-heal|p1a: Gastrodon|78/100|[from] item: Leftovers
|upkeep
|turn|64
|
|move|p2a: Jellicent|Shadow Ball|p1a: Gastrodon
|-damage|p1a: Gastrodon|52/100
|move|p1a: Gastrodon|Clear Smog|p2a: Jellicent
|-resisted|p2a: Jellicent
|-activate|p2a: Jellicent|move: Substitute|[damage]
|
|-heal|p1a: Gastrodon|58/100|[from] item: Leftovers
|upkeep
|turn|65
|
|move|p2a: Jellicent|Shadow Ball|p1a: Gastrodon
|-damage|p1a: Gastrodon|30/100
|move|p1a: Gastrodon|Clear Smog|p2a: Jellicent
|-resisted|p2a: Jellicent
|-activate|p2a: Jellicent|move: Substitute|[damage]
|
|-heal|p1a: Gastrodon|36/100|[from] item: Leftovers
|upkeep
|turn|66
|
|move|p2a: Jellicent|Shadow Ball|p1a: Gastrodon
|-damage|p1a: Gastrodon|6/100
|move|p1a: Gastrodon|Recover|p1a: Gastrodon
|-heal|p1a: Gastrodon|56/100
|
|-heal|p1a: Gastrodon|62/100|[from] item: Leftovers
|upkeep
|turn|67
|
|move|p2a: Jellicent|Shadow Ball|p1a: Gastrodon
|-damage|p1a: Gastrodon|36/100
|move|p1a: Gastrodon|Recover|p1a: Gastrodon
|-heal|p1a: Gastrodon|86/100
|
|-heal|p1a: Gastrodon|93/100|[from] item: Leftovers
|upkeep
|turn|68
|
|move|p2a: Jellicent|Strength Sap|p1a: Gastrodon
|-unboost|p1a: Gastrodon|atk|1
|-heal|p2a: Jellicent|72/100
|move|p1a: Gastrodon|Clear Smog|p2a: Jellicent
|-resisted|p2a: Jellicent
|-activate|p2a: Jellicent|move: Substitute|[damage]
|
|-heal|p1a: Gastrodon|99/100|[from] item: Leftovers
|upkeep
|turn|69
|
|move|p2a: Jellicent|Strength Sap|p1a: Gastrodon
|-unboost|p1a: Gastrodon|atk|1
|-heal|p2a: Jellicent|93/100
|move|p1a: Gastrodon|Clear Smog|p2a: Jellicent
|-resisted|p2a: Jellicent
|-activate|p2a: Jellicent|move: Substitute|[damage]
|
|-heal|p1a: Gastrodon|100/100|[from] item: Leftovers
|upkeep
|turn|70
|inactive|JigglyThot has 120 seconds left.
|
|switch|p2a: Xatu|Xatu, M|73/100
|move|p1a: Gastrodon|Clear Smog|p2a: Xatu
|-damage|p2a: Xatu|62/100
|-clearboost|p2a: Xatu
|
|upkeep
|turn|71
|inactive|Rahel^‿^Gamer03 has 120 seconds left.
|
|move|p2a: Xatu|Roost|p2a: Xatu
|-heal|p2a: Xatu|100/100
|-singleturn|p2a: Xatu|move: Roost
|move|p1a: Gastrodon|Scald|p2a: Xatu
|-damage|p2a: Xatu|74/100
|
|upkeep
|turn|72
|
|move|p2a: Xatu|Psychic|p1a: Gastrodon
|-damage|p1a: Gastrodon|77/100
|move|p1a: Gastrodon|Ice Beam|p2a: Xatu
|-supereffective|p2a: Xatu
|-damage|p2a: Xatu|33/100
|
|-heal|p1a: Gastrodon|83/100|[from] item: Leftovers
|upkeep
|turn|73
|inactive|Rahel^‿^Gamer03 has 120 seconds left.
|
|switch|p1a: Coalossal|Coalossal, M|100/100
|move|p2a: Xatu|Roost|p2a: Xatu
|-heal|p2a: Xatu|83/100
|-singleturn|p2a: Xatu|move: Roost
|
|upkeep
|turn|74
|inactive|Rahel^‿^Gamer03 has 120 seconds left.
|
|switch|p2a: Jellicent|Jellicent, F|93/100
|move|p1a: Coalossal|Rapid Spin|p2a: Jellicent
|-immune|p2a: Jellicent
|
|upkeep
|turn|75
|
|switch|p1a: Gastrodon|Gastrodon, M|83/100
|move|p2a: Jellicent|Water Spout|p1a: Gastrodon
|-ability|p1a: Gastrodon|Storm Drain|boost
|-boost|p1a: Gastrodon|spa|1
|
|-heal|p1a: Gastrodon|89/100|[from] item: Leftovers
|upkeep
|turn|76
|
|move|p2a: Jellicent|Strength Sap|p1a: Gastrodon
|-unboost|p1a: Gastrodon|atk|1
|-heal|p2a: Jellicent|100/100
|move|p1a: Gastrodon|Clear Smog|p2a: Jellicent
|-resisted|p2a: Jellicent
|-damage|p2a: Jellicent|94/100
|-clearboost|p2a: Jellicent
|
|-heal|p1a: Gastrodon|96/100|[from] item: Leftovers
|upkeep
|turn|77
|
|switch|p2a: Xatu|Xatu, M|83/100
|move|p1a: Gastrodon|Clear Smog|p2a: Xatu
|-damage|p2a: Xatu|65/100
|-clearboost|p2a: Xatu
|
|-heal|p1a: Gastrodon|100/100|[from] item: Leftovers
|upkeep
|turn|78
|
|move|p2a: Xatu|Roost|p2a: Xatu
|-heal|p2a: Xatu|100/100
|-singleturn|p2a: Xatu|move: Roost
|move|p1a: Gastrodon|Scald|p2a: Xatu
|-damage|p2a: Xatu|59/100
|
|upkeep
|turn|79
|
|move|p2a: Xatu|Roost|p2a: Xatu
|-heal|p2a: Xatu|100/100
|-singleturn|p2a: Xatu|move: Roost
|move|p1a: Gastrodon|Clear Smog|p2a: Xatu
|-damage|p2a: Xatu|82/100
|-clearboost|p2a: Xatu
|
|upkeep
|turn|80
|
|move|p2a: Xatu|Psychic|p1a: Gastrodon
|-damage|p1a: Gastrodon|75/100
|move|p1a: Gastrodon|Scald|p2a: Xatu
|-damage|p2a: Xatu|39/100
|
|-heal|p1a: Gastrodon|81/100|[from] item: Leftovers
|upkeep
|turn|81
|
|move|p2a: Xatu|Roost|p2a: Xatu
|-heal|p2a: Xatu|89/100
|-singleturn|p2a: Xatu|move: Roost
|move|p1a: Gastrodon|Clear Smog|p2a: Xatu
|-damage|p2a: Xatu|72/100
|-clearboost|p2a: Xatu
|
|-heal|p1a: Gastrodon|87/100|[from] item: Leftovers
|upkeep
|turn|82
|
|switch|p2a: Jellicent|Jellicent, F|94/100
|move|p1a: Gastrodon|Scald|p2a: Jellicent
|-heal|p2a: Jellicent|100/100|[from] ability: Water Absorb|[of] p1a: Gastrodon
|
|-heal|p1a: Gastrodon|93/100|[from] item: Leftovers
|upkeep
|turn|83
|
|switch|p2a: Aromatisse|Aromatisse, M|65/100
|move|p1a: Gastrodon|Clear Smog|p2a: Aromatisse
|-supereffective|p2a: Aromatisse
|-damage|p2a: Aromatisse|39/100
|-clearboost|p2a: Aromatisse
|
|-heal|p1a: Gastrodon|99/100|[from] item: Leftovers
|upkeep
|turn|84
|
|move|p1a: Gastrodon|Scald|p2a: Aromatisse
|-damage|p2a: Aromatisse|3/100
|-status|p2a: Aromatisse|brn
|move|p2a: Aromatisse|Wish|p2a: Aromatisse
|
|-heal|p1a: Gastrodon|100/100|[from] item: Leftovers
|-damage|p2a: Aromatisse|0 fnt|[from] brn
|faint|p2a: Aromatisse
|upkeep
|
|switch|p2a: Xatu|Xatu, M|72/100
|turn|85
|
|move|p2a: Xatu|Psychic|p1a: Gastrodon
|-damage|p1a: Gastrodon|75/100
|move|p1a: Gastrodon|Scald|p2a: Xatu
|-damage|p2a: Xatu|30/100
|
|-heal|p2a: Xatu|91/100|[from] move: Wish|[wisher] Aromatisse
|-heal|p1a: Gastrodon|81/100|[from] item: Leftovers
|upkeep
|turn|86
|
|move|p2a: Xatu|Psychic|p1a: Gastrodon
|-damage|p1a: Gastrodon|57/100
|move|p1a: Gastrodon|Scald|p2a: Xatu
|-damage|p2a: Xatu|50/100
|-status|p2a: Xatu|brn
|
|-heal|p1a: Gastrodon|63/100|[from] item: Leftovers
|-damage|p2a: Xatu|44/100 brn|[from] brn
|upkeep
|turn|87
|
|move|p2a: Xatu|Roost|p2a: Xatu
|-heal|p2a: Xatu|94/100 brn
|-singleturn|p2a: Xatu|move: Roost
|move|p1a: Gastrodon|Recover|p1a: Gastrodon
|-heal|p1a: Gastrodon|100/100
|
|-damage|p2a: Xatu|88/100 brn|[from] brn
|upkeep
|turn|88
|inactive|Rahel^‿^Gamer03 has 120 seconds left.
|
|switch|p2a: Jellicent|Jellicent, F|100/100
|move|p1a: Gastrodon|Scald|p2a: Jellicent
|-immune|p2a: Jellicent|[from] ability: Water Absorb
|
|upkeep
|turn|89
|
|move|p2a: Jellicent|Substitute|p2a: Jellicent
|-start|p2a: Jellicent|Substitute
|-damage|p2a: Jellicent|75/100
|move|p1a: Gastrodon|Clear Smog|p2a: Jellicent
|-resisted|p2a: Jellicent
|-activate|p2a: Jellicent|move: Substitute|[damage]
|
|upkeep
|turn|90
|
|move|p2a: Jellicent|Strength Sap|p1a: Gastrodon
|-unboost|p1a: Gastrodon|atk|1
|-heal|p2a: Jellicent|100/100
|move|p1a: Gastrodon|Clear Smog|p2a: Jellicent
|-resisted|p2a: Jellicent
|-activate|p2a: Jellicent|move: Substitute|[damage]
|
|upkeep
|turn|91
|
|switch|p2a: Xatu|Xatu, M|88/100 brn
|move|p1a: Gastrodon|Clear Smog|p2a: Xatu
|-damage|p2a: Xatu|71/100 brn
|-clearboost|p2a: Xatu
|
|-damage|p2a: Xatu|65/100 brn|[from] brn
|upkeep
|turn|92
|
|switch|p2a: Jellicent|Jellicent, F|100/100
|move|p1a: Gastrodon|Scald|p2a: Jellicent
|-immune|p2a: Jellicent|[from] ability: Water Absorb
|
|upkeep
|turn|93
|
|move|p2a: Jellicent|Substitute|p2a: Jellicent
|-start|p2a: Jellicent|Substitute
|-damage|p2a: Jellicent|75/100
|move|p1a: Gastrodon|Clear Smog|p2a: Jellicent
|-resisted|p2a: Jellicent
|-activate|p2a: Jellicent|move: Substitute|[damage]
|
|upkeep
|turn|94
|
|move|p2a: Jellicent|Strength Sap|p1a: Gastrodon
|-unboost|p1a: Gastrodon|atk|1
|-heal|p2a: Jellicent|97/100
|move|p1a: Gastrodon|Clear Smog|p2a: Jellicent
|-resisted|p2a: Jellicent
|-activate|p2a: Jellicent|move: Substitute|[damage]
|
|upkeep
|turn|95
|
|move|p2a: Jellicent|Strength Sap|p1a: Gastrodon
|-unboost|p1a: Gastrodon|atk|1
|-heal|p2a: Jellicent|100/100
|move|p1a: Gastrodon|Clear Smog|p2a: Jellicent
|-resisted|p2a: Jellicent
|-activate|p2a: Jellicent|move: Substitute|[damage]
|
|upkeep
|turn|96
|
|switch|p2a: Xatu|Xatu, M|65/100 brn
|move|p1a: Gastrodon|Clear Smog|p2a: Xatu
|-damage|p2a: Xatu|48/100 brn
|-clearboost|p2a: Xatu
|
|-damage|p2a: Xatu|42/100 brn|[from] brn
|upkeep
|turn|97
|
|move|p2a: Xatu|Roost|p2a: Xatu
|-heal|p2a: Xatu|92/100 brn
|-singleturn|p2a: Xatu|move: Roost
|move|p1a: Gastrodon|Ice Beam|p2a: Xatu
|-damage|p2a: Xatu|59/100 brn
|
|-damage|p2a: Xatu|53/100 brn|[from] brn
|upkeep
|turn|98
|
|switch|p2a: Jellicent|Jellicent, F|100/100
|move|p1a: Gastrodon|Clear Smog|p2a: Jellicent
|-resisted|p2a: Jellicent
|-damage|p2a: Jellicent|94/100
|-clearboost|p2a: Jellicent
|
|upkeep
|turn|99
|
|move|p2a: Jellicent|Substitute|p2a: Jellicent
|-start|p2a: Jellicent|Substitute
|-damage|p2a: Jellicent|69/100
|move|p1a: Gastrodon|Scald|p2a: Jellicent
|-heal|p2a: Jellicent|94/100|[from] ability: Water Absorb|[of] p1a: Gastrodon
|
|upkeep
|turn|100
|inactive|Rahel^‿^Gamer03 has 90 seconds left.
|
|switch|p2a: Xatu|Xatu, M|53/100 brn
|move|p1a: Gastrodon|Clear Smog|p2a: Xatu
|-damage|p2a: Xatu|35/100 brn
|-clearboost|p2a: Xatu
|
|-damage|p2a: Xatu|29/100 brn|[from] brn
|upkeep
|turn|101
|
|move|p2a: Xatu|Roost|p2a: Xatu
|-heal|p2a: Xatu|79/100 brn
|-singleturn|p2a: Xatu|move: Roost
|move|p1a: Gastrodon|Ice Beam|p2a: Xatu
|-damage|p2a: Xatu|49/100 brn
|
|-damage|p2a: Xatu|43/100 brn|[from] brn
|upkeep
|turn|102
|
|move|p2a: Xatu|Roost|p2a: Xatu
|-heal|p2a: Xatu|93/100 brn
|-singleturn|p2a: Xatu|move: Roost
|move|p1a: Gastrodon|Scald|p2a: Xatu
|-damage|p2a: Xatu|54/100 brn
|
|-damage|p2a: Xatu|48/100 brn|[from] brn
|upkeep
|turn|103
|
|move|p2a: Xatu|Roost|p2a: Xatu
|-heal|p2a: Xatu|98/100 brn
|-singleturn|p2a: Xatu|move: Roost
|move|p1a: Gastrodon|Scald|p2a: Xatu
|-damage|p2a: Xatu|58/100 brn
|
|-damage|p2a: Xatu|52/100 brn|[from] brn
|upkeep
|turn|104
|
|switch|p2a: Jellicent|Jellicent, F|94/100
|switch|p1a: Coalossal|Coalossal, M|100/100
|
|upkeep
|turn|105
|
|switch|p1a: Gastrodon|Gastrodon, M|100/100
|move|p2a: Jellicent|Water Spout|p1a: Gastrodon
|-ability|p1a: Gastrodon|Storm Drain|boost
|-boost|p1a: Gastrodon|spa|1
|
|upkeep
|turn|106
|
|move|p2a: Jellicent|Substitute|p2a: Jellicent
|-start|p2a: Jellicent|Substitute
|-damage|p2a: Jellicent|69/100
|move|p1a: Gastrodon|Scald|p2a: Jellicent
|-heal|p2a: Jellicent|94/100|[from] ability: Water Absorb|[of] p1a: Gastrodon
|
|upkeep
|turn|107
|
|move|p2a: Jellicent|Strength Sap|p1a: Gastrodon
|-unboost|p1a: Gastrodon|atk|1
|-heal|p2a: Jellicent|100/100
|move|p1a: Gastrodon|Scald|p2a: Jellicent
|-immune|p2a: Jellicent|[from] ability: Water Absorb
|
|upkeep
|turn|108
|
|move|p2a: Jellicent|Strength Sap|p1a: Gastrodon
|-unboost|p1a: Gastrodon|atk|1
|move|p1a: Gastrodon|Scald|p2a: Jellicent
|-immune|p2a: Jellicent|[from] ability: Water Absorb
|
|upkeep
|turn|109
|
|switch|p2a: Xatu|Xatu, M|52/100 brn
|move|p1a: Gastrodon|Scald|p2a: Xatu
|-damage|p2a: Xatu|8/100 brn
|
|-damage|p2a: Xatu|2/100 brn|[from] brn
|upkeep
|turn|110
|
|move|p2a: Xatu|Roost|p2a: Xatu
|-heal|p2a: Xatu|52/100 brn
|-singleturn|p2a: Xatu|move: Roost
|move|p1a: Gastrodon|Scald|p2a: Xatu
|-damage|p2a: Xatu|10/100 brn
|
|-damage|p2a: Xatu|4/100 brn|[from] brn
|upkeep
|turn|111
|
|move|p2a: Xatu|Roost|p2a: Xatu
|-heal|p2a: Xatu|54/100 brn
|-singleturn|p2a: Xatu|move: Roost
|move|p1a: Gastrodon|Scald|p2a: Xatu
|-damage|p2a: Xatu|12/100 brn
|
|-damage|p2a: Xatu|6/100 brn|[from] brn
|upkeep
|turn|112
|
|switch|p2a: Jellicent|Jellicent, F|100/100
|switch|p1a: Coalossal|Coalossal, M|100/100
|
|upkeep
|turn|113
|
|switch|p1a: Gastrodon|Gastrodon, M|100/100
|move|p2a: Jellicent|Substitute|p2a: Jellicent
|-start|p2a: Jellicent|Substitute
|-damage|p2a: Jellicent|75/100
|
|upkeep
|turn|114
|
|move|p2a: Jellicent|Strength Sap|p1a: Gastrodon
|-unboost|p1a: Gastrodon|atk|1
|-heal|p2a: Jellicent|100/100
|move|p1a: Gastrodon|Scald|p2a: Jellicent
|-immune|p2a: Jellicent|[from] ability: Water Absorb
|
|upkeep
|turn|115
|
|move|p2a: Jellicent|Substitute|p2a: Jellicent
|-fail|p2a: Jellicent|move: Substitute
|move|p1a: Gastrodon|Scald|p2a: Jellicent
|-immune|p2a: Jellicent|[from] ability: Water Absorb
|
|upkeep
|turn|116
|inactive|Rahel^‿^Gamer03 has 120 seconds left.
|
|move|p2a: Jellicent|Substitute|p2a: Jellicent
|-fail|p2a: Jellicent|move: Substitute
|move|p1a: Gastrodon|Scald|p2a: Jellicent
|-immune|p2a: Jellicent|[from] ability: Water Absorb
|
|upkeep
|turn|117
|inactive|Rahel^‿^Gamer03 has 120 seconds left.
|
|switch|p2a: Xatu|Xatu, M|6/100 brn
|move|p1a: Gastrodon|Scald|p2a: Xatu
|-damage|p2a: Xatu|0 fnt
|faint|p2a: Xatu
|
|upkeep
|
|switch|p2a: Jellicent|Jellicent, F|100/100
|turn|118
|
|move|p2a: Jellicent|Substitute|p2a: Jellicent
|-start|p2a: Jellicent|Substitute
|-damage|p2a: Jellicent|75/100
|move|p1a: Gastrodon|Scald|p2a: Jellicent
|-heal|p2a: Jellicent|100/100|[from] ability: Water Absorb|[of] p1a: Gastrodon
|
|upkeep
|turn|119
|
|move|p2a: Jellicent|Substitute|p2a: Jellicent
|-fail|p2a: Jellicent|move: Substitute
|move|p1a: Gastrodon|Scald|p2a: Jellicent
|-immune|p2a: Jellicent|[from] ability: Water Absorb
|
|upkeep
|turn|120
|
|switch|p1a: Coalossal|Coalossal, M|100/100
|move|p2a: Jellicent|Strength Sap|p1a: Coalossal
|-unboost|p1a: Coalossal|atk|1
|
|upkeep
|turn|121
|
|switch|p1a: Gastrodon|Gastrodon, M|100/100
|move|p2a: Jellicent|Strength Sap|p1a: Gastrodon
|-unboost|p1a: Gastrodon|atk|1
|
|upkeep
|turn|122
|
|move|p2a: Jellicent|Water Spout|p1a: Gastrodon
|-ability|p1a: Gastrodon|Storm Drain|boost
|-boost|p1a: Gastrodon|spa|1
|move|p1a: Gastrodon|Ice Beam|p2a: Jellicent
|-resisted|p2a: Jellicent
|-activate|p2a: Jellicent|move: Substitute|[damage]
|
|upkeep
|turn|123
|
|move|p2a: Jellicent|Substitute|p2a: Jellicent
|-fail|p2a: Jellicent|move: Substitute
|move|p1a: Gastrodon|Recover||[still]
|-fail|p1a: Gastrodon|heal
|
|upkeep
|turn|124
|
|move|p2a: Jellicent|Water Spout|p1a: Gastrodon
|-ability|p1a: Gastrodon|Storm Drain|boost
|-boost|p1a: Gastrodon|spa|1
|move|p1a: Gastrodon|Ice Beam|p2a: Jellicent
|-resisted|p2a: Jellicent
|-end|p2a: Jellicent|Substitute
|
|upkeep
|turn|125
|
|move|p2a: Jellicent|Water Spout|p1a: Gastrodon
|-ability|p1a: Gastrodon|Storm Drain|boost
|-boost|p1a: Gastrodon|spa|1
|move|p1a: Gastrodon|Recover||[still]
|-fail|p1a: Gastrodon|heal
|
|upkeep
|turn|126
|
|move|p2a: Jellicent|Water Spout|p1a: Gastrodon
|-ability|p1a: Gastrodon|Storm Drain|boost
|-boost|p1a: Gastrodon|spa|1
|move|p1a: Gastrodon|Ice Beam|p2a: Jellicent
|-resisted|p2a: Jellicent
|-damage|p2a: Jellicent|78/100
|
|upkeep
|turn|127
|
|move|p2a: Jellicent|Water Spout|p1a: Gastrodon
|-ability|p1a: Gastrodon|Storm Drain|boost
|-boost|p1a: Gastrodon|spa|1
|move|p1a: Gastrodon|Recover||[still]
|-fail|p1a: Gastrodon|heal
|
|upkeep
|turn|128
|
|-activate|p2a: Jellicent|move: Struggle
|move|p2a: Jellicent|Struggle|p1a: Gastrodon
|-damage|p1a: Gastrodon|96/100
|-damage|p2a: Jellicent|53/100|[from] recoil
|move|p1a: Gastrodon|Recover|p1a: Gastrodon
|-heal|p1a: Gastrodon|100/100
|
|upkeep
|turn|129
|-message|JigglyThot forfeited.
|
|win|Rahel^‿^Gamer03
|l|☆JigglyThot
|raw|Rahel^‿^Gamer03's rating: 1292 &rarr; <strong>1317</strong><br />(+25 for winning)
|raw|JigglyThot's rating: 1283 &rarr; <strong>1258</strong><br />(-25 for losing)
