|j|☆Galileo Glalie 2
|j|☆Copland
|t:|1665180593
|gametype|singles
|player|p1|Galileo Glalie 2|swimmerf|1547
|player|p2|Copland|guitarist|1449
|teamsize|p1|6
|teamsize|p2|6
|gen|8
|tier|[Gen 8] RU
|rated|
|rule|Sleep Clause Mod: Limit one foe put to sleep
|rule|Species Clause: Limit one of each Pokémon
|rule|OHKO Clause: OHKO moves are banned
|rule|Evasion Items Clause: Evasion items are banned
|rule|Evasion Moves Clause: Evasion moves are banned
|rule|Endless Battle Clause: Forcing endless battles is banned
|rule|HP Percentage Mod: HP is shown in percentages
|rule|Dynamax Clause: You cannot dynamax
|clearpoke
|poke|p1|Aerodactyl, F|
|poke|p1|Dhelmise|
|poke|p1|Suicune|
|poke|p1|Umbreon, M|
|poke|p1|Steelix, F|
|poke|p1|Toxicroak, M|
|poke|p2|Druddigon, F|
|poke|p2|Rotom-Mow|
|poke|p2|Crobat, F|
|poke|p2|Mimikyu, M|
|poke|p2|Raikou|
|poke|p2|Cloyster, M|
|teampreview
|
|t:|1665180628
|start
|switch|p1a: Suicune|Suicune|100/100
|switch|p2a: Druddigon|Druddigon, F|100/100
|-ability|p1a: Suicune|Pressure
|-ability|p2a: Druddigon|Mold Breaker
|turn|1
|
|t:|1665180632
|move|p1a: Suicune|Substitute|p1a: Suicune
|-start|p1a: Suicune|Substitute
|-damage|p1a: Suicune|75/100
|move|p2a: Druddigon|Stealth Rock|p1a: Suicune
|-sidestart|p1: Galileo Glalie 2|move: Stealth Rock
|
|-heal|p1a: Suicune|82/100|[from] item: Leftovers
|upkeep
|turn|2
|
|t:|1665180634
|move|p1a: Suicune|Calm Mind|p1a: Suicune
|-boost|p1a: Suicune|spa|1
|-boost|p1a: Suicune|spd|1
|move|p2a: Druddigon|Dragon Claw|p1a: Suicune
|-end|p1a: Suicune|Substitute
|
|-heal|p1a: Suicune|88/100|[from] item: Leftovers
|upkeep
|turn|3
|
|t:|1665180639
|move|p1a: Suicune|Protect|p1a: Suicune
|-singleturn|p1a: Suicune|Protect
|move|p2a: Druddigon|Dragon Claw|p1a: Suicune
|-activate|p1a: Suicune|move: Protect
|
|-heal|p1a: Suicune|94/100|[from] item: Leftovers
|upkeep
|turn|4
|
|t:|1665180641
|move|p1a: Suicune|Substitute|p1a: Suicune
|-start|p1a: Suicune|Substitute
|-damage|p1a: Suicune|69/100
|move|p2a: Druddigon|Glare||[still]
|-fail|p2a: Druddigon
|
|-heal|p1a: Suicune|75/100|[from] item: Leftovers
|upkeep
|turn|5
|
|t:|1665180645
|move|p1a: Suicune|Protect|p1a: Suicune
|-singleturn|p1a: Suicune|Protect
|move|p2a: Druddigon|Dragon Claw|p1a: Suicune
|-activate|p1a: Suicune|move: Protect
|
|-heal|p1a: Suicune|81/100|[from] item: Leftovers
|upkeep
|turn|6
|
|t:|1665180651
|move|p1a: Suicune|Calm Mind|p1a: Suicune
|-boost|p1a: Suicune|spa|1
|-boost|p1a: Suicune|spd|1
|move|p2a: Druddigon|Dragon Claw|p1a: Suicune
|-end|p1a: Suicune|Substitute
|
|-heal|p1a: Suicune|88/100|[from] item: Leftovers
|upkeep
|turn|7
|
|t:|1665180656
|move|p1a: Suicune|Protect|p1a: Suicune
|-singleturn|p1a: Suicune|Protect
|move|p2a: Druddigon|Dragon Claw|p1a: Suicune
|-activate|p1a: Suicune|move: Protect
|
|-heal|p1a: Suicune|94/100|[from] item: Leftovers
|upkeep
|turn|8
|
|t:|1665180659
|move|p1a: Suicune|Substitute|p1a: Suicune
|-start|p1a: Suicune|Substitute
|-damage|p1a: Suicune|69/100
|move|p2a: Druddigon|Dragon Claw|p1a: Suicune
|-end|p1a: Suicune|Substitute
|
|-heal|p1a: Suicune|75/100|[from] item: Leftovers
|upkeep
|turn|9
|
|t:|1665180664
|move|p1a: Suicune|Protect|p1a: Suicune
|-singleturn|p1a: Suicune|Protect
|move|p2a: Druddigon|Earthquake|p1a: Suicune
|-activate|p1a: Suicune|move: Protect
|
|-heal|p1a: Suicune|81/100|[from] item: Leftovers
|upkeep
|turn|10
|
|t:|1665180669
|move|p1a: Suicune|Substitute|p1a: Suicune
|-start|p1a: Suicune|Substitute
|-damage|p1a: Suicune|56/100
|move|p2a: Druddigon|Dragon Claw|p1a: Suicune
|-crit|p1a: Suicune
|-end|p1a: Suicune|Substitute
|
|-heal|p1a: Suicune|62/100|[from] item: Leftovers
|upkeep
|turn|11
|
|t:|1665180675
|move|p1a: Suicune|Substitute|p1a: Suicune
|-start|p1a: Suicune|Substitute
|-damage|p1a: Suicune|37/100
|move|p2a: Druddigon|Earthquake|p1a: Suicune
|-end|p1a: Suicune|Substitute
|
|-heal|p1a: Suicune|44/100|[from] item: Leftovers
|upkeep
|turn|12
|
|t:|1665180680
|move|p1a: Suicune|Protect|p1a: Suicune
|-singleturn|p1a: Suicune|Protect
|move|p2a: Druddigon|Earthquake|p1a: Suicune
|-activate|p1a: Suicune|move: Protect
|
|-heal|p1a: Suicune|50/100|[from] item: Leftovers
|upkeep
|turn|13
|
|t:|1665180683
|move|p1a: Suicune|Scald|p2a: Druddigon
|-resisted|p2a: Druddigon
|-damage|p2a: Druddigon|70/100
|-status|p2a: Druddigon|brn
|move|p2a: Druddigon|Dragon Claw|p1a: Suicune
|-damage|p1a: Suicune|34/100
|
|-heal|p1a: Suicune|40/100|[from] item: Leftovers
|-damage|p2a: Druddigon|64/100 brn|[from] brn
|upkeep
|turn|14
|
|t:|1665180687
|switch|p2a: Crobat|Crobat, F|100/100
|move|p1a: Suicune|Substitute|p1a: Suicune
|-start|p1a: Suicune|Substitute
|-damage|p1a: Suicune|15/100
|
|-heal|p1a: Suicune|22/100|[from] item: Leftovers
|upkeep
|turn|15
|
|t:|1665180689
|move|p1a: Suicune|Protect|p1a: Suicune
|-singleturn|p1a: Suicune|Protect
|move|p2a: Crobat|Brave Bird|p1a: Suicune
|-activate|p1a: Suicune|move: Protect
|
|-heal|p1a: Suicune|28/100|[from] item: Leftovers
|upkeep
|turn|16
|
|t:|1665180691
|move|p2a: Crobat|Brave Bird|p1a: Suicune
|-end|p1a: Suicune|Substitute
|-damage|p2a: Crobat|90/100|[from] Recoil|[of] p1a: Suicune
|move|p1a: Suicune|Scald|p2a: Crobat
|-damage|p2a: Crobat|23/100
|-status|p2a: Crobat|brn
|
|-heal|p1a: Suicune|34/100|[from] item: Leftovers
|-damage|p2a: Crobat|17/100 brn|[from] brn
|upkeep
|turn|17
|
|t:|1665180695
|move|p1a: Suicune|Protect|p1a: Suicune
|-singleturn|p1a: Suicune|Protect
|move|p2a: Crobat|Super Fang|p1a: Suicune
|-activate|p1a: Suicune|move: Protect
|
|-heal|p1a: Suicune|40/100|[from] item: Leftovers
|-damage|p2a: Crobat|11/100 brn|[from] brn
|upkeep
|turn|18
|
|t:|1665180699
|move|p2a: Crobat|Brave Bird|p1a: Suicune
|-damage|p1a: Suicune|23/100
|-damage|p2a: Crobat|4/100 brn|[from] Recoil
|move|p1a: Suicune|Substitute|p1a: Suicune
|-fail|p1a: Suicune|move: Substitute|[weak]
|
|-heal|p1a: Suicune|29/100|[from] item: Leftovers
|-damage|p2a: Crobat|0 fnt|[from] brn
|faint|p2a: Crobat
|upkeep
|
|t:|1665180704
|switch|p2a: Raikou|Raikou|100/100
|-ability|p2a: Raikou|Pressure
|turn|19
|
|t:|1665180715
|switch|p1a: Steelix|Steelix, F|100/100
|-damage|p1a: Steelix|97/100|[from] Stealth Rock
|move|p2a: Raikou|Calm Mind|p2a: Raikou
|-boost|p2a: Raikou|spa|1
|-boost|p2a: Raikou|spd|1
|
|-heal|p1a: Steelix|100/100|[from] item: Leftovers
|upkeep
|turn|20
|
|t:|1665180720
|switch|p2a: Cloyster|Cloyster, M|100/100
|move|p1a: Steelix|Earthquake|p2a: Cloyster
|-damage|p2a: Cloyster|76/100
|
|upkeep
|turn|21
|
|t:|1665180725
|move|p2a: Cloyster|Shell Smash|p2a: Cloyster
|-unboost|p2a: Cloyster|def|1
|-unboost|p2a: Cloyster|spd|1
|-boost|p2a: Cloyster|atk|2
|-boost|p2a: Cloyster|spa|2
|-boost|p2a: Cloyster|spe|2
|move|p1a: Steelix|Toxic|p2a: Cloyster
|-status|p2a: Cloyster|tox
|
|-damage|p2a: Cloyster|69/100 tox|[from] psn
|upkeep
|turn|22
|
|t:|1665180729
|move|p2a: Cloyster|Icicle Spear|p1a: Steelix
|-damage|p1a: Steelix|89/100
|-damage|p1a: Steelix|76/100
|-damage|p1a: Steelix|64/100
|-damage|p1a: Steelix|50/100
|-damage|p1a: Steelix|38/100
|-hitcount|p1a: Steelix|5
|move|p1a: Steelix|Earthquake|p2a: Cloyster
|-damage|p2a: Cloyster|33/100 tox
|
|-heal|p1a: Steelix|45/100|[from] item: Leftovers
|-damage|p2a: Cloyster|20/100 tox|[from] psn
|upkeep
|turn|23
|
|t:|1665180737
|switch|p1a: Suicune|Suicune|29/100
|-damage|p1a: Suicune|16/100|[from] Stealth Rock
|-ability|p1a: Suicune|Pressure
|move|p2a: Cloyster|Icicle Spear|p1a: Suicune
|-resisted|p1a: Suicune
|-damage|p1a: Suicune|8/100
|-resisted|p1a: Suicune
|-damage|p1a: Suicune|0 fnt
|faint|p1a: Suicune
|-hitcount|p1: Suicune|2
|
|-damage|p2a: Cloyster|2/100 tox|[from] psn
|upkeep
|
|t:|1665180740
|switch|p1a: Toxicroak|Toxicroak, M|100/100
|-damage|p1a: Toxicroak|94/100|[from] Stealth Rock
|turn|24
|
|t:|1665180743
|move|p1a: Toxicroak|Sucker Punch||[still]
|-fail|p1a: Toxicroak
|move|p2a: Cloyster|Spikes|p1a: Toxicroak
|-sidestart|p1: Galileo Glalie 2|Spikes
|
|-damage|p2a: Cloyster|0 fnt|[from] psn
|faint|p2a: Cloyster
|upkeep
|
|t:|1665180753
|switch|p2a: Rotom|Rotom-Mow|100/100
|turn|25
|
|t:|1665180762
|move|p2a: Rotom|Volt Switch|p1a: Toxicroak
|-damage|p1a: Toxicroak|43/100
|
|t:|1665180765
|switch|p2a: Druddigon|Druddigon, F|64/100 brn|[from]move: Volt Switch
|-ability|p2a: Druddigon|Mold Breaker
|move|p1a: Toxicroak|Gunk Shot|p2a: Druddigon
|-damage|p2a: Druddigon|0 fnt
|faint|p2a: Druddigon
|-damage|p1a: Toxicroak|33/100|[from] item: Life Orb
|
|upkeep
|
|t:|1665180769
|switch|p2a: Rotom|Rotom-Mow|100/100
|turn|26
|
|t:|1665180788
|switch|p1a: Steelix|Steelix, F|45/100
|-damage|p1a: Steelix|41/100|[from] Stealth Rock
|-damage|p1a: Steelix|29/100|[from] Spikes
|move|p2a: Rotom|Thunderbolt|p1a: Steelix
|-immune|p1a: Steelix
|
|-heal|p1a: Steelix|35/100|[from] item: Leftovers
|upkeep
|turn|27
|inactive|Battle timer is ON: inactive players will automatically lose when time's up. (requested by Galileo Glalie 2)
|
|t:|1665180792
|switch|p2a: Raikou|Raikou|100/100
|-ability|p2a: Raikou|Pressure
|move|p1a: Steelix|Stealth Rock|p2a: Raikou
|-sidestart|p2: Copland|move: Stealth Rock
|
|-heal|p1a: Steelix|41/100|[from] item: Leftovers
|upkeep
|turn|28
|
|t:|1665180800
|switch|p1a: Toxicroak|Toxicroak, M|33/100
|-damage|p1a: Toxicroak|27/100|[from] Stealth Rock
|-damage|p1a: Toxicroak|14/100|[from] Spikes
|move|p2a: Raikou|Shadow Ball|p1a: Toxicroak
|-damage|p1a: Toxicroak|0 fnt
|faint|p1a: Toxicroak
|
|upkeep
|
|t:|1665180813
|switch|p1a: Aerodactyl|Aerodactyl, F|100/100
|-damage|p1a: Aerodactyl|76/100|[from] Stealth Rock
|-ability|p1a: Aerodactyl|Pressure
|turn|29
|
|t:|1665180818
|switch|p2a: Rotom|Rotom-Mow|100/100
|-damage|p2a: Rotom|88/100|[from] Stealth Rock
|move|p1a: Aerodactyl|Dragon Dance|p1a: Aerodactyl
|-boost|p1a: Aerodactyl|atk|1
|-boost|p1a: Aerodactyl|spe|1
|
|upkeep
|turn|30
|
|t:|1665180821
|move|p1a: Aerodactyl|Stone Edge|p2a: Rotom
|-damage|p2a: Rotom|0 fnt
|faint|p2a: Rotom
|-damage|p1a: Aerodactyl|66/100|[from] item: Life Orb
|
|upkeep
|
|t:|1665180825
|switch|p2a: Mimikyu|Mimikyu, M|100/100
|-damage|p2a: Mimikyu|88/100|[from] Stealth Rock
|turn|31
|
|t:|1665180854
|move|p1a: Aerodactyl|Dual Wingbeat|p2a: Mimikyu
|-activate|p2a: Mimikyu|ability: Disguise
|-damage|p2a: Mimikyu|88/100
|detailschange|p2a: Mimikyu|Mimikyu-Busted, M
|-damage|p2a: Mimikyu|76/100|[from] pokemon: Mimikyu-Busted
|-damage|p2a: Mimikyu|15/100
|-hitcount|p2a: Mimikyu|2
|-damage|p1a: Aerodactyl|56/100|[from] item: Life Orb
|move|p2a: Mimikyu|Drain Punch|p1a: Aerodactyl
|-damage|p1a: Aerodactyl|17/100
|-heal|p2a: Mimikyu|38/100|[from] drain|[of] p1a: Aerodactyl
|-damage|p2a: Mimikyu|28/100|[from] item: Life Orb
|
|upkeep
|turn|32
|
|t:|1665180867
|switch|p1a: Steelix|Steelix, F|41/100
|-damage|p1a: Steelix|38/100|[from] Stealth Rock
|-damage|p1a: Steelix|26/100|[from] Spikes
|move|p2a: Mimikyu|Shadow Sneak|p1a: Steelix
|-damage|p1a: Steelix|15/100
|-damage|p2a: Mimikyu|18/100|[from] item: Life Orb
|
|-heal|p1a: Steelix|21/100|[from] item: Leftovers
|upkeep
|turn|33
|inactive|Galileo Glalie 2 has 120 seconds left.
|
|t:|1665180900
|move|p2a: Mimikyu|Drain Punch|p1a: Steelix
|-supereffective|p1a: Steelix
|-crit|p1a: Steelix
|-damage|p1a: Steelix|0 fnt
|-heal|p2a: Mimikyu|33/100|[from] drain|[of] p1a: Steelix
|faint|p1a: Steelix
|-damage|p2a: Mimikyu|23/100|[from] item: Life Orb
|
|upkeep
|inactive|Galileo Glalie 2 has 120 seconds left.
|
|t:|1665180911
|switch|p1a: Dhelmise|Dhelmise|100/100
|turn|34
|
|t:|1665180914
|move|p2a: Mimikyu|Shadow Claw|p1a: Dhelmise
|-supereffective|p1a: Dhelmise
|-damage|p1a: Dhelmise|25/100
|-damage|p2a: Mimikyu|13/100|[from] item: Life Orb
|move|p1a: Dhelmise|Poltergeist|p2a: Mimikyu
|-activate|p2a: Mimikyu|move: Poltergeist|Life Orb
|-supereffective|p2a: Mimikyu
|-damage|p2a: Mimikyu|0 fnt
|faint|p2a: Mimikyu
|
|upkeep
|
|t:|1665180917
|switch|p2a: Raikou|Raikou|100/100
|-damage|p2a: Raikou|88/100|[from] Stealth Rock
|-ability|p2a: Raikou|Pressure
|turn|35
|
|t:|1665180920
|move|p2a: Raikou|Shadow Ball|p1a: Dhelmise
|-supereffective|p1a: Dhelmise
|-damage|p1a: Dhelmise|0 fnt
|faint|p1a: Dhelmise
|
|-heal|p2a: Raikou|94/100|[from] item: Leftovers
|upkeep
|
|t:|1665180927
|switch|p1a: Umbreon|Umbreon, M|100/100
|turn|36
|
|t:|1665180929
|move|p2a: Raikou|Protect|p2a: Raikou
|-singleturn|p2a: Raikou|Protect
|move|p1a: Umbreon|Foul Play|p2a: Raikou
|-activate|p2a: Raikou|move: Protect
|
|-heal|p2a: Raikou|100/100|[from] item: Leftovers
|upkeep
|turn|37
|
|t:|1665180931
|move|p2a: Raikou|Calm Mind|p2a: Raikou
|-boost|p2a: Raikou|spa|1
|-boost|p2a: Raikou|spd|1
|move|p1a: Umbreon|Foul Play|p2a: Raikou
|-damage|p2a: Raikou|69/100
|
|-heal|p2a: Raikou|76/100|[from] item: Leftovers
|upkeep
|turn|38
|
|t:|1665180933
|move|p2a: Raikou|Protect|p2a: Raikou
|-singleturn|p2a: Raikou|Protect
|move|p1a: Umbreon|Foul Play|p2a: Raikou
|-activate|p2a: Raikou|move: Protect
|
|-heal|p2a: Raikou|82/100|[from] item: Leftovers
|upkeep
|turn|39
|
|t:|1665180935
|move|p2a: Raikou|Calm Mind|p2a: Raikou
|-boost|p2a: Raikou|spa|1
|-boost|p2a: Raikou|spd|1
|move|p1a: Umbreon|Foul Play|p2a: Raikou
|-damage|p2a: Raikou|54/100
|
|-heal|p2a: Raikou|61/100|[from] item: Leftovers
|upkeep
|turn|40
|
|t:|1665180943
|move|p2a: Raikou|Protect|p2a: Raikou
|-singleturn|p2a: Raikou|Protect
|move|p1a: Umbreon|Wish|p1a: Umbreon
|
|-heal|p2a: Raikou|67/100|[from] item: Leftovers
|upkeep
|turn|41
|
|t:|1665180945
|move|p2a: Raikou|Thunderbolt|p1a: Umbreon
|-damage|p1a: Umbreon|55/100
|move|p1a: Umbreon|Foul Play|p2a: Raikou
|-damage|p2a: Raikou|39/100
|
|-heal|p1a: Umbreon|100/100|[from] move: Wish|[wisher] Umbreon
|-heal|p2a: Raikou|46/100|[from] item: Leftovers
|upkeep
|turn|42
|
|t:|1665180954
|move|p2a: Raikou|Protect|p2a: Raikou
|-singleturn|p2a: Raikou|Protect
|move|p1a: Umbreon|Foul Play|p2a: Raikou
|-activate|p2a: Raikou|move: Protect
|
|-heal|p2a: Raikou|52/100|[from] item: Leftovers
|upkeep
|turn|43
|
|t:|1665180958
|move|p2a: Raikou|Calm Mind|p2a: Raikou
|-boost|p2a: Raikou|spa|1
|-boost|p2a: Raikou|spd|1
|move|p1a: Umbreon|Foul Play|p2a: Raikou
|-damage|p2a: Raikou|21/100
|
|-heal|p2a: Raikou|27/100|[from] item: Leftovers
|upkeep
|turn|44
|
|t:|1665180961
|move|p2a: Raikou|Protect|p2a: Raikou
|-singleturn|p2a: Raikou|Protect
|move|p1a: Umbreon|Wish|p1a: Umbreon
|
|-heal|p2a: Raikou|34/100|[from] item: Leftovers
|upkeep
|turn|45
|
|t:|1665180970
|move|p2a: Raikou|Protect|p2a: Raikou
|-singleturn|p2a: Raikou|Protect
|move|p1a: Umbreon|Foul Play|p2a: Raikou
|-activate|p2a: Raikou|move: Protect
|
|-heal|p2a: Raikou|40/100|[from] item: Leftovers
|upkeep
|turn|46
|
|t:|1665180972
|move|p2a: Raikou|Thunderbolt|p1a: Umbreon
|-damage|p1a: Umbreon|42/100
|move|p1a: Umbreon|Foul Play|p2a: Raikou
|-damage|p2a: Raikou|11/100
|
|-heal|p2a: Raikou|17/100|[from] item: Leftovers
|upkeep
|turn|47
|
|t:|1665180982
|move|p2a: Raikou|Thunderbolt|p1a: Umbreon
|-damage|p1a: Umbreon|0 fnt
|faint|p1a: Umbreon
|
|-heal|p2a: Raikou|23/100|[from] item: Leftovers
|upkeep
|c|☆Galileo Glalie 2|gg
|c|☆Copland|gg
|-message|Galileo Glalie 2 forfeited.
|
|win|Copland
|raw|Galileo Glalie 2's rating: 1547 &rarr; <strong>1522</strong><br />(-25 for losing)
|raw|Copland's rating: 1449 &rarr; <strong>1474</strong><br />(+25 for winning)
|l|☆Galileo Glalie 2
||Ladder isn't responding, score probably updated but might not have (Request timeout).
