|html|<div class="broadcast-blue"><strong>[Gen 8] RU is currently suspecting Reuniclus! For information on how to participate check out the <a href="https://www.smogon.com/forums/threads/np-ru-stage-10-all-for-you-reuniclus-suspect.3692458/#post-9008540">suspect thread</a>.</strong></div>
|j|☆Drftb2
|j|☆Polanc1014
|inactive|Battle timer is ON: inactive players will automatically lose when time's up.
|t:|1635195170
|gametype|singles
|player|p1|Drftb2|dragontamer|
|player|p2|Polanc1014|266|
|teamsize|p1|6
|teamsize|p2|6
|gen|8
|tier|[Gen 8] RU
|rated|Tournament battle
|rule|Sleep Clause Mod: Limit one foe put to sleep
|rule|Species Clause: Limit one of each Pokémon
|rule|OHKO Clause: OHKO moves are banned
|rule|Evasion Moves Clause: Evasion moves are banned
|rule|Endless Battle Clause: Forcing endless battles is banned
|rule|HP Percentage Mod: HP is shown in percentages
|rule|Dynamax Clause: You cannot dynamax
|clearpoke
|poke|p1|Noivern, M|
|poke|p1|Regidrago|
|poke|p1|Toxtricity, M|
|poke|p1|Klefki, F|
|poke|p1|Metagross|
|poke|p1|Cloyster, F|
|poke|p2|Chandelure, F|
|poke|p2|Metagross|
|poke|p2|Lucario, M|
|poke|p2|Suicune|
|poke|p2|Exeggutor-Alola, F|
|poke|p2|Weezing-Galar, F|
|teampreview
|j|*Lady Monita ☽
|inactive|Polanc1014 has 120 seconds left.
|
|t:|1635195207
|start
|switch|p1a: Noivern|Noivern, M|100/100
|switch|p2a: Metagross|Metagross|100/100
|-item|p2a: Metagross|Assault Vest|[from] ability: Frisk|[of] p1a: Noivern|[identify]
|turn|1
|
|t:|1635195222
|switch|p2a: Suicune|Suicune|100/100
|-ability|p2a: Suicune|Pressure
|move|p1a: Noivern|U-turn|p2a: Suicune
|-damage|p2a: Suicune|95/100
|j| AyThree
|j| AlphaAcount
|
|t:|1635195225
|switch|p1a: Toxtricity|Toxtricity, M|100/100|[from]move: U-turn
|
|-heal|p2a: Suicune|100/100|[from] item: Leftovers
|upkeep
|turn|2
|l| AlphaAcount
|
|t:|1635195231
|move|p1a: Toxtricity|Volt Switch|p2a: Suicune
|-supereffective|p2a: Suicune
|-damage|p2a: Suicune|14/100
|
|t:|1635195241
|switch|p1a: Regidrago|Regidrago|100/100|[from]move: Volt Switch
|move|p2a: Suicune|Scald|p1a: Regidrago
|-resisted|p1a: Regidrago
|-damage|p1a: Regidrago|88/100
|-status|p1a: Regidrago|brn
|
|-heal|p2a: Suicune|20/100|[from] item: Leftovers
|-damage|p1a: Regidrago|82/100 brn|[from] brn
|upkeep
|turn|3
|l| AyThree
|
|t:|1635195260
|move|p2a: Suicune|Protect|p2a: Suicune
|-singleturn|p2a: Suicune|Protect
|move|p1a: Regidrago|Dragon Energy|p2a: Suicune
|-activate|p2a: Suicune|move: Protect
|
|-heal|p2a: Suicune|26/100|[from] item: Leftovers
|-damage|p1a: Regidrago|76/100 brn|[from] brn
|upkeep
|turn|4
|
|t:|1635195266
|switch|p1a: Toxtricity|Toxtricity, M|100/100
|switch|p2a: Weezing|Weezing-Galar, F|100/100
|-ability|p2a: Weezing|Neutralizing Gas
|
|upkeep
|turn|5
|j| TheNewBrends11
|
|t:|1635195273
|-end|p2a: Weezing|ability: Neutralizing Gas
|switch|p2a: Suicune|Suicune|26/100
|-ability|p2a: Suicune|Pressure
|move|p1a: Toxtricity|Overdrive|p2a: Suicune
|-supereffective|p2a: Suicune
|-damage|p2a: Suicune|0 fnt
|faint|p2a: Suicune
|
|upkeep
|
|t:|1635195277
|switch|p2a: Metagross|Metagross|100/100
|turn|6
|
|t:|1635195281
|switch|p1a: Noivern|Noivern, M|100/100
|-item|p2a: Metagross|Assault Vest|[from] ability: Frisk|[of] p1a: Noivern|[identify]
|move|p2a: Metagross|Earthquake|p1a: Noivern
|-damage|p1a: Noivern|52/100
|
|upkeep
|turn|7
|c|☆Polanc1014|how?
|c|☆Drftb2|I hacked
|
|t:|1635195308
|switch|p2a: Chandelure|Chandelure, F|100/100
|move|p1a: Noivern|U-turn|p2a: Chandelure
|-resisted|p2a: Chandelure
|-damage|p2a: Chandelure|97/100
|c|☆Polanc1014|wdym?
|
|t:|1635195315
|switch|p1a: Klefki|Klefki, F|100/100|[from]move: U-turn
|
|upkeep
|turn|8
|
|t:|1635195319
|move|p1a: Klefki|Thunder Wave|p2a: Chandelure
|-status|p2a: Chandelure|par
|move|p2a: Chandelure|Fire Blast|p1a: Klefki
|-supereffective|p1a: Klefki
|-damage|p1a: Klefki|0 fnt
|faint|p1a: Klefki
|
|upkeep
|
|t:|1635195333
|switch|p1a: Cloyster|Cloyster, F|100/100
|turn|9
|
|t:|1635195338
|switch|p2a: Weezing|Weezing-Galar, F|100/100
|-ability|p2a: Weezing|Neutralizing Gas
|move|p1a: Cloyster|Rock Blast|p2a: Weezing
|-damage|p2a: Weezing|93/100
|-damage|p2a: Weezing|86/100
|-damage|p2a: Weezing|80/100
|-hitcount|p2a: Weezing|3
|-damage|p1a: Cloyster|91/100|[from] item: Life Orb
|
|-heal|p2a: Weezing|86/100|[from] item: Black Sludge
|upkeep
|turn|10
|
|t:|1635195350
|switch|p1a: Toxtricity|Toxtricity, M|100/100
|move|p2a: Weezing|Sludge Bomb|p1a: Toxtricity
|-resisted|p1a: Toxtricity
|-damage|p1a: Toxtricity|78/100
|
|-heal|p2a: Weezing|92/100|[from] item: Black Sludge
|upkeep
|turn|11
|
|t:|1635195366
|-end|p2a: Weezing|ability: Neutralizing Gas
|switch|p2a: Chandelure|Chandelure, F|97/100 par
|move|p1a: Toxtricity|Volt Switch|p2a: Chandelure
|-damage|p2a: Chandelure|15/100 par
|
|t:|1635195375
|switch|p1a: Cloyster|Cloyster, F|91/100|[from]move: Volt Switch
|
|upkeep
|turn|12
|
|t:|1635195379
|move|p1a: Cloyster|Icicle Spear|p2a: Chandelure
|-resisted|p2a: Chandelure
|-damage|p2a: Chandelure|4/100 par
|-resisted|p2a: Chandelure
|-damage|p2a: Chandelure|0 fnt
|faint|p2a: Chandelure
|-hitcount|p2: Chandelure|2
|-damage|p1a: Cloyster|81/100|[from] item: Life Orb
|
|upkeep
|
|t:|1635195387
|switch|p2a: Lucario|Lucario, M|100/100
|turn|13
|
|t:|1635195395
|move|p2a: Lucario|Close Combat|p1a: Cloyster
|-supereffective|p1a: Cloyster
|-damage|p1a: Cloyster|0 fnt
|-unboost|p2a: Lucario|def|1
|-unboost|p2a: Lucario|spd|1
|faint|p1a: Cloyster
|-damage|p2a: Lucario|91/100|[from] item: Life Orb
|
|upkeep
|
|t:|1635195397
|switch|p1a: Metagross|Metagross|100/100
|turn|14
|
|t:|1635195408
|switch|p2a: Exeggutor|Exeggutor-Alola, F|100/100
|move|p1a: Metagross|Earthquake|p2a: Exeggutor
|-resisted|p2a: Exeggutor
|-damage|p2a: Exeggutor|81/100
|
|upkeep
|turn|15
|
|t:|1635195417
|switch|p1a: Noivern|Noivern, M|52/100
|-item|p2a: Exeggutor|Sitrus Berry|[from] ability: Frisk|[of] p1a: Noivern|[identify]
|move|p2a: Exeggutor|Teleport|p2a: Exeggutor
|
|t:|1635195424
|switch|p2a: Weezing|Weezing-Galar, F|92/100|[from]move: Teleport
|-ability|p2a: Weezing|Neutralizing Gas
|
|-heal|p2a: Weezing|98/100|[from] item: Black Sludge
|upkeep
|turn|16
|
|t:|1635195429
|move|p1a: Noivern|U-turn|p2a: Weezing
|-resisted|p2a: Weezing
|-damage|p2a: Weezing|97/100
|
|t:|1635195430
|switch|p1a: Toxtricity|Toxtricity, M|78/100|[from]move: U-turn
|move|p2a: Weezing|Strange Steam|p1a: Toxtricity
|-resisted|p1a: Toxtricity
|-damage|p1a: Toxtricity|57/100
|
|-heal|p2a: Weezing|100/100|[from] item: Black Sludge
|upkeep
|turn|17
|
|t:|1635195437
|-end|p2a: Weezing|ability: Neutralizing Gas
|switch|p2a: Exeggutor|Exeggutor-Alola, F|81/100
|move|p1a: Toxtricity|Volt Switch|p2a: Exeggutor
|-resisted|p2a: Exeggutor
|-damage|p2a: Exeggutor|71/100
|
|t:|1635195444
|switch|p1a: Noivern|Noivern, M|52/100|[from]move: Volt Switch
|-item|p2a: Exeggutor|Sitrus Berry|[from] ability: Frisk|[of] p1a: Noivern|[identify]
|
|upkeep
|turn|18
|
|t:|1635195454
|move|p1a: Noivern|Hurricane|p2a: Exeggutor
|-supereffective|p2a: Exeggutor
|-damage|p2a: Exeggutor|0 fnt
|faint|p2a: Exeggutor
|
|upkeep
|
|t:|1635195458
|switch|p2a: Weezing|Weezing-Galar, F|100/100
|-ability|p2a: Weezing|Neutralizing Gas
|turn|19
|
|t:|1635195463
|-end|p2a: Weezing|ability: Neutralizing Gas
|-item|p2a: Weezing|Black Sludge|[from] ability: Frisk|[of] p1a: Noivern|[identify]
|switch|p2a: Metagross|Metagross|100/100
|move|p1a: Noivern|U-turn|p2a: Metagross
|-damage|p2a: Metagross|94/100
|
|t:|1635195471
|switch|p1a: Toxtricity|Toxtricity, M|57/100|[from]move: U-turn
|
|upkeep
|turn|20
|
|t:|1635195478
|move|p1a: Toxtricity|Volt Switch|p2a: Metagross
|-damage|p2a: Metagross|58/100
|
|t:|1635195481
|switch|p1a: Noivern|Noivern, M|52/100|[from]move: Volt Switch
|-item|p2a: Metagross|Assault Vest|[from] ability: Frisk|[of] p1a: Noivern|[identify]
|move|p2a: Metagross|Meteor Mash|p1a: Noivern
|-damage|p1a: Noivern|0 fnt
|faint|p1a: Noivern
|
|upkeep
|
|t:|1635195483
|switch|p1a: Toxtricity|Toxtricity, M|57/100
|turn|21
|
|t:|1635195497
|move|p2a: Metagross|Bullet Punch|p1a: Toxtricity
|-resisted|p1a: Toxtricity
|-damage|p1a: Toxtricity|40/100
|move|p1a: Toxtricity|Overdrive|p2a: Metagross
|-damage|p2a: Metagross|7/100
|
|upkeep
|turn|22
|
|t:|1635195502
|move|p2a: Metagross|Bullet Punch|p1a: Toxtricity
|-resisted|p1a: Toxtricity
|-damage|p1a: Toxtricity|24/100
|move|p1a: Toxtricity|Overdrive|p2a: Metagross
|-damage|p2a: Metagross|0 fnt
|faint|p2a: Metagross
|
|upkeep
|
|t:|1635195507
|switch|p2a: Lucario|Lucario, M|91/100
|turn|23
|
|t:|1635195516
|move|p2a: Lucario|Close Combat|p1a: Toxtricity
|-resisted|p1a: Toxtricity
|-damage|p1a: Toxtricity|0 fnt
|-unboost|p2a: Lucario|def|1
|-unboost|p2a: Lucario|spd|1
|faint|p1a: Toxtricity
|-damage|p2a: Lucario|81/100|[from] item: Life Orb
|
|upkeep
|
|t:|1635195519
|switch|p1a: Metagross|Metagross|100/100
|turn|24
|
|t:|1635195521
|switch|p2a: Weezing|Weezing-Galar, F|100/100
|-ability|p2a: Weezing|Neutralizing Gas
|move|p1a: Metagross|Earthquake|p2a: Weezing
|-supereffective|p2a: Weezing
|-damage|p2a: Weezing|51/100
|
|-heal|p2a: Weezing|57/100|[from] item: Black Sludge
|upkeep
|turn|25
|
|t:|1635195532
|move|p1a: Metagross|Meteor Mash|p2a: Weezing
|-supereffective|p2a: Weezing
|-damage|p2a: Weezing|0 fnt
|faint|p2a: Weezing
|-end|p2a: Weezing|ability: Neutralizing Gas
|
|upkeep
|
|t:|1635195534
|switch|p2a: Lucario|Lucario, M|81/100
|turn|26
|
|t:|1635195548
|move|p2a: Lucario|Swords Dance|p2a: Lucario
|-boost|p2a: Lucario|atk|2
|move|p1a: Metagross|Earthquake|p2a: Lucario
|-supereffective|p2a: Lucario
|-damage|p2a: Lucario|0 fnt
|faint|p2a: Lucario
|
|win|Drftb2
|n|☆Drftb2|drftb2
|n|☆Polanc1014|polanc1014
|n|*Lady Monita ☽|ladymonita
|n| TheNewBrends11|thenewbrends11
|l|*Lady Monita ☽
|c|☆Polanc1014|gg
|c|☆Drftb2|gg
|l|☆Drftb2
|l|☆Polanc1014
