|j|☆Qvital
|j|☆JigglyThot
|t:|1650744225
|gametype|singles
|player|p1|Qvital|pokekid|1243
|player|p2|JigglyThot|266|1509
|teamsize|p1|6
|teamsize|p2|6
|gen|8
|tier|[Gen 8] RU
|rated|
|rule|Sleep Clause Mod: Limit one foe put to sleep
|rule|Species Clause: Limit one of each Pokémon
|rule|OHKO Clause: OHKO moves are banned
|rule|Evasion Moves Clause: Evasion moves are banned
|rule|Endless Battle Clause: Forcing endless battles is banned
|rule|HP Percentage Mod: HP is shown in percentages
|rule|Dynamax Clause: You cannot dynamax
|clearpoke
|poke|p1|Chandelure, M|
|poke|p1|Snorlax, M|
|poke|p1|Togekiss, F|
|poke|p1|Dhelmise|
|poke|p1|Flygon, F|
|poke|p1|Registeel|
|poke|p2|Gigalith, F|
|poke|p2|Cryogonal|
|poke|p2|Bewear, F|
|poke|p2|Jellicent, M|
|poke|p2|Sirfetch’d, M|
|poke|p2|Chandelure, M|
|teampreview
|inactive|Battle timer is ON: inactive players will automatically lose when time's up. (requested by Qvital)
|
|t:|1650744238
|start
|switch|p1a: Registeel|Registeel|100/100
|switch|p2a: Chandelure|Chandelure, M|100/100
|turn|1
|
|t:|1650744248
|switch|p1a: Snorlax|Snorlax, M|100/100
|move|p2a: Chandelure|Trick|p1a: Snorlax
|-activate|p2a: Chandelure|move: Trick|[of] p1a: Snorlax
|-item|p1a: Snorlax|Choice Specs|[from] move: Trick
|-item|p2a: Chandelure|Leftovers|[from] move: Trick
|
|upkeep
|turn|2
|
|t:|1650744258
|switch|p2a: Gigalith|Gigalith, F, shiny|100/100
|-weather|Sandstorm|[from] ability: Sand Stream|[of] p2a: Gigalith
|move|p1a: Snorlax|Earthquake|p2a: Gigalith
|-supereffective|p2a: Gigalith
|-damage|p2a: Gigalith|66/100
|
|-weather|Sandstorm|[upkeep]
|-damage|p1a: Snorlax|94/100|[from] Sandstorm
|-heal|p2a: Gigalith|72/100|[from] item: Leftovers
|upkeep
|turn|3
|
|t:|1650744268
|move|p1a: Snorlax|Earthquake|p2a: Gigalith
|-supereffective|p2a: Gigalith
|-damage|p2a: Gigalith|33/100
|move|p2a: Gigalith|Stealth Rock|p1a: Snorlax
|-sidestart|p1: Qvital|move: Stealth Rock
|
|-weather|Sandstorm|[upkeep]
|-damage|p1a: Snorlax|88/100|[from] Sandstorm
|-heal|p2a: Gigalith|39/100|[from] item: Leftovers
|upkeep
|turn|4
|
|t:|1650744276
|switch|p2a: Cryogonal|Cryogonal, shiny|100/100
|move|p1a: Snorlax|Earthquake|p2a: Cryogonal
|-immune|p2a: Cryogonal|[from] ability: Levitate
|
|-weather|Sandstorm|[upkeep]
|-damage|p2a: Cryogonal|95/100|[from] Sandstorm
|-damage|p1a: Snorlax|82/100|[from] Sandstorm
|upkeep
|turn|5
|
|t:|1650744286
|switch|p1a: Registeel|Registeel|100/100
|-damage|p1a: Registeel|94/100|[from] Stealth Rock
|move|p2a: Cryogonal|Freeze-Dry|p1a: Registeel
|-resisted|p1a: Registeel
|-damage|p1a: Registeel|85/100
|
|-weather|Sandstorm|[upkeep]
|-damage|p2a: Cryogonal|89/100|[from] Sandstorm
|-heal|p1a: Registeel|91/100|[from] item: Leftovers
|upkeep
|turn|6
|
|t:|1650744297
|switch|p2a: Chandelure|Chandelure, M|100/100
|move|p1a: Registeel|Thunder Wave|p2a: Chandelure
|-status|p2a: Chandelure|par
|
|-weather|none
|-heal|p1a: Registeel|97/100|[from] item: Leftovers
|upkeep
|turn|7
|
|t:|1650744305
|switch|p1a: Snorlax|Snorlax, M|82/100
|-damage|p1a: Snorlax|69/100|[from] Stealth Rock
|move|p2a: Chandelure|Flamethrower|p1a: Snorlax
|-crit|p1a: Snorlax
|-damage|p1a: Snorlax|50/100
|
|upkeep
|turn|8
|
|t:|1650744314
|switch|p2a: Bewear|Bewear, F|100/100
|move|p1a: Snorlax|Earthquake|p2a: Bewear
|-damage|p2a: Bewear|80/100
|
|-heal|p2a: Bewear|86/100|[from] item: Leftovers
|upkeep
|turn|9
|
|t:|1650744338
|switch|p2a: Cryogonal|Cryogonal, shiny|89/100
|move|p1a: Snorlax|Earthquake|p2a: Cryogonal
|-immune|p2a: Cryogonal|[from] ability: Levitate
|
|upkeep
|turn|10
|
|t:|1650744345
|switch|p1a: Registeel|Registeel|97/100
|-damage|p1a: Registeel|91/100|[from] Stealth Rock
|move|p2a: Cryogonal|Knock Off|p1a: Registeel
|-damage|p1a: Registeel|85/100
|-enditem|p1a: Registeel|Leftovers|[from] move: Knock Off|[of] p2a: Cryogonal
|
|upkeep
|turn|11
|
|t:|1650744358
|switch|p2a: Chandelure|Chandelure, M|100/100 par
|move|p1a: Registeel|Stealth Rock|p2a: Chandelure
|-sidestart|p2: JigglyThot|move: Stealth Rock
|
|upkeep
|turn|12
|
|t:|1650744364
|switch|p1a: Snorlax|Snorlax, M|50/100
|-damage|p1a: Snorlax|38/100|[from] Stealth Rock
|move|p2a: Chandelure|Toxic|p1a: Snorlax
|-status|p1a: Snorlax|tox
|
|-damage|p1a: Snorlax|32/100 tox|[from] psn
|upkeep
|turn|13
|
|t:|1650744373
|switch|p2a: Cryogonal|Cryogonal, shiny|89/100
|move|p1a: Snorlax|Body Slam|p2a: Cryogonal
|-damage|p2a: Cryogonal|35/100
|
|-damage|p1a: Snorlax|19/100 tox|[from] psn
|upkeep
|turn|14
|
|t:|1650744381
|move|p2a: Cryogonal|Recover|p2a: Cryogonal
|-heal|p2a: Cryogonal|85/100
|move|p1a: Snorlax|Body Slam|p2a: Cryogonal
|-damage|p2a: Cryogonal|32/100
|
|-damage|p1a: Snorlax|0 fnt|[from] psn
|faint|p1a: Snorlax
|upkeep
|
|t:|1650744403
|switch|p1a: Togekiss|Togekiss, F|100/100
|turn|15
|
|t:|1650744421
|move|p2a: Cryogonal|Knock Off|p1a: Togekiss
|-resisted|p1a: Togekiss
|-damage|p1a: Togekiss|95/100
|-enditem|p1a: Togekiss|Heavy-Duty Boots|[from] move: Knock Off|[of] p2a: Cryogonal
|move|p1a: Togekiss|Flamethrower|p2a: Cryogonal
|-supereffective|p2a: Cryogonal
|-damage|p2a: Cryogonal|0 fnt
|faint|p2a: Cryogonal
|
|upkeep
|
|t:|1650744425
|switch|p2a: Gigalith|Gigalith, F, shiny|39/100
|-damage|p2a: Gigalith|27/100|[from] Stealth Rock
|-weather|Sandstorm|[from] ability: Sand Stream|[of] p2a: Gigalith
|turn|16
|
|t:|1650744434
|move|p1a: Togekiss|Air Slash|p2a: Gigalith
|-resisted|p2a: Gigalith
|-damage|p2a: Gigalith|19/100
|cant|p2a: Gigalith|flinch
|
|-weather|Sandstorm|[upkeep]
|-damage|p1a: Togekiss|88/100|[from] Sandstorm
|-heal|p2a: Gigalith|25/100|[from] item: Leftovers
|upkeep
|turn|17
|
|t:|1650744444
|switch|p1a: Registeel|Registeel|85/100
|-damage|p1a: Registeel|79/100|[from] Stealth Rock
|move|p2a: Gigalith|Earthquake|p1a: Registeel
|-supereffective|p1a: Registeel
|-damage|p1a: Registeel|48/100
|
|-weather|Sandstorm|[upkeep]
|-heal|p2a: Gigalith|31/100|[from] item: Leftovers
|upkeep
|turn|18
|
|t:|1650744460
|switch|p2a: Chandelure|Chandelure, M|100/100 par
|-damage|p2a: Chandelure|76/100 par|[from] Stealth Rock
|move|p1a: Registeel|Thunder Wave|p2a: Chandelure
|-fail|p2a: Chandelure|par
|
|-weather|Sandstorm|[upkeep]
|-damage|p2a: Chandelure|69/100 par|[from] Sandstorm
|-heal|p2a: Chandelure|76/100 par|[from] item: Leftovers
|upkeep
|turn|19
|
|t:|1650744477
|switch|p1a: Togekiss|Togekiss, F|88/100
|-damage|p1a: Togekiss|64/100|[from] Stealth Rock
|move|p2a: Chandelure|Shadow Ball|p1a: Togekiss
|-damage|p1a: Togekiss|26/100
|
|-weather|Sandstorm|[upkeep]
|-damage|p1a: Togekiss|20/100|[from] Sandstorm
|-damage|p2a: Chandelure|69/100 par|[from] Sandstorm
|-heal|p2a: Chandelure|76/100 par|[from] item: Leftovers
|upkeep
|turn|20
|
|t:|1650744487
|move|p1a: Togekiss|Roost|p1a: Togekiss
|-heal|p1a: Togekiss|70/100
|-singleturn|p1a: Togekiss|move: Roost
|cant|p2a: Chandelure|par
|
|-weather|none
|-heal|p2a: Chandelure|82/100 par|[from] item: Leftovers
|upkeep
|turn|21
|
|t:|1650744495
|switch|p2a: Gigalith|Gigalith, F, shiny|31/100
|-damage|p2a: Gigalith|19/100|[from] Stealth Rock
|-weather|Sandstorm|[from] ability: Sand Stream|[of] p2a: Gigalith
|move|p1a: Togekiss|Air Slash|p2a: Gigalith
|-resisted|p2a: Gigalith
|-damage|p2a: Gigalith|11/100
|
|-weather|Sandstorm|[upkeep]
|-damage|p1a: Togekiss|64/100|[from] Sandstorm
|-heal|p2a: Gigalith|17/100|[from] item: Leftovers
|upkeep
|turn|22
|
|t:|1650744506
|switch|p1a: Dhelmise|Dhelmise|100/100
|-damage|p1a: Dhelmise|88/100|[from] Stealth Rock
|move|p2a: Gigalith|Heavy Slam|p1a: Dhelmise
|-damage|p1a: Dhelmise|76/100
|
|-weather|Sandstorm|[upkeep]
|-damage|p1a: Dhelmise|70/100|[from] Sandstorm
|-heal|p2a: Gigalith|24/100|[from] item: Leftovers
|upkeep
|turn|23
|
|t:|1650744519
|switch|p2a: Bewear|Bewear, F|86/100
|-damage|p2a: Bewear|80/100|[from] Stealth Rock
|move|p1a: Dhelmise|Power Whip|p2a: Bewear
|-damage|p2a: Bewear|53/100
|
|-weather|Sandstorm|[upkeep]
|-damage|p2a: Bewear|47/100|[from] Sandstorm
|-damage|p1a: Dhelmise|64/100|[from] Sandstorm
|-heal|p2a: Bewear|53/100|[from] item: Leftovers
|upkeep
|turn|24
|
|t:|1650744529
|move|p2a: Bewear|Darkest Lariat|p1a: Dhelmise
|-supereffective|p1a: Dhelmise
|-enditem|p1a: Dhelmise|Colbur Berry|[eat]
|-enditem|p1a: Dhelmise|Colbur Berry|[weaken]
|-damage|p1a: Dhelmise|36/100
|move|p1a: Dhelmise|Rapid Spin|p2a: Bewear
|-damage|p2a: Bewear|45/100
|-boost|p1a: Dhelmise|spe|1
|-sideend|p1: Qvital|Stealth Rock|[from] move: Rapid Spin|[of] p1a: Dhelmise
|
|-weather|Sandstorm|[upkeep]
|-damage|p1a: Dhelmise|30/100|[from] Sandstorm
|-damage|p2a: Bewear|39/100|[from] Sandstorm
|-heal|p2a: Bewear|45/100|[from] item: Leftovers
|upkeep
|turn|25
|
|t:|1650744541
|switch|p1a: Registeel|Registeel|48/100
|move|p2a: Bewear|Facade|p1a: Registeel
|-resisted|p1a: Registeel
|-damage|p1a: Registeel|39/100
|
|-weather|none
|-heal|p2a: Bewear|51/100|[from] item: Leftovers
|upkeep
|turn|26
|
|t:|1650744550
|switch|p1a: Chandelure|Chandelure, M|100/100
|move|p2a: Bewear|Drain Punch|p1a: Chandelure
|-immune|p1a: Chandelure
|
|-heal|p2a: Bewear|57/100|[from] item: Leftovers
|upkeep
|turn|27
|
|t:|1650744562
|switch|p2a: Chandelure|Chandelure, M|82/100 par
|-damage|p2a: Chandelure|57/100 par|[from] Stealth Rock
|move|p1a: Chandelure|Fire Blast|p2a: Chandelure
|-resisted|p2a: Chandelure
|-damage|p2a: Chandelure|12/100 par
|
|-heal|p2a: Chandelure|18/100 par|[from] item: Leftovers
|upkeep
|turn|28
|
|t:|1650744571
|move|p1a: Chandelure|Fire Blast|p2a: Chandelure
|-resisted|p2a: Chandelure
|-damage|p2a: Chandelure|0 fnt
|faint|p2a: Chandelure
|
|upkeep
|
|t:|1650744589
|switch|p2a: Sirfetch’d|Sirfetch’d, M|100/100
|-damage|p2a: Sirfetch’d|95/100|[from] Stealth Rock
|turn|29
|
|t:|1650744599
|move|p1a: Chandelure|Fire Blast|p2a: Sirfetch’d
|-damage|p2a: Sirfetch’d|3/100
|move|p2a: Sirfetch’d|Close Combat|p1a: Chandelure
|-crit|p1a: Chandelure
|-damage|p1a: Chandelure|0 fnt
|-unboost|p2a: Sirfetch’d|def|1
|-unboost|p2a: Sirfetch’d|spd|1
|faint|p1a: Chandelure
|
|upkeep
|
|t:|1650744608
|switch|p1a: Flygon|Flygon, F|100/100
|turn|30
|
|t:|1650744616
|move|p1a: Flygon|Earthquake|p2a: Sirfetch’d
|-damage|p2a: Sirfetch’d|0 fnt
|faint|p2a: Sirfetch’d
|
|upkeep
|
|t:|1650744621
|switch|p2a: Jellicent|Jellicent, M, shiny|100/100
|-damage|p2a: Jellicent|88/100|[from] Stealth Rock
|turn|31
|
|t:|1650744626
|switch|p1a: Registeel|Registeel|39/100
|move|p2a: Jellicent|Ice Beam|p1a: Registeel
|-resisted|p1a: Registeel
|-damage|p1a: Registeel|33/100
|
|upkeep
|turn|32
|
|t:|1650744633
|move|p2a: Jellicent|Taunt|p1a: Registeel
|-start|p1a: Registeel|move: Taunt
|cant|p1a: Registeel|move: Taunt|Thunder Wave
|
|upkeep
|turn|33
|
|t:|1650744639
|move|p2a: Jellicent|Scald|p1a: Registeel
|-damage|p1a: Registeel|17/100
|-status|p1a: Registeel|brn
|move|p1a: Registeel|Body Press|p2a: Jellicent
|-immune|p2a: Jellicent
|
|-damage|p1a: Registeel|11/100 brn|[from] brn
|upkeep
|turn|34
|
|t:|1650744651
|move|p2a: Jellicent|Strength Sap|p1a: Registeel
|-fail|p1a: Registeel|unboost|[from] ability: Clear Body|[of] p1a: Registeel
|-heal|p2a: Jellicent|100/100
|move|p1a: Registeel|Body Press|p2a: Jellicent
|-immune|p2a: Jellicent
|
|-damage|p1a: Registeel|5/100 brn|[from] brn
|-end|p1a: Registeel|move: Taunt
|upkeep
|turn|35
|
|t:|1650744663
|move|p2a: Jellicent|Scald|p1a: Registeel
|-damage|p1a: Registeel|0 fnt
|faint|p1a: Registeel
|
|upkeep
|
|t:|1650744671
|switch|p1a: Dhelmise|Dhelmise|30/100
|turn|36
|
|t:|1650744678
|switch|p2a: Bewear|Bewear, F|57/100
|-damage|p2a: Bewear|51/100|[from] Stealth Rock
|move|p1a: Dhelmise|Poltergeist|p2a: Bewear
|-immune|p2a: Bewear
|
|-heal|p2a: Bewear|57/100|[from] item: Leftovers
|upkeep
|turn|37
|
|t:|1650744687
|switch|p2a: Gigalith|Gigalith, F, shiny|24/100
|-damage|p2a: Gigalith|11/100|[from] Stealth Rock
|-weather|Sandstorm|[from] ability: Sand Stream|[of] p2a: Gigalith
|move|p1a: Dhelmise|Synthesis|p1a: Dhelmise
|-heal|p1a: Dhelmise|55/100
|
|-weather|Sandstorm|[upkeep]
|-damage|p1a: Dhelmise|49/100|[from] Sandstorm
|-heal|p2a: Gigalith|17/100|[from] item: Leftovers
|upkeep
|turn|38
|
|t:|1650744699
|switch|p2a: Bewear|Bewear, F|57/100
|-damage|p2a: Bewear|51/100|[from] Stealth Rock
|move|p1a: Dhelmise|Power Whip|p2a: Bewear
|-damage|p2a: Bewear|22/100
|
|-weather|Sandstorm|[upkeep]
|-damage|p2a: Bewear|15/100|[from] Sandstorm
|-damage|p1a: Dhelmise|43/100|[from] Sandstorm
|-heal|p2a: Bewear|22/100|[from] item: Leftovers
|upkeep
|turn|39
|
|t:|1650744709
|move|p2a: Bewear|Darkest Lariat|p1a: Dhelmise
|-supereffective|p1a: Dhelmise
|-damage|p1a: Dhelmise|0 fnt
|faint|p1a: Dhelmise
|
|-weather|Sandstorm|[upkeep]
|-damage|p2a: Bewear|15/100|[from] Sandstorm
|-heal|p2a: Bewear|22/100|[from] item: Leftovers
|upkeep
|
|t:|1650744718
|switch|p1a: Togekiss|Togekiss, F|64/100
|turn|40
|
|t:|1650744721
|move|p1a: Togekiss|Air Slash|p2a: Bewear
|-supereffective|p2a: Bewear
|-damage|p2a: Bewear|0 fnt
|faint|p2a: Bewear
|
|-weather|Sandstorm|[upkeep]
|-damage|p1a: Togekiss|58/100|[from] Sandstorm
|upkeep
|
|t:|1650744745
|switch|p2a: Jellicent|Jellicent, M, shiny|100/100
|-damage|p2a: Jellicent|88/100|[from] Stealth Rock
|turn|41
|
|t:|1650744756
|move|p1a: Togekiss|Roost|p1a: Togekiss
|-heal|p1a: Togekiss|100/100
|-singleturn|p1a: Togekiss|move: Roost
|move|p2a: Jellicent|Scald|p1a: Togekiss
|-damage|p1a: Togekiss|83/100
|-status|p1a: Togekiss|brn
|
|-weather|none
|-damage|p1a: Togekiss|76/100 brn|[from] brn
|upkeep
|turn|42
|
|t:|1650744766
|switch|p2a: Gigalith|Gigalith, F, shiny|17/100
|-damage|p2a: Gigalith|5/100|[from] Stealth Rock
|-weather|Sandstorm|[from] ability: Sand Stream|[of] p2a: Gigalith
|move|p1a: Togekiss|Air Slash|p2a: Gigalith
|-resisted|p2a: Gigalith
|-damage|p2a: Gigalith|0 fnt
|faint|p2a: Gigalith
|
|-weather|Sandstorm|[upkeep]
|-damage|p1a: Togekiss|70/100 brn|[from] Sandstorm
|-damage|p1a: Togekiss|64/100 brn|[from] brn
|upkeep
|
|t:|1650744769
|switch|p2a: Jellicent|Jellicent, M, shiny|88/100
|-damage|p2a: Jellicent|76/100|[from] Stealth Rock
|turn|43
|
|t:|1650744779
|move|p1a: Togekiss|Roost|p1a: Togekiss
|-heal|p1a: Togekiss|100/100 brn
|-singleturn|p1a: Togekiss|move: Roost
|move|p2a: Jellicent|Taunt|p1a: Togekiss
|-start|p1a: Togekiss|move: Taunt
|
|-weather|Sandstorm|[upkeep]
|-damage|p1a: Togekiss|94/100 brn|[from] Sandstorm
|-damage|p2a: Jellicent|70/100|[from] Sandstorm
|-damage|p1a: Togekiss|88/100 brn|[from] brn
|upkeep
|turn|44
|
|t:|1650744789
|move|p1a: Togekiss|Air Slash|p2a: Jellicent
|-damage|p2a: Jellicent|44/100
|cant|p2a: Jellicent|flinch
|
|-weather|Sandstorm|[upkeep]
|-damage|p1a: Togekiss|82/100 brn|[from] Sandstorm
|-damage|p2a: Jellicent|38/100|[from] Sandstorm
|-damage|p1a: Togekiss|76/100 brn|[from] brn
|upkeep
|turn|45
|
|t:|1650744796
|move|p1a: Togekiss|Air Slash|p2a: Jellicent
|-damage|p2a: Jellicent|14/100
|cant|p2a: Jellicent|flinch
|
|-weather|Sandstorm|[upkeep]
|-damage|p1a: Togekiss|70/100 brn|[from] Sandstorm
|-damage|p2a: Jellicent|8/100|[from] Sandstorm
|-damage|p1a: Togekiss|64/100 brn|[from] brn
|upkeep
|turn|46
|
|t:|1650744803
|move|p1a: Togekiss|Air Slash|p2a: Jellicent
|-damage|p2a: Jellicent|0 fnt
|faint|p2a: Jellicent
|
|win|Qvital
|raw|Qvital's rating: 1243 &rarr; <strong>1284</strong><br />(+41 for winning)
|raw|JigglyThot's rating: 1509 &rarr; <strong>1476</strong><br />(-33 for losing)
|c|☆Qvital|ggg
|l|☆JigglyThot
||Ladder isn't responding, score probably updated but might not have (Request timeout).
