|j|☆Player 58
|j|☆Gladio
|player|p1|Player 58|169|1264
|player|p2|Gladio|emmet|1161
|teamsize|p1|6
|teamsize|p2|6
|gametype|singles
|gen|8
|tier|[Gen 8] RU
|rated|
|rule|Sleep Clause Mod: Limit one foe put to sleep
|rule|Species Clause: Limit one of each Pokémon
|rule|OHKO Clause: OHKO moves are banned
|rule|Evasion Moves Clause: Evasion moves are banned
|rule|Endless Battle Clause: Forcing endless battles is banned
|rule|HP Percentage Mod: HP is shown in percentages
|clearpoke
|poke|p1|Galvantula, F|
|poke|p1|Passimian, M|
|poke|p1|Salazzle, F|
|poke|p1|Sigilyph, F|
|poke|p1|Eldegoss, F|
|poke|p1|Gigalith, F|
|poke|p2|Gallade, M|
|poke|p2|Sigilyph, F|
|poke|p2|Steelix, M|
|poke|p2|Jellicent, F|
|poke|p2|Vanilluxe, F|
|poke|p2|Rillaboom, M|
|rule|Dynamax Clause: You cannot dynamax
|teampreview
|c|☆Player 58|gl hf
|c|☆Gladio|same mate^^
|c|☆Player 58|Hey wait a minute
|c|☆Gladio|3rd time today, huh?
|c|☆Player 58|Yeah :)
|c|☆Gladio|Very nice
|c|☆Gladio|I'm still using this jank team
|
|start
|switch|p1a: Passimian|Passimian, M|100/100
|switch|p2a: Vanilluxe|Vanilluxe, F|100/100
|-weather|Hail|[from] ability: Snow Warning|[of] p2a: Vanilluxe
|turn|1
|c|☆Gladio|I really don't like it tbh
|
|move|p1a: Passimian|U-turn|p2a: Vanilluxe
|-damage|p2a: Vanilluxe|49/100
|
|switch|p1a: Gigalith|Gigalith, F|100/100|[from]move: U-turn
|-weather|Sandstorm|[from] ability: Sand Stream|[of] p1a: Gigalith
|move|p2a: Vanilluxe|Blizzard|p1a: Gigalith
|-damage|p1a: Gigalith|69/100
|
|-weather|Sandstorm|[upkeep]
|-damage|p2a: Vanilluxe|43/100|[from] Sandstorm
|-heal|p1a: Gigalith|75/100|[from] item: Leftovers
|upkeep
|turn|2
|c|☆Player 58|I dont like my teams either
|c|☆Gladio|Yours are at least very functional lmao
|c|☆Player 58|Yeah but always some threats got me imo
|c|☆Player 58|Like ı prepared for weather but now ghost types become problem
|c|☆Gladio|I really, really wnat to make something with Gallade, but just putting some goodstuff together with a glimpse of synergy ain't doing it
|c|☆Player 58|Gladio is that thing happens to you like
|c|☆Player 58|Whenever you change something in your team hoping for countering popular strats
|c|☆Player 58|When you search first player that you encounter is ct team
|c|☆Player 58|That happens to me all the time
|c|☆Gladio|yeah, it really be like that sometimes
|c|☆Gladio|Worst case scenario, I'll see if someone has a barebones-good core and I'll work on that
|c|☆Gladio|rn this team has reached slightly below 50% winrate
|c|☆Gladio|mostly from being haxed to death and salt piling up
|c|☆Gladio|actually, it's exactely 50% huehue
|j| thimb
|c|☆Gladio|14 w 7 l
|c|☆Player 58|Balanced as all should be ^^
|c|☆Gladio|You're tearing me apart Playe-oh wait wrong reference
|c|☆Player 58|Ok then ı will do a move ı dont like attacking while talking ;)
|c|☆Gladio|aye aye lmao
|
|switch|p2a: Steelix|Steelix, M|100/100
|move|p1a: Gigalith|Superpower|p2a: Steelix
|-supereffective|p2a: Steelix
|-damage|p2a: Steelix|62/100
|-unboost|p1a: Gigalith|atk|1
|-unboost|p1a: Gigalith|def|1
|
|-weather|Sandstorm|[upkeep]
|-heal|p2a: Steelix|68/100|[from] item: Leftovers
|-heal|p1a: Gigalith|81/100|[from] item: Leftovers
|upkeep
|turn|3
|
|switch|p1a: Eldegoss|Eldegoss, F|100/100
|move|p2a: Steelix|Stealth Rock|p1a: Eldegoss
|-sidestart|p1: Player 58|move: Stealth Rock
|
|-weather|Sandstorm|[upkeep]
|-damage|p1a: Eldegoss|94/100|[from] Sandstorm
|-heal|p1a: Eldegoss|100/100|[from] item: Leftovers
|-heal|p2a: Steelix|74/100|[from] item: Leftovers
|upkeep
|turn|4
|
|switch|p2a: Vanilluxe|Vanilluxe, F|43/100
|-weather|Hail|[from] ability: Snow Warning|[of] p2a: Vanilluxe
|move|p1a: Eldegoss|Leech Seed|p2a: Vanilluxe
|-start|p2a: Vanilluxe|move: Leech Seed
|
|-weather|Hail|[upkeep]
|-damage|p1a: Eldegoss|94/100|[from] Hail
|-heal|p1a: Eldegoss|100/100|[from] item: Leftovers
|-damage|p2a: Vanilluxe|31/100|[from] Leech Seed|[of] p1a: Eldegoss
|upkeep
|turn|5
|
|switch|p1a: Gigalith|Gigalith, F|81/100
|-damage|p1a: Gigalith|69/100|[from] Stealth Rock
|-weather|Sandstorm|[from] ability: Sand Stream|[of] p1a: Gigalith
|move|p2a: Vanilluxe|Blizzard|p1a: Gigalith|[miss]
|-miss|p2a: Vanilluxe|p1a: Gigalith
|
|-weather|Sandstorm|[upkeep]
|-damage|p2a: Vanilluxe|25/100|[from] Sandstorm
|-heal|p1a: Gigalith|75/100|[from] item: Leftovers
|-damage|p2a: Vanilluxe|12/100|[from] Leech Seed|[of] p1a: Gigalith
|-heal|p1a: Gigalith|84/100|[silent]
|upkeep
|turn|6
|
|switch|p2a: Jellicent|Jellicent, F|100/100
|move|p1a: Gigalith|Stealth Rock|p2a: Jellicent
|-sidestart|p2: Gladio|move: Stealth Rock
|
|-weather|Sandstorm|[upkeep]
|-damage|p2a: Jellicent|94/100|[from] Sandstorm
|-heal|p2a: Jellicent|100/100|[from] item: Leftovers
|-heal|p1a: Gigalith|91/100|[from] item: Leftovers
|upkeep
|turn|7
|
|switch|p1a: Galvantula|Galvantula, F|100/100
|-damage|p1a: Galvantula|76/100|[from] Stealth Rock
|move|p2a: Jellicent|Will-O-Wisp|p1a: Galvantula
|-status|p1a: Galvantula|brn
|
|-weather|Sandstorm|[upkeep]
|-damage|p1a: Galvantula|70/100 brn|[from] Sandstorm
|-damage|p2a: Jellicent|94/100|[from] Sandstorm
|-heal|p2a: Jellicent|100/100|[from] item: Leftovers
|-damage|p1a: Galvantula|63/100 brn|[from] brn
|upkeep
|turn|8
|
|move|p1a: Galvantula|Sticky Web|p2a: Jellicent
|-sidestart|p2: Gladio|move: Sticky Web
|move|p2a: Jellicent|Hex|p1a: Galvantula
|-damage|p1a: Galvantula|0 fnt
|faint|p1a: Galvantula
|
|-weather|Sandstorm|[upkeep]
|-damage|p2a: Jellicent|94/100|[from] Sandstorm
|-heal|p2a: Jellicent|100/100|[from] item: Leftovers
|upkeep
|j| gabriel974
|l| gabriel974
|
|switch|p1a: Eldegoss|Eldegoss, F|100/100
|-damage|p1a: Eldegoss|88/100|[from] Stealth Rock
|turn|9
|
|switch|p2a: Sigilyph|Sigilyph, F|100/100
|move|p1a: Eldegoss|Leech Seed|p2a: Sigilyph
|-start|p2a: Sigilyph|move: Leech Seed
|
|-weather|none
|-heal|p1a: Eldegoss|94/100|[from] item: Leftovers
|upkeep
|turn|10
|
|switch|p1a: Gigalith|Gigalith, F|91/100
|-damage|p1a: Gigalith|78/100|[from] Stealth Rock
|-weather|Sandstorm|[from] ability: Sand Stream|[of] p1a: Gigalith
|move|p2a: Sigilyph|Psyshock|p1a: Gigalith
|-crit|p1a: Gigalith
|-damage|p1a: Gigalith|24/100
|
|-weather|Sandstorm|[upkeep]
|-heal|p1a: Gigalith|30/100|[from] item: Leftovers
|upkeep
|turn|11
|
|switch|p2a: Steelix|Steelix, M|74/100
|-activate|p2a: Steelix|move: Sticky Web
|-unboost|p2a: Steelix|spe|1
|-damage|p2a: Steelix|71/100|[from] Stealth Rock
|move|p1a: Gigalith|Stone Edge|p2a: Steelix
|-resisted|p2a: Steelix
|-crit|p2a: Steelix
|-damage|p2a: Steelix|62/100
|
|-weather|Sandstorm|[upkeep]
|-heal|p1a: Gigalith|36/100|[from] item: Leftovers
|-heal|p2a: Steelix|68/100|[from] item: Leftovers
|upkeep
|turn|12
|
|switch|p1a: Eldegoss|Eldegoss, F|100/100
|-damage|p1a: Eldegoss|88/100|[from] Stealth Rock
|move|p2a: Steelix|Earthquake|p1a: Eldegoss
|-resisted|p1a: Eldegoss
|-damage|p1a: Eldegoss|76/100
|
|-weather|Sandstorm|[upkeep]
|-damage|p1a: Eldegoss|70/100|[from] Sandstorm
|-heal|p1a: Eldegoss|76/100|[from] item: Leftovers
|-heal|p2a: Steelix|74/100|[from] item: Leftovers
|upkeep
|turn|13
|
|switch|p2a: Sigilyph|Sigilyph, F|100/100
|move|p1a: Eldegoss|Rapid Spin|p2a: Sigilyph
|-damage|p2a: Sigilyph|93/100
|-sideend|p1: Player 58|Stealth Rock|[from] move: Rapid Spin|[of] p1a: Eldegoss
|-boost|p1a: Eldegoss|spe|1
|
|-weather|Sandstorm|[upkeep]
|-damage|p1a: Eldegoss|70/100|[from] Sandstorm
|-heal|p1a: Eldegoss|76/100|[from] item: Leftovers
|upkeep
|turn|14
|j| AttackonSamurott
|
|switch|p1a: Gigalith|Gigalith, F|36/100
|move|p2a: Sigilyph|Calm Mind|p2a: Sigilyph
|-boost|p2a: Sigilyph|spa|1
|-boost|p2a: Sigilyph|spd|1
|
|-weather|none
|-heal|p1a: Gigalith|42/100|[from] item: Leftovers
|upkeep
|turn|15
|
|move|p2a: Sigilyph|Psyshock|p1a: Gigalith
|-damage|p1a: Gigalith|0 fnt
|faint|p1a: Gigalith
|
|upkeep
|
|switch|p1a: Passimian|Passimian, M|100/100
|turn|16
|
|switch|p1a: Sigilyph|Sigilyph, F|100/100
|move|p2a: Sigilyph|Psyshock|p1a: Sigilyph
|-resisted|p1a: Sigilyph
|-damage|p1a: Sigilyph|50/100
|
|upkeep
|turn|17
|
|move|p1a: Sigilyph|Air Slash|p2a: Sigilyph
|-damage|p2a: Sigilyph|55/100
|move|p2a: Sigilyph|Heat Wave|p1a: Sigilyph
|-damage|p1a: Sigilyph|0 fnt
|faint|p1a: Sigilyph
|
|upkeep
|c|☆Player 58|Ah couldnt bait now ı am dead
|c|☆Gladio|nu-uh
|c|☆Player 58|:s
|
|switch|p1a: Salazzle|Salazzle, F|100/100
|turn|18
|c|☆Gladio|You still have a defensive mon and 2 powerful offensive dudes
|
|move|p1a: Salazzle|Fire Blast|p2a: Sigilyph
|-damage|p2a: Sigilyph|5/100
|move|p2a: Sigilyph|Psyshock|p1a: Salazzle
|-supereffective|p1a: Salazzle
|-damage|p1a: Salazzle|0 fnt
|faint|p1a: Salazzle
|
|upkeep
|c|☆Gladio|well, uh
|
|switch|p1a: Eldegoss|Eldegoss, F|100/100
|turn|19
|c|☆Gladio|1
|
|move|p2a: Sigilyph|Roost|p2a: Sigilyph
|-heal|p2a: Sigilyph|55/100
|-singleturn|p2a: Sigilyph|move: Roost
|move|p1a: Eldegoss|Rapid Spin|p2a: Sigilyph
|-damage|p2a: Sigilyph|48/100
|-boost|p1a: Eldegoss|spe|1
|
|upkeep
|turn|20
|c|☆Player 58|No ı mean
|c|☆Player 58|My pass is not scarf
|c|☆Gladio|*spoiler alert*
|
|move|p2a: Sigilyph|Roost|p2a: Sigilyph
|-heal|p2a: Sigilyph|98/100
|-singleturn|p2a: Sigilyph|move: Roost
|move|p1a: Eldegoss|Rapid Spin|p2a: Sigilyph
|-damage|p2a: Sigilyph|92/100
|-boost|p1a: Eldegoss|spe|1
|
|upkeep
|turn|21
|c|☆Gladio|oh
|
|move|p2a: Sigilyph|Psyshock|p1a: Eldegoss
|-damage|p1a: Eldegoss|42/100
|move|p1a: Eldegoss|Rapid Spin|p2a: Sigilyph
|-damage|p2a: Sigilyph|84/100
|-boost|p1a: Eldegoss|spe|1
|
|-heal|p1a: Eldegoss|48/100|[from] item: Leftovers
|upkeep
|turn|22
|c|☆Player 58|I thought you did move based on that
|l| AttackonSamurott
|
|move|p1a: Eldegoss|Rapid Spin|p2a: Sigilyph
|-damage|p2a: Sigilyph|77/100
|-boost|p1a: Eldegoss|spe|1
|move|p2a: Sigilyph|Psyshock|p1a: Eldegoss
|-damage|p1a: Eldegoss|0 fnt
|faint|p1a: Eldegoss
|
|upkeep
|c|☆Gladio|Oh, nonono
|
|switch|p1a: Passimian|Passimian, M|100/100
|turn|23
|c|☆Gladio|I stayed in because "Well, scarf passimian fails to OHKO from full iirc"
|
|move|p2a: Sigilyph|Psyshock|p1a: Passimian
|-supereffective|p1a: Passimian
|-crit|p1a: Passimian
|-damage|p1a: Passimian|0 fnt
|faint|p1a: Passimian
|
|win|Gladio
|raw|Player 58's rating: 1264 &rarr; <strong>1231</strong><br />(-33 for losing)
|raw|Gladio's rating: 1161 &rarr; <strong>1194</strong><br />(+33 for winning)
|c|☆Gladio|well, gg my friend
|c|☆Player 58|I need to calc stone edge
|c|☆Player 58|I am sure it ohkoes
|c|☆Gladio|Now back to studying for my roborics exam :s
|c|☆Gladio|robotics*
|c|☆Gladio|bleh
|c|☆Gladio|Probably yeah
|c|☆Player 58|Yeah ı have an anatomy exams too
|c|☆Gladio|that 3 extra BP probably secures it
|c|☆Gladio|oh cool
|c|☆Gladio|Good luck then
|c|☆Gladio|See ya around!
|c|☆Player 58|Good luck you too
|c|☆Player 58|^^
|c|☆Gladio|:>
|l|☆Gladio
