|j|☆Shahbal
|j|☆Tintincpajouer
|t:|1629664125
|gametype|singles
|player|p1|Shahbal|gambler|1377
|player|p2|Tintincpajouer|1|1407
|teamsize|p1|6
|teamsize|p2|6
|gen|8
|tier|[Gen 8] RU
|rated|
|rule|Sleep Clause Mod: Limit one foe put to sleep
|rule|Species Clause: Limit one of each Pokémon
|rule|OHKO Clause: OHKO moves are banned
|rule|Evasion Moves Clause: Evasion moves are banned
|rule|Endless Battle Clause: Forcing endless battles is banned
|rule|HP Percentage Mod: HP is shown in percentages
|rule|Dynamax Clause: You cannot dynamax
|clearpoke
|poke|p1|Chandelure, F|
|poke|p1|Cobalion|
|poke|p1|Seismitoad, F|
|poke|p1|Crobat, F|
|poke|p1|Braviary, M|
|poke|p1|Roserade, F|
|poke|p2|Porygon-Z|
|poke|p2|Cobalion|
|poke|p2|Mimikyu, M|
|poke|p2|Shuckle, M|
|poke|p2|Xurkitree|
|poke|p2|Crobat, M|
|teampreview
|
|t:|1629664130
|start
|switch|p1a: Roserade|Roserade, F|100/100
|switch|p2a: Shuckle|Shuckle, M|100/100
|turn|1
|inactive|Battle timer is ON: inactive players will automatically lose when time's up. (requested by Tintincpajouer)
|
|t:|1629664146
|move|p1a: Roserade|Toxic Spikes|p2a: Shuckle
|-sidestart|p2: Tintincpajouer|move: Toxic Spikes
|move|p2a: Shuckle|Sticky Web|p1a: Roserade
|-sidestart|p1: Shahbal|move: Sticky Web
|
|upkeep
|turn|2
|
|t:|1629664152
|move|p1a: Roserade|Toxic Spikes|p2a: Shuckle
|-sidestart|p2: Tintincpajouer|move: Toxic Spikes
|move|p2a: Shuckle|Stealth Rock|p1a: Roserade
|-sidestart|p1: Shahbal|move: Stealth Rock
|
|upkeep
|turn|3
|
|t:|1629664157
|move|p1a: Roserade|Giga Drain|p2a: Shuckle
|-damage|p2a: Shuckle|73/100
|move|p2a: Shuckle|Final Gambit|p1a: Roserade
|-damage|p1a: Roserade|32/100
|faint|p2a: Shuckle
|
|-heal|p1a: Roserade|38/100|[from] item: Black Sludge
|upkeep
|
|t:|1629664167
|switch|p2a: Crobat|Crobat, M|100/100
|turn|4
|
|t:|1629664182
|switch|p1a: Braviary|Braviary, M|100/100
|-damage|p1a: Braviary|76/100|[from] Stealth Rock
|move|p2a: Crobat|Sludge Bomb|p1a: Braviary
|-damage|p1a: Braviary|38/100
|
|upkeep
|turn|5
|
|t:|1629664195
|switch|p2a: Cobalion|Cobalion|100/100
|move|p1a: Braviary|Dual Wingbeat|p2a: Cobalion|[miss]
|-miss|p1a: Braviary|p2a: Cobalion
|
|upkeep
|turn|6
|
|t:|1629664215
|switch|p2a: Porygon-Z|Porygon-Z|100/100
|-status|p2a: Porygon-Z|tox
|switch|p1a: Chandelure|Chandelure, F|100/100
|
|-damage|p2a: Porygon-Z|94/100 tox|[from] psn
|upkeep
|turn|7
|
|t:|1629664225
|move|p1a: Chandelure|Protect|p1a: Chandelure
|-singleturn|p1a: Chandelure|Protect
|move|p2a: Porygon-Z|Trick|p1a: Chandelure
|-activate|p1a: Chandelure|move: Protect
|
|-damage|p2a: Porygon-Z|82/100 tox|[from] psn
|upkeep
|turn|8
|j| kprf
|
|t:|1629664237
|move|p2a: Porygon-Z|Trick|p1a: Chandelure
|-activate|p2a: Porygon-Z|move: Trick|[of] p1a: Chandelure
|-item|p1a: Chandelure|Choice Specs|[from] move: Trick
|-item|p2a: Porygon-Z|Heavy-Duty Boots|[from] move: Trick
|move|p1a: Chandelure|Fire Blast|p2a: Porygon-Z
|-damage|p2a: Porygon-Z|0 fnt
|faint|p2a: Porygon-Z
|
|upkeep
|
|t:|1629664247
|switch|p2a: Crobat|Crobat, M|100/100
|turn|9
|
|t:|1629664253
|move|p2a: Crobat|Air Slash|p1a: Chandelure
|-damage|p1a: Chandelure|62/100
|move|p1a: Chandelure|Fire Blast|p2a: Crobat
|-damage|p2a: Crobat|0 fnt
|faint|p2a: Crobat
|
|upkeep
|c| kprf|lol
|
|t:|1629664264
|switch|p2a: Mimikyu|Mimikyu, M|100/100
|-status|p2a: Mimikyu|tox
|turn|10
|
|t:|1629664280
|move|p2a: Mimikyu|Shadow Sneak|p1a: Chandelure
|-supereffective|p1a: Chandelure
|-damage|p1a: Chandelure|0 fnt
|faint|p1a: Chandelure
|-damage|p2a: Mimikyu|91/100 tox|[from] item: Life Orb
|
|-damage|p2a: Mimikyu|85/100 tox|[from] psn
|upkeep
|
|t:|1629664286
|switch|p1a: Braviary|Braviary, M|38/100
|-damage|p1a: Braviary|13/100|[from] Stealth Rock
|-enditem|p1a: Braviary|Salac Berry|[eat]
|-boost|p1a: Braviary|spe|1|[from] item: Salac Berry
|turn|11
|
|t:|1629664295
|move|p1a: Braviary|Dual Wingbeat|p2a: Mimikyu
|-activate|p2a: Mimikyu|ability: Disguise
|-damage|p2a: Mimikyu|85/100 tox
|detailschange|p2a: Mimikyu|Mimikyu-Busted, M
|-damage|p2a: Mimikyu|72/100 tox|[from] pokemon: Mimikyu-Busted
|-damage|p2a: Mimikyu|38/100 tox
|-hitcount|p2a: Mimikyu|2
|move|p2a: Mimikyu|Drain Punch|p1a: Braviary
|-damage|p1a: Braviary|0 fnt
|-heal|p2a: Mimikyu|47/100 tox|[from] drain|[of] p1a: Braviary
|faint|p1a: Braviary
|-damage|p2a: Mimikyu|37/100 tox|[from] item: Life Orb
|
|-damage|p2a: Mimikyu|25/100 tox|[from] psn
|upkeep
|
|t:|1629664307
|switch|p1a: Crobat|Crobat, F|100/100
|turn|12
|
|t:|1629664315
|move|p1a: Crobat|Brave Bird|p2a: Mimikyu
|-damage|p2a: Mimikyu|0 fnt
|faint|p2a: Mimikyu
|-damage|p1a: Crobat|95/100|[from] Recoil
|
|upkeep
|
|t:|1629664327
|switch|p2a: Cobalion|Cobalion|100/100
|turn|13
|
|t:|1629664332
|move|p1a: Crobat|Brave Bird|p2a: Cobalion
|-damage|p2a: Cobalion|70/100
|-damage|p1a: Crobat|86/100|[from] Recoil
|move|p2a: Cobalion|Swords Dance|p2a: Cobalion
|-boost|p2a: Cobalion|atk|2
|
|upkeep
|turn|14
|
|t:|1629664342
|move|p1a: Crobat|Defog|p2a: Cobalion
|-unboost|p2a: Cobalion|evasion|1
|-sideend|p2: Tintincpajouer|Toxic Spikes|[from] move: Defog|[of] p1a: Crobat
|-sideend|p1: Shahbal|Stealth Rock|[from] move: Defog|[of] p1a: Crobat
|-sideend|p1: Shahbal|Sticky Web|[from] move: Defog|[of] p1a: Crobat
|move|p2a: Cobalion|Iron Head|p1a: Crobat
|-damage|p1a: Crobat|15/100
|
|upkeep
|turn|15
|
|t:|1629664350
|move|p1a: Crobat|Brave Bird|p2a: Cobalion
|-damage|p2a: Cobalion|36/100
|-damage|p1a: Crobat|6/100|[from] Recoil
|move|p2a: Cobalion|Iron Head|p1a: Crobat
|-damage|p1a: Crobat|0 fnt
|faint|p1a: Crobat
|
|upkeep
|
|t:|1629664353
|switch|p1a: Cobalion|Cobalion|100/100
|turn|16
|
|t:|1629664361
|move|p1a: Cobalion|Close Combat|p2a: Cobalion
|-supereffective|p2a: Cobalion
|-damage|p2a: Cobalion|0 fnt
|-unboost|p1a: Cobalion|def|1
|-unboost|p1a: Cobalion|spd|1
|faint|p2a: Cobalion
|
|upkeep
|c| kprf|eyyyy
|c|☆Tintincpajouer|Are you scarf ?
|c| kprf|prob
|c| kprf|he has no other scarfer
|c|☆Shahbal|lol na speedtie
|c| kprf|LMAO
|c| kprf|gg ez
|inactive|Tintincpajouer has 120 seconds left.
|
|t:|1629664397
|switch|p2a: Xurkitree|Xurkitree|100/100
|turn|17
|inactive|Tintincpajouer has 120 seconds left.
|
|t:|1629664406
|switch|p1a: Seismitoad|Seismitoad, F|100/100
|move|p2a: Xurkitree|Dazzling Gleam|p1a: Seismitoad
|-damage|p1a: Seismitoad|66/100
|
|-heal|p1a: Seismitoad|72/100|[from] item: Leftovers
|upkeep
|turn|18
|c|☆Shahbal|gg
|inactive|Tintincpajouer has 120 seconds left.
|c|☆Tintincpajouer|It's 3 speed in 2 games :)
|c|☆Tintincpajouer|Gg
|
|t:|1629664427
|move|p2a: Xurkitree|Dazzling Gleam|p1a: Seismitoad
|-damage|p1a: Seismitoad|37/100
|move|p1a: Seismitoad|Earthquake|p2a: Xurkitree
|-supereffective|p2a: Xurkitree
|-damage|p2a: Xurkitree|12/100
|
|-heal|p1a: Seismitoad|43/100|[from] item: Leftovers
|upkeep
|turn|19
|
|t:|1629664436
|move|p2a: Xurkitree|Dazzling Gleam|p1a: Seismitoad
|-damage|p1a: Seismitoad|5/100
|move|p1a: Seismitoad|Earthquake|p2a: Xurkitree
|-supereffective|p2a: Xurkitree
|-damage|p2a: Xurkitree|0 fnt
|faint|p2a: Xurkitree
|
|win|Shahbal
|raw|Shahbal's rating: 1377 &rarr; <strong>1399</strong><br />(+22 for winning)
|raw|Tintincpajouer's rating: 1407 &rarr; <strong>1385</strong><br />(-22 for losing)
|l|☆Shahbal
