|raw|<div class="broadcast-blue"><strong>This battle is required to be public due to a player having a name starting with 'rult50'.</div>
|j|‽toxrus1
|j|☆RULT50Y Curse
|t:|1625959488
|gametype|singles
|player|p1|toxrus1|beauty-gen4dp|1364
|player|p2|RULT50Y Curse|hilda|1303
|teamsize|p1|6
|teamsize|p2|6
|gen|8
|tier|[Gen 8] RU
|rated|
|rule|Sleep Clause Mod: Limit one foe put to sleep
|rule|Species Clause: Limit one of each Pokémon
|rule|OHKO Clause: OHKO moves are banned
|rule|Evasion Moves Clause: Evasion moves are banned
|rule|Endless Battle Clause: Forcing endless battles is banned
|rule|HP Percentage Mod: HP is shown in percentages
|rule|Dynamax Clause: You cannot dynamax
|clearpoke
|poke|p1|Weezing-Galar, F|
|poke|p1|Registeel|
|poke|p1|Gastrodon-East, F|
|poke|p1|Celebi|
|poke|p1|Xurkitree|
|poke|p1|Flygon, M|
|poke|p2|Celebi|
|poke|p2|Cobalion|
|poke|p2|Golisopod, F|
|poke|p2|Flygon, F|
|poke|p2|Xurkitree|
|poke|p2|Diancie|
|teampreview
|inactive|Battle timer is ON: inactive players will automatically lose when time's up. (requested by RULT50Y Curse)
|j| RULT50A Prod
|
|t:|1625959506
|start
|switch|p1a: Flygon|Flygon, M|100/100
|switch|p2a: Xurkitree|Xurkitree|100/100
|turn|1
|
|t:|1625959521
|switch|p2a: Flygon|Flygon, F|100/100
|move|p1a: Flygon|Earthquake|p2a: Flygon
|-immune|p2a: Flygon|[from] ability: Levitate
|
|upkeep
|turn|2
|
|t:|1625959526
|move|p1a: Flygon|U-turn|p2a: Flygon
|-crit|p2a: Flygon
|-damage|p2a: Flygon|80/100
|-damage|p1a: Flygon|84/100|[from] item: Rocky Helmet|[of] p2a: Flygon
|
|t:|1625959537
|switch|p1a: Weezing|Weezing-Galar, F|100/100|[from]move: U-turn
|-ability|p1a: Weezing|Neutralizing Gas
|move|p2a: Flygon|U-turn|p1a: Weezing
|-resisted|p1a: Weezing
|-damage|p1a: Weezing|98/100
|
|t:|1625959551
|switch|p2a: Celebi|Celebi|100/100|[from]move: U-turn
|
|upkeep
|turn|3
|
|t:|1625959565
|-end|p1a: Weezing|ability: Neutralizing Gas
|switch|p1a: Registeel|Registeel|100/100
|move|p2a: Celebi|Psychic|p1a: Registeel
|-resisted|p1a: Registeel
|-damage|p1a: Registeel|91/100
|
|-heal|p1a: Registeel|97/100|[from] item: Leftovers
|upkeep
|turn|4
|
|t:|1625959572
|move|p2a: Celebi|Nasty Plot|p2a: Celebi
|-boost|p2a: Celebi|spa|2
|move|p1a: Registeel|Stealth Rock|p2a: Celebi
|-sidestart|p2: RULT50Y Curse|move: Stealth Rock
|
|-heal|p1a: Registeel|100/100|[from] item: Leftovers
|upkeep
|turn|5
|
|t:|1625959574
|move|p2a: Celebi|Earth Power|p1a: Registeel
|-supereffective|p1a: Registeel
|-damage|p1a: Registeel|50/100
|move|p1a: Registeel|Toxic|p2a: Celebi
|-status|p2a: Celebi|tox
|
|-heal|p1a: Registeel|57/100|[from] item: Leftovers
|-damage|p2a: Celebi|94/100 tox|[from] psn
|upkeep
|turn|6
|
|t:|1625959581
|move|p1a: Registeel|Protect|p1a: Registeel
|-singleturn|p1a: Registeel|Protect
|move|p2a: Celebi|Nasty Plot|p2a: Celebi
|-boost|p2a: Celebi|spa|2
|
|-heal|p1a: Registeel|63/100|[from] item: Leftovers
|-damage|p2a: Celebi|82/100 tox|[from] psn
|upkeep
|turn|7
|
|t:|1625959591
|move|p2a: Celebi|Earth Power|p1a: Registeel
|-supereffective|p1a: Registeel
|-damage|p1a: Registeel|0 fnt
|faint|p1a: Registeel
|
|-damage|p2a: Celebi|64/100 tox|[from] psn
|upkeep
|
|t:|1625959601
|switch|p1a: Flygon|Flygon, M|84/100
|turn|8
|
|t:|1625959617
|switch|p1a: Celebi|Celebi|100/100
|switch|p2a: Flygon|Flygon, F|80/100
|-damage|p2a: Flygon|74/100|[from] Stealth Rock
|
|upkeep
|turn|9
|inactive|RULT50Y Curse has 120 seconds left.
|
|t:|1625959663
|switch|p1a: Weezing|Weezing-Galar, F|98/100
|-ability|p1a: Weezing|Neutralizing Gas
|move|p2a: Flygon|U-turn|p1a: Weezing
|-resisted|p1a: Weezing
|-damage|p1a: Weezing|96/100
|
|t:|1625959675
|switch|p2a: Celebi|Celebi|64/100|[from]move: U-turn
|
|upkeep
|turn|10
|
|t:|1625959680
|-end|p1a: Weezing|ability: Neutralizing Gas
|switch|p1a: Celebi|Celebi|100/100
|move|p2a: Celebi|Psychic|p1a: Celebi
|-resisted|p1a: Celebi
|-damage|p1a: Celebi|81/100
|
|upkeep
|turn|11
|inactive|RULT50Y Curse has 90 seconds left.
|
|t:|1625959714
|move|p1a: Celebi|Nasty Plot|p1a: Celebi
|-boost|p1a: Celebi|spa|2
|move|p2a: Celebi|Recover|p2a: Celebi
|-heal|p2a: Celebi|100/100
|
|upkeep
|turn|12
|
|t:|1625959722
|switch|p2a: Golisopod|Golisopod, F|100/100
|move|p1a: Celebi|Psychic|p2a: Golisopod
|-damage|p2a: Golisopod|18/100
|-activate|p2a: Golisopod|ability: Emergency Exit
|
|t:|1625959731
|switch|p2a: Cobalion|Cobalion|100/100
|-damage|p2a: Cobalion|97/100|[from] Stealth Rock
|
|upkeep
|turn|13
|
|t:|1625959738
|move|p2a: Cobalion|Swords Dance|p2a: Cobalion
|-boost|p2a: Cobalion|atk|2
|move|p1a: Celebi|Psychic|p2a: Cobalion
|-damage|p2a: Cobalion|0 fnt
|faint|p2a: Cobalion
|
|upkeep
|
|t:|1625959742
|switch|p2a: Golisopod|Golisopod, F|18/100
|turn|14
|
|t:|1625959750
|switch|p1a: Weezing|Weezing-Galar, F|96/100
|-ability|p1a: Weezing|Neutralizing Gas
|move|p2a: Golisopod|First Impression|p1a: Weezing
|-resisted|p1a: Weezing
|-damage|p1a: Weezing|88/100
|
|upkeep
|turn|15
|inactive|RULT50Y Curse has 120 seconds left.
|
|t:|1625959760
|switch|p2a: Xurkitree|Xurkitree|100/100
|move|p1a: Weezing|Corrosive Gas|p2a: Xurkitree
|-enditem|p2a: Xurkitree|Heavy-Duty Boots|[from] move: Corrosive Gas|[of] p1a: Weezing
|
|upkeep
|turn|16
|inactive|RULT50Y Curse has 120 seconds left.
|
|t:|1625959770
|-end|p1a: Weezing|ability: Neutralizing Gas
|switch|p1a: Flygon|Flygon, M|84/100
|move|p2a: Xurkitree|Dazzling Gleam|p1a: Flygon
|-supereffective|p1a: Flygon
|-damage|p1a: Flygon|0 fnt
|faint|p1a: Flygon
|-ability|p2a: Xurkitree|Beast Boost|boost
|-boost|p2a: Xurkitree|spa|1
|
|upkeep
|
|t:|1625959777
|switch|p1a: Celebi|Celebi|81/100
|turn|17
|
|t:|1625959779
|move|p1a: Celebi|Earth Power|p2a: Xurkitree
|-supereffective|p2a: Xurkitree
|-damage|p2a: Xurkitree|24/100
|-unboost|p2a: Xurkitree|spd|1
|move|p2a: Xurkitree|Volt Switch|p1a: Celebi
|-resisted|p1a: Celebi
|-damage|p1a: Celebi|45/100
|
|t:|1625959785
|switch|p2a: Flygon|Flygon, F|74/100|[from]move: Volt Switch
|-damage|p2a: Flygon|68/100|[from] Stealth Rock
|
|upkeep
|turn|18
|
|t:|1625959798
|switch|p1a: Gastrodon|Gastrodon-East, F|100/100
|move|p2a: Flygon|Roost|p2a: Flygon
|-heal|p2a: Flygon|100/100
|-singleturn|p2a: Flygon|move: Roost
|
|upkeep
|turn|19
|
|t:|1625959809
|move|p2a: Flygon|Toxic|p1a: Gastrodon|[miss]
|-miss|p2a: Flygon|p1a: Gastrodon
|move|p1a: Gastrodon|Scald|p2a: Flygon
|-damage|p2a: Flygon|70/100
|-status|p2a: Flygon|brn
|
|-damage|p2a: Flygon|63/100 brn|[from] brn
|upkeep
|turn|20
|
|t:|1625959816
|switch|p1a: Weezing|Weezing-Galar, F|88/100
|-ability|p1a: Weezing|Neutralizing Gas
|move|p2a: Flygon|Earthquake|p1a: Weezing
|-supereffective|p1a: Weezing
|-damage|p1a: Weezing|64/100
|
|-damage|p2a: Flygon|57/100 brn|[from] brn
|upkeep
|turn|21
|
|t:|1625959823
|move|p2a: Flygon|U-turn|p1a: Weezing
|-resisted|p1a: Weezing
|-damage|p1a: Weezing|63/100
|
|t:|1625959826
|switch|p2a: Diancie|Diancie|100/100|[from]move: U-turn
|-damage|p2a: Diancie|88/100|[from] Stealth Rock
|move|p1a: Weezing|Toxic Spikes|p2a: Diancie
|-sidestart|p2: RULT50Y Curse|move: Toxic Spikes
|
|-heal|p2a: Diancie|94/100|[from] item: Leftovers
|upkeep
|turn|22
|
|t:|1625959832
|-end|p1a: Weezing|ability: Neutralizing Gas
|switch|p1a: Celebi|Celebi|45/100
|move|p2a: Diancie|Diamond Storm|p1a: Celebi
|-damage|p1a: Celebi|10/100
|-boost|p2a: Diancie|def|2
|
|-heal|p2a: Diancie|100/100|[from] item: Leftovers
|upkeep
|turn|23
|
|t:|1625959840
|switch|p1a: Gastrodon|Gastrodon-East, F|100/100
|move|p2a: Diancie|Body Press|p1a: Gastrodon
|-damage|p1a: Gastrodon|63/100
|
|-heal|p1a: Gastrodon|69/100|[from] item: Leftovers
|upkeep
|turn|24
|
|t:|1625959844
|move|p2a: Diancie|Toxic|p1a: Gastrodon
|-status|p1a: Gastrodon|tox
|move|p1a: Gastrodon|Scald|p2a: Diancie
|-supereffective|p2a: Diancie
|-damage|p2a: Diancie|70/100
|
|-heal|p2a: Diancie|76/100|[from] item: Leftovers
|-heal|p1a: Gastrodon|75/100 tox|[from] item: Leftovers
|-damage|p1a: Gastrodon|69/100 tox|[from] psn
|upkeep
|turn|25
|
|t:|1625959848
|switch|p2a: Flygon|Flygon, F|57/100 brn
|-damage|p2a: Flygon|51/100 brn|[from] Stealth Rock
|move|p1a: Gastrodon|Clear Smog|p2a: Flygon
|-resisted|p2a: Flygon
|-damage|p2a: Flygon|45/100 brn
|-clearboost|p2a: Flygon
|
|-heal|p1a: Gastrodon|75/100 tox|[from] item: Leftovers
|-damage|p1a: Gastrodon|63/100 tox|[from] psn
|-damage|p2a: Flygon|39/100 brn|[from] brn
|upkeep
|turn|26
|
|t:|1625959861
|switch|p1a: Celebi|Celebi|10/100
|move|p2a: Flygon|Roost|p2a: Flygon
|-heal|p2a: Flygon|89/100 brn
|-singleturn|p2a: Flygon|move: Roost
|
|-damage|p2a: Flygon|83/100 brn|[from] brn
|upkeep
|turn|27
|inactive|RULT50Y Curse has 120 seconds left.
|
|t:|1625959894
|move|p1a: Celebi|Recover|p1a: Celebi
|-heal|p1a: Celebi|60/100
|move|p2a: Flygon|U-turn|p1a: Celebi
|-supereffective|p1a: Celebi
|-damage|p1a: Celebi|30/100
|inactive|RULT50Y Curse has 120 seconds left.
|
|t:|1625959900
|switch|p2a: Golisopod|Golisopod, F|18/100|[from]move: U-turn
|
|upkeep
|turn|28
|
|t:|1625959905
|switch|p1a: Weezing|Weezing-Galar, F|63/100
|-ability|p1a: Weezing|Neutralizing Gas
|move|p2a: Golisopod|First Impression|p1a: Weezing
|-resisted|p1a: Weezing
|-damage|p1a: Weezing|56/100
|
|upkeep
|turn|29
|
|t:|1625959911
|switch|p2a: Flygon|Flygon, F|83/100 brn
|-damage|p2a: Flygon|76/100 brn|[from] Stealth Rock
|move|p1a: Weezing|Flamethrower|p2a: Flygon
|-resisted|p2a: Flygon
|-damage|p2a: Flygon|66/100 brn
|
|-damage|p2a: Flygon|60/100 brn|[from] brn
|upkeep
|turn|30
|
|t:|1625959920
|move|p2a: Flygon|Roost|p2a: Flygon
|-heal|p2a: Flygon|100/100 brn
|-singleturn|p2a: Flygon|move: Roost
|move|p1a: Weezing|Corrosive Gas|p2a: Flygon
|-enditem|p2a: Flygon|Rocky Helmet|[from] move: Corrosive Gas|[of] p1a: Weezing
|
|-damage|p2a: Flygon|94/100 brn|[from] brn
|upkeep
|turn|31
|
|t:|1625959925
|move|p2a: Flygon|U-turn|p1a: Weezing
|-resisted|p1a: Weezing
|-damage|p1a: Weezing|54/100
|
|t:|1625959930
|switch|p2a: Celebi|Celebi|100/100|[from]move: U-turn
|move|p1a: Weezing|Pain Split|p2a: Celebi
|-sethp|p2a: Celebi|75/100|[from] move: Pain Split|[silent]
|-sethp|p1a: Weezing|81/100|[from] move: Pain Split
|
|upkeep
|turn|32
|
|t:|1625959939
|move|p2a: Celebi|Nasty Plot|p2a: Celebi
|-boost|p2a: Celebi|spa|2
|move|p1a: Weezing|Flamethrower|p2a: Celebi
|-supereffective|p2a: Celebi
|-damage|p2a: Celebi|40/100
|-status|p2a: Celebi|brn
|
|-damage|p2a: Celebi|34/100 brn|[from] brn
|upkeep
|turn|33
|
|t:|1625959946
|-end|p1a: Weezing|ability: Neutralizing Gas
|switch|p1a: Gastrodon|Gastrodon-East, F|63/100 tox
|move|p2a: Celebi|Recover|p2a: Celebi
|-heal|p2a: Celebi|84/100 brn
|
|-heal|p1a: Gastrodon|69/100 tox|[from] item: Leftovers
|-damage|p1a: Gastrodon|63/100 tox|[from] psn
|-damage|p2a: Celebi|78/100 brn|[from] brn
|upkeep
|turn|34
|
|t:|1625959951
|move|p2a: Celebi|Psychic|p1a: Gastrodon
|-damage|p1a: Gastrodon|0 fnt
|faint|p1a: Gastrodon
|
|-damage|p2a: Celebi|72/100 brn|[from] brn
|upkeep
|
|t:|1625959959
|switch|p1a: Xurkitree|Xurkitree|100/100
|turn|35
|
|t:|1625959972
|move|p1a: Xurkitree|Dazzling Gleam|p2a: Celebi
|-damage|p2a: Celebi|38/100 brn
|move|p2a: Celebi|Recover|p2a: Celebi
|-heal|p2a: Celebi|89/100 brn
|
|-damage|p2a: Celebi|82/100 brn|[from] brn
|upkeep
|turn|36
|
|t:|1625959978
|move|p1a: Xurkitree|Dazzling Gleam|p2a: Celebi
|-damage|p2a: Celebi|48/100 brn
|move|p2a: Celebi|Psychic|p1a: Xurkitree
|-damage|p1a: Xurkitree|0 fnt
|faint|p1a: Xurkitree
|
|-damage|p2a: Celebi|42/100 brn|[from] brn
|upkeep
|
|t:|1625959980
|switch|p1a: Celebi|Celebi|30/100
|turn|37
|
|t:|1625959984
|move|p1a: Celebi|Recover|p1a: Celebi
|-heal|p1a: Celebi|80/100
|move|p2a: Celebi|Psychic|p1a: Celebi
|-resisted|p1a: Celebi
|-damage|p1a: Celebi|40/100
|
|-damage|p2a: Celebi|36/100 brn|[from] brn
|upkeep
|turn|38
|
|t:|1625959992
|move|p1a: Celebi|Recover|p1a: Celebi
|-heal|p1a: Celebi|90/100
|move|p2a: Celebi|Recover|p2a: Celebi
|-heal|p2a: Celebi|86/100 brn
|
|-damage|p2a: Celebi|80/100 brn|[from] brn
|upkeep
|turn|39
|
|t:|1625960000
|move|p1a: Celebi|Nasty Plot|p1a: Celebi
|-boost|p1a: Celebi|spa|2
|move|p2a: Celebi|Nasty Plot|p2a: Celebi
|-boost|p2a: Celebi|spa|2
|
|-damage|p2a: Celebi|74/100 brn|[from] brn
|upkeep
|turn|40
|
|t:|1625960004
|move|p1a: Celebi|Psychic|p2a: Celebi
|-resisted|p2a: Celebi
|-crit|p2a: Celebi
|-damage|p2a: Celebi|15/100 brn
|move|p2a: Celebi|Psychic|p1a: Celebi
|-resisted|p1a: Celebi
|-damage|p1a: Celebi|27/100
|
|-damage|p2a: Celebi|9/100 brn|[from] brn
|upkeep
|turn|41
|
|t:|1625960014
|-curestatus|p2a: Celebi|brn|[from] ability: Natural Cure
|switch|p2a: Xurkitree|Xurkitree|24/100
|-damage|p2a: Xurkitree|12/100|[from] Stealth Rock
|-status|p2a: Xurkitree|psn
|move|p1a: Celebi|Psychic|p2a: Xurkitree
|-damage|p2a: Xurkitree|0 fnt
|faint|p2a: Xurkitree
|
|upkeep
|
|t:|1625960016
|switch|p2a: Golisopod|Golisopod, F|18/100
|turn|42
|
|t:|1625960025
|switch|p2a: Celebi|Celebi|9/100
|move|p1a: Celebi|Psychic|p2a: Celebi
|-resisted|p2a: Celebi
|-damage|p2a: Celebi|0 fnt
|faint|p2a: Celebi
|
|upkeep
|
|t:|1625960026
|switch|p2a: Golisopod|Golisopod, F|18/100
|turn|43
|
|t:|1625960034
|switch|p1a: Weezing|Weezing-Galar, F|81/100
|-ability|p1a: Weezing|Neutralizing Gas
|move|p2a: Golisopod|First Impression|p1a: Weezing
|-resisted|p1a: Weezing
|-damage|p1a: Weezing|73/100
|
|upkeep
|turn|44
|
|t:|1625960069
|switch|p2a: Flygon|Flygon, F|94/100 brn
|-damage|p2a: Flygon|88/100 brn|[from] Stealth Rock
|move|p1a: Weezing|Corrosive Gas|p2a: Flygon
|-fail|p2a: Flygon|move: Corrosive Gas
|
|-damage|p2a: Flygon|82/100 brn|[from] brn
|upkeep
|turn|45
|inactive|toxrus1 has 120 seconds left.
|
|t:|1625960084
|move|p2a: Flygon|Earthquake|p1a: Weezing
|-supereffective|p1a: Weezing
|-damage|p1a: Weezing|51/100
|move|p1a: Weezing|Toxic Spikes|p2a: Flygon
|-sidestart|p2: RULT50Y Curse|move: Toxic Spikes
|
|-damage|p2a: Flygon|76/100 brn|[from] brn
|upkeep
|turn|46
|
|t:|1625960099
|move|p2a: Flygon|Earthquake|p1a: Weezing
|-supereffective|p1a: Weezing
|-damage|p1a: Weezing|29/100
|move|p1a: Weezing|Flamethrower|p2a: Flygon
|-resisted|p2a: Flygon
|-damage|p2a: Flygon|64/100 brn
|
|-damage|p2a: Flygon|58/100 brn|[from] brn
|upkeep
|turn|47
|
|t:|1625960104
|move|p2a: Flygon|U-turn|p1a: Weezing
|-resisted|p1a: Weezing
|-damage|p1a: Weezing|28/100
|
|t:|1625960106
|switch|p2a: Diancie|Diancie|76/100|[from]move: U-turn
|-damage|p2a: Diancie|64/100|[from] Stealth Rock
|-status|p2a: Diancie|tox
|move|p1a: Weezing|Pain Split|p2a: Diancie
|-sethp|p2a: Diancie|47/100 tox|[from] move: Pain Split|[silent]
|-sethp|p1a: Weezing|43/100|[from] move: Pain Split
|
|-heal|p2a: Diancie|53/100 tox|[from] item: Leftovers
|-damage|p2a: Diancie|47/100 tox|[from] psn
|upkeep
|turn|48
|
|t:|1625960120
|move|p1a: Weezing|Flamethrower|p2a: Diancie
|-resisted|p2a: Diancie
|-damage|p2a: Diancie|42/100 tox
|move|p2a: Diancie|Diamond Storm|p1a: Weezing
|-damage|p1a: Weezing|22/100
|
|-heal|p2a: Diancie|48/100 tox|[from] item: Leftovers
|-damage|p2a: Diancie|36/100 tox|[from] psn
|upkeep
|turn|49
|
|t:|1625960127
|move|p1a: Weezing|Pain Split|p2a: Diancie
|-sethp|p2a: Diancie|30/100 tox|[from] move: Pain Split|[silent]
|-sethp|p1a: Weezing|27/100|[from] move: Pain Split
|move|p2a: Diancie|Stealth Rock|p1a: Weezing
|-sidestart|p1: toxrus1|move: Stealth Rock
|
|-heal|p2a: Diancie|36/100 tox|[from] item: Leftovers
|-damage|p2a: Diancie|17/100 tox|[from] psn
|upkeep
|turn|50
|
|t:|1625960141
|move|p1a: Weezing|Flamethrower|p2a: Diancie
|-resisted|p2a: Diancie
|-damage|p2a: Diancie|11/100 tox
|move|p2a: Diancie|Diamond Storm|p1a: Weezing
|-damage|p1a: Weezing|3/100
|-boost|p2a: Diancie|def|2
|
|-heal|p2a: Diancie|18/100 tox|[from] item: Leftovers
|-damage|p2a: Diancie|0 fnt|[from] psn
|faint|p2a: Diancie
|upkeep
|
|t:|1625960146
|switch|p2a: Golisopod|Golisopod, F|18/100
|turn|51
|
|t:|1625960152
|move|p2a: Golisopod|Aqua Jet|p1a: Weezing
|-damage|p1a: Weezing|0 fnt
|faint|p1a: Weezing
|-end|p1a: Weezing|ability: Neutralizing Gas
|
|upkeep
|
|t:|1625960155
|switch|p1a: Celebi|Celebi|27/100
|turn|52
|
|t:|1625960159
|switch|p2a: Flygon|Flygon, F|58/100 brn
|-damage|p2a: Flygon|52/100 brn|[from] Stealth Rock
|move|p1a: Celebi|Recover|p1a: Celebi
|-heal|p1a: Celebi|77/100
|
|-damage|p2a: Flygon|46/100 brn|[from] brn
|upkeep
|turn|53
|
|t:|1625960163
|move|p1a: Celebi|Psychic|p2a: Flygon
|-damage|p2a: Flygon|0 fnt
|faint|p2a: Flygon
|
|upkeep
|
|t:|1625960165
|switch|p2a: Golisopod|Golisopod, F|18/100
|turn|54
|
|t:|1625960167
|move|p2a: Golisopod|First Impression|p1a: Celebi
|-supereffective|p1a: Celebi
|-damage|p1a: Celebi|0 fnt
|faint|p1a: Celebi
|
|win|RULT50Y Curse
|raw|toxrus1's rating: 1364 &rarr; <strong>1341</strong><br />(-23 for losing)
|raw|RULT50Y Curse's rating: 1303 &rarr; <strong>1326</strong><br />(+23 for winning)
|l| RULT50A Prod
|l|☆RULT50Y Curse
