|raw|<div class="broadcast-blue"><strong>This battle is required to be public due to a player having a name starting with 'rult50'.</div>
|j|☆newbbbb2
|j|☆RULT50K p
|t:|1626150644
|gametype|singles
|player|p1|newbbbb2|pokemonbreederf|1363
|player|p2|RULT50K p|lucas|1590
|teamsize|p1|6
|teamsize|p2|6
|gen|8
|tier|[Gen 8] RU
|rated|
|rule|Sleep Clause Mod: Limit one foe put to sleep
|rule|Species Clause: Limit one of each Pokémon
|rule|OHKO Clause: OHKO moves are banned
|rule|Evasion Moves Clause: Evasion moves are banned
|rule|Endless Battle Clause: Forcing endless battles is banned
|rule|HP Percentage Mod: HP is shown in percentages
|rule|Dynamax Clause: You cannot dynamax
|clearpoke
|poke|p1|Golisopod, F|
|poke|p1|Steelix, M|
|poke|p1|Umbreon, F|
|poke|p1|Espeon, F|
|poke|p1|Rotom-Mow|
|poke|p1|Cloyster, M|
|poke|p2|Ditto|
|poke|p2|Umbreon, M|
|poke|p2|Registeel|
|poke|p2|Quagsire, M|
|poke|p2|Crobat, F|
|poke|p2|Reuniclus, F|
|teampreview
|inactive|Battle timer is ON: inactive players will automatically lose when time's up. (requested by RULT50K p)
|
|t:|1626150661
|start
|switch|p1a: Munch|Rotom-Mow|100/100
|switch|p2a: Registeel|Registeel|100/100
|turn|1
|
|t:|1626150666
|switch|p2a: Ditto|Ditto|100/100
|-transform|p2a: Ditto|p1a: Munch|[from] ability: Imposter
|move|p1a: Munch|Trick|p2a: Ditto
|-activate|p1a: Munch|move: Trick|[of] p2a: Ditto
|-item|p2a: Ditto|Choice Scarf|[from] move: Trick
|-item|p1a: Munch|Choice Scarf|[from] move: Trick
|
|upkeep
|turn|2
|j| Luna's Bann3d N0w
|
|t:|1626150675
|switch|p2a: Quagsire|Quagsire, M|100/100
|move|p1a: Munch|Volt Switch|p2a: Quagsire
|-immune|p2a: Quagsire
|
|upkeep
|turn|3
|
|t:|1626150681
|switch|p1a: Espeon|Espeon, F|100/100
|move|p2a: Quagsire|Scald|p1a: Espeon
|-damage|p1a: Espeon|80/100
|-status|p1a: Espeon|brn
|
|-heal|p1a: Espeon|86/100 brn|[from] item: Leftovers
|-damage|p1a: Espeon|80/100 brn|[from] brn
|upkeep
|turn|4
|
|t:|1626150687
|switch|p1a: Munch|Rotom-Mow|100/100
|switch|p2a: Registeel|Registeel|100/100
|
|upkeep
|turn|5
|
|t:|1626150691
|switch|p2a: Ditto|Ditto|100/100
|-transform|p2a: Ditto|p1a: Munch|[from] ability: Imposter
|move|p1a: Munch|Volt Switch|p2a: Ditto
|-resisted|p2a: Ditto
|-damage|p2a: Ditto|93/100
|
|t:|1626150696
|switch|p1a: The Hive|Golisopod, F, shiny|100/100|[from]move: Volt Switch
|
|upkeep
|turn|6
|
|t:|1626150701
|switch|p2a: Crobat|Crobat, F|100/100
|move|p1a: The Hive|First Impression|p2a: Crobat
|-resisted|p2a: Crobat
|-damage|p2a: Crobat|84/100
|
|upkeep
|turn|7
|
|t:|1626150704
|switch|p1a: Young Rocks|Steelix, M|100/100
|move|p2a: Crobat|Brave Bird|p1a: Young Rocks
|-resisted|p1a: Young Rocks
|-damage|p1a: Young Rocks|92/100
|-damage|p2a: Crobat|67/100|[from] item: Rocky Helmet|[of] p1a: Young Rocks
|-damage|p2a: Crobat|64/100|[from] Recoil
|
|upkeep
|turn|8
|
|t:|1626150709
|switch|p1a: Espeon|Espeon, F|80/100 brn
|move|p2a: Crobat|Roost|p2a: Crobat
|-heal|p2a: Crobat|100/100
|-singleturn|p2a: Crobat|move: Roost
|
|-heal|p1a: Espeon|86/100 brn|[from] item: Leftovers
|-damage|p1a: Espeon|80/100 brn|[from] brn
|upkeep
|turn|9
|
|t:|1626150714
|switch|p1a: Young Rocks|Steelix, M|92/100
|move|p2a: Crobat|U-turn|p1a: Young Rocks
|-resisted|p1a: Young Rocks
|-damage|p1a: Young Rocks|89/100
|-damage|p2a: Crobat|84/100|[from] item: Rocky Helmet|[of] p1a: Young Rocks
|
|t:|1626150718
|switch|p2a: Quagsire|Quagsire, M|100/100|[from]move: U-turn
|
|upkeep
|turn|10
|
|t:|1626150722
|move|p1a: Young Rocks|Stealth Rock|p2a: Quagsire
|-sidestart|p2: RULT50K p|move: Stealth Rock
|move|p2a: Quagsire|Scald|p1a: Young Rocks
|-supereffective|p1a: Young Rocks
|-damage|p1a: Young Rocks|33/100
|
|upkeep
|turn|11
|
|t:|1626150727
|switch|p1a: Umbreon|Umbreon, F|100/100
|move|p2a: Quagsire|Earthquake|p1a: Umbreon
|-damage|p1a: Umbreon|75/100
|
|-heal|p1a: Umbreon|81/100|[from] item: Leftovers
|upkeep
|turn|12
|
|t:|1626150730
|switch|p2a: Crobat|Crobat, F|84/100
|move|p1a: Umbreon|Heal Bell|p1a: Umbreon
|-activate|p1a: Umbreon|move: Heal Bell
|-curestatus|p1: Espeon|brn|[msg]
|
|-heal|p1a: Umbreon|87/100|[from] item: Leftovers
|upkeep
|turn|13
|
|t:|1626150734
|move|p2a: Crobat|Defog|p1a: Umbreon
|-unboost|p1a: Umbreon|evasion|1
|-sideend|p2: RULT50K p|Stealth Rock|[from] move: Defog|[of] p2a: Crobat
|move|p1a: Umbreon|Wish|p1a: Umbreon
|
|-heal|p1a: Umbreon|93/100|[from] item: Leftovers
|upkeep
|turn|14
|
|t:|1626150736
|switch|p1a: Young Rocks|Steelix, M|33/100
|move|p2a: Crobat|U-turn|p1a: Young Rocks
|-resisted|p1a: Young Rocks
|-crit|p1a: Young Rocks
|-damage|p1a: Young Rocks|28/100
|-damage|p2a: Crobat|67/100|[from] item: Rocky Helmet|[of] p1a: Young Rocks
|
|t:|1626150738
|switch|p2a: Quagsire|Quagsire, M|100/100|[from]move: U-turn
|
|-heal|p1a: Young Rocks|84/100|[from] move: Wish|[wisher] Umbreon
|upkeep
|turn|15
|
|t:|1626150741
|switch|p1a: Espeon|Espeon, F|80/100
|move|p2a: Quagsire|Scald|p1a: Espeon
|-damage|p1a: Espeon|60/100
|
|-heal|p1a: Espeon|66/100|[from] item: Leftovers
|upkeep
|turn|16
|
|t:|1626150743
|switch|p2a: Umbreon|Umbreon, M|100/100
|move|p1a: Espeon|Calm Mind|p1a: Espeon
|-boost|p1a: Espeon|spa|1
|-boost|p1a: Espeon|spd|1
|
|-heal|p1a: Espeon|72/100|[from] item: Leftovers
|upkeep
|turn|17
|
|t:|1626150747
|move|p1a: Espeon|Calm Mind|p1a: Espeon
|-boost|p1a: Espeon|spa|1
|-boost|p1a: Espeon|spd|1
|move|p2a: Umbreon|Foul Play|p1a: Espeon
|-supereffective|p1a: Espeon
|-damage|p1a: Espeon|36/100
|
|-heal|p1a: Espeon|42/100|[from] item: Leftovers
|upkeep
|turn|18
|
|t:|1626150752
|switch|p2a: Ditto|Ditto|93/100
|-transform|p2a: Ditto|p1a: Espeon|[from] ability: Imposter
|move|p1a: Espeon|Morning Sun|p1a: Espeon
|-heal|p1a: Espeon|92/100
|
|-heal|p1a: Espeon|98/100|[from] item: Leftovers
|upkeep
|turn|19
|
|t:|1626150756
|switch|p2a: Registeel|Registeel|100/100
|move|p1a: Espeon|Calm Mind|p1a: Espeon
|-boost|p1a: Espeon|spa|1
|-boost|p1a: Espeon|spd|1
|
|-heal|p1a: Espeon|100/100|[from] item: Leftovers
|upkeep
|turn|20
|
|t:|1626150759
|switch|p2a: Reuniclus|Reuniclus, F|100/100
|move|p1a: Espeon|Calm Mind|p1a: Espeon
|-boost|p1a: Espeon|spa|1
|-boost|p1a: Espeon|spd|1
|
|upkeep
|turn|21
|
|t:|1626150762
|move|p1a: Espeon|Dazzling Gleam|p2a: Reuniclus
|-damage|p2a: Reuniclus|41/100
|move|p2a: Reuniclus|Knock Off|p1a: Espeon
|-supereffective|p1a: Espeon
|-damage|p1a: Espeon|69/100
|-enditem|p1a: Espeon|Leftovers|[from] move: Knock Off|[of] p2a: Reuniclus
|
|upkeep
|turn|22
|
|t:|1626150765
|switch|p2a: Quagsire|Quagsire, M|100/100
|move|p1a: Espeon|Dazzling Gleam|p2a: Quagsire
|-damage|p2a: Quagsire|74/100
|
|upkeep
|turn|23
|
|t:|1626150769
|move|p1a: Espeon|Psychic|p2a: Quagsire
|-damage|p2a: Quagsire|26/100
|move|p2a: Quagsire|Haze|p2a: Quagsire
|-clearallboost
|
|upkeep
|turn|24
|
|t:|1626150776
|switch|p2a: Umbreon|Umbreon, M|100/100
|move|p1a: Espeon|Dazzling Gleam|p2a: Umbreon
|-supereffective|p2a: Umbreon
|-damage|p2a: Umbreon|76/100
|
|-heal|p2a: Umbreon|82/100|[from] item: Leftovers
|upkeep
|turn|25
|
|t:|1626150782
|move|p1a: Espeon|Calm Mind|p1a: Espeon
|-boost|p1a: Espeon|spa|1
|-boost|p1a: Espeon|spd|1
|move|p2a: Umbreon|Foul Play|p1a: Espeon
|-supereffective|p1a: Espeon
|-damage|p1a: Espeon|37/100
|
|-heal|p2a: Umbreon|88/100|[from] item: Leftovers
|upkeep
|turn|26
|
|t:|1626150785
|move|p1a: Espeon|Morning Sun|p1a: Espeon
|-heal|p1a: Espeon|87/100
|move|p2a: Umbreon|Foul Play|p1a: Espeon
|-supereffective|p1a: Espeon
|-damage|p1a: Espeon|54/100
|
|-heal|p2a: Umbreon|94/100|[from] item: Leftovers
|upkeep
|turn|27
|
|t:|1626150788
|move|p1a: Espeon|Dazzling Gleam|p2a: Umbreon
|-supereffective|p2a: Umbreon
|-damage|p2a: Umbreon|52/100
|move|p2a: Umbreon|Foul Play|p1a: Espeon
|-supereffective|p1a: Espeon
|-damage|p1a: Espeon|18/100
|
|-heal|p2a: Umbreon|58/100|[from] item: Leftovers
|upkeep
|turn|28
|
|t:|1626150791
|switch|p2a: Crobat|Crobat, F|67/100
|move|p1a: Espeon|Morning Sun|p1a: Espeon
|-heal|p1a: Espeon|68/100
|
|upkeep
|turn|29
|
|t:|1626150794
|switch|p1a: Young Rocks|Steelix, M|84/100
|move|p2a: Crobat|U-turn|p1a: Young Rocks
|-resisted|p1a: Young Rocks
|-damage|p1a: Young Rocks|80/100
|-damage|p2a: Crobat|51/100|[from] item: Rocky Helmet|[of] p1a: Young Rocks
|
|t:|1626150797
|switch|p2a: Quagsire|Quagsire, M|26/100|[from]move: U-turn
|
|upkeep
|turn|30
|
|t:|1626150813
|move|p1a: Young Rocks|Earthquake|p2a: Quagsire
|-damage|p2a: Quagsire|3/100
|move|p2a: Quagsire|Recover|p2a: Quagsire
|-heal|p2a: Quagsire|53/100
|
|upkeep
|turn|31
|
|t:|1626150819
|move|p1a: Young Rocks|Toxic|p2a: Quagsire
|-status|p2a: Quagsire|tox
|move|p2a: Quagsire|Recover|p2a: Quagsire
|-heal|p2a: Quagsire|100/100 tox
|
|-damage|p2a: Quagsire|94/100 tox|[from] psn
|upkeep
|turn|32
|
|t:|1626150826
|switch|p1a: Umbreon|Umbreon, F|93/100
|move|p2a: Quagsire|Scald||[still]
|-damage|p1a: Umbreon|82/100
|-status|p1a: Umbreon|brn
|-activate|p1a: Umbreon|ability: Synchronize
|-fail|p1a: Umbreon
|
|-heal|p1a: Umbreon|88/100 brn|[from] item: Leftovers
|-damage|p2a: Quagsire|82/100 tox|[from] psn
|-damage|p1a: Umbreon|82/100 brn|[from] brn
|upkeep
|turn|33
|
|t:|1626150828
|switch|p2a: Umbreon|Umbreon, M|58/100
|move|p1a: Umbreon|Heal Bell|p1a: Umbreon
|-activate|p1a: Umbreon|move: Heal Bell
|-curestatus|p1a: Umbreon|brn|[msg]
|
|-heal|p2a: Umbreon|64/100|[from] item: Leftovers
|-heal|p1a: Umbreon|88/100|[from] item: Leftovers
|upkeep
|turn|34
|
|t:|1626150832
|move|p2a: Umbreon|Heal Bell|p2a: Umbreon
|-activate|p2a: Umbreon|move: Heal Bell
|-curestatus|p2: Quagsire|tox|[msg]
|move|p1a: Umbreon|Wish|p1a: Umbreon
|
|-heal|p2a: Umbreon|70/100|[from] item: Leftovers
|-heal|p1a: Umbreon|94/100|[from] item: Leftovers
|upkeep
|turn|35
|
|t:|1626150838
|switch|p2a: Quagsire|Quagsire, M|82/100
|switch|p1a: Young Rocks|Steelix, M|80/100
|
|-heal|p1a: Young Rocks|100/100|[from] move: Wish|[wisher] Umbreon
|upkeep
|turn|36
|
|t:|1626150843
|switch|p1a: Munch|Rotom-Mow|100/100
|move|p2a: Quagsire|Scald|p1a: Munch
|-resisted|p1a: Munch
|-damage|p1a: Munch|88/100
|
|upkeep
|turn|37
|
|t:|1626150847
|switch|p2a: Reuniclus|Reuniclus, F|74/100
|move|p1a: Munch|Volt Switch|p2a: Reuniclus
|-damage|p2a: Reuniclus|45/100
|
|t:|1626150850
|switch|p1a: The Hive|Golisopod, F, shiny|100/100|[from]move: Volt Switch
|
|upkeep
|turn|38
|
|t:|1626150860
|switch|p1a: Munch|Rotom-Mow|88/100
|switch|p2a: Ditto|Ditto|93/100
|-transform|p2a: Ditto|p1a: Munch|[from] ability: Imposter
|
|upkeep
|turn|39
|
|t:|1626150868
|move|p2a: Ditto|Leaf Storm|p1a: Munch
|-resisted|p1a: Munch
|-damage|p1a: Munch|51/100
|-unboost|p2a: Ditto|spa|2
|move|p1a: Munch|Leaf Storm|p2a: Ditto
|-resisted|p2a: Ditto
|-damage|p2a: Ditto|64/100
|-unboost|p1a: Munch|spa|2
|
|upkeep
|turn|40
|
|t:|1626150875
|switch|p1a: Umbreon|Umbreon, F|94/100
|switch|p2a: Registeel|Registeel|100/100
|
|-heal|p1a: Umbreon|99/100|[from] item: Leftovers
|upkeep
|turn|41
|
|t:|1626150878
|switch|p1a: Espeon|Espeon, F|68/100
|move|p2a: Registeel|Seismic Toss|p1a: Espeon
|-damage|p1a: Espeon|38/100
|
|upkeep
|turn|42
|
|t:|1626150881
|move|p1a: Espeon|Morning Sun|p1a: Espeon
|-heal|p1a: Espeon|88/100
|move|p2a: Registeel|Seismic Toss|p1a: Espeon
|-damage|p1a: Espeon|58/100
|
|upkeep
|turn|43
|
|t:|1626150884
|switch|p1a: Munch|Rotom-Mow|51/100
|move|p2a: Registeel|Seismic Toss|p1a: Munch
|-damage|p1a: Munch|9/100
|
|upkeep
|turn|44
|
|t:|1626150890
|switch|p1a: The Hive|Golisopod, F, shiny|100/100
|switch|p2a: Ditto|Ditto|64/100
|-transform|p2a: Ditto|p1a: The Hive|[from] ability: Imposter
|
|upkeep
|turn|45
|
|t:|1626150900
|switch|p1a: Young Rocks|Steelix, M|100/100
|move|p2a: Ditto|Liquidation|p1a: Young Rocks
|-supereffective|p1a: Young Rocks
|-damage|p1a: Young Rocks|58/100
|-damage|p2a: Ditto|47/100|[from] item: Rocky Helmet|[of] p1a: Young Rocks
|-activate|p2a: Ditto|ability: Emergency Exit
|
|t:|1626150906
|switch|p2a: Quagsire|Quagsire, M|82/100
|
|upkeep
|turn|46
|
|t:|1626150914
|switch|p1a: Umbreon|Umbreon, F|99/100
|switch|p2a: Crobat|Crobat, F|51/100
|
|-heal|p1a: Umbreon|100/100|[from] item: Leftovers
|upkeep
|turn|47
|
|t:|1626150923
|move|p2a: Crobat|Roost|p2a: Crobat
|-heal|p2a: Crobat|100/100
|-singleturn|p2a: Crobat|move: Roost
|move|p1a: Umbreon|Wish|p1a: Umbreon
|
|upkeep
|turn|48
|
|t:|1626150927
|switch|p1a: Young Rocks|Steelix, M|58/100
|move|p2a: Crobat|U-turn|p1a: Young Rocks
|-resisted|p1a: Young Rocks
|-damage|p1a: Young Rocks|55/100
|-damage|p2a: Crobat|84/100|[from] item: Rocky Helmet|[of] p1a: Young Rocks
|
|t:|1626150930
|switch|p2a: Quagsire|Quagsire, M|82/100|[from]move: U-turn
|
|-heal|p1a: Young Rocks|100/100|[from] move: Wish|[wisher] Umbreon
|upkeep
|turn|49
|
|t:|1626150939
|move|p1a: Young Rocks|Toxic|p2a: Quagsire
|-status|p2a: Quagsire|tox
|move|p2a: Quagsire|Scald|p1a: Young Rocks
|-supereffective|p1a: Young Rocks
|-crit|p1a: Young Rocks
|-damage|p1a: Young Rocks|15/100
|
|-damage|p2a: Quagsire|76/100 tox|[from] psn
|upkeep
|turn|50
|
|t:|1626150945
|switch|p1a: Umbreon|Umbreon, F|100/100
|switch|p2a: Ditto|Ditto|47/100
|-transform|p2a: Ditto|p1a: Umbreon|[from] ability: Imposter
|
|upkeep
|turn|51
|
|t:|1626150948
|move|p2a: Ditto|Heal Bell|p2a: Ditto
|-activate|p2a: Ditto|move: Heal Bell
|-curestatus|p2: Quagsire|tox|[msg]
|move|p1a: Umbreon|Wish|p1a: Umbreon
|
|upkeep
|turn|52
|
|t:|1626150953
|switch|p2a: Quagsire|Quagsire, M|76/100
|switch|p1a: Young Rocks|Steelix, M|15/100
|
|-heal|p1a: Young Rocks|71/100|[from] move: Wish|[wisher] Umbreon
|upkeep
|turn|53
|
|t:|1626150958
|switch|p1a: Umbreon|Umbreon, F|100/100
|move|p2a: Quagsire|Scald|p1a: Umbreon
|-damage|p1a: Umbreon|89/100
|
|-heal|p1a: Umbreon|96/100|[from] item: Leftovers
|upkeep
|turn|54
|
|t:|1626150961
|switch|p2a: Umbreon|Umbreon, M|70/100
|move|p1a: Umbreon|Wish|p1a: Umbreon
|
|-heal|p2a: Umbreon|76/100|[from] item: Leftovers
|-heal|p1a: Umbreon|100/100|[from] item: Leftovers
|upkeep
|turn|55
|
|t:|1626150966
|switch|p2a: Quagsire|Quagsire, M|76/100
|switch|p1a: Espeon|Espeon, F|58/100
|
|-heal|p1a: Espeon|100/100|[from] move: Wish|[wisher] Umbreon
|upkeep
|turn|56
|
|t:|1626150969
|move|p1a: Espeon|Calm Mind|p1a: Espeon
|-boost|p1a: Espeon|spa|1
|-boost|p1a: Espeon|spd|1
|move|p2a: Quagsire|Recover|p2a: Quagsire
|-heal|p2a: Quagsire|100/100
|
|upkeep
|turn|57
|
|t:|1626150972
|move|p1a: Espeon|Psychic|p2a: Quagsire
|-damage|p2a: Quagsire|53/100
|move|p2a: Quagsire|Earthquake|p1a: Espeon
|-damage|p1a: Espeon|69/100
|
|upkeep
|turn|58
|
|t:|1626150981
|move|p1a: Espeon|Calm Mind|p1a: Espeon
|-boost|p1a: Espeon|spa|1
|-boost|p1a: Espeon|spd|1
|move|p2a: Quagsire|Recover|p2a: Quagsire
|-heal|p2a: Quagsire|100/100
|
|upkeep
|turn|59
|
|t:|1626150984
|move|p1a: Espeon|Psychic|p2a: Quagsire
|-damage|p2a: Quagsire|51/100
|move|p2a: Quagsire|Haze|p2a: Quagsire
|-clearallboost
|
|upkeep
|turn|60
|
|t:|1626150987
|move|p1a: Espeon|Psychic|p2a: Quagsire
|-damage|p2a: Quagsire|7/100
|move|p2a: Quagsire|Recover|p2a: Quagsire
|-heal|p2a: Quagsire|57/100
|
|upkeep
|turn|61
|
|t:|1626150989
|move|p1a: Espeon|Psychic|p2a: Quagsire
|-damage|p2a: Quagsire|10/100
|move|p2a: Quagsire|Recover|p2a: Quagsire
|-heal|p2a: Quagsire|60/100
|
|upkeep
|turn|62
|
|t:|1626150991
|move|p1a: Espeon|Psychic|p2a: Quagsire
|-damage|p2a: Quagsire|15/100
|move|p2a: Quagsire|Recover|p2a: Quagsire
|-heal|p2a: Quagsire|65/100
|
|upkeep
|turn|63
|
|t:|1626150993
|move|p1a: Espeon|Psychic|p2a: Quagsire
|-damage|p2a: Quagsire|17/100
|move|p2a: Quagsire|Recover|p2a: Quagsire
|-heal|p2a: Quagsire|67/100
|
|upkeep
|turn|64
|
|t:|1626150995
|move|p1a: Espeon|Psychic|p2a: Quagsire
|-damage|p2a: Quagsire|18/100
|move|p2a: Quagsire|Recover|p2a: Quagsire
|-heal|p2a: Quagsire|68/100
|
|upkeep
|turn|65
|
|t:|1626150997
|move|p1a: Espeon|Psychic|p2a: Quagsire
|-damage|p2a: Quagsire|21/100
|move|p2a: Quagsire|Recover|p2a: Quagsire
|-heal|p2a: Quagsire|71/100
|
|upkeep
|turn|66
|
|t:|1626150999
|move|p1a: Espeon|Psychic|p2a: Quagsire
|-damage|p2a: Quagsire|23/100
|move|p2a: Quagsire|Recover|p2a: Quagsire
|-heal|p2a: Quagsire|73/100
|
|upkeep
|turn|67
|
|t:|1626151001
|move|p1a: Espeon|Psychic|p2a: Quagsire
|-damage|p2a: Quagsire|28/100
|move|p2a: Quagsire|Recover|p2a: Quagsire
|-heal|p2a: Quagsire|78/100
|
|upkeep
|turn|68
|
|t:|1626151004
|switch|p2a: Registeel|Registeel|100/100
|move|p1a: Espeon|Psychic|p2a: Registeel
|-resisted|p2a: Registeel
|-damage|p2a: Registeel|91/100
|
|-heal|p2a: Registeel|97/100|[from] item: Leftovers
|upkeep
|turn|69
|
|t:|1626151008
|move|p1a: Espeon|Calm Mind|p1a: Espeon
|-boost|p1a: Espeon|spa|1
|-boost|p1a: Espeon|spd|1
|move|p2a: Registeel|Seismic Toss|p1a: Espeon
|-damage|p1a: Espeon|39/100
|
|-heal|p2a: Registeel|100/100|[from] item: Leftovers
|upkeep
|turn|70
|
|t:|1626151010
|move|p1a: Espeon|Morning Sun|p1a: Espeon
|-heal|p1a: Espeon|89/100
|move|p2a: Registeel|Seismic Toss|p1a: Espeon
|-damage|p1a: Espeon|59/100
|
|upkeep
|turn|71
|
|t:|1626151012
|switch|p1a: Young Rocks|Steelix, M|71/100
|move|p2a: Registeel|Seismic Toss|p1a: Young Rocks
|-damage|p1a: Young Rocks|42/100
|-damage|p2a: Registeel|84/100|[from] item: Rocky Helmet|[of] p1a: Young Rocks
|
|-heal|p2a: Registeel|90/100|[from] item: Leftovers
|upkeep
|turn|72
|
|t:|1626151016
|move|p2a: Registeel|Seismic Toss|p1a: Young Rocks
|-damage|p1a: Young Rocks|13/100
|-damage|p2a: Registeel|74/100|[from] item: Rocky Helmet|[of] p1a: Young Rocks
|move|p1a: Young Rocks|Stealth Rock|p2a: Registeel
|-sidestart|p2: RULT50K p|move: Stealth Rock
|
|-heal|p2a: Registeel|80/100|[from] item: Leftovers
|upkeep
|turn|73
|
|t:|1626151019
|move|p2a: Registeel|Seismic Toss|p1a: Young Rocks
|-damage|p1a: Young Rocks|0 fnt
|-damage|p2a: Registeel|63/100|[from] item: Rocky Helmet|[of] p1a: Young Rocks
|faint|p1a: Young Rocks
|
|-heal|p2a: Registeel|69/100|[from] item: Leftovers
|upkeep
|
|t:|1626151023
|switch|p1a: Munch|Rotom-Mow|9/100
|turn|74
|
|t:|1626151026
|move|p1a: Munch|Trick|p2a: Registeel
|-activate|p1a: Munch|move: Trick|[of] p2a: Registeel
|-item|p2a: Registeel|Choice Scarf|[from] move: Trick
|-item|p1a: Munch|Leftovers|[from] move: Trick
|move|p2a: Registeel|Seismic Toss|p1a: Munch
|-damage|p1a: Munch|0 fnt
|faint|p1a: Munch
|
|upkeep
|
|t:|1626151036
|switch|p1a: Umbreon|Umbreon, F|100/100
|turn|75
|
|t:|1626151038
|switch|p2a: Crobat|Crobat, F|84/100
|move|p1a: Umbreon|Foul Play|p2a: Crobat
|-damage|p2a: Crobat|46/100
|
|upkeep
|turn|76
|
|t:|1626151043
|move|p2a: Crobat|Defog|p1a: Umbreon
|-unboost|p1a: Umbreon|evasion|1
|-sideend|p2: RULT50K p|Stealth Rock|[from] move: Defog|[of] p2a: Crobat
|move|p1a: Umbreon|Wish|p1a: Umbreon
|
|upkeep
|turn|77
|
|t:|1626151046
|switch|p1a: Espeon|Espeon, F|59/100
|move|p2a: Crobat|Roost|p2a: Crobat
|-heal|p2a: Crobat|96/100
|-singleturn|p2a: Crobat|move: Roost
|
|-heal|p1a: Espeon|100/100|[from] move: Wish|[wisher] Umbreon
|upkeep
|turn|78
|
|t:|1626151053
|move|p2a: Crobat|U-turn|p1a: Espeon
|-supereffective|p1a: Espeon
|-damage|p1a: Espeon|73/100
|
|t:|1626151057
|switch|p2a: Ditto|Ditto|47/100|[from]move: U-turn
|-transform|p2a: Ditto|p1a: Espeon|[from] ability: Imposter
|move|p1a: Espeon|Calm Mind|p1a: Espeon
|-boost|p1a: Espeon|spa|1
|-boost|p1a: Espeon|spd|1
|
|upkeep
|turn|79
|
|t:|1626151060
|move|p2a: Ditto|Morning Sun|p2a: Ditto
|-heal|p2a: Ditto|97/100
|move|p1a: Espeon|Dazzling Gleam|p2a: Ditto
|-damage|p2a: Ditto|58/100
|
|upkeep
|turn|80
|
|t:|1626151063
|move|p2a: Ditto|Morning Sun|p2a: Ditto
|-heal|p2a: Ditto|100/100
|move|p1a: Espeon|Calm Mind|p1a: Espeon
|-boost|p1a: Espeon|spa|1
|-boost|p1a: Espeon|spd|1
|
|upkeep
|turn|81
|
|t:|1626151068
|switch|p2a: Registeel|Registeel|69/100
|move|p1a: Espeon|Psychic|p2a: Registeel
|-resisted|p2a: Registeel
|-damage|p2a: Registeel|49/100
|
|upkeep
|turn|82
|
|t:|1626151077
|move|p1a: Espeon|Calm Mind|p1a: Espeon
|-boost|p1a: Espeon|spa|1
|-boost|p1a: Espeon|spd|1
|move|p2a: Registeel|Seismic Toss|p1a: Espeon
|-damage|p1a: Espeon|43/100
|
|upkeep
|turn|83
|
|t:|1626151080
|move|p1a: Espeon|Psychic|p2a: Registeel
|-resisted|p2a: Registeel
|-damage|p2a: Registeel|24/100
|move|p2a: Registeel|Seismic Toss|p1a: Espeon
|-damage|p1a: Espeon|13/100
|
|upkeep
|turn|84
|
|t:|1626151084
|move|p1a: Espeon|Morning Sun|p1a: Espeon
|-heal|p1a: Espeon|63/100
|move|p2a: Registeel|Seismic Toss|p1a: Espeon
|-damage|p1a: Espeon|33/100
|
|upkeep
|turn|85
|
|t:|1626151090
|switch|p2a: Reuniclus|Reuniclus, F|79/100
|move|p1a: Espeon|Morning Sun|p1a: Espeon
|-heal|p1a: Espeon|83/100
|
|upkeep
|turn|86
|
|t:|1626151093
|move|p1a: Espeon|Dazzling Gleam|p2a: Reuniclus
|-damage|p2a: Reuniclus|30/100
|move|p2a: Reuniclus|Knock Off|p1a: Espeon
|-supereffective|p1a: Espeon
|-damage|p1a: Espeon|63/100
|
|upkeep
|turn|87
|
|t:|1626151098
|switch|p2a: Ditto|Ditto|100/100
|-transform|p2a: Ditto|p1a: Espeon|[from] ability: Imposter
|move|p1a: Espeon|Dazzling Gleam|p2a: Ditto
|-damage|p2a: Ditto|73/100
|
|upkeep
|turn|88
|
|t:|1626151105
|move|p2a: Ditto|Psychic|p1a: Espeon
|-resisted|p1a: Espeon
|-damage|p1a: Espeon|44/100
|move|p1a: Espeon|Calm Mind|p1a: Espeon
|-boost|p1a: Espeon|spa|1
|-boost|p1a: Espeon|spd|1
|
|upkeep
|turn|89
|
|t:|1626151111
|move|p2a: Ditto|Psychic|p1a: Espeon
|-resisted|p1a: Espeon
|-damage|p1a: Espeon|26/100
|move|p1a: Espeon|Dazzling Gleam|p2a: Ditto
|-damage|p2a: Ditto|42/100
|
|upkeep
|turn|90
|
|t:|1626151116
|switch|p2a: Registeel|Registeel|24/100
|move|p1a: Espeon|Morning Sun|p1a: Espeon
|-heal|p1a: Espeon|76/100
|
|upkeep
|turn|91
|
|t:|1626151121
|switch|p2a: Ditto|Ditto|42/100
|-transform|p2a: Ditto|p1a: Espeon|[from] ability: Imposter
|move|p1a: Espeon|Psychic|p2a: Ditto
|-resisted|p2a: Ditto
|-damage|p2a: Ditto|18/100
|
|upkeep
|turn|92
|
|t:|1626151127
|move|p2a: Ditto|Morning Sun|p2a: Ditto
|-heal|p2a: Ditto|68/100
|move|p1a: Espeon|Dazzling Gleam|p2a: Ditto
|-damage|p2a: Ditto|42/100
|
|upkeep
|turn|93
|
|t:|1626151130
|move|p2a: Ditto|Morning Sun|p2a: Ditto
|-heal|p2a: Ditto|92/100
|move|p1a: Espeon|Calm Mind|p1a: Espeon
|-boost|p1a: Espeon|spa|1
|-boost|p1a: Espeon|spd|1
|
|upkeep
|turn|94
|
|t:|1626151139
|move|p2a: Ditto|Morning Sun|p2a: Ditto
|-heal|p2a: Ditto|100/100
|move|p1a: Espeon|Dazzling Gleam|p2a: Ditto
|-damage|p2a: Ditto|67/100
|
|upkeep
|turn|95
|
|t:|1626151143
|switch|p2a: Reuniclus|Reuniclus, F|63/100
|move|p1a: Espeon|Dazzling Gleam|p2a: Reuniclus
|-damage|p2a: Reuniclus|0 fnt
|faint|p2a: Reuniclus
|
|upkeep
|
|t:|1626151148
|switch|p2a: Ditto|Ditto|67/100
|-transform|p2a: Ditto|p1a: Espeon|[from] ability: Imposter
|turn|96
|
|t:|1626151153
|move|p2a: Ditto|Dazzling Gleam|p1a: Espeon
|-damage|p1a: Espeon|52/100
|move|p1a: Espeon|Dazzling Gleam|p2a: Ditto
|-crit|p2a: Ditto
|-damage|p2a: Ditto|0 fnt
|faint|p2a: Ditto
|
|upkeep
|
|t:|1626151157
|switch|p2a: Quagsire|Quagsire, M|78/100
|turn|97
|
|t:|1626151161
|move|p1a: Espeon|Dazzling Gleam|p2a: Quagsire
|-damage|p2a: Quagsire|52/100
|move|p2a: Quagsire|Recover|p2a: Quagsire
|-heal|p2a: Quagsire|100/100
|
|upkeep
|turn|98
|
|t:|1626151165
|move|p1a: Espeon|Dazzling Gleam|p2a: Quagsire
|-damage|p2a: Quagsire|73/100
|move|p2a: Quagsire|Earthquake|p1a: Espeon
|-damage|p1a: Espeon|22/100
|
|upkeep
|turn|99
|
|t:|1626151168
|move|p1a: Espeon|Psychic|p2a: Quagsire
|-damage|p2a: Quagsire|25/100
|move|p2a: Quagsire|Recover|p2a: Quagsire
|-heal|p2a: Quagsire|76/100
|
|upkeep
|turn|100
|
|t:|1626151177
|switch|p1a: The Hive|Golisopod, F, shiny|100/100
|move|p2a: Quagsire|Recover|p2a: Quagsire
|-heal|p2a: Quagsire|100/100
|
|upkeep
|turn|101
|
|t:|1626151183
|switch|p2a: Crobat|Crobat, F|96/100
|move|p1a: The Hive|Leech Life|p2a: Crobat
|-resisted|p2a: Crobat
|-damage|p2a: Crobat|82/100
|
|upkeep
|turn|102
|
|t:|1626151188
|move|p2a: Crobat|Brave Bird|p1a: The Hive
|-supereffective|p1a: The Hive
|-crit|p1a: The Hive
|-damage|p1a: The Hive|12/100
|-enditem|p1a: The Hive|Aguav Berry|[eat]
|-heal|p1a: The Hive|45/100|[from] item: Aguav Berry
|-damage|p2a: Crobat|52/100|[from] Recoil
|-activate|p1a: The Hive|ability: Emergency Exit
|
|t:|1626151196
|switch|p1a: Ol' Reliable|Cloyster, M, shiny|100/100
|
|upkeep
|turn|103
|
|t:|1626151202
|move|p2a: Crobat|U-turn|p1a: Ol' Reliable
|-damage|p1a: Ol' Reliable|88/100
|
|t:|1626151205
|switch|p2a: Quagsire|Quagsire, M|100/100|[from]move: U-turn
|move|p1a: Ol' Reliable|Icicle Spear|p2a: Quagsire
|-crit|p2a: Quagsire
|-damage|p2a: Quagsire|88/100
|-damage|p2a: Quagsire|81/100
|-damage|p2a: Quagsire|74/100
|-damage|p2a: Quagsire|67/100
|-damage|p2a: Quagsire|60/100
|-hitcount|p2a: Quagsire|5
|
|upkeep
|turn|104
|
|t:|1626151213
|switch|p1a: Umbreon|Umbreon, F|100/100
|move|p2a: Quagsire|Recover|p2a: Quagsire
|-heal|p2a: Quagsire|100/100
|
|upkeep
|turn|105
|
|t:|1626151215
|switch|p2a: Umbreon|Umbreon, M|76/100
|move|p1a: Umbreon|Wish|p1a: Umbreon
|
|-heal|p2a: Umbreon|82/100|[from] item: Leftovers
|upkeep
|turn|106
|
|t:|1626151228
|switch|p1a: The Hive|Golisopod, F, shiny|45/100
|move|p2a: Umbreon|Foul Play|p1a: The Hive
|-damage|p1a: The Hive|3/100
|
|-heal|p1a: The Hive|60/100|[from] move: Wish|[wisher] Umbreon
|-heal|p2a: Umbreon|88/100|[from] item: Leftovers
|upkeep
|turn|107
|
|t:|1626151235
|switch|p2a: Crobat|Crobat, F|52/100
|move|p1a: The Hive|Leech Life|p2a: Crobat
|-resisted|p2a: Crobat
|-damage|p2a: Crobat|38/100
|-heal|p1a: The Hive|66/100|[from] drain|[of] p2a: Crobat
|
|upkeep
|turn|108
|
|t:|1626151242
|switch|p1a: Ol' Reliable|Cloyster, M, shiny|88/100
|move|p2a: Crobat|U-turn|p1a: Ol' Reliable
|-damage|p1a: Ol' Reliable|76/100
|
|t:|1626151244
|switch|p2a: Umbreon|Umbreon, M|88/100|[from]move: U-turn
|
|-heal|p2a: Umbreon|94/100|[from] item: Leftovers
|upkeep
|turn|109
|
|t:|1626151247
|switch|p1a: Umbreon|Umbreon, F|100/100
|move|p2a: Umbreon|Foul Play|p1a: Umbreon
|-resisted|p1a: Umbreon
|-crit|p1a: Umbreon
|-damage|p1a: Umbreon|90/100
|
|-heal|p2a: Umbreon|100/100|[from] item: Leftovers
|-heal|p1a: Umbreon|96/100|[from] item: Leftovers
|upkeep
|turn|110
|
|t:|1626151250
|move|p2a: Umbreon|Toxic|p1a: Umbreon|[miss]
|-miss|p2a: Umbreon|p1a: Umbreon
|move|p1a: Umbreon|Wish|p1a: Umbreon
|
|-heal|p1a: Umbreon|100/100|[from] item: Leftovers
|upkeep
|turn|111
|
|t:|1626151256
|switch|p2a: Crobat|Crobat, F|38/100
|switch|p1a: The Hive|Golisopod, F, shiny|66/100
|
|-heal|p1a: The Hive|100/100|[from] move: Wish|[wisher] Umbreon
|upkeep
|turn|112
|
|t:|1626151260
|move|p1a: The Hive|Aqua Jet|p2a: Crobat
|-damage|p2a: Crobat|10/100
|move|p2a: Crobat|Roost|p2a: Crobat
|-heal|p2a: Crobat|61/100
|-singleturn|p2a: Crobat|move: Roost
|
|upkeep
|turn|113
|
|t:|1626151268
|move|p2a: Crobat|Brave Bird|p1a: The Hive
|-supereffective|p1a: The Hive
|-damage|p1a: The Hive|43/100
|-damage|p2a: Crobat|41/100|[from] Recoil
|-activate|p1a: The Hive|ability: Emergency Exit
|
|t:|1626151272
|switch|p1a: Ol' Reliable|Cloyster, M, shiny|76/100
|
|upkeep
|turn|114
|
|t:|1626151275
|move|p2a: Crobat|U-turn|p1a: Ol' Reliable
|-damage|p1a: Ol' Reliable|64/100
|
|t:|1626151278
|switch|p2a: Umbreon|Umbreon, M|100/100|[from]move: U-turn
|move|p1a: Ol' Reliable|Icicle Spear|p2a: Umbreon
|-damage|p2a: Umbreon|92/100
|-damage|p2a: Umbreon|82/100
|-damage|p2a: Umbreon|74/100
|-damage|p2a: Umbreon|66/100
|-damage|p2a: Umbreon|57/100
|-hitcount|p2a: Umbreon|5
|
|-heal|p2a: Umbreon|64/100|[from] item: Leftovers
|upkeep
|turn|115
|
|t:|1626151282
|switch|p1a: Umbreon|Umbreon, F|100/100
|move|p2a: Umbreon|Moonlight|p2a: Umbreon
|-heal|p2a: Umbreon|100/100
|
|upkeep
|turn|116
|
|t:|1626151289
|move|p2a: Umbreon|Toxic|p1a: Umbreon
|-status|p1a: Umbreon|tox
|-activate|p1a: Umbreon|ability: Synchronize
|-status|p2a: Umbreon|tox
|move|p1a: Umbreon|Wish|p1a: Umbreon
|
|-damage|p2a: Umbreon|94/100 tox|[from] psn
|-damage|p1a: Umbreon|94/100 tox|[from] psn
|upkeep
|turn|117
|
|t:|1626151295
|switch|p1a: Ol' Reliable|Cloyster, M, shiny|64/100
|move|p2a: Umbreon|Heal Bell|p2a: Umbreon
|-activate|p2a: Umbreon|move: Heal Bell
|-curestatus|p2a: Umbreon|tox|[msg]
|
|-heal|p1a: Ol' Reliable|100/100|[from] move: Wish|[wisher] Umbreon
|-heal|p2a: Umbreon|100/100|[from] item: Leftovers
|upkeep
|turn|118
|
|t:|1626151298
|switch|p1a: Umbreon|Umbreon, F|94/100 tox
|move|p2a: Umbreon|Toxic|p1a: Umbreon
|-fail|p1a: Umbreon|tox
|
|-heal|p1a: Umbreon|100/100 tox|[from] item: Leftovers
|-damage|p1a: Umbreon|94/100 tox|[from] psn
|upkeep
|turn|119
|
|t:|1626151304
|switch|p2a: Crobat|Crobat, F|41/100
|move|p1a: Umbreon|Heal Bell|p1a: Umbreon
|-activate|p1a: Umbreon|move: Heal Bell
|-curestatus|p1a: Umbreon|tox|[msg]
|
|-heal|p1a: Umbreon|100/100|[from] item: Leftovers
|upkeep
|turn|120
|
|t:|1626151309
|move|p2a: Crobat|Roost|p2a: Crobat
|-heal|p2a: Crobat|91/100
|-singleturn|p2a: Crobat|move: Roost
|move|p1a: Umbreon|Wish|p1a: Umbreon
|
|upkeep
|turn|121
|
|t:|1626151312
|switch|p1a: Ol' Reliable|Cloyster, M, shiny|100/100
|move|p2a: Crobat|U-turn|p1a: Ol' Reliable
|-damage|p1a: Ol' Reliable|88/100
|
|t:|1626151317
|switch|p2a: Umbreon|Umbreon, M|100/100|[from]move: U-turn
|
|-heal|p1a: Ol' Reliable|100/100|[from] move: Wish|[wisher] Umbreon
|upkeep
|turn|122
|
|t:|1626151320
|switch|p1a: Umbreon|Umbreon, F|100/100
|move|p2a: Umbreon|Foul Play|p1a: Umbreon
|-resisted|p1a: Umbreon
|-damage|p1a: Umbreon|94/100
|
|-heal|p1a: Umbreon|100/100|[from] item: Leftovers
|upkeep
|turn|123
|
|t:|1626151325
|switch|p1a: The Hive|Golisopod, F, shiny|43/100
|move|p2a: Umbreon|Foul Play|p1a: The Hive
|-damage|p1a: The Hive|7/100
|
|upkeep
|turn|124
|
|t:|1626151332
|switch|p2a: Crobat|Crobat, F|91/100
|move|p1a: The Hive|Liquidation|p2a: Crobat
|-damage|p2a: Crobat|29/100
|-unboost|p2a: Crobat|def|1
|
|upkeep
|turn|125
|
|t:|1626151338
|switch|p2a: Registeel|Registeel|24/100
|move|p1a: The Hive|Aqua Jet|p2a: Registeel
|-damage|p2a: Registeel|8/100
|
|upkeep
|turn|126
|
|t:|1626151341
|move|p1a: The Hive|Aqua Jet|p2a: Registeel
|-damage|p2a: Registeel|0 fnt
|faint|p2a: Registeel
|
|upkeep
|
|t:|1626151343
|switch|p2a: Umbreon|Umbreon, M|100/100
|turn|127
|
|t:|1626151346
|switch|p1a: Umbreon|Umbreon, F|100/100
|move|p2a: Umbreon|Foul Play|p1a: Umbreon
|-resisted|p1a: Umbreon
|-damage|p1a: Umbreon|94/100
|
|-heal|p1a: Umbreon|99/100|[from] item: Leftovers
|upkeep
|turn|128
|
|t:|1626151353
|move|p1a: Umbreon|Protect|p1a: Umbreon
|-singleturn|p1a: Umbreon|Protect
|move|p2a: Umbreon|Toxic|p1a: Umbreon
|-activate|p1a: Umbreon|move: Protect
|
|-heal|p1a: Umbreon|100/100|[from] item: Leftovers
|upkeep
|turn|129
|
|t:|1626151359
|move|p2a: Umbreon|Toxic|p1a: Umbreon
|-status|p1a: Umbreon|tox
|-activate|p1a: Umbreon|ability: Synchronize
|-status|p2a: Umbreon|tox
|move|p1a: Umbreon|Wish|p1a: Umbreon
|
|-damage|p2a: Umbreon|94/100 tox|[from] psn
|-damage|p1a: Umbreon|94/100 tox|[from] psn
|upkeep
|turn|130
|
|t:|1626151363
|move|p2a: Umbreon|Foul Play|p1a: Umbreon
|-resisted|p1a: Umbreon
|-damage|p1a: Umbreon|88/100 tox
|move|p1a: Umbreon|Heal Bell|p1a: Umbreon
|-activate|p1a: Umbreon|move: Heal Bell
|-curestatus|p1a: Umbreon|tox|[msg]
|
|-heal|p1a: Umbreon|100/100|[from] move: Wish|[wisher] Umbreon
|-heal|p2a: Umbreon|100/100 tox|[from] item: Leftovers
|-damage|p2a: Umbreon|88/100 tox|[from] psn
|upkeep
|turn|131
|
|t:|1626151367
|switch|p1a: The Hive|Golisopod, F, shiny|7/100
|move|p2a: Umbreon|Heal Bell|p2a: Umbreon
|-activate|p2a: Umbreon|move: Heal Bell
|-curestatus|p2a: Umbreon|tox|[msg]
|
|-heal|p2a: Umbreon|94/100|[from] item: Leftovers
|upkeep
|turn|132
|
|t:|1626151372
|switch|p2a: Quagsire|Quagsire, M|100/100
|move|p1a: The Hive|First Impression|p2a: Quagsire
|-damage|p2a: Quagsire|63/100
|
|upkeep
|turn|133
|
|t:|1626151379
|move|p1a: The Hive|Leech Life|p2a: Quagsire
|-damage|p2a: Quagsire|31/100
|-heal|p1a: The Hive|25/100|[from] drain|[of] p2a: Quagsire
|move|p2a: Quagsire|Earthquake|p1a: The Hive
|-resisted|p1a: The Hive
|-damage|p1a: The Hive|15/100
|
|upkeep
|turn|134
|
|t:|1626151385
|move|p1a: The Hive|Leech Life|p2a: Quagsire
|-damage|p2a: Quagsire|0 fnt
|-heal|p1a: The Hive|33/100|[from] drain|[of] p2a: Quagsire
|faint|p2a: Quagsire
|
|upkeep
|
|t:|1626151387
|switch|p2a: Crobat|Crobat, F|29/100
|turn|135
|
|t:|1626151394
|switch|p1a: Ol' Reliable|Cloyster, M, shiny|100/100
|move|p2a: Crobat|Roost|p2a: Crobat
|-heal|p2a: Crobat|79/100
|-singleturn|p2a: Crobat|move: Roost
|
|upkeep
|turn|136
|
|t:|1626151398
|move|p2a: Crobat|U-turn|p1a: Ol' Reliable
|-damage|p1a: Ol' Reliable|88/100
|
|t:|1626151400
|switch|p2a: Umbreon|Umbreon, M|94/100|[from]move: U-turn
|move|p1a: Ol' Reliable|Shell Smash|p1a: Ol' Reliable
|-unboost|p1a: Ol' Reliable|def|1
|-unboost|p1a: Ol' Reliable|spd|1
|-boost|p1a: Ol' Reliable|atk|2
|-boost|p1a: Ol' Reliable|spa|2
|-boost|p1a: Ol' Reliable|spe|2
|
|-heal|p2a: Umbreon|100/100|[from] item: Leftovers
|upkeep
|turn|137
|
|t:|1626151428
|move|p1a: Ol' Reliable|Icicle Spear|p2a: Umbreon
|-damage|p2a: Umbreon|84/100
|-damage|p2a: Umbreon|66/100
|-damage|p2a: Umbreon|50/100
|-damage|p2a: Umbreon|32/100
|-damage|p2a: Umbreon|15/100
|-hitcount|p2a: Umbreon|5
|move|p2a: Umbreon|Foul Play|p1a: Ol' Reliable
|-damage|p1a: Ol' Reliable|0 fnt
|faint|p1a: Ol' Reliable
|
|-heal|p2a: Umbreon|21/100|[from] item: Leftovers
|upkeep
|
|t:|1626151431
|switch|p1a: The Hive|Golisopod, F, shiny|33/100
|turn|138
|
|t:|1626151434
|switch|p2a: Crobat|Crobat, F|79/100
|move|p1a: The Hive|Liquidation|p2a: Crobat
|-damage|p2a: Crobat|22/100
|-unboost|p2a: Crobat|def|1
|
|upkeep
|turn|139
|
|t:|1626151441
|move|p1a: The Hive|Aqua Jet|p2a: Crobat
|-crit|p2a: Crobat
|-damage|p2a: Crobat|0 fnt
|faint|p2a: Crobat
|
|upkeep
|
|t:|1626151442
|switch|p2a: Umbreon|Umbreon, M|21/100
|turn|140
|
|t:|1626151445
|move|p2a: Umbreon|Foul Play|p1a: The Hive
|-damage|p1a: The Hive|0 fnt
|faint|p1a: The Hive
|
|-heal|p2a: Umbreon|27/100|[from] item: Leftovers
|upkeep
|
|t:|1626151447
|switch|p1a: Espeon|Espeon, F|22/100
|turn|141
|
|t:|1626151451
|move|p1a: Espeon|Dazzling Gleam|p2a: Umbreon
|-supereffective|p2a: Umbreon
|-damage|p2a: Umbreon|0 fnt
|faint|p2a: Umbreon
|
|win|newbbbb2
|raw|newbbbb2's rating: 1363 &rarr; <strong>1394</strong><br />(+31 for winning)
|raw|RULT50K p's rating: 1590 &rarr; <strong>1559</strong><br />(-31 for losing)
|l|☆RULT50K p
|l| Luna's Bann3d N0w
|j| Luna's Bann3d N0w
|l| Luna's Bann3d N0w
