|j|☆Absurdmind
|j|☆literallyfreemoney
|t:|1626029738
|gametype|singles
|player|p1|Absurdmind|101|1252
|player|p2|literallyfreemoney|17|1410
|teamsize|p1|6
|teamsize|p2|6
|gen|8
|tier|[Gen 8] RU
|rated|
|rule|Sleep Clause Mod: Limit one foe put to sleep
|rule|Species Clause: Limit one of each Pokémon
|rule|OHKO Clause: OHKO moves are banned
|rule|Evasion Moves Clause: Evasion moves are banned
|rule|Endless Battle Clause: Forcing endless battles is banned
|rule|HP Percentage Mod: HP is shown in percentages
|rule|Dynamax Clause: You cannot dynamax
|clearpoke
|poke|p1|Weezing-Galar, M|
|poke|p1|Polteageist|
|poke|p1|Cloyster, F|
|poke|p1|Necrozma|
|poke|p1|Incineroar, M|
|poke|p1|Heracross, F|
|poke|p2|Lucario, F|
|poke|p2|Aerodactyl, M|
|poke|p2|Golisopod, M|
|poke|p2|Umbreon, M|
|poke|p2|Chandelure, M|
|poke|p2|Goodra, F|
|teampreview
|
|t:|1626029751
|start
|switch|p1a: Necrozma|Necrozma|100/100
|switch|p2a: Puhteradactyl|Aerodactyl, M|100/100
|-ability|p2a: Puhteradactyl|Unnerve
|turn|1
|
|t:|1626029756
|move|p2a: Puhteradactyl|Stealth Rock|p1a: Necrozma
|-sidestart|p1: Absurdmind|move: Stealth Rock
|move|p1a: Necrozma|Autotomize|p1a: Necrozma
|-boost|p1a: Necrozma|spe|2
|-start|p1a: Necrozma|Autotomize
|
|upkeep
|turn|2
|
|t:|1626029759
|move|p1a: Necrozma|Meteor Beam||[still]
|-prepare|p1a: Necrozma|Meteor Beam
|-boost|p1a: Necrozma|spa|1
|-enditem|p1a: Necrozma|Power Herb
|-anim|p1a: Necrozma|Meteor Beam|p2a: Puhteradactyl
|-supereffective|p2a: Puhteradactyl
|-enditem|p2a: Puhteradactyl|Focus Sash
|-damage|p2a: Puhteradactyl|1/100
|move|p2a: Puhteradactyl|Dual Wingbeat|p1a: Necrozma
|-damage|p1a: Necrozma|83/100
|-damage|p1a: Necrozma|63/100
|-hitcount|p1a: Necrozma|2
|
|upkeep
|turn|3
|
|t:|1626029769
|move|p1a: Necrozma|Photon Geyser|p2a: Puhteradactyl
|-damage|p2a: Puhteradactyl|0 fnt
|faint|p2a: Puhteradactyl
|
|upkeep
|
|t:|1626029773
|switch|p2a: *w*G O A L I E*w*|Golisopod, M|100/100
|turn|4
|
|t:|1626029781
|switch|p1a: Incineroar|Incineroar, M|100/100
|-ability|p1a: Incineroar|Intimidate|boost
|-unboost|p2a: *w*G O A L I E*w*|atk|1
|move|p2a: *w*G O A L I E*w*|First Impression|p1a: Incineroar
|-damage|p1a: Incineroar|78/100
|
|upkeep
|turn|5
|
|t:|1626029789
|move|p2a: *w*G O A L I E*w*|Spikes|p1a: Incineroar
|-sidestart|p1: Absurdmind|Spikes
|move|p1a: Incineroar|Parting Shot|p2a: *w*G O A L I E*w*
|-unboost|p2a: *w*G O A L I E*w*|atk|1
|-unboost|p2a: *w*G O A L I E*w*|spa|1
|
|t:|1626029796
|switch|p1a: Cloyster|Cloyster, F|100/100|[from]move: Parting Shot
|-damage|p1a: Cloyster|88/100|[from] Spikes
|-damage|p1a: Cloyster|63/100|[from] Stealth Rock
|
|upkeep
|turn|6
|
|t:|1626029804
|move|p1a: Cloyster|Rock Blast|p2a: *w*G O A L I E*w*
|-supereffective|p2a: *w*G O A L I E*w*
|-crit|p2a: *w*G O A L I E*w*
|-damage|p2a: *w*G O A L I E*w*|83/100
|-supereffective|p2a: *w*G O A L I E*w*
|-crit|p2a: *w*G O A L I E*w*
|-damage|p2a: *w*G O A L I E*w*|65/100
|-supereffective|p2a: *w*G O A L I E*w*
|-damage|p2a: *w*G O A L I E*w*|52/100
|-supereffective|p2a: *w*G O A L I E*w*
|-damage|p2a: *w*G O A L I E*w*|39/100
|-supereffective|p2a: *w*G O A L I E*w*
|-damage|p2a: *w*G O A L I E*w*|27/100
|-hitcount|p2a: *w*G O A L I E*w*|5
|-activate|p2a: *w*G O A L I E*w*|ability: Emergency Exit
|
|t:|1626029815
|switch|p2a: Lucy|Lucario, F|100/100
|
|upkeep
|turn|7
|
|t:|1626029828
|switch|p1a: Weezing|Weezing-Galar, M|100/100
|-damage|p1a: Weezing|88/100|[from] Spikes
|-damage|p1a: Weezing|76/100|[from] Stealth Rock
|-fieldstart|move: Misty Terrain|[from] ability: Misty Surge|[of] p1a: Weezing
|move|p2a: Lucy|Swords Dance|p2a: Lucy
|-boost|p2a: Lucy|atk|2
|
|upkeep
|turn|8
|
|t:|1626029838
|move|p2a: Lucy|Meteor Mash|p1a: Weezing
|-supereffective|p1a: Weezing
|-damage|p1a: Weezing|0 fnt
|faint|p1a: Weezing
|-damage|p2a: Lucy|91/100|[from] item: Life Orb
|
|upkeep
|
|t:|1626029844
|switch|p1a: Heracross|Heracross, F|100/100
|-damage|p1a: Heracross|88/100|[from] Stealth Rock
|-damage|p1a: Heracross|76/100|[from] Spikes
|turn|9
|
|t:|1626029848
|move|p2a: Lucy|Extreme Speed|p1a: Heracross
|-damage|p1a: Heracross|0 fnt
|faint|p1a: Heracross
|-damage|p2a: Lucy|81/100|[from] item: Life Orb
|
|upkeep
|
|t:|1626029855
|switch|p1a: Incineroar|Incineroar, M|78/100
|-ability|p1a: Incineroar|Intimidate|boost
|-fail|p2a: Lucy|unboost|Attack|[from] ability: Inner Focus|[of] p2a: Lucy
|turn|10
|
|t:|1626029857
|move|p2a: Lucy|Close Combat|p1a: Incineroar
|-supereffective|p1a: Incineroar
|-damage|p1a: Incineroar|0 fnt
|-unboost|p2a: Lucy|def|1
|-unboost|p2a: Lucy|spd|1
|faint|p1a: Incineroar
|-damage|p2a: Lucy|71/100|[from] item: Life Orb
|
|upkeep
|
|t:|1626029862
|switch|p1a: Necrozma|Necrozma|63/100
|-damage|p1a: Necrozma|51/100|[from] Stealth Rock
|-damage|p1a: Necrozma|38/100|[from] Spikes
|turn|11
|
|t:|1626029867
|move|p2a: Lucy|Extreme Speed|p1a: Necrozma
|-damage|p1a: Necrozma|0 fnt
|faint|p1a: Necrozma
|-damage|p2a: Lucy|61/100|[from] item: Life Orb
|
|upkeep
|
|t:|1626029872
|switch|p1a: Polteageist|Polteageist|100/100
|-damage|p1a: Polteageist|88/100|[from] Spikes
|-damage|p1a: Polteageist|76/100|[from] Stealth Rock
|turn|12
|
|t:|1626029877
|move|p2a: Lucy|Meteor Mash|p1a: Polteageist
|-crit|p1a: Polteageist
|-damage|p1a: Polteageist|0 fnt
|faint|p1a: Polteageist
|-damage|p2a: Lucy|51/100|[from] item: Life Orb
|
|upkeep
|-message|Absurdmind forfeited.
|
|win|literallyfreemoney
|l|☆Absurdmind
|raw|Absurdmind's rating: 1252 &rarr; <strong>1238</strong><br />(-14 for losing)
|raw|literallyfreemoney's rating: 1410 &rarr; <strong>1421</strong><br />(+11 for winning)
||Ladder isn't responding, score probably updated but might not have (Request timeout).
