|j|☆Harvard Trainer
|j|☆Testinganteater
|t:|1647446653
|gametype|singles
|player|p1|Harvard Trainer|ethan|1320
|player|p2|Testinganteater|juggler|1290
|teamsize|p1|6
|teamsize|p2|6
|gen|8
|tier|[Gen 8] RU
|rated|
|rule|Sleep Clause Mod: Limit one foe put to sleep
|rule|Species Clause: Limit one of each Pokémon
|rule|OHKO Clause: OHKO moves are banned
|rule|Evasion Moves Clause: Evasion moves are banned
|rule|Endless Battle Clause: Forcing endless battles is banned
|rule|HP Percentage Mod: HP is shown in percentages
|rule|Dynamax Clause: You cannot dynamax
|clearpoke
|poke|p1|Incineroar, M|
|poke|p1|Golisopod, F|
|poke|p1|Roserade, M|
|poke|p1|Flygon, F|
|poke|p1|Cobalion|
|poke|p1|Heliolisk, F|
|poke|p2|Entei|
|poke|p2|Flygon, M|
|poke|p2|Celebi|
|poke|p2|Registeel|
|poke|p2|Milotic, F|
|poke|p2|Weezing-Galar, M|
|teampreview
|inactive|Battle timer is ON: inactive players will automatically lose when time's up. (requested by Harvard Trainer)
|
|t:|1647446671
|start
|switch|p1a: Incineroar|Incineroar, M|100/100
|switch|p2a: Milotic|Milotic, F|100/100
|-ability|p1a: Incineroar|Intimidate|boost
|-unboost|p2a: Milotic|atk|1
|turn|1
|
|t:|1647446680
|switch|p1a: Roserade|Roserade, M|100/100
|move|p2a: Milotic|Flip Turn|p1a: Roserade
|-resisted|p1a: Roserade
|-damage|p1a: Roserade|92/100
|
|t:|1647446702
|switch|p2a: Registeel|Registeel|100/100|[from]move: Flip Turn
|
|-heal|p1a: Roserade|99/100|[from] item: Black Sludge
|upkeep
|turn|2
|
|t:|1647446714
|move|p1a: Roserade|Sleep Powder|p2a: Registeel|[miss]
|-miss|p1a: Roserade|p2a: Registeel
|move|p2a: Registeel|Toxic|p1a: Roserade
|-immune|p1a: Roserade
|
|-heal|p1a: Roserade|100/100|[from] item: Black Sludge
|upkeep
|turn|3
|inactive|Testinganteater has 120 seconds left.
|
|t:|1647446736
|move|p1a: Roserade|Spikes|p2a: Registeel
|-sidestart|p2: Testinganteater|Spikes
|move|p2a: Registeel|Heavy Slam|p1a: Roserade
|-damage|p1a: Roserade|38/100
|
|-heal|p1a: Roserade|45/100|[from] item: Black Sludge
|upkeep
|turn|4
|
|t:|1647446743
|switch|p2a: Celebi|Celebi|100/100
|move|p1a: Roserade|Sleep Powder|p2a: Celebi
|-immune|p2a: Celebi
|
|-heal|p1a: Roserade|51/100|[from] item: Black Sludge
|upkeep
|turn|5
|
|t:|1647446749
|switch|p1a: Incineroar|Incineroar, M|100/100
|-ability|p1a: Incineroar|Intimidate|boost
|-unboost|p2a: Celebi|atk|1
|move|p2a: Celebi|U-turn|p1a: Incineroar
|-damage|p1a: Incineroar|91/100
|c|☆Harvard Trainer|nice play
|
|t:|1647446759
|switch|p2a: Flygon|Flygon, M, shiny|100/100|[from]move: U-turn
|
|upkeep
|turn|6
|
|t:|1647446767
|switch|p1a: Cobalion|Cobalion|100/100
|move|p2a: Flygon|Defog|p1a: Cobalion
|-unboost|p1a: Cobalion|evasion|1
|-sideend|p2: Testinganteater|Spikes|[from] move: Defog|[of] p2a: Flygon
|
|upkeep
|turn|7
|c|☆Testinganteater|thanks
|
|t:|1647446774
|switch|p1a: Flygon|Flygon, F|100/100
|move|p2a: Flygon|Earthquake|p1a: Flygon
|-immune|p1a: Flygon|[from] ability: Levitate
|
|upkeep
|turn|8
|
|t:|1647446783
|switch|p2a: Weezing|Weezing-Galar, M|100/100
|move|p1a: Flygon|U-turn|p2a: Weezing
|-resisted|p2a: Weezing
|-damage|p2a: Weezing|98/100
|
|t:|1647446796
|switch|p1a: Roserade|Roserade, M|51/100|[from]move: U-turn
|
|-heal|p1a: Roserade|57/100|[from] item: Black Sludge
|-heal|p2a: Weezing|100/100|[from] item: Black Sludge
|upkeep
|turn|9
|
|t:|1647446803
|switch|p2a: Registeel|Registeel|100/100
|move|p1a: Roserade|Sludge Bomb|p2a: Registeel
|-immune|p2a: Registeel
|
|-heal|p1a: Roserade|63/100|[from] item: Black Sludge
|upkeep
|turn|10
|
|t:|1647446807
|move|p1a: Roserade|Sludge Bomb|p2a: Registeel
|-immune|p2a: Registeel
|move|p2a: Registeel|Heavy Slam|p1a: Roserade
|-damage|p1a: Roserade|7/100
|
|-heal|p1a: Roserade|13/100|[from] item: Black Sludge
|upkeep
|turn|11
|
|t:|1647446813
|move|p1a: Roserade|Sludge Bomb|p2a: Registeel
|-immune|p2a: Registeel
|move|p2a: Registeel|Heavy Slam|p1a: Roserade
|-damage|p1a: Roserade|0 fnt
|faint|p1a: Roserade
|
|upkeep
|
|t:|1647446818
|switch|p1a: Cobalion|Cobalion|100/100
|turn|12
|
|t:|1647446831
|switch|p2a: Milotic|Milotic, F|100/100
|move|p1a: Cobalion|Close Combat|p2a: Milotic
|-damage|p2a: Milotic|61/100
|-unboost|p1a: Cobalion|def|1
|-unboost|p1a: Cobalion|spd|1
|
|-heal|p2a: Milotic|67/100|[from] item: Leftovers
|upkeep
|turn|13
|
|t:|1647446841
|move|p1a: Cobalion|Volt Switch|p2a: Milotic
|-supereffective|p2a: Milotic
|-damage|p2a: Milotic|49/100
|
|t:|1647446851
|switch|p1a: Heliolisk|Heliolisk, F|100/100|[from]move: Volt Switch
|move|p2a: Milotic|Recover|p2a: Milotic
|-heal|p2a: Milotic|99/100
|
|-heal|p2a: Milotic|100/100|[from] item: Leftovers
|upkeep
|turn|14
|
|t:|1647446862
|switch|p2a: Registeel|Registeel|100/100
|move|p1a: Heliolisk|Hyper Voice|p2a: Registeel
|-resisted|p2a: Registeel
|-damage|p2a: Registeel|85/100
|
|-heal|p2a: Registeel|91/100|[from] item: Leftovers
|upkeep
|turn|15
|
|t:|1647446875
|switch|p1a: Cobalion|Cobalion|100/100
|move|p2a: Registeel|Seismic Toss|p1a: Cobalion
|-damage|p1a: Cobalion|72/100
|-damage|p2a: Registeel|74/100|[from] item: Rocky Helmet|[of] p1a: Cobalion
|
|-heal|p2a: Registeel|80/100|[from] item: Leftovers
|upkeep
|turn|16
|
|t:|1647446899
|switch|p2a: Flygon|Flygon, M, shiny|100/100
|move|p1a: Cobalion|Stealth Rock|p2a: Flygon
|-sidestart|p2: Testinganteater|move: Stealth Rock
|
|upkeep
|turn|17
|
|t:|1647446909
|move|p2a: Flygon|Toxic|p1a: Cobalion
|-immune|p1a: Cobalion
|move|p1a: Cobalion|Iron Head|p2a: Flygon
|-crit|p2a: Flygon
|-damage|p2a: Flygon|37/100
|
|-heal|p2a: Flygon|44/100|[from] item: Leftovers
|upkeep
|turn|18
|
|t:|1647446920
|switch|p1a: Golisopod|Golisopod, F|100/100
|move|p2a: Flygon|Roost|p2a: Flygon
|-heal|p2a: Flygon|94/100
|-singleturn|p2a: Flygon|move: Roost
|
|-heal|p2a: Flygon|99/100|[from] item: Leftovers
|upkeep
|turn|19
|
|t:|1647446940
|move|p2a: Flygon|Defog|p1a: Golisopod
|-unboost|p1a: Golisopod|evasion|1
|-sideend|p2: Testinganteater|Stealth Rock|[from] move: Defog|[of] p2a: Flygon
|move|p1a: Golisopod|Knock Off|p2a: Flygon
|-damage|p2a: Flygon|60/100
|-enditem|p2a: Flygon|Leftovers|[from] move: Knock Off|[of] p1a: Golisopod
|
|upkeep
|turn|20
|inactive|Harvard Trainer has 120 seconds left.
|
|t:|1647446972
|switch|p2a: Milotic|Milotic, F|100/100
|move|p1a: Golisopod|Liquidation|p2a: Milotic
|-resisted|p2a: Milotic
|-damage|p2a: Milotic|83/100
|
|-heal|p2a: Milotic|89/100|[from] item: Leftovers
|upkeep
|turn|21
|
|t:|1647446983
|switch|p2a: Celebi|Celebi|100/100
|switch|p1a: Cobalion|Cobalion|72/100
|
|upkeep
|turn|22
|
|t:|1647446990
|move|p2a: Celebi|U-turn|p1a: Cobalion
|-resisted|p1a: Cobalion
|-damage|p1a: Cobalion|69/100
|-damage|p2a: Celebi|84/100|[from] item: Rocky Helmet|[of] p1a: Cobalion
|
|t:|1647447000
|switch|p2a: Milotic|Milotic, F|89/100|[from]move: U-turn
|move|p1a: Cobalion|Iron Head|p2a: Milotic
|-resisted|p2a: Milotic
|-damage|p2a: Milotic|78/100
|
|-heal|p2a: Milotic|84/100|[from] item: Leftovers
|upkeep
|turn|23
|inactive|Harvard Trainer has 120 seconds left.
|
|t:|1647447023
|switch|p2a: Flygon|Flygon, M, shiny|60/100
|move|p1a: Cobalion|Volt Switch|p2a: Flygon
|-immune|p2a: Flygon
|
|upkeep
|turn|24
|
|t:|1647447030
|move|p2a: Flygon|Earthquake|p1a: Cobalion
|-supereffective|p1a: Cobalion
|-damage|p1a: Cobalion|12/100
|move|p1a: Cobalion|Stealth Rock|p2a: Flygon
|-sidestart|p2: Testinganteater|move: Stealth Rock
|
|upkeep
|turn|25
|
|t:|1647447051
|move|p2a: Flygon|Earthquake|p1a: Cobalion
|-supereffective|p1a: Cobalion
|-damage|p1a: Cobalion|0 fnt
|faint|p1a: Cobalion
|
|upkeep
|inactive|Harvard Trainer has 90 seconds left.
|
|t:|1647447070
|switch|p1a: Heliolisk|Heliolisk, F|100/100
|turn|26
|
|t:|1647447079
|switch|p2a: Celebi|Celebi|84/100
|move|p1a: Heliolisk|Volt Switch|p2a: Celebi
|-resisted|p2a: Celebi
|-damage|p2a: Celebi|62/100
|
|t:|1647447089
|switch|p1a: Flygon|Flygon, F|100/100|[from]move: Volt Switch
|
|upkeep
|turn|27
|inactive|Testinganteater has 120 seconds left.
|
|t:|1647447144
|switch|p2a: Weezing|Weezing-Galar, M|100/100
|-damage|p2a: Weezing|88/100|[from] Stealth Rock
|move|p1a: Flygon|U-turn|p2a: Weezing
|-resisted|p2a: Weezing
|-damage|p2a: Weezing|85/100
|inactive|Harvard Trainer has 90 seconds left.
|
|t:|1647447165
|switch|p1a: Heliolisk|Heliolisk, F|100/100|[from]move: U-turn
|
|-heal|p2a: Weezing|91/100|[from] item: Black Sludge
|upkeep
|turn|28
|inactive|Testinganteater has 90 seconds left.
|
|t:|1647447192
|switch|p2a: Registeel|Registeel|80/100
|-damage|p2a: Registeel|74/100|[from] Stealth Rock
|move|p1a: Heliolisk|Volt Switch|p2a: Registeel
|-damage|p2a: Registeel|48/100
|inactive|Harvard Trainer has 90 seconds left.
|
|t:|1647447214
|switch|p1a: Incineroar|Incineroar, M|91/100|[from]move: Volt Switch
|-ability|p1a: Incineroar|Intimidate|boost
|-fail|p2a: Registeel|unboost|[from] ability: Clear Body|[of] p2a: Registeel
|
|-heal|p2a: Registeel|54/100|[from] item: Leftovers
|upkeep
|turn|29
|inactive|Harvard Trainer has 90 seconds left.
|
|t:|1647447229
|move|p1a: Incineroar|Knock Off|p2a: Registeel
|-damage|p2a: Registeel|29/100
|-enditem|p2a: Registeel|Leftovers|[from] move: Knock Off|[of] p1a: Incineroar
|move|p2a: Registeel|Toxic|p1a: Incineroar
|-status|p1a: Incineroar|tox
|
|-damage|p1a: Incineroar|85/100 tox|[from] psn
|upkeep
|turn|30
|
|t:|1647447237
|move|p1a: Incineroar|Toxic|p2a: Registeel
|-immune|p2a: Registeel
|move|p2a: Registeel|Seismic Toss|p1a: Incineroar
|-damage|p1a: Incineroar|60/100 tox
|
|-damage|p1a: Incineroar|47/100 tox|[from] psn
|upkeep
|turn|31
|inactive|Testinganteater has 90 seconds left.
|
|t:|1647447258
|move|p1a: Incineroar|Overheat|p2a: Registeel
|-supereffective|p2a: Registeel
|-damage|p2a: Registeel|0 fnt
|-unboost|p1a: Incineroar|spa|2
|faint|p2a: Registeel
|
|-damage|p1a: Incineroar|29/100 tox|[from] psn
|upkeep
|
|t:|1647447261
|switch|p2a: Flygon|Flygon, M, shiny|60/100
|-damage|p2a: Flygon|54/100|[from] Stealth Rock
|turn|32
|inactive|Harvard Trainer has 90 seconds left.
|
|t:|1647447292
|switch|p1a: Golisopod|Golisopod, F|100/100
|move|p2a: Flygon|Defog|p1a: Golisopod
|-unboost|p1a: Golisopod|evasion|1
|-sideend|p2: Testinganteater|Stealth Rock|[from] move: Defog|[of] p2a: Flygon
|
|upkeep
|turn|33
|inactive|Testinganteater has 90 seconds left.
|
|t:|1647447324
|switch|p2a: Weezing|Weezing-Galar, M|91/100
|move|p1a: Golisopod|Liquidation|p2a: Weezing
|-damage|p2a: Weezing|60/100
|
|-heal|p2a: Weezing|66/100|[from] item: Black Sludge
|upkeep
|turn|34
|inactive|Harvard Trainer has 90 seconds left.
|
|t:|1647447343
|switch|p1a: Incineroar|Incineroar, M|29/100 tox
|-ability|p1a: Incineroar|Intimidate|boost
|-unboost|p2a: Weezing|atk|1
|move|p2a: Weezing|Sludge Bomb|p1a: Incineroar
|-damage|p1a: Incineroar|12/100 tox
|
|-heal|p2a: Weezing|72/100|[from] item: Black Sludge
|-damage|p1a: Incineroar|6/100 tox|[from] psn
|upkeep
|turn|35
|
|t:|1647447364
|move|p2a: Weezing|Sludge Bomb|p1a: Incineroar
|-damage|p1a: Incineroar|0 fnt
|faint|p1a: Incineroar
|
|-heal|p2a: Weezing|78/100|[from] item: Black Sludge
|upkeep
|inactive|Harvard Trainer has 60 seconds left.
|
|t:|1647447387
|switch|p1a: Heliolisk|Heliolisk, F|100/100
|turn|36
|
|t:|1647447404
|switch|p2a: Celebi|Celebi|62/100
|move|p1a: Heliolisk|Hyper Voice|p2a: Celebi
|-damage|p2a: Celebi|5/100
|
|upkeep
|turn|37
|
|t:|1647447418
|move|p1a: Heliolisk|Hyper Voice|p2a: Celebi
|-damage|p2a: Celebi|0 fnt
|faint|p2a: Celebi
|
|upkeep
|inactive|Testinganteater has 60 seconds left.
|
|t:|1647447460
|switch|p2a: Entei|Entei|100/100
|-ability|p2a: Entei|Pressure
|turn|38
|
|t:|1647447469
|switch|p1a: Flygon|Flygon, F|100/100
|move|p2a: Entei|Lava Plume|p1a: Flygon
|-resisted|p1a: Flygon
|-damage|p1a: Flygon|81/100
|
|upkeep
|turn|39
|
|t:|1647447479
|move|p2a: Entei|Protect|p2a: Entei
|-singleturn|p2a: Entei|Protect
|move|p1a: Flygon|U-turn|p2a: Entei
|-activate|p2a: Entei|move: Protect
|
|upkeep
|turn|40
|inactive|Testinganteater has 60 seconds left.
|
|t:|1647447486
|move|p1a: Flygon|U-turn|p2a: Entei
|-resisted|p2a: Entei
|-damage|p2a: Entei|91/100
|
|t:|1647447489
|switch|p1a: Golisopod|Golisopod, F|100/100|[from]move: U-turn
|move|p2a: Entei|Lava Plume|p1a: Golisopod
|-damage|p1a: Golisopod|65/100
|-status|p1a: Golisopod|brn
|
|-heal|p2a: Entei|97/100|[from] item: Leftovers
|-damage|p1a: Golisopod|59/100 brn|[from] brn
|upkeep
|turn|41
|
|t:|1647447494
|move|p2a: Entei|Protect|p2a: Entei
|-singleturn|p2a: Entei|Protect
|move|p1a: Golisopod|Liquidation|p2a: Entei
|-activate|p2a: Entei|move: Protect
|
|-heal|p2a: Entei|100/100|[from] item: Leftovers
|-damage|p1a: Golisopod|53/100 brn|[from] brn
|upkeep
|turn|42
|-message|Harvard Trainer forfeited.
|
|win|Testinganteater
|raw|Harvard Trainer's rating: 1352 &rarr; <strong>1328</strong><br />(-24 for losing)
|raw|Testinganteater's rating: 1290 &rarr; <strong>1319</strong><br />(+29 for winning)
|l|☆Harvard Trainer
|c|☆Testinganteater|gg
||Ladder isn't responding, score probably updated but might not have (Request timeout).
