|j|☆Macandchees3
|j|☆start fresh 4
|player|p1|Macandchees3|279|1673
|player|p2|start fresh 4|170|1423
|teamsize|p1|6
|teamsize|p2|6
|gametype|singles
|gen|8
|tier|[Gen 8] RU
|rated|
|clearpoke
|poke|p1|Aromatisse, M|
|poke|p1|Quagsire, F|
|poke|p1|Silvally-*|
|poke|p1|Snorlax, F|
|poke|p1|Ferroseed, M|
|poke|p1|Xatu, F|
|poke|p2|Frosmoth, M|
|poke|p2|Mudsdale, M|
|poke|p2|Xatu, F|
|poke|p2|Slurpuff, M|
|poke|p2|Scrafty, F|
|poke|p2|Vanilluxe, M|
|rule|Sleep Clause Mod: Limit one foe put to sleep
|rule|Species Clause: Limit one of each Pokémon
|rule|OHKO Clause: OHKO moves are banned
|rule|Evasion Moves Clause: Evasion moves are banned
|rule|Endless Battle Clause: Forcing endless battles is banned
|rule|HP Percentage Mod: HP is shown in percentages
|rule|Dynamax Clause: You cannot dynamax
|teampreview
|c|☆start fresh 4|if you win, do you go number 1?
|
|start
|switch|p1a: Gluttony|Snorlax, F|100/100
|switch|p2a: Mudsdale|Mudsdale, M|100/100
|turn|1
|c|☆Macandchees3|ye
|c|☆start fresh 4|gl lmao
|c|☆Macandchees3|ty
|
|switch|p2a: Xatu|Xatu, F|100/100
|move|p1a: Gluttony|Toxic|p2a: Xatu
|move|p2a: Xatu|Toxic|p1a: Gluttony|[from]Magic Bounce
|-status|p1a: Gluttony|tox
|
|-damage|p1a: Gluttony|94/100 tox|[from] psn
|upkeep
|turn|2
|
|switch|p1a: Lust|Aromatisse, M|100/100
|move|p2a: Xatu|Teleport|p2a: Xatu
|
|switch|p2a: Vanilluxe|Vanilluxe, M|100/100|[from]move: Teleport
|-weather|Hail|[from] ability: Snow Warning|[of] p2a: Vanilluxe
|
|-weather|Hail|[upkeep]
|-damage|p1a: Lust|94/100|[from] Hail
|-heal|p1a: Lust|100/100|[from] item: Leftovers
|upkeep
|turn|3
|
|switch|p1a: Gluttony|Snorlax, F|94/100 tox
|move|p2a: Vanilluxe|Blizzard|p1a: Gluttony
|-damage|p1a: Gluttony|79/100 tox
|
|-weather|Hail|[upkeep]
|-damage|p1a: Gluttony|73/100 tox|[from] Hail
|-heal|p1a: Gluttony|79/100 tox|[from] item: Leftovers
|-damage|p1a: Gluttony|73/100 tox|[from] psn
|upkeep
|turn|4
|
|move|p2a: Vanilluxe|Taunt|p1a: Gluttony
|-start|p1a: Gluttony|move: Taunt
|cant|p1a: Gluttony|move: Taunt|Toxic
|
|-weather|Hail|[upkeep]
|-damage|p1a: Gluttony|67/100 tox|[from] Hail
|-heal|p1a: Gluttony|73/100 tox|[from] item: Leftovers
|-damage|p1a: Gluttony|61/100 tox|[from] psn
|upkeep
|turn|5
|
|switch|p1a: Lust|Aromatisse, M|100/100
|move|p2a: Vanilluxe|Aurora Veil|p2a: Vanilluxe
|-sidestart|p2: start fresh 4|move: Aurora Veil
|
|-weather|Hail|[upkeep]
|-damage|p1a: Lust|94/100|[from] Hail
|-heal|p1a: Lust|100/100|[from] item: Leftovers
|upkeep
|turn|6
|
|switch|p2a: Xatu|Xatu, F|100/100
|move|p1a: Lust|Protect||[still]
|-fail|p1a: Lust
|
|-weather|none
|upkeep
|turn|7
|
|move|p1a: Lust|Aromatherapy|p1a: Lust
|-activate|p1a: Lust|move: Aromatherapy
|-curestatus|p1: Gluttony|tox|[msg]
|move|p2a: Xatu|Teleport|p2a: Xatu
|
|switch|p2a: Mudsdale|Mudsdale, M|100/100|[from]move: Teleport
|
|upkeep
|turn|8
|
|switch|p1a: Greed|Xatu, F|100/100
|move|p2a: Mudsdale|Toxic|p1a: Greed
|move|p1a: Greed|Toxic|p2a: Mudsdale|[from]Magic Bounce
|-status|p2a: Mudsdale|tox
|
|-damage|p2a: Mudsdale|94/100 tox|[from] psn
|upkeep
|turn|9
|
|switch|p2a: Vanilluxe|Vanilluxe, M|100/100
|-weather|Hail|[from] ability: Snow Warning|[of] p2a: Vanilluxe
|move|p1a: Greed|Defog|p2a: Vanilluxe
|-unboost|p2a: Vanilluxe|evasion|1
|-sideend|p2: start fresh 4|move: Aurora Veil
|
|-weather|Hail|[upkeep]
|-damage|p1a: Greed|95/100|[from] Hail
|upkeep
|turn|10
|
|switch|p1a: Gluttony|Snorlax, F|61/100
|move|p2a: Vanilluxe|Blizzard|p1a: Gluttony
|-damage|p1a: Gluttony|46/100
|-status|p1a: Gluttony|frz
|
|-weather|Hail|[upkeep]
|-damage|p1a: Gluttony|40/100 frz|[from] Hail
|-heal|p1a: Gluttony|46/100 frz|[from] item: Leftovers
|upkeep
|turn|11
|
|move|p2a: Vanilluxe|Taunt|p1a: Gluttony
|-start|p1a: Gluttony|move: Taunt
|cant|p1a: Gluttony|frz
|
|-weather|Hail|[upkeep]
|-damage|p1a: Gluttony|40/100 frz|[from] Hail
|-heal|p1a: Gluttony|46/100 frz|[from] item: Leftovers
|upkeep
|turn|12
|
|switch|p2a: Slurpuff|Slurpuff, M|100/100
|switch|p1a: Pride|Ferroseed, M|100/100
|
|-weather|Hail|[upkeep]
|-damage|p2a: Slurpuff|94/100|[from] Hail
|-damage|p1a: Pride|94/100|[from] Hail
|upkeep
|turn|13
|
|switch|p2a: Xatu|Xatu, F|100/100
|move|p1a: Pride|Knock Off|p2a: Xatu
|-supereffective|p2a: Xatu
|-damage|p2a: Xatu|74/100
|-enditem|p2a: Xatu|Heavy-Duty Boots|[from] move: Knock Off|[of] p1a: Pride
|
|-weather|none
|upkeep
|turn|14
|
|switch|p1a: Lust|Aromatisse, M|100/100
|move|p2a: Xatu|Teleport|p2a: Xatu
|
|switch|p2a: Frosmoth|Frosmoth, M|100/100|[from]move: Teleport
|
|upkeep
|turn|15
|
|switch|p1a: Wrath|Silvally-Poison|100/100
|move|p2a: Frosmoth|Quiver Dance|p2a: Frosmoth
|-boost|p2a: Frosmoth|spa|1
|-boost|p2a: Frosmoth|spd|1
|-boost|p2a: Frosmoth|spe|1
|
|upkeep
|turn|16
|
|move|p2a: Frosmoth|Ice Beam|p1a: Wrath
|-crit|p1a: Wrath
|-damage|p1a: Wrath|21/100
|move|p1a: Wrath|Parting Shot|p2a: Frosmoth
|-unboost|p2a: Frosmoth|atk|1
|-unboost|p2a: Frosmoth|spa|1
|
|switch|p1a: Pride|Ferroseed, M|94/100|[from]move: Parting Shot
|
|upkeep
|turn|17
|
|switch|p2a: Xatu|Xatu, F|74/100
|move|p1a: Pride|Toxic|p2a: Xatu
|move|p2a: Xatu|Toxic|p1a: Pride|[from]Magic Bounce
|-immune|p1a: Pride
|
|upkeep
|turn|18
|
|switch|p1a: Lust|Aromatisse, M|100/100
|move|p2a: Xatu|Teleport|p2a: Xatu
|
|switch|p2a: Frosmoth|Frosmoth, M|100/100|[from]move: Teleport
|
|upkeep
|turn|19
|
|switch|p1a: Pride|Ferroseed, M|94/100
|move|p2a: Frosmoth|Quiver Dance|p2a: Frosmoth
|-boost|p2a: Frosmoth|spa|1
|-boost|p2a: Frosmoth|spd|1
|-boost|p2a: Frosmoth|spe|1
|
|upkeep
|turn|20
|
|switch|p2a: Xatu|Xatu, F|74/100
|move|p1a: Pride|Toxic|p2a: Xatu
|move|p2a: Xatu|Toxic|p1a: Pride|[from]Magic Bounce
|-immune|p1a: Pride
|
|upkeep
|turn|21
|
|switch|p1a: Lust|Aromatisse, M|100/100
|move|p2a: Xatu|Teleport|p2a: Xatu
|
|switch|p2a: Frosmoth|Frosmoth, M|100/100|[from]move: Teleport
|
|upkeep
|turn|22
|
|switch|p1a: Pride|Ferroseed, M|94/100
|move|p2a: Frosmoth|Ice Beam|p1a: Pride
|-damage|p1a: Pride|65/100
|
|upkeep
|turn|23
|
|switch|p2a: Xatu|Xatu, F|74/100
|switch|p1a: Lust|Aromatisse, M|100/100
|
|upkeep
|turn|24
|
|move|p2a: Xatu|Calm Mind|p2a: Xatu
|-boost|p2a: Xatu|spa|1
|-boost|p2a: Xatu|spd|1
|move|p1a: Lust|Moonblast|p2a: Xatu
|-damage|p2a: Xatu|45/100
|
|upkeep
|turn|25
|
|move|p2a: Xatu|Roost|p2a: Xatu
|-heal|p2a: Xatu|95/100
|-singleturn|p2a: Xatu|move: Roost
|move|p1a: Lust|Moonblast|p2a: Xatu
|-damage|p2a: Xatu|66/100
|-unboost|p2a: Xatu|spa|1
|
|upkeep
|turn|26
|
|move|p2a: Xatu|Calm Mind|p2a: Xatu
|-boost|p2a: Xatu|spa|1
|-boost|p2a: Xatu|spd|1
|move|p1a: Lust|Moonblast|p2a: Xatu
|-damage|p2a: Xatu|45/100
|-unboost|p2a: Xatu|spa|1
|
|upkeep
|turn|27
|
|move|p2a: Xatu|Calm Mind|p2a: Xatu
|-boost|p2a: Xatu|spa|1
|-boost|p2a: Xatu|spd|1
|move|p1a: Lust|Wish|p1a: Lust
|
|upkeep
|turn|28
|
|switch|p1a: Sloth|Quagsire, F|100/100
|move|p2a: Xatu|Stored Power|p1a: Sloth
|-damage|p1a: Sloth|59/100
|
|-heal|p1a: Sloth|100/100|[from] move: Wish|[wisher] Lust
|upkeep
|turn|29
|
|move|p2a: Xatu|Roost|p2a: Xatu
|-heal|p2a: Xatu|95/100
|-singleturn|p2a: Xatu|move: Roost
|move|p1a: Sloth|Haze|p1a: Sloth
|-clearallboost
|
|upkeep
|turn|30
|
|switch|p1a: Lust|Aromatisse, M|100/100
|move|p2a: Xatu|Calm Mind|p2a: Xatu
|-boost|p2a: Xatu|spa|1
|-boost|p2a: Xatu|spd|1
|
|upkeep
|turn|31
|
|move|p2a: Xatu|Calm Mind|p2a: Xatu
|-boost|p2a: Xatu|spa|1
|-boost|p2a: Xatu|spd|1
|move|p1a: Lust|Wish|p1a: Lust
|
|upkeep
|turn|32
|
|switch|p1a: Pride|Ferroseed, M|65/100
|move|p2a: Xatu|Calm Mind|p2a: Xatu
|-boost|p2a: Xatu|spa|1
|-boost|p2a: Xatu|spd|1
|
|-heal|p1a: Pride|100/100|[from] move: Wish|[wisher] Lust
|upkeep
|turn|33
|
|switch|p1a: Sloth|Quagsire, F|100/100
|move|p2a: Xatu|Calm Mind|p2a: Xatu
|-boost|p2a: Xatu|spa|1
|-boost|p2a: Xatu|spd|1
|
|upkeep
|turn|34
|
|move|p2a: Xatu|Stored Power|p1a: Sloth
|-damage|p1a: Sloth|23/100
|move|p1a: Sloth|Haze|p1a: Sloth
|-clearallboost
|
|-heal|p1a: Sloth|29/100|[from] item: Leftovers
|upkeep
|turn|35
|
|switch|p2a: Vanilluxe|Vanilluxe, M|100/100
|-weather|Hail|[from] ability: Snow Warning|[of] p2a: Vanilluxe
|move|p1a: Sloth|Recover|p1a: Sloth
|-heal|p1a: Sloth|79/100
|
|-weather|Hail|[upkeep]
|-damage|p1a: Sloth|73/100|[from] Hail
|-heal|p1a: Sloth|79/100|[from] item: Leftovers
|upkeep
|turn|36
|
|switch|p1a: Lust|Aromatisse, M|100/100
|move|p2a: Vanilluxe|Blizzard|p1a: Lust
|-damage|p1a: Lust|54/100
|
|-weather|Hail|[upkeep]
|-damage|p1a: Lust|48/100|[from] Hail
|-heal|p1a: Lust|54/100|[from] item: Leftovers
|upkeep
|turn|37
|
|move|p2a: Vanilluxe|Blizzard|p1a: Lust
|-damage|p1a: Lust|3/100
|-status|p1a: Lust|frz
|cant|p1a: Lust|frz
|
|-weather|Hail|[upkeep]
|-damage|p1a: Lust|0 fnt|[from] Hail
|faint|p1a: Lust
|upkeep
|c|☆start fresh 4|man im so sorry
|
|switch|p1a: Pride|Ferroseed, M|100/100
|turn|38
|
|switch|p2a: Xatu|Xatu, F|95/100
|move|p1a: Pride|Knock Off|p2a: Xatu
|-supereffective|p2a: Xatu
|-damage|p2a: Xatu|77/100
|
|-weather|Hail|[upkeep]
|-damage|p2a: Xatu|71/100|[from] Hail
|-damage|p1a: Pride|94/100|[from] Hail
|upkeep
|turn|39
|
|move|p1a: Pride|Knock Off|p2a: Xatu
|-supereffective|p2a: Xatu
|-damage|p2a: Xatu|54/100
|move|p2a: Xatu|Teleport|p2a: Xatu
|
|switch|p2a: Scrafty|Scrafty, F|100/100|[from]move: Teleport
|
|-weather|none
|upkeep
|turn|40
|
|move|p2a: Scrafty|Close Combat|p1a: Pride
|-supereffective|p1a: Pride
|-damage|p1a: Pride|9/100
|-unboost|p2a: Scrafty|def|1
|-unboost|p2a: Scrafty|spd|1
|-damage|p2a: Scrafty|88/100|[from] ability: Iron Barbs|[of] p1a: Pride
|move|p1a: Pride|Stealth Rock|p2a: Scrafty
|-sidestart|p2: start fresh 4|move: Stealth Rock
|
|upkeep
|turn|41
|
|switch|p1a: Sloth|Quagsire, F|79/100
|move|p2a: Scrafty|Drain Punch|p1a: Sloth
|-damage|p1a: Sloth|58/100
|-heal|p2a: Scrafty|100/100|[from] drain|[of] p1a: Sloth
|
|-heal|p1a: Sloth|64/100|[from] item: Leftovers
|upkeep
|turn|42
|
|move|p2a: Scrafty|Knock Off|p1a: Sloth
|-damage|p1a: Sloth|36/100
|-enditem|p1a: Sloth|Leftovers|[from] move: Knock Off|[of] p2a: Scrafty
|move|p1a: Sloth|Recover|p1a: Sloth
|-heal|p1a: Sloth|86/100
|
|upkeep
|turn|43
|
|switch|p2a: Xatu|Xatu, F|54/100
|-damage|p2a: Xatu|29/100|[from] Stealth Rock
|move|p1a: Sloth|Scald|p2a: Xatu
|-damage|p2a: Xatu|5/100
|
|upkeep
|turn|44
|
|move|p2a: Xatu|Roost|p2a: Xatu
|-heal|p2a: Xatu|55/100
|-singleturn|p2a: Xatu|move: Roost
|move|p1a: Sloth|Scald|p2a: Xatu
|-damage|p2a: Xatu|31/100
|
|upkeep
|turn|45
|
|move|p2a: Xatu|Roost|p2a: Xatu
|-heal|p2a: Xatu|81/100
|-singleturn|p2a: Xatu|move: Roost
|move|p1a: Sloth|Scald|p2a: Xatu
|-damage|p2a: Xatu|58/100
|
|upkeep
|turn|46
|
|move|p2a: Xatu|Roost|p2a: Xatu
|-heal|p2a: Xatu|100/100
|-singleturn|p2a: Xatu|move: Roost
|move|p1a: Sloth|Scald|p2a: Xatu
|-damage|p2a: Xatu|78/100
|-status|p2a: Xatu|brn
|
|-damage|p2a: Xatu|72/100 brn|[from] brn
|upkeep
|turn|47
|
|switch|p2a: Mudsdale|Mudsdale, M|94/100 tox
|-damage|p2a: Mudsdale|88/100 tox|[from] Stealth Rock
|move|p1a: Sloth|Scald|p2a: Mudsdale
|-supereffective|p2a: Mudsdale
|-crit|p2a: Mudsdale
|-damage|p2a: Mudsdale|44/100 tox
|-ability|p2a: Mudsdale|Stamina|boost
|-boost|p2a: Mudsdale|def|1
|
|-heal|p2a: Mudsdale|50/100 tox|[from] item: Leftovers
|-damage|p2a: Mudsdale|44/100 tox|[from] psn
|upkeep
|turn|48
|
|switch|p1a: Greed|Xatu, F|95/100
|move|p2a: Mudsdale|Stealth Rock|p1a: Greed
|move|p1a: Greed|Stealth Rock||[from]Magic Bounce|[still]
|-fail|p1a: Greed
|
|-heal|p2a: Mudsdale|50/100 tox|[from] item: Leftovers
|-damage|p2a: Mudsdale|37/100 tox|[from] psn
|upkeep
|turn|49
|
|switch|p2a: Xatu|Xatu, F|72/100 brn
|-damage|p2a: Xatu|47/100 brn|[from] Stealth Rock
|move|p1a: Greed|Psychic|p2a: Xatu
|-resisted|p2a: Xatu
|-damage|p2a: Xatu|27/100 brn
|
|-damage|p2a: Xatu|21/100 brn|[from] brn
|upkeep
|turn|50
|
|move|p1a: Greed|Heat Wave|p2a: Xatu
|-damage|p2a: Xatu|0 fnt
|faint|p2a: Xatu
|
|upkeep
|
|switch|p2a: Vanilluxe|Vanilluxe, M|100/100
|-damage|p2a: Vanilluxe|76/100|[from] Stealth Rock
|-weather|Hail|[from] ability: Snow Warning|[of] p2a: Vanilluxe
|turn|51
|
|move|p1a: Greed|Heat Wave|p2a: Vanilluxe
|-supereffective|p2a: Vanilluxe
|-damage|p2a: Vanilluxe|19/100
|-status|p2a: Vanilluxe|brn
|move|p2a: Vanilluxe|Blizzard|p1a: Greed
|-supereffective|p1a: Greed
|-damage|p1a: Greed|0 fnt
|faint|p1a: Greed
|
|-weather|Hail|[upkeep]
|-damage|p2a: Vanilluxe|13/100 brn|[from] brn
|upkeep
|
|switch|p1a: Gluttony|Snorlax, F|46/100 frz
|turn|52
|
|move|p2a: Vanilluxe|Taunt|p1a: Gluttony
|-start|p1a: Gluttony|move: Taunt
|cant|p1a: Gluttony|frz
|
|-weather|Hail|[upkeep]
|-damage|p1a: Gluttony|40/100 frz|[from] Hail
|-heal|p1a: Gluttony|46/100 frz|[from] item: Leftovers
|-damage|p2a: Vanilluxe|7/100 brn|[from] brn
|upkeep
|turn|53
|
|move|p2a: Vanilluxe|Aurora Veil|p2a: Vanilluxe
|-sidestart|p2: start fresh 4|move: Aurora Veil
|cant|p1a: Gluttony|frz
|
|-weather|Hail|[upkeep]
|-damage|p1a: Gluttony|40/100 frz|[from] Hail
|-heal|p1a: Gluttony|46/100 frz|[from] item: Leftovers
|-damage|p2a: Vanilluxe|1/100 brn|[from] brn
|upkeep
|turn|54
|
|move|p2a: Vanilluxe|Blizzard|p1a: Gluttony
|-damage|p1a: Gluttony|30/100 frz
|cant|p1a: Gluttony|frz
|
|-weather|Hail|[upkeep]
|-damage|p1a: Gluttony|24/100 frz|[from] Hail
|-heal|p1a: Gluttony|30/100 frz|[from] item: Leftovers
|-damage|p2a: Vanilluxe|0 fnt|[from] brn
|faint|p2a: Vanilluxe
|-end|p1a: Gluttony|move: Taunt
|upkeep
|
|switch|p2a: Scrafty|Scrafty, F|100/100
|-damage|p2a: Scrafty|95/100|[from] Stealth Rock
|turn|55
|
|switch|p1a: Sloth|Quagsire, F|86/100
|move|p2a: Scrafty|Close Combat|p1a: Sloth
|-damage|p1a: Sloth|53/100
|-unboost|p2a: Scrafty|def|1
|-unboost|p2a: Scrafty|spd|1
|
|-weather|none
|upkeep
|turn|56
|
|switch|p2a: Frosmoth|Frosmoth, M|100/100
|move|p1a: Sloth|Recover|p1a: Sloth
|-heal|p1a: Sloth|100/100
|
|upkeep
|turn|57
|
|move|p2a: Frosmoth|Ice Beam|p1a: Sloth
|-damage|p1a: Sloth|47/100
|-status|p1a: Sloth|frz
|-curestatus|p1a: Sloth|frz|[from] move: Scald
|move|p1a: Sloth|Scald|p2a: Frosmoth
|-damage|p2a: Frosmoth|95/100
|
|upkeep
|turn|58
|
|switch|p1a: Pride|Ferroseed, M|9/100
|move|p2a: Frosmoth|Ice Beam|p1a: Pride
|-damage|p1a: Pride|0 fnt
|faint|p1a: Pride
|
|upkeep
|
|switch|p1a: Gluttony|Snorlax, F|30/100 frz
|turn|59
|
|move|p2a: Frosmoth|Bug Buzz|p1a: Gluttony
|-damage|p1a: Gluttony|5/100 frz
|cant|p1a: Gluttony|frz
|
|-heal|p1a: Gluttony|11/100 frz|[from] item: Leftovers
|upkeep
|turn|60
|
|move|p2a: Frosmoth|Bug Buzz|p1a: Gluttony
|-damage|p1a: Gluttony|0 fnt
|faint|p1a: Gluttony
|
|-sideend|p2: start fresh 4|move: Aurora Veil
|upkeep
|
|switch|p1a: Wrath|Silvally-Poison|21/100
|turn|61
|
|switch|p2a: Mudsdale|Mudsdale, M|37/100 tox
|-damage|p2a: Mudsdale|31/100 tox|[from] Stealth Rock
|move|p1a: Wrath|Flamethrower|p2a: Mudsdale
|-damage|p2a: Mudsdale|12/100 tox
|-ability|p2a: Mudsdale|Stamina|boost
|-boost|p2a: Mudsdale|def|1
|
|-heal|p2a: Mudsdale|19/100 tox|[from] item: Leftovers
|-damage|p2a: Mudsdale|12/100 tox|[from] psn
|upkeep
|turn|62
|
|move|p1a: Wrath|Flamethrower|p2a: Mudsdale
|-damage|p2a: Mudsdale|0 fnt
|faint|p2a: Mudsdale
|
|upkeep
|
|switch|p2a: Scrafty|Scrafty, F|95/100
|-damage|p2a: Scrafty|89/100|[from] Stealth Rock
|turn|63
|
|switch|p2a: Frosmoth|Frosmoth, M|95/100
|move|p1a: Wrath|Parting Shot|p2a: Frosmoth
|-unboost|p2a: Frosmoth|atk|1
|-unboost|p2a: Frosmoth|spa|1
|
|switch|p1a: Sloth|Quagsire, F|47/100|[from]move: Parting Shot
|
|upkeep
|turn|64
|
|move|p2a: Frosmoth|Ice Beam|p1a: Sloth
|-damage|p1a: Sloth|0 fnt
|faint|p1a: Sloth
|
|upkeep
|
|switch|p1a: Wrath|Silvally-Poison|21/100
|turn|65
|
|move|p2a: Frosmoth|Ice Beam|p1a: Wrath
|-damage|p1a: Wrath|0 fnt
|faint|p1a: Wrath
|
|win|start fresh 4
|l|☆Macandchees3
|raw|Macandchees3's rating: 1674 &rarr; <strong>1641</strong><br />(-33 for losing)
|raw|start fresh 4's rating: 1423 &rarr; <strong>1455</strong><br />(+32 for winning)
|c|☆start fresh 4|damn so sorry bout hax
