|raw|<div class="broadcast-blue"><strong>This battle is required to be public due to a player having a name starting with 'rult60'.</div>
|j|☆RULT60xFB
|j|☆RULT60G K
|t:|1654573002
|gametype|singles
|player|p1|RULT60xFB|red|1612
|player|p2|RULT60G K|teacher-gen2|1646
|teamsize|p1|6
|teamsize|p2|6
|gen|8
|tier|[Gen 8] RU
|rated|
|rule|Sleep Clause Mod: Limit one foe put to sleep
|rule|Species Clause: Limit one of each Pokémon
|rule|OHKO Clause: OHKO moves are banned
|rule|Evasion Moves Clause: Evasion moves are banned
|rule|Endless Battle Clause: Forcing endless battles is banned
|rule|HP Percentage Mod: HP is shown in percentages
|rule|Dynamax Clause: You cannot dynamax
|clearpoke
|poke|p1|Xurkitree|
|poke|p1|Toxicroak, M|
|poke|p1|Steelix, M|
|poke|p1|Golisopod, M|
|poke|p1|Noivern, M|
|poke|p1|Gardevoir, F|
|poke|p2|Politoed, M|
|poke|p2|Tornadus, M|
|poke|p2|Seismitoad, M|
|poke|p2|Kingdra, M|
|poke|p2|Klefki, M|
|poke|p2|Toxicroak, F|
|teampreview
|inactive|Battle timer is ON: inactive players will automatically lose when time's up. (requested by RULT60G K)
|j| laurel hell
|c|☆RULT60G K|nooo
|c|☆RULT60xFB|hf
|inactive|RULT60G K has 120 seconds left.
|
|t:|1654573034
|start
|switch|p1a: Xurkitree|Xurkitree|100/100
|switch|p2a: Politoed|Politoed, M|100/100
|-weather|RainDance|[from] ability: Drizzle|[of] p2a: Politoed
|turn|1
|j| RULT60a eifo
|j| Expulso
|
|t:|1654573038
|switch|p2a: Klefki|Klefki, M|100/100
|move|p1a: Xurkitree|Energy Ball|p2a: Klefki
|-resisted|p2a: Klefki
|-damage|p2a: Klefki|78/100
|-enditem|p2a: Klefki|Eject Button
|
|t:|1654573049
|switch|p2a: Seismitoad|Seismitoad, M|100/100
|
|-weather|RainDance|[upkeep]
|upkeep
|turn|2
|
|t:|1654573052
|switch|p1a: Golisopod|Golisopod, M|100/100
|move|p2a: Seismitoad|Liquidation|p1a: Golisopod
|-resisted|p1a: Golisopod
|-damage|p1a: Golisopod|71/100
|-damage|p2a: Seismitoad|91/100|[from] item: Life Orb
|
|-weather|RainDance|[upkeep]
|upkeep
|turn|3
|j| Scout Alfred
|
|t:|1654573059
|switch|p2a: Tornadus|Tornadus, M|100/100
|move|p1a: Golisopod|Spikes|p2a: Tornadus
|-sidestart|p2: RULT60G K|Spikes
|
|-weather|RainDance|[upkeep]
|upkeep
|turn|4
|
|t:|1654573064
|switch|p1a: Noivern|Noivern, M|100/100
|move|p2a: Tornadus|Hurricane|p1a: Noivern
|-damage|p1a: Noivern|33/100
|-start|p1a: Noivern|confusion
|
|-weather|RainDance|[upkeep]
|upkeep
|turn|5
|
|t:|1654573070
|switch|p1a: Steelix|Steelix, M|100/100
|move|p2a: Tornadus|Hurricane|p1a: Steelix
|-resisted|p1a: Steelix
|-damage|p1a: Steelix|75/100
|
|-weather|RainDance|[upkeep]
|-heal|p1a: Steelix|82/100|[from] item: Leftovers
|upkeep
|turn|6
|c|☆RULT60xFB|yep
|c|☆RULT60xFB|risked
|
|t:|1654573080
|switch|p1a: Golisopod|Golisopod, M|71/100
|move|p2a: Tornadus|Weather Ball|p1a: Golisopod
|-resisted|p1a: Golisopod
|-damage|p1a: Golisopod|43/100
|-activate|p1a: Golisopod|ability: Emergency Exit
|
|t:|1654573082
|switch|p1a: Noivern|Noivern, M|33/100
|
|-weather|RainDance|[upkeep]
|upkeep
|turn|7
|l| Expulso
|inactive|RULT60G K has 120 seconds left.
|
|t:|1654573114
|move|p1a: Noivern|Draco Meteor|p2a: Tornadus
|-damage|p2a: Tornadus|20/100
|-unboost|p1a: Noivern|spa|2
|move|p2a: Tornadus|Hurricane|p1a: Noivern
|-damage|p1a: Noivern|0 fnt
|faint|p1a: Noivern
|
|-weather|RainDance|[upkeep]
|upkeep
|j| Expulso
|
|t:|1654573126
|switch|p1a: Gardevoir|Gardevoir, F|100/100
|-ability|p1a: Gardevoir|Defiant|[from] ability: Trace|[of] p2a: Tornadus
|turn|8
|
|t:|1654573133
|switch|p2a: Klefki|Klefki, M|78/100
|-damage|p2a: Klefki|66/100|[from] Spikes
|move|p1a: Gardevoir|Moonblast|p2a: Klefki
|-resisted|p2a: Klefki
|-damage|p2a: Klefki|35/100
|
|-weather|none
|upkeep
|turn|9
|
|t:|1654573140
|switch|p1a: Steelix|Steelix, M|82/100
|move|p2a: Klefki|Thunder Wave|p1a: Steelix
|-immune|p1a: Steelix
|
|-heal|p1a: Steelix|88/100|[from] item: Leftovers
|upkeep
|turn|10
|
|t:|1654573142
|switch|p2a: Politoed|Politoed, M|100/100
|-damage|p2a: Politoed|88/100|[from] Spikes
|-weather|RainDance|[from] ability: Drizzle|[of] p2a: Politoed
|move|p1a: Steelix|Stealth Rock|p2a: Politoed
|-sidestart|p2: RULT60G K|move: Stealth Rock
|
|-weather|RainDance|[upkeep]
|-heal|p1a: Steelix|94/100|[from] item: Leftovers
|upkeep
|turn|11
|
|t:|1654573148
|switch|p2a: Tornadus|Tornadus, M|20/100
|switch|p1a: Xurkitree|Xurkitree|100/100
|
|-weather|RainDance|[upkeep]
|upkeep
|turn|12
|
|t:|1654573152
|move|p2a: Tornadus|Weather Ball|p1a: Xurkitree
|-damage|p1a: Xurkitree|22/100
|move|p1a: Xurkitree|Dazzling Gleam|p2a: Tornadus
|-damage|p2a: Tornadus|0 fnt
|faint|p2a: Tornadus
|-ability|p1a: Xurkitree|Beast Boost|boost
|-boost|p1a: Xurkitree|spa|1
|
|-weather|RainDance|[upkeep]
|upkeep
|
|t:|1654573166
|switch|p2a: Seismitoad|Seismitoad, M|91/100
|-damage|p2a: Seismitoad|78/100|[from] Spikes
|-damage|p2a: Seismitoad|72/100|[from] Stealth Rock
|turn|13
|j| amphareixon
|
|t:|1654573186
|switch|p1a: Golisopod|Golisopod, M|43/100
|move|p2a: Seismitoad|Earthquake|p1a: Golisopod
|-resisted|p1a: Golisopod
|-damage|p1a: Golisopod|22/100
|-damage|p2a: Seismitoad|62/100|[from] item: Life Orb
|
|-weather|RainDance|[upkeep]
|upkeep
|turn|14
|
|t:|1654573195
|switch|p2a: Toxicroak|Toxicroak, F|100/100
|-damage|p2a: Toxicroak|88/100|[from] Spikes
|-damage|p2a: Toxicroak|82/100|[from] Stealth Rock
|move|p1a: Golisopod|Knock Off|p2a: Toxicroak
|-resisted|p2a: Toxicroak
|-damage|p2a: Toxicroak|54/100
|-enditem|p2a: Toxicroak|Black Sludge|[from] move: Knock Off|[of] p1a: Golisopod
|
|-weather|RainDance|[upkeep]
|-heal|p2a: Toxicroak|66/100|[from] ability: Dry Skin
|upkeep
|turn|15
|
|t:|1654573202
|switch|p1a: Steelix|Steelix, M|94/100
|move|p2a: Toxicroak|Swords Dance|p2a: Toxicroak
|-boost|p2a: Toxicroak|atk|2
|
|-weather|RainDance|[upkeep]
|-heal|p2a: Toxicroak|78/100|[from] ability: Dry Skin
|-heal|p1a: Steelix|99/100|[from] item: Leftovers
|upkeep
|turn|16
|
|t:|1654573204
|move|p2a: Toxicroak|Drain Punch|p1a: Steelix
|-supereffective|p1a: Steelix
|-damage|p1a: Steelix|23/100
|-heal|p2a: Toxicroak|100/100|[from] drain|[of] p1a: Steelix
|move|p1a: Steelix|Earthquake|p2a: Toxicroak
|-supereffective|p2a: Toxicroak
|-damage|p2a: Toxicroak|9/100
|
|-weather|RainDance|[upkeep]
|-heal|p2a: Toxicroak|21/100|[from] ability: Dry Skin
|-heal|p1a: Steelix|30/100|[from] item: Leftovers
|upkeep
|turn|17
|
|t:|1654573211
|move|p2a: Toxicroak|Drain Punch|p1a: Steelix
|-supereffective|p1a: Steelix
|-damage|p1a: Steelix|0 fnt
|-heal|p2a: Toxicroak|38/100|[from] drain|[of] p1a: Steelix
|faint|p1a: Steelix
|
|-weather|none
|upkeep
|
|t:|1654573239
|switch|p1a: Gardevoir|Gardevoir, F|100/100
|-ability|p1a: Gardevoir|Dry Skin|[from] ability: Trace|[of] p2a: Toxicroak
|turn|18
|
|t:|1654573249
|move|p2a: Toxicroak|Sucker Punch|p1a: Gardevoir
|-damage|p1a: Gardevoir|24/100
|move|p1a: Gardevoir|Moonblast|p2a: Toxicroak
|-damage|p2a: Toxicroak|0 fnt
|faint|p2a: Toxicroak
|
|upkeep
|
|t:|1654573260
|switch|p2a: Politoed|Politoed, M|88/100
|-damage|p2a: Politoed|76/100|[from] Spikes
|-damage|p2a: Politoed|64/100|[from] Stealth Rock
|-weather|RainDance|[from] ability: Drizzle|[of] p2a: Politoed
|turn|19
|j| RULT60d ugenou
|inactive|RULT60G K has 120 seconds left.
|
|t:|1654573296
|move|p1a: Gardevoir|Moonblast|p2a: Politoed
|-damage|p2a: Politoed|24/100
|move|p2a: Politoed|Toxic|p1a: Gardevoir
|-status|p1a: Gardevoir|tox
|
|-weather|RainDance|[upkeep]
|-heal|p1a: Gardevoir|36/100 tox|[from] ability: Dry Skin
|-damage|p1a: Gardevoir|30/100 tox|[from] psn
|upkeep
|turn|20
|inactive|RULT60G K has 120 seconds left.
|inactive|RULT60G K has 90 seconds left.
|
|t:|1654573339
|move|p1a: Gardevoir|Moonblast|p2a: Politoed
|-damage|p2a: Politoed|0 fnt
|faint|p2a: Politoed
|
|-weather|RainDance|[upkeep]
|-heal|p1a: Gardevoir|42/100 tox|[from] ability: Dry Skin
|-damage|p1a: Gardevoir|30/100 tox|[from] psn
|upkeep
|
|t:|1654573347
|switch|p2a: Klefki|Klefki, M|35/100
|-damage|p2a: Klefki|23/100|[from] Spikes
|-damage|p2a: Klefki|17/100|[from] Stealth Rock
|turn|21
|
|t:|1654573350
|move|p2a: Klefki|Spikes|p1a: Gardevoir
|-sidestart|p1: RULT60xFB|Spikes
|move|p1a: Gardevoir|Moonblast|p2a: Klefki
|-resisted|p2a: Klefki
|-damage|p2a: Klefki|0 fnt
|faint|p2a: Klefki
|
|-weather|RainDance|[upkeep]
|-heal|p1a: Gardevoir|42/100 tox|[from] ability: Dry Skin
|-damage|p1a: Gardevoir|24/100 tox|[from] psn
|upkeep
|inactive|RULT60G K has 90 seconds left.
|j|@EviGaro
|inactive|RULT60G K has 60 seconds left.
|c|☆RULT60G K|man u really making me ladder more
|c|☆RULT60xFB|ya
|c|☆RULT60xFB|I need the points too
|inactive|RULT60G K has 30 seconds left.
|
|t:|1654573429
|switch|p2a: Kingdra|Kingdra, M|100/100
|-damage|p2a: Kingdra|88/100|[from] Spikes
|-damage|p2a: Kingdra|76/100|[from] Stealth Rock
|turn|22
|
|t:|1654573433
|move|p2a: Kingdra|Hurricane|p1a: Gardevoir
|-damage|p1a: Gardevoir|0 fnt
|faint|p1a: Gardevoir
|
|-weather|RainDance|[upkeep]
|upkeep
|
|t:|1654573442
|switch|p1a: Golisopod|Golisopod, M|22/100
|turn|23
|j| Lunala
|
|t:|1654573455
|move|p1a: Golisopod|First Impression|p2a: Kingdra
|-damage|p2a: Kingdra|19/100
|move|p2a: Kingdra|Hurricane|p1a: Golisopod
|-supereffective|p1a: Golisopod
|-damage|p1a: Golisopod|0 fnt
|faint|p1a: Golisopod
|
|-weather|RainDance|[upkeep]
|upkeep
|
|t:|1654573459
|switch|p1a: Toxicroak|Toxicroak, M|100/100
|-damage|p1a: Toxicroak|88/100|[from] Spikes
|turn|24
|c|☆RULT60xFB|wait
|c|☆RULT60G K|thx for the choke man
|c|@EviGaro|why did you
|c|☆RULT60G K|lmao
|c|@EviGaro|LMFAO
|c|☆RULT60xFB|ur scarf kingdra
|c|☆RULT60xFB|LOOL
|c|☆RULT60G K|no
|c|@EviGaro|,....
|c|@EviGaro|oh my go
|c|☆RULT60xFB|OH
|c|@EviGaro|OH MY GOD
|c|☆RULT60xFB|I TRACED
|c|@EviGaro|THE THROW
|c|☆RULT60xFB|WRONG
|inactive|RULT60xFB has 120 seconds left.
|
|t:|1654573513
|move|p1a: Toxicroak|Sucker Punch|p2a: Kingdra
|-damage|p2a: Kingdra|0 fnt
|faint|p2a: Kingdra
|-damage|p1a: Toxicroak|78/100|[from] item: Life Orb
|
|-weather|RainDance|[upkeep]
|-heal|p1a: Toxicroak|91/100|[from] ability: Dry Skin
|upkeep
|
|t:|1654573518
|switch|p2a: Seismitoad|Seismitoad, M|62/100
|-damage|p2a: Seismitoad|50/100|[from] Spikes
|-damage|p2a: Seismitoad|44/100|[from] Stealth Rock
|turn|25
|inactive|RULT60G K has 60 seconds left.
|
|t:|1654573525
|switch|p1a: Xurkitree|Xurkitree|22/100
|move|p2a: Seismitoad|Earthquake|p1a: Xurkitree
|-supereffective|p1a: Xurkitree
|-damage|p1a: Xurkitree|0 fnt
|faint|p1a: Xurkitree
|-damage|p2a: Seismitoad|34/100|[from] item: Life Orb
|
|-weather|RainDance|[upkeep]
|upkeep
|
|t:|1654573527
|switch|p1a: Toxicroak|Toxicroak, M|91/100
|-damage|p1a: Toxicroak|78/100|[from] Spikes
|turn|26
|c|☆RULT60xFB|this is
|c|☆RULT60xFB|still a roll
|inactive|RULT60xFB has 120 seconds left.
|
|t:|1654573534
|move|p1a: Toxicroak|Sucker Punch|p2a: Seismitoad
|-crit|p2a: Seismitoad
|-damage|p2a: Seismitoad|0 fnt
|faint|p2a: Seismitoad
|-damage|p1a: Toxicroak|69/100|[from] item: Life Orb
|
|win|RULT60xFB
|raw|RULT60xFB's rating: 1612 &rarr; <strong>1634</strong><br />(+22 for winning)
|raw|RULT60G K's rating: 1646 &rarr; <strong>1624</strong><br />(-22 for losing)
|c|@EviGaro|,
|c|☆RULT60xFB|gg
|l| laurel hell
|c|☆RULT60G K|cmon
|l|@EviGaro
|c|☆RULT60G K|nooo
|c|☆RULT60xFB|252 Atk Life Orb Toxicroak Sucker Punch vs. 0 HP / 0 Def Seismitoad: 110-130 (31.3 - 37%) -- 82.4% chance to 3HKO
|c|☆RULT60xFB|mostly in my favor
|l| Lunala
|l|☆RULT60xFB
||Ladder isn't responding, score probably updated but might not have (Request timeout).
|j| laurel hell
|l| amphareixon
|l| laurel hell
|l| Scout Alfred
|l| Expulso
|l| RULT60a eifo
