|j|☆Shanubiki
|j|☆Blazikpro
|t:|1620674808
|gametype|singles
|player|p1|Shanubiki|koga|1146
|player|p2|Blazikpro|cynthia-gen4|1065
|teamsize|p1|6
|teamsize|p2|6
|gen|8
|tier|[Gen 8] RU
|rated|
|rule|Sleep Clause Mod: Limit one foe put to sleep
|rule|Species Clause: Limit one of each Pokémon
|rule|OHKO Clause: OHKO moves are banned
|rule|Evasion Moves Clause: Evasion moves are banned
|rule|Endless Battle Clause: Forcing endless battles is banned
|rule|HP Percentage Mod: HP is shown in percentages
|rule|Dynamax Clause: You cannot dynamax
|clearpoke
|poke|p1|Registeel|
|poke|p1|Volcanion|
|poke|p1|Noivern, F|
|poke|p1|Zarude|
|poke|p1|Marowak-Alola, F|
|poke|p1|Sharpedo, M|
|poke|p2|Mawile, M|
|poke|p2|Gourgeist-*, M|
|poke|p2|Coalossal, M|
|poke|p2|Dottler, M|
|poke|p2|Golisopod, M|
|poke|p2|Pincurchin, M|
|teampreview
|
|t:|1620674823
|start
|switch|p1a: je suis décédé|Marowak-Alola, F|100/100
|switch|p2a: Pincurchin|Pincurchin, M, shiny|100/100
|-fieldstart|move: Electric Terrain|[from] ability: Electric Surge|[of] p2a: Pincurchin
|turn|1
|inactive|Battle timer is ON: inactive players will automatically lose when time's up. (requested by Shanubiki)
|inactive|Blazikpro has 120 seconds left.
|inactive|Blazikpro has 90 seconds left.
|
|t:|1620674925
|move|p1a: je suis décédé|Flame Charge|p2a: Pincurchin
|-damage|p2a: Pincurchin|53/100
|-boost|p1a: je suis décédé|spe|1
|move|p2a: Pincurchin|Thunder Wave|p1a: je suis décédé
|-ability|p1a: je suis décédé|Lightning Rod|boost
|-boost|p1a: je suis décédé|spa|1
|
|upkeep
|turn|2
|
|t:|1620674936
|move|p1a: je suis décédé|Swords Dance|p1a: je suis décédé
|-boost|p1a: je suis décédé|atk|2
|move|p2a: Pincurchin|Rising Voltage|p1a: je suis décédé
|-ability|p1a: je suis décédé|Lightning Rod|boost
|-boost|p1a: je suis décédé|spa|1
|
|upkeep
|turn|3
|
|t:|1620674943
|move|p1a: je suis décédé|Flame Charge|p2a: Pincurchin
|-damage|p2a: Pincurchin|0 fnt
|-boost|p1a: je suis décédé|spe|1
|faint|p2a: Pincurchin
|
|upkeep
|inactive|Blazikpro has 120 seconds left.
|
|t:|1620674984
|switch|p2a: Golisopod|Golisopod, M, shiny|100/100
|turn|4
|
|t:|1620674989
|move|p2a: Golisopod|First Impression|p1a: je suis décédé
|-resisted|p1a: je suis décédé
|-damage|p1a: je suis décédé|86/100
|move|p1a: je suis décédé|Fire Punch|p2a: Golisopod
|-damage|p2a: Golisopod|18/100
|-enditem|p2a: Golisopod|Sitrus Berry|[eat]
|-heal|p2a: Golisopod|43/100|[from] item: Sitrus Berry
|-activate|p2a: Golisopod|ability: Emergency Exit
|
|t:|1620675001
|switch|p2a: Coalossal|Coalossal, M, shiny|100/100
|
|upkeep
|turn|5
|
|t:|1620675008
|move|p1a: je suis décédé|Poltergeist|p2a: Coalossal
|-activate|p2a: Coalossal|move: Poltergeist|Choice Specs
|-damage|p2a: Coalossal|0 fnt
|faint|p2a: Coalossal
|
|-fieldend|move: Electric Terrain
|upkeep
|
|t:|1620675017
|switch|p2a: Golisopod|Golisopod, M, shiny|43/100
|turn|6
|
|t:|1620675021
|move|p1a: je suis décédé|Fire Punch|p2a: Golisopod
|-damage|p2a: Golisopod|0 fnt
|faint|p2a: Golisopod
|
|upkeep
|
|t:|1620675027
|switch|p2a: Gourgeist|Gourgeist-Super, M, shiny|100/100
|turn|7
|
|t:|1620675031
|move|p1a: je suis décédé|Fire Punch|p2a: Gourgeist
|-supereffective|p2a: Gourgeist
|-damage|p2a: Gourgeist|0 fnt
|faint|p2a: Gourgeist
|
|upkeep
|
|t:|1620675042
|switch|p2a: Dottler|Dottler, M, shiny|100/100
|turn|8
|
|t:|1620675050
|move|p1a: je suis décédé|Fire Punch|p2a: Dottler
|-supereffective|p2a: Dottler
|-damage|p2a: Dottler|0 fnt
|faint|p2a: Dottler
|
|upkeep
|
|t:|1620675056
|switch|p2a: Mawile|Mawile, M, shiny|100/100
|-ability|p2a: Mawile|Intimidate|boost
|-unboost|p1a: je suis décédé|atk|1
|turn|9
|
|t:|1620675065
|move|p1a: je suis décédé|Fire Punch|p2a: Mawile
|-supereffective|p2a: Mawile
|-damage|p2a: Mawile|0 fnt
|faint|p2a: Mawile
|
|win|Shanubiki
|raw|Shanubiki's rating: 1146 &rarr; <strong>1165</strong><br />(+19 for winning)
|raw|Blazikpro's rating: 1064 &rarr; <strong>1049</strong><br />(-15 for losing)
|l|☆Blazikpro
||Ladder isn't responding, score probably updated but might not have (Request timeout).
