|j|☆literallyfreemoney
|j|☆Anacode
|t:|1626290072
|gametype|singles
|player|p1|literallyfreemoney|17|1363
|player|p2|Anacode|2|1461
|teamsize|p1|6
|teamsize|p2|6
|gen|8
|tier|[Gen 8] RU
|rated|
|rule|Sleep Clause Mod: Limit one foe put to sleep
|rule|Species Clause: Limit one of each Pokémon
|rule|OHKO Clause: OHKO moves are banned
|rule|Evasion Moves Clause: Evasion moves are banned
|rule|Endless Battle Clause: Forcing endless battles is banned
|rule|HP Percentage Mod: HP is shown in percentages
|rule|Dynamax Clause: You cannot dynamax
|clearpoke
|poke|p1|Heracross, F|
|poke|p1|Steelix, M|
|poke|p1|Toxtricity, F|
|poke|p1|Crobat, F|
|poke|p1|Milotic, M|
|poke|p1|Gardevoir, M|
|poke|p2|Seismitoad, F|
|poke|p2|Umbreon, F|
|poke|p2|Marowak-Alola, M|
|poke|p2|Weezing-Galar, F|
|poke|p2|Tornadus, M|
|poke|p2|Metagross|
|teampreview
|inactive|Battle timer is ON: inactive players will automatically lose when time's up. (requested by literallyfreemoney)
|inactive|Anacode has 120 seconds left.
|inactive|Anacode has 90 seconds left.
|
|t:|1626290212
|start
|switch|p1a: Gardevoir|Gardevoir, M|100/100
|switch|p2a: Marowak|Marowak-Alola, M|100/100
|-ability|p1a: Gardevoir|Lightning Rod|[from] ability: Trace|[of] p2a: Marowak
|turn|1
|c|☆Anacode|sorry
|
|t:|1626290241
|switch|p1a: Brave Bat|Crobat, F|100/100
|move|p2a: Marowak|Poltergeist|p1a: Brave Bat
|-activate|p1a: Brave Bat|move: Poltergeist|Heavy-Duty Boots
|-damage|p1a: Brave Bat|2/100
|
|upkeep
|turn|2
|
|t:|1626290251
|move|p1a: Brave Bat|Brave Bird|p2a: Marowak
|-damage|p2a: Marowak|66/100
|-damage|p1a: Brave Bat|0 fnt|[from] Recoil
|faint|p1a: Brave Bat
|move|p2a: Marowak|Poltergeist|p1: Brave Bat|[notarget]
|-fail|p2a: Marowak
|
|upkeep
|
|t:|1626290265
|switch|p1a: Guts|Heracross, F|100/100
|turn|3
|
|t:|1626290269
|switch|p2a: Weezing|Weezing-Galar, F|100/100
|move|p1a: Guts|Earthquake|p2a: Weezing
|-immune|p2a: Weezing|[from] ability: Levitate
|
|-status|p1a: Guts|brn|[from] item: Flame Orb
|upkeep
|turn|4
|
|t:|1626290278
|switch|p1a: Toxtricity|Toxtricity, F|100/100
|move|p2a: Weezing|Strange Steam|p1a: Toxtricity
|-resisted|p1a: Toxtricity
|-damage|p1a: Toxtricity|78/100
|
|upkeep
|turn|5
|
|t:|1626290286
|switch|p1a: Milotic|Milotic, M|100/100
|switch|p2a: Marowak|Marowak-Alola, M|66/100
|
|-status|p1a: Milotic|brn|[from] item: Flame Orb
|upkeep
|turn|6
|
|t:|1626290295
|switch|p2a: Seismitoad|Seismitoad, F|100/100
|move|p1a: Milotic|Scald|p2a: Seismitoad
|-immune|p2a: Seismitoad|[from] ability: Water Absorb
|
|-damage|p1a: Milotic|94/100 brn|[from] brn
|upkeep
|turn|7
|
|t:|1626290304
|move|p2a: Seismitoad|Protect|p2a: Seismitoad
|-singleturn|p2a: Seismitoad|Protect
|move|p1a: Milotic|Ice Beam|p2a: Seismitoad
|-activate|p2a: Seismitoad|move: Protect
|
|-damage|p1a: Milotic|88/100 brn|[from] brn
|upkeep
|turn|8
|
|t:|1626290311
|switch|p1a: Steelix|Steelix, M|100/100
|move|p2a: Seismitoad|Liquidation|p1a: Steelix
|-supereffective|p1a: Steelix
|-damage|p1a: Steelix|70/100
|
|-heal|p1a: Steelix|76/100|[from] item: Leftovers
|upkeep
|turn|9
|
|t:|1626290324
|move|p2a: Seismitoad|Earthquake|p1a: Steelix
|-supereffective|p1a: Steelix
|-crit|p1a: Steelix
|-damage|p1a: Steelix|27/100
|move|p1a: Steelix|Stealth Rock|p2a: Seismitoad
|-sidestart|p2: Anacode|move: Stealth Rock
|
|-heal|p1a: Steelix|33/100|[from] item: Leftovers
|upkeep
|turn|10
|j| potztausend
|
|t:|1626290333
|switch|p1a: Milotic|Milotic, M|88/100 brn
|move|p2a: Seismitoad|Earthquake|p1a: Milotic
|-crit|p1a: Milotic
|-damage|p1a: Milotic|65/100 brn
|
|-damage|p1a: Milotic|59/100 brn|[from] brn
|upkeep
|turn|11
|
|t:|1626290342
|move|p2a: Seismitoad|Protect|p2a: Seismitoad
|-singleturn|p2a: Seismitoad|Protect
|move|p1a: Milotic|Recover|p1a: Milotic
|-heal|p1a: Milotic|100/100 brn
|
|-damage|p1a: Milotic|94/100 brn|[from] brn
|upkeep
|turn|12
|
|t:|1626290352
|move|p1a: Milotic|Ice Beam|p2a: Seismitoad
|-damage|p2a: Seismitoad|79/100
|move|p2a: Seismitoad|Liquidation|p1a: Milotic
|-resisted|p1a: Milotic
|-crit|p1a: Milotic
|-damage|p1a: Milotic|85/100 brn
|
|-heal|p2a: Seismitoad|85/100|[from] item: Leftovers
|-damage|p1a: Milotic|79/100 brn|[from] brn
|upkeep
|turn|13
|
|t:|1626290363
|move|p1a: Milotic|Ice Beam|p2a: Seismitoad
|-crit|p2a: Seismitoad
|-damage|p2a: Seismitoad|54/100
|move|p2a: Seismitoad|Liquidation|p1a: Milotic
|-resisted|p1a: Milotic
|-damage|p1a: Milotic|72/100 brn
|
|-heal|p2a: Seismitoad|60/100|[from] item: Leftovers
|-damage|p1a: Milotic|66/100 brn|[from] brn
|upkeep
|turn|14
|
|t:|1626290373
|move|p2a: Seismitoad|Protect|p2a: Seismitoad
|-singleturn|p2a: Seismitoad|Protect
|move|p1a: Milotic|Ice Beam|p2a: Seismitoad
|-activate|p2a: Seismitoad|move: Protect
|
|-heal|p2a: Seismitoad|66/100|[from] item: Leftovers
|-damage|p1a: Milotic|60/100 brn|[from] brn
|upkeep
|turn|15
|
|t:|1626290383
|move|p1a: Milotic|Ice Beam|p2a: Seismitoad
|-damage|p2a: Seismitoad|43/100
|-status|p2a: Seismitoad|frz
|-curestatus|p2a: Seismitoad|frz|[msg]
|move|p2a: Seismitoad|Liquidation|p1a: Milotic
|-resisted|p1a: Milotic
|-damage|p1a: Milotic|54/100 brn
|
|-heal|p2a: Seismitoad|49/100|[from] item: Leftovers
|-damage|p1a: Milotic|47/100 brn|[from] brn
|upkeep
|turn|16
|
|t:|1626290399
|switch|p2a: Weezing|Weezing-Galar, F|100/100
|-damage|p2a: Weezing|88/100|[from] Stealth Rock
|move|p1a: Milotic|Ice Beam|p2a: Weezing
|-damage|p2a: Weezing|59/100
|
|-damage|p1a: Milotic|41/100 brn|[from] brn
|upkeep
|turn|17
|
|t:|1626290407
|move|p1a: Milotic|Scald|p2a: Weezing
|-damage|p2a: Weezing|24/100
|move|p2a: Weezing|Defog|p1a: Milotic
|-unboost|p1a: Milotic|evasion|1
|-sideend|p2: Anacode|Stealth Rock|[from] move: Defog|[of] p2a: Weezing
|
|-damage|p1a: Milotic|35/100 brn|[from] brn
|upkeep
|turn|18
|
|t:|1626290416
|switch|p2a: Tornadus|Tornadus, M|100/100
|move|p1a: Milotic|Ice Beam|p2a: Tornadus
|-supereffective|p2a: Tornadus
|-damage|p2a: Tornadus|62/100
|
|-damage|p1a: Milotic|29/100 brn|[from] brn
|upkeep
|turn|19
|
|t:|1626290434
|move|p2a: Tornadus|Knock Off|p1a: Milotic
|-damage|p1a: Milotic|17/100 brn
|-enditem|p1a: Milotic|Flame Orb|[from] move: Knock Off|[of] p2a: Tornadus
|move|p1a: Milotic|Ice Beam|p2a: Tornadus
|-supereffective|p2a: Tornadus
|-damage|p2a: Tornadus|24/100
|
|-damage|p1a: Milotic|11/100 brn|[from] brn
|upkeep
|turn|20
|
|t:|1626290444
|move|p2a: Tornadus|Grass Knot|p1a: Milotic
|-supereffective|p1a: Milotic
|-damage|p1a: Milotic|0 fnt
|faint|p1a: Milotic
|
|upkeep
|
|t:|1626290448
|switch|p1a: Gardevoir|Gardevoir, M|100/100
|-ability|p1a: Gardevoir|Defiant|[from] ability: Trace|[of] p2a: Tornadus
|turn|21
|
|t:|1626290455
|switch|p2a: Metagross|Metagross|100/100
|move|p1a: Gardevoir|Trick|p2a: Metagross
|-activate|p1a: Gardevoir|move: Trick|[of] p2a: Metagross
|-item|p2a: Metagross|Choice Scarf|[from] move: Trick
|-item|p1a: Gardevoir|Colbur Berry|[from] move: Trick
|
|upkeep
|turn|22
|
|t:|1626290475
|move|p1a: Gardevoir|Moonblast|p2a: Metagross
|-resisted|p2a: Metagross
|-damage|p2a: Metagross|76/100
|move|p2a: Metagross|Meteor Mash|p1a: Gardevoir
|-supereffective|p1a: Gardevoir
|-damage|p1a: Gardevoir|0 fnt
|-boost|p2a: Metagross|atk|1
|faint|p1a: Gardevoir
|
|upkeep
|
|t:|1626290483
|switch|p1a: Steelix|Steelix, M|33/100
|turn|23
|
|t:|1626290494
|switch|p2a: Tornadus|Tornadus, M|24/100
|move|p1a: Steelix|Stealth Rock|p2a: Tornadus
|-sidestart|p2: Anacode|move: Stealth Rock
|
|-heal|p1a: Steelix|39/100|[from] item: Leftovers
|upkeep
|turn|24
|
|t:|1626290501
|move|p2a: Tornadus|Heat Wave|p1a: Steelix
|-supereffective|p1a: Steelix
|-damage|p1a: Steelix|0 fnt
|faint|p1a: Steelix
|
|upkeep
|
|t:|1626290504
|switch|p1a: Toxtricity|Toxtricity, F|78/100
|turn|25
|
|t:|1626290510
|move|p2a: Tornadus|Heat Wave|p1a: Toxtricity
|-damage|p1a: Toxtricity|28/100
|move|p1a: Toxtricity|Overdrive|p2a: Tornadus
|-supereffective|p2a: Tornadus
|-damage|p2a: Tornadus|0 fnt
|faint|p2a: Tornadus
|
|upkeep
|
|t:|1626290518
|switch|p2a: Marowak|Marowak-Alola, M|66/100
|-damage|p2a: Marowak|41/100|[from] Stealth Rock
|turn|26
|
|t:|1626290522
|move|p1a: Toxtricity|Overdrive|p2a: Marowak
|-ability|p2a: Marowak|Lightning Rod|boost
|-boost|p2a: Marowak|spa|1
|move|p2a: Marowak|Fire Punch|p1a: Toxtricity
|-damage|p1a: Toxtricity|0 fnt
|faint|p1a: Toxtricity
|
|upkeep
|c|☆literallyfreemoney|gg
|
|t:|1626290528
|switch|p1a: Guts|Heracross, F|100/100 brn
|turn|27
|
|t:|1626290532
|move|p1a: Guts|Earthquake|p2a: Marowak
|-supereffective|p2a: Marowak
|-damage|p2a: Marowak|0 fnt
|faint|p2a: Marowak
|
|-damage|p1a: Guts|95/100 brn|[from] brn
|upkeep
|c|☆Anacode|gg
|
|t:|1626290542
|switch|p2a: Metagross|Metagross|76/100
|-damage|p2a: Metagross|70/100|[from] Stealth Rock
|turn|28
|
|t:|1626290547
|move|p1a: Guts|Earthquake|p2a: Metagross
|-supereffective|p2a: Metagross
|-damage|p2a: Metagross|0 fnt
|faint|p2a: Metagross
|
|-damage|p1a: Guts|89/100 brn|[from] brn
|upkeep
|
|t:|1626290553
|switch|p2a: Seismitoad|Seismitoad, F|49/100
|-damage|p2a: Seismitoad|43/100|[from] Stealth Rock
|turn|29
|
|t:|1626290558
|move|p2a: Seismitoad|Protect|p2a: Seismitoad
|-singleturn|p2a: Seismitoad|Protect
|move|p1a: Guts|Close Combat|p2a: Seismitoad
|-activate|p2a: Seismitoad|move: Protect
|
|-heal|p2a: Seismitoad|49/100|[from] item: Leftovers
|-damage|p1a: Guts|83/100 brn|[from] brn
|upkeep
|turn|30
|
|t:|1626290567
|move|p1a: Guts|Close Combat|p2a: Seismitoad
|-damage|p2a: Seismitoad|0 fnt
|-unboost|p1a: Guts|def|1
|-unboost|p1a: Guts|spd|1
|faint|p2a: Seismitoad
|
|-damage|p1a: Guts|77/100 brn|[from] brn
|upkeep
|
|t:|1626290575
|switch|p2a: Weezing|Weezing-Galar, F|24/100
|-damage|p2a: Weezing|12/100|[from] Stealth Rock
|turn|31
|
|t:|1626290581
|move|p1a: Guts|Facade|p2a: Weezing
|-damage|p2a: Weezing|0 fnt
|-damage|p1a: Guts|60/100 brn|[from] item: Rocky Helmet|[of] p2a: Weezing
|faint|p2a: Weezing
|
|-damage|p1a: Guts|54/100 brn|[from] brn
|upkeep
|
|t:|1626290588
|switch|p2a: Umbreon|Umbreon, F|100/100
|-damage|p2a: Umbreon|88/100|[from] Stealth Rock
|turn|32
|
|t:|1626290593
|move|p2a: Umbreon|Protect|p2a: Umbreon
|-singleturn|p2a: Umbreon|Protect
|move|p1a: Guts|Close Combat|p2a: Umbreon
|-activate|p2a: Umbreon|move: Protect
|
|-heal|p2a: Umbreon|94/100|[from] item: Leftovers
|-damage|p1a: Guts|48/100 brn|[from] brn
|upkeep
|turn|33
|
|t:|1626290602
|move|p1a: Guts|Close Combat|p2a: Umbreon
|-supereffective|p2a: Umbreon
|-damage|p2a: Umbreon|0 fnt
|-unboost|p1a: Guts|def|1
|-unboost|p1a: Guts|spd|1
|faint|p2a: Umbreon
|
|win|literallyfreemoney
|raw|literallyfreemoney's rating: 1363 &rarr; <strong>1388</strong><br />(+25 for winning)
|raw|Anacode's rating: 1461 &rarr; <strong>1436</strong><br />(-25 for losing)
|l|☆Anacode
