|j|☆infsky
|j|☆literallyfreemoney
|t:|1663025192
|gametype|singles
|player|p1|infsky|2|1219
|player|p2|literallyfreemoney|pokemonbreeder-gen4|1465
|teamsize|p1|6
|teamsize|p2|6
|gen|8
|tier|[Gen 8] RU
|rated|
|rule|Sleep Clause Mod: Limit one foe put to sleep
|rule|Species Clause: Limit one of each Pokémon
|rule|OHKO Clause: OHKO moves are banned
|rule|Evasion Items Clause: Evasion items are banned
|rule|Evasion Moves Clause: Evasion moves are banned
|rule|Endless Battle Clause: Forcing endless battles is banned
|rule|HP Percentage Mod: HP is shown in percentages
|rule|Dynamax Clause: You cannot dynamax
|clearpoke
|poke|p1|Abomasnow, F|
|poke|p1|Aurorus, F|
|poke|p1|Arctovish|
|poke|p1|Sandslash-Alola, M|
|poke|p1|Basculin-Blue-Striped, F|
|poke|p1|Emolga, F|
|poke|p2|Salazzle, F|
|poke|p2|Steelix, F|
|poke|p2|Druddigon, M|
|poke|p2|Crobat, M|
|poke|p2|Sylveon, M|
|poke|p2|Zoroark, F|
|teampreview
|inactive|Battle timer is ON: inactive players will automatically lose when time's up. (requested by infsky)
|
|t:|1663025221
|start
|switch|p1a: Basculin|Basculin-Blue-Striped, F|100/100
|switch|p2a: Top Dog|Sylveon, M|100/100
|turn|1
|
|t:|1663025229
|switch|p2a: Garchomp at home|Druddigon, M|100/100
|move|p1a: Basculin|Flip Turn|p2a: Garchomp at home
|-resisted|p2a: Garchomp at home
|-damage|p2a: Garchomp at home|79/100
|-damage|p1a: Basculin|88/100|[from] ability: Rough Skin|[of] p2a: Garchomp at home
|
|t:|1663025239
|switch|p1a: Aurorus|Aurorus, F|100/100|[from]move: Flip Turn
|-weather|Hail|[from] ability: Snow Warning|[of] p1a: Aurorus
|
|-weather|Hail|[upkeep]
|-damage|p2a: Garchomp at home|73/100|[from] Hail
|-heal|p2a: Garchomp at home|79/100|[from] item: Leftovers
|upkeep
|turn|2
|
|t:|1663025248
|switch|p2a: Top Dog|Sylveon, M|100/100
|move|p1a: Aurorus|Aurora Veil|p1a: Aurorus
|-sidestart|p1: infsky|move: Aurora Veil
|
|-weather|Hail|[upkeep]
|-damage|p2a: Top Dog|94/100|[from] Hail
|-heal|p2a: Top Dog|100/100|[from] item: Leftovers
|upkeep
|turn|3
|
|t:|1663025256
|move|p1a: Aurorus|Stealth Rock|p2a: Top Dog
|-sidestart|p2: literallyfreemoney|move: Stealth Rock
|move|p2a: Top Dog|Mystical Fire|p1a: Aurorus
|-crit|p1a: Aurorus
|-damage|p1a: Aurorus|75/100
|-unboost|p1a: Aurorus|spa|1
|
|-weather|Hail|[upkeep]
|-damage|p2a: Top Dog|94/100|[from] Hail
|-heal|p2a: Top Dog|100/100|[from] item: Leftovers
|upkeep
|turn|4
|
|t:|1663025277
|move|p1a: Aurorus|Blizzard|p2a: Top Dog
|-damage|p2a: Top Dog|82/100
|move|p2a: Top Dog|Hyper Voice|p1a: Aurorus
|-damage|p1a: Aurorus|57/100
|
|-weather|Hail|[upkeep]
|-damage|p2a: Top Dog|76/100|[from] Hail
|-heal|p2a: Top Dog|82/100|[from] item: Leftovers
|upkeep
|turn|5
|
|t:|1663025287
|switch|p1a: Basculin|Basculin-Blue-Striped, F|88/100
|move|p2a: Top Dog|Mystical Fire|p1a: Basculin
|-resisted|p1a: Basculin
|-damage|p1a: Basculin|78/100
|-unboost|p1a: Basculin|spa|1
|
|-weather|Hail|[upkeep]
|-damage|p1a: Basculin|72/100|[from] Hail
|-damage|p2a: Top Dog|76/100|[from] Hail
|-heal|p2a: Top Dog|82/100|[from] item: Leftovers
|upkeep
|turn|6
|
|t:|1663025298
|switch|p2a: Garchomp at home|Druddigon, M|79/100
|-damage|p2a: Garchomp at home|67/100|[from] Stealth Rock
|move|p1a: Basculin|Flip Turn|p2a: Garchomp at home
|-resisted|p2a: Garchomp at home
|-crit|p2a: Garchomp at home
|-damage|p2a: Garchomp at home|38/100
|-damage|p1a: Basculin|60/100|[from] ability: Rough Skin|[of] p2a: Garchomp at home
|
|t:|1663025306
|switch|p1a: Sandslash|Sandslash-Alola, M|100/100|[from]move: Flip Turn
|
|-weather|Hail|[upkeep]
|-damage|p2a: Garchomp at home|32/100|[from] Hail
|-heal|p2a: Garchomp at home|38/100|[from] item: Leftovers
|-sideend|p1: infsky|move: Aurora Veil
|upkeep
|turn|7
|
|t:|1663025312
|move|p2a: Garchomp at home|Sucker Punch|p1a: Sandslash
|-damage|p1a: Sandslash|81/100
|move|p1a: Sandslash|Triple Axel|p2a: Garchomp at home
|-supereffective|p2a: Garchomp at home
|-damage|p2a: Garchomp at home|20/100
|-damage|p1a: Sandslash|69/100|[from] ability: Rough Skin|[of] p2a: Garchomp at home
|-supereffective|p2a: Garchomp at home
|-damage|p2a: Garchomp at home|0 fnt
|-damage|p1a: Sandslash|56/100|[from] ability: Rough Skin|[of] p2a: Garchomp at home
|faint|p2a: Garchomp at home
|-hitcount|p2: Garchomp at home|2
|-damage|p1a: Sandslash|46/100|[from] item: Life Orb
|
|-weather|Hail|[upkeep]
|upkeep
|
|t:|1663025325
|switch|p2a: Peenix|Steelix, F|100/100
|-damage|p2a: Peenix|97/100|[from] Stealth Rock
|turn|8
|
|t:|1663025340
|switch|p1a: Basculin|Basculin-Blue-Striped, F|60/100
|move|p2a: Peenix|Body Press|p1a: Basculin
|-damage|p1a: Basculin|0 fnt
|faint|p1a: Basculin
|
|-weather|none
|-heal|p2a: Peenix|100/100|[from] item: Leftovers
|upkeep
|
|t:|1663025345
|switch|p1a: Abomasnow|Abomasnow, F|100/100
|-weather|Hail|[from] ability: Snow Warning|[of] p1a: Abomasnow
|turn|9
|
|t:|1663025350
|move|p1a: Abomasnow|Wood Hammer|p2a: Peenix
|-damage|p2a: Peenix|75/100
|-damage|p1a: Abomasnow|93/100|[from] Recoil
|move|p2a: Peenix|Iron Defense|p2a: Peenix
|-boost|p2a: Peenix|def|2
|
|-weather|Hail|[upkeep]
|-damage|p2a: Peenix|69/100|[from] Hail
|-heal|p2a: Peenix|75/100|[from] item: Leftovers
|upkeep
|turn|10
|
|t:|1663025355
|move|p1a: Abomasnow|Swords Dance|p1a: Abomasnow
|-boost|p1a: Abomasnow|atk|2
|move|p2a: Peenix|Body Press|p1a: Abomasnow
|-supereffective|p1a: Abomasnow
|-damage|p1a: Abomasnow|0 fnt
|faint|p1a: Abomasnow
|
|-weather|Hail|[upkeep]
|-damage|p2a: Peenix|69/100|[from] Hail
|-heal|p2a: Peenix|75/100|[from] item: Leftovers
|upkeep
|
|t:|1663025360
|switch|p1a: Arctovish|Arctovish|100/100
|turn|11
|
|t:|1663025362
|move|p1a: Arctovish|Fishious Rend|p2a: Peenix
|-supereffective|p2a: Peenix
|-damage|p2a: Peenix|32/100
|-damage|p1a: Arctovish|91/100|[from] item: Life Orb
|move|p2a: Peenix|Body Press|p1a: Arctovish
|-supereffective|p1a: Arctovish
|-damage|p1a: Arctovish|0 fnt
|faint|p1a: Arctovish
|
|-weather|Hail|[upkeep]
|-damage|p2a: Peenix|26/100|[from] Hail
|-heal|p2a: Peenix|32/100|[from] item: Leftovers
|upkeep
|
|t:|1663025380
|switch|p1a: Aurorus|Aurorus, F|57/100
|turn|12
|
|t:|1663025384
|switch|p2a: Jam Jam|Salazzle, F|100/100
|move|p1a: Aurorus|Blizzard|p2a: Jam Jam
|-resisted|p2a: Jam Jam
|-damage|p2a: Jam Jam|54/100
|
|-weather|Hail|[upkeep]
|-damage|p2a: Jam Jam|48/100|[from] Hail
|upkeep
|turn|13
|
|t:|1663025394
|switch|p1a: Emolga|Emolga, F|100/100
|move|p2a: Jam Jam|Toxic|p1a: Emolga
|-status|p1a: Emolga|tox
|
|-weather|Hail|[upkeep]
|-damage|p2a: Jam Jam|42/100|[from] Hail
|-damage|p1a: Emolga|94/100 tox|[from] Hail
|-damage|p1a: Emolga|88/100 tox|[from] psn
|upkeep
|turn|14
|
|t:|1663025406
|move|p2a: Jam Jam|Sludge Wave|p1a: Emolga
|-damage|p1a: Emolga|14/100 tox
|move|p1a: Emolga|Knock Off|p2a: Jam Jam
|-damage|p2a: Jam Jam|12/100
|-enditem|p2a: Jam Jam|Heavy-Duty Boots|[from] move: Knock Off|[of] p1a: Emolga
|
|-weather|Hail|[upkeep]
|-damage|p2a: Jam Jam|6/100|[from] Hail
|-damage|p1a: Emolga|8/100 tox|[from] Hail
|-damage|p1a: Emolga|0 fnt|[from] psn
|faint|p1a: Emolga
|upkeep
|
|t:|1663025415
|switch|p1a: Sandslash|Sandslash-Alola, M|46/100
|turn|15
|
|t:|1663025418
|move|p1a: Sandslash|Earthquake|p2a: Jam Jam
|-supereffective|p2a: Jam Jam
|-damage|p2a: Jam Jam|0 fnt
|faint|p2a: Jam Jam
|-damage|p1a: Sandslash|36/100|[from] item: Life Orb
|
|-weather|Hail|[upkeep]
|upkeep
|
|t:|1663025423
|switch|p2a: Top Dog|Sylveon, M|100/100
|-damage|p2a: Top Dog|88/100|[from] Stealth Rock
|turn|16
|
|t:|1663025426
|move|p1a: Sandslash|Iron Head|p2a: Top Dog
|-damage|p2a: Top Dog|0 fnt
|replace|p2a: BUT IT WAS ME|Zoroark, F
|-end|p2a: BUT IT WAS ME|Illusion
|faint|p2a: BUT IT WAS ME
|-damage|p1a: Sandslash|26/100|[from] item: Life Orb
|
|-weather|none
|upkeep
|
|t:|1663025432
|switch|p2a: Brave Bat|Crobat, M|100/100
|turn|17
|
|t:|1663025436
|switch|p1a: Aurorus|Aurorus, F|57/100
|-weather|Hail|[from] ability: Snow Warning|[of] p1a: Aurorus
|move|p2a: Brave Bat|Brave Bird|p1a: Aurorus
|-resisted|p1a: Aurorus
|-damage|p1a: Aurorus|36/100
|-damage|p2a: Brave Bat|93/100|[from] Recoil
|
|-weather|Hail|[upkeep]
|-damage|p2a: Brave Bat|87/100|[from] Hail
|upkeep
|turn|18
|
|t:|1663025447
|move|p2a: Brave Bat|Defog|p1a: Aurorus
|-unboost|p1a: Aurorus|evasion|1
|-sideend|p2: literallyfreemoney|Stealth Rock|[from] move: Defog|[of] p2a: Brave Bat
|move|p1a: Aurorus|Blizzard|p2a: Brave Bat
|-supereffective|p2a: Brave Bat
|-damage|p2a: Brave Bat|0 fnt
|faint|p2a: Brave Bat
|
|-weather|Hail|[upkeep]
|upkeep
|
|t:|1663025450
|switch|p2a: Top Dog|Sylveon, M|82/100
|turn|19
|
|t:|1663025460
|move|p1a: Aurorus|Blizzard|p2a: Top Dog
|-damage|p2a: Top Dog|56/100
|move|p2a: Top Dog|Mystical Fire|p1a: Aurorus
|-damage|p1a: Aurorus|18/100
|-unboost|p1a: Aurorus|spa|1
|
|-weather|Hail|[upkeep]
|-damage|p2a: Top Dog|50/100|[from] Hail
|-heal|p2a: Top Dog|56/100|[from] item: Leftovers
|upkeep
|turn|20
|
|t:|1663025475
|move|p1a: Aurorus|Blizzard|p2a: Top Dog
|-damage|p2a: Top Dog|38/100
|move|p2a: Top Dog|Mystical Fire|p1a: Aurorus
|-damage|p1a: Aurorus|2/100
|-unboost|p1a: Aurorus|spa|1
|
|-weather|Hail|[upkeep]
|-damage|p2a: Top Dog|32/100|[from] Hail
|-heal|p2a: Top Dog|38/100|[from] item: Leftovers
|upkeep
|turn|21
|
|t:|1663025482
|move|p1a: Aurorus|Aurora Veil|p1a: Aurorus
|-sidestart|p1: infsky|move: Aurora Veil
|move|p2a: Top Dog|Mystical Fire|p1a: Aurorus
|-damage|p1a: Aurorus|0 fnt
|faint|p1a: Aurorus
|
|-weather|Hail|[upkeep]
|-damage|p2a: Top Dog|32/100|[from] Hail
|-heal|p2a: Top Dog|38/100|[from] item: Leftovers
|upkeep
|
|t:|1663025483
|switch|p1a: Sandslash|Sandslash-Alola, M|26/100
|turn|22
|
|t:|1663025486
|move|p1a: Sandslash|Iron Head|p2a: Top Dog
|-supereffective|p2a: Top Dog
|-damage|p2a: Top Dog|0 fnt
|faint|p2a: Top Dog
|-damage|p1a: Sandslash|16/100|[from] item: Life Orb
|
|-weather|Hail|[upkeep]
|upkeep
|
|t:|1663025488
|switch|p2a: Peenix|Steelix, F|32/100
|turn|23
|
|t:|1663025504
|move|p1a: Sandslash|Earthquake|p2a: Peenix
|-supereffective|p2a: Peenix
|-damage|p2a: Peenix|0 fnt
|faint|p2a: Peenix
|-damage|p1a: Sandslash|6/100|[from] item: Life Orb
|
|win|infsky
|raw|infsky's rating: 1219 &rarr; <strong>1259</strong><br />(+40 for winning)
|raw|literallyfreemoney's rating: 1465 &rarr; <strong>1433</strong><br />(-32 for losing)
|c|☆literallyfreemoney|gg
|l|☆literallyfreemoney
|c|☆infsky|gg
||Ladder isn't responding, score probably updated but might not have (Request timeout).
