|j|☆rult3ro gray
|j|☆AstroLaPorte
|t:|1598132839
|player|p1|rult3ro gray|youngster-gen1rb|1520
|player|p2|AstroLaPorte|ingo|1295
|teamsize|p1|6
|teamsize|p2|6
|gametype|singles
|gen|8
|tier|[Gen 8] RU
|rated|
|clearpoke
|poke|p1|Gardevoir, F|
|poke|p1|Bewear, F|
|poke|p1|Golisopod, M|
|poke|p1|Gigalith, F|
|poke|p1|Rotom-Mow|
|poke|p1|Salazzle, F|
|poke|p2|Gigalith, M|
|poke|p2|Lycanroc, M|
|poke|p2|Xatu, M|
|poke|p2|Sandslash, M|
|poke|p2|Copperajah, M|
|poke|p2|Virizion|
|rule|Sleep Clause Mod: Limit one foe put to sleep
|rule|Species Clause: Limit one of each Pokémon
|rule|OHKO Clause: OHKO moves are banned
|rule|Evasion Moves Clause: Evasion moves are banned
|rule|Endless Battle Clause: Forcing endless battles is banned
|rule|HP Percentage Mod: HP is shown in percentages
|rule|Dynamax Clause: You cannot dynamax
|teampreview
|inactive|Battle timer is ON: inactive players will automatically lose when time's up. (requested by rult3ro gray)
|c|☆AstroLaPorte|hf
|c|☆rult3ro gray|u2
|
|t:|1598132861
|start
|switch|p1a: Rotom|Rotom-Mow|100/100
|switch|p2a: Gigalith|Gigalith, M, shiny|100/100
|-weather|Sandstorm|[from] ability: Sand Stream|[of] p2a: Gigalith
|turn|1
|
|t:|1598132877
|move|p1a: Rotom|Trick|p2a: Gigalith
|-activate|p1a: Rotom|move: Trick|[of] p2a: Gigalith
|-item|p2a: Gigalith|Choice Scarf|[from] move: Trick
|-item|p1a: Rotom|Smooth Rock|[from] move: Trick
|move|p2a: Gigalith|Toxic|p1a: Rotom
|-status|p1a: Rotom|tox
|
|-weather|Sandstorm|[upkeep]
|-damage|p1a: Rotom|94/100 tox|[from] Sandstorm
|-damage|p1a: Rotom|88/100 tox|[from] psn
|upkeep
|turn|2
|
|t:|1598132888
|switch|p2a: Copperajah|Copperajah, M|100/100
|move|p1a: Rotom|Volt Switch|p2a: Copperajah
|-damage|p2a: Copperajah|70/100
|
|t:|1598132892
|switch|p1a: Bewear|Bewear, F|100/100|[from]move: Volt Switch
|
|-weather|Sandstorm|[upkeep]
|-damage|p1a: Bewear|94/100|[from] Sandstorm
|upkeep
|turn|3
|
|t:|1598132910
|move|p1a: Bewear|Darkest Lariat|p2a: Copperajah
|-damage|p2a: Copperajah|41/100
|move|p2a: Copperajah|Play Rough|p1a: Bewear
|-supereffective|p1a: Bewear
|-damage|p1a: Bewear|46/100
|-damage|p2a: Copperajah|32/100|[from] item: Life Orb
|
|-weather|Sandstorm|[upkeep]
|-damage|p1a: Bewear|40/100|[from] Sandstorm
|upkeep
|turn|4
|
|t:|1598132925
|move|p1a: Bewear|Close Combat|p2a: Copperajah
|-supereffective|p2a: Copperajah
|-damage|p2a: Copperajah|0 fnt
|-unboost|p1a: Bewear|def|1
|-unboost|p1a: Bewear|spd|1
|faint|p2a: Copperajah
|
|-weather|Sandstorm|[upkeep]
|-damage|p1a: Bewear|34/100|[from] Sandstorm
|upkeep
|
|t:|1598132930
|switch|p2a: Xatu|Xatu, M|100/100
|turn|5
|
|t:|1598132935
|switch|p1a: Rotom|Rotom-Mow|88/100 tox
|move|p2a: Xatu|Psychic|p1a: Rotom
|-damage|p1a: Rotom|47/100 tox
|
|-weather|Sandstorm|[upkeep]
|-damage|p1a: Rotom|40/100 tox|[from] Sandstorm
|-damage|p2a: Xatu|95/100|[from] Sandstorm
|-damage|p1a: Rotom|34/100 tox|[from] psn
|upkeep
|turn|6
|
|t:|1598132943
|switch|p1a: Gigalith|Gigalith, F|100/100
|move|p2a: Xatu|Psychic|p1a: Gigalith
|-damage|p1a: Gigalith|85/100
|
|-weather|Sandstorm|[upkeep]
|-damage|p2a: Xatu|89/100|[from] Sandstorm
|-heal|p1a: Gigalith|91/100|[from] item: Leftovers
|upkeep
|turn|7
|
|t:|1598132958
|switch|p2a: Virizion|Virizion|100/100
|move|p1a: Gigalith|Toxic|p2a: Virizion
|-status|p2a: Virizion|tox
|
|-weather|Sandstorm|[upkeep]
|-damage|p2a: Virizion|94/100 tox|[from] Sandstorm
|-heal|p2a: Virizion|100/100 tox|[from] item: Leftovers
|-heal|p1a: Gigalith|97/100|[from] item: Leftovers
|-damage|p2a: Virizion|94/100 tox|[from] psn
|upkeep
|turn|8
|
|t:|1598132966
|switch|p1a: Golisopod|Golisopod, M|100/100
|move|p2a: Virizion|Swords Dance|p2a: Virizion
|-boost|p2a: Virizion|atk|2
|
|-weather|none
|-heal|p2a: Virizion|100/100 tox|[from] item: Leftovers
|-damage|p2a: Virizion|88/100 tox|[from] psn
|upkeep
|turn|9
|
|t:|1598132973
|move|p1a: Golisopod|First Impression|p2a: Virizion
|-damage|p2a: Virizion|16/100 tox
|move|p2a: Virizion|Stone Edge|p1a: Golisopod
|-supereffective|p1a: Golisopod
|-damage|p1a: Golisopod|17/100
|-activate|p1a: Golisopod|ability: Emergency Exit
|
|t:|1598132978
|switch|p1a: Salazzle|Salazzle, F|100/100
|
|-heal|p2a: Virizion|22/100 tox|[from] item: Leftovers
|-damage|p2a: Virizion|3/100 tox|[from] psn
|upkeep
|turn|10
|
|t:|1598132990
|switch|p1a: Gigalith|Gigalith, F|97/100
|-weather|Sandstorm|[from] ability: Sand Stream|[of] p1a: Gigalith
|switch|p2a: Lycanroc|Lycanroc, M|100/100
|
|-weather|Sandstorm|[upkeep]
|-heal|p1a: Gigalith|100/100|[from] item: Leftovers
|upkeep
|turn|11
|
|t:|1598133002
|switch|p1a: Rotom|Rotom-Mow|34/100 tox
|move|p2a: Lycanroc|Close Combat|p1a: Rotom
|-damage|p1a: Rotom|0 fnt
|-unboost|p2a: Lycanroc|def|1
|-unboost|p2a: Lycanroc|spd|1
|faint|p1a: Rotom
|
|-weather|Sandstorm|[upkeep]
|upkeep
|
|t:|1598133015
|switch|p1a: Golisopod|Golisopod, M|17/100
|turn|12
|
|t:|1598133030
|switch|p2a: Virizion|Virizion|3/100 tox
|move|p1a: Golisopod|First Impression|p2a: Virizion
|-damage|p2a: Virizion|0 fnt
|faint|p2a: Virizion
|
|-weather|Sandstorm|[upkeep]
|-damage|p1a: Golisopod|11/100|[from] Sandstorm
|upkeep
|
|t:|1598133034
|switch|p2a: Lycanroc|Lycanroc, M|100/100
|turn|13
|
|t:|1598133057
|switch|p1a: Bewear|Bewear, F|34/100
|move|p2a: Lycanroc|Psychic Fangs|p1a: Bewear
|-supereffective|p1a: Bewear
|-damage|p1a: Bewear|0 fnt
|faint|p1a: Bewear
|
|-weather|Sandstorm|[upkeep]
|upkeep
|
|t:|1598133062
|switch|p1a: Gardevoir|Gardevoir, F|100/100
|-ability|p1a: Gardevoir|Sand Rush|[from] ability: Trace|[of] p2a: Lycanroc
|turn|14
|
|t:|1598133075
|switch|p2a: Xatu|Xatu, M|89/100
|move|p1a: Gardevoir|Moonblast|p2a: Xatu
|-damage|p2a: Xatu|23/100
|
|-weather|none
|upkeep
|turn|15
|
|t:|1598133082
|move|p1a: Gardevoir|Moonblast|p2a: Xatu
|-damage|p2a: Xatu|0 fnt
|faint|p2a: Xatu
|
|upkeep
|
|t:|1598133092
|switch|p2a: Lycanroc|Lycanroc, M|100/100
|turn|16
|
|t:|1598133099
|switch|p1a: Salazzle|Salazzle, F|100/100
|move|p2a: Lycanroc|Accelerock|p1a: Salazzle
|-supereffective|p1a: Salazzle
|-crit|p1a: Salazzle
|-damage|p1a: Salazzle|0 fnt
|faint|p1a: Salazzle
|
|upkeep
|
|t:|1598133107
|switch|p1a: Gardevoir|Gardevoir, F|100/100
|-ability|p1a: Gardevoir|Sand Rush|[from] ability: Trace|[of] p2a: Lycanroc
|turn|17
|
|t:|1598133120
|switch|p2a: Gigalith|Gigalith, M, shiny|100/100
|-weather|Sandstorm|[from] ability: Sand Stream|[of] p2a: Gigalith
|move|p1a: Gardevoir|Moonblast|p2a: Gigalith
|-damage|p2a: Gigalith|48/100
|
|-weather|Sandstorm|[upkeep]
|upkeep
|turn|18
|
|t:|1598133129
|move|p1a: Gardevoir|Moonblast|p2a: Gigalith
|-damage|p2a: Gigalith|0 fnt
|faint|p2a: Gigalith
|
|-weather|Sandstorm|[upkeep]
|upkeep
|
|t:|1598133135
|switch|p2a: Sandslash|Sandslash, M, shiny|100/100
|turn|19
|
|t:|1598133140
|move|p1a: Gardevoir|Moonblast|p2a: Sandslash
|-enditem|p2a: Sandslash|Focus Sash
|-damage|p2a: Sandslash|1/100
|move|p2a: Sandslash|Poison Jab|p1a: Gardevoir
|-supereffective|p1a: Gardevoir
|-damage|p1a: Gardevoir|11/100
|
|-weather|Sandstorm|[upkeep]
|upkeep
|turn|20
|
|t:|1598133157
|move|p1a: Gardevoir|Moonblast|p2a: Sandslash
|-damage|p2a: Sandslash|0 fnt
|faint|p2a: Sandslash
|
|-weather|Sandstorm|[upkeep]
|upkeep
|
|t:|1598133159
|switch|p2a: Lycanroc|Lycanroc, M|100/100
|turn|21
|
|t:|1598133171
|move|p2a: Lycanroc|Accelerock|p1a: Gardevoir
|-damage|p1a: Gardevoir|0 fnt
|faint|p1a: Gardevoir
|
|-weather|none
|upkeep
|
|t:|1598133176
|switch|p1a: Gigalith|Gigalith, F|100/100
|-weather|Sandstorm|[from] ability: Sand Stream|[of] p1a: Gigalith
|turn|22
|c|☆AstroLaPorte|gg
|
|t:|1598133182
|move|p2a: Lycanroc|Accelerock|p1a: Gigalith
|-damage|p1a: Gigalith|75/100
|move|p1a: Gigalith|Earthquake|p2a: Lycanroc
|-supereffective|p2a: Lycanroc
|-damage|p2a: Lycanroc|4/100
|
|-weather|Sandstorm|[upkeep]
|-heal|p1a: Gigalith|82/100|[from] item: Leftovers
|upkeep
|turn|23
|c|☆rult3ro gray|gg
|
|t:|1598133186
|move|p2a: Lycanroc|Accelerock|p1a: Gigalith
|-damage|p1a: Gigalith|57/100
|move|p1a: Gigalith|Earthquake|p2a: Lycanroc
|-supereffective|p2a: Lycanroc
|-damage|p2a: Lycanroc|0 fnt
|faint|p2a: Lycanroc
|
|win|rult3ro gray
|l|☆rult3ro gray
|raw|rult3ro gray's rating: 1520 &rarr; <strong>1528</strong><br />(+8 for winning)
|raw|AstroLaPorte's rating: 1295 &rarr; <strong>1284</strong><br />(-11 for losing)
