|j|☆Rxup
|j|☆Steven Davis
|t:|1645926269
|gametype|singles
|player|p1|Rxup|youngster-gen4dp|1480
|player|p2|Steven Davis|steven|1389
|teamsize|p1|6
|teamsize|p2|6
|gen|8
|tier|[Gen 8] RU
|rated|
|rule|Sleep Clause Mod: Limit one foe put to sleep
|rule|Species Clause: Limit one of each Pokémon
|rule|OHKO Clause: OHKO moves are banned
|rule|Evasion Moves Clause: Evasion moves are banned
|rule|Endless Battle Clause: Forcing endless battles is banned
|rule|HP Percentage Mod: HP is shown in percentages
|rule|Dynamax Clause: You cannot dynamax
|clearpoke
|poke|p1|Kingler, M|
|poke|p1|Reuniclus, F|
|poke|p1|Nidoqueen, F|
|poke|p1|Mantine, F|
|poke|p1|Gardevoir, F|
|poke|p1|Cobalion|
|poke|p2|Weezing-Galar, F|
|poke|p2|Chandelure, M|
|poke|p2|Golisopod, M|
|poke|p2|Flygon, M|
|poke|p2|Registeel|
|poke|p2|Reuniclus, F|
|teampreview
|
|t:|1645926290
|start
|switch|p1a: Nidoqueen|Nidoqueen, F|100/100
|switch|p2a: Chandelure|Chandelure, M, shiny|100/100
|turn|1
|inactive|Battle timer is ON: inactive players will automatically lose when time's up. (requested by Rxup)
|
|t:|1645926304
|move|p2a: Chandelure|Fire Blast|p1a: Nidoqueen
|-damage|p1a: Nidoqueen|28/100
|move|p1a: Nidoqueen|Earth Power|p2a: Chandelure
|-supereffective|p2a: Chandelure
|-damage|p2a: Chandelure|17/100
|
|upkeep
|turn|2
|
|t:|1645926317
|switch|p1a: Reuniclus|Reuniclus, F|100/100
|move|p2a: Chandelure|Fire Blast|p1a: Reuniclus
|-damage|p1a: Reuniclus|51/100
|
|upkeep
|turn|3
|
|t:|1645926325
|switch|p2a: Registeel|Registeel|100/100
|move|p1a: Reuniclus|Psyshock|p2a: Registeel
|-resisted|p2a: Registeel
|-damage|p2a: Registeel|88/100
|
|-heal|p2a: Registeel|94/100|[from] item: Leftovers
|upkeep
|turn|4
|
|t:|1645926330
|move|p2a: Registeel|Stealth Rock|p1a: Reuniclus
|-sidestart|p1: Rxup|move: Stealth Rock
|move|p1a: Reuniclus|Knock Off|p2a: Registeel
|-damage|p2a: Registeel|84/100
|-enditem|p2a: Registeel|Leftovers|[from] move: Knock Off|[of] p1a: Reuniclus
|
|upkeep
|turn|5
|
|t:|1645926337
|move|p2a: Registeel|Toxic|p1a: Reuniclus
|-status|p1a: Reuniclus|tox
|move|p1a: Reuniclus|Future Sight|p2a: Registeel
|-start|p1a: Reuniclus|move: Future Sight
|
|-damage|p1a: Reuniclus|45/100 tox|[from] psn
|upkeep
|turn|6
|
|t:|1645926344
|switch|p1a: Nidoqueen|Nidoqueen, F|28/100
|-damage|p1a: Nidoqueen|22/100|[from] Stealth Rock
|move|p2a: Registeel|Seismic Toss|p1a: Nidoqueen
|-damage|p1a: Nidoqueen|0 fnt
|-damage|p2a: Registeel|67/100|[from] item: Rocky Helmet|[of] p1a: Nidoqueen
|faint|p1a: Nidoqueen
|
|upkeep
|
|t:|1645926348
|switch|p1a: Cobalion|Cobalion|100/100
|-damage|p1a: Cobalion|97/100|[from] Stealth Rock
|turn|7
|
|t:|1645926363
|switch|p2a: Flygon|Flygon, M|100/100
|move|p1a: Cobalion|Swords Dance|p1a: Cobalion
|-boost|p1a: Cobalion|atk|2
|
|-end|p2a: Flygon|move: Future Sight
|-damage|p2a: Flygon|9/100
|upkeep
|turn|8
|l|☆Rxup
|inactive|Rxup disconnected and has a minute to reconnect!
|player|p1|
|j|☆Rxup
|inactive|Rxup reconnected and has 145 seconds left.
|player|p1|Rxup|youngster-gen4dp
|
|t:|1645926376
|switch|p1a: Mantine|Mantine, F|100/100
|move|p2a: Flygon|Earthquake|p1a: Mantine
|-immune|p1a: Mantine
|
|upkeep
|turn|9
|
|t:|1645926382
|switch|p2a: Registeel|Registeel|67/100
|move|p1a: Mantine|Defog|p2a: Registeel
|-fail|p2a: Registeel|unboost|[from] ability: Clear Body|[of] p2a: Registeel
|-sideend|p1: Rxup|Stealth Rock|[from] move: Defog|[of] p1a: Mantine
|
|upkeep
|turn|10
|j| CasualBlackGuy
|l| CasualBlackGuy
|
|t:|1645926407
|switch|p1a: Reuniclus|Reuniclus, F|79/100 tox
|switch|p2a: Golisopod|Golisopod, M|100/100
|
|-damage|p1a: Reuniclus|72/100 tox|[from] psn
|upkeep
|turn|11
|
|t:|1645926415
|switch|p1a: Mantine|Mantine, F|100/100
|move|p2a: Golisopod|Spikes|p1a: Mantine
|-sidestart|p1: Rxup|Spikes
|
|upkeep
|turn|12
|
|t:|1645926420
|move|p1a: Mantine|Scald|p2a: Golisopod
|-resisted|p2a: Golisopod
|-damage|p2a: Golisopod|88/100
|-status|p2a: Golisopod|brn
|move|p2a: Golisopod|Knock Off|p1a: Mantine
|-damage|p1a: Mantine|87/100
|-enditem|p1a: Mantine|Heavy-Duty Boots|[from] move: Knock Off|[of] p2a: Golisopod
|
|-damage|p2a: Golisopod|82/100 brn|[from] brn
|upkeep
|turn|13
|
|t:|1645926426
|switch|p2a: Registeel|Registeel|67/100
|move|p1a: Mantine|Defog|p2a: Registeel
|-fail|p2a: Registeel|unboost|[from] ability: Clear Body|[of] p2a: Registeel
|-sideend|p1: Rxup|Spikes|[from] move: Defog|[of] p1a: Mantine
|
|upkeep
|turn|14
|
|t:|1645926432
|switch|p1a: Cobalion|Cobalion|97/100
|move|p2a: Registeel|Stealth Rock|p1a: Cobalion
|-sidestart|p1: Rxup|move: Stealth Rock
|
|upkeep
|turn|15
|
|t:|1645926441
|switch|p2a: Flygon|Flygon, M|9/100
|move|p1a: Cobalion|Swords Dance|p1a: Cobalion
|-boost|p1a: Cobalion|atk|2
|
|upkeep
|turn|16
|
|t:|1645926445
|switch|p1a: Mantine|Mantine, F|87/100
|-damage|p1a: Mantine|62/100|[from] Stealth Rock
|move|p2a: Flygon|Earthquake|p1a: Mantine
|-immune|p1a: Mantine
|
|upkeep
|turn|17
|
|t:|1645926451
|switch|p2a: Reuniclus|Reuniclus, F|100/100
|move|p1a: Mantine|Defog|p2a: Reuniclus
|-unboost|p2a: Reuniclus|evasion|1
|-sideend|p1: Rxup|Stealth Rock|[from] move: Defog|[of] p1a: Mantine
|
|upkeep
|turn|18
|
|t:|1645926456
|switch|p1a: Reuniclus|Reuniclus, F|100/100 tox
|move|p2a: Reuniclus|Calm Mind|p2a: Reuniclus
|-boost|p2a: Reuniclus|spa|1
|-boost|p2a: Reuniclus|spd|1
|
|-damage|p1a: Reuniclus|94/100 tox|[from] psn
|upkeep
|turn|19
|
|t:|1645926462
|move|p2a: Reuniclus|Calm Mind|p2a: Reuniclus
|-boost|p2a: Reuniclus|spa|1
|-boost|p2a: Reuniclus|spd|1
|move|p1a: Reuniclus|Knock Off|p2a: Reuniclus
|-supereffective|p2a: Reuniclus
|-damage|p2a: Reuniclus|76/100
|-enditem|p2a: Reuniclus|Leftovers|[from] move: Knock Off|[of] p1a: Reuniclus
|
|-damage|p1a: Reuniclus|82/100 tox|[from] psn
|upkeep
|turn|20
|
|t:|1645926466
|switch|p1a: Mantine|Mantine, F|62/100
|move|p2a: Reuniclus|Calm Mind|p2a: Reuniclus
|-boost|p2a: Reuniclus|spa|1
|-boost|p2a: Reuniclus|spd|1
|
|upkeep
|turn|21
|
|t:|1645926471
|move|p1a: Mantine|Haze|p1a: Mantine
|-clearallboost
|move|p2a: Reuniclus|Psyshock|p1a: Mantine
|-damage|p1a: Mantine|34/100
|
|upkeep
|turn|22
|
|t:|1645926475
|move|p1a: Mantine|Roost|p1a: Mantine
|-heal|p1a: Mantine|84/100
|-singleturn|p1a: Mantine|move: Roost
|move|p2a: Reuniclus|Calm Mind|p2a: Reuniclus
|-boost|p2a: Reuniclus|spa|1
|-boost|p2a: Reuniclus|spd|1
|
|upkeep
|turn|23
|
|t:|1645926477
|move|p1a: Mantine|Haze|p1a: Mantine
|-clearallboost
|move|p2a: Reuniclus|Psyshock|p1a: Mantine
|-damage|p1a: Mantine|55/100
|
|upkeep
|turn|24
|
|t:|1645926484
|move|p1a: Mantine|Roost|p1a: Mantine
|-heal|p1a: Mantine|100/100
|-singleturn|p1a: Mantine|move: Roost
|move|p2a: Reuniclus|Calm Mind|p2a: Reuniclus
|-boost|p2a: Reuniclus|spa|1
|-boost|p2a: Reuniclus|spd|1
|
|upkeep
|turn|25
|
|t:|1645926488
|move|p1a: Mantine|Haze|p1a: Mantine
|-clearallboost
|move|p2a: Reuniclus|Psyshock|p1a: Mantine
|-damage|p1a: Mantine|74/100
|
|upkeep
|turn|26
|
|t:|1645926491
|move|p1a: Mantine|Scald|p2a: Reuniclus
|-damage|p2a: Reuniclus|57/100
|move|p2a: Reuniclus|Recover|p2a: Reuniclus
|-heal|p2a: Reuniclus|100/100
|
|upkeep
|turn|27
|
|t:|1645926496
|switch|p2a: Registeel|Registeel|67/100
|move|p1a: Mantine|Scald|p2a: Registeel
|-damage|p2a: Registeel|55/100
|
|upkeep
|turn|28
|
|t:|1645926509
|switch|p1a: Cobalion|Cobalion|97/100
|move|p2a: Registeel|Stealth Rock|p1a: Cobalion
|-sidestart|p1: Rxup|move: Stealth Rock
|
|upkeep
|turn|29
|
|t:|1645926515
|switch|p2a: Golisopod|Golisopod, M|82/100 brn
|move|p1a: Cobalion|Close Combat|p2a: Golisopod
|-resisted|p2a: Golisopod
|-damage|p2a: Golisopod|63/100 brn
|-unboost|p1a: Cobalion|def|1
|-unboost|p1a: Cobalion|spd|1
|
|-damage|p2a: Golisopod|57/100 brn|[from] brn
|upkeep
|turn|30
|
|t:|1645926529
|switch|p2a: Weezing|Weezing-Galar, F|100/100
|-ability|p2a: Weezing|Neutralizing Gas
|move|p1a: Cobalion|Stone Edge|p2a: Weezing
|-damage|p2a: Weezing|82/100
|
|-heal|p2a: Weezing|88/100|[from] item: Black Sludge
|upkeep
|turn|31
|
|t:|1645926539
|switch|p1a: Reuniclus|Reuniclus, F|100/100 tox
|-damage|p1a: Reuniclus|88/100 tox|[from] Stealth Rock
|move|p2a: Weezing|Sludge Bomb|p1a: Reuniclus
|-damage|p1a: Reuniclus|74/100 tox
|
|-heal|p2a: Weezing|94/100|[from] item: Black Sludge
|-damage|p1a: Reuniclus|68/100 tox|[from] psn
|upkeep
|turn|32
|
|t:|1645926548
|-end|p2a: Weezing|ability: Neutralizing Gas
|switch|p2a: Reuniclus|Reuniclus, F|100/100
|move|p1a: Reuniclus|Future Sight|p2a: Reuniclus
|-start|p1a: Reuniclus|move: Future Sight
|
|-damage|p1a: Reuniclus|56/100 tox|[from] psn
|upkeep
|turn|33
|
|t:|1645926556
|switch|p1a: Mantine|Mantine, F|74/100
|-damage|p1a: Mantine|49/100|[from] Stealth Rock
|move|p2a: Reuniclus|Psyshock|p1a: Mantine
|-damage|p1a: Mantine|22/100
|
|upkeep
|turn|34
|
|t:|1645926565
|move|p1a: Mantine|Roost|p1a: Mantine
|-heal|p1a: Mantine|73/100
|-singleturn|p1a: Mantine|move: Roost
|move|p2a: Reuniclus|Psyshock|p1a: Mantine
|-damage|p1a: Mantine|43/100
|
|-end|p2a: Reuniclus|move: Future Sight
|-resisted|p2a: Reuniclus
|-damage|p2a: Reuniclus|70/100
|upkeep
|turn|35
|
|t:|1645926569
|switch|p2a: Weezing|Weezing-Galar, F|94/100
|-ability|p2a: Weezing|Neutralizing Gas
|move|p1a: Mantine|Roost|p1a: Mantine
|-heal|p1a: Mantine|94/100
|-singleturn|p1a: Mantine|move: Roost
|
|-heal|p2a: Weezing|99/100|[from] item: Black Sludge
|upkeep
|turn|36
|
|t:|1645926575
|-end|p2a: Weezing|ability: Neutralizing Gas
|switch|p2a: Chandelure|Chandelure, M, shiny|17/100
|move|p1a: Mantine|Scald|p2a: Chandelure
|-supereffective|p2a: Chandelure
|-damage|p2a: Chandelure|0 fnt
|faint|p2a: Chandelure
|
|upkeep
|
|t:|1645926593
|switch|p2a: Registeel|Registeel|55/100
|turn|37
|
|t:|1645926610
|switch|p1a: Cobalion|Cobalion|97/100
|-damage|p1a: Cobalion|94/100|[from] Stealth Rock
|move|p2a: Registeel|Seismic Toss|p1a: Cobalion
|-damage|p1a: Cobalion|63/100
|-damage|p2a: Registeel|39/100|[from] item: Rocky Helmet|[of] p1a: Cobalion
|
|upkeep
|turn|38
|
|t:|1645926621
|switch|p2a: Reuniclus|Reuniclus, F|70/100
|move|p1a: Cobalion|Swords Dance|p1a: Cobalion
|-boost|p1a: Cobalion|atk|2
|
|upkeep
|turn|39
|
|t:|1645926625
|move|p1a: Cobalion|Iron Head|p2a: Reuniclus
|-damage|p2a: Reuniclus|23/100
|move|p2a: Reuniclus|Focus Blast|p1a: Cobalion
|-supereffective|p1a: Cobalion
|-damage|p1a: Cobalion|0 fnt
|faint|p1a: Cobalion
|
|upkeep
|
|t:|1645926629
|switch|p1a: Kingler|Kingler, M|100/100
|-damage|p1a: Kingler|88/100|[from] Stealth Rock
|turn|40
|
|t:|1645926635
|switch|p2a: Weezing|Weezing-Galar, F|99/100
|-ability|p2a: Weezing|Neutralizing Gas
|move|p1a: Kingler|Liquidation|p2a: Weezing
|-damage|p2a: Weezing|56/100
|-damage|p1a: Kingler|78/100|[from] item: Life Orb
|
|-heal|p2a: Weezing|62/100|[from] item: Black Sludge
|upkeep
|turn|41
|
|t:|1645926651
|switch|p1a: Reuniclus|Reuniclus, F|89/100 tox
|-damage|p1a: Reuniclus|77/100 tox|[from] Stealth Rock
|-end|p2a: Weezing|ability: Neutralizing Gas
|switch|p2a: Reuniclus|Reuniclus, F|23/100
|
|-damage|p1a: Reuniclus|70/100 tox|[from] psn
|upkeep
|turn|42
|
|t:|1645926658
|move|p2a: Reuniclus|Recover|p2a: Reuniclus
|-heal|p2a: Reuniclus|73/100
|move|p1a: Reuniclus|Energy Ball|p2a: Reuniclus
|-damage|p2a: Reuniclus|46/100
|
|-damage|p1a: Reuniclus|58/100 tox|[from] psn
|upkeep
|turn|43
|
|t:|1645926666
|switch|p1a: Mantine|Mantine, F|94/100
|-damage|p1a: Mantine|69/100|[from] Stealth Rock
|move|p2a: Reuniclus|Psyshock|p1a: Mantine
|-damage|p1a: Mantine|39/100
|
|upkeep
|turn|44
|
|t:|1645926673
|move|p1a: Mantine|Roost|p1a: Mantine
|-heal|p1a: Mantine|90/100
|-singleturn|p1a: Mantine|move: Roost
|move|p2a: Reuniclus|Recover|p2a: Reuniclus
|-heal|p2a: Reuniclus|96/100
|
|upkeep
|turn|45
|
|t:|1645926680
|switch|p2a: Golisopod|Golisopod, M|57/100 brn
|move|p1a: Mantine|Defog|p2a: Golisopod
|-unboost|p2a: Golisopod|evasion|1
|-sideend|p1: Rxup|Stealth Rock|[from] move: Defog|[of] p1a: Mantine
|
|-damage|p2a: Golisopod|51/100 brn|[from] brn
|upkeep
|turn|46
|
|t:|1645926687
|move|p2a: Golisopod|First Impression|p1a: Mantine
|-resisted|p1a: Mantine
|-damage|p1a: Mantine|79/100
|move|p1a: Mantine|Scald|p2a: Golisopod
|-resisted|p2a: Golisopod
|-damage|p2a: Golisopod|39/100 brn
|-activate|p2a: Golisopod|ability: Emergency Exit
|
|t:|1645926696
|switch|p2a: Registeel|Registeel|39/100
|
|upkeep
|turn|47
|
|t:|1645926701
|switch|p1a: Kingler|Kingler, M|78/100
|move|p2a: Registeel|Stealth Rock|p1a: Kingler
|-sidestart|p1: Rxup|move: Stealth Rock
|
|upkeep
|turn|48
|
|t:|1645926714
|switch|p2a: Flygon|Flygon, M|9/100
|move|p1a: Kingler|Liquidation|p2a: Flygon
|-damage|p2a: Flygon|0 fnt
|faint|p2a: Flygon
|
|upkeep
|
|t:|1645926718
|switch|p2a: Weezing|Weezing-Galar, F|62/100
|-ability|p2a: Weezing|Neutralizing Gas
|turn|49
|
|t:|1645926733
|switch|p1a: Reuniclus|Reuniclus, F|91/100 tox
|-damage|p1a: Reuniclus|79/100 tox|[from] Stealth Rock
|-end|p2a: Weezing|ability: Neutralizing Gas
|switch|p2a: Reuniclus|Reuniclus, F|96/100
|
|-damage|p1a: Reuniclus|73/100 tox|[from] psn
|upkeep
|turn|50
|
|t:|1645926743
|switch|p2a: Registeel|Registeel|39/100
|switch|p1a: Mantine|Mantine, F|79/100
|-damage|p1a: Mantine|54/100|[from] Stealth Rock
|
|upkeep
|turn|51
|
|t:|1645926752
|move|p1a: Mantine|Roost|p1a: Mantine
|-heal|p1a: Mantine|100/100
|-singleturn|p1a: Mantine|move: Roost
|move|p2a: Registeel|Toxic|p1a: Mantine
|-status|p1a: Mantine|tox
|
|-damage|p1a: Mantine|94/100 tox|[from] psn
|upkeep
|turn|52
|
|t:|1645926757
|move|p1a: Mantine|Scald|p2a: Registeel
|-damage|p2a: Registeel|28/100
|-status|p2a: Registeel|brn
|move|p2a: Registeel|Seismic Toss|p1a: Mantine
|-damage|p1a: Mantine|68/100 tox
|
|-damage|p1a: Mantine|55/100 tox|[from] psn
|-damage|p2a: Registeel|22/100 brn|[from] brn
|upkeep
|turn|53
|
|t:|1645926761
|switch|p1a: Reuniclus|Reuniclus, F|100/100 tox
|-damage|p1a: Reuniclus|88/100 tox|[from] Stealth Rock
|move|p2a: Registeel|Stealth Rock||[still]
|-fail|p2a: Registeel
|
|-damage|p1a: Reuniclus|82/100 tox|[from] psn
|-damage|p2a: Registeel|16/100 brn|[from] brn
|upkeep
|turn|54
|
|t:|1645926771
|switch|p2a: Reuniclus|Reuniclus, F|96/100
|move|p1a: Reuniclus|Future Sight|p2a: Reuniclus
|-start|p1a: Reuniclus|move: Future Sight
|
|-damage|p1a: Reuniclus|70/100 tox|[from] psn
|upkeep
|turn|55
|
|t:|1645926777
|switch|p1a: Gardevoir|Gardevoir, F, shiny|100/100
|-damage|p1a: Gardevoir|88/100|[from] Stealth Rock
|-ability|p1a: Gardevoir|Magic Guard|[from] ability: Trace|[of] p2a: Reuniclus
|move|p2a: Reuniclus|Focus Blast|p1a: Gardevoir|[miss]
|-miss|p2a: Reuniclus|p1a: Gardevoir
|
|upkeep
|turn|56
|
|t:|1645926787
|switch|p2a: Registeel|Registeel|16/100 brn
|move|p1a: Gardevoir|Moonblast|p2a: Registeel
|-resisted|p2a: Registeel
|-damage|p2a: Registeel|3/100 brn
|
|-end|p2a: Registeel|move: Future Sight
|-resisted|p2a: Registeel
|-damage|p2a: Registeel|0 fnt
|faint|p2a: Registeel
|upkeep
|
|t:|1645926799
|switch|p2a: Reuniclus|Reuniclus, F|96/100
|turn|57
|
|t:|1645926806
|switch|p1a: Mantine|Mantine, F|55/100 tox
|-damage|p1a: Mantine|30/100 tox|[from] Stealth Rock
|move|p2a: Reuniclus|Focus Blast|p1a: Mantine|[miss]
|-miss|p2a: Reuniclus|p1a: Mantine
|
|-damage|p1a: Mantine|24/100 tox|[from] psn
|upkeep
|turn|58
|
|t:|1645926811
|move|p1a: Mantine|Roost|p1a: Mantine
|-heal|p1a: Mantine|74/100 tox
|-singleturn|p1a: Mantine|move: Roost
|move|p2a: Reuniclus|Calm Mind|p2a: Reuniclus
|-boost|p2a: Reuniclus|spa|1
|-boost|p2a: Reuniclus|spd|1
|
|-damage|p1a: Mantine|62/100 tox|[from] psn
|upkeep
|turn|59
|
|t:|1645926815
|move|p1a: Mantine|Haze|p1a: Mantine
|-clearallboost
|move|p2a: Reuniclus|Calm Mind|p2a: Reuniclus
|-boost|p2a: Reuniclus|spa|1
|-boost|p2a: Reuniclus|spd|1
|
|-damage|p1a: Mantine|43/100 tox|[from] psn
|upkeep
|turn|60
|
|t:|1645926820
|switch|p1a: Gardevoir|Gardevoir, F, shiny|88/100
|-damage|p1a: Gardevoir|76/100|[from] Stealth Rock
|-ability|p1a: Gardevoir|Magic Guard|[from] ability: Trace|[of] p2a: Reuniclus
|move|p2a: Reuniclus|Calm Mind|p2a: Reuniclus
|-boost|p2a: Reuniclus|spa|1
|-boost|p2a: Reuniclus|spd|1
|
|upkeep
|turn|61
|
|t:|1645926825
|move|p1a: Gardevoir|Trick|p2a: Reuniclus
|-activate|p1a: Gardevoir|move: Trick|[of] p2a: Reuniclus
|-item|p2a: Reuniclus|Choice Scarf|[from] move: Trick
|-enditem|p1a: Gardevoir|Choice Scarf|[silent]|[from] move: Trick
|move|p2a: Reuniclus|Psyshock|p1a: Gardevoir
|-resisted|p1a: Gardevoir
|-damage|p1a: Gardevoir|13/100
|
|upkeep
|turn|62
|
|t:|1645926832
|move|p1a: Gardevoir|Healing Wish|p1a: Gardevoir
|faint|p1a: Gardevoir
|move|p2a: Reuniclus|Psyshock|p1: Gardevoir|[notarget]
|-fail|p2a: Reuniclus
|
|upkeep
|
|t:|1645926836
|switch|p1a: Mantine|Mantine, F|43/100 tox
|-heal|p1a: Mantine|100/100|[from] move: Healing Wish
|-damage|p1a: Mantine|76/100|[from] Stealth Rock
|turn|63
|
|t:|1645926842
|move|p1a: Mantine|Haze|p1a: Mantine
|-clearallboost
|move|p2a: Reuniclus|Psyshock|p1a: Mantine
|-damage|p1a: Mantine|49/100
|
|upkeep
|turn|64
|c|☆Steven Davis|gg
|
|t:|1645926852
|switch|p2a: Weezing|Weezing-Galar, F|62/100
|-ability|p2a: Weezing|Neutralizing Gas
|move|p1a: Mantine|Roost|p1a: Mantine
|-heal|p1a: Mantine|99/100
|-singleturn|p1a: Mantine|move: Roost
|
|-heal|p2a: Weezing|68/100|[from] item: Black Sludge
|upkeep
|turn|65
|
|t:|1645926863
|switch|p1a: Reuniclus|Reuniclus, F|100/100 tox
|-damage|p1a: Reuniclus|88/100 tox|[from] Stealth Rock
|move|p2a: Weezing|Sludge Bomb|p1a: Reuniclus
|-damage|p1a: Reuniclus|74/100 tox
|
|-heal|p2a: Weezing|74/100|[from] item: Black Sludge
|-damage|p1a: Reuniclus|68/100 tox|[from] psn
|upkeep
|turn|66
|
|t:|1645926869
|-end|p2a: Weezing|ability: Neutralizing Gas
|switch|p2a: Reuniclus|Reuniclus, F|96/100
|move|p1a: Reuniclus|Future Sight|p2a: Reuniclus
|-start|p1a: Reuniclus|move: Future Sight
|
|-damage|p1a: Reuniclus|56/100 tox|[from] psn
|upkeep
|turn|67
|
|t:|1645926876
|switch|p1a: Mantine|Mantine, F|99/100
|-damage|p1a: Mantine|74/100|[from] Stealth Rock
|move|p2a: Reuniclus|Psyshock|p1a: Mantine
|-damage|p1a: Mantine|48/100
|
|upkeep
|turn|68
|
|t:|1645926882
|move|p1a: Mantine|Roost|p1a: Mantine
|-heal|p1a: Mantine|99/100
|-singleturn|p1a: Mantine|move: Roost
|move|p2a: Reuniclus|Psyshock|p1a: Mantine
|-damage|p1a: Mantine|69/100
|
|-end|p2a: Reuniclus|move: Future Sight
|-resisted|p2a: Reuniclus
|-damage|p2a: Reuniclus|67/100
|upkeep
|turn|69
|
|t:|1645926887
|switch|p2a: Golisopod|Golisopod, M|39/100 brn
|move|p1a: Mantine|Defog|p2a: Golisopod
|-unboost|p2a: Golisopod|evasion|1
|-sideend|p1: Rxup|Stealth Rock|[from] move: Defog|[of] p1a: Mantine
|
|-damage|p2a: Golisopod|33/100 brn|[from] brn
|upkeep
|turn|70
|
|t:|1645926894
|move|p1a: Mantine|Scald|p2a: Golisopod
|-resisted|p2a: Golisopod
|-damage|p2a: Golisopod|21/100 brn
|move|p2a: Golisopod|Knock Off|p1a: Mantine
|-damage|p1a: Mantine|59/100
|
|-damage|p2a: Golisopod|15/100 brn|[from] brn
|upkeep
|turn|71
|
|t:|1645926903
|move|p1a: Mantine|Roost|p1a: Mantine
|-heal|p1a: Mantine|100/100
|-singleturn|p1a: Mantine|move: Roost
|move|p2a: Golisopod|Spikes|p1a: Mantine
|-sidestart|p1: Rxup|Spikes
|
|-damage|p2a: Golisopod|9/100 brn|[from] brn
|upkeep
|turn|72
|
|t:|1645926907
|move|p1a: Mantine|Scald|p2a: Golisopod
|-resisted|p2a: Golisopod
|-damage|p2a: Golisopod|0 fnt
|faint|p2a: Golisopod
|
|upkeep
|
|t:|1645926911
|switch|p2a: Weezing|Weezing-Galar, F|74/100
|-ability|p2a: Weezing|Neutralizing Gas
|turn|73
|
|t:|1645926916
|move|p1a: Mantine|Scald|p2a: Weezing
|-damage|p2a: Weezing|43/100
|move|p2a: Weezing|Strange Steam|p1a: Mantine
|-damage|p1a: Mantine|83/100
|
|-heal|p2a: Weezing|49/100|[from] item: Black Sludge
|upkeep
|turn|74
|
|t:|1645926921
|move|p1a: Mantine|Scald|p2a: Weezing
|-damage|p2a: Weezing|20/100
|-status|p2a: Weezing|brn
|move|p2a: Weezing|Sludge Bomb|p1a: Mantine
|-damage|p1a: Mantine|65/100
|
|-heal|p2a: Weezing|26/100 brn|[from] item: Black Sludge
|-damage|p2a: Weezing|20/100 brn|[from] brn
|upkeep
|turn|75
|
|t:|1645926923
|move|p1a: Mantine|Scald|p2a: Weezing
|-damage|p2a: Weezing|0 fnt
|faint|p2a: Weezing
|-end|p2a: Weezing|ability: Neutralizing Gas
|
|upkeep
|-message|Steven Davis forfeited.
|
|win|Rxup
|raw|Rxup's rating: 1480 &rarr; <strong>1495</strong><br />(+15 for winning)
|raw|Steven Davis's rating: 1389 &rarr; <strong>1374</strong><br />(-15 for losing)
|l|☆Steven Davis
