|j|☆h2otogo2
|j|☆Time to Panic
|player|p1|h2otogo2|1|1329
|player|p2|Time to Panic|pokemaniac|1438
|teamsize|p1|6
|teamsize|p2|6
|gametype|singles
|gen|8
|tier|[Gen 8] RU
|rated|
|clearpoke
|poke|p1|Pangoro, M|
|poke|p1|Dhelmise|
|poke|p1|Salazzle, F|
|poke|p1|Jolteon, M|
|poke|p1|Vaporeon, M|
|poke|p1|Steelix, F|
|poke|p2|Silvally-*|
|poke|p2|Sigilyph, M|
|poke|p2|Passimian, F|
|poke|p2|Mr. Mime-Galar, F|
|poke|p2|Vileplume, F|
|poke|p2|Gigalith, M|
|rule|Sleep Clause Mod: Limit one foe put to sleep
|rule|Species Clause: Limit one of each Pokémon
|rule|OHKO Clause: OHKO moves are banned
|rule|Evasion Moves Clause: Evasion moves are banned
|rule|Endless Battle Clause: Forcing endless battles is banned
|rule|HP Percentage Mod: HP is shown in percentages
|rule|Dynamax Clause: You cannot dynamax
|teampreview
|inactive|Battle timer is ON: inactive players will automatically lose when time's up. (requested by h2otogo2)
|
|start
|switch|p1a: Salazzle|Salazzle, F|100/100
|switch|p2a: Passimian|Passimian, F|100/100
|turn|1
|
|move|p1a: Salazzle|Protect|p1a: Salazzle
|-singleturn|p1a: Salazzle|Protect
|move|p2a: Passimian|Earthquake|p1a: Salazzle
|-activate|p1a: Salazzle|move: Protect
|
|upkeep
|turn|2
|
|switch|p1a: Dhelmise|Dhelmise|100/100
|move|p2a: Passimian|Earthquake|p1a: Dhelmise
|-resisted|p1a: Dhelmise
|-damage|p1a: Dhelmise|84/100
|
|upkeep
|turn|3
|
|switch|p2a: Silvally|Silvally-Steel|100/100
|move|p1a: Dhelmise|Shadow Claw|p2a: Silvally
|-damage|p2a: Silvally|60/100
|
|upkeep
|turn|4
|
|switch|p1a: Salazzle|Salazzle, F|100/100
|move|p2a: Silvally|U-turn|p1a: Salazzle
|-resisted|p1a: Salazzle
|-damage|p1a: Salazzle|94/100
|
|switch|p2a: Passimian|Passimian, F|100/100|[from]move: U-turn
|
|-heal|p1a: Salazzle|99/100|[from] item: Black Sludge
|upkeep
|turn|5
|
|move|p1a: Salazzle|Protect|p1a: Salazzle
|-singleturn|p1a: Salazzle|Protect
|move|p2a: Passimian|U-turn|p1a: Salazzle
|-activate|p1a: Salazzle|move: Protect
|
|-heal|p1a: Salazzle|100/100|[from] item: Black Sludge
|upkeep
|turn|6
|
|move|p2a: Passimian|U-turn|p1a: Salazzle
|-resisted|p1a: Salazzle
|-damage|p1a: Salazzle|91/100
|
|switch|p2a: Gigalith|Gigalith, M|100/100|[from]move: U-turn
|-weather|Sandstorm|[from] ability: Sand Stream|[of] p2a: Gigalith
|move|p1a: Salazzle|Toxic|p2a: Gigalith
|-status|p2a: Gigalith|tox
|
|-weather|Sandstorm|[upkeep]
|-damage|p1a: Salazzle|85/100|[from] Sandstorm
|-heal|p1a: Salazzle|91/100|[from] item: Black Sludge
|-damage|p2a: Gigalith|94/100 tox|[from] psn
|upkeep
|turn|7
|
|switch|p1a: Dhelmise|Dhelmise|84/100
|move|p2a: Gigalith|Stealth Rock|p1a: Dhelmise
|-sidestart|p1: h2otogo2|move: Stealth Rock
|
|-weather|Sandstorm|[upkeep]
|-damage|p1a: Dhelmise|78/100|[from] Sandstorm
|-heal|p2a: Gigalith|100/100 tox|[from] item: Leftovers
|-damage|p2a: Gigalith|88/100 tox|[from] psn
|upkeep
|turn|8
|
|switch|p2a: Vileplume|Vileplume, F|100/100
|move|p1a: Dhelmise|Rapid Spin|p2a: Vileplume
|-damage|p2a: Vileplume|86/100
|-sideend|p1: h2otogo2|Stealth Rock|[from] move: Rapid Spin|[of] p1a: Dhelmise
|-boost|p1a: Dhelmise|spe|1
|
|-weather|Sandstorm|[upkeep]
|-damage|p1a: Dhelmise|72/100|[from] Sandstorm
|-damage|p2a: Vileplume|80/100|[from] Sandstorm
|-heal|p2a: Vileplume|86/100|[from] item: Black Sludge
|upkeep
|turn|9
|
|switch|p1a: Pangoro|Pangoro, M|100/100
|switch|p2a: Gigalith|Gigalith, M|88/100 tox
|
|-weather|Sandstorm|[upkeep]
|-damage|p1a: Pangoro|94/100|[from] Sandstorm
|-heal|p2a: Gigalith|94/100 tox|[from] item: Leftovers
|-damage|p2a: Gigalith|88/100 tox|[from] psn
|upkeep
|turn|10
|
|move|p2a: Gigalith|Protect|p2a: Gigalith
|-singleturn|p2a: Gigalith|Protect
|move|p1a: Pangoro|Darkest Lariat|p2a: Gigalith
|-activate|p2a: Gigalith|move: Protect
|
|-weather|none
|-heal|p2a: Gigalith|94/100 tox|[from] item: Leftovers
|-damage|p2a: Gigalith|82/100 tox|[from] psn
|upkeep
|turn|11
|
|switch|p1a: Dhelmise|Dhelmise|72/100
|move|p2a: Gigalith|Body Press|p1a: Dhelmise
|-immune|p1a: Dhelmise
|
|-heal|p2a: Gigalith|88/100 tox|[from] item: Leftovers
|-damage|p2a: Gigalith|70/100 tox|[from] psn
|upkeep
|turn|12
|
|switch|p2a: Vileplume|Vileplume, F|86/100
|move|p1a: Dhelmise|Anchor Shot|p2a: Vileplume
|-damage|p2a: Vileplume|51/100
|-activate|p2a: Vileplume|trapped
|
|-heal|p2a: Vileplume|57/100|[from] item: Black Sludge
|upkeep
|turn|13
|
|switch|p1a: Salazzle|Salazzle, F|91/100
|move|p2a: Vileplume|Strength Sap|p1a: Salazzle
|-unboost|p1a: Salazzle|atk|1
|-heal|p2a: Vileplume|91/100
|
|-heal|p1a: Salazzle|98/100|[from] item: Black Sludge
|-heal|p2a: Vileplume|97/100|[from] item: Black Sludge
|upkeep
|turn|14
|
|switch|p2a: Gigalith|Gigalith, M|70/100 tox
|-weather|Sandstorm|[from] ability: Sand Stream|[of] p2a: Gigalith
|move|p1a: Salazzle|Flamethrower|p2a: Gigalith
|-resisted|p2a: Gigalith
|-damage|p2a: Gigalith|60/100 tox
|
|-weather|Sandstorm|[upkeep]
|-damage|p1a: Salazzle|91/100|[from] Sandstorm
|-heal|p1a: Salazzle|98/100|[from] item: Black Sludge
|-heal|p2a: Gigalith|66/100 tox|[from] item: Leftovers
|-damage|p2a: Gigalith|60/100 tox|[from] psn
|upkeep
|turn|15
|
|switch|p1a: Dhelmise|Dhelmise|72/100
|move|p2a: Gigalith|Rock Blast|p1a: Dhelmise
|-damage|p1a: Dhelmise|60/100
|-damage|p1a: Dhelmise|48/100
|-damage|p1a: Dhelmise|38/100
|-damage|p1a: Dhelmise|27/100
|-hitcount|p1a: Dhelmise|4
|
|-weather|Sandstorm|[upkeep]
|-damage|p1a: Dhelmise|21/100|[from] Sandstorm
|-heal|p2a: Gigalith|66/100 tox|[from] item: Leftovers
|-damage|p2a: Gigalith|53/100 tox|[from] psn
|upkeep
|turn|16
|
|switch|p2a: Vileplume|Vileplume, F|97/100
|move|p1a: Dhelmise|Rapid Spin|p2a: Vileplume
|-damage|p2a: Vileplume|82/100
|-boost|p1a: Dhelmise|spe|1
|
|-weather|Sandstorm|[upkeep]
|-damage|p1a: Dhelmise|15/100|[from] Sandstorm
|-damage|p2a: Vileplume|76/100|[from] Sandstorm
|-heal|p2a: Vileplume|82/100|[from] item: Black Sludge
|upkeep
|turn|17
|
|move|p1a: Dhelmise|Shadow Claw|p2a: Vileplume
|-damage|p2a: Vileplume|52/100
|move|p2a: Vileplume|Sludge Bomb|p1a: Dhelmise
|-damage|p1a: Dhelmise|0 fnt
|faint|p1a: Dhelmise
|
|-weather|Sandstorm|[upkeep]
|-damage|p2a: Vileplume|45/100|[from] Sandstorm
|-heal|p2a: Vileplume|52/100|[from] item: Black Sludge
|upkeep
|
|switch|p1a: Pangoro|Pangoro, M|94/100
|turn|18
|inactive|Time to Panic has 120 seconds left.
|
|switch|p2a: Passimian|Passimian, F|100/100
|move|p1a: Pangoro|Darkest Lariat|p2a: Passimian
|-resisted|p2a: Passimian
|-damage|p2a: Passimian|65/100
|
|-weather|none
|upkeep
|turn|19
|inactive|Time to Panic has 120 seconds left.
|
|switch|p1a: Vaporeon|Vaporeon, M|100/100
|move|p2a: Passimian|Close Combat|p1a: Vaporeon
|-damage|p1a: Vaporeon|58/100
|-unboost|p2a: Passimian|def|1
|-unboost|p2a: Passimian|spd|1
|
|-heal|p1a: Vaporeon|64/100|[from] item: Leftovers
|upkeep
|turn|20
|
|switch|p2a: Vileplume|Vileplume, F|52/100
|move|p1a: Vaporeon|Scald|p2a: Vileplume
|-resisted|p2a: Vileplume
|-damage|p2a: Vileplume|36/100
|-status|p2a: Vileplume|brn
|
|-heal|p1a: Vaporeon|70/100|[from] item: Leftovers
|-heal|p2a: Vileplume|43/100 brn|[from] item: Black Sludge
|-damage|p2a: Vileplume|36/100 brn|[from] brn
|upkeep
|turn|21
|
|move|p1a: Vaporeon|Protect|p1a: Vaporeon
|-singleturn|p1a: Vaporeon|Protect
|move|p2a: Vileplume|Strength Sap|p1a: Vaporeon
|-activate|p1a: Vaporeon|move: Protect
|
|-heal|p1a: Vaporeon|76/100|[from] item: Leftovers
|-heal|p2a: Vileplume|43/100 brn|[from] item: Black Sludge
|-damage|p2a: Vileplume|36/100 brn|[from] brn
|upkeep
|turn|22
|
|switch|p1a: Salazzle|Salazzle, F|98/100
|move|p2a: Vileplume|Strength Sap|p1a: Salazzle
|-unboost|p1a: Salazzle|atk|1
|-heal|p2a: Vileplume|70/100 brn
|
|-heal|p1a: Salazzle|100/100|[from] item: Black Sludge
|-heal|p2a: Vileplume|76/100 brn|[from] item: Black Sludge
|-damage|p2a: Vileplume|70/100 brn|[from] brn
|upkeep
|turn|23
|
|switch|p1a: Pangoro|Pangoro, M|94/100
|switch|p2a: Gigalith|Gigalith, M|53/100 tox
|-weather|Sandstorm|[from] ability: Sand Stream|[of] p2a: Gigalith
|
|-weather|Sandstorm|[upkeep]
|-damage|p1a: Pangoro|88/100|[from] Sandstorm
|-heal|p2a: Gigalith|60/100 tox|[from] item: Leftovers
|-damage|p2a: Gigalith|53/100 tox|[from] psn
|upkeep
|turn|24
|
|move|p2a: Gigalith|Protect|p2a: Gigalith
|-singleturn|p2a: Gigalith|Protect
|move|p1a: Pangoro|Darkest Lariat|p2a: Gigalith
|-activate|p2a: Gigalith|move: Protect
|
|-weather|Sandstorm|[upkeep]
|-damage|p1a: Pangoro|82/100|[from] Sandstorm
|-heal|p2a: Gigalith|60/100 tox|[from] item: Leftovers
|-damage|p2a: Gigalith|47/100 tox|[from] psn
|upkeep
|turn|25
|
|move|p1a: Pangoro|Darkest Lariat|p2a: Gigalith
|-damage|p2a: Gigalith|5/100 tox
|move|p2a: Gigalith|Body Press|p1a: Pangoro
|-supereffective|p1a: Pangoro
|-damage|p1a: Pangoro|15/100
|
|-weather|Sandstorm|[upkeep]
|-damage|p1a: Pangoro|9/100|[from] Sandstorm
|-heal|p2a: Gigalith|11/100 tox|[from] item: Leftovers
|-damage|p2a: Gigalith|0 fnt|[from] psn
|faint|p2a: Gigalith
|upkeep
|
|switch|p2a: Passimian|Passimian, F|65/100
|turn|26
|
|switch|p1a: Steelix|Steelix, F|100/100
|move|p2a: Passimian|U-turn|p1a: Steelix
|-resisted|p1a: Steelix
|-damage|p1a: Steelix|95/100
|inactive|Time to Panic has 120 seconds left.
|
|switch|p2a: Sigilyph|Sigilyph, M|100/100|[from]move: U-turn
|
|-weather|Sandstorm|[upkeep]
|-heal|p1a: Steelix|100/100|[from] item: Leftovers
|upkeep
|turn|27
|
|switch|p2a: Vileplume|Vileplume, F|70/100 brn
|move|p1a: Steelix|Heavy Slam|p2a: Vileplume
|-damage|p2a: Vileplume|32/100 brn
|-status|p1a: Steelix|slp|[from] ability: Effect Spore|[of] p2a: Vileplume
|
|-weather|none
|-heal|p2a: Vileplume|38/100 brn|[from] item: Black Sludge
|-damage|p2a: Vileplume|32/100 brn|[from] brn
|upkeep
|turn|28
|inactive|Time to Panic has 120 seconds left.
|
|switch|p1a: Salazzle|Salazzle, F|100/100
|move|p2a: Vileplume|Strength Sap|p1a: Salazzle
|-unboost|p1a: Salazzle|atk|1
|-heal|p2a: Vileplume|65/100 brn
|
|-heal|p2a: Vileplume|72/100 brn|[from] item: Black Sludge
|-damage|p2a: Vileplume|65/100 brn|[from] brn
|upkeep
|turn|29
|inactive|Time to Panic has 120 seconds left.
|
|switch|p2a: Silvally|Silvally-Steel|60/100
|move|p1a: Salazzle|Flamethrower|p2a: Silvally
|-supereffective|p2a: Silvally
|-damage|p2a: Silvally|0 fnt
|faint|p2a: Silvally
|
|upkeep
|inactive|Time to Panic has 120 seconds left.
|
|switch|p2a: Passimian|Passimian, F|65/100
|turn|30
|j| It's a trap pat
|
|move|p1a: Salazzle|Protect|p1a: Salazzle
|-singleturn|p1a: Salazzle|Protect
|move|p2a: Passimian|Earthquake|p1a: Salazzle
|-activate|p1a: Salazzle|move: Protect
|
|upkeep
|turn|31
|
|switch|p2a: Sigilyph|Sigilyph, M|100/100
|switch|p1a: Pangoro|Pangoro, M|9/100
|
|upkeep
|turn|32
|
|move|p1a: Pangoro|Bullet Punch|p2a: Sigilyph
|-damage|p2a: Sigilyph|69/100
|move|p2a: Sigilyph|Heat Wave|p1a: Pangoro
|-damage|p1a: Pangoro|0 fnt
|faint|p1a: Pangoro
|
|upkeep
|
|switch|p1a: Jolteon|Jolteon, M|100/100
|turn|33
|inactive|Time to Panic has 120 seconds left.
|
|switch|p2a: Mr. Mime|Mr. Mime-Galar, F|100/100
|move|p1a: Jolteon|Shadow Ball|p2a: Mr. Mime
|-supereffective|p2a: Mr. Mime
|-damage|p2a: Mr. Mime|8/100
|-damage|p1a: Jolteon|91/100|[from] item: Life Orb
|
|upkeep
|turn|34
|inactive|Time to Panic has 120 seconds left.
|
|move|p1a: Jolteon|Volt Switch|p2a: Mr. Mime
|-damage|p2a: Mr. Mime|0 fnt
|-damage|p1a: Jolteon|81/100|[from] item: Life Orb
|faint|p2a: Mr. Mime
|
|switch|p1a: Salazzle|Salazzle, F|100/100|[from]move: Volt Switch
|
|upkeep
|
|switch|p2a: Passimian|Passimian, F|65/100
|turn|35
|
|move|p1a: Salazzle|Protect|p1a: Salazzle
|-singleturn|p1a: Salazzle|Protect
|move|p2a: Passimian|Earthquake|p1a: Salazzle
|-activate|p1a: Salazzle|move: Protect
|
|upkeep
|turn|36
|
|switch|p1a: Vaporeon|Vaporeon, M|76/100
|move|p2a: Passimian|Earthquake|p1a: Vaporeon
|-damage|p1a: Vaporeon|50/100
|
|-heal|p1a: Vaporeon|57/100|[from] item: Leftovers
|upkeep
|turn|37
|
|switch|p2a: Sigilyph|Sigilyph, M|69/100
|move|p1a: Vaporeon|Scald|p2a: Sigilyph
|-damage|p2a: Sigilyph|30/100
|
|-heal|p1a: Vaporeon|63/100|[from] item: Leftovers
|upkeep
|turn|38
|
|move|p2a: Sigilyph|Roost|p2a: Sigilyph
|-heal|p2a: Sigilyph|80/100
|-singleturn|p2a: Sigilyph|move: Roost
|move|p1a: Vaporeon|Scald|p2a: Sigilyph
|-damage|p2a: Sigilyph|39/100
|-status|p2a: Sigilyph|brn
|
|-heal|p1a: Vaporeon|69/100|[from] item: Leftovers
|upkeep
|turn|39
|
|switch|p1a: Jolteon|Jolteon, M|81/100
|move|p2a: Sigilyph|Roost|p2a: Sigilyph
|-heal|p2a: Sigilyph|89/100 brn
|-singleturn|p2a: Sigilyph|move: Roost
|
|upkeep
|turn|40
|inactive|Time to Panic has 120 seconds left.
|
|switch|p2a: Vileplume|Vileplume, F|65/100 brn
|move|p1a: Jolteon|Volt Switch|p2a: Vileplume
|-resisted|p2a: Vileplume
|-crit|p2a: Vileplume
|-damage|p2a: Vileplume|31/100 brn
|-damage|p1a: Jolteon|71/100|[from] item: Life Orb
|
|switch|p1a: Salazzle|Salazzle, F|100/100|[from]move: Volt Switch
|
|-heal|p2a: Vileplume|37/100 brn|[from] item: Black Sludge
|-damage|p2a: Vileplume|31/100 brn|[from] brn
|upkeep
|turn|41
|inactive|Time to Panic has 90 seconds left.
|
|move|p1a: Salazzle|Substitute|p1a: Salazzle
|-start|p1a: Salazzle|Substitute
|-damage|p1a: Salazzle|76/100
|move|p2a: Vileplume|Strength Sap||[still]
|-fail|p2a: Vileplume
|
|-heal|p1a: Salazzle|82/100|[from] item: Black Sludge
|-heal|p2a: Vileplume|37/100 brn|[from] item: Black Sludge
|-damage|p2a: Vileplume|31/100 brn|[from] brn
|upkeep
|turn|42
|
|move|p1a: Salazzle|Flamethrower|p2a: Vileplume
|-supereffective|p2a: Vileplume
|-damage|p2a: Vileplume|0 fnt
|faint|p2a: Vileplume
|
|-heal|p1a: Salazzle|88/100|[from] item: Black Sludge
|upkeep
|
|switch|p2a: Sigilyph|Sigilyph, M|89/100 brn
|turn|43
|
|move|p1a: Salazzle|Flamethrower|p2a: Sigilyph
|-damage|p2a: Sigilyph|42/100 brn
|move|p2a: Sigilyph|Calm Mind|p2a: Sigilyph
|-boost|p2a: Sigilyph|spa|1
|-boost|p2a: Sigilyph|spd|1
|
|-heal|p1a: Salazzle|94/100|[from] item: Black Sludge
|upkeep
|turn|44
|
|switch|p1a: Jolteon|Jolteon, M|71/100
|move|p2a: Sigilyph|Roost|p2a: Sigilyph
|-heal|p2a: Sigilyph|92/100 brn
|-singleturn|p2a: Sigilyph|move: Roost
|
|upkeep
|turn|45
|inactive|Time to Panic has 120 seconds left.
|
|move|p1a: Jolteon|Thunderbolt|p2a: Sigilyph
|-supereffective|p2a: Sigilyph
|-damage|p2a: Sigilyph|0 fnt
|-damage|p1a: Jolteon|61/100|[from] item: Life Orb
|faint|p2a: Sigilyph
|
|upkeep
|
|switch|p2a: Passimian|Passimian, F|65/100
|turn|46
|-message|Time to Panic forfeited.
|
|win|h2otogo2
|c|☆h2otogo2|gg
|raw|h2otogo2's rating: 1330 &rarr; <strong>1356</strong><br />(+26 for winning)
|raw|Time to Panic's rating: 1438 &rarr; <strong>1412</strong><br />(-26 for losing)
|l|☆Time to Panic
