|j|☆Tester482
|j|☆Ho3nConfirm3d
|t:|1647449706
|gametype|singles
|player|p1|Tester482|wattson|1426
|player|p2|Ho3nConfirm3d|#ho3nconfirm3d|1642
|teamsize|p1|6
|teamsize|p2|6
|gen|8
|tier|[Gen 8] RU
|rated|
|rule|Sleep Clause Mod: Limit one foe put to sleep
|rule|Species Clause: Limit one of each Pokémon
|rule|OHKO Clause: OHKO moves are banned
|rule|Evasion Moves Clause: Evasion moves are banned
|rule|Endless Battle Clause: Forcing endless battles is banned
|rule|HP Percentage Mod: HP is shown in percentages
|rule|Dynamax Clause: You cannot dynamax
|clearpoke
|poke|p1|Morpeko, M|
|poke|p1|Arcanine, F|
|poke|p1|Drifblim, M|
|poke|p1|Noivern, F|
|poke|p1|Cobalion|
|poke|p1|Mudsdale, F|
|poke|p2|Aurorus, F|
|poke|p2|Sandslash-Alola, F|
|poke|p2|Arctovish|
|poke|p2|Flygon, F|
|poke|p2|Doublade, F|
|poke|p2|Abomasnow, F|
|teampreview
|
|t:|1647449712
|start
|switch|p1a: Cobalion|Cobalion|100/100
|switch|p2a: Aurorus|Aurorus, F|100/100
|-weather|Hail|[from] ability: Snow Warning|[of] p2a: Aurorus
|turn|1
|
|t:|1647449724
|move|p1a: Cobalion|Iron Head|p2a: Aurorus
|-supereffective|p2a: Aurorus
|-enditem|p2a: Aurorus|Focus Sash
|-damage|p2a: Aurorus|1/100
|move|p2a: Aurorus|Earth Power|p1a: Cobalion
|-supereffective|p1a: Cobalion
|-damage|p1a: Cobalion|22/100
|
|-weather|Hail|[upkeep]
|-damage|p1a: Cobalion|16/100|[from] Hail
|-heal|p1a: Cobalion|22/100|[from] item: Leftovers
|upkeep
|turn|2
|
|t:|1647449732
|move|p1a: Cobalion|Stealth Rock|p2a: Aurorus
|-sidestart|p2: Ho3nConfirm3d|move: Stealth Rock
|move|p2a: Aurorus|Blizzard|p1a: Cobalion
|-resisted|p1a: Cobalion
|-crit|p1a: Cobalion
|-damage|p1a: Cobalion|0 fnt
|faint|p1a: Cobalion
|
|-weather|Hail|[upkeep]
|upkeep
|
|t:|1647449738
|switch|p1a: Morpeko|Morpeko, M|100/100
|turn|3
|
|t:|1647449760
|switch|p2a: Flygon|Flygon, F|100/100
|-damage|p2a: Flygon|94/100|[from] Stealth Rock
|move|p1a: Morpeko|Crunch|p2a: Flygon
|-damage|p2a: Flygon|43/100
|-damage|p1a: Morpeko|84/100|[from] item: Rocky Helmet|[of] p2a: Flygon
|-damage|p1a: Morpeko|74/100|[from] item: Life Orb
|
|-weather|Hail|[upkeep]
|-damage|p1a: Morpeko|68/100|[from] Hail
|-damage|p2a: Flygon|37/100|[from] Hail
|-formechange|p1a: Morpeko|Morpeko-Hangry||[from] ability: Hunger Switch
|upkeep
|turn|4
|
|t:|1647449767
|switch|p2a: Aurorus|Aurorus, F|1/100
|-damage|p2a: Aurorus|0 fnt|[from] Stealth Rock
|faint|p2a: Aurorus
|move|p1a: Morpeko|Aura Wheel|p2: Aurorus|[notarget]
|-fail|p1a: Morpeko
|
|-weather|Hail|[upkeep]
|-damage|p1a: Morpeko|62/100|[from] Hail
|-formechange|p1a: Morpeko|Morpeko||[from] ability: Hunger Switch
|upkeep
|
|t:|1647449772
|switch|p2a: Sandslash|Sandslash-Alola, F|100/100
|-damage|p2a: Sandslash|88/100|[from] Stealth Rock
|turn|5
|
|t:|1647449786
|move|p1a: Morpeko|Protect|p1a: Morpeko
|-singleturn|p1a: Morpeko|Protect
|move|p2a: Sandslash|Earthquake|p1a: Morpeko
|-activate|p1a: Morpeko|move: Protect
|
|-weather|none
|-formechange|p1a: Morpeko|Morpeko-Hangry||[from] ability: Hunger Switch
|upkeep
|turn|6
|
|t:|1647449808
|move|p1a: Morpeko|Aura Wheel|p2a: Sandslash
|-crit|p2a: Sandslash
|-damage|p2a: Sandslash|0 fnt
|-boost|p1a: Morpeko|spe|1
|faint|p2a: Sandslash
|-damage|p1a: Morpeko|52/100|[from] item: Life Orb
|
|-formechange|p1a: Morpeko|Morpeko||[from] ability: Hunger Switch
|upkeep
|
|t:|1647449813
|switch|p2a: Abomasnow|Abomasnow, F|100/100
|-damage|p2a: Abomasnow|76/100|[from] Stealth Rock
|-weather|Hail|[from] ability: Snow Warning|[of] p2a: Abomasnow
|turn|7
|
|t:|1647449822
|move|p1a: Morpeko|Protect|p1a: Morpeko
|-singleturn|p1a: Morpeko|Protect
|move|p2a: Abomasnow|Earthquake|p1a: Morpeko
|-activate|p1a: Morpeko|move: Protect
|
|-weather|Hail|[upkeep]
|-damage|p1a: Morpeko|46/100|[from] Hail
|-formechange|p1a: Morpeko|Morpeko-Hangry||[from] ability: Hunger Switch
|upkeep
|turn|8
|
|t:|1647449834
|move|p2a: Abomasnow|Ice Shard|p1a: Morpeko
|-damage|p1a: Morpeko|9/100
|move|p1a: Morpeko|Aura Wheel|p2a: Abomasnow
|-damage|p2a: Abomasnow|0 fnt
|-boost|p1a: Morpeko|spe|1
|faint|p2a: Abomasnow
|-damage|p1a: Morpeko|0 fnt|[from] item: Life Orb
|faint|p1a: Morpeko
|
|-weather|Hail|[upkeep]
|upkeep
|
|t:|1647449843
|switch|p1a: Arcanine|Arcanine, F|100/100
|switch|p2a: Arctovish|Arctovish|100/100
|-damage|p2a: Arctovish|76/100|[from] Stealth Rock
|-ability|p1a: Arcanine|Intimidate|boost
|-unboost|p2a: Arctovish|atk|1
|turn|9
|
|t:|1647449859
|switch|p1a: Drifblim|Drifblim, M|100/100
|move|p2a: Arctovish|Fishious Rend|p1a: Drifblim
|-crit|p1a: Drifblim
|-damage|p1a: Drifblim|0 fnt
|faint|p1a: Drifblim
|
|-weather|Hail|[upkeep]
|upkeep
|
|t:|1647449863
|switch|p1a: Arcanine|Arcanine, F|100/100
|-ability|p1a: Arcanine|Intimidate|boost
|-unboost|p2a: Arctovish|atk|1
|turn|10
|
|t:|1647449894
|move|p1a: Arcanine|Extreme Speed|p2a: Arctovish
|-damage|p2a: Arctovish|49/100
|move|p2a: Arctovish|Fishious Rend|p1a: Arcanine
|-supereffective|p1a: Arcanine
|-damage|p1a: Arcanine|36/100
|
|-weather|Hail|[upkeep]
|-damage|p1a: Arcanine|30/100|[from] Hail
|upkeep
|turn|11
|
|t:|1647449900
|move|p1a: Arcanine|Extreme Speed|p2a: Arctovish
|-damage|p2a: Arctovish|21/100
|move|p2a: Arctovish|Fishious Rend|p1a: Arcanine
|-supereffective|p1a: Arcanine
|-damage|p1a: Arcanine|0 fnt
|faint|p1a: Arcanine
|
|-weather|Hail|[upkeep]
|upkeep
|
|t:|1647449919
|switch|p1a: Mudsdale|Mudsdale, F|100/100
|turn|12
|
|t:|1647449931
|switch|p2a: Doublade|Doublade, F|100/100
|-damage|p2a: Doublade|94/100|[from] Stealth Rock
|move|p1a: Mudsdale|Body Press|p2a: Doublade
|-immune|p2a: Doublade
|
|-weather|Hail|[upkeep]
|-damage|p2a: Doublade|88/100|[from] Hail
|-damage|p1a: Mudsdale|94/100|[from] Hail
|upkeep
|turn|13
|
|t:|1647449934
|move|p2a: Doublade|Swords Dance|p2a: Doublade
|-boost|p2a: Doublade|atk|2
|move|p1a: Mudsdale|Earthquake|p2a: Doublade
|-supereffective|p2a: Doublade
|-damage|p2a: Doublade|48/100
|
|-weather|Hail|[upkeep]
|-damage|p2a: Doublade|42/100|[from] Hail
|-damage|p1a: Mudsdale|88/100|[from] Hail
|upkeep
|turn|14
|
|t:|1647449942
|switch|p2a: Flygon|Flygon, F|37/100
|-damage|p2a: Flygon|31/100|[from] Stealth Rock
|move|p1a: Mudsdale|Earthquake|p2a: Flygon
|-immune|p2a: Flygon|[from] ability: Levitate
|
|-weather|none
|upkeep
|turn|15
|
|t:|1647449948
|switch|p1a: Noivern|Noivern, F|100/100
|move|p2a: Flygon|Defog|p1a: Noivern
|-unboost|p1a: Noivern|evasion|1
|-sideend|p2: Ho3nConfirm3d|Stealth Rock|[from] move: Defog|[of] p2a: Flygon
|
|upkeep
|turn|16
|
|t:|1647449952
|switch|p2a: Arctovish|Arctovish|21/100
|move|p1a: Noivern|Dragon Pulse|p2a: Arctovish
|-damage|p2a: Arctovish|0 fnt
|faint|p2a: Arctovish
|
|upkeep
|
|t:|1647449953
|switch|p2a: Doublade|Doublade, F|42/100
|turn|17
|
|t:|1647449955
|move|p1a: Noivern|Dragon Pulse|p2a: Doublade
|-resisted|p2a: Doublade
|-damage|p2a: Doublade|9/100
|move|p2a: Doublade|Swords Dance|p2a: Doublade
|-boost|p2a: Doublade|atk|2
|
|upkeep
|turn|18
|
|t:|1647449962
|switch|p1a: Mudsdale|Mudsdale, F|88/100
|move|p2a: Doublade|Shadow Sneak|p1a: Mudsdale
|-damage|p1a: Mudsdale|63/100
|-ability|p1a: Mudsdale|Stamina|boost
|-boost|p1a: Mudsdale|def|1
|
|upkeep
|turn|19
|
|t:|1647449967
|move|p2a: Doublade|Shadow Claw|p1a: Mudsdale
|-damage|p1a: Mudsdale|35/100
|-ability|p1a: Mudsdale|Stamina|boost
|-boost|p1a: Mudsdale|def|1
|move|p1a: Mudsdale|Earthquake|p2a: Doublade
|-supereffective|p2a: Doublade
|-damage|p2a: Doublade|0 fnt
|faint|p2a: Doublade
|
|upkeep
|
|t:|1647449970
|switch|p2a: Flygon|Flygon, F|31/100
|turn|20
|
|t:|1647449973
|move|p2a: Flygon|Earthquake|p1a: Mudsdale
|-damage|p1a: Mudsdale|24/100
|-ability|p1a: Mudsdale|Stamina|boost
|-boost|p1a: Mudsdale|def|1
|move|p1a: Mudsdale|Body Press|p2a: Flygon
|-damage|p2a: Flygon|0 fnt
|-damage|p1a: Mudsdale|7/100|[from] item: Rocky Helmet|[of] p2a: Flygon
|faint|p2a: Flygon
|
|win|Tester482
|raw|Tester482's rating: 1440 &rarr; <strong>1470</strong><br />(+30 for winning)
|raw|Ho3nConfirm3d's rating: 1642 &rarr; <strong>1612</strong><br />(-30 for losing)
|l|☆Tester482
