|j|☆AmphibiansRiseUp
|j|☆Steven Davis
|t:|1651269238
|gametype|singles
|player|p1|AmphibiansRiseUp|grimsley-gen7|1363
|player|p2|Steven Davis|steven|1430
|teamsize|p1|6
|teamsize|p2|6
|gen|8
|tier|[Gen 8] RU
|rated|
|rule|Sleep Clause Mod: Limit one foe put to sleep
|rule|Species Clause: Limit one of each Pokémon
|rule|OHKO Clause: OHKO moves are banned
|rule|Evasion Moves Clause: Evasion moves are banned
|rule|Endless Battle Clause: Forcing endless battles is banned
|rule|HP Percentage Mod: HP is shown in percentages
|rule|Dynamax Clause: You cannot dynamax
|clearpoke
|poke|p1|Drapion, M|
|poke|p1|Klefki, F|
|poke|p1|Slurpuff, M|
|poke|p1|Mimikyu, M|
|poke|p1|Metagross|
|poke|p1|Sharpedo, M|
|poke|p2|Weezing-Galar, M|
|poke|p2|Registeel|
|poke|p2|Reuniclus, M|
|poke|p2|Flygon, F|
|poke|p2|Golisopod, M|
|poke|p2|Chandelure, M|
|teampreview
|inactive|Battle timer is ON: inactive players will automatically lose when time's up. (requested by AmphibiansRiseUp)
|
|t:|1651269245
|start
|switch|p1a: Klefki|Klefki, F|100/100
|switch|p2a: Golisopod|Golisopod, M, shiny|100/100
|turn|1
|
|t:|1651269266
|move|p1a: Klefki|Thunder Wave|p2a: Golisopod|[miss]
|-miss|p1a: Klefki|p2a: Golisopod
|move|p2a: Golisopod|Liquidation|p1a: Klefki
|-damage|p1a: Klefki|46/100
|-enditem|p1a: Klefki|Eject Button
|
|t:|1651269270
|switch|p1a: Sharpedo|Sharpedo, M|100/100
|
|upkeep
|turn|2
|
|t:|1651269276
|move|p1a: Sharpedo|Dark Pulse|p2a: Golisopod
|-damage|p2a: Golisopod|46/100
|-activate|p2a: Golisopod|ability: Emergency Exit
|-damage|p1a: Sharpedo|91/100|[from] item: Life Orb
|
|t:|1651269283
|switch|p2a: Registeel|Registeel|100/100
|
|-ability|p1a: Sharpedo|Speed Boost|boost
|-boost|p1a: Sharpedo|spe|1
|upkeep
|turn|3
|
|t:|1651269286
|switch|p1a: Klefki|Klefki, F|46/100
|move|p2a: Registeel|Stealth Rock|p1a: Klefki
|-sidestart|p1: AmphibiansRiseUp|move: Stealth Rock
|
|upkeep
|turn|4
|
|t:|1651269290
|move|p1a: Klefki|Spikes|p2a: Registeel
|-sidestart|p2: Steven Davis|Spikes
|move|p2a: Registeel|Heavy Slam|p1a: Klefki
|-damage|p1a: Klefki|5/100
|
|upkeep
|turn|5
|
|t:|1651269298
|switch|p2a: Golisopod|Golisopod, M, shiny|46/100
|move|p1a: Klefki|Fairy Lock|p1a: Klefki
|-fieldactivate|move: Fairy Lock
|
|upkeep
|turn|6
|
|t:|1651269302
|move|p1a: Klefki|Thunder Wave|p2a: Golisopod
|-status|p2a: Golisopod|par
|cant|p2a: Golisopod|par
|
|upkeep
|turn|7
|
|t:|1651269308
|move|p1a: Klefki|Spikes|p2a: Golisopod
|-sidestart|p2: Steven Davis|Spikes
|move|p2a: Golisopod|Spikes|p1a: Klefki
|-sidestart|p1: AmphibiansRiseUp|Spikes
|
|upkeep
|turn|8
|
|t:|1651269310
|move|p1a: Klefki|Spikes|p2a: Golisopod
|-sidestart|p2: Steven Davis|Spikes
|move|p2a: Golisopod|Spikes|p1a: Klefki
|-sidestart|p1: AmphibiansRiseUp|Spikes
|
|upkeep
|turn|9
|
|t:|1651269313
|move|p1a: Klefki|Dazzling Gleam|p2a: Golisopod
|-damage|p2a: Golisopod|21/100 par
|move|p2a: Golisopod|Spikes|p1a: Klefki
|-sidestart|p1: AmphibiansRiseUp|Spikes
|
|upkeep
|turn|10
|
|t:|1651269318
|move|p1a: Klefki|Dazzling Gleam|p2a: Golisopod
|-damage|p2a: Golisopod|0 fnt
|faint|p2a: Golisopod
|
|upkeep
|
|t:|1651269330
|switch|p2a: Flygon|Flygon, F|100/100
|turn|11
|
|t:|1651269333
|move|p2a: Flygon|Earthquake|p1a: Klefki
|-supereffective|p1a: Klefki
|-damage|p1a: Klefki|0 fnt
|faint|p1a: Klefki
|
|upkeep
|
|t:|1651269340
|switch|p1a: Mimikyu|Mimikyu, M|100/100
|-damage|p1a: Mimikyu|88/100|[from] Stealth Rock
|-damage|p1a: Mimikyu|63/100|[from] Spikes
|turn|12
|
|t:|1651269347
|switch|p2a: Weezing|Weezing-Galar, M, shiny|100/100
|-ability|p2a: Weezing|Neutralizing Gas
|-damage|p2a: Weezing|76/100|[from] Spikes
|move|p1a: Mimikyu|Swords Dance|p1a: Mimikyu
|-boost|p1a: Mimikyu|atk|2
|
|-heal|p2a: Weezing|82/100|[from] item: Black Sludge
|upkeep
|turn|13
|
|t:|1651269352
|move|p1a: Mimikyu|Shadow Claw|p2a: Weezing
|-crit|p2a: Weezing
|-damage|p2a: Weezing|15/100
|-damage|p1a: Mimikyu|53/100|[from] item: Life Orb
|move|p2a: Weezing|Will-O-Wisp|p1a: Mimikyu|[miss]
|-miss|p2a: Weezing|p1a: Mimikyu
|
|-heal|p2a: Weezing|21/100|[from] item: Black Sludge
|upkeep
|turn|14
|
|t:|1651269357
|move|p1a: Mimikyu|Shadow Claw|p2a: Weezing
|-damage|p2a: Weezing|0 fnt
|faint|p2a: Weezing
|-end|p2a: Weezing|ability: Neutralizing Gas
|-damage|p1a: Mimikyu|44/100|[from] item: Life Orb
|
|upkeep
|
|t:|1651269361
|switch|p2a: Flygon|Flygon, F|100/100
|turn|15
|
|t:|1651269365
|move|p2a: Flygon|U-turn|p1a: Mimikyu
|-activate|p1a: Mimikyu|ability: Disguise
|-damage|p1a: Mimikyu|44/100
|detailschange|p1a: Mimikyu|Mimikyu-Busted, M
|-damage|p1a: Mimikyu|31/100|[from] pokemon: Mimikyu-Busted
|
|t:|1651269376
|switch|p2a: Chandelure|Chandelure, M, shiny|100/100|[from]move: U-turn
|-damage|p2a: Chandelure|76/100|[from] Spikes
|move|p1a: Mimikyu|Shadow Claw|p2a: Chandelure
|-supereffective|p2a: Chandelure
|-damage|p2a: Chandelure|0 fnt
|faint|p2a: Chandelure
|-damage|p1a: Mimikyu|21/100|[from] item: Life Orb
|
|upkeep
|
|t:|1651269380
|switch|p2a: Flygon|Flygon, F|100/100
|turn|16
|
|t:|1651269383
|move|p1a: Mimikyu|Shadow Sneak|p2a: Flygon
|-damage|p2a: Flygon|40/100
|-damage|p1a: Mimikyu|11/100|[from] item: Life Orb
|move|p2a: Flygon|Earthquake|p1a: Mimikyu
|-damage|p1a: Mimikyu|0 fnt
|faint|p1a: Mimikyu
|
|upkeep
|
|t:|1651269386
|switch|p1a: Slurpuff|Slurpuff, M|100/100
|-damage|p1a: Slurpuff|88/100|[from] Stealth Rock
|-damage|p1a: Slurpuff|63/100|[from] Spikes
|turn|17
|
|t:|1651269392
|move|p2a: Flygon|Earthquake|p1a: Slurpuff
|-damage|p1a: Slurpuff|9/100
|-enditem|p1a: Slurpuff|Sitrus Berry|[eat]
|-heal|p1a: Slurpuff|34/100|[from] item: Sitrus Berry
|move|p1a: Slurpuff|Play Rough|p2a: Flygon
|-supereffective|p2a: Flygon
|-damage|p2a: Flygon|0 fnt
|faint|p2a: Flygon
|
|upkeep
|
|t:|1651269400
|switch|p2a: Reuniclus|Reuniclus, M, shiny|100/100
|turn|18
|
|t:|1651269403
|switch|p1a: Drapion|Drapion, M|100/100
|-damage|p1a: Drapion|88/100|[from] Stealth Rock
|-damage|p1a: Drapion|63/100|[from] Spikes
|move|p2a: Reuniclus|Calm Mind|p2a: Reuniclus
|-boost|p2a: Reuniclus|spa|1
|-boost|p2a: Reuniclus|spd|1
|
|-heal|p1a: Drapion|69/100|[from] item: Black Sludge
|upkeep
|turn|19
|
|t:|1651269407
|move|p1a: Drapion|Acupressure|p1a: Drapion
|-boost|p1a: Drapion|evasion|2
|move|p2a: Reuniclus|Focus Blast|p1a: Drapion|[miss]
|-miss|p2a: Reuniclus|p1a: Drapion
|
|-heal|p1a: Drapion|75/100|[from] item: Black Sludge
|upkeep
|turn|20
|
|t:|1651269411
|move|p1a: Drapion|Substitute|p1a: Drapion
|-start|p1a: Drapion|Substitute
|-damage|p1a: Drapion|50/100
|move|p2a: Reuniclus|Focus Blast|p1a: Drapion
|-end|p1a: Drapion|Substitute
|
|-heal|p1a: Drapion|56/100|[from] item: Black Sludge
|upkeep
|turn|21
|
|t:|1651269417
|switch|p2a: Registeel|Registeel|100/100
|-damage|p2a: Registeel|75/100|[from] Spikes
|move|p1a: Drapion|Substitute|p1a: Drapion
|-start|p1a: Drapion|Substitute
|-damage|p1a: Drapion|31/100
|
|-heal|p1a: Drapion|38/100|[from] item: Black Sludge
|-heal|p2a: Registeel|82/100|[from] item: Leftovers
|upkeep
|turn|22
|
|t:|1651269420
|move|p1a: Drapion|Acupressure|p1a: Drapion
|-boost|p1a: Drapion|def|2
|move|p2a: Registeel|Seismic Toss|p1a: Drapion|[miss]
|-miss|p2a: Registeel|p1a: Drapion
|
|-heal|p1a: Drapion|44/100|[from] item: Black Sludge
|-heal|p2a: Registeel|88/100|[from] item: Leftovers
|upkeep
|turn|23
|
|t:|1651269423
|move|p1a: Drapion|Acupressure|p1a: Drapion
|-boost|p1a: Drapion|def|2
|move|p2a: Registeel|Seismic Toss|p1a: Drapion|[miss]
|-miss|p2a: Registeel|p1a: Drapion
|
|-heal|p1a: Drapion|50/100|[from] item: Black Sludge
|-heal|p2a: Registeel|94/100|[from] item: Leftovers
|upkeep
|turn|24
|
|t:|1651269426
|move|p1a: Drapion|Knock Off|p2a: Registeel
|-damage|p2a: Registeel|69/100
|-enditem|p2a: Registeel|Leftovers|[from] move: Knock Off|[of] p1a: Drapion
|move|p2a: Registeel|Seismic Toss|p1a: Drapion|[miss]
|-miss|p2a: Registeel|p1a: Drapion
|
|-heal|p1a: Drapion|56/100|[from] item: Black Sludge
|upkeep
|turn|25
|
|t:|1651269431
|move|p1a: Drapion|Acupressure|p1a: Drapion
|-boost|p1a: Drapion|spa|2
|move|p2a: Registeel|Seismic Toss|p1a: Drapion
|-end|p1a: Drapion|Substitute
|
|-heal|p1a: Drapion|62/100|[from] item: Black Sludge
|upkeep
|turn|26
|
|t:|1651269433
|move|p1a: Drapion|Acupressure|p1a: Drapion
|-boost|p1a: Drapion|spe|2
|move|p2a: Registeel|Seismic Toss|p1a: Drapion
|-damage|p1a: Drapion|26/100
|
|-heal|p1a: Drapion|32/100|[from] item: Black Sludge
|upkeep
|turn|27
|
|t:|1651269435
|move|p1a: Drapion|Knock Off|p2a: Registeel
|-damage|p2a: Registeel|50/100
|move|p2a: Registeel|Seismic Toss|p1a: Drapion|[miss]
|-miss|p2a: Registeel|p1a: Drapion
|
|-heal|p1a: Drapion|38/100|[from] item: Black Sludge
|upkeep
|turn|28
|
|t:|1651269437
|move|p1a: Drapion|Knock Off|p2a: Registeel
|-damage|p2a: Registeel|34/100
|move|p2a: Registeel|Seismic Toss|p1a: Drapion|[miss]
|-miss|p2a: Registeel|p1a: Drapion
|
|-heal|p1a: Drapion|44/100|[from] item: Black Sludge
|upkeep
|turn|29
|
|t:|1651269439
|move|p1a: Drapion|Knock Off|p2a: Registeel
|-damage|p2a: Registeel|17/100
|move|p2a: Registeel|Seismic Toss|p1a: Drapion|[miss]
|-miss|p2a: Registeel|p1a: Drapion
|
|-heal|p1a: Drapion|50/100|[from] item: Black Sludge
|upkeep
|turn|30
|
|t:|1651269441
|move|p1a: Drapion|Acupressure|p1a: Drapion
|-boost|p1a: Drapion|spa|2
|move|p2a: Registeel|Seismic Toss|p1a: Drapion|[miss]
|-miss|p2a: Registeel|p1a: Drapion
|
|-heal|p1a: Drapion|56/100|[from] item: Black Sludge
|upkeep
|turn|31
|
|t:|1651269443
|move|p1a: Drapion|Acupressure|p1a: Drapion
|-boost|p1a: Drapion|atk|2
|move|p2a: Registeel|Seismic Toss|p1a: Drapion|[miss]
|-miss|p2a: Registeel|p1a: Drapion
|
|-heal|p1a: Drapion|62/100|[from] item: Black Sludge
|upkeep
|turn|32
|-message|Steven Davis forfeited.
|
|win|AmphibiansRiseUp
|raw|AmphibiansRiseUp's rating: 1363 &rarr; <strong>1387</strong><br />(+24 for winning)
|raw|Steven Davis's rating: 1430 &rarr; <strong>1406</strong><br />(-24 for losing)
|l|☆Steven Davis
