|j|☆whistling
|j|☆rut8 sol
|t:|1612800502
|player|p1|whistling|blue|1631
|player|p2|rut8 sol|rosa|1586
|teamsize|p1|6
|teamsize|p2|6
|gametype|singles
|gen|8
|tier|[Gen 8] RU
|rated|
|clearpoke
|poke|p1|Zarude|
|poke|p1|Cobalion|
|poke|p1|Snorlax, M|
|poke|p1|Noivern, M|
|poke|p1|Gastrodon-East, M|
|poke|p1|Slowbro-Galar, M|
|poke|p2|Vikavolt, F|
|poke|p2|Necrozma|
|poke|p2|Toxtricity, F|
|poke|p2|Mimikyu, F|
|poke|p2|Cobalion|
|poke|p2|Noivern, M|
|rule|Sleep Clause Mod: Limit one foe put to sleep
|rule|Species Clause: Limit one of each Pokémon
|rule|OHKO Clause: OHKO moves are banned
|rule|Evasion Moves Clause: Evasion moves are banned
|rule|Endless Battle Clause: Forcing endless battles is banned
|rule|HP Percentage Mod: HP is shown in percentages
|rule|Dynamax Clause: You cannot dynamax
|teampreview
|
|t:|1612800522
|start
|switch|p1a: Snorlax|Snorlax, M|100/100
|switch|p2a: Vikavolt|Vikavolt, F|100/100
|turn|1
|
|t:|1612800528
|move|p2a: Vikavolt|Volt Switch|p1a: Snorlax
|-damage|p1a: Snorlax|80/100
|
|t:|1612800531
|switch|p2a: Cobalion|Cobalion|100/100|[from]move: Volt Switch
|move|p1a: Snorlax|Curse|p1a: Snorlax
|-unboost|p1a: Snorlax|spe|1
|-boost|p1a: Snorlax|atk|1
|-boost|p1a: Snorlax|def|1
|
|-heal|p1a: Snorlax|86/100|[from] item: Leftovers
|upkeep
|turn|2
|j| Zombini62
|
|t:|1612800538
|move|p2a: Cobalion|Close Combat|p1a: Snorlax
|-supereffective|p1a: Snorlax
|-damage|p1a: Snorlax|43/100
|-unboost|p2a: Cobalion|def|1
|-unboost|p2a: Cobalion|spd|1
|move|p1a: Snorlax|Earthquake|p2a: Cobalion
|-supereffective|p2a: Cobalion
|-damage|p2a: Cobalion|8/100
|
|-heal|p1a: Snorlax|50/100|[from] item: Leftovers
|upkeep
|turn|3
|
|t:|1612800543
|switch|p1a: Noivern|Noivern, M|100/100
|move|p2a: Cobalion|Stealth Rock|p1a: Noivern
|-sidestart|p1: whistling|move: Stealth Rock
|
|upkeep
|turn|4
|
|t:|1612800564
|move|p1a: Noivern|Flamethrower|p2a: Cobalion
|-supereffective|p2a: Cobalion
|-damage|p2a: Cobalion|0 fnt
|faint|p2a: Cobalion
|
|upkeep
|
|t:|1612800571
|switch|p2a: Noivern|Noivern, M|100/100
|turn|5
|l| Zombini62
|j| 7MM
|c| 7MM|solo
|
|t:|1612800606
|switch|p1a: Gastrodon|Gastrodon-East, M|100/100
|move|p2a: Noivern|Draco Meteor|p1a: Gastrodon
|-damage|p1a: Gastrodon|48/100
|-unboost|p2a: Noivern|spa|2
|
|upkeep
|turn|6
|c| 7MM|what do u feel about the bo3 slot
|c| 7MM|in uupl
|
|t:|1612800619
|move|p2a: Noivern|U-turn|p1a: Gastrodon
|-damage|p1a: Gastrodon|35/100
|c|☆rut8 sol|wdym
|
|t:|1612800623
|switch|p2a: Vikavolt|Vikavolt, F|100/100|[from]move: U-turn
|move|p1a: Gastrodon|Recover|p1a: Gastrodon
|-heal|p1a: Gastrodon|85/100
|
|upkeep
|turn|7
|c| 7MM|https://www.smogon.com/forums/threads/uupl-ix-format-discussion-thread.3677886/
|
|t:|1612800635
|move|p2a: Vikavolt|Bug Buzz|p1a: Gastrodon
|-damage|p1a: Gastrodon|34/100
|move|p1a: Gastrodon|Ice Beam|p2a: Vikavolt
|-damage|p2a: Vikavolt|70/100
|
|upkeep
|turn|8
|
|t:|1612800640
|move|p2a: Vikavolt|Volt Switch|p1a: Gastrodon
|-immune|p1a: Gastrodon
|move|p1a: Gastrodon|Ice Beam|p2a: Vikavolt
|-damage|p2a: Vikavolt|35/100
|
|upkeep
|turn|9
|
|t:|1612800644
|move|p2a: Vikavolt|Bug Buzz|p1a: Gastrodon
|-damage|p1a: Gastrodon|0 fnt
|faint|p1a: Gastrodon
|
|upkeep
|
|t:|1612800646
|switch|p1a: Noivern|Noivern, M|100/100
|turn|10
|c|☆rut8 sol|keep it obviously
|
|t:|1612800687
|switch|p2a: Noivern|Noivern, M|100/100
|move|p1a: Noivern|Flamethrower|p2a: Noivern
|-resisted|p2a: Noivern
|-damage|p2a: Noivern|85/100
|
|upkeep
|turn|11
|c| 7MM|yeah bo3 is the most fun imo
|
|t:|1612800693
|move|p1a: Noivern|Draco Meteor|p2a: Noivern
|-supereffective|p2a: Noivern
|-damage|p2a: Noivern|0 fnt
|-unboost|p1a: Noivern|spa|2
|faint|p2a: Noivern
|
|upkeep
|
|t:|1612800701
|switch|p2a: Necrozma|Necrozma|100/100
|turn|12
|
|t:|1612800704
|switch|p1a: Cobalion|Cobalion|100/100
|-damage|p1a: Cobalion|97/100|[from] Stealth Rock
|move|p2a: Necrozma|Autotomize|p2a: Necrozma
|-boost|p2a: Necrozma|spe|2
|-start|p2a: Necrozma|Autotomize
|
|upkeep
|turn|13
|j| uncool_loser
|
|t:|1612800707
|move|p2a: Necrozma|Heat Wave|p1a: Cobalion
|-supereffective|p1a: Cobalion
|-damage|p1a: Cobalion|0 fnt
|faint|p1a: Cobalion
|
|upkeep
|c| 7MM|its where the bestest uuers battle it out
|c|☆rut8 sol|what would be in its place
|c| 7MM|another SS slot
|c|☆rut8 sol|lol ass
|c| 7MM|idk theyre debating it
|c|☆rut8 sol|ss uu is terrible
|c| 7MM|4 ss uu slots kinda boring
|
|t:|1612800763
|switch|p1a: Zarude|Zarude|100/100
|turn|14
|c|☆rut8 sol|3 slots of ss is already
|c|☆rut8 sol|pushing it
|c|☆rut8 sol|imagine 4
|
|t:|1612800777
|move|p2a: Necrozma|Meteor Beam||[still]
|-prepare|p2a: Necrozma|Meteor Beam
|-boost|p2a: Necrozma|spa|1
|-enditem|p2a: Necrozma|Power Herb
|-anim|p2a: Necrozma|Meteor Beam|p1a: Zarude
|-damage|p1a: Zarude|30/100
|move|p1a: Zarude|Darkest Lariat|p2a: Necrozma
|-supereffective|p2a: Necrozma
|-damage|p2a: Necrozma|35/100
|
|upkeep
|turn|15
|
|t:|1612800782
|move|p2a: Necrozma|Heat Wave|p1a: Zarude|[miss]
|-miss|p2a: Necrozma|p1a: Zarude
|move|p1a: Zarude|Darkest Lariat|p2a: Necrozma
|-supereffective|p2a: Necrozma
|-damage|p2a: Necrozma|0 fnt
|faint|p2a: Necrozma
|
|upkeep
|c| 7MM|ikr
|
|t:|1612800791
|switch|p2a: Toxtricity|Toxtricity, F|100/100
|turn|16
|c|☆rut8 sol|7mm on god
|c|☆rut8 sol|heat wave misses more than any other move
|c|☆rut8 sol|hydro edge etc
|c| 7MM|fax
|
|t:|1612800823
|move|p1a: Zarude|U-turn|p2a: Toxtricity
|-resisted|p2a: Toxtricity
|-damage|p2a: Toxtricity|81/100
|c| 7MM|90% moves miss the most
|
|t:|1612800830
|switch|p1a: Snorlax|Snorlax, M|50/100|[from]move: U-turn
|-damage|p1a: Snorlax|37/100|[from] Stealth Rock
|move|p2a: Toxtricity|Shift Gear|p2a: Toxtricity
|-boost|p2a: Toxtricity|spe|2
|-boost|p2a: Toxtricity|atk|1
|
|-heal|p1a: Snorlax|43/100|[from] item: Leftovers
|upkeep
|turn|17
|c|☆rut8 sol|watch this is
|c|☆rut8 sol|gonna hit
|
|t:|1612800839
|move|p2a: Toxtricity|Gunk Shot|p1a: Snorlax
|-damage|p1a: Snorlax|0 fnt
|-damage|p2a: Toxtricity|71/100|[from] item: Life Orb
|faint|p1a: Snorlax
|
|upkeep
|c| 7MM|kek
|
|t:|1612800845
|switch|p1a: Slowbro|Slowbro-Galar, M|100/100
|-damage|p1a: Slowbro|88/100|[from] Stealth Rock
|turn|18
|
|t:|1612800856
|move|p2a: Toxtricity|Boomburst|p1a: Slowbro
|-damage|p1a: Slowbro|0 fnt
|-damage|p2a: Toxtricity|61/100|[from] item: Life Orb
|faint|p1a: Slowbro
|
|upkeep
|
|t:|1612800860
|switch|p1a: Noivern|Noivern, M|100/100
|turn|19
|c| 7MM|busted mon
|c| 7MM|i should bring this for my ru ssnls game
|c|☆rut8 sol|its mu dependent
|c|☆rut8 sol|ive seen some
|c|☆rut8 sol|shit fisk galar
|c|☆rut8 sol|stuff now
|c| 7MM|o fr?
|c|☆rut8 sol|yea
|
|t:|1612800915
|move|p2a: Toxtricity|Gunk Shot|p1a: Noivern
|-damage|p1a: Noivern|0 fnt
|-damage|p2a: Toxtricity|51/100|[from] item: Life Orb
|faint|p1a: Noivern
|
|upkeep
|c|☆rut8 sol|i j played some guy with it
|
|t:|1612800918
|switch|p1a: Zarude|Zarude|30/100
|turn|20
|c|☆rut8 sol|gg
|c|☆whistling|gg
|
|t:|1612800925
|move|p2a: Toxtricity|Boomburst|p1a: Zarude
|-damage|p1a: Zarude|0 fnt
|-damage|p2a: Toxtricity|41/100|[from] item: Life Orb
|faint|p1a: Zarude
|
|win|rut8 sol
|c| 7MM|yo wtf is this solo
|l|☆whistling
|c| 7MM|howd gunk kill
|c|☆rut8 sol|ik im a genius
|c|☆rut8 sol|for this set
|l| uncool_loser
|c|☆rut8 sol|i woulda been in rupl
|c| 7MM|whats this spread
|c|☆rut8 sol|!code
|c|☆rut8 sol|/raw <div class="infobox"><details class="readmore code" style="white-space: pre-wrap; display: table; tab-size: 3"><summary>Toxtricity @ Life Orb  <br />Ability: Punk Rock  <br />EVs: 4 HP &#x2f; 252 SpA &#x2f; 252 Spe  </summary>Hasty Nature  <br />- Shift Gear  <br />- Overdrive  <br />- Boomburst  <br />- Gunk Shot</details></div>
|c|☆rut8 sol|hasty
|c|☆rut8 sol|its not -atk
|c|☆rut8 sol|it ohkos zarude
|c|☆rut8 sol|beats lax av reun
|c|☆rut8 sol|p2
|c| 7MM|ah thats fire
|c|☆rut8 sol|ye
|l|☆rut8 sol
|l| 7MM
||Ladder (probably) updated, but score could not be retrieved (Request timeout).
|j|☆rut8 sol
|player|p2|rut8 sol|rosa
