|j|☆whistling
|j|☆Dragon Couture
|player|p1|whistling|proton|1619
|player|p2|Dragon Couture|morty-gen2|1429
|teamsize|p1|6
|teamsize|p2|6
|gametype|singles
|gen|8
|tier|[Gen 8] RU
|rated|
|clearpoke
|poke|p1|Gallade, M|
|poke|p1|Barraskewda, M|
|poke|p1|Steelix, M|
|poke|p1|Vileplume, F|
|poke|p1|Xatu, M|
|poke|p1|Snorlax, M|
|poke|p2|Garbodor, F|
|poke|p2|Rotom|
|poke|p2|Rhydon, M|
|poke|p2|Charizard, F|
|poke|p2|Escavalier, M|
|poke|p2|Indeedee, M|
|rule|Sleep Clause Mod: Limit one foe put to sleep
|rule|Species Clause: Limit one of each Pokémon
|rule|OHKO Clause: OHKO moves are banned
|rule|Evasion Moves Clause: Evasion moves are banned
|rule|Endless Battle Clause: Forcing endless battles is banned
|rule|HP Percentage Mod: HP is shown in percentages
|rule|Dynamax Clause: You cannot dynamax
|teampreview
|c|☆whistling|hf
|
|start
|switch|p1a: Steelix|Steelix, M|100/100
|switch|p2a: Garbodor|Garbodor, F|100/100
|turn|1
|
|switch|p2a: Rotom|Rotom|100/100
|move|p1a: Steelix|Earthquake|p2a: Rotom
|-immune|p2a: Rotom|[from] ability: Levitate
|
|upkeep
|turn|2
|
|switch|p1a: Snorlax|Snorlax, M|100/100
|move|p2a: Rotom|Will-O-Wisp|p1a: Snorlax
|-status|p1a: Snorlax|brn
|
|-damage|p1a: Snorlax|94/100 brn|[from] brn
|upkeep
|turn|3
|
|switch|p2a: Rhydon|Rhydon, M|100/100
|move|p1a: Snorlax|Darkest Lariat|p2a: Rhydon
|-damage|p2a: Rhydon|95/100
|
|-heal|p1a: Snorlax|100/100 brn|[from] item: Leftovers
|-damage|p1a: Snorlax|94/100 brn|[from] brn
|upkeep
|turn|4
|j| ToastedBunzzz02
|
|switch|p1a: Vileplume|Vileplume, F|100/100
|move|p2a: Rhydon|Rock Blast|p1a: Vileplume
|-damage|p1a: Vileplume|89/100
|-damage|p1a: Vileplume|78/100
|-damage|p1a: Vileplume|67/100
|-hitcount|p1a: Vileplume|3
|
|-heal|p1a: Vileplume|73/100|[from] item: Black Sludge
|upkeep
|turn|5
|
|switch|p2a: Garbodor|Garbodor, F|100/100
|switch|p1a: Xatu|Xatu, M|100/100
|
|upkeep
|turn|6
|inactive|Battle timer is ON: inactive players will automatically lose when time's up. (requested by whistling)
|
|switch|p2a: Rhydon|Rhydon, M|95/100
|move|p1a: Xatu|Psychic|p2a: Rhydon
|-damage|p2a: Rhydon|60/100
|
|upkeep
|turn|7
|
|move|p1a: Xatu|Grass Knot|p2a: Rhydon
|-supereffective|p2a: Rhydon
|-crit|p2a: Rhydon
|-damage|p2a: Rhydon|0 fnt
|faint|p2a: Rhydon
|
|upkeep
|
|switch|p2a: Rotom|Rotom|100/100
|turn|8
|
|switch|p1a: Vileplume|Vileplume, F|73/100
|move|p2a: Rotom|Will-O-Wisp|p1a: Vileplume
|-status|p1a: Vileplume|brn
|
|-heal|p1a: Vileplume|79/100 brn|[from] item: Black Sludge
|-damage|p1a: Vileplume|73/100 brn|[from] brn
|upkeep
|turn|9
|inactive|Dragon Couture has 120 seconds left.
|
|switch|p2a: Charizard|Charizard, F|100/100
|move|p1a: Vileplume|Strength Sap|p2a: Charizard
|-unboost|p2a: Charizard|atk|1
|-heal|p1a: Vileplume|100/100 brn
|
|-damage|p1a: Vileplume|94/100 brn|[from] brn
|upkeep
|turn|10
|inactive|Dragon Couture has 90 seconds left.
|inactive|Dragon Couture has 60 seconds left.
|
|switch|p2a: Escavalier|Escavalier, M|100/100
|switch|p1a: Xatu|Xatu, M|100/100
|
|upkeep
|turn|11
|inactive|Dragon Couture has 60 seconds left.
|inactive|Dragon Couture has 30 seconds left.
|
|switch|p2a: Rotom|Rotom|100/100
|move|p1a: Xatu|Heat Wave|p2a: Rotom
|-damage|p2a: Rotom|63/100
|
|upkeep
|turn|12
|inactive|Dragon Couture has 30 seconds left.
|inactive|whistling has 120 seconds left.
|
|switch|p1a: Steelix|Steelix, M|100/100
|move|p2a: Rotom|Will-O-Wisp|p1a: Steelix
|-status|p1a: Steelix|brn
|
|-damage|p1a: Steelix|94/100 brn|[from] brn
|upkeep
|turn|13
|inactive|Dragon Couture has 30 seconds left.
|inactive|whistling has 120 seconds left.
|
|switch|p2a: Charizard|Charizard, F|100/100
|move|p1a: Steelix|Stealth Rock|p2a: Charizard
|-sidestart|p2: Dragon Couture|move: Stealth Rock
|
|-heal|p1a: Steelix|100/100 brn|[from] item: Leftovers
|-damage|p1a: Steelix|94/100 brn|[from] brn
|upkeep
|turn|14
|
|switch|p1a: Barraskewda|Barraskewda, M|100/100
|move|p2a: Charizard|Substitute|p2a: Charizard
|-start|p2a: Charizard|Substitute
|-damage|p2a: Charizard|76/100
|
|upkeep
|turn|15
|
|move|p1a: Barraskewda|Liquidation|p2a: Charizard
|-supereffective|p2a: Charizard
|-end|p2a: Charizard|Substitute
|move|p2a: Charizard|Toxic|p1a: Barraskewda
|-status|p1a: Barraskewda|tox
|
|-damage|p1a: Barraskewda|94/100 tox|[from] psn
|upkeep
|turn|16
|
|switch|p2a: Garbodor|Garbodor, F|100/100
|-damage|p2a: Garbodor|88/100|[from] Stealth Rock
|move|p1a: Barraskewda|Liquidation|p2a: Garbodor
|-damage|p2a: Garbodor|32/100
|-damage|p1a: Barraskewda|78/100 tox|[from] item: Rocky Helmet|[of] p2a: Garbodor
|
|-damage|p1a: Barraskewda|66/100 tox|[from] psn
|upkeep
|turn|17
|
|switch|p1a: Xatu|Xatu, M|100/100
|move|p2a: Garbodor|Stomping Tantrum|p1a: Xatu
|-immune|p1a: Xatu
|
|upkeep
|turn|18
|
|switch|p2a: Charizard|Charizard, F|76/100
|move|p1a: Xatu|Psychic|p2a: Charizard
|-damage|p2a: Charizard|49/100
|
|upkeep
|turn|19
|
|switch|p1a: Barraskewda|Barraskewda, M|66/100 tox
|move|p2a: Charizard|Roost|p2a: Charizard
|-heal|p2a: Charizard|99/100
|-singleturn|p2a: Charizard|move: Roost
|
|-damage|p1a: Barraskewda|60/100 tox|[from] psn
|upkeep
|turn|20
|
|switch|p1a: Gallade|Gallade, M|100/100
|switch|p2a: Garbodor|Garbodor, F|32/100
|-damage|p2a: Garbodor|19/100|[from] Stealth Rock
|
|upkeep
|turn|21
|inactive|Dragon Couture has 60 seconds left.
|
|move|p1a: Gallade|Knock Off|p2a: Garbodor
|-damage|p2a: Garbodor|0 fnt
|-damage|p1a: Gallade|76/100|[from] ability: Aftermath|[of] p2a: Garbodor
|-damage|p1a: Gallade|59/100|[from] item: Rocky Helmet|[of] p2a: Garbodor
|-enditem|p2a: Garbodor|Rocky Helmet|[from] move: Knock Off|[of] p1a: Gallade
|faint|p2a: Garbodor
|
|upkeep
|inactive|Dragon Couture has 60 seconds left.
|
|switch|p2a: Indeedee|Indeedee, M|100/100
|-damage|p2a: Indeedee|88/100|[from] Stealth Rock
|-fieldstart|move: Psychic Terrain|[from] ability: Psychic Surge|[of] p2a: Indeedee
|turn|22
|inactive|Dragon Couture has 60 seconds left.
|
|move|p2a: Indeedee|Psyshock|p1a: Gallade
|-damage|p1a: Gallade|0 fnt
|faint|p1a: Gallade
|
|upkeep
|
|switch|p1a: Barraskewda|Barraskewda, M|60/100 tox
|turn|23
|
|move|p2a: Indeedee|Psyshock|p1a: Barraskewda
|-damage|p1a: Barraskewda|0 fnt
|faint|p1a: Barraskewda
|
|upkeep
|
|switch|p1a: Xatu|Xatu, M|100/100
|turn|24
|
|move|p2a: Indeedee|Psyshock|p1a: Xatu
|-resisted|p1a: Xatu
|-damage|p1a: Xatu|72/100
|move|p1a: Xatu|Psychic|p2a: Indeedee
|-resisted|p2a: Indeedee
|-damage|p2a: Indeedee|68/100
|
|upkeep
|turn|25
|c|☆whistling|I thought it'd make more sense to be scarf rotom and this breaker
|
|switch|p2a: Charizard|Charizard, F|99/100
|move|p1a: Xatu|Psychic|p2a: Charizard
|-damage|p2a: Charizard|70/100
|
|upkeep
|turn|26
|
|switch|p1a: Snorlax|Snorlax, M|94/100 brn
|move|p2a: Charizard|Flamethrower|p1a: Snorlax
|-damage|p1a: Snorlax|87/100 brn
|
|-heal|p1a: Snorlax|93/100 brn|[from] item: Leftovers
|-damage|p1a: Snorlax|87/100 brn|[from] brn
|-fieldend|move: Psychic Terrain
|upkeep
|turn|27
|
|switch|p2a: Escavalier|Escavalier, M|100/100
|-damage|p2a: Escavalier|88/100|[from] Stealth Rock
|switch|p1a: Xatu|Xatu, M|72/100
|
|-heal|p2a: Escavalier|94/100|[from] item: Leftovers
|upkeep
|turn|28
|
|switch|p2a: Charizard|Charizard, F|70/100
|move|p1a: Xatu|Psychic|p2a: Charizard
|-damage|p2a: Charizard|42/100
|
|upkeep
|turn|29
|
|move|p1a: Xatu|Psychic|p2a: Charizard
|-damage|p2a: Charizard|13/100
|move|p2a: Charizard|Roost|p2a: Charizard
|-heal|p2a: Charizard|63/100
|-singleturn|p2a: Charizard|move: Roost
|
|upkeep
|turn|30
|inactive|Dragon Couture has 120 seconds left.
|
|move|p1a: Xatu|Heat Wave|p2a: Charizard
|-resisted|p2a: Charizard
|-damage|p2a: Charizard|54/100
|move|p2a: Charizard|Roost|p2a: Charizard
|-heal|p2a: Charizard|100/100
|-singleturn|p2a: Charizard|move: Roost
|
|upkeep
|turn|31
|inactive|Dragon Couture has 120 seconds left.
|
|switch|p1a: Snorlax|Snorlax, M|87/100 brn
|move|p2a: Charizard|Flamethrower|p1a: Snorlax
|-damage|p1a: Snorlax|78/100 brn
|
|-heal|p1a: Snorlax|84/100 brn|[from] item: Leftovers
|-damage|p1a: Snorlax|78/100 brn|[from] brn
|upkeep
|turn|32
|
|switch|p2a: Escavalier|Escavalier, M|94/100
|-damage|p2a: Escavalier|82/100|[from] Stealth Rock
|move|p1a: Snorlax|Darkest Lariat|p2a: Escavalier
|-damage|p2a: Escavalier|71/100
|
|-heal|p1a: Snorlax|84/100 brn|[from] item: Leftovers
|-heal|p2a: Escavalier|77/100|[from] item: Leftovers
|-damage|p1a: Snorlax|78/100 brn|[from] brn
|upkeep
|turn|33
|
|switch|p1a: Steelix|Steelix, M|94/100 brn
|move|p2a: Escavalier|Megahorn|p1a: Steelix
|-resisted|p1a: Steelix
|-damage|p1a: Steelix|81/100 brn
|
|-heal|p1a: Steelix|88/100 brn|[from] item: Leftovers
|-heal|p2a: Escavalier|83/100|[from] item: Leftovers
|-damage|p1a: Steelix|81/100 brn|[from] brn
|upkeep
|turn|34
|
|move|p1a: Steelix|Earthquake|p2a: Escavalier
|-damage|p2a: Escavalier|68/100
|move|p2a: Escavalier|Megahorn|p1a: Steelix
|-resisted|p1a: Steelix
|-damage|p1a: Steelix|69/100 brn
|
|-heal|p1a: Steelix|75/100 brn|[from] item: Leftovers
|-heal|p2a: Escavalier|74/100|[from] item: Leftovers
|-damage|p1a: Steelix|69/100 brn|[from] brn
|upkeep
|turn|35
|
|move|p1a: Steelix|Earthquake|p2a: Escavalier
|-damage|p2a: Escavalier|61/100
|move|p2a: Escavalier|Swords Dance|p2a: Escavalier
|-boost|p2a: Escavalier|atk|2
|
|-heal|p1a: Steelix|75/100 brn|[from] item: Leftovers
|-heal|p2a: Escavalier|67/100|[from] item: Leftovers
|-damage|p1a: Steelix|69/100 brn|[from] brn
|upkeep
|turn|36
|
|move|p1a: Steelix|Earthquake|p2a: Escavalier
|-damage|p2a: Escavalier|53/100
|move|p2a: Escavalier|Megahorn|p1a: Steelix|[miss]
|-miss|p2a: Escavalier|p1a: Steelix
|
|-heal|p1a: Steelix|75/100 brn|[from] item: Leftovers
|-heal|p2a: Escavalier|59/100|[from] item: Leftovers
|-damage|p1a: Steelix|69/100 brn|[from] brn
|upkeep
|turn|37
|
|move|p1a: Steelix|Earthquake|p2a: Escavalier
|-damage|p2a: Escavalier|46/100
|move|p2a: Escavalier|Megahorn|p1a: Steelix
|-resisted|p1a: Steelix
|-damage|p1a: Steelix|39/100 brn
|
|-heal|p1a: Steelix|45/100 brn|[from] item: Leftovers
|-heal|p2a: Escavalier|52/100|[from] item: Leftovers
|-damage|p1a: Steelix|39/100 brn|[from] brn
|upkeep
|turn|38
|
|move|p1a: Steelix|Earthquake|p2a: Escavalier
|-damage|p2a: Escavalier|38/100
|move|p2a: Escavalier|Swords Dance|p2a: Escavalier
|-boost|p2a: Escavalier|atk|2
|
|-heal|p1a: Steelix|45/100 brn|[from] item: Leftovers
|-heal|p2a: Escavalier|44/100|[from] item: Leftovers
|-damage|p1a: Steelix|39/100 brn|[from] brn
|upkeep
|turn|39
|
|move|p1a: Steelix|Earthquake|p2a: Escavalier
|-damage|p2a: Escavalier|31/100
|move|p2a: Escavalier|Megahorn|p1a: Steelix
|-resisted|p1a: Steelix
|-damage|p1a: Steelix|0 fnt
|faint|p1a: Steelix
|
|-heal|p2a: Escavalier|37/100|[from] item: Leftovers
|upkeep
|
|switch|p1a: Xatu|Xatu, M|72/100
|turn|40
|
|switch|p2a: Charizard|Charizard, F|100/100
|move|p1a: Xatu|Psychic|p2a: Charizard
|-crit|p2a: Charizard
|-damage|p2a: Charizard|58/100
|-unboost|p2a: Charizard|spd|1
|
|upkeep
|turn|41
|
|move|p1a: Xatu|Psychic|p2a: Charizard
|-damage|p2a: Charizard|15/100
|move|p2a: Charizard|Roost|p2a: Charizard
|-heal|p2a: Charizard|65/100
|-singleturn|p2a: Charizard|move: Roost
|
|upkeep
|turn|42
|
|switch|p2a: Indeedee|Indeedee, M|68/100
|-damage|p2a: Indeedee|56/100|[from] Stealth Rock
|-fieldstart|move: Psychic Terrain|[from] ability: Psychic Surge|[of] p2a: Indeedee
|move|p1a: Xatu|Psychic|p2a: Indeedee
|-resisted|p2a: Indeedee
|-damage|p2a: Indeedee|35/100
|
|upkeep
|turn|43
|
|switch|p1a: Snorlax|Snorlax, M|78/100 brn
|move|p2a: Indeedee|Trick|p1a: Snorlax
|-activate|p2a: Indeedee|move: Trick|[of] p1a: Snorlax
|-item|p1a: Snorlax|Choice Scarf|[from] move: Trick
|-item|p2a: Indeedee|Leftovers|[from] move: Trick
|
|-heal|p2a: Indeedee|41/100|[from] item: Leftovers
|-damage|p1a: Snorlax|72/100 brn|[from] brn
|upkeep
|turn|44
|
|move|p2a: Indeedee|Psyshock|p1a: Snorlax
|-damage|p1a: Snorlax|35/100 brn
|move|p1a: Snorlax|Darkest Lariat|p2a: Indeedee
|-supereffective|p2a: Indeedee
|-damage|p2a: Indeedee|0 fnt
|faint|p2a: Indeedee
|
|-damage|p1a: Snorlax|29/100 brn|[from] brn
|upkeep
|
|switch|p2a: Escavalier|Escavalier, M|37/100
|-damage|p2a: Escavalier|24/100|[from] Stealth Rock
|turn|45
|
|move|p1a: Snorlax|Darkest Lariat|p2a: Escavalier
|-damage|p2a: Escavalier|14/100
|move|p2a: Escavalier|Rest|p2a: Escavalier
|-status|p2a: Escavalier|slp|[from] move: Rest
|-heal|p2a: Escavalier|100/100 slp|[silent]
|
|-damage|p1a: Snorlax|23/100 brn|[from] brn
|upkeep
|turn|46
|
|move|p1a: Snorlax|Darkest Lariat|p2a: Escavalier
|-damage|p2a: Escavalier|90/100 slp
|cant|p2a: Escavalier|slp
|move|p2a: Escavalier|Sleep Talk|p2a: Escavalier
|move|p2a: Escavalier|Swords Dance|p2a: Escavalier|[from]Sleep Talk
|-boost|p2a: Escavalier|atk|2
|
|-heal|p2a: Escavalier|96/100 slp|[from] item: Leftovers
|-damage|p1a: Snorlax|17/100 brn|[from] brn
|-fieldend|move: Psychic Terrain
|upkeep
|turn|47
|
|move|p1a: Snorlax|Darkest Lariat|p2a: Escavalier
|-damage|p2a: Escavalier|85/100 slp
|cant|p2a: Escavalier|slp
|move|p2a: Escavalier|Sleep Talk|p2a: Escavalier
|move|p2a: Escavalier|Swords Dance|p2a: Escavalier|[from]Sleep Talk
|-boost|p2a: Escavalier|atk|2
|
|-heal|p2a: Escavalier|91/100 slp|[from] item: Leftovers
|-damage|p1a: Snorlax|11/100 brn|[from] brn
|upkeep
|turn|48
|
|move|p1a: Snorlax|Darkest Lariat|p2a: Escavalier
|-damage|p2a: Escavalier|82/100 slp
|-curestatus|p2a: Escavalier|slp|[msg]
|move|p2a: Escavalier|Sleep Talk||[still]
|-fail|p2a: Escavalier
|
|-heal|p2a: Escavalier|88/100|[from] item: Leftovers
|-damage|p1a: Snorlax|5/100 brn|[from] brn
|upkeep
|turn|49
|
|move|p1a: Snorlax|Darkest Lariat|p2a: Escavalier
|-damage|p2a: Escavalier|78/100
|move|p2a: Escavalier|Megahorn|p1a: Snorlax|[miss]
|-miss|p2a: Escavalier|p1a: Snorlax
|
|-heal|p2a: Escavalier|84/100|[from] item: Leftovers
|-damage|p1a: Snorlax|0 fnt|[from] brn
|faint|p1a: Snorlax
|upkeep
|
|switch|p1a: Xatu|Xatu, M|72/100
|turn|50
|
|switch|p2a: Charizard|Charizard, F|65/100
|move|p1a: Xatu|Heat Wave|p2a: Charizard
|-resisted|p2a: Charizard
|-damage|p2a: Charizard|55/100
|
|upkeep
|turn|51
|
|move|p1a: Xatu|Psychic|p2a: Charizard
|-damage|p2a: Charizard|28/100
|move|p2a: Charizard|Roost|p2a: Charizard
|-heal|p2a: Charizard|78/100
|-singleturn|p2a: Charizard|move: Roost
|
|upkeep
|turn|52
|
|move|p1a: Xatu|Psychic|p2a: Charizard
|-damage|p2a: Charizard|50/100
|move|p2a: Charizard|Flamethrower|p1a: Xatu
|-damage|p1a: Xatu|28/100
|
|upkeep
|turn|53
|
|move|p1a: Xatu|Roost|p1a: Xatu
|-heal|p1a: Xatu|79/100
|-singleturn|p1a: Xatu|move: Roost
|move|p2a: Charizard|Roost|p2a: Charizard
|-heal|p2a: Charizard|99/100
|-singleturn|p2a: Charizard|move: Roost
|
|upkeep
|turn|54
|
|move|p1a: Xatu|Psychic|p2a: Charizard
|-damage|p2a: Charizard|72/100
|move|p2a: Charizard|Flamethrower|p1a: Xatu
|-damage|p1a: Xatu|36/100
|
|upkeep
|turn|55
|
|move|p1a: Xatu|Roost|p1a: Xatu
|-heal|p1a: Xatu|86/100
|-singleturn|p1a: Xatu|move: Roost
|move|p2a: Charizard|Flamethrower|p1a: Xatu
|-damage|p1a: Xatu|43/100
|
|upkeep
|turn|56
|
|move|p1a: Xatu|Roost|p1a: Xatu
|-heal|p1a: Xatu|93/100
|-singleturn|p1a: Xatu|move: Roost
|move|p2a: Charizard|Flamethrower|p1a: Xatu
|-damage|p1a: Xatu|48/100
|
|upkeep
|turn|57
|
|move|p1a: Xatu|Psychic|p2a: Charizard
|-crit|p2a: Charizard
|-damage|p2a: Charizard|26/100
|move|p2a: Charizard|Flamethrower|p1a: Xatu
|-damage|p1a: Xatu|0 fnt
|faint|p1a: Xatu
|
|upkeep
|c|☆whistling|gg
|-message|whistling forfeited.
|
|win|Dragon Couture
|l|☆whistling
|c|☆Dragon Couture|gg
|raw|whistling's rating: 1620 &rarr; <strong>1590</strong><br />(-30 for losing)
|raw|Dragon Couture's rating: 1429 &rarr; <strong>1459</strong><br />(+30 for winning)
