|j|☆MudkipBeans
|j|☆polar_geass
|t:|1624422930
|gametype|singles
|player|p1|MudkipBeans|grimsley-gen7|1422
|player|p2|polar_geass|maylene|1494
|teamsize|p1|6
|teamsize|p2|6
|gen|8
|tier|[Gen 8] RU
|rated|
|rule|Sleep Clause Mod: Limit one foe put to sleep
|rule|Species Clause: Limit one of each Pokémon
|rule|OHKO Clause: OHKO moves are banned
|rule|Evasion Moves Clause: Evasion moves are banned
|rule|Endless Battle Clause: Forcing endless battles is banned
|rule|HP Percentage Mod: HP is shown in percentages
|rule|Dynamax Clause: You cannot dynamax
|clearpoke
|poke|p1|Decidueye, F|
|poke|p1|Togekiss, M|
|poke|p1|Mienshao, F|
|poke|p1|Golisopod, M|
|poke|p1|Stakataka|
|poke|p1|Flygon, F|
|poke|p2|Cramorant, M|
|poke|p2|Zarude|
|poke|p2|Entei|
|poke|p2|Weezing-Galar, F|
|poke|p2|Stunfisk, F|
|poke|p2|Gardevoir, F|
|teampreview
|
|t:|1624422984
|start
|switch|p1a: Decidueye|Decidueye, F|100/100
|switch|p2a: Entei|Entei|100/100
|turn|1
|
|t:|1624423007
|switch|p1a: Flygon|Flygon, F|100/100
|move|p2a: Entei|Sacred Fire|p1a: Flygon
|-resisted|p1a: Flygon
|-damage|p1a: Flygon|64/100
|-status|p1a: Flygon|brn
|
|-damage|p1a: Flygon|58/100 brn|[from] brn
|upkeep
|turn|2
|inactive|Battle timer is ON: inactive players will automatically lose when time's up. (requested by MudkipBeans)
|
|t:|1624423020
|switch|p2a: Weezing|Weezing-Galar, F|100/100
|-ability|p2a: Weezing|Neutralizing Gas
|move|p1a: Flygon|U-turn|p2a: Weezing
|-resisted|p2a: Weezing
|-damage|p2a: Weezing|99/100
|
|t:|1624423031
|switch|p1a: Stakataka|Stakataka|100/100|[from]move: U-turn
|
|-heal|p2a: Weezing|100/100|[from] item: Black Sludge
|upkeep
|turn|3
|
|t:|1624423042
|-end|p2a: Weezing|ability: Neutralizing Gas
|switch|p2a: Stunfisk|Stunfisk, F|100/100
|move|p1a: Stakataka|Stealth Rock|p2a: Stunfisk
|-sidestart|p2: polar_geass|move: Stealth Rock
|
|upkeep
|turn|4
|
|t:|1624423052
|switch|p1a: Decidueye|Decidueye, F|100/100
|move|p2a: Stunfisk|Stealth Rock|p1a: Decidueye
|-sidestart|p1: MudkipBeans|move: Stealth Rock
|
|upkeep
|turn|5
|
|t:|1624423058
|switch|p2a: Zarude|Zarude|100/100
|move|p1a: Decidueye|Hurricane|p2a: Zarude
|-supereffective|p2a: Zarude
|-damage|p2a: Zarude|0 fnt
|faint|p2a: Zarude
|
|upkeep
|
|t:|1624423068
|switch|p2a: Entei|Entei|100/100
|turn|6
|
|t:|1624423078
|switch|p1a: Togekiss|Togekiss, M|100/100
|move|p2a: Entei|Sacred Fire|p1a: Togekiss
|-damage|p1a: Togekiss|64/100
|
|upkeep
|turn|7
|
|t:|1624423094
|move|p2a: Entei|Toxic|p1a: Togekiss
|-status|p1a: Togekiss|tox
|move|p1a: Togekiss|Roost|p1a: Togekiss
|-heal|p1a: Togekiss|100/100 tox
|-singleturn|p1a: Togekiss|move: Roost
|
|-damage|p1a: Togekiss|94/100 tox|[from] psn
|upkeep
|turn|8
|
|t:|1624423103
|switch|p2a: Stunfisk|Stunfisk, F|100/100
|-damage|p2a: Stunfisk|94/100|[from] Stealth Rock
|move|p1a: Togekiss|Heal Bell|p1a: Togekiss
|-activate|p1a: Togekiss|move: Heal Bell
|-curestatus|p1a: Togekiss|tox|[msg]
|-curestatus|p1: Flygon|brn|[msg]
|
|-heal|p2a: Stunfisk|100/100|[from] item: Leftovers
|upkeep
|turn|9
|
|t:|1624423115
|switch|p1a: Decidueye|Decidueye, F|100/100
|-damage|p1a: Decidueye|88/100|[from] Stealth Rock
|move|p2a: Stunfisk|Thunder Wave|p1a: Decidueye
|-status|p1a: Decidueye|par
|
|upkeep
|turn|10
|
|t:|1624423122
|switch|p2a: Cramorant|Cramorant, M|100/100
|move|p1a: Decidueye|Leaf Storm|p2a: Cramorant|[miss]
|-miss|p1a: Decidueye|p2a: Cramorant
|
|upkeep
|turn|11
|
|t:|1624423128
|move|p2a: Cramorant|Surf|p1a: Decidueye
|-formechange|p2a: Cramorant|Cramorant-Gulping|
|-resisted|p1a: Decidueye
|-damage|p1a: Decidueye|67/100 par
|move|p1a: Decidueye|Leaf Storm|p2a: Cramorant
|-damage|p2a: Cramorant|7/100
|-unboost|p1a: Decidueye|spa|2
|-damage|p1a: Decidueye|42/100 par|[from] ability: Gulp Missile|[of] p2a: Cramorant
|-unboost|p1a: Decidueye|def|1
|-formechange|p2a: Cramorant|Cramorant|
|
|upkeep
|turn|12
|
|t:|1624423141
|switch|p1a: Golisopod|Golisopod, M|100/100
|move|p2a: Cramorant|Surf|p1a: Golisopod
|-formechange|p2a: Cramorant|Cramorant-Gorging|
|-resisted|p1a: Golisopod
|-damage|p1a: Golisopod|80/100
|
|upkeep
|turn|13
|
|t:|1624423147
|move|p2a: Cramorant|Endure|p2a: Cramorant
|-singleturn|p2a: Cramorant|move: Endure
|move|p1a: Golisopod|First Impression|p2a: Cramorant
|-resisted|p2a: Cramorant
|-activate|p2a: Cramorant|move: Endure
|-damage|p2a: Cramorant|1/100
|-damage|p1a: Golisopod|56/100|[from] ability: Gulp Missile|[of] p2a: Cramorant
|-status|p1a: Golisopod|par
|-formechange|p2a: Cramorant|Cramorant|
|
|upkeep
|turn|14
|
|t:|1624423157
|switch|p1a: Togekiss|Togekiss, M|94/100
|move|p2a: Cramorant|Air Slash|p1a: Togekiss
|-damage|p1a: Togekiss|70/100
|
|upkeep
|turn|15
|
|t:|1624423165
|switch|p2a: Entei|Entei|100/100
|move|p1a: Togekiss|Air Slash|p2a: Entei
|-damage|p2a: Entei|64/100
|
|upkeep
|turn|16
|
|t:|1624423170
|move|p2a: Entei|Stone Edge|p1a: Togekiss
|-supereffective|p1a: Togekiss
|-damage|p1a: Togekiss|22/100
|move|p1a: Togekiss|Roost|p1a: Togekiss
|-heal|p1a: Togekiss|73/100
|-singleturn|p1a: Togekiss|move: Roost
|
|upkeep
|turn|17
|
|t:|1624423179
|switch|p1a: Flygon|Flygon, F|58/100
|-damage|p1a: Flygon|52/100|[from] Stealth Rock
|move|p2a: Entei|Sacred Fire|p1a: Flygon
|-resisted|p1a: Flygon
|-damage|p1a: Flygon|14/100
|-status|p1a: Flygon|brn
|
|-damage|p1a: Flygon|8/100 brn|[from] brn
|upkeep
|turn|18
|
|t:|1624423189
|move|p2a: Entei|Extreme Speed|p1a: Flygon
|-damage|p1a: Flygon|0 fnt
|faint|p1a: Flygon
|
|upkeep
|
|t:|1624423192
|switch|p1a: Mienshao|Mienshao, F|100/100
|-damage|p1a: Mienshao|95/100|[from] Stealth Rock
|turn|19
|
|t:|1624423199
|switch|p2a: Stunfisk|Stunfisk, F|100/100
|-damage|p2a: Stunfisk|94/100|[from] Stealth Rock
|move|p1a: Mienshao|U-turn|p2a: Stunfisk
|-damage|p2a: Stunfisk|73/100
|-damage|p1a: Mienshao|85/100|[from] item: Life Orb
|
|t:|1624423205
|switch|p1a: Decidueye|Decidueye, F|42/100 par|[from]move: U-turn
|-damage|p1a: Decidueye|29/100 par|[from] Stealth Rock
|
|-heal|p2a: Stunfisk|79/100|[from] item: Leftovers
|upkeep
|turn|20
|
|t:|1624423214
|switch|p2a: Cramorant|Cramorant, M|1/100
|cant|p1a: Decidueye|par
|
|upkeep
|turn|21
|
|t:|1624423223
|move|p2a: Cramorant|Surf|p1a: Decidueye
|-formechange|p2a: Cramorant|Cramorant-Gorging|
|-resisted|p1a: Decidueye
|-damage|p1a: Decidueye|7/100 par
|move|p1a: Decidueye|Leaf Storm|p2a: Cramorant
|-damage|p2a: Cramorant|0 fnt
|-unboost|p1a: Decidueye|spa|2
|-damage|p1a: Decidueye|0 fnt|[from] ability: Gulp Missile|[of] p2a: Cramorant
|-formechange|p2a: Cramorant|Cramorant|
|faint|p2a: Cramorant
|faint|p1a: Decidueye
|
|upkeep
|
|t:|1624423237
|switch|p1a: Mienshao|Mienshao, F|100/100
|switch|p2a: Gardevoir|Gardevoir, F, shiny|100/100
|-damage|p2a: Gardevoir|88/100|[from] Stealth Rock
|-ability|p2a: Gardevoir|Regenerator|[from] ability: Trace|[of] p1a: Mienshao
|-damage|p1a: Mienshao|95/100|[from] Stealth Rock
|turn|22
|
|t:|1624423247
|switch|p1a: Togekiss|Togekiss, M|73/100
|move|p2a: Gardevoir|Moonblast|p1a: Togekiss
|-damage|p1a: Togekiss|32/100
|
|upkeep
|turn|23
|
|t:|1624423252
|switch|p1a: Stakataka|Stakataka|100/100
|-damage|p1a: Stakataka|94/100|[from] Stealth Rock
|move|p2a: Gardevoir|Moonblast|p1a: Stakataka
|-resisted|p1a: Stakataka
|-damage|p1a: Stakataka|78/100
|
|-heal|p1a: Stakataka|84/100|[from] item: Leftovers
|upkeep
|turn|24
|
|t:|1624423260
|switch|p2a: Stunfisk|Stunfisk, F|79/100
|-damage|p2a: Stunfisk|73/100|[from] Stealth Rock
|move|p1a: Stakataka|Gyro Ball|p2a: Stunfisk
|-resisted|p2a: Stunfisk
|-damage|p2a: Stunfisk|58/100
|
|-heal|p2a: Stunfisk|64/100|[from] item: Leftovers
|-heal|p1a: Stakataka|90/100|[from] item: Leftovers
|upkeep
|turn|25
|
|t:|1624423271
|move|p2a: Stunfisk|Discharge|p1a: Stakataka
|-damage|p1a: Stakataka|74/100
|-status|p1a: Stakataka|par
|move|p1a: Stakataka|Toxic|p2a: Stunfisk
|-status|p2a: Stunfisk|tox
|
|-heal|p2a: Stunfisk|70/100 tox|[from] item: Leftovers
|-heal|p1a: Stakataka|80/100 par|[from] item: Leftovers
|-damage|p2a: Stunfisk|64/100 tox|[from] psn
|upkeep
|turn|26
|
|t:|1624423282
|switch|p1a: Togekiss|Togekiss, M|32/100
|move|p2a: Stunfisk|Discharge|p1a: Togekiss
|-supereffective|p1a: Togekiss
|-damage|p1a: Togekiss|0 fnt
|faint|p1a: Togekiss
|
|-heal|p2a: Stunfisk|70/100 tox|[from] item: Leftovers
|-damage|p2a: Stunfisk|58/100 tox|[from] psn
|upkeep
|
|t:|1624423289
|switch|p1a: Golisopod|Golisopod, M|56/100 par
|turn|27
|
|t:|1624423294
|move|p1a: Golisopod|First Impression|p2a: Stunfisk
|-damage|p2a: Stunfisk|19/100 tox
|move|p2a: Stunfisk|Discharge|p1a: Golisopod
|-supereffective|p1a: Golisopod
|-damage|p1a: Golisopod|1/100 par
|-activate|p1a: Golisopod|ability: Emergency Exit
|
|t:|1624423300
|switch|p1a: Mienshao|Mienshao, F|100/100
|-damage|p1a: Mienshao|95/100|[from] Stealth Rock
|
|-heal|p2a: Stunfisk|25/100 tox|[from] item: Leftovers
|-damage|p2a: Stunfisk|7/100 tox|[from] psn
|upkeep
|turn|28
|
|t:|1624423307
|switch|p2a: Weezing|Weezing-Galar, F|100/100
|-ability|p2a: Weezing|Neutralizing Gas
|-damage|p2a: Weezing|88/100|[from] Stealth Rock
|move|p1a: Mienshao|U-turn|p2a: Weezing
|-resisted|p2a: Weezing
|-damage|p2a: Weezing|83/100
|-damage|p1a: Mienshao|85/100|[from] item: Life Orb
|
|t:|1624423312
|switch|p1a: Stakataka|Stakataka|80/100 par|[from]move: U-turn
|-damage|p1a: Stakataka|74/100 par|[from] Stealth Rock
|
|-heal|p2a: Weezing|89/100|[from] item: Black Sludge
|-heal|p1a: Stakataka|80/100 par|[from] item: Leftovers
|upkeep
|turn|29
|inactive|polar_geass has 120 seconds left.
|
|t:|1624423360
|move|p2a: Weezing|Strange Steam|p1a: Stakataka
|-resisted|p1a: Stakataka
|-damage|p1a: Stakataka|70/100 par
|move|p1a: Stakataka|Gyro Ball|p2a: Weezing
|-supereffective|p2a: Weezing
|-damage|p2a: Weezing|12/100
|
|-heal|p2a: Weezing|18/100|[from] item: Black Sludge
|-heal|p1a: Stakataka|76/100 par|[from] item: Leftovers
|upkeep
|turn|30
|
|t:|1624423368
|move|p2a: Weezing|Pain Split|p1a: Stakataka
|-sethp|p1a: Stakataka|47/100 par|[from] move: Pain Split|[silent]
|-sethp|p2a: Weezing|46/100|[from] move: Pain Split
|move|p1a: Stakataka|Gyro Ball|p2a: Weezing
|-supereffective|p2a: Weezing
|-damage|p2a: Weezing|0 fnt
|faint|p2a: Weezing
|-end|p2a: Weezing|ability: Neutralizing Gas
|-ability|p1a: Stakataka|Beast Boost|boost
|-boost|p1a: Stakataka|def|1
|
|-heal|p1a: Stakataka|53/100 par|[from] item: Leftovers
|upkeep
|inactive|polar_geass has 90 seconds left.
|
|t:|1624423394
|switch|p2a: Gardevoir|Gardevoir, F, shiny|100/100
|-damage|p2a: Gardevoir|88/100|[from] Stealth Rock
|-ability|p2a: Gardevoir|Beast Boost|[from] ability: Trace|[of] p1a: Stakataka
|turn|31
|
|t:|1624423401
|move|p2a: Gardevoir|Healing Wish|p2a: Gardevoir
|faint|p2a: Gardevoir
|move|p1a: Stakataka|Gyro Ball|p2: Gardevoir|[notarget]
|-fail|p1a: Stakataka
|
|-heal|p1a: Stakataka|59/100 par|[from] item: Leftovers
|upkeep
|
|t:|1624423406
|switch|p2a: Stunfisk|Stunfisk, F|7/100 tox
|-heal|p2a: Stunfisk|100/100|[from] move: Healing Wish
|-damage|p2a: Stunfisk|94/100|[from] Stealth Rock
|turn|32
|
|t:|1624423412
|move|p2a: Stunfisk|Earth Power|p1a: Stakataka
|-supereffective|p1a: Stakataka
|-damage|p1a: Stakataka|0 fnt
|faint|p1a: Stakataka
|
|-heal|p2a: Stunfisk|100/100|[from] item: Leftovers
|upkeep
|
|t:|1624423415
|switch|p1a: Mienshao|Mienshao, F|85/100
|-damage|p1a: Mienshao|79/100|[from] Stealth Rock
|turn|33
|
|t:|1624423426
|move|p1a: Mienshao|Close Combat|p2a: Stunfisk
|-damage|p2a: Stunfisk|43/100
|-unboost|p1a: Mienshao|def|1
|-unboost|p1a: Mienshao|spd|1
|-damage|p1a: Mienshao|69/100|[from] item: Life Orb
|move|p2a: Stunfisk|Discharge|p1a: Mienshao
|-crit|p1a: Mienshao
|-damage|p1a: Mienshao|0 fnt
|faint|p1a: Mienshao
|
|-heal|p2a: Stunfisk|49/100|[from] item: Leftovers
|upkeep
|-message|MudkipBeans forfeited.
|
|win|polar_geass
|raw|MudkipBeans's rating: 1422 &rarr; <strong>1406</strong><br />(-16 for losing)
|raw|polar_geass's rating: 1494 &rarr; <strong>1510</strong><br />(+16 for winning)
|l|☆MudkipBeans
