|j|☆xJokesOnYou
|j|☆rult50dcem
|t:|1626139372
|gametype|singles
|player|p1|xJokesOnYou|ingo|1380
|player|p2|rult50dcem|cheryl|1634
|teamsize|p1|6
|teamsize|p2|6
|gen|8
|tier|[Gen 8] RU
|rated|
|rule|Sleep Clause Mod: Limit one foe put to sleep
|rule|Species Clause: Limit one of each Pokémon
|rule|OHKO Clause: OHKO moves are banned
|rule|Evasion Moves Clause: Evasion moves are banned
|rule|Endless Battle Clause: Forcing endless battles is banned
|rule|HP Percentage Mod: HP is shown in percentages
|rule|Dynamax Clause: You cannot dynamax
|clearpoke
|poke|p1|Flygon, M|
|poke|p1|Togekiss, F|
|poke|p1|Raikou|
|poke|p1|Milotic, M|
|poke|p1|Mienshao, F|
|poke|p1|Registeel|
|poke|p2|Klefki, F|
|poke|p2|Mimikyu, M|
|poke|p2|Seismitoad, F|
|poke|p2|Cobalion|
|poke|p2|Ninetales-Alola, M|
|poke|p2|Noivern, F|
|teampreview
|inactive|Battle timer is ON: inactive players will automatically lose when time's up. (requested by rult50dcem)
|c|☆rult50dcem|hf
|j| RULT50A Prod
|inactive|xJokesOnYou has 120 seconds left.
|
|t:|1626139419
|start
|switch|p1a: Registeel|Registeel|100/100
|switch|p2a: Ninetales|Ninetales-Alola, M|100/100
|-weather|Hail|[from] ability: Snow Warning|[of] p2a: Ninetales
|turn|1
|
|t:|1626139426
|switch|p2a: Seismitoad|Seismitoad, F|100/100
|move|p1a: Registeel|Heavy Slam|p2a: Seismitoad
|-resisted|p2a: Seismitoad
|-damage|p2a: Seismitoad|90/100
|
|-weather|Hail|[upkeep]
|-damage|p2a: Seismitoad|84/100|[from] Hail
|-damage|p1a: Registeel|94/100|[from] Hail
|-heal|p2a: Seismitoad|90/100|[from] item: Leftovers
|-heal|p1a: Registeel|100/100|[from] item: Leftovers
|upkeep
|turn|2
|j| daniYSB
|
|t:|1626139436
|move|p2a: Seismitoad|Knock Off|p1a: Registeel
|-damage|p1a: Registeel|86/100
|-enditem|p1a: Registeel|Leftovers|[from] move: Knock Off|[of] p2a: Seismitoad
|move|p1a: Registeel|Toxic|p2a: Seismitoad
|-status|p2a: Seismitoad|tox
|
|-weather|Hail|[upkeep]
|-damage|p2a: Seismitoad|84/100 tox|[from] Hail
|-damage|p1a: Registeel|80/100|[from] Hail
|-heal|p2a: Seismitoad|90/100 tox|[from] item: Leftovers
|-damage|p2a: Seismitoad|84/100 tox|[from] psn
|upkeep
|turn|3
|
|t:|1626139446
|move|p2a: Seismitoad|Stealth Rock|p1a: Registeel
|-sidestart|p1: xJokesOnYou|move: Stealth Rock
|move|p1a: Registeel|Stealth Rock|p2a: Seismitoad
|-sidestart|p2: rult50dcem|move: Stealth Rock
|
|-weather|Hail|[upkeep]
|-damage|p2a: Seismitoad|78/100 tox|[from] Hail
|-damage|p1a: Registeel|74/100|[from] Hail
|-heal|p2a: Seismitoad|84/100 tox|[from] item: Leftovers
|-damage|p2a: Seismitoad|72/100 tox|[from] psn
|upkeep
|turn|4
|
|t:|1626139466
|switch|p2a: Noivern|Noivern, F|100/100
|move|p1a: Registeel|Seismic Toss|p2a: Noivern
|-damage|p2a: Noivern|68/100
|
|-weather|Hail|[upkeep]
|-damage|p2a: Noivern|62/100|[from] Hail
|-damage|p1a: Registeel|68/100|[from] Hail
|upkeep
|turn|5
|
|t:|1626139476
|move|p2a: Noivern|U-turn|p1a: Registeel
|-resisted|p1a: Registeel
|-damage|p1a: Registeel|65/100
|
|t:|1626139480
|switch|p2a: Cobalion|Cobalion|100/100|[from]move: U-turn
|-damage|p2a: Cobalion|97/100|[from] Stealth Rock
|move|p1a: Registeel|Seismic Toss|p2a: Cobalion
|-damage|p2a: Cobalion|66/100
|-damage|p1a: Registeel|48/100|[from] item: Rocky Helmet|[of] p2a: Cobalion
|
|-weather|none
|upkeep
|turn|6
|l| daniYSB
|
|t:|1626139494
|switch|p1a: Milotic|Milotic, M|100/100
|-damage|p1a: Milotic|88/100|[from] Stealth Rock
|move|p2a: Cobalion|Close Combat|p1a: Milotic
|-damage|p1a: Milotic|52/100
|-unboost|p2a: Cobalion|def|1
|-unboost|p2a: Cobalion|spd|1
|
|-heal|p1a: Milotic|58/100|[from] item: Leftovers
|upkeep
|turn|7
|
|t:|1626139517
|switch|p2a: Klefki|Klefki, F|100/100
|-damage|p2a: Klefki|95/100|[from] Stealth Rock
|move|p1a: Milotic|Recover|p1a: Milotic
|-heal|p1a: Milotic|100/100
|
|-heal|p2a: Klefki|100/100|[from] item: Leftovers
|upkeep
|turn|8
|
|t:|1626139526
|move|p2a: Klefki|Toxic|p1a: Milotic
|-status|p1a: Milotic|tox
|move|p1a: Milotic|Flip Turn|p2a: Klefki
|-damage|p2a: Klefki|86/100
|
|t:|1626139536
|switch|p1a: Togekiss|Togekiss, F|100/100|[from]move: Flip Turn
|
|-heal|p2a: Klefki|92/100|[from] item: Leftovers
|upkeep
|turn|9
|
|t:|1626139546
|move|p2a: Klefki|Toxic|p1a: Togekiss
|-status|p1a: Togekiss|tox
|move|p1a: Togekiss|Heal Bell|p1a: Togekiss
|-activate|p1a: Togekiss|move: Heal Bell
|-curestatus|p1a: Togekiss|tox|[msg]
|-curestatus|p1: Milotic|tox|[msg]
|
|-heal|p2a: Klefki|98/100|[from] item: Leftovers
|upkeep
|turn|10
|
|t:|1626139562
|move|p2a: Klefki|Toxic|p1a: Togekiss|[miss]
|-miss|p2a: Klefki|p1a: Togekiss
|move|p1a: Togekiss|Defog|p2a: Klefki
|-unboost|p2a: Klefki|evasion|1
|-sideend|p2: rult50dcem|Stealth Rock|[from] move: Defog|[of] p1a: Togekiss
|-sideend|p1: xJokesOnYou|Stealth Rock|[from] move: Defog|[of] p1a: Togekiss
|
|-heal|p2a: Klefki|100/100|[from] item: Leftovers
|upkeep
|turn|11
|
|t:|1626139570
|switch|p1a: Registeel|Registeel|48/100
|move|p2a: Klefki|Spikes|p1a: Registeel
|-sidestart|p1: xJokesOnYou|Spikes
|
|upkeep
|turn|12
|inactive|xJokesOnYou has 120 seconds left.
|
|t:|1626139597
|move|p2a: Klefki|Spikes|p1a: Registeel
|-sidestart|p1: xJokesOnYou|Spikes
|move|p1a: Registeel|Seismic Toss|p2a: Klefki
|-damage|p2a: Klefki|69/100
|
|-heal|p2a: Klefki|75/100|[from] item: Leftovers
|upkeep
|turn|13
|
|t:|1626139603
|move|p2a: Klefki|Spikes|p1a: Registeel
|-sidestart|p1: xJokesOnYou|Spikes
|move|p1a: Registeel|Stealth Rock|p2a: Klefki
|-sidestart|p2: rult50dcem|move: Stealth Rock
|
|-heal|p2a: Klefki|81/100|[from] item: Leftovers
|upkeep
|turn|14
|
|t:|1626139612
|switch|p2a: Cobalion|Cobalion|66/100
|-damage|p2a: Cobalion|63/100|[from] Stealth Rock
|move|p1a: Registeel|Seismic Toss|p2a: Cobalion
|-damage|p2a: Cobalion|32/100
|-damage|p1a: Registeel|32/100|[from] item: Rocky Helmet|[of] p2a: Cobalion
|
|upkeep
|turn|15
|inactive|xJokesOnYou has 120 seconds left.
|
|t:|1626139635
|switch|p1a: Milotic|Milotic, M|100/100
|-damage|p1a: Milotic|76/100|[from] Spikes
|move|p2a: Cobalion|Close Combat|p1a: Milotic
|-damage|p1a: Milotic|40/100
|-unboost|p2a: Cobalion|def|1
|-unboost|p2a: Cobalion|spd|1
|
|-heal|p1a: Milotic|46/100|[from] item: Leftovers
|upkeep
|turn|16
|inactive|xJokesOnYou has 120 seconds left.
|
|t:|1626139646
|switch|p2a: Seismitoad|Seismitoad, F|72/100 tox
|-damage|p2a: Seismitoad|66/100 tox|[from] Stealth Rock
|move|p1a: Milotic|Recover|p1a: Milotic
|-heal|p1a: Milotic|96/100
|
|-heal|p1a: Milotic|100/100|[from] item: Leftovers
|-heal|p2a: Seismitoad|72/100 tox|[from] item: Leftovers
|-damage|p2a: Seismitoad|66/100 tox|[from] psn
|upkeep
|turn|17
|inactive|xJokesOnYou has 120 seconds left.
|
|t:|1626139658
|move|p1a: Milotic|Toxic|p2a: Seismitoad
|-fail|p2a: Seismitoad|tox
|move|p2a: Seismitoad|Knock Off|p1a: Milotic
|-damage|p1a: Milotic|83/100
|-enditem|p1a: Milotic|Leftovers|[from] move: Knock Off|[of] p2a: Seismitoad
|
|-heal|p2a: Seismitoad|72/100 tox|[from] item: Leftovers
|-damage|p2a: Seismitoad|60/100 tox|[from] psn
|upkeep
|turn|18
|inactive|xJokesOnYou has 120 seconds left.
|
|t:|1626139671
|switch|p2a: Klefki|Klefki, F|81/100
|-damage|p2a: Klefki|75/100|[from] Stealth Rock
|move|p1a: Milotic|Recover|p1a: Milotic
|-heal|p1a: Milotic|100/100
|
|-heal|p2a: Klefki|81/100|[from] item: Leftovers
|upkeep
|turn|19
|inactive|xJokesOnYou has 120 seconds left.
|
|t:|1626139701
|move|p2a: Klefki|Toxic|p1a: Milotic
|-status|p1a: Milotic|tox
|move|p1a: Milotic|Scald|p2a: Klefki
|-damage|p2a: Klefki|60/100
|
|-heal|p2a: Klefki|66/100|[from] item: Leftovers
|-damage|p1a: Milotic|94/100 tox|[from] psn
|upkeep
|turn|20
|
|t:|1626139712
|switch|p1a: Togekiss|Togekiss, F|100/100
|switch|p2a: Ninetales|Ninetales-Alola, M|100/100
|-weather|Hail|[from] ability: Snow Warning|[of] p2a: Ninetales
|
|-weather|Hail|[upkeep]
|-damage|p1a: Togekiss|94/100|[from] Hail
|upkeep
|turn|21
|
|t:|1626139721
|move|p2a: Ninetales|Blizzard|p1a: Togekiss
|-supereffective|p1a: Togekiss
|-damage|p1a: Togekiss|25/100
|move|p1a: Togekiss|Defog|p2a: Ninetales
|-unboost|p2a: Ninetales|evasion|1
|-sideend|p2: rult50dcem|Stealth Rock|[from] move: Defog|[of] p1a: Togekiss
|-sideend|p1: xJokesOnYou|Spikes|[from] move: Defog|[of] p1a: Togekiss
|
|-weather|Hail|[upkeep]
|-damage|p1a: Togekiss|19/100|[from] Hail
|upkeep
|turn|22
|
|t:|1626139732
|switch|p1a: Registeel|Registeel|32/100
|move|p2a: Ninetales|Freeze-Dry|p1a: Registeel
|-resisted|p1a: Registeel
|-damage|p1a: Registeel|25/100
|
|-weather|Hail|[upkeep]
|-damage|p1a: Registeel|19/100|[from] Hail
|upkeep
|turn|23
|
|t:|1626139747
|move|p2a: Ninetales|Protect|p2a: Ninetales
|-singleturn|p2a: Ninetales|Protect
|move|p1a: Registeel|Heavy Slam|p2a: Ninetales
|-activate|p2a: Ninetales|move: Protect
|
|-weather|Hail|[upkeep]
|-damage|p1a: Registeel|13/100|[from] Hail
|upkeep
|turn|24
|
|t:|1626139756
|switch|p2a: Seismitoad|Seismitoad, F|60/100 tox
|move|p1a: Registeel|Seismic Toss|p2a: Seismitoad
|-damage|p2a: Seismitoad|36/100 tox
|
|-weather|none
|-heal|p2a: Seismitoad|42/100 tox|[from] item: Leftovers
|-damage|p2a: Seismitoad|36/100 tox|[from] psn
|upkeep
|turn|25
|inactive|xJokesOnYou has 120 seconds left.
|
|t:|1626139776
|move|p2a: Seismitoad|Scald|p1a: Registeel
|-damage|p1a: Registeel|1/100
|move|p1a: Registeel|Seismic Toss|p2a: Seismitoad
|-damage|p2a: Seismitoad|12/100 tox
|
|-heal|p2a: Seismitoad|18/100 tox|[from] item: Leftovers
|-damage|p2a: Seismitoad|6/100 tox|[from] psn
|upkeep
|turn|26
|
|t:|1626139785
|move|p2a: Seismitoad|Stealth Rock|p1a: Registeel
|-sidestart|p1: xJokesOnYou|move: Stealth Rock
|move|p1a: Registeel|Stealth Rock|p2a: Seismitoad
|-sidestart|p2: rult50dcem|move: Stealth Rock
|
|-heal|p2a: Seismitoad|12/100 tox|[from] item: Leftovers
|-damage|p2a: Seismitoad|0 fnt|[from] psn
|faint|p2a: Seismitoad
|upkeep
|
|t:|1626139789
|switch|p2a: Ninetales|Ninetales-Alola, M|100/100
|-weather|Hail|[from] ability: Snow Warning|[of] p2a: Ninetales
|turn|27
|inactive|xJokesOnYou has 120 seconds left.
|
|t:|1626139819
|move|p2a: Ninetales|Freeze-Dry|p1a: Registeel
|-resisted|p1a: Registeel
|-damage|p1a: Registeel|0 fnt
|faint|p1a: Registeel
|
|-weather|Hail|[upkeep]
|upkeep
|
|t:|1626139829
|switch|p1a: Raikou|Raikou|100/100
|-ability|p1a: Raikou|Pressure
|turn|28
|
|t:|1626139836
|move|p2a: Ninetales|Protect|p2a: Ninetales
|-singleturn|p2a: Ninetales|Protect
|move|p1a: Raikou|Volt Switch|p2a: Ninetales
|-activate|p2a: Ninetales|move: Protect
|
|-weather|Hail|[upkeep]
|-damage|p1a: Raikou|94/100|[from] Hail
|upkeep
|turn|29
|
|t:|1626139843
|move|p1a: Raikou|Volt Switch|p2a: Ninetales
|-damage|p2a: Ninetales|63/100
|
|t:|1626139851
|switch|p1a: Togekiss|Togekiss, F|19/100|[from]move: Volt Switch
|move|p2a: Ninetales|Blizzard|p1a: Togekiss
|-supereffective|p1a: Togekiss
|-damage|p1a: Togekiss|0 fnt
|faint|p1a: Togekiss
|
|-weather|Hail|[upkeep]
|upkeep
|
|t:|1626139859
|switch|p1a: Mienshao|Mienshao, F|100/100
|-damage|p1a: Mienshao|95/100|[from] Stealth Rock
|turn|30
|
|t:|1626139863
|move|p2a: Ninetales|Protect|p2a: Ninetales
|-singleturn|p2a: Ninetales|Protect
|move|p1a: Mienshao|Stone Edge|p2a: Ninetales
|-activate|p2a: Ninetales|move: Protect
|
|-weather|Hail|[upkeep]
|-damage|p1a: Mienshao|89/100|[from] Hail
|upkeep
|turn|31
|
|t:|1626139872
|switch|p1a: Raikou|Raikou|94/100
|-ability|p1a: Raikou|Pressure
|switch|p2a: Klefki|Klefki, F|66/100
|-damage|p2a: Klefki|60/100|[from] Stealth Rock
|
|-weather|none
|-heal|p2a: Klefki|66/100|[from] item: Leftovers
|upkeep
|turn|32
|
|t:|1626139882
|move|p2a: Klefki|Toxic|p1a: Raikou
|-status|p1a: Raikou|tox
|move|p1a: Raikou|Thunderbolt|p2a: Klefki
|-damage|p2a: Klefki|33/100
|
|-heal|p2a: Klefki|39/100|[from] item: Leftovers
|-damage|p1a: Raikou|88/100 tox|[from] psn
|upkeep
|turn|33
|
|t:|1626139890
|move|p2a: Klefki|Spikes|p1a: Raikou
|-sidestart|p1: xJokesOnYou|Spikes
|move|p1a: Raikou|Thunderbolt|p2a: Klefki
|-damage|p2a: Klefki|1/100
|
|-heal|p2a: Klefki|7/100|[from] item: Leftovers
|-damage|p1a: Raikou|76/100 tox|[from] psn
|upkeep
|turn|34
|
|t:|1626139898
|switch|p2a: Ninetales|Ninetales-Alola, M|63/100
|-weather|Hail|[from] ability: Snow Warning|[of] p2a: Ninetales
|move|p1a: Raikou|Volt Switch|p2a: Ninetales
|-damage|p2a: Ninetales|24/100
|
|t:|1626139905
|switch|p1a: Mienshao|Mienshao, F|100/100|[from]move: Volt Switch
|-damage|p1a: Mienshao|88/100|[from] Spikes
|-damage|p1a: Mienshao|82/100|[from] Stealth Rock
|
|-weather|Hail|[upkeep]
|-damage|p1a: Mienshao|77/100|[from] Hail
|upkeep
|turn|35
|inactive|xJokesOnYou has 120 seconds left.
|
|t:|1626139960
|move|p2a: Ninetales|Protect|p2a: Ninetales
|-singleturn|p2a: Ninetales|Protect
|move|p1a: Mienshao|U-turn|p2a: Ninetales
|-activate|p2a: Ninetales|move: Protect
|
|-weather|Hail|[upkeep]
|-damage|p1a: Mienshao|71/100|[from] Hail
|upkeep
|turn|36
|
|t:|1626139968
|move|p1a: Mienshao|U-turn|p2a: Ninetales
|-resisted|p2a: Ninetales
|-damage|p2a: Ninetales|7/100
|
|t:|1626139974
|switch|p1a: Raikou|Raikou|76/100 tox|[from]move: U-turn
|-ability|p1a: Raikou|Pressure
|move|p2a: Ninetales|Freeze-Dry|p1a: Raikou
|-damage|p1a: Raikou|47/100 tox
|
|-weather|Hail|[upkeep]
|-damage|p1a: Raikou|40/100 tox|[from] Hail
|-damage|p1a: Raikou|34/100 tox|[from] psn
|upkeep
|turn|37
|
|t:|1626139984
|move|p2a: Ninetales|Protect|p2a: Ninetales
|-singleturn|p2a: Ninetales|Protect
|move|p1a: Raikou|Volt Switch|p2a: Ninetales
|-activate|p2a: Ninetales|move: Protect
|
|-weather|Hail|[upkeep]
|-damage|p1a: Raikou|28/100 tox|[from] Hail
|-damage|p1a: Raikou|15/100 tox|[from] psn
|upkeep
|turn|38
|
|t:|1626139995
|switch|p2a: Klefki|Klefki, F|7/100
|-damage|p2a: Klefki|1/100|[from] Stealth Rock
|move|p1a: Raikou|Volt Switch|p2a: Klefki
|-damage|p2a: Klefki|0 fnt
|faint|p2a: Klefki
|
|t:|1626140007
|switch|p1a: Mienshao|Mienshao, F|100/100|[from]move: Volt Switch
|-damage|p1a: Mienshao|95/100|[from] Stealth Rock
|-damage|p1a: Mienshao|82/100|[from] Spikes
|
|-weather|none
|upkeep
|
|t:|1626140010
|switch|p2a: Cobalion|Cobalion|32/100
|-damage|p2a: Cobalion|29/100|[from] Stealth Rock
|turn|39
|inactive|xJokesOnYou has 120 seconds left.
|
|t:|1626140019
|move|p1a: Mienshao|Close Combat|p2a: Cobalion
|-supereffective|p2a: Cobalion
|-damage|p2a: Cobalion|0 fnt
|-unboost|p1a: Mienshao|def|1
|-unboost|p1a: Mienshao|spd|1
|-damage|p1a: Mienshao|66/100|[from] item: Rocky Helmet|[of] p2a: Cobalion
|faint|p2a: Cobalion
|
|upkeep
|
|t:|1626140022
|switch|p2a: Mimikyu|Mimikyu, M|100/100
|-damage|p2a: Mimikyu|88/100|[from] Stealth Rock
|turn|40
|
|t:|1626140029
|switch|p1a: Milotic|Milotic, M|94/100 tox
|-damage|p1a: Milotic|82/100 tox|[from] Spikes
|-damage|p1a: Milotic|70/100 tox|[from] Stealth Rock
|move|p2a: Mimikyu|Swords Dance|p2a: Mimikyu
|-boost|p2a: Mimikyu|atk|2
|
|-damage|p1a: Milotic|63/100 tox|[from] psn
|upkeep
|turn|41
|
|t:|1626140043
|move|p2a: Mimikyu|Swords Dance|p2a: Mimikyu
|-boost|p2a: Mimikyu|atk|2
|move|p1a: Milotic|Flip Turn|p2a: Mimikyu
|-activate|p2a: Mimikyu|ability: Disguise
|-damage|p2a: Mimikyu|88/100
|detailschange|p2a: Mimikyu|Mimikyu-Busted, M
|-damage|p2a: Mimikyu|76/100|[from] pokemon: Mimikyu-Busted
|
|t:|1626140051
|switch|p1a: Flygon|Flygon, M|100/100|[from]move: Flip Turn
|-damage|p1a: Flygon|95/100|[from] Stealth Rock
|
|upkeep
|turn|42
|
|t:|1626140057
|switch|p2a: Noivern|Noivern, F|62/100
|move|p1a: Flygon|Earthquake|p2a: Noivern
|-immune|p2a: Noivern
|
|upkeep
|turn|43
|
|t:|1626140072
|switch|p1a: Raikou|Raikou|15/100 tox
|-ability|p1a: Raikou|Pressure
|move|p2a: Noivern|Roost|p2a: Noivern
|-heal|p2a: Noivern|100/100
|-singleturn|p2a: Noivern|move: Roost
|
|-damage|p1a: Raikou|9/100 tox|[from] psn
|upkeep
|turn|44
|
|t:|1626140082
|move|p2a: Noivern|Flamethrower|p1a: Raikou
|-damage|p1a: Raikou|0 fnt
|faint|p1a: Raikou
|
|upkeep
|
|t:|1626140090
|switch|p1a: Mienshao|Mienshao, F|99/100
|-damage|p1a: Mienshao|93/100|[from] Stealth Rock
|-damage|p1a: Mienshao|81/100|[from] Spikes
|turn|45
|
|t:|1626140104
|move|p1a: Mienshao|Stone Edge|p2a: Noivern|[miss]
|-miss|p1a: Mienshao|p2a: Noivern
|move|p2a: Noivern|Draco Meteor|p1a: Mienshao
|-damage|p1a: Mienshao|0 fnt
|-unboost|p2a: Noivern|spa|2
|faint|p1a: Mienshao
|
|upkeep
|-message|xJokesOnYou forfeited.
|
|win|rult50dcem
|l|☆xJokesOnYou
|raw|xJokesOnYou's rating: 1380 &rarr; <strong>1373</strong><br />(-7 for losing)
|raw|rult50dcem's rating: 1635 &rarr; <strong>1642</strong><br />(+7 for winning)
|l|☆rult50dcem
|l| RULT50A Prod
|j| Luna's Bann3d N0w
|l| Luna's Bann3d N0w
|j|☆rult50dcem
|player|p2|rult50dcem|cheryl
|inactive|Battle timer is ON: inactive players will automatically lose when time's up. (requested by rult50dcem)
