|html|<div class="broadcast-blue"><strong>[Gen 8] RU is currently suspecting Thundurus! For information on how to participate check out the <a href="https://www.smogon.com/forums/threads/np-ru-stage-5-electric-feel-thundurus-suspect.3676870/">suspect thread</a>.</strong></div>
|j|☆AlexJN
|j|☆RUT8 Floor Mat
|t:|1612193637
|player|p1|AlexJN|flannery|1332
|player|p2|RUT8 Floor Mat|unknown|1437
|teamsize|p1|6
|teamsize|p2|6
|gametype|singles
|gen|8
|tier|[Gen 8] RU
|rated|
|clearpoke
|poke|p1|Tyrantrum, M|
|poke|p1|Seismitoad, M|
|poke|p1|Sylveon, F|
|poke|p1|Cobalion|
|poke|p1|Roserade, M|
|poke|p1|Raikou|
|poke|p2|Golisopod, M|
|poke|p2|Zarude-Dada|
|poke|p2|Toxtricity, M|
|poke|p2|Zygarde-10%|
|poke|p2|Togekiss, F|
|poke|p2|Darmanitan, F|
|rule|Sleep Clause Mod: Limit one foe put to sleep
|rule|Species Clause: Limit one of each Pokémon
|rule|OHKO Clause: OHKO moves are banned
|rule|Evasion Moves Clause: Evasion moves are banned
|rule|Endless Battle Clause: Forcing endless battles is banned
|rule|HP Percentage Mod: HP is shown in percentages
|rule|Dynamax Clause: You cannot dynamax
|teampreview
|c|☆RUT8 Floor Mat|hf!
|inactive|Battle timer is ON: inactive players will automatically lose when time's up. (requested by RUT8 Floor Mat)
|
|t:|1612193663
|start
|switch|p1a: Raikou|Raikou|100/100
|switch|p2a: Zygarde|Zygarde-10%|100/100
|-ability|p1a: Raikou|Pressure
|-ability|p2a: Zygarde|Aura Break
|turn|1
|
|t:|1612193670
|switch|p1a: Sylveon|Sylveon, F|100/100
|move|p2a: Zygarde|Thousand Arrows|p1a: Sylveon
|-damage|p1a: Sylveon|51/100
|
|-heal|p1a: Sylveon|57/100|[from] item: Leftovers
|upkeep
|turn|2
|
|t:|1612193683
|switch|p2a: Darmanitan|Darmanitan, F|100/100
|move|p1a: Sylveon|Wish|p1a: Sylveon
|
|-heal|p1a: Sylveon|63/100|[from] item: Leftovers
|upkeep
|turn|3
|
|t:|1612193690
|switch|p1a: Tyrantrum|Tyrantrum, M|100/100
|move|p2a: Darmanitan|Flare Blitz|p1a: Tyrantrum
|-resisted|p1a: Tyrantrum
|-damage|p1a: Tyrantrum|80/100
|-damage|p2a: Darmanitan|95/100|[from] Recoil
|
|-heal|p1a: Tyrantrum|100/100|[from] move: Wish|[wisher] Sylveon
|upkeep
|turn|4
|
|t:|1612193711
|switch|p2a: Golisopod|Golisopod, M|100/100
|move|p1a: Tyrantrum|Head Smash|p2a: Golisopod|[miss]
|-miss|p1a: Tyrantrum|p2a: Golisopod
|
|upkeep
|turn|5
|
|t:|1612193717
|move|p2a: Golisopod|First Impression|p1a: Tyrantrum
|-damage|p1a: Tyrantrum|50/100
|move|p1a: Tyrantrum|Head Smash|p2a: Golisopod
|-supereffective|p2a: Golisopod
|-damage|p2a: Golisopod|0 fnt
|faint|p2a: Golisopod
|
|upkeep
|
|t:|1612193725
|switch|p2a: Zygarde|Zygarde-10%|100/100
|-ability|p2a: Zygarde|Aura Break
|turn|6
|
|t:|1612193728
|switch|p1a: Seismitoad|Seismitoad, M|100/100
|move|p2a: Zygarde|Thousand Arrows|p1a: Seismitoad
|-damage|p1a: Seismitoad|62/100
|
|-heal|p1a: Seismitoad|68/100|[from] item: Leftovers
|upkeep
|turn|7
|
|t:|1612193735
|switch|p2a: Zarude|Zarude-Dada|100/100
|move|p1a: Seismitoad|Knock Off|p2a: Zarude
|-resisted|p2a: Zarude
|-damage|p2a: Zarude|90/100
|-enditem|p2a: Zarude|Heavy-Duty Boots|[from] move: Knock Off|[of] p1a: Seismitoad
|
|-heal|p1a: Seismitoad|74/100|[from] item: Leftovers
|upkeep
|turn|8
|
|t:|1612193743
|switch|p1a: Cobalion|Cobalion|100/100
|move|p2a: Zarude|U-turn|p1a: Cobalion
|-resisted|p1a: Cobalion
|-damage|p1a: Cobalion|96/100
|
|t:|1612193750
|switch|p2a: Zygarde|Zygarde-10%|100/100|[from]move: U-turn
|-ability|p2a: Zygarde|Aura Break
|
|upkeep
|turn|9
|
|t:|1612193766
|switch|p1a: Seismitoad|Seismitoad, M|74/100
|move|p2a: Zygarde|Thousand Arrows|p1a: Seismitoad
|-damage|p1a: Seismitoad|33/100
|
|-heal|p1a: Seismitoad|39/100|[from] item: Leftovers
|upkeep
|turn|10
|
|t:|1612193772
|move|p2a: Zygarde|Thousand Arrows|p1a: Seismitoad
|-damage|p1a: Seismitoad|0 fnt
|faint|p1a: Seismitoad
|
|upkeep
|
|t:|1612193776
|switch|p1a: Sylveon|Sylveon, F|63/100
|turn|11
|
|t:|1612193780
|switch|p2a: Darmanitan|Darmanitan, F|95/100
|move|p1a: Sylveon|Wish|p1a: Sylveon
|
|-heal|p1a: Sylveon|69/100|[from] item: Leftovers
|upkeep
|turn|12
|
|t:|1612193786
|switch|p1a: Tyrantrum|Tyrantrum, M|50/100
|move|p2a: Darmanitan|Superpower|p1a: Tyrantrum
|-supereffective|p1a: Tyrantrum
|-damage|p1a: Tyrantrum|0 fnt
|-unboost|p2a: Darmanitan|atk|1
|-unboost|p2a: Darmanitan|def|1
|faint|p1a: Tyrantrum
|
|upkeep
|
|t:|1612193790
|switch|p1a: Roserade|Roserade, M|100/100
|turn|13
|
|t:|1612193797
|switch|p2a: Toxtricity|Toxtricity, M|100/100
|move|p1a: Roserade|Sleep Powder|p2a: Toxtricity|[miss]
|-miss|p1a: Roserade|p2a: Toxtricity
|
|upkeep
|turn|14
|
|t:|1612193804
|switch|p2a: Zarude|Zarude-Dada|90/100
|move|p1a: Roserade|Sleep Powder|p2a: Zarude
|-immune|p2a: Zarude
|
|upkeep
|turn|15
|
|t:|1612193809
|move|p2a: Zarude|U-turn|p1a: Roserade
|-damage|p1a: Roserade|56/100
|
|t:|1612193817
|switch|p2a: Toxtricity|Toxtricity, M|100/100|[from]move: U-turn
|move|p1a: Roserade|Sludge Bomb|p2a: Toxtricity
|-resisted|p2a: Toxtricity
|-damage|p2a: Toxtricity|67/100
|
|-heal|p1a: Roserade|62/100|[from] item: Black Sludge
|upkeep
|turn|16
|
|t:|1612193826
|switch|p2a: Zarude|Zarude-Dada|90/100
|move|p1a: Roserade|Sleep Powder|p2a: Zarude
|-immune|p2a: Zarude
|
|-heal|p1a: Roserade|68/100|[from] item: Black Sludge
|upkeep
|turn|17
|
|t:|1612193833
|move|p2a: Zarude|Darkest Lariat|p1a: Roserade
|-damage|p1a: Roserade|0 fnt
|faint|p1a: Roserade
|
|upkeep
|
|t:|1612193836
|switch|p1a: Raikou|Raikou|100/100
|-ability|p1a: Raikou|Pressure
|turn|18
|
|t:|1612193842
|switch|p2a: Toxtricity|Toxtricity, M|67/100
|move|p1a: Raikou|Aura Sphere|p2a: Toxtricity
|-resisted|p2a: Toxtricity
|-damage|p2a: Toxtricity|48/100
|
|upkeep
|turn|19
|
|t:|1612193848
|move|p1a: Raikou|Scald|p2a: Toxtricity
|-damage|p2a: Toxtricity|10/100
|-status|p2a: Toxtricity|brn
|move|p2a: Toxtricity|Volt Switch|p1a: Raikou
|-resisted|p1a: Raikou
|-damage|p1a: Raikou|74/100
|
|t:|1612193855
|switch|p2a: Darmanitan|Darmanitan, F|95/100|[from]move: Volt Switch
|
|upkeep
|turn|20
|
|t:|1612193858
|switch|p1a: Sylveon|Sylveon, F|69/100
|move|p2a: Darmanitan|Flare Blitz|p1a: Sylveon
|-damage|p1a: Sylveon|1/100
|-damage|p2a: Darmanitan|69/100|[from] Recoil
|
|-heal|p1a: Sylveon|7/100|[from] item: Leftovers
|upkeep
|turn|21
|-message|AlexJN forfeited.
|
|win|RUT8 Floor Mat
|l|☆AlexJN
||Ladder (probably) updated, but score could not be retrieved (Request timeout).
