|j|☆BrittneySpearsMom
|j|☆Tonguetyd
|player|p1|BrittneySpearsMom|44|1168
|player|p2|Tonguetyd|zinzolin|1050
|teamsize|p1|6
|teamsize|p2|6
|gametype|singles
|gen|8
|tier|[Gen 8] RU
|rated|
|rule|Sleep Clause Mod: Limit one foe put to sleep
|rule|Species Clause: Limit one of each Pokémon
|rule|OHKO Clause: OHKO moves are banned
|rule|Evasion Moves Clause: Evasion moves are banned
|rule|Endless Battle Clause: Forcing endless battles is banned
|rule|HP Percentage Mod: HP is shown in percentages
|clearpoke
|poke|p1|Mr. Mime-Galar, M|
|poke|p1|Silvally-*|
|poke|p1|Steelix, M|
|poke|p1|Accelgor, M|
|poke|p1|Roserade, F|
|poke|p1|Goodra, M|
|poke|p2|Accelgor, M|
|poke|p2|Roserade, F|
|poke|p2|Falinks|
|poke|p2|Steelix, M|
|poke|p2|Haunter, M|
|poke|p2|Gastrodon, F|
|rule|Dynamax Clause: You cannot dynamax
|teampreview
|
|start
|switch|p1a: Steelix|Steelix, M|100/100
|switch|p2a: Roserade|Roserade, F|100/100
|turn|1
|
|switch|p1a: Goodra|Goodra, M|100/100
|move|p2a: Roserade|Sleep Powder|p1a: Goodra
|-ability|p1a: Goodra|Sap Sipper|boost
|-boost|p1a: Goodra|atk|1
|
|upkeep
|turn|2
|
|move|p1a: Goodra|Draco Meteor|p2a: Roserade
|-damage|p2a: Roserade|37/100
|-unboost|p1a: Goodra|spa|2
|move|p2a: Roserade|Spikes|p1a: Goodra
|-sidestart|p1: BrittneySpearsMom|Spikes
|
|upkeep
|turn|3
|
|move|p1a: Goodra|Draco Meteor|p2a: Roserade
|-damage|p2a: Roserade|5/100
|-unboost|p1a: Goodra|spa|2
|move|p2a: Roserade|Spikes|p1a: Goodra
|-sidestart|p1: BrittneySpearsMom|Spikes
|
|upkeep
|turn|4
|
|switch|p2a: Steelix|Steelix, M|100/100
|move|p1a: Goodra|Draco Meteor|p2a: Steelix
|-resisted|p2a: Steelix
|-damage|p2a: Steelix|88/100
|-unboost|p1a: Goodra|spa|2
|
|-heal|p2a: Steelix|94/100|[from] item: Leftovers
|upkeep
|turn|5
|
|switch|p1a: Steelix|Steelix, M|100/100
|-damage|p1a: Steelix|84/100|[from] Spikes
|move|p2a: Steelix|Stealth Rock|p1a: Steelix
|-sidestart|p1: BrittneySpearsMom|move: Stealth Rock
|
|-heal|p1a: Steelix|90/100|[from] item: Leftovers
|-heal|p2a: Steelix|99/100|[from] item: Leftovers
|upkeep
|turn|6
|
|move|p1a: Steelix|Stealth Rock|p2a: Steelix
|-sidestart|p2: Tonguetyd|move: Stealth Rock
|move|p2a: Steelix|Taunt|p1a: Steelix
|-start|p1a: Steelix|move: Taunt
|
|-heal|p1a: Steelix|97/100|[from] item: Leftovers
|-heal|p2a: Steelix|100/100|[from] item: Leftovers
|upkeep
|turn|7
|inactive|Battle timer is ON: inactive players will automatically lose when time's up. (requested by BrittneySpearsMom)
|
|move|p2a: Steelix|Earthquake|p1a: Steelix
|-supereffective|p1a: Steelix
|-damage|p1a: Steelix|60/100
|move|p1a: Steelix|Dragon Tail|p2a: Steelix
|-resisted|p2a: Steelix
|-damage|p2a: Steelix|98/100
|drag|p2a: Gastrodon|Gastrodon, F|100/100
|-damage|p2a: Gastrodon|94/100|[from] Stealth Rock
|
|-heal|p2a: Gastrodon|100/100|[from] item: Leftovers
|-heal|p1a: Steelix|67/100|[from] item: Leftovers
|upkeep
|turn|8
|
|switch|p1a: Roserade|Roserade, F|100/100
|-damage|p1a: Roserade|88/100|[from] Stealth Rock
|-damage|p1a: Roserade|72/100|[from] Spikes
|move|p2a: Gastrodon|Yawn|p1a: Roserade
|-start|p1a: Roserade|move: Yawn|[of] p2a: Gastrodon
|
|upkeep
|turn|9
|
|switch|p2a: Roserade|Roserade, F|5/100
|-damage|p2a: Roserade|0 fnt|[from] Stealth Rock
|faint|p2a: Roserade
|move|p1a: Roserade|Spikes|p2: Roserade
|-sidestart|p2: Tonguetyd|Spikes
|
|-end|p1a: Roserade|move: Yawn|[silent]
|-status|p1a: Roserade|slp
|upkeep
|
|switch|p2a: Haunter|Haunter, M|100/100
|-damage|p2a: Haunter|88/100|[from] Stealth Rock
|turn|10
|
|switch|p1a: Steelix|Steelix, M|67/100
|-damage|p1a: Steelix|50/100|[from] Spikes
|-damage|p1a: Steelix|47/100|[from] Stealth Rock
|move|p2a: Haunter|Shadow Ball|p1a: Steelix
|-damage|p1a: Steelix|4/100
|-damage|p2a: Haunter|78/100|[from] item: Life Orb
|
|-heal|p1a: Steelix|10/100|[from] item: Leftovers
|upkeep
|turn|11
|
|move|p2a: Haunter|Giga Drain|p1a: Steelix
|-damage|p1a: Steelix|0 fnt
|-heal|p2a: Haunter|86/100|[from] drain|[of] p1a: Steelix
|-damage|p2a: Haunter|76/100|[from] item: Life Orb
|faint|p1a: Steelix
|
|upkeep
|
|switch|p1a: Mr. Mime|Mr. Mime-Galar, M|100/100
|turn|12
|
|move|p1a: Mr. Mime|Freeze-Dry|p2a: Haunter
|-damage|p2a: Haunter|9/100
|-status|p2a: Haunter|frz
|cant|p2a: Haunter|frz
|
|upkeep
|turn|13
|
|move|p1a: Mr. Mime|Psychic|p2a: Haunter
|-supereffective|p2a: Haunter
|-damage|p2a: Haunter|0 fnt
|faint|p2a: Haunter
|
|upkeep
|
|switch|p2a: Accelgor|Accelgor, M|100/100
|-damage|p2a: Accelgor|76/100|[from] Stealth Rock
|-damage|p2a: Accelgor|63/100|[from] Spikes
|turn|14
|
|move|p2a: Accelgor|Bug Buzz|p1a: Mr. Mime
|-supereffective|p1a: Mr. Mime
|-damage|p1a: Mr. Mime|0 fnt
|-enditem|p2a: Accelgor|Throat Spray
|-boost|p2a: Accelgor|spa|1
|faint|p1a: Mr. Mime
|
|upkeep
|c|☆BrittneySpearsMom|nice set
|
|switch|p1a: Silvally|Silvally-Ghost|100/100
|-damage|p1a: Silvally|88/100|[from] Stealth Rock
|-damage|p1a: Silvally|71/100|[from] Spikes
|turn|15
|inactive|Tonguetyd has 120 seconds left.
|
|move|p2a: Accelgor|Giga Drain|p1a: Silvally
|-damage|p1a: Silvally|31/100
|-heal|p2a: Accelgor|86/100|[from] drain|[of] p1a: Silvally
|move|p1a: Silvally|Multi-Attack|p2a: Accelgor
|-damage|p2a: Accelgor|0 fnt
|faint|p2a: Accelgor
|
|upkeep
|
|switch|p2a: Falinks|Falinks|100/100
|-damage|p2a: Falinks|94/100|[from] Stealth Rock
|-damage|p2a: Falinks|82/100|[from] Spikes
|turn|16
|
|move|p1a: Silvally|Multi-Attack|p2a: Falinks
|-damage|p2a: Falinks|13/100
|move|p2a: Falinks|No Retreat|p2a: Falinks
|-boost|p2a: Falinks|atk|1
|-boost|p2a: Falinks|def|1
|-boost|p2a: Falinks|spa|1
|-boost|p2a: Falinks|spd|1
|-boost|p2a: Falinks|spe|1
|-start|p2a: Falinks|move: No Retreat
|
|upkeep
|turn|17
|
|move|p2a: Falinks|Throat Chop|p1a: Silvally
|-supereffective|p1a: Silvally
|-damage|p1a: Silvally|0 fnt
|faint|p1a: Silvally
|
|upkeep
|
|switch|p1a: Goodra|Goodra, M|100/100
|-damage|p1a: Goodra|88/100|[from] Stealth Rock
|-damage|p1a: Goodra|72/100|[from] Spikes
|turn|18
|inactive|Tonguetyd has 120 seconds left.
|
|move|p1a: Goodra|Thunderbolt|p2a: Falinks
|-damage|p2a: Falinks|0 fnt
|faint|p2a: Falinks
|
|upkeep
|inactive|Tonguetyd has 120 seconds left.
|
|switch|p2a: Steelix|Steelix, M|98/100
|-damage|p2a: Steelix|95/100|[from] Stealth Rock
|-damage|p2a: Steelix|82/100|[from] Spikes
|turn|19
|inactive|Tonguetyd has 120 seconds left.
|
|switch|p1a: Roserade|Roserade, F|72/100
|-damage|p1a: Roserade|55/100|[from] Spikes
|-damage|p1a: Roserade|43/100|[from] Stealth Rock
|move|p2a: Steelix|Dragon Tail|p1a: Roserade
|-damage|p1a: Roserade|18/100
|drag|p1a: Accelgor|Accelgor, M|100/100
|-damage|p1a: Accelgor|84/100|[from] Spikes
|-damage|p1a: Accelgor|59/100|[from] Stealth Rock
|
|-heal|p2a: Steelix|89/100|[from] item: Leftovers
|upkeep
|turn|20
|inactive|Tonguetyd has 120 seconds left.
|
|switch|p1a: Roserade|Roserade, F|18/100
|-damage|p1a: Roserade|1/100|[from] Spikes
|-damage|p1a: Roserade|0 fnt|[from] Stealth Rock
|faint|p1a: Roserade
|move|p2a: Steelix|Dragon Tail|p1: Roserade|[notarget]
|-fail|p2a: Steelix
|
|-heal|p2a: Steelix|95/100|[from] item: Leftovers
|upkeep
|
|switch|p1a: Goodra|Goodra, M|72/100
|-damage|p1a: Goodra|59/100|[from] Stealth Rock
|-damage|p1a: Goodra|43/100|[from] Spikes
|turn|21
|
|move|p1a: Goodra|Fire Blast|p2a: Steelix
|-supereffective|p2a: Steelix
|-damage|p2a: Steelix|7/100
|move|p2a: Steelix|Dragon Tail|p1a: Goodra
|-supereffective|p1a: Goodra
|-damage|p1a: Goodra|0 fnt
|faint|p1a: Goodra
|
|-heal|p2a: Steelix|13/100|[from] item: Leftovers
|upkeep
|
|switch|p1a: Accelgor|Accelgor, M|59/100
|-damage|p1a: Accelgor|34/100|[from] Stealth Rock
|-damage|p1a: Accelgor|17/100|[from] Spikes
|turn|22
|
|move|p1a: Accelgor|Bug Buzz|p2a: Steelix
|-resisted|p2a: Steelix
|-damage|p2a: Steelix|0 fnt
|-enditem|p1a: Accelgor|Throat Spray
|-boost|p1a: Accelgor|spa|1
|faint|p2a: Steelix
|
|upkeep
|c|☆BrittneySpearsMom|gg
|
|switch|p2a: Gastrodon|Gastrodon, F|100/100
|-damage|p2a: Gastrodon|94/100|[from] Stealth Rock
|-damage|p2a: Gastrodon|82/100|[from] Spikes
|turn|23
|
|move|p1a: Accelgor|Giga Drain|p2a: Gastrodon
|-supereffective|p2a: Gastrodon
|-damage|p2a: Gastrodon|0 fnt
|-heal|p1a: Accelgor|66/100|[from] drain|[of] p2a: Gastrodon
|faint|p2a: Gastrodon
|
|win|BrittneySpearsMom
|l|☆Tonguetyd
