|j|☆Tintincpajouer
|j|☆superluigifan100
|t:|1629044616
|gametype|singles
|player|p1|Tintincpajouer|265|1472
|player|p2|superluigifan100|wattson|1506
|teamsize|p1|6
|teamsize|p2|6
|gen|8
|tier|[Gen 8] RU
|rated|
|rule|Sleep Clause Mod: Limit one foe put to sleep
|rule|Species Clause: Limit one of each Pokémon
|rule|OHKO Clause: OHKO moves are banned
|rule|Evasion Moves Clause: Evasion moves are banned
|rule|Endless Battle Clause: Forcing endless battles is banned
|rule|HP Percentage Mod: HP is shown in percentages
|rule|Dynamax Clause: You cannot dynamax
|clearpoke
|poke|p1|Porygon-Z|
|poke|p1|Cobalion|
|poke|p1|Mimikyu, M|
|poke|p1|Shuckle, M|
|poke|p1|Xurkitree|
|poke|p1|Crobat, M|
|poke|p2|Morpeko, F|
|poke|p2|Arcanine, F|
|poke|p2|Drifblim, M|
|poke|p2|Noivern, F|
|poke|p2|Cobalion|
|poke|p2|Mudsdale, M|
|teampreview
|
|t:|1629044633
|start
|switch|p1a: Shuckle|Shuckle, M|100/100
|switch|p2a: Cobalion|Cobalion|100/100
|turn|1
|
|t:|1629044641
|move|p2a: Cobalion|Stealth Rock|p1a: Shuckle
|-sidestart|p1: Tintincpajouer|move: Stealth Rock
|move|p1a: Shuckle|Sticky Web|p2a: Cobalion
|-sidestart|p2: superluigifan100|move: Sticky Web
|
|upkeep
|turn|2
|
|t:|1629044649
|move|p2a: Cobalion|Iron Head|p1a: Shuckle
|-supereffective|p1a: Shuckle
|-damage|p1a: Shuckle|64/100
|move|p1a: Shuckle|Stealth Rock|p2a: Cobalion
|-sidestart|p2: superluigifan100|move: Stealth Rock
|
|upkeep
|turn|3
|
|t:|1629044655
|move|p2a: Cobalion|Iron Head|p1a: Shuckle
|-supereffective|p1a: Shuckle
|-damage|p1a: Shuckle|28/100
|move|p1a: Shuckle|Final Gambit|p2a: Cobalion
|-damage|p2a: Cobalion|79/100
|faint|p1a: Shuckle
|
|-heal|p2a: Cobalion|86/100|[from] item: Leftovers
|upkeep
|
|t:|1629044667
|switch|p1a: Crobat|Crobat, M|100/100
|turn|4
|
|t:|1629044671
|move|p1a: Crobat|Nasty Plot|p1a: Crobat
|-boost|p1a: Crobat|spa|2
|move|p2a: Cobalion|Iron Head|p1a: Crobat
|-damage|p1a: Crobat|59/100
|
|-heal|p2a: Cobalion|92/100|[from] item: Leftovers
|upkeep
|turn|5
|
|t:|1629044681
|move|p1a: Crobat|Heat Wave|p2a: Cobalion
|-supereffective|p2a: Cobalion
|-damage|p2a: Cobalion|0 fnt
|faint|p2a: Cobalion
|
|upkeep
|
|t:|1629044691
|switch|p2a: Mudsdale|Mudsdale, M|100/100
|-activate|p2a: Mudsdale|move: Sticky Web
|-unboost|p2a: Mudsdale|spe|1
|-damage|p2a: Mudsdale|94/100|[from] Stealth Rock
|turn|6
|
|t:|1629044697
|move|p1a: Crobat|Air Slash|p2a: Mudsdale
|-damage|p2a: Mudsdale|61/100
|-ability|p2a: Mudsdale|Stamina|boost
|-boost|p2a: Mudsdale|def|1
|cant|p2a: Mudsdale|flinch
|
|upkeep
|turn|7
|
|t:|1629044705
|move|p1a: Crobat|Air Slash|p2a: Mudsdale
|-damage|p2a: Mudsdale|30/100
|-ability|p2a: Mudsdale|Stamina|boost
|-boost|p2a: Mudsdale|def|1
|move|p2a: Mudsdale|Rock Slide|p1a: Crobat
|-supereffective|p1a: Crobat
|-damage|p1a: Crobat|6/100
|
|upkeep
|turn|8
|
|t:|1629044713
|move|p1a: Crobat|Air Slash|p2a: Mudsdale
|-damage|p2a: Mudsdale|0 fnt
|faint|p2a: Mudsdale
|
|upkeep
|
|t:|1629044718
|switch|p2a: Arcanine|Arcanine, F|100/100
|-ability|p2a: Arcanine|Intimidate|boost
|-unboost|p1a: Crobat|atk|1
|turn|9
|
|t:|1629044725
|move|p2a: Arcanine|Extreme Speed|p1a: Crobat
|-damage|p1a: Crobat|0 fnt
|faint|p1a: Crobat
|
|upkeep
|
|t:|1629044735
|switch|p1a: Xurkitree|Xurkitree|100/100
|-damage|p1a: Xurkitree|88/100|[from] Stealth Rock
|turn|10
|
|t:|1629044743
|move|p1a: Xurkitree|Thunderbolt|p2a: Arcanine
|-damage|p2a: Arcanine|39/100
|move|p2a: Arcanine|Close Combat|p1a: Xurkitree
|-damage|p1a: Xurkitree|29/100
|-unboost|p2a: Arcanine|def|1
|-unboost|p2a: Arcanine|spd|1
|
|upkeep
|turn|11
|
|t:|1629044753
|move|p2a: Arcanine|Extreme Speed|p1a: Xurkitree
|-damage|p1a: Xurkitree|0 fnt
|faint|p1a: Xurkitree
|
|upkeep
|
|t:|1629044761
|switch|p1a: Mimikyu|Mimikyu, M|100/100
|-damage|p1a: Mimikyu|88/100|[from] Stealth Rock
|turn|12
|
|t:|1629044769
|move|p1a: Mimikyu|Swords Dance|p1a: Mimikyu
|-boost|p1a: Mimikyu|atk|2
|move|p2a: Arcanine|Flare Blitz|p1a: Mimikyu
|-activate|p1a: Mimikyu|ability: Disguise
|-damage|p1a: Mimikyu|88/100
|detailschange|p1a: Mimikyu|Mimikyu-Busted, M
|-damage|p1a: Mimikyu|76/100|[from] pokemon: Mimikyu-Busted
|
|upkeep
|turn|13
|
|t:|1629044785
|switch|p2a: Morpeko|Morpeko, F|100/100
|-damage|p2a: Morpeko|88/100|[from] Stealth Rock
|-activate|p2a: Morpeko|move: Sticky Web
|-unboost|p2a: Morpeko|spe|1
|move|p1a: Mimikyu|Shadow Claw|p2a: Morpeko
|-resisted|p2a: Morpeko
|-damage|p2a: Morpeko|1/100
|-damage|p1a: Mimikyu|66/100|[from] item: Life Orb
|
|-formechange|p2a: Morpeko|Morpeko-Hangry||[from] ability: Hunger Switch
|upkeep
|turn|14
|
|t:|1629044797
|move|p1a: Mimikyu|Shadow Sneak|p2a: Morpeko
|-resisted|p2a: Morpeko
|-damage|p2a: Morpeko|0 fnt
|faint|p2a: Morpeko
|-damage|p1a: Mimikyu|56/100|[from] item: Life Orb
|
|upkeep
|
|t:|1629044799
|switch|p2a: Noivern|Noivern, F|100/100
|-damage|p2a: Noivern|75/100|[from] Stealth Rock
|turn|15
|
|t:|1629044809
|move|p1a: Mimikyu|Shadow Sneak|p2a: Noivern
|-damage|p2a: Noivern|15/100
|-damage|p1a: Mimikyu|46/100|[from] item: Life Orb
|move|p2a: Noivern|Flamethrower|p1a: Mimikyu
|-damage|p1a: Mimikyu|0 fnt
|faint|p1a: Mimikyu
|
|upkeep
|
|t:|1629044825
|switch|p1a: Porygon-Z|Porygon-Z|100/100
|-damage|p1a: Porygon-Z|88/100|[from] Stealth Rock
|turn|16
|
|t:|1629044831
|move|p2a: Noivern|Flamethrower|p1a: Porygon-Z
|-damage|p1a: Porygon-Z|31/100
|-status|p1a: Porygon-Z|brn
|move|p1a: Porygon-Z|Shadow Ball|p2a: Noivern
|-damage|p2a: Noivern|0 fnt
|faint|p2a: Noivern
|
|-damage|p1a: Porygon-Z|25/100 brn|[from] brn
|upkeep
|
|t:|1629044839
|switch|p2a: Arcanine|Arcanine, F|39/100
|-ability|p2a: Arcanine|Intimidate|boost
|-unboost|p1a: Porygon-Z|atk|1
|turn|17
|
|t:|1629044846
|switch|p1a: Cobalion|Cobalion|100/100
|-damage|p1a: Cobalion|97/100|[from] Stealth Rock
|move|p2a: Arcanine|Extreme Speed|p1a: Cobalion
|-resisted|p1a: Cobalion
|-damage|p1a: Cobalion|87/100
|
|upkeep
|turn|18
|
|t:|1629044863
|switch|p2a: Drifblim|Drifblim, M|100/100
|-damage|p2a: Drifblim|75/100|[from] Stealth Rock
|move|p1a: Cobalion|Volt Switch|p2a: Drifblim
|-supereffective|p2a: Drifblim
|-damage|p2a: Drifblim|42/100
|-enditem|p2a: Drifblim|Sitrus Berry|[eat]
|-heal|p2a: Drifblim|67/100|[from] item: Sitrus Berry
|
|t:|1629044872
|switch|p1a: Porygon-Z|Porygon-Z|25/100 brn|[from]move: Volt Switch
|-damage|p1a: Porygon-Z|12/100 brn|[from] Stealth Rock
|
|-damage|p1a: Porygon-Z|6/100 brn|[from] brn
|upkeep
|turn|19
|
|t:|1629044880
|move|p2a: Drifblim|Strength Sap|p1a: Porygon-Z
|-unboost|p1a: Porygon-Z|atk|1
|-heal|p2a: Drifblim|98/100
|move|p1a: Porygon-Z|Shadow Ball|p2a: Drifblim
|-supereffective|p2a: Drifblim
|-damage|p2a: Drifblim|0 fnt
|faint|p2a: Drifblim
|
|-damage|p1a: Porygon-Z|0 fnt|[from] brn
|faint|p1a: Porygon-Z
|upkeep
|
|t:|1629044894
|switch|p1a: Cobalion|Cobalion|87/100
|switch|p2a: Arcanine|Arcanine, F|39/100
|-damage|p1a: Cobalion|83/100|[from] Stealth Rock
|-ability|p2a: Arcanine|Intimidate|boost
|-unboost|p1a: Cobalion|atk|1
|turn|20
|
|t:|1629044904
|move|p1a: Cobalion|Close Combat|p2a: Arcanine
|-damage|p2a: Arcanine|6/100
|-unboost|p1a: Cobalion|def|1
|-unboost|p1a: Cobalion|spd|1
|move|p2a: Arcanine|Flare Blitz|p1a: Cobalion
|-supereffective|p1a: Cobalion
|-damage|p1a: Cobalion|0 fnt
|faint|p1a: Cobalion
|-damage|p2a: Arcanine|0 fnt|[from] Recoil
|faint|p2a: Arcanine
|
|win|superluigifan100
|raw|Tintincpajouer's rating: 1472 &rarr; <strong>1454</strong><br />(-18 for losing)
|raw|superluigifan100's rating: 1506 &rarr; <strong>1524</strong><br />(+18 for winning)
|c|☆superluigifan100|gg
|c|☆Tintincpajouer|Gg
|l|☆superluigifan100
|c|☆Tintincpajouer|What a funny game !!
||Ladder isn't responding, score probably updated but might not have (Request timeout).
