|html|<div class="broadcast-blue"><strong>[Gen 8] RU is currently suspecting Mienshao! For information on how to participate check out the <a href="https://www.smogon.com/forums/threads/np-ru-stage-8-nocturne-mienshao-suspect-test.3688330/">suspect thread</a>.</strong></div>
|j|☆whistling
|j|☆ti84silveredition
|inactive|Battle timer is ON: inactive players will automatically lose when time's up.
|t:|1627598262
|gametype|singles
|player|p1|whistling|red|
|player|p2|ti84silveredition|170|
|teamsize|p1|6
|teamsize|p2|6
|gen|8
|tier|[Gen 8] RU
|rated|Tournament battle
|rule|Sleep Clause Mod: Limit one foe put to sleep
|rule|Species Clause: Limit one of each Pokémon
|rule|OHKO Clause: OHKO moves are banned
|rule|Evasion Moves Clause: Evasion moves are banned
|rule|Endless Battle Clause: Forcing endless battles is banned
|rule|HP Percentage Mod: HP is shown in percentages
|rule|Dynamax Clause: You cannot dynamax
|clearpoke
|poke|p1|Stakataka|
|poke|p1|Flygon, M|
|poke|p1|Roserade, F|
|poke|p1|Mimikyu, M|
|poke|p1|Starmie|
|poke|p1|Heracross, M|
|poke|p2|Toxtricity, F|
|poke|p2|Seismitoad, F|
|poke|p2|Toxicroak, M|
|poke|p2|Politoed, F|
|poke|p2|Poliwrath, M|
|poke|p2|Reuniclus, M|
|teampreview
|j|*Lady Monita
|inactive|ti84silveredition also wants the timer to be on.
|c|☆whistling|hf
|j| McChicken221
|j| mrbinaism
|
|t:|1627598271
|start
|switch|p1a: Roserade|Roserade, F|100/100
|switch|p2a: Reuniclus|Reuniclus, M, shiny|100/100
|turn|1
|
|t:|1627598277
|switch|p1a: Heracross|Heracross, M|100/100
|move|p2a: Reuniclus|Knock Off|p1a: Heracross
|-resisted|p1a: Heracross
|-damage|p1a: Heracross|89/100
|-enditem|p1a: Heracross|Choice Scarf|[from] move: Knock Off|[of] p2a: Reuniclus
|
|upkeep
|turn|2
|j| DrewCareysFeet
|
|t:|1627598294
|switch|p2a: Seismitoad|Seismitoad, F|100/100
|move|p1a: Heracross|Megahorn|p2a: Seismitoad
|-damage|p2a: Seismitoad|58/100
|
|-heal|p2a: Seismitoad|64/100|[from] item: Leftovers
|upkeep
|turn|3
|j| ICEBRAZIL
|
|t:|1627598301
|move|p1a: Heracross|Knock Off|p2a: Seismitoad
|-damage|p2a: Seismitoad|42/100
|-enditem|p2a: Seismitoad|Leftovers|[from] move: Knock Off|[of] p1a: Heracross
|move|p2a: Seismitoad|Stealth Rock|p1a: Heracross
|-sidestart|p1: whistling|move: Stealth Rock
|
|upkeep
|turn|4
|l| ICEBRAZIL
|
|t:|1627598307
|move|p1a: Heracross|Close Combat|p2a: Seismitoad
|-damage|p2a: Seismitoad|0 fnt
|-unboost|p1a: Heracross|def|1
|-unboost|p1a: Heracross|spd|1
|faint|p2a: Seismitoad
|-ability|p1a: Heracross|Moxie|boost
|-boost|p1a: Heracross|atk|1
|
|upkeep
|
|t:|1627598319
|switch|p2a: Toxicroak|Toxicroak, M|100/100
|turn|5
|
|t:|1627598325
|switch|p1a: Flygon|Flygon, M|100/100
|-damage|p1a: Flygon|94/100|[from] Stealth Rock
|move|p2a: Toxicroak|Gunk Shot|p1a: Flygon
|-resisted|p1a: Flygon
|-damage|p1a: Flygon|63/100
|-status|p1a: Flygon|psn
|
|-damage|p1a: Flygon|51/100 psn|[from] psn
|upkeep
|turn|6
|j| ezzygame
|
|t:|1627598330
|switch|p2a: Politoed|Politoed, F|100/100
|-weather|RainDance|[from] ability: Drizzle|[of] p2a: Politoed
|move|p1a: Flygon|Defog|p2a: Politoed
|-unboost|p2a: Politoed|evasion|1
|-sideend|p1: whistling|Stealth Rock|[from] move: Defog|[of] p1a: Flygon
|
|-weather|RainDance|[upkeep]
|-damage|p1a: Flygon|39/100 psn|[from] psn
|upkeep
|turn|7
|
|t:|1627598340
|move|p1a: Flygon|U-turn|p2a: Politoed
|-damage|p2a: Politoed|85/100
|
|t:|1627598341
|switch|p1a: Roserade|Roserade, F|100/100|[from]move: U-turn
|move|p2a: Politoed|Scald|p1a: Roserade
|-resisted|p1a: Roserade
|-damage|p1a: Roserade|74/100
|
|-weather|RainDance|[upkeep]
|upkeep
|turn|8
|
|t:|1627598345
|switch|p2a: Reuniclus|Reuniclus, M, shiny|100/100
|move|p1a: Roserade|Spikes|p2a: Reuniclus
|-sidestart|p2: ti84silveredition|Spikes
|
|-weather|RainDance|[upkeep]
|upkeep
|turn|9
|
|t:|1627598350
|move|p1a: Roserade|Spikes|p2a: Reuniclus
|-sidestart|p2: ti84silveredition|Spikes
|move|p2a: Reuniclus|Future Sight|p1a: Roserade
|-start|p2a: Reuniclus|move: Future Sight
|
|-weather|RainDance|[upkeep]
|upkeep
|turn|10
|
|t:|1627598353
|switch|p1a: Stakataka|Stakataka|100/100
|move|p2a: Reuniclus|Knock Off|p1a: Stakataka
|-damage|p1a: Stakataka|92/100
|-enditem|p1a: Stakataka|Leftovers|[from] move: Knock Off|[of] p2a: Reuniclus
|
|-weather|RainDance|[upkeep]
|upkeep
|turn|11
|
|t:|1627598355
|move|p2a: Reuniclus|Focus Blast|p1a: Stakataka
|-supereffective|p1a: Stakataka
|-damage|p1a: Stakataka|0 fnt
|faint|p1a: Stakataka
|
|-weather|RainDance|[upkeep]
|-hint|Future Sight did not hit because the target is fainted.
|upkeep
|
|t:|1627598360
|switch|p1a: Heracross|Heracross, M|89/100
|turn|12
|
|t:|1627598364
|switch|p2a: Toxicroak|Toxicroak, M|100/100
|-damage|p2a: Toxicroak|84/100|[from] Spikes
|move|p1a: Heracross|Knock Off|p2a: Toxicroak
|-resisted|p2a: Toxicroak
|-damage|p2a: Toxicroak|56/100
|-enditem|p2a: Toxicroak|Black Sludge|[from] move: Knock Off|[of] p1a: Heracross
|
|-weather|RainDance|[upkeep]
|-heal|p2a: Toxicroak|69/100|[from] ability: Dry Skin
|upkeep
|turn|13
|
|t:|1627598370
|switch|p1a: Flygon|Flygon, M|39/100 psn
|move|p2a: Toxicroak|Gunk Shot|p1a: Flygon
|-resisted|p1a: Flygon
|-damage|p1a: Flygon|10/100 psn
|
|-weather|none
|-damage|p1a: Flygon|0 fnt|[from] psn
|faint|p1a: Flygon
|upkeep
|j|^ihavebestsandteam
|
|t:|1627598373
|switch|p1a: Starmie|Starmie|100/100
|turn|14
|
|t:|1627598376
|switch|p2a: Politoed|Politoed, F|85/100
|-damage|p2a: Politoed|69/100|[from] Spikes
|-weather|RainDance|[from] ability: Drizzle|[of] p2a: Politoed
|move|p1a: Starmie|Trick|p2a: Politoed
|-activate|p1a: Starmie|move: Trick|[of] p2a: Politoed
|-item|p2a: Politoed|Choice Specs|[from] move: Trick
|-item|p1a: Starmie|Damp Rock|[from] move: Trick
|
|-weather|RainDance|[upkeep]
|upkeep
|turn|15
|
|t:|1627598382
|move|p1a: Starmie|Psychic|p2a: Politoed
|-damage|p2a: Politoed|33/100
|move|p2a: Politoed|Scald|p1a: Starmie
|-resisted|p1a: Starmie
|-damage|p1a: Starmie|56/100
|
|-weather|RainDance|[upkeep]
|upkeep
|turn|16
|
|t:|1627598387
|switch|p2a: Reuniclus|Reuniclus, M, shiny|100/100
|-damage|p2a: Reuniclus|84/100|[from] Spikes
|move|p1a: Starmie|Psychic|p2a: Reuniclus
|-resisted|p2a: Reuniclus
|-damage|p2a: Reuniclus|71/100
|
|-weather|RainDance|[upkeep]
|upkeep
|turn|17
|
|t:|1627598393
|move|p1a: Starmie|Trick|p2a: Reuniclus
|-activate|p1a: Starmie|move: Trick|[of] p2a: Reuniclus
|-item|p2a: Reuniclus|Damp Rock|[from] move: Trick
|-item|p1a: Starmie|Assault Vest|[from] move: Trick
|move|p2a: Reuniclus|Shadow Ball|p1a: Starmie
|-supereffective|p1a: Starmie
|-damage|p1a: Starmie|5/100
|
|-weather|RainDance|[upkeep]
|upkeep
|turn|18
|
|t:|1627598399
|move|p1a: Starmie|Surf|p2a: Reuniclus
|-damage|p2a: Reuniclus|28/100
|move|p2a: Reuniclus|Knock Off|p1a: Starmie
|-supereffective|p1a: Starmie
|-damage|p1a: Starmie|0 fnt
|-enditem|p1a: Starmie|Assault Vest|[from] move: Knock Off|[of] p2a: Reuniclus
|faint|p1a: Starmie
|
|-weather|RainDance|[upkeep]
|upkeep
|
|t:|1627598406
|switch|p1a: Roserade|Roserade, F|74/100
|turn|19
|
|t:|1627598411
|move|p1a: Roserade|Sludge Bomb|p2a: Reuniclus
|-damage|p2a: Reuniclus|0 fnt
|faint|p2a: Reuniclus
|
|-weather|RainDance|[upkeep]
|upkeep
|
|t:|1627598414
|switch|p2a: Poliwrath|Poliwrath, M|100/100
|-damage|p2a: Poliwrath|84/100|[from] Spikes
|turn|20
|
|t:|1627598417
|move|p2a: Poliwrath|Ice Punch|p1a: Roserade
|-supereffective|p1a: Roserade
|-damage|p1a: Roserade|0 fnt
|faint|p1a: Roserade
|
|-weather|RainDance|[upkeep]
|upkeep
|
|t:|1627598422
|switch|p1a: Mimikyu|Mimikyu, M|100/100
|turn|21
|
|t:|1627598425
|move|p2a: Poliwrath|Ice Punch|p1a: Mimikyu
|-activate|p1a: Mimikyu|ability: Disguise
|-damage|p1a: Mimikyu|100/100
|detailschange|p1a: Mimikyu|Mimikyu-Busted, M
|-damage|p1a: Mimikyu|88/100|[from] pokemon: Mimikyu-Busted
|move|p1a: Mimikyu|Swords Dance|p1a: Mimikyu
|-boost|p1a: Mimikyu|atk|2
|
|-weather|none
|upkeep
|turn|22
|
|t:|1627598429
|switch|p2a: Politoed|Politoed, F|33/100
|-damage|p2a: Politoed|16/100|[from] Spikes
|-weather|RainDance|[from] ability: Drizzle|[of] p2a: Politoed
|move|p1a: Mimikyu|Swords Dance|p1a: Mimikyu
|-boost|p1a: Mimikyu|atk|2
|
|-weather|RainDance|[upkeep]
|upkeep
|turn|23
|
|t:|1627598432
|move|p1a: Mimikyu|Drain Punch|p2a: Politoed
|-damage|p2a: Politoed|0 fnt
|-heal|p1a: Mimikyu|99/100|[from] drain|[of] p2a: Politoed
|faint|p2a: Politoed
|-damage|p1a: Mimikyu|90/100|[from] item: Life Orb
|
|-weather|RainDance|[upkeep]
|upkeep
|
|t:|1627598434
|switch|p2a: Poliwrath|Poliwrath, M|84/100
|-damage|p2a: Poliwrath|68/100|[from] Spikes
|turn|24
|
|t:|1627598436
|move|p1a: Mimikyu|Shadow Sneak|p2a: Poliwrath
|-damage|p2a: Poliwrath|2/100
|-enditem|p2a: Poliwrath|Sitrus Berry|[eat]
|-heal|p2a: Poliwrath|27/100|[from] item: Sitrus Berry
|-damage|p1a: Mimikyu|80/100|[from] item: Life Orb
|move|p2a: Poliwrath|Liquidation|p1a: Mimikyu
|-damage|p1a: Mimikyu|0 fnt
|faint|p1a: Mimikyu
|
|-weather|RainDance|[upkeep]
|upkeep
|-message|whistling forfeited.
|
|win|ti84silveredition
|n|☆whistling|whistling
|n|☆ti84silveredition|ti84silveredition
|n|*Lady Monita|ladymonita
|n| McChicken221|mcchicken221
|n| mrbinaism|mrbinaism
|n| DrewCareysFeet|drewcareysfeet
|n| ezzygame|ezzygame
|n| ihavebestsandteam|ihavebestsandteam
