|j|☆Ho3nConfirm3d
|j|☆Its oyster time
|t:|1652389494
|gametype|singles
|player|p1|Ho3nConfirm3d|#ho3nconfirm3d|1551
|player|p2|Its oyster time|ninjaboy|1413
|teamsize|p1|6
|teamsize|p2|6
|gen|8
|tier|[Gen 8] RU
|rated|
|rule|Sleep Clause Mod: Limit one foe put to sleep
|rule|Species Clause: Limit one of each Pokémon
|rule|OHKO Clause: OHKO moves are banned
|rule|Evasion Moves Clause: Evasion moves are banned
|rule|Endless Battle Clause: Forcing endless battles is banned
|rule|HP Percentage Mod: HP is shown in percentages
|rule|Dynamax Clause: You cannot dynamax
|clearpoke
|poke|p1|Aurorus, F|
|poke|p1|Sandslash-Alola, F|
|poke|p1|Arctovish|
|poke|p1|Flygon, F|
|poke|p1|Hitmontop, M|
|poke|p1|Abomasnow, M|
|poke|p2|Vileplume, F|
|poke|p2|Bronzong|
|poke|p2|Articuno|
|poke|p2|Umbreon, M|
|poke|p2|Shedinja|
|poke|p2|Gastrodon, M|
|teampreview
|inactive|Battle timer is ON: inactive players will automatically lose when time's up. (requested by Its oyster time)
|
|t:|1652389508
|start
|switch|p1a: Aurorus|Aurorus, F|100/100
|switch|p2a: Bronzong|Bronzong|100/100
|-weather|Hail|[from] ability: Snow Warning|[of] p1a: Aurorus
|turn|1
|
|t:|1652389511
|move|p1a: Aurorus|Stealth Rock|p2a: Bronzong
|-sidestart|p2: Its oyster time|move: Stealth Rock
|move|p2a: Bronzong|Body Press|p1a: Aurorus
|-supereffective|p1a: Aurorus
|-enditem|p1a: Aurorus|Focus Sash
|-damage|p1a: Aurorus|1/100
|
|-weather|Hail|[upkeep]
|-damage|p2a: Bronzong|94/100|[from] Hail
|-heal|p2a: Bronzong|100/100|[from] item: Leftovers
|upkeep
|turn|2
|
|t:|1652389517
|move|p1a: Aurorus|Encore|p2a: Bronzong
|-start|p2a: Bronzong|Encore
|move|p2a: Bronzong|Body Press|p1a: Aurorus
|-supereffective|p1a: Aurorus
|-damage|p1a: Aurorus|0 fnt
|faint|p1a: Aurorus
|
|-weather|Hail|[upkeep]
|-damage|p2a: Bronzong|94/100|[from] Hail
|-heal|p2a: Bronzong|100/100|[from] item: Leftovers
|upkeep
|
|t:|1652389519
|switch|p1a: Arctovish|Arctovish|100/100
|turn|3
|
|t:|1652389524
|switch|p2a: Vileplume|Vileplume, F|100/100
|-damage|p2a: Vileplume|88/100|[from] Stealth Rock
|move|p1a: Arctovish|Icicle Crash|p2a: Vileplume|[miss]
|-miss|p1a: Arctovish|p2a: Vileplume
|
|-weather|Hail|[upkeep]
|-damage|p2a: Vileplume|82/100|[from] Hail
|-heal|p2a: Vileplume|88/100|[from] item: Black Sludge
|upkeep
|turn|4
|
|t:|1652389529
|switch|p1a: Sandslash|Sandslash-Alola, F|100/100
|switch|p2a: Gastrodon|Gastrodon, M|100/100
|
|-weather|Hail|[upkeep]
|-damage|p2a: Gastrodon|94/100|[from] Hail
|upkeep
|turn|5
|
|t:|1652389533
|switch|p1a: Flygon|Flygon, F|100/100
|move|p2a: Gastrodon|Curse|p2a: Gastrodon
|-unboost|p2a: Gastrodon|spe|1
|-boost|p2a: Gastrodon|atk|1
|-boost|p2a: Gastrodon|def|1
|
|-weather|none
|upkeep
|turn|6
|
|t:|1652389535
|move|p1a: Flygon|Toxic|p2a: Gastrodon
|-status|p2a: Gastrodon|tox
|move|p2a: Gastrodon|Toxic|p1a: Flygon
|-status|p1a: Flygon|tox
|
|-damage|p1a: Flygon|94/100 tox|[from] psn
|-damage|p2a: Gastrodon|88/100 tox|[from] psn
|upkeep
|turn|7
|
|t:|1652389539
|switch|p2a: Bronzong|Bronzong|100/100
|-damage|p2a: Bronzong|94/100|[from] Stealth Rock
|move|p1a: Flygon|U-turn|p2a: Bronzong
|-damage|p2a: Bronzong|77/100
|
|t:|1652389542
|switch|p1a: Arctovish|Arctovish|100/100|[from]move: U-turn
|
|-heal|p2a: Bronzong|84/100|[from] item: Leftovers
|upkeep
|turn|8
|
|t:|1652389549
|switch|p2a: Shedinja|Shedinja|100/100
|move|p1a: Arctovish|Icicle Crash|p2a: Shedinja
|-immune|p2a: Shedinja|[from] ability: Wonder Guard
|
|upkeep
|turn|9
|
|t:|1652389552
|move|p1a: Arctovish|Icicle Crash|p2a: Shedinja
|-immune|p2a: Shedinja|[from] ability: Wonder Guard
|move|p2a: Shedinja|Will-O-Wisp|p1a: Arctovish
|-status|p1a: Arctovish|brn
|
|-damage|p1a: Arctovish|94/100 brn|[from] brn
|upkeep
|turn|10
|
|t:|1652389559
|switch|p1a: Abomasnow|Abomasnow, M|100/100
|-weather|Hail|[from] ability: Snow Warning|[of] p1a: Abomasnow
|move|p2a: Shedinja|Will-O-Wisp|p1a: Abomasnow
|-status|p1a: Abomasnow|brn
|
|-weather|Hail|[upkeep]
|-damage|p2a: Shedinja|0 fnt|[from] Hail
|faint|p2a: Shedinja
|-damage|p1a: Abomasnow|94/100 brn|[from] brn
|upkeep
|
|t:|1652389570
|switch|p2a: Bronzong|Bronzong|84/100
|-damage|p2a: Bronzong|77/100|[from] Stealth Rock
|turn|11
|
|t:|1652389574
|switch|p1a: Hitmontop|Hitmontop, M|100/100
|move|p2a: Bronzong|Body Press|p1a: Hitmontop
|-damage|p1a: Hitmontop|77/100
|
|-weather|Hail|[upkeep]
|-damage|p1a: Hitmontop|71/100|[from] Hail
|-damage|p2a: Bronzong|71/100|[from] Hail
|-heal|p2a: Bronzong|77/100|[from] item: Leftovers
|upkeep
|turn|12
|
|t:|1652389577
|switch|p2a: Vileplume|Vileplume, F|88/100
|-damage|p2a: Vileplume|76/100|[from] Stealth Rock
|move|p1a: Hitmontop|Close Combat|p2a: Vileplume
|-resisted|p2a: Vileplume
|-damage|p2a: Vileplume|55/100
|-unboost|p1a: Hitmontop|def|1
|-unboost|p1a: Hitmontop|spd|1
|-status|p1a: Hitmontop|par|[from] ability: Effect Spore|[of] p2a: Vileplume
|
|-weather|Hail|[upkeep]
|-damage|p2a: Vileplume|49/100|[from] Hail
|-damage|p1a: Hitmontop|65/100 par|[from] Hail
|-heal|p2a: Vileplume|55/100|[from] item: Black Sludge
|upkeep
|turn|13
|
|t:|1652389583
|move|p2a: Vileplume|Strength Sap|p1a: Hitmontop
|-unboost|p1a: Hitmontop|atk|1
|-heal|p2a: Vileplume|100/100
|move|p1a: Hitmontop|Triple Axel|p2a: Vileplume|[miss]
|-miss|p1a: Hitmontop|p2a: Vileplume
|
|-weather|Hail|[upkeep]
|-damage|p2a: Vileplume|94/100|[from] Hail
|-damage|p1a: Hitmontop|59/100 par|[from] Hail
|-heal|p2a: Vileplume|100/100|[from] item: Black Sludge
|upkeep
|turn|14
|
|t:|1652389591
|switch|p1a: Sandslash|Sandslash-Alola, F|100/100
|move|p2a: Vileplume|Sludge Bomb|p1a: Sandslash
|-immune|p1a: Sandslash
|
|-weather|Hail|[upkeep]
|-damage|p2a: Vileplume|94/100|[from] Hail
|-heal|p2a: Vileplume|100/100|[from] item: Black Sludge
|upkeep
|turn|15
|
|t:|1652389600
|switch|p2a: Gastrodon|Gastrodon, M|88/100 tox
|move|p1a: Sandslash|Swords Dance|p1a: Sandslash
|-boost|p1a: Sandslash|atk|2
|
|-weather|Hail|[upkeep]
|-damage|p2a: Gastrodon|82/100 tox|[from] Hail
|-damage|p2a: Gastrodon|76/100 tox|[from] psn
|upkeep
|turn|16
|
|t:|1652389604
|move|p1a: Sandslash|Triple Axel|p2a: Gastrodon
|-damage|p2a: Gastrodon|63/100 tox
|-damage|p2a: Gastrodon|39/100 tox
|-damage|p2a: Gastrodon|2/100 tox
|-hitcount|p2a: Gastrodon|3
|move|p2a: Gastrodon|Earthquake|p1a: Sandslash
|-supereffective|p1a: Sandslash
|-damage|p1a: Sandslash|43/100
|
|-weather|Hail|[upkeep]
|-damage|p2a: Gastrodon|0 fnt|[from] Hail
|faint|p2a: Gastrodon
|upkeep
|
|t:|1652389620
|switch|p2a: Umbreon|Umbreon, M|100/100
|turn|17
|
|t:|1652389634
|switch|p1a: Flygon|Flygon, F|94/100 tox
|move|p2a: Umbreon|Foul Play|p1a: Flygon
|-damage|p1a: Flygon|50/100 tox
|-damage|p2a: Umbreon|84/100|[from] item: Rocky Helmet|[of] p1a: Flygon
|
|-weather|none
|-damage|p1a: Flygon|44/100 tox|[from] psn
|upkeep
|turn|18
|
|t:|1652389642
|move|p1a: Flygon|U-turn|p2a: Umbreon
|-supereffective|p2a: Umbreon
|-damage|p2a: Umbreon|55/100
|
|t:|1652389643
|switch|p1a: Abomasnow|Abomasnow, M|94/100 brn|[from]move: U-turn
|-weather|Hail|[from] ability: Snow Warning|[of] p1a: Abomasnow
|move|p2a: Umbreon|Wish|p2a: Umbreon
|
|-weather|Hail|[upkeep]
|-damage|p2a: Umbreon|48/100|[from] Hail
|-damage|p1a: Abomasnow|88/100 brn|[from] brn
|upkeep
|turn|19
|
|t:|1652389647
|move|p2a: Umbreon|Protect|p2a: Umbreon
|-singleturn|p2a: Umbreon|Protect
|move|p1a: Abomasnow|Swords Dance|p1a: Abomasnow
|-boost|p1a: Abomasnow|atk|2
|
|-weather|Hail|[upkeep]
|-damage|p2a: Umbreon|42/100|[from] Hail
|-heal|p2a: Umbreon|92/100|[from] move: Wish|[wisher] Umbreon
|-damage|p1a: Abomasnow|82/100 brn|[from] brn
|upkeep
|turn|20
|
|t:|1652389650
|switch|p2a: Articuno|Articuno|100/100
|-ability|p2a: Articuno|Pressure
|move|p1a: Abomasnow|Wood Hammer|p2a: Articuno
|-resisted|p2a: Articuno
|-damage|p2a: Articuno|78/100
|-damage|p1a: Abomasnow|73/100 brn|[from] Recoil
|
|-weather|Hail|[upkeep]
|-damage|p1a: Abomasnow|67/100 brn|[from] brn
|upkeep
|turn|21
|
|t:|1652389659
|switch|p1a: Arctovish|Arctovish|94/100 brn
|move|p2a: Articuno|Roost|p2a: Articuno
|-heal|p2a: Articuno|100/100
|-singleturn|p2a: Articuno|move: Roost
|
|-weather|Hail|[upkeep]
|-damage|p1a: Arctovish|88/100 brn|[from] brn
|upkeep
|turn|22
|
|t:|1652389663
|move|p1a: Arctovish|Fishious Rend|p2a: Articuno
|-damage|p2a: Articuno|48/100
|move|p2a: Articuno|Roost|p2a: Articuno
|-heal|p2a: Articuno|98/100
|-singleturn|p2a: Articuno|move: Roost
|
|-weather|Hail|[upkeep]
|-damage|p1a: Arctovish|82/100 brn|[from] brn
|upkeep
|turn|23
|
|t:|1652389670
|switch|p1a: Sandslash|Sandslash-Alola, F|43/100
|move|p2a: Articuno|Roost|p2a: Articuno
|-heal|p2a: Articuno|100/100
|-singleturn|p2a: Articuno|move: Roost
|
|-weather|Hail|[upkeep]
|upkeep
|turn|24
|
|t:|1652389674
|switch|p2a: Bronzong|Bronzong|77/100
|-damage|p2a: Bronzong|71/100|[from] Stealth Rock
|move|p1a: Sandslash|Knock Off|p2a: Bronzong
|-supereffective|p2a: Bronzong
|-damage|p2a: Bronzong|25/100
|-enditem|p2a: Bronzong|Leftovers|[from] move: Knock Off|[of] p1a: Sandslash
|
|-weather|Hail|[upkeep]
|-damage|p2a: Bronzong|19/100|[from] Hail
|upkeep
|turn|25
|
|t:|1652389677
|switch|p2a: Vileplume|Vileplume, F|100/100
|-damage|p2a: Vileplume|88/100|[from] Stealth Rock
|move|p1a: Sandslash|Knock Off|p2a: Vileplume
|-damage|p2a: Vileplume|65/100
|-enditem|p2a: Vileplume|Black Sludge|[from] move: Knock Off|[of] p1a: Sandslash
|
|-weather|none
|upkeep
|turn|26
|
|t:|1652389680
|move|p1a: Sandslash|Triple Axel|p2a: Vileplume
|-supereffective|p2a: Vileplume
|-damage|p2a: Vileplume|52/100
|-supereffective|p2a: Vileplume
|-damage|p2a: Vileplume|24/100
|-supereffective|p2a: Vileplume
|-damage|p2a: Vileplume|0 fnt
|faint|p2a: Vileplume
|-hitcount|p2: Vileplume|3
|
|upkeep
|
|t:|1652389683
|switch|p2a: Umbreon|Umbreon, M|92/100
|turn|27
|
|t:|1652389688
|switch|p1a: Abomasnow|Abomasnow, M|67/100 brn
|-weather|Hail|[from] ability: Snow Warning|[of] p1a: Abomasnow
|move|p2a: Umbreon|Foul Play|p1a: Abomasnow
|-damage|p1a: Abomasnow|11/100 brn
|
|-weather|Hail|[upkeep]
|-damage|p2a: Umbreon|86/100|[from] Hail
|-damage|p1a: Abomasnow|5/100 brn|[from] brn
|upkeep
|turn|28
|
|t:|1652389692
|move|p1a: Abomasnow|Wood Hammer|p2a: Umbreon
|-damage|p2a: Umbreon|63/100
|-damage|p1a: Abomasnow|0 fnt|[from] Recoil
|faint|p1a: Abomasnow
|move|p2a: Umbreon|Wish|p2a: Umbreon
|
|-weather|Hail|[upkeep]
|-damage|p2a: Umbreon|57/100|[from] Hail
|upkeep
|
|t:|1652389695
|switch|p1a: Hitmontop|Hitmontop, M|59/100 par
|turn|29
|
|t:|1652389698
|move|p2a: Umbreon|Protect|p2a: Umbreon
|-singleturn|p2a: Umbreon|Protect
|move|p1a: Hitmontop|Close Combat|p2a: Umbreon
|-activate|p2a: Umbreon|move: Protect
|
|-weather|Hail|[upkeep]
|-damage|p2a: Umbreon|51/100|[from] Hail
|-damage|p1a: Hitmontop|53/100 par|[from] Hail
|-heal|p2a: Umbreon|100/100|[from] move: Wish|[wisher] Umbreon
|upkeep
|turn|30
|
|t:|1652389702
|switch|p2a: Articuno|Articuno|100/100
|-ability|p2a: Articuno|Pressure
|move|p1a: Hitmontop|Close Combat|p2a: Articuno
|-damage|p2a: Articuno|54/100
|-unboost|p1a: Hitmontop|def|1
|-unboost|p1a: Hitmontop|spd|1
|
|-weather|Hail|[upkeep]
|-damage|p1a: Hitmontop|47/100 par|[from] Hail
|upkeep
|turn|31
|
|t:|1652389704
|switch|p1a: Arctovish|Arctovish|82/100 brn
|move|p2a: Articuno|Roost|p2a: Articuno
|-heal|p2a: Articuno|100/100
|-singleturn|p2a: Articuno|move: Roost
|
|-weather|Hail|[upkeep]
|-damage|p1a: Arctovish|76/100 brn|[from] brn
|upkeep
|turn|32
|
|t:|1652389710
|move|p1a: Arctovish|Stone Edge|p2a: Articuno
|-supereffective|p2a: Articuno
|-crit|p2a: Articuno
|-damage|p2a: Articuno|0 fnt
|faint|p2a: Articuno
|
|-weather|Hail|[upkeep]
|-damage|p1a: Arctovish|69/100 brn|[from] brn
|upkeep
|
|t:|1652389718
|switch|p2a: Umbreon|Umbreon, M|100/100
|turn|33
|
|t:|1652389721
|switch|p1a: Flygon|Flygon, F|44/100 tox
|move|p2a: Umbreon|Wish|p2a: Umbreon
|
|-weather|Hail|[upkeep]
|-damage|p1a: Flygon|37/100 tox|[from] Hail
|-damage|p2a: Umbreon|94/100|[from] Hail
|-damage|p1a: Flygon|31/100 tox|[from] psn
|upkeep
|turn|34
|
|t:|1652389726
|switch|p2a: Bronzong|Bronzong|19/100
|-damage|p2a: Bronzong|13/100|[from] Stealth Rock
|move|p1a: Flygon|Toxic|p2a: Bronzong
|-immune|p2a: Bronzong
|
|-weather|none
|-heal|p2a: Bronzong|71/100|[from] move: Wish|[wisher] Umbreon
|-damage|p1a: Flygon|19/100 tox|[from] psn
|upkeep
|turn|35
|
|t:|1652389734
|move|p1a: Flygon|U-turn|p2a: Bronzong
|-damage|p2a: Bronzong|56/100
|
|t:|1652389736
|switch|p1a: Sandslash|Sandslash-Alola, F|43/100|[from]move: U-turn
|move|p2a: Bronzong|Stealth Rock|p1a: Sandslash
|-sidestart|p1: Ho3nConfirm3d|move: Stealth Rock
|
|upkeep
|turn|36
|
|t:|1652389739
|move|p1a: Sandslash|Knock Off|p2a: Bronzong
|-supereffective|p2a: Bronzong
|-damage|p2a: Bronzong|25/100
|move|p2a: Bronzong|Body Press|p1a: Sandslash
|-supereffective|p1a: Sandslash
|-damage|p1a: Sandslash|0 fnt
|faint|p1a: Sandslash
|
|upkeep
|
|t:|1652389745
|switch|p1a: Arctovish|Arctovish|69/100 brn
|-damage|p1a: Arctovish|44/100 brn|[from] Stealth Rock
|turn|37
|
|t:|1652389751
|move|p1a: Arctovish|Fishious Rend|p2a: Bronzong
|-damage|p2a: Bronzong|0 fnt
|faint|p2a: Bronzong
|
|-damage|p1a: Arctovish|38/100 brn|[from] brn
|upkeep
|
|t:|1652389753
|switch|p2a: Umbreon|Umbreon, M|94/100
|turn|38
|
|t:|1652389755
|move|p1a: Arctovish|Fishious Rend|p2a: Umbreon
|-damage|p2a: Umbreon|49/100
|move|p2a: Umbreon|Wish|p2a: Umbreon
|
|-damage|p1a: Arctovish|32/100 brn|[from] brn
|upkeep
|turn|39
|
|t:|1652389757
|move|p2a: Umbreon|Protect|p2a: Umbreon
|-singleturn|p2a: Umbreon|Protect
|move|p1a: Arctovish|Fishious Rend|p2a: Umbreon
|-activate|p2a: Umbreon|move: Protect
|
|-heal|p2a: Umbreon|99/100|[from] move: Wish|[wisher] Umbreon
|-damage|p1a: Arctovish|26/100 brn|[from] brn
|upkeep
|turn|40
|
|t:|1652389760
|move|p1a: Arctovish|Fishious Rend|p2a: Umbreon
|-damage|p2a: Umbreon|53/100
|move|p2a: Umbreon|Wish|p2a: Umbreon
|
|-damage|p1a: Arctovish|20/100 brn|[from] brn
|upkeep
|turn|41
|
|t:|1652389762
|move|p2a: Umbreon|Protect|p2a: Umbreon
|-singleturn|p2a: Umbreon|Protect
|move|p1a: Arctovish|Fishious Rend|p2a: Umbreon
|-activate|p2a: Umbreon|move: Protect
|
|-heal|p2a: Umbreon|100/100|[from] move: Wish|[wisher] Umbreon
|-damage|p1a: Arctovish|13/100 brn|[from] brn
|upkeep
|turn|42
|
|t:|1652389764
|move|p1a: Arctovish|Fishious Rend|p2a: Umbreon
|-damage|p2a: Umbreon|53/100
|move|p2a: Umbreon|Wish|p2a: Umbreon
|
|-damage|p1a: Arctovish|7/100 brn|[from] brn
|upkeep
|turn|43
|
|t:|1652389765
|move|p2a: Umbreon|Protect|p2a: Umbreon
|-singleturn|p2a: Umbreon|Protect
|move|p1a: Arctovish|Fishious Rend|p2a: Umbreon
|-activate|p2a: Umbreon|move: Protect
|
|-heal|p2a: Umbreon|100/100|[from] move: Wish|[wisher] Umbreon
|-damage|p1a: Arctovish|1/100 brn|[from] brn
|upkeep
|turn|44
|
|t:|1652389768
|move|p1a: Arctovish|Fishious Rend|p2a: Umbreon
|-damage|p2a: Umbreon|53/100
|move|p2a: Umbreon|Wish|p2a: Umbreon
|
|-damage|p1a: Arctovish|0 fnt|[from] brn
|faint|p1a: Arctovish
|upkeep
|
|t:|1652389769
|switch|p1a: Flygon|Flygon, F|19/100 tox
|-damage|p1a: Flygon|13/100 tox|[from] Stealth Rock
|turn|45
|
|t:|1652389774
|move|p2a: Umbreon|Protect|p2a: Umbreon
|-singleturn|p2a: Umbreon|Protect
|move|p1a: Flygon|Roost|p1a: Flygon
|-heal|p1a: Flygon|63/100 tox
|-singleturn|p1a: Flygon|move: Roost
|
|-heal|p2a: Umbreon|100/100|[from] move: Wish|[wisher] Umbreon
|-damage|p1a: Flygon|57/100 tox|[from] psn
|upkeep
|turn|46
|
|t:|1652389778
|move|p1a: Flygon|Toxic|p2a: Umbreon|[miss]
|-miss|p1a: Flygon|p2a: Umbreon
|move|p2a: Umbreon|Heal Bell||[still]
|-activate|p2a: Umbreon|move: Heal Bell
|-fail|p2a: Umbreon
|
|-damage|p1a: Flygon|45/100 tox|[from] psn
|upkeep
|turn|47
|
|t:|1652389780
|move|p1a: Flygon|Toxic|p2a: Umbreon
|-status|p2a: Umbreon|tox
|-activate|p2a: Umbreon|ability: Synchronize
|-fail|p1a: Flygon|tox
|move|p2a: Umbreon|Wish|p2a: Umbreon
|
|-damage|p1a: Flygon|26/100 tox|[from] psn
|-damage|p2a: Umbreon|94/100 tox|[from] psn
|upkeep
|turn|48
|
|t:|1652389783
|move|p1a: Flygon|Roost|p1a: Flygon
|-heal|p1a: Flygon|76/100 tox
|-singleturn|p1a: Flygon|move: Roost
|move|p2a: Umbreon|Heal Bell|p2a: Umbreon
|-activate|p2a: Umbreon|move: Heal Bell
|-curestatus|p2a: Umbreon|tox|[msg]
|
|-heal|p2a: Umbreon|100/100|[from] move: Wish|[wisher] Umbreon
|-damage|p1a: Flygon|52/100 tox|[from] psn
|upkeep
|turn|49
|
|t:|1652389785
|move|p2a: Umbreon|Protect|p2a: Umbreon
|-singleturn|p2a: Umbreon|Protect
|move|p1a: Flygon|Toxic|p2a: Umbreon
|-activate|p2a: Umbreon|move: Protect
|
|-damage|p1a: Flygon|21/100 tox|[from] psn
|upkeep
|turn|50
|
|t:|1652389789
|move|p1a: Flygon|U-turn|p2a: Umbreon
|-supereffective|p2a: Umbreon
|-damage|p2a: Umbreon|72/100
|
|t:|1652389790
|switch|p1a: Hitmontop|Hitmontop, M|47/100 par|[from]move: U-turn
|-damage|p1a: Hitmontop|41/100 par|[from] Stealth Rock
|move|p2a: Umbreon|Heal Bell||[still]
|-activate|p2a: Umbreon|move: Heal Bell
|-fail|p2a: Umbreon
|
|upkeep
|turn|51
|
|t:|1652389792
|move|p2a: Umbreon|Wish|p2a: Umbreon
|move|p1a: Hitmontop|Close Combat|p2a: Umbreon
|-supereffective|p2a: Umbreon
|-damage|p2a: Umbreon|0 fnt
|-unboost|p1a: Hitmontop|def|1
|-unboost|p1a: Hitmontop|spd|1
|faint|p2a: Umbreon
|
|win|Ho3nConfirm3d
|raw|Ho3nConfirm3d's rating: 1530 &rarr; <strong>1544</strong><br />(+14 for winning)
|raw|Its oyster time's rating: 1413 &rarr; <strong>1399</strong><br />(-14 for losing)
|l|☆Its oyster time
|c|☆Ho3nConfirm3d|Gg
||Ladder isn't responding, score probably updated but might not have (Request timeout).
