|j|☆caroline o-o
|j|☆literallyfreemoney
|t:|1629335834
|gametype|singles
|player|p1|caroline o-o|marley|1338
|player|p2|literallyfreemoney|17|1364
|teamsize|p1|6
|teamsize|p2|6
|gen|8
|tier|[Gen 8] RU
|rated|
|rule|Sleep Clause Mod: Limit one foe put to sleep
|rule|Species Clause: Limit one of each Pokémon
|rule|OHKO Clause: OHKO moves are banned
|rule|Evasion Moves Clause: Evasion moves are banned
|rule|Endless Battle Clause: Forcing endless battles is banned
|rule|HP Percentage Mod: HP is shown in percentages
|rule|Dynamax Clause: You cannot dynamax
|clearpoke
|poke|p1|Weezing-Galar, M|
|poke|p1|Umbreon, M|
|poke|p1|Roserade, F|
|poke|p1|Pyukumuku, M|
|poke|p1|Suicune|
|poke|p1|Incineroar, F|
|poke|p2|Lucario, F|
|poke|p2|Aerodactyl, F|
|poke|p2|Golisopod, M|
|poke|p2|Vaporeon, F|
|poke|p2|Chandelure, M|
|poke|p2|Goodra, M|
|teampreview
|c|☆caroline o-o|hf
|c|☆literallyfreemoney|ty u2
|
|t:|1629335851
|start
|switch|p1a: Maeral|Suicune, shiny|100/100
|switch|p2a: Puhteradactyl|Aerodactyl, F|100/100
|-ability|p2a: Puhteradactyl|Unnerve
|-ability|p1a: Maeral|Pressure
|turn|1
|
|t:|1629335854
|move|p2a: Puhteradactyl|Stealth Rock|p1a: Maeral
|-sidestart|p1: caroline o-o|move: Stealth Rock
|move|p1a: Maeral|Scald|p2a: Puhteradactyl
|-supereffective|p2a: Puhteradactyl
|-damage|p2a: Puhteradactyl|34/100
|
|upkeep
|turn|2
|
|t:|1629335864
|switch|p2a: *w*G O A L I E*w*|Golisopod, M|100/100
|move|p1a: Maeral|Roar|p2a: *w*G O A L I E*w*
|drag|p2a: Lucy|Lucario, F|100/100
|
|upkeep
|turn|3
|
|t:|1629335870
|switch|p2a: Vaporeon|Vaporeon, F|100/100
|move|p1a: Maeral|Scald|p2a: Vaporeon
|-immune|p2a: Vaporeon|[from] ability: Water Absorb
|
|upkeep
|turn|4
|
|t:|1629335875
|switch|p1a: Roserade|Roserade, F|100/100
|-damage|p1a: Roserade|88/100|[from] Stealth Rock
|move|p2a: Vaporeon|Scald|p1a: Roserade
|-resisted|p1a: Roserade
|-damage|p1a: Roserade|77/100
|
|-heal|p1a: Roserade|83/100|[from] item: Black Sludge
|upkeep
|turn|5
|
|t:|1629335880
|switch|p2a: Goodra|Goodra, M|100/100
|move|p1a: Roserade|Toxic Spikes|p2a: Goodra
|-sidestart|p2: literallyfreemoney|move: Toxic Spikes
|
|-heal|p1a: Roserade|89/100|[from] item: Black Sludge
|upkeep
|turn|6
|
|t:|1629335886
|move|p2a: Goodra|Ice Beam|p1a: Roserade
|-supereffective|p1a: Roserade
|-damage|p1a: Roserade|44/100
|move|p1a: Roserade|Giga Drain|p2a: Goodra
|-ability|p2a: Goodra|Sap Sipper|boost
|-boost|p2a: Goodra|atk|1
|
|-heal|p1a: Roserade|50/100|[from] item: Black Sludge
|upkeep
|turn|7
|
|t:|1629335893
|move|p2a: Goodra|Ice Beam|p1a: Roserade
|-supereffective|p1a: Roserade
|-damage|p1a: Roserade|6/100
|move|p1a: Roserade|Rest|p1a: Roserade
|-status|p1a: Roserade|slp|[from] move: Rest
|-heal|p1a: Roserade|100/100 slp|[silent]
|
|upkeep
|turn|8
|
|t:|1629335901
|switch|p2a: *w*G O A L I E*w*|Golisopod, M|100/100
|switch|p1a: Umbreon|Umbreon, M|100/100
|-damage|p1a: Umbreon|88/100|[from] Stealth Rock
|
|-heal|p1a: Umbreon|94/100|[from] item: Leftovers
|upkeep
|turn|9
|
|t:|1629335908
|move|p1a: Umbreon|Protect|p1a: Umbreon
|-singleturn|p1a: Umbreon|Protect
|move|p2a: *w*G O A L I E*w*|Spikes|p1a: Umbreon
|-sidestart|p1: caroline o-o|Spikes
|
|-heal|p1a: Umbreon|99/100|[from] item: Leftovers
|upkeep
|turn|10
|
|t:|1629335913
|switch|p1a: Weezing|Weezing-Galar, M|100/100
|-damage|p1a: Weezing|88/100|[from] Stealth Rock
|move|p2a: *w*G O A L I E*w*|Knock Off|p1a: Weezing
|-resisted|p1a: Weezing
|-damage|p1a: Weezing|77/100
|-enditem|p1a: Weezing|Black Sludge|[from] move: Knock Off|[of] p2a: *w*G O A L I E*w*
|
|upkeep
|turn|11
|
|t:|1629335916
|move|p2a: *w*G O A L I E*w*|Liquidation|p1a: Weezing
|-damage|p1a: Weezing|46/100
|move|p1a: Weezing|Will-O-Wisp|p2a: *w*G O A L I E*w*
|-status|p2a: *w*G O A L I E*w*|brn
|
|-damage|p2a: *w*G O A L I E*w*|94/100 brn|[from] brn
|upkeep
|turn|12
|
|t:|1629335922
|switch|p2a: CHANDIE ( *++*)|Chandelure, M|100/100
|-status|p2a: CHANDIE ( *++*)|psn
|move|p1a: Weezing|Pain Split|p2a: CHANDIE ( *++*)
|-sethp|p2a: CHANDIE ( *++*)|79/100 psn|[from] move: Pain Split|[silent]
|-sethp|p1a: Weezing|62/100|[from] move: Pain Split
|
|-damage|p2a: CHANDIE ( *++*)|67/100 psn|[from] psn
|upkeep
|turn|13
|
|t:|1629335928
|move|p2a: CHANDIE ( *++*)|Trick|p1a: Weezing
|-activate|p2a: CHANDIE ( *++*)|move: Trick|[of] p1a: Weezing
|-item|p1a: Weezing|Choice Scarf|[from] move: Trick
|-enditem|p2a: CHANDIE ( *++*)|Choice Scarf|[silent]|[from] move: Trick
|move|p1a: Weezing|Defog|p2a: CHANDIE ( *++*)
|-unboost|p2a: CHANDIE ( *++*)|evasion|1
|-sideend|p2: literallyfreemoney|Toxic Spikes|[from] move: Defog|[of] p1a: Weezing
|-sideend|p1: caroline o-o|Spikes|[from] move: Defog|[of] p1a: Weezing
|-sideend|p1: caroline o-o|Stealth Rock|[from] move: Defog|[of] p1a: Weezing
|
|-damage|p2a: CHANDIE ( *++*)|55/100 psn|[from] psn
|upkeep
|turn|14
|
|t:|1629335939
|switch|p1a: Incineroar|Incineroar, F|100/100
|-ability|p1a: Incineroar|Intimidate|boost
|-unboost|p2a: CHANDIE ( *++*)|atk|1
|move|p2a: CHANDIE ( *++*)|Trick|p1a: Incineroar
|-activate|p2a: CHANDIE ( *++*)|move: Trick|[of] p1a: Incineroar
|-enditem|p1a: Incineroar|Choice Scarf|[silent]|[from] move: Trick
|-item|p2a: CHANDIE ( *++*)|Choice Scarf|[from] move: Trick
|
|-damage|p2a: CHANDIE ( *++*)|43/100 psn|[from] psn
|upkeep
|turn|15
|
|t:|1629335954
|switch|p2a: Vaporeon|Vaporeon, F|100/100
|move|p1a: Incineroar|Knock Off|p2a: Vaporeon
|-damage|p2a: Vaporeon|74/100
|-enditem|p2a: Vaporeon|Leftovers|[from] move: Knock Off|[of] p1a: Incineroar
|
|upkeep
|turn|16
|
|t:|1629335963
|move|p1a: Incineroar|U-turn|p2a: Vaporeon
|-damage|p2a: Vaporeon|61/100
|
|t:|1629335965
|switch|p1a: Roserade|Roserade, F|100/100|[from]move: U-turn
|move|p2a: Vaporeon|Heal Bell|p2a: Vaporeon
|-activate|p2a: Vaporeon|move: Heal Bell
|-curestatus|p2: *w*G O A L I E*w*|brn|[msg]
|-curestatus|p2: CHANDIE ( *++*)|psn|[msg]
|
|upkeep
|turn|17
|
|t:|1629335969
|move|p1a: Roserade|Toxic Spikes|p2a: Vaporeon
|-sidestart|p2: literallyfreemoney|move: Toxic Spikes
|move|p2a: Vaporeon|Wish|p2a: Vaporeon
|
|upkeep
|turn|18
|
|t:|1629335978
|switch|p2a: *w*G O A L I E*w*|Golisopod, M|94/100
|move|p1a: Roserade|Spikes|p2a: *w*G O A L I E*w*
|-sidestart|p2: literallyfreemoney|Spikes
|
|-heal|p2a: *w*G O A L I E*w*|100/100|[from] move: Wish|[wisher] Vaporeon
|upkeep
|turn|19
|
|t:|1629335986
|switch|p1a: Maeral|Suicune, shiny|100/100
|-ability|p1a: Maeral|Pressure
|move|p2a: *w*G O A L I E*w*|Spikes|p1a: Maeral
|-sidestart|p1: caroline o-o|Spikes
|
|upkeep
|turn|20
|
|t:|1629335989
|move|p2a: *w*G O A L I E*w*|Knock Off|p1a: Maeral
|-damage|p1a: Maeral|81/100
|-damage|p2a: *w*G O A L I E*w*|84/100|[from] item: Rocky Helmet|[of] p1a: Maeral
|-enditem|p1a: Maeral|Rocky Helmet|[from] move: Knock Off|[of] p2a: *w*G O A L I E*w*
|move|p1a: Maeral|Roar|p2a: *w*G O A L I E*w*
|drag|p2a: Vaporeon|Vaporeon, F|61/100
|-status|p2a: Vaporeon|psn
|-damage|p2a: Vaporeon|48/100 psn|[from] Spikes
|
|-damage|p2a: Vaporeon|36/100 psn|[from] psn
|upkeep
|turn|21
|
|t:|1629336001
|move|p2a: Vaporeon|Wish|p2a: Vaporeon
|move|p1a: Maeral|Roar|p2a: Vaporeon
|drag|p2a: CHANDIE ( *++*)|Chandelure, M|43/100
|-status|p2a: CHANDIE ( *++*)|psn
|-damage|p2a: CHANDIE ( *++*)|30/100 psn|[from] Spikes
|
|-damage|p2a: CHANDIE ( *++*)|18/100 psn|[from] psn
|upkeep
|turn|22
|
|t:|1629336011
|move|p2a: CHANDIE ( *++*)|Energy Ball|p1a: Maeral
|-supereffective|p1a: Maeral
|-damage|p1a: Maeral|21/100
|-unboost|p1a: Maeral|spd|1
|move|p1a: Maeral|Roar|p2a: CHANDIE ( *++*)
|drag|p2a: Vaporeon|Vaporeon, F|36/100 psn
|-damage|p2a: Vaporeon|23/100 psn|[from] Spikes
|
|-heal|p2a: Vaporeon|73/100 psn|[from] move: Wish|[wisher] Vaporeon
|-damage|p2a: Vaporeon|61/100 psn|[from] psn
|upkeep
|turn|23
|
|t:|1629336020
|move|p1a: Maeral|Rest|p1a: Maeral
|-status|p1a: Maeral|slp|[from] move: Rest
|-heal|p1a: Maeral|100/100 slp|[silent]
|move|p2a: Vaporeon|Wish|p2a: Vaporeon
|
|-damage|p2a: Vaporeon|48/100 psn|[from] psn
|upkeep
|turn|24
|
|t:|1629336023
|switch|p2a: Lucy|Lucario, F|100/100
|-damage|p2a: Lucy|88/100|[from] Spikes
|cant|p1a: Maeral|slp
|move|p1a: Maeral|Sleep Talk|p1a: Maeral
|move|p1a: Maeral|Rest||[from]move: Sleep Talk|[still]
|-fail|p1a: Maeral
|
|-heal|p2a: Lucy|100/100|[from] move: Wish|[wisher] Vaporeon
|upkeep
|turn|25
|
|t:|1629336036
|move|p2a: Lucy|Swords Dance|p2a: Lucy
|-boost|p2a: Lucy|atk|2
|cant|p1a: Maeral|slp
|move|p1a: Maeral|Sleep Talk|p1a: Maeral
|move|p1a: Maeral|Scald|p2a: Lucy|[from]move: Sleep Talk
|-damage|p2a: Lucy|62/100
|
|upkeep
|turn|26
|
|t:|1629336040
|move|p2a: Lucy|Swords Dance|p2a: Lucy
|-boost|p2a: Lucy|atk|2
|-curestatus|p1a: Maeral|slp|[msg]
|move|p1a: Maeral|Roar|p2a: Lucy
|drag|p2a: *w*G O A L I E*w*|Golisopod, M|84/100
|
|upkeep
|turn|27
|
|t:|1629336047
|move|p2a: *w*G O A L I E*w*|First Impression|p1a: Maeral
|-damage|p1a: Maeral|74/100
|move|p1a: Maeral|Scald|p2a: *w*G O A L I E*w*
|-resisted|p2a: *w*G O A L I E*w*
|-damage|p2a: *w*G O A L I E*w*|69/100
|
|upkeep
|turn|28
|
|t:|1629336053
|move|p2a: *w*G O A L I E*w*|Spikes|p1a: Maeral
|-sidestart|p1: caroline o-o|Spikes
|move|p1a: Maeral|Roar|p2a: *w*G O A L I E*w*
|drag|p2a: CHANDIE ( *++*)|Chandelure, M|18/100 psn
|-damage|p2a: CHANDIE ( *++*)|6/100 psn|[from] Spikes
|
|-damage|p2a: CHANDIE ( *++*)|0 fnt|[from] psn
|faint|p2a: CHANDIE ( *++*)
|upkeep
|
|t:|1629336062
|switch|p2a: Vaporeon|Vaporeon, F|48/100 psn
|-damage|p2a: Vaporeon|36/100 psn|[from] Spikes
|turn|29
|
|t:|1629336070
|move|p2a: Vaporeon|Wish|p2a: Vaporeon
|move|p1a: Maeral|Roar|p2a: Vaporeon
|drag|p2a: Lucy|Lucario, F|62/100
|-damage|p2a: Lucy|50/100|[from] Spikes
|
|upkeep
|turn|30
|
|t:|1629336075
|move|p2a: Lucy|Swords Dance|p2a: Lucy
|-boost|p2a: Lucy|atk|2
|move|p1a: Maeral|Scald|p2a: Lucy
|-damage|p2a: Lucy|10/100
|
|-heal|p2a: Lucy|92/100|[from] move: Wish|[wisher] Vaporeon
|upkeep
|turn|31
|j| Showdown Stalker
|
|t:|1629336079
|move|p2a: Lucy|Close Combat|p1a: Maeral
|-damage|p1a: Maeral|0 fnt
|-unboost|p2a: Lucy|def|1
|-unboost|p2a: Lucy|spd|1
|faint|p1a: Maeral
|-damage|p2a: Lucy|82/100|[from] item: Life Orb
|
|upkeep
|
|t:|1629336082
|switch|p1a: Frosty|Pyukumuku, M|100/100
|-damage|p1a: Frosty|84/100|[from] Spikes
|turn|32
|
|t:|1629336087
|move|p2a: Lucy|Close Combat|p1a: Frosty
|-damage|p1a: Frosty|21/100
|-unboost|p2a: Lucy|def|1
|-unboost|p2a: Lucy|spd|1
|-damage|p2a: Lucy|72/100|[from] item: Life Orb
|move|p1a: Frosty|Counter|p2a: Lucy
|-damage|p2a: Lucy|0 fnt
|faint|p2a: Lucy
|
|-heal|p1a: Frosty|27/100|[from] item: Leftovers
|upkeep
|
|t:|1629336093
|switch|p2a: Puhteradactyl|Aerodactyl, F|34/100
|-ability|p2a: Puhteradactyl|Unnerve
|turn|33
|
|t:|1629336101
|move|p2a: Puhteradactyl|Stealth Rock|p1a: Frosty
|-sidestart|p1: caroline o-o|move: Stealth Rock
|move|p1a: Frosty|Toxic|p2a: Puhteradactyl|[miss]
|-miss|p1a: Frosty|p2a: Puhteradactyl
|
|-heal|p1a: Frosty|33/100|[from] item: Leftovers
|upkeep
|turn|34
|
|t:|1629336104
|move|p2a: Puhteradactyl|Stone Edge|p1a: Frosty|[miss]
|-miss|p2a: Puhteradactyl|p1a: Frosty
|move|p1a: Frosty|Toxic|p2a: Puhteradactyl
|-status|p2a: Puhteradactyl|tox
|
|-heal|p1a: Frosty|39/100|[from] item: Leftovers
|-damage|p2a: Puhteradactyl|28/100 tox|[from] psn
|upkeep
|turn|35
|
|t:|1629336107
|move|p2a: Puhteradactyl|Stone Edge|p1a: Frosty
|-damage|p1a: Frosty|2/100
|move|p1a: Frosty|Recover|p1a: Frosty
|-heal|p1a: Frosty|52/100
|
|-heal|p1a: Frosty|58/100|[from] item: Leftovers
|-damage|p2a: Puhteradactyl|16/100 tox|[from] psn
|upkeep
|turn|36
|
|t:|1629336123
|switch|p2a: Vaporeon|Vaporeon, F|36/100 psn
|-damage|p2a: Vaporeon|23/100 psn|[from] Spikes
|switch|p1a: Incineroar|Incineroar, F|100/100
|-damage|p1a: Incineroar|76/100|[from] Stealth Rock
|-damage|p1a: Incineroar|59/100|[from] Spikes
|-ability|p1a: Incineroar|Intimidate|boost
|-unboost|p2a: Vaporeon|atk|1
|
|-damage|p2a: Vaporeon|11/100 psn|[from] psn
|upkeep
|turn|37
|
|t:|1629336130
|move|p1a: Incineroar|U-turn|p2a: Vaporeon
|-damage|p2a: Vaporeon|0 fnt
|faint|p2a: Vaporeon
|-message|literallyfreemoney forfeited.
|
|win|caroline o-o
|l|☆literallyfreemoney
|raw|caroline o-o's rating: 1338 &rarr; <strong>1359</strong><br />(+21 for winning)
|raw|literallyfreemoney's rating: 1364 &rarr; <strong>1343</strong><br />(-21 for losing)
