|j|☆Leffen stan
|j|☆Umbra Soul
|player|p1|Leffen stan|swimmerf|1476
|player|p2|Umbra Soul|69|1368
|teamsize|p1|6
|teamsize|p2|6
|gametype|singles
|gen|8
|tier|[Gen 8] RU
|rated|
|clearpoke
|poke|p1|Sableye, F|
|poke|p1|Salazzle, F|
|poke|p1|Xatu, M|
|poke|p1|Vileplume, M|
|poke|p1|Jellicent, M|
|poke|p1|Gigalith, F|
|poke|p2|Abomasnow, M|
|poke|p2|Accelgor, F|
|poke|p2|Cinccino, F|
|poke|p2|Lanturn, M|
|poke|p2|Pangoro, F|
|poke|p2|Sigilyph, M|
|rule|Sleep Clause Mod: Limit one foe put to sleep
|rule|Species Clause: Limit one of each Pokémon
|rule|OHKO Clause: OHKO moves are banned
|rule|Evasion Moves Clause: Evasion moves are banned
|rule|Endless Battle Clause: Forcing endless battles is banned
|rule|HP Percentage Mod: HP is shown in percentages
|rule|Dynamax Clause: You cannot dynamax
|teampreview
|
|start
|switch|p1a: Gigalith|Gigalith, F|100/100
|switch|p2a: Pangoro|Pangoro, F|100/100
|-weather|Sandstorm|[from] ability: Sand Stream|[of] p1a: Gigalith
|turn|1
|
|move|p1a: Gigalith|Protect|p1a: Gigalith
|-singleturn|p1a: Gigalith|Protect
|move|p2a: Pangoro|Close Combat|p1a: Gigalith
|-activate|p1a: Gigalith|move: Protect
|
|-weather|Sandstorm|[upkeep]
|-damage|p2a: Pangoro|94/100|[from] Sandstorm
|upkeep
|turn|2
|
|switch|p1a: Vileplume|Vileplume, M|100/100
|move|p2a: Pangoro|Close Combat|p1a: Vileplume
|-resisted|p1a: Vileplume
|-damage|p1a: Vileplume|64/100
|-unboost|p2a: Pangoro|def|1
|-unboost|p2a: Pangoro|spd|1
|
|-weather|Sandstorm|[upkeep]
|-damage|p2a: Pangoro|88/100|[from] Sandstorm
|-damage|p1a: Vileplume|58/100|[from] Sandstorm
|-heal|p1a: Vileplume|64/100|[from] item: Black Sludge
|upkeep
|turn|3
|
|switch|p2a: Sigilyph|Sigilyph, M|100/100
|move|p1a: Vileplume|Strength Sap|p2a: Sigilyph
|-unboost|p2a: Sigilyph|atk|1
|-heal|p1a: Vileplume|95/100
|
|-weather|Sandstorm|[upkeep]
|-damage|p1a: Vileplume|89/100|[from] Sandstorm
|-heal|p1a: Vileplume|95/100|[from] item: Black Sludge
|upkeep
|turn|4
|
|switch|p2a: Abomasnow|Abomasnow, M|100/100
|-weather|Hail|[from] ability: Snow Warning|[of] p2a: Abomasnow
|switch|p1a: Sableye|Sableye, F|100/100
|
|-weather|Hail|[upkeep]
|-damage|p1a: Sableye|94/100|[from] Hail
|-heal|p1a: Sableye|100/100|[from] item: Leftovers
|upkeep
|turn|5
|
|switch|p2a: Lanturn|Lanturn, M|100/100
|switch|p1a: Gigalith|Gigalith, F|100/100
|-weather|Sandstorm|[from] ability: Sand Stream|[of] p1a: Gigalith
|
|-weather|Sandstorm|[upkeep]
|-damage|p2a: Lanturn|94/100|[from] Sandstorm
|upkeep
|turn|6
|
|move|p2a: Lanturn|Volt Switch|p1a: Gigalith
|-damage|p1a: Gigalith|80/100
|
|switch|p2a: Pangoro|Pangoro, F|88/100|[from]move: Volt Switch
|move|p1a: Gigalith|Stealth Rock|p2a: Pangoro
|-sidestart|p2: Umbra Soul|move: Stealth Rock
|
|-weather|Sandstorm|[upkeep]
|-damage|p2a: Pangoro|82/100|[from] Sandstorm
|-heal|p1a: Gigalith|86/100|[from] item: Leftovers
|upkeep
|turn|7
|
|move|p1a: Gigalith|Protect|p1a: Gigalith
|-singleturn|p1a: Gigalith|Protect
|move|p2a: Pangoro|Darkest Lariat|p1a: Gigalith
|-activate|p1a: Gigalith|move: Protect
|
|-weather|Sandstorm|[upkeep]
|-damage|p2a: Pangoro|76/100|[from] Sandstorm
|-heal|p1a: Gigalith|92/100|[from] item: Leftovers
|upkeep
|turn|8
|
|switch|p1a: Vileplume|Vileplume, M|95/100
|move|p2a: Pangoro|Darkest Lariat|p1a: Vileplume
|-damage|p1a: Vileplume|40/100
|
|-weather|Sandstorm|[upkeep]
|-damage|p2a: Pangoro|70/100|[from] Sandstorm
|-damage|p1a: Vileplume|33/100|[from] Sandstorm
|-heal|p1a: Vileplume|40/100|[from] item: Black Sludge
|upkeep
|turn|9
|
|switch|p1a: Gigalith|Gigalith, F|92/100
|move|p2a: Pangoro|Darkest Lariat|p1a: Gigalith
|-damage|p1a: Gigalith|53/100
|
|-weather|none
|-heal|p1a: Gigalith|59/100|[from] item: Leftovers
|upkeep
|turn|10
|
|move|p1a: Gigalith|Protect|p1a: Gigalith
|-singleturn|p1a: Gigalith|Protect
|move|p2a: Pangoro|Darkest Lariat|p1a: Gigalith
|-activate|p1a: Gigalith|move: Protect
|
|-heal|p1a: Gigalith|65/100|[from] item: Leftovers
|upkeep
|turn|11
|
|move|p2a: Pangoro|Darkest Lariat|p1a: Gigalith
|-damage|p1a: Gigalith|27/100
|move|p1a: Gigalith|Earthquake|p2a: Pangoro
|-damage|p2a: Pangoro|33/100
|
|-heal|p1a: Gigalith|33/100|[from] item: Leftovers
|upkeep
|turn|12
|
|move|p1a: Gigalith|Protect|p1a: Gigalith
|-singleturn|p1a: Gigalith|Protect
|move|p2a: Pangoro|Darkest Lariat|p1a: Gigalith
|-activate|p1a: Gigalith|move: Protect
|
|-heal|p1a: Gigalith|39/100|[from] item: Leftovers
|upkeep
|turn|13
|
|move|p2a: Pangoro|Darkest Lariat|p1a: Gigalith
|-damage|p1a: Gigalith|2/100
|move|p1a: Gigalith|Earthquake|p2a: Pangoro
|-damage|p2a: Pangoro|0 fnt
|faint|p2a: Pangoro
|
|-heal|p1a: Gigalith|8/100|[from] item: Leftovers
|upkeep
|
|switch|p2a: Sigilyph|Sigilyph, M|100/100
|turn|14
|
|switch|p1a: Sableye|Sableye, F|100/100
|move|p2a: Sigilyph|Heat Wave|p1a: Sableye|[miss]
|-miss|p2a: Sigilyph|p1a: Sableye
|
|upkeep
|turn|15
|
|switch|p2a: Lanturn|Lanturn, M|94/100
|-damage|p2a: Lanturn|82/100|[from] Stealth Rock
|move|p1a: Sableye|Knock Off|p2a: Lanturn
|-damage|p2a: Lanturn|44/100
|-enditem|p2a: Lanturn|Choice Scarf|[from] move: Knock Off|[of] p1a: Sableye
|
|upkeep
|turn|16
|
|switch|p1a: Jellicent|Jellicent, M|100/100
|move|p2a: Lanturn|Thunderbolt|p1a: Jellicent
|-supereffective|p1a: Jellicent
|-damage|p1a: Jellicent|64/100
|-status|p1a: Jellicent|par
|
|-heal|p1a: Jellicent|70/100 par|[from] item: Leftovers
|upkeep
|turn|17
|
|move|p2a: Lanturn|Thunderbolt|p1a: Jellicent
|-supereffective|p1a: Jellicent
|-damage|p1a: Jellicent|31/100 par
|move|p1a: Jellicent|Recover|p1a: Jellicent
|-heal|p1a: Jellicent|81/100 par
|
|-heal|p1a: Jellicent|87/100 par|[from] item: Leftovers
|upkeep
|turn|18
|
|switch|p1a: Vileplume|Vileplume, M|40/100
|move|p2a: Lanturn|Thunderbolt|p1a: Vileplume
|-resisted|p1a: Vileplume
|-damage|p1a: Vileplume|21/100
|-status|p1a: Vileplume|par
|
|-heal|p1a: Vileplume|27/100 par|[from] item: Black Sludge
|upkeep
|turn|19
|
|move|p2a: Lanturn|Ice Beam|p1a: Vileplume
|-supereffective|p1a: Vileplume
|-damage|p1a: Vileplume|0 fnt
|faint|p1a: Vileplume
|
|upkeep
|
|switch|p1a: Salazzle|Salazzle, F|100/100
|turn|20
|
|switch|p1a: Sableye|Sableye, F|100/100
|move|p2a: Lanturn|Hydro Pump|p1a: Sableye
|-damage|p1a: Sableye|57/100
|
|-heal|p1a: Sableye|63/100|[from] item: Leftovers
|upkeep
|turn|21
|
|move|p2a: Lanturn|Thunderbolt|p1a: Sableye
|-damage|p1a: Sableye|23/100
|move|p1a: Sableye|Knock Off|p2a: Lanturn
|-damage|p2a: Lanturn|22/100
|
|-heal|p1a: Sableye|29/100|[from] item: Leftovers
|upkeep
|turn|22
|
|move|p1a: Sableye|Recover|p1a: Sableye
|-heal|p1a: Sableye|79/100
|move|p2a: Lanturn|Thunderbolt|p1a: Sableye
|-damage|p1a: Sableye|43/100
|
|-heal|p1a: Sableye|50/100|[from] item: Leftovers
|upkeep
|turn|23
|
|move|p1a: Sableye|Recover|p1a: Sableye
|-heal|p1a: Sableye|99/100
|move|p2a: Lanturn|Thunderbolt|p1a: Sableye
|-damage|p1a: Sableye|65/100
|
|-heal|p1a: Sableye|71/100|[from] item: Leftovers
|upkeep
|turn|24
|
|switch|p1a: Gigalith|Gigalith, F|8/100
|-weather|Sandstorm|[from] ability: Sand Stream|[of] p1a: Gigalith
|move|p2a: Lanturn|Thunderbolt|p1a: Gigalith
|-damage|p1a: Gigalith|0 fnt
|faint|p1a: Gigalith
|
|-weather|Sandstorm|[upkeep]
|-damage|p2a: Lanturn|16/100|[from] Sandstorm
|upkeep
|
|switch|p1a: Salazzle|Salazzle, F|100/100
|turn|25
|
|move|p1a: Salazzle|Protect|p1a: Salazzle
|-singleturn|p1a: Salazzle|Protect
|move|p2a: Lanturn|Hydro Pump|p1a: Salazzle
|-activate|p1a: Salazzle|move: Protect
|
|-weather|Sandstorm|[upkeep]
|-damage|p1a: Salazzle|94/100|[from] Sandstorm
|-damage|p2a: Lanturn|10/100|[from] Sandstorm
|upkeep
|turn|26
|
|move|p1a: Salazzle|Flamethrower|p2a: Lanturn
|-resisted|p2a: Lanturn
|-damage|p2a: Lanturn|0 fnt
|faint|p2a: Lanturn
|
|-weather|Sandstorm|[upkeep]
|-damage|p1a: Salazzle|88/100|[from] Sandstorm
|upkeep
|
|switch|p2a: Cinccino|Cinccino, F|100/100
|-damage|p2a: Cinccino|88/100|[from] Stealth Rock
|turn|27
|
|switch|p1a: Xatu|Xatu, M|100/100
|move|p2a: Cinccino|Rock Blast|p1a: Xatu|[miss]
|-miss|p2a: Cinccino|p1a: Xatu
|
|-weather|Sandstorm|[upkeep]
|-damage|p2a: Cinccino|82/100|[from] Sandstorm
|-damage|p1a: Xatu|95/100|[from] Sandstorm
|upkeep
|turn|28
|
|move|p2a: Cinccino|Rock Blast|p1a: Xatu
|-supereffective|p1a: Xatu
|-damage|p1a: Xatu|74/100
|-supereffective|p1a: Xatu
|-damage|p1a: Xatu|56/100
|-supereffective|p1a: Xatu
|-damage|p1a: Xatu|39/100
|-supereffective|p1a: Xatu
|-damage|p1a: Xatu|20/100
|-supereffective|p1a: Xatu
|-damage|p1a: Xatu|0 fnt
|-hitcount|p1a: Xatu|5
|-damage|p2a: Cinccino|72/100|[from] item: Life Orb
|faint|p1a: Xatu
|
|-weather|none
|upkeep
|
|switch|p1a: Sableye|Sableye, F|71/100
|turn|29
|
|move|p1a: Sableye|Will-O-Wisp|p2a: Cinccino
|-status|p2a: Cinccino|brn
|move|p2a: Cinccino|Knock Off|p1a: Sableye
|-damage|p1a: Sableye|48/100
|-enditem|p1a: Sableye|Leftovers|[from] move: Knock Off|[of] p2a: Cinccino
|-damage|p2a: Cinccino|62/100 brn|[from] item: Life Orb
|
|-damage|p2a: Cinccino|56/100 brn|[from] brn
|upkeep
|turn|30
|
|switch|p2a: Accelgor|Accelgor, F|100/100
|-damage|p2a: Accelgor|75/100|[from] Stealth Rock
|move|p1a: Sableye|Recover|p1a: Sableye
|-heal|p1a: Sableye|98/100
|
|upkeep
|turn|31
|
|switch|p1a: Salazzle|Salazzle, F|88/100
|move|p2a: Accelgor|Encore||[still]
|-fail|p2a: Accelgor
|
|upkeep
|turn|32
|
|move|p2a: Accelgor|Final Gambit|p1a: Salazzle
|-damage|p1a: Salazzle|8/100
|faint|p2a: Accelgor
|move|p1a: Salazzle|Flamethrower|p2: Accelgor|[notarget]
|-fail|p1a: Salazzle
|
|upkeep
|
|switch|p2a: Sigilyph|Sigilyph, M|100/100
|turn|33
|
|switch|p1a: Sableye|Sableye, F|98/100
|move|p2a: Sigilyph|Heat Wave|p1a: Sableye
|-damage|p1a: Sableye|61/100
|
|upkeep
|turn|34
|
|move|p2a: Sigilyph|Heat Wave|p1a: Sableye
|-damage|p1a: Sableye|22/100
|move|p1a: Sableye|Knock Off|p2a: Sigilyph
|-supereffective|p2a: Sigilyph
|-damage|p2a: Sigilyph|23/100
|-enditem|p2a: Sigilyph|Life Orb|[from] move: Knock Off|[of] p1a: Sableye
|
|upkeep
|turn|35
|
|move|p1a: Sableye|Recover|p1a: Sableye
|-heal|p1a: Sableye|72/100
|move|p2a: Sigilyph|Heat Wave|p1a: Sableye
|-damage|p1a: Sableye|39/100
|
|upkeep
|turn|36
|
|move|p1a: Sableye|Recover|p1a: Sableye
|-heal|p1a: Sableye|89/100
|move|p2a: Sigilyph|Heat Wave|p1a: Sableye
|-damage|p1a: Sableye|57/100
|
|upkeep
|turn|37
|
|move|p1a: Sableye|Recover|p1a: Sableye
|-heal|p1a: Sableye|100/100
|move|p2a: Sigilyph|Heat Wave|p1a: Sableye
|-damage|p1a: Sableye|70/100
|
|upkeep
|turn|38
|
|move|p2a: Sigilyph|Heat Wave|p1a: Sableye
|-damage|p1a: Sableye|37/100
|move|p1a: Sableye|Knock Off|p2a: Sigilyph
|-supereffective|p2a: Sigilyph
|-damage|p2a: Sigilyph|0 fnt
|faint|p2a: Sigilyph
|
|upkeep
|
|switch|p2a: Abomasnow|Abomasnow, M|100/100
|-damage|p2a: Abomasnow|76/100|[from] Stealth Rock
|-weather|Hail|[from] ability: Snow Warning|[of] p2a: Abomasnow
|turn|39
|
|move|p1a: Sableye|Recover|p1a: Sableye
|-heal|p1a: Sableye|87/100
|move|p2a: Abomasnow|Swords Dance|p2a: Abomasnow
|-boost|p2a: Abomasnow|atk|2
|
|-weather|Hail|[upkeep]
|-damage|p1a: Sableye|81/100|[from] Hail
|upkeep
|turn|40
|
|move|p2a: Abomasnow|Ice Shard|p1a: Sableye
|-damage|p1a: Sableye|26/100
|-damage|p2a: Abomasnow|66/100|[from] item: Life Orb
|move|p1a: Sableye|Encore|p2a: Abomasnow
|-start|p2a: Abomasnow|Encore
|
|-weather|Hail|[upkeep]
|-damage|p1a: Sableye|20/100|[from] Hail
|upkeep
|turn|41
|
|move|p2a: Abomasnow|Ice Shard|p1a: Sableye
|-damage|p1a: Sableye|0 fnt
|-damage|p2a: Abomasnow|56/100|[from] item: Life Orb
|faint|p1a: Sableye
|
|-weather|Hail|[upkeep]
|upkeep
|
|switch|p1a: Jellicent|Jellicent, M|87/100 par
|turn|42
|
|switch|p2a: Cinccino|Cinccino, F|56/100 brn
|-damage|p2a: Cinccino|43/100 brn|[from] Stealth Rock
|move|p1a: Jellicent|Scald|p2a: Cinccino
|-damage|p2a: Cinccino|1/100 brn
|
|-weather|Hail|[upkeep]
|-damage|p2a: Cinccino|0 fnt|[from] Hail
|-damage|p1a: Jellicent|81/100 par|[from] Hail
|faint|p2a: Cinccino
|-heal|p1a: Jellicent|87/100 par|[from] item: Leftovers
|upkeep
|
|switch|p2a: Abomasnow|Abomasnow, M|56/100
|-damage|p2a: Abomasnow|31/100|[from] Stealth Rock
|turn|43
|
|move|p2a: Abomasnow|Seed Bomb|p1a: Jellicent
|-supereffective|p1a: Jellicent
|-damage|p1a: Jellicent|0 fnt
|-damage|p2a: Abomasnow|21/100|[from] item: Life Orb
|faint|p1a: Jellicent
|
|-weather|none
|upkeep
|c|☆Umbra Soul|gg
|l|☆Leffen stan
|player|p1|
|inactive|Battle timer is ON: inactive players will automatically lose when time's up. (requested by Umbra Soul)
|inactive|Leffen stan has 30 seconds to reconnect!
|inactive|Leffen stan has 20 seconds to reconnect!
|inactive|Leffen stan has 15 seconds to reconnect!
|inactive|Leffen stan has 10 seconds to reconnect!
|inactive|Leffen stan has 5 seconds to reconnect!
|-message|Leffen stan lost due to inactivity.
|
|win|Umbra Soul
