|j|☆wave emoji
|j|☆gumdropop
|t:|1607149750
|player|p1|wave emoji|tuber-gen3|1178
|player|p2|gumdropop|266|1115
|teamsize|p1|6
|teamsize|p2|6
|gametype|singles
|gen|8
|tier|[Gen 8] RU
|rated|
|clearpoke
|poke|p1|Bronzong|
|poke|p1|Zygarde-10%|
|poke|p1|Suicune|
|poke|p1|Zarude|
|poke|p1|Togekiss, M|
|poke|p1|Conkeldurr, M|
|poke|p2|Politoed, M|
|poke|p2|Seismitoad, M|
|poke|p2|Blastoise, F|
|poke|p2|Gastrodon, F|
|poke|p2|Cloyster, M|
|poke|p2|Ditto|
|rule|Sleep Clause Mod: Limit one foe put to sleep
|rule|Species Clause: Limit one of each Pokémon
|rule|OHKO Clause: OHKO moves are banned
|rule|Evasion Moves Clause: Evasion moves are banned
|rule|Endless Battle Clause: Forcing endless battles is banned
|rule|HP Percentage Mod: HP is shown in percentages
|rule|Dynamax Clause: You cannot dynamax
|teampreview
|
|t:|1607149761
|start
|switch|p1a: Zarude|Zarude|100/100
|switch|p2a: Politoed|Politoed, M|100/100
|-weather|RainDance|[from] ability: Drizzle|[of] p2a: Politoed
|turn|1
|inactive|Battle timer is ON: inactive players will automatically lose when time's up. (requested by gumdropop)
|
|t:|1607149773
|move|p1a: Zarude|Power Whip|p2a: Politoed
|-supereffective|p2a: Politoed
|-damage|p2a: Politoed|0 fnt
|faint|p2a: Politoed
|
|-weather|RainDance|[upkeep]
|upkeep
|
|t:|1607149776
|switch|p2a: Cloyster|Cloyster, M|100/100
|turn|2
|
|t:|1607149778
|move|p1a: Zarude|Power Whip|p2a: Cloyster
|-supereffective|p2a: Cloyster
|-damage|p2a: Cloyster|0 fnt
|faint|p2a: Cloyster
|
|-weather|RainDance|[upkeep]
|upkeep
|
|t:|1607149785
|switch|p2a: Blastoise|Blastoise, F|100/100
|turn|3
|
|t:|1607149788
|move|p1a: Zarude|Power Whip|p2a: Blastoise
|-supereffective|p2a: Blastoise
|-damage|p2a: Blastoise|0 fnt
|faint|p2a: Blastoise
|
|-weather|RainDance|[upkeep]
|upkeep
|
|t:|1607149791
|switch|p2a: Ditto|Ditto|100/100
|-transform|p2a: Ditto|p1a: Zarude|[from] ability: Imposter
|turn|4
|
|t:|1607149794
|switch|p1a: Togekiss|Togekiss, M|100/100
|move|p2a: Ditto|Close Combat|p1a: Togekiss
|-resisted|p1a: Togekiss
|-damage|p1a: Togekiss|92/100
|-unboost|p2a: Ditto|def|1
|-unboost|p2a: Ditto|spd|1
|
|-weather|RainDance|[upkeep]
|upkeep
|turn|5
|
|t:|1607149800
|switch|p2a: Seismitoad|Seismitoad, M|100/100
|switch|p1a: Zarude|Zarude|100/100
|
|-weather|RainDance|[upkeep]
|upkeep
|turn|6
|
|t:|1607149803
|move|p1a: Zarude|Power Whip|p2a: Seismitoad
|-supereffective|p2a: Seismitoad
|-damage|p2a: Seismitoad|0 fnt
|faint|p2a: Seismitoad
|
|-weather|RainDance|[upkeep]
|upkeep
|
|t:|1607149806
|switch|p2a: Gastrodon|Gastrodon, F|100/100
|turn|7
|
|t:|1607149810
|move|p1a: Zarude|Power Whip|p2a: Gastrodon
|-supereffective|p2a: Gastrodon
|-damage|p2a: Gastrodon|0 fnt
|faint|p2a: Gastrodon
|
|-weather|RainDance|[upkeep]
|upkeep
|
|t:|1607149813
|switch|p2a: Ditto|Ditto|100/100
|-transform|p2a: Ditto|p1a: Zarude|[from] ability: Imposter
|turn|8
|c|☆wave emoji|LMFAOOOOOO
|
|t:|1607149820
|switch|p1a: Togekiss|Togekiss, M|92/100
|move|p2a: Ditto|Power Whip|p1a: Togekiss
|-resisted|p1a: Togekiss
|-damage|p1a: Togekiss|68/100
|
|-weather|none
|upkeep
|turn|9
|-message|gumdropop forfeited.
|
|win|wave emoji
|l|☆gumdropop
|raw|wave emoji's rating: 1178 &rarr; <strong>1198</strong><br />(+20 for winning)
|raw|gumdropop's rating: 1115 &rarr; <strong>1094</strong><br />(-21 for losing)
