|j|☆A-Loquesea
|j|☆Yeah wynaut
|t:|1613533507
|player|p1|A-Loquesea|acetrainerf|1609
|player|p2|Yeah wynaut|flannery|1418
|teamsize|p1|6
|teamsize|p2|6
|gametype|singles
|gen|8
|tier|[Gen 8] RU
|rated|
|clearpoke
|poke|p1|Toxtricity, M|
|poke|p1|Reuniclus, M|
|poke|p1|Noivern, M|
|poke|p1|Milotic, F|
|poke|p1|Zarude|
|poke|p1|Steelix, M|
|poke|p2|Togekiss, M|
|poke|p2|Seismitoad, F|
|poke|p2|Chandelure, F|
|poke|p2|Zarude|
|poke|p2|Mienshao, M|
|poke|p2|Gardevoir, F|
|rule|Sleep Clause Mod: Limit one foe put to sleep
|rule|Species Clause: Limit one of each Pokémon
|rule|OHKO Clause: OHKO moves are banned
|rule|Evasion Moves Clause: Evasion moves are banned
|rule|Endless Battle Clause: Forcing endless battles is banned
|rule|HP Percentage Mod: HP is shown in percentages
|rule|Dynamax Clause: You cannot dynamax
|teampreview
|
|t:|1613533520
|start
|switch|p1a: Zarude|Zarude|100/100
|switch|p2a: Mienshao|Mienshao, M|100/100
|turn|1
|
|t:|1613533524
|switch|p1a: Noivern|Noivern, M|100/100
|move|p2a: Mienshao|Close Combat|p1a: Noivern
|-resisted|p1a: Noivern
|-damage|p1a: Noivern|40/100
|-unboost|p2a: Mienshao|def|1
|-unboost|p2a: Mienshao|spd|1
|
|upkeep
|turn|2
|
|t:|1613533532
|switch|p2a: Togekiss|Togekiss, M|100/100
|move|p1a: Noivern|U-turn|p2a: Togekiss
|-resisted|p2a: Togekiss
|-damage|p2a: Togekiss|98/100
|
|t:|1613533535
|switch|p1a: Steelix|Steelix, M|100/100|[from]move: U-turn
|
|upkeep
|turn|3
|
|t:|1613533538
|switch|p2a: Seismitoad|Seismitoad, F|100/100
|move|p1a: Steelix|Stealth Rock|p2a: Seismitoad
|-sidestart|p2: Yeah wynaut|move: Stealth Rock
|
|upkeep
|turn|4
|
|t:|1613533542
|switch|p1a: Zarude|Zarude|100/100
|move|p2a: Seismitoad|Stealth Rock|p1a: Zarude
|-sidestart|p1: A-Loquesea|move: Stealth Rock
|
|upkeep
|turn|5
|
|t:|1613533551
|switch|p2a: Togekiss|Togekiss, M|98/100
|move|p1a: Zarude|U-turn|p2a: Togekiss
|-resisted|p2a: Togekiss
|-damage|p2a: Togekiss|93/100
|
|t:|1613533558
|switch|p1a: Steelix|Steelix, M|100/100|[from]move: U-turn
|-damage|p1a: Steelix|97/100|[from] Stealth Rock
|
|-heal|p1a: Steelix|100/100|[from] item: Leftovers
|upkeep
|turn|6
|
|t:|1613533562
|move|p2a: Togekiss|Defog|p1a: Steelix
|-unboost|p1a: Steelix|evasion|1
|-sideend|p1: A-Loquesea|Stealth Rock|[from] move: Defog|[of] p2a: Togekiss
|-sideend|p2: Yeah wynaut|Stealth Rock|[from] move: Defog|[of] p2a: Togekiss
|move|p1a: Steelix|Toxic|p2a: Togekiss
|-status|p2a: Togekiss|tox
|
|-damage|p2a: Togekiss|87/100 tox|[from] psn
|upkeep
|turn|7
|
|t:|1613533564
|switch|p2a: Mienshao|Mienshao, M|100/100
|move|p1a: Steelix|Stealth Rock|p2a: Mienshao
|-sidestart|p2: Yeah wynaut|move: Stealth Rock
|
|upkeep
|turn|8
|
|t:|1613533573
|move|p2a: Mienshao|Knock Off|p1a: Steelix
|-damage|p1a: Steelix|73/100
|-enditem|p1a: Steelix|Leftovers|[from] move: Knock Off|[of] p2a: Mienshao
|move|p1a: Steelix|Earthquake|p2a: Mienshao
|-damage|p2a: Mienshao|45/100
|
|upkeep
|turn|9
|
|t:|1613533577
|switch|p2a: Zarude|Zarude|100/100
|-damage|p2a: Zarude|88/100|[from] Stealth Rock
|move|p1a: Steelix|Earthquake|p2a: Zarude
|-resisted|p2a: Zarude
|-damage|p2a: Zarude|77/100
|
|-heal|p2a: Zarude|83/100|[from] item: Leftovers
|upkeep
|turn|10
|
|t:|1613533583
|switch|p1a: Noivern|Noivern, M|40/100
|move|p2a: Zarude|Power Whip|p1a: Noivern
|-resisted|p1a: Noivern
|-damage|p1a: Noivern|19/100
|
|-heal|p2a: Zarude|89/100|[from] item: Leftovers
|upkeep
|turn|11
|
|t:|1613533589
|switch|p2a: Togekiss|Togekiss, M|87/100 tox
|move|p1a: Noivern|Roost|p1a: Noivern
|-heal|p1a: Noivern|69/100
|-singleturn|p1a: Noivern|move: Roost
|
|-damage|p2a: Togekiss|80/100 tox|[from] psn
|upkeep
|turn|12
|
|t:|1613533593
|move|p1a: Noivern|U-turn|p2a: Togekiss
|-resisted|p2a: Togekiss
|-damage|p2a: Togekiss|78/100 tox
|
|t:|1613533594
|switch|p1a: Steelix|Steelix, M|73/100|[from]move: U-turn
|move|p2a: Togekiss|Defog|p1a: Steelix
|-unboost|p1a: Steelix|evasion|1
|-sideend|p2: Yeah wynaut|Stealth Rock|[from] move: Defog|[of] p2a: Togekiss
|
|-damage|p2a: Togekiss|66/100 tox|[from] psn
|upkeep
|turn|13
|
|t:|1613533596
|switch|p2a: Seismitoad|Seismitoad, F|100/100
|move|p1a: Steelix|Stealth Rock|p2a: Seismitoad
|-sidestart|p2: Yeah wynaut|move: Stealth Rock
|
|upkeep
|turn|14
|
|t:|1613533600
|switch|p1a: Zarude|Zarude|100/100
|move|p2a: Seismitoad|Liquidation|p1a: Zarude
|-resisted|p1a: Zarude
|-damage|p1a: Zarude|86/100
|
|upkeep
|turn|15
|
|t:|1613533604
|move|p1a: Zarude|Power Whip|p2a: Seismitoad
|-supereffective|p2a: Seismitoad
|-damage|p2a: Seismitoad|0 fnt
|faint|p2a: Seismitoad
|
|upkeep
|
|t:|1613533608
|switch|p2a: Gardevoir|Gardevoir, F|100/100
|-damage|p2a: Gardevoir|88/100|[from] Stealth Rock
|-ability|p2a: Gardevoir|Leaf Guard|[from] ability: Trace|[of] p1a: Zarude
|turn|16
|
|t:|1613533612
|switch|p1a: Reuniclus|Reuniclus, M|100/100
|move|p2a: Gardevoir|Mystical Fire|p1a: Reuniclus
|-damage|p1a: Reuniclus|88/100
|-unboost|p1a: Reuniclus|spa|1
|
|upkeep
|turn|17
|
|t:|1613533619
|move|p2a: Gardevoir|Mystical Fire|p1a: Reuniclus
|-damage|p1a: Reuniclus|75/100
|-unboost|p1a: Reuniclus|spa|1
|move|p1a: Reuniclus|Psychic|p2a: Gardevoir
|-resisted|p2a: Gardevoir
|-damage|p2a: Gardevoir|76/100
|
|upkeep
|turn|18
|
|t:|1613533623
|switch|p2a: Zarude|Zarude|89/100
|-damage|p2a: Zarude|76/100|[from] Stealth Rock
|switch|p1a: Milotic|Milotic, F|100/100
|
|-heal|p2a: Zarude|82/100|[from] item: Leftovers
|upkeep
|turn|19
|
|t:|1613533627
|switch|p1a: Noivern|Noivern, M|69/100
|move|p2a: Zarude|Darkest Lariat|p1a: Noivern
|-damage|p1a: Noivern|6/100
|
|-heal|p2a: Zarude|88/100|[from] item: Leftovers
|upkeep
|turn|20
|
|t:|1613533630
|switch|p2a: Togekiss|Togekiss, M|66/100 tox
|move|p1a: Noivern|Roost|p1a: Noivern
|-heal|p1a: Noivern|56/100
|-singleturn|p1a: Noivern|move: Roost
|
|-damage|p2a: Togekiss|60/100 tox|[from] psn
|upkeep
|turn|21
|
|t:|1613533634
|move|p1a: Noivern|U-turn|p2a: Togekiss
|-resisted|p2a: Togekiss
|-damage|p2a: Togekiss|57/100 tox
|
|t:|1613533638
|switch|p1a: Steelix|Steelix, M|73/100|[from]move: U-turn
|move|p2a: Togekiss|Thunder Wave|p1a: Steelix
|-immune|p1a: Steelix
|
|-damage|p2a: Togekiss|45/100 tox|[from] psn
|upkeep
|turn|22
|
|t:|1613533641
|move|p2a: Togekiss|Roost|p2a: Togekiss
|-heal|p2a: Togekiss|95/100 tox
|-singleturn|p2a: Togekiss|move: Roost
|move|p1a: Steelix|Heavy Slam|p2a: Togekiss
|-supereffective|p2a: Togekiss
|-damage|p2a: Togekiss|27/100 tox
|
|-damage|p2a: Togekiss|9/100 tox|[from] psn
|upkeep
|turn|23
|j| Cal Naughton Jr.
|
|t:|1613533647
|move|p2a: Togekiss|Defog|p1a: Steelix
|-unboost|p1a: Steelix|evasion|1
|-sideend|p2: Yeah wynaut|Stealth Rock|[from] move: Defog|[of] p2a: Togekiss
|move|p1a: Steelix|Heavy Slam|p2a: Togekiss
|-supereffective|p2a: Togekiss
|-damage|p2a: Togekiss|0 fnt
|faint|p2a: Togekiss
|
|upkeep
|
|t:|1613533649
|switch|p2a: Chandelure|Chandelure, F|100/100
|turn|24
|
|t:|1613533653
|switch|p1a: Reuniclus|Reuniclus, M|100/100
|move|p2a: Chandelure|Flamethrower|p1a: Reuniclus
|-damage|p1a: Reuniclus|62/100
|
|upkeep
|turn|25
|
|t:|1613533659
|switch|p1a: Milotic|Milotic, F|100/100
|move|p2a: Chandelure|Flamethrower|p1a: Milotic
|-resisted|p1a: Milotic
|-damage|p1a: Milotic|74/100
|-status|p1a: Milotic|brn
|
|-damage|p1a: Milotic|68/100 brn|[from] brn
|upkeep
|turn|26
|
|t:|1613533665
|switch|p2a: Gardevoir|Gardevoir, F|76/100
|-ability|p2a: Gardevoir|Marvel Scale|[from] ability: Trace|[of] p1a: Milotic
|move|p1a: Milotic|Flip Turn|p2a: Gardevoir
|-crit|p2a: Gardevoir
|-damage|p2a: Gardevoir|60/100
|
|t:|1613533667
|switch|p1a: Zarude|Zarude|86/100|[from]move: Flip Turn
|
|upkeep
|turn|27
|
|t:|1613533670
|move|p1a: Zarude|Darkest Lariat|p2a: Gardevoir
|-damage|p2a: Gardevoir|0 fnt
|faint|p2a: Gardevoir
|
|upkeep
|
|t:|1613533675
|switch|p2a: Mienshao|Mienshao, M|78/100
|turn|28
|
|t:|1613533678
|switch|p1a: Noivern|Noivern, M|56/100
|move|p2a: Mienshao|Close Combat|p1a: Noivern
|-resisted|p1a: Noivern
|-damage|p1a: Noivern|0 fnt
|-unboost|p2a: Mienshao|def|1
|-unboost|p2a: Mienshao|spd|1
|faint|p1a: Noivern
|
|upkeep
|
|t:|1613533681
|switch|p1a: Reuniclus|Reuniclus, M|95/100
|turn|29
|
|t:|1613533685
|switch|p2a: Chandelure|Chandelure, F|100/100
|move|p1a: Reuniclus|Focus Blast|p2a: Chandelure
|-immune|p2a: Chandelure
|
|upkeep
|turn|30
|
|t:|1613533688
|move|p2a: Chandelure|Shadow Ball|p1a: Reuniclus
|-supereffective|p1a: Reuniclus
|-damage|p1a: Reuniclus|28/100
|move|p1a: Reuniclus|Psychic|p2a: Chandelure
|-damage|p2a: Chandelure|43/100
|
|upkeep
|turn|31
|
|t:|1613533692
|switch|p1a: Zarude|Zarude|86/100
|move|p2a: Chandelure|Shadow Ball|p1a: Zarude
|-resisted|p1a: Zarude
|-damage|p1a: Zarude|55/100
|
|upkeep
|turn|32
|
|t:|1613533697
|switch|p2a: Zarude|Zarude|88/100
|move|p1a: Zarude|U-turn|p2a: Zarude
|-supereffective|p2a: Zarude
|-damage|p2a: Zarude|15/100
|
|t:|1613533700
|switch|p1a: Steelix|Steelix, M|73/100|[from]move: U-turn
|
|-heal|p2a: Zarude|21/100|[from] item: Leftovers
|upkeep
|turn|33
|
|t:|1613533703
|move|p2a: Zarude|Bulk Up|p2a: Zarude
|-boost|p2a: Zarude|atk|1
|-boost|p2a: Zarude|def|1
|move|p1a: Steelix|Stealth Rock|p2a: Zarude
|-sidestart|p2: Yeah wynaut|move: Stealth Rock
|
|-heal|p2a: Zarude|27/100|[from] item: Leftovers
|upkeep
|turn|34
|
|t:|1613533707
|switch|p1a: Zarude|Zarude|55/100
|move|p2a: Zarude|Jungle Healing|p2a: Zarude
|-heal|p2a: Zarude|52/100
|
|-heal|p2a: Zarude|58/100|[from] item: Leftovers
|upkeep
|turn|35
|
|t:|1613533712
|move|p1a: Zarude|U-turn|p2a: Zarude
|-supereffective|p2a: Zarude
|-damage|p2a: Zarude|7/100
|
|t:|1613533715
|switch|p1a: Toxtricity|Toxtricity, M|100/100|[from]move: U-turn
|move|p2a: Zarude|Jungle Healing|p2a: Zarude
|-heal|p2a: Zarude|32/100
|
|-heal|p2a: Zarude|38/100|[from] item: Leftovers
|upkeep
|turn|36
|
|t:|1613533718
|move|p1a: Toxtricity|Boomburst|p2a: Zarude
|-damage|p2a: Zarude|0 fnt
|faint|p2a: Zarude
|
|upkeep
|
|t:|1613533722
|switch|p2a: Chandelure|Chandelure, F|43/100
|-damage|p2a: Chandelure|18/100|[from] Stealth Rock
|turn|37
|
|t:|1613533731
|switch|p1a: Steelix|Steelix, M|73/100
|move|p2a: Chandelure|Flamethrower|p1a: Steelix
|-supereffective|p1a: Steelix
|-damage|p1a: Steelix|0 fnt
|faint|p1a: Steelix
|
|upkeep
|
|t:|1613533739
|switch|p1a: Zarude|Zarude|55/100
|turn|38
|
|t:|1613533742
|switch|p2a: Mienshao|Mienshao, M|100/100
|-damage|p2a: Mienshao|95/100|[from] Stealth Rock
|move|p1a: Zarude|Darkest Lariat|p2a: Mienshao
|-resisted|p2a: Mienshao
|-damage|p2a: Mienshao|57/100
|
|upkeep
|turn|39
|
|t:|1613533748
|switch|p1a: Reuniclus|Reuniclus, M|61/100
|move|p2a: Mienshao|Close Combat|p1a: Reuniclus
|-resisted|p1a: Reuniclus
|-damage|p1a: Reuniclus|15/100
|-unboost|p2a: Mienshao|def|1
|-unboost|p2a: Mienshao|spd|1
|
|upkeep
|turn|40
|
|t:|1613533752
|move|p2a: Mienshao|Close Combat|p1a: Reuniclus
|-resisted|p1a: Reuniclus
|-damage|p1a: Reuniclus|0 fnt
|-unboost|p2a: Mienshao|def|1
|-unboost|p2a: Mienshao|spd|1
|faint|p1a: Reuniclus
|
|upkeep
|
|t:|1613533753
|switch|p1a: Toxtricity|Toxtricity, M|100/100
|turn|41
|
|t:|1613533758
|switch|p2a: Chandelure|Chandelure, F|18/100
|-damage|p2a: Chandelure|0 fnt|[from] Stealth Rock
|faint|p2a: Chandelure
|move|p1a: Toxtricity|Volt Switch|p2: Chandelure|[notarget]
|-fail|p1a: Toxtricity
|
|upkeep
|
|t:|1613533760
|switch|p2a: Mienshao|Mienshao, M|91/100
|-damage|p2a: Mienshao|85/100|[from] Stealth Rock
|turn|42
|
|t:|1613533762
|move|p2a: Mienshao|Close Combat|p1a: Toxtricity
|-resisted|p1a: Toxtricity
|-damage|p1a: Toxtricity|26/100
|-unboost|p2a: Mienshao|def|1
|-unboost|p2a: Mienshao|spd|1
|move|p1a: Toxtricity|Volt Switch|p2a: Mienshao
|-damage|p2a: Mienshao|0 fnt
|faint|p2a: Mienshao
|
|win|A-Loquesea
|c|☆Yeah wynaut|gg
|l|☆Yeah wynaut
|raw|A-Loquesea's rating: 1609 &rarr; <strong>1619</strong><br />(+10 for winning)
|raw|Yeah wynaut's rating: 1418 &rarr; <strong>1408</strong><br />(-10 for losing)
