|raw|<div class="broadcast-blue"><strong>This battle is required to be public due to a player having a name starting with 'rult70'.</div>
|j|☆Nohtori Sucks
|j|☆Rult70d ani
|t:|1626848373
|gametype|singles
|player|p1|Nohtori Sucks|iris-gen5bw2|1386
|player|p2|Rult70d ani|pokemonrangerf-gen4|1587
|teamsize|p1|6
|teamsize|p2|6
|gen|8
|tier|[Gen 8] RU
|rated|
|rule|Sleep Clause Mod: Limit one foe put to sleep
|rule|Species Clause: Limit one of each Pokémon
|rule|OHKO Clause: OHKO moves are banned
|rule|Evasion Moves Clause: Evasion moves are banned
|rule|Endless Battle Clause: Forcing endless battles is banned
|rule|HP Percentage Mod: HP is shown in percentages
|rule|Dynamax Clause: You cannot dynamax
|clearpoke
|poke|p1|Suicune|
|poke|p1|Vileplume, M|
|poke|p1|Goodra, F|
|poke|p1|Ferroseed, F|
|poke|p1|Pangoro, F|
|poke|p1|Darmanitan, M|
|poke|p2|Milotic, F|
|poke|p2|Dhelmise|
|poke|p2|Incineroar, F|
|poke|p2|Crobat, F|
|poke|p2|Steelix, M|
|poke|p2|Mienshao, M|
|teampreview
|inactive|Battle timer is ON: inactive players will automatically lose when time's up. (requested by Nohtori Sucks)
|inactive|Nohtori Sucks has 120 seconds left.
|inactive|Rult70d ani has 120 seconds left.
|
|t:|1626848418
|start
|switch|p1a: Suicune|Suicune|100/100
|switch|p2a: Incineroar|Incineroar, F|100/100
|-ability|p2a: Incineroar|Intimidate|boost
|-fail|p1a: Suicune|unboost|Attack|[from] ability: Inner Focus|[of] p1a: Suicune
|turn|1
|
|t:|1626848430
|switch|p2a: Dhelmise|Dhelmise|100/100
|move|p1a: Suicune|Substitute|p1a: Suicune
|-start|p1a: Suicune|Substitute
|-damage|p1a: Suicune|75/100
|
|-heal|p1a: Suicune|82/100|[from] item: Leftovers
|upkeep
|turn|2
|
|t:|1626848437
|move|p1a: Suicune|Ice Beam|p2a: Dhelmise
|-supereffective|p2a: Dhelmise
|-damage|p2a: Dhelmise|73/100
|move|p2a: Dhelmise|Power Whip|p1a: Suicune|[miss]
|-miss|p2a: Dhelmise|p1a: Suicune
|
|-heal|p1a: Suicune|88/100|[from] item: Leftovers
|-heal|p2a: Dhelmise|79/100|[from] item: Leftovers
|upkeep
|turn|3
|
|t:|1626848447
|move|p1a: Suicune|Ice Beam|p2a: Dhelmise
|-supereffective|p2a: Dhelmise
|-damage|p2a: Dhelmise|51/100
|move|p2a: Dhelmise|Power Whip|p1a: Suicune|[miss]
|-miss|p2a: Dhelmise|p1a: Suicune
|
|-heal|p1a: Suicune|94/100|[from] item: Leftovers
|-heal|p2a: Dhelmise|57/100|[from] item: Leftovers
|upkeep
|turn|4
|c|☆Nohtori Sucks|Sorry
|
|t:|1626848459
|move|p1a: Suicune|Ice Beam|p2a: Dhelmise
|-supereffective|p2a: Dhelmise
|-damage|p2a: Dhelmise|25/100
|move|p2a: Dhelmise|Power Whip|p1a: Suicune
|-supereffective|p1a: Suicune
|-end|p1a: Suicune|Substitute
|
|-heal|p1a: Suicune|99/100|[from] item: Leftovers
|-heal|p2a: Dhelmise|31/100|[from] item: Leftovers
|upkeep
|turn|5
|c|☆Rult70d ani|Happens
|
|t:|1626848478
|move|p1a: Suicune|Ice Beam|p2a: Dhelmise
|-supereffective|p2a: Dhelmise
|-damage|p2a: Dhelmise|4/100
|move|p2a: Dhelmise|Rest|p2a: Dhelmise
|-status|p2a: Dhelmise|slp|[from] move: Rest
|-heal|p2a: Dhelmise|100/100 slp|[silent]
|
|-heal|p1a: Suicune|100/100|[from] item: Leftovers
|upkeep
|turn|6
|
|t:|1626848491
|switch|p1a: Darmanitan|Darmanitan, M|100/100
|cant|p2a: Dhelmise|slp
|
|upkeep
|turn|7
|
|t:|1626848501
|switch|p2a: Milotic|Milotic, F|100/100
|move|p1a: Darmanitan|Trick|p2a: Milotic
|-activate|p1a: Darmanitan|move: Trick|[of] p2a: Milotic
|-item|p2a: Milotic|Choice Scarf|[from] move: Trick
|-item|p1a: Darmanitan|Leftovers|[from] move: Trick
|
|upkeep
|turn|8
|
|t:|1626848511
|switch|p1a: Ferroseed|Ferroseed, F|100/100
|move|p2a: Milotic|Flip Turn|p1a: Ferroseed
|-resisted|p1a: Ferroseed
|-damage|p1a: Ferroseed|95/100
|-damage|p2a: Milotic|88/100|[from] ability: Iron Barbs|[of] p1a: Ferroseed
|
|t:|1626848514
|switch|p2a: Incineroar|Incineroar, F|100/100|[from]move: Flip Turn
|-ability|p2a: Incineroar|Intimidate|boost
|-unboost|p1a: Ferroseed|atk|1
|
|upkeep
|turn|9
|j| pult61a turt@!
|
|t:|1626848529
|switch|p1a: Pangoro|Pangoro, F|100/100
|move|p2a: Incineroar|Swords Dance|p2a: Incineroar
|-boost|p2a: Incineroar|atk|2
|
|upkeep
|turn|10
|
|t:|1626848539
|switch|p2a: Crobat|Crobat, F|100/100
|move|p1a: Pangoro|Close Combat|p2a: Crobat
|-resisted|p2a: Crobat
|-damage|p2a: Crobat|78/100
|-unboost|p1a: Pangoro|def|1
|-unboost|p1a: Pangoro|spd|1
|
|upkeep
|turn|11
|
|t:|1626848553
|move|p2a: Crobat|Brave Bird|p1a: Pangoro
|-supereffective|p1a: Pangoro
|-damage|p1a: Pangoro|0 fnt
|faint|p1a: Pangoro
|-damage|p2a: Crobat|48/100|[from] Recoil
|
|upkeep
|c|☆Rult70d ani|Phew got the turn right
|
|t:|1626848560
|switch|p1a: Darmanitan|Darmanitan, M|100/100
|turn|12
|
|t:|1626848570
|move|p2a: Crobat|Roost|p2a: Crobat
|-heal|p2a: Crobat|98/100
|-singleturn|p2a: Crobat|move: Roost
|move|p1a: Darmanitan|U-turn|p2a: Crobat
|-resisted|p2a: Crobat
|-damage|p2a: Crobat|84/100
|c|☆Rult70d ani|Btw I love panda too
|
|t:|1626848586
|switch|p1a: Suicune|Suicune|100/100|[from]move: U-turn
|
|upkeep
|turn|13
|c|☆Rult70d ani|very good mon
|
|t:|1626848592
|move|p2a: Crobat|U-turn|p1a: Suicune
|-damage|p1a: Suicune|92/100
|
|t:|1626848593
|switch|p2a: Dhelmise|Dhelmise|100/100 slp|[from]move: U-turn
|move|p1a: Suicune|Substitute|p1a: Suicune
|-start|p1a: Suicune|Substitute
|-damage|p1a: Suicune|67/100
|
|-heal|p1a: Suicune|73/100|[from] item: Leftovers
|upkeep
|turn|14
|
|t:|1626848601
|move|p1a: Suicune|Calm Mind|p1a: Suicune
|-boost|p1a: Suicune|spa|1
|-boost|p1a: Suicune|spd|1
|cant|p2a: Dhelmise|slp
|
|-heal|p1a: Suicune|79/100|[from] item: Leftovers
|upkeep
|turn|15
|
|t:|1626848608
|move|p1a: Suicune|Ice Beam|p2a: Dhelmise
|-supereffective|p2a: Dhelmise
|-damage|p2a: Dhelmise|52/100 slp
|-curestatus|p2a: Dhelmise|slp|[msg]
|move|p2a: Dhelmise|Power Whip|p1a: Suicune|[miss]
|-miss|p2a: Dhelmise|p1a: Suicune
|
|-heal|p1a: Suicune|85/100|[from] item: Leftovers
|-heal|p2a: Dhelmise|58/100|[from] item: Leftovers
|upkeep
|turn|16
|
|t:|1626848618
|move|p1a: Suicune|Ice Beam|p2a: Dhelmise
|-supereffective|p2a: Dhelmise
|-damage|p2a: Dhelmise|13/100
|move|p2a: Dhelmise|Power Whip|p1a: Suicune
|-supereffective|p1a: Suicune
|-crit|p1a: Suicune
|-end|p1a: Suicune|Substitute
|
|-heal|p1a: Suicune|92/100|[from] item: Leftovers
|-heal|p2a: Dhelmise|19/100|[from] item: Leftovers
|upkeep
|turn|17
|
|t:|1626848630
|switch|p2a: Milotic|Milotic, F|88/100
|move|p1a: Suicune|Ice Beam|p2a: Milotic
|-resisted|p2a: Milotic
|-damage|p2a: Milotic|79/100
|
|-heal|p1a: Suicune|98/100|[from] item: Leftovers
|upkeep
|turn|18
|
|t:|1626848642
|switch|p1a: Vileplume|Vileplume, M|100/100
|move|p2a: Milotic|Toxic|p1a: Vileplume
|-immune|p1a: Vileplume
|
|upkeep
|turn|19
|
|t:|1626848651
|switch|p2a: Crobat|Crobat, F|84/100
|move|p1a: Vileplume|Sludge Bomb|p2a: Crobat
|-resisted|p2a: Crobat
|-damage|p2a: Crobat|65/100
|
|upkeep
|turn|20
|
|t:|1626848662
|move|p2a: Crobat|U-turn|p1a: Vileplume
|-damage|p1a: Vileplume|90/100
|-status|p2a: Crobat|par|[from] ability: Effect Spore|[of] p1a: Vileplume
|
|t:|1626848664
|switch|p2a: Incineroar|Incineroar, F|100/100|[from]move: U-turn
|-ability|p2a: Incineroar|Intimidate|boost
|-unboost|p1a: Vileplume|atk|1
|move|p1a: Vileplume|Strength Sap|p2a: Incineroar
|-unboost|p2a: Incineroar|atk|1
|-heal|p1a: Vileplume|100/100
|
|upkeep
|turn|21
|
|t:|1626848685
|switch|p1a: Darmanitan|Darmanitan, M|100/100
|move|p2a: Incineroar|Swords Dance|p2a: Incineroar
|-boost|p2a: Incineroar|atk|2
|
|upkeep
|turn|22
|
|t:|1626848713
|move|p1a: Darmanitan|Earthquake|p2a: Incineroar
|-supereffective|p2a: Incineroar
|-damage|p2a: Incineroar|37/100
|move|p2a: Incineroar|Knock Off|p1a: Darmanitan
|-damage|p1a: Darmanitan|12/100
|-enditem|p1a: Darmanitan|Leftovers|[from] move: Knock Off|[of] p2a: Incineroar
|
|upkeep
|turn|23
|
|t:|1626848722
|switch|p2a: Milotic|Milotic, F|79/100
|move|p1a: Darmanitan|Flare Blitz|p2a: Milotic
|-resisted|p2a: Milotic
|-damage|p2a: Milotic|48/100
|-damage|p1a: Darmanitan|1/100|[from] Recoil
|
|upkeep
|turn|24
|
|t:|1626848747
|move|p1a: Darmanitan|U-turn|p2a: Milotic
|-damage|p2a: Milotic|29/100
|
|t:|1626848760
|switch|p1a: Goodra|Goodra, F|100/100|[from]move: U-turn
|move|p2a: Milotic|Flip Turn|p1a: Goodra
|-resisted|p1a: Goodra
|-damage|p1a: Goodra|92/100
|
|t:|1626848768
|switch|p2a: Steelix|Steelix, M|100/100|[from]move: Flip Turn
|
|upkeep
|turn|25
|
|t:|1626848778
|switch|p1a: Darmanitan|Darmanitan, M|1/100
|move|p2a: Steelix|Toxic|p1a: Darmanitan
|-status|p1a: Darmanitan|tox
|
|-damage|p1a: Darmanitan|0 fnt|[from] psn
|faint|p1a: Darmanitan
|upkeep
|
|t:|1626848789
|switch|p1a: Suicune|Suicune|98/100
|turn|26
|
|t:|1626848796
|switch|p2a: Crobat|Crobat, F|65/100 par
|move|p1a: Suicune|Substitute|p1a: Suicune
|-start|p1a: Suicune|Substitute
|-damage|p1a: Suicune|73/100
|
|-heal|p1a: Suicune|79/100|[from] item: Leftovers
|upkeep
|turn|27
|
|t:|1626848803
|move|p1a: Suicune|Calm Mind|p1a: Suicune
|-boost|p1a: Suicune|spa|1
|-boost|p1a: Suicune|spd|1
|move|p2a: Crobat|Brave Bird|p1a: Suicune
|-damage|p1a: Suicune|56/100
|-damage|p2a: Crobat|57/100 par|[from] Recoil
|
|-heal|p1a: Suicune|63/100|[from] item: Leftovers
|upkeep
|turn|28
|
|t:|1626848811
|move|p1a: Suicune|Ice Beam|p2a: Crobat
|-supereffective|p2a: Crobat
|-damage|p2a: Crobat|0 fnt
|faint|p2a: Crobat
|
|-heal|p1a: Suicune|69/100|[from] item: Leftovers
|upkeep
|j| stuck in 2017
|
|t:|1626848820
|switch|p2a: Mienshao|Mienshao, M|100/100
|turn|29
|c|☆Rult70d ani|Losing to 4 pwhip misses blows
|inactive|Rult70d ani has 120 seconds left.
|c|☆Nohtori Sucks|You live after -1 I think
|c|☆Nohtori Sucks|I know you're calcing
|inactive|Rult70d ani has 90 seconds left.
|c|☆Rult70d ani|Nah I die dude
|j| CommunistKommo-o
|inactive|Rult70d ani has 60 seconds left.
|l| CommunistKommo-o
|
|t:|1626848918
|move|p2a: Mienshao|Knock Off|p1a: Suicune
|-activate|p1a: Suicune|move: Substitute|[damage]
|move|p1a: Suicune|Scald|p2a: Mienshao
|-damage|p2a: Mienshao|35/100
|
|-heal|p1a: Suicune|75/100|[from] item: Leftovers
|upkeep
|turn|30
|
|t:|1626848932
|switch|p2a: Milotic|Milotic, F|29/100
|move|p1a: Suicune|Substitute|p1a: Suicune
|-fail|p1a: Suicune|move: Substitute
|
|-heal|p1a: Suicune|81/100|[from] item: Leftovers
|upkeep
|turn|31
|c|☆Rult70d ani|this is such a dumb way to lose
|inactive|Rult70d ani has 60 seconds left.
|
|t:|1626848955
|move|p2a: Milotic|Flip Turn|p1a: Suicune
|-resisted|p1a: Suicune
|-activate|p1a: Suicune|move: Substitute|[damage]
|
|t:|1626848958
|switch|p2a: Steelix|Steelix, M|100/100|[from]move: Flip Turn
|move|p1a: Suicune|Calm Mind|p1a: Suicune
|-boost|p1a: Suicune|spa|1
|-boost|p1a: Suicune|spd|1
|
|-heal|p1a: Suicune|87/100|[from] item: Leftovers
|upkeep
|turn|32
|
|t:|1626848967
|move|p1a: Suicune|Scald|p2a: Steelix
|-supereffective|p2a: Steelix
|-damage|p2a: Steelix|9/100
|move|p2a: Steelix|Earthquake|p1a: Suicune
|-end|p1a: Suicune|Substitute
|
|-heal|p1a: Suicune|94/100|[from] item: Leftovers
|-heal|p2a: Steelix|15/100|[from] item: Leftovers
|upkeep
|turn|33
|
|t:|1626848977
|move|p1a: Suicune|Substitute|p1a: Suicune
|-start|p1a: Suicune|Substitute
|-damage|p1a: Suicune|69/100
|move|p2a: Steelix|Earthquake|p1a: Suicune
|-activate|p1a: Suicune|move: Substitute|[damage]
|
|-heal|p1a: Suicune|75/100|[from] item: Leftovers
|-heal|p2a: Steelix|21/100|[from] item: Leftovers
|upkeep
|turn|34
|
|t:|1626848993
|move|p1a: Suicune|Calm Mind|p1a: Suicune
|-boost|p1a: Suicune|spa|1
|-boost|p1a: Suicune|spd|1
|move|p2a: Steelix|Earthquake|p1a: Suicune
|-end|p1a: Suicune|Substitute
|
|-heal|p1a: Suicune|81/100|[from] item: Leftovers
|-heal|p2a: Steelix|28/100|[from] item: Leftovers
|upkeep
|turn|35
|
|t:|1626849002
|move|p1a: Suicune|Substitute|p1a: Suicune
|-start|p1a: Suicune|Substitute
|-damage|p1a: Suicune|56/100
|move|p2a: Steelix|Earthquake|p1a: Suicune
|-activate|p1a: Suicune|move: Substitute|[damage]
|
|-heal|p1a: Suicune|62/100|[from] item: Leftovers
|-heal|p2a: Steelix|34/100|[from] item: Leftovers
|upkeep
|turn|36
|
|t:|1626849010
|move|p1a: Suicune|Scald|p2a: Steelix
|-supereffective|p2a: Steelix
|-damage|p2a: Steelix|0 fnt
|faint|p2a: Steelix
|
|-heal|p1a: Suicune|68/100|[from] item: Leftovers
|upkeep
|c|☆Rult70d ani|Like wtf
|inactive|Rult70d ani has 90 seconds left.
|
|t:|1626849018
|switch|p2a: Mienshao|Mienshao, M|68/100
|turn|37
|
|t:|1626849024
|move|p2a: Mienshao|U-turn|p1a: Suicune
|-end|p1a: Suicune|Substitute
|
|t:|1626849028
|switch|p2a: Incineroar|Incineroar, F|37/100|[from]move: U-turn
|-ability|p2a: Incineroar|Intimidate|boost
|-fail|p1a: Suicune|unboost|Attack|[from] ability: Inner Focus|[of] p1a: Suicune
|move|p1a: Suicune|Scald|p2a: Incineroar
|-supereffective|p2a: Incineroar
|-damage|p2a: Incineroar|0 fnt
|faint|p2a: Incineroar
|
|-heal|p1a: Suicune|75/100|[from] item: Leftovers
|upkeep
|
|t:|1626849030
|switch|p2a: Mienshao|Mienshao, M|100/100
|turn|38
|
|t:|1626849043
|move|p2a: Mienshao|Close Combat|p1a: Suicune
|-crit|p1a: Suicune
|-damage|p1a: Suicune|25/100
|-unboost|p2a: Mienshao|def|1
|-unboost|p2a: Mienshao|spd|1
|move|p1a: Suicune|Scald|p2a: Mienshao
|-damage|p2a: Mienshao|0 fnt
|faint|p2a: Mienshao
|
|-heal|p1a: Suicune|31/100|[from] item: Leftovers
|upkeep
|
|t:|1626849050
|switch|p2a: Dhelmise|Dhelmise|19/100
|turn|39
|
|t:|1626849055
|move|p1a: Suicune|Ice Beam|p2a: Dhelmise
|-supereffective|p2a: Dhelmise
|-damage|p2a: Dhelmise|0 fnt
|faint|p2a: Dhelmise
|
|-heal|p1a: Suicune|37/100|[from] item: Leftovers
|upkeep
|
|t:|1626849059
|switch|p2a: Milotic|Milotic, F|29/100
|turn|40
|
|t:|1626849062
|move|p2a: Milotic|Scald|p1a: Suicune
|-resisted|p1a: Suicune
|-damage|p1a: Suicune|33/100
|move|p1a: Suicune|Scald|p2a: Milotic
|-resisted|p2a: Milotic
|-damage|p2a: Milotic|7/100
|-status|p2a: Milotic|brn
|
|-heal|p1a: Suicune|40/100|[from] item: Leftovers
|-damage|p2a: Milotic|1/100 brn|[from] brn
|upkeep
|turn|41
|
|t:|1626849073
|move|p2a: Milotic|Scald|p1a: Suicune
|-resisted|p1a: Suicune
|-damage|p1a: Suicune|35/100
|-status|p1a: Suicune|brn
|move|p1a: Suicune|Scald|p2a: Milotic
|-resisted|p2a: Milotic
|-damage|p2a: Milotic|0 fnt
|faint|p2a: Milotic
|
|win|Nohtori Sucks
|raw|Nohtori Sucks's rating: 1386 &rarr; <strong>1416</strong><br />(+30 for winning)
|raw|Rult70d ani's rating: 1587 &rarr; <strong>1557</strong><br />(-30 for losing)
|c|☆Rult70d ani|stupidest stuff
