|raw|<div class="broadcast-blue"><strong>This battle is required to be public due to a player having a name starting with 'rult70'.</div>
|j|☆Givranobi ☯
|j|☆Rult70B evidith
|t:|1626651991
|gametype|singles
|player|p1|Givranobi ☯|korrina|1237
|player|p2|Rult70B evidith|lass-gen4dp|1251
|teamsize|p1|6
|teamsize|p2|6
|gen|8
|tier|[Gen 8] RU
|rated|
|rule|Sleep Clause Mod: Limit one foe put to sleep
|rule|Species Clause: Limit one of each Pokémon
|rule|OHKO Clause: OHKO moves are banned
|rule|Evasion Moves Clause: Evasion moves are banned
|rule|Endless Battle Clause: Forcing endless battles is banned
|rule|HP Percentage Mod: HP is shown in percentages
|rule|Dynamax Clause: You cannot dynamax
|clearpoke
|poke|p1|Cloyster, F|
|poke|p1|Chandelure, F|
|poke|p1|Espeon, M|
|poke|p1|Froslass, F|
|poke|p1|Tornadus, M|
|poke|p1|Marowak-Alola, F|
|poke|p2|Celebi|
|poke|p2|Golisopod, F|
|poke|p2|Toxtricity, M|
|poke|p2|Guzzlord|
|poke|p2|Cobalion|
|poke|p2|Togekiss, M|
|teampreview
|inactive|Battle timer is ON: inactive players will automatically lose when time's up. (requested by Givranobi ☯)
|
|t:|1626652012
|start
|switch|p1a: Chandelure|Chandelure, F|100/100
|switch|p2a: Toxtricity|Toxtricity, M|100/100
|turn|1
|
|t:|1626652027
|switch|p2a: Guzzlord|Guzzlord|100/100
|move|p1a: Chandelure|Fire Blast|p2a: Guzzlord
|-resisted|p2a: Guzzlord
|-crit|p2a: Guzzlord
|-damage|p2a: Guzzlord|73/100
|
|upkeep
|turn|2
|j| rarelyusedplayer01
|
|t:|1626652034
|switch|p1a: Tornadus|Tornadus, M|100/100
|move|p2a: Guzzlord|Knock Off|p1a: Tornadus
|-damage|p1a: Tornadus|59/100
|
|upkeep
|turn|3
|
|t:|1626652043
|switch|p2a: Togekiss|Togekiss, M|100/100
|move|p1a: Tornadus|Superpower|p2a: Togekiss
|-resisted|p2a: Togekiss
|-damage|p2a: Togekiss|91/100
|-unboost|p1a: Tornadus|atk|1
|-unboost|p1a: Tornadus|def|1
|
|upkeep
|turn|4
|
|t:|1626652054
|switch|p1a: Chandelure|Chandelure, F|100/100
|move|p2a: Togekiss|Air Slash|p1a: Chandelure
|-damage|p1a: Chandelure|56/100
|
|upkeep
|turn|5
|
|t:|1626652067
|switch|p1a: Espeon|Espeon, M|100/100
|move|p2a: Togekiss|Air Slash|p1a: Espeon
|-damage|p1a: Espeon|60/100
|
|upkeep
|turn|6
|
|t:|1626652075
|switch|p2a: Golisopod|Golisopod, F|100/100
|move|p1a: Espeon|Toxic|p2a: Golisopod
|-status|p2a: Golisopod|tox
|
|-damage|p2a: Golisopod|94/100 tox|[from] psn
|upkeep
|turn|7
|
|t:|1626652082
|switch|p1a: Marowak|Marowak-Alola, F|100/100
|move|p2a: Golisopod|Knock Off|p1a: Marowak
|-supereffective|p1a: Marowak
|-damage|p1a: Marowak|16/100
|-enditem|p1a: Marowak|Thick Club|[from] move: Knock Off|[of] p2a: Golisopod
|
|-damage|p2a: Golisopod|82/100 tox|[from] psn
|upkeep
|turn|8
|
|t:|1626652094
|move|p1a: Marowak|Poltergeist|p2a: Golisopod
|-activate|p2a: Golisopod|move: Poltergeist|Heavy-Duty Boots
|-damage|p2a: Golisopod|53/100 tox
|move|p2a: Golisopod|Spikes|p1a: Marowak
|-sidestart|p1: Givranobi ☯|Spikes
|
|-damage|p2a: Golisopod|35/100 tox|[from] psn
|upkeep
|-activate|p2a: Golisopod|ability: Emergency Exit
|
|t:|1626652103
|switch|p2a: Celebi|Celebi|100/100
|turn|9
|
|t:|1626652109
|move|p2a: Celebi|Giga Drain|p1a: Marowak
|-resisted|p1a: Marowak
|-damage|p1a: Marowak|0 fnt
|faint|p1a: Marowak
|
|upkeep
|
|t:|1626652116
|switch|p1a: Chandelure|Chandelure, F|56/100
|-damage|p1a: Chandelure|43/100|[from] Spikes
|turn|10
|
|t:|1626652124
|switch|p1a: Tornadus|Tornadus, M|59/100
|switch|p2a: Guzzlord|Guzzlord|73/100
|
|upkeep
|turn|11
|
|t:|1626652135
|move|p1a: Tornadus|Bulk Up|p1a: Tornadus
|-boost|p1a: Tornadus|atk|1
|-boost|p1a: Tornadus|def|1
|move|p2a: Guzzlord|Dragon Tail|p1a: Tornadus
|-damage|p1a: Tornadus|33/100
|drag|p1a: Froslass|Froslass, F|100/100
|-damage|p1a: Froslass|88/100|[from] Spikes
|
|upkeep
|turn|12
|
|t:|1626652145
|move|p1a: Froslass|Spikes|p2a: Guzzlord
|-sidestart|p2: Rult70B evidith|Spikes
|move|p2a: Guzzlord|Knock Off|p1a: Froslass
|-supereffective|p1a: Froslass
|-damage|p1a: Froslass|0 fnt
|-start|p2a: Guzzlord|Disable|Knock Off|[from] ability: Cursed Body|[of] p1a: Froslass
|-enditem|p1a: Froslass|Focus Sash|[from] move: Knock Off|[of] p2a: Guzzlord
|faint|p1a: Froslass
|-ability|p2a: Guzzlord|Beast Boost|boost
|-boost|p2a: Guzzlord|atk|1
|
|upkeep
|
|t:|1626652151
|switch|p1a: Tornadus|Tornadus, M|33/100
|turn|13
|
|t:|1626652163
|switch|p2a: Cobalion|Cobalion|100/100
|-damage|p2a: Cobalion|88/100|[from] Spikes
|move|p1a: Tornadus|Acrobatics|p2a: Cobalion
|-damage|p2a: Cobalion|44/100
|-damage|p1a: Tornadus|17/100|[from] item: Rocky Helmet|[of] p2a: Cobalion
|
|upkeep
|turn|14
|
|t:|1626652172
|move|p1a: Tornadus|Superpower|p2a: Cobalion
|-supereffective|p2a: Cobalion
|-damage|p2a: Cobalion|0 fnt
|-unboost|p1a: Tornadus|atk|1
|-unboost|p1a: Tornadus|def|1
|-damage|p1a: Tornadus|0 fnt|[from] item: Rocky Helmet|[of] p2a: Cobalion
|faint|p2a: Cobalion
|faint|p1a: Tornadus
|
|upkeep
|
|t:|1626652184
|switch|p1a: Cloyster|Cloyster, F|100/100
|switch|p2a: Celebi|Celebi|100/100
|-damage|p1a: Cloyster|88/100|[from] Spikes
|turn|15
|
|t:|1626652192
|switch|p1a: Chandelure|Chandelure, F|43/100
|-damage|p1a: Chandelure|31/100|[from] Spikes
|move|p2a: Celebi|Giga Drain|p1a: Chandelure
|-resisted|p1a: Chandelure
|-damage|p1a: Chandelure|10/100
|
|upkeep
|turn|16
|
|t:|1626652205
|switch|p2a: Guzzlord|Guzzlord|73/100
|move|p1a: Chandelure|Fire Blast|p2a: Guzzlord
|-resisted|p2a: Guzzlord
|-damage|p2a: Guzzlord|53/100
|
|upkeep
|turn|17
|
|t:|1626652214
|move|p1a: Chandelure|Fire Blast|p2a: Guzzlord
|-resisted|p2a: Guzzlord
|-damage|p2a: Guzzlord|33/100
|move|p2a: Guzzlord|Knock Off|p1a: Chandelure
|-supereffective|p1a: Chandelure
|-damage|p1a: Chandelure|0 fnt
|-enditem|p1a: Chandelure|Choice Scarf|[from] move: Knock Off|[of] p2a: Guzzlord
|faint|p1a: Chandelure
|-ability|p2a: Guzzlord|Beast Boost|boost
|-boost|p2a: Guzzlord|atk|1
|
|upkeep
|
|t:|1626652220
|switch|p1a: Cloyster|Cloyster, F|88/100
|-damage|p1a: Cloyster|76/100|[from] Spikes
|turn|18
|
|t:|1626652233
|move|p1a: Cloyster|Shell Smash|p1a: Cloyster
|-unboost|p1a: Cloyster|def|1
|-unboost|p1a: Cloyster|spd|1
|-boost|p1a: Cloyster|atk|2
|-boost|p1a: Cloyster|spa|2
|-boost|p1a: Cloyster|spe|2
|move|p2a: Guzzlord|Knock Off|p1a: Cloyster
|-damage|p1a: Cloyster|0 fnt
|-enditem|p1a: Cloyster|King's Rock|[from] move: Knock Off|[of] p2a: Guzzlord
|faint|p1a: Cloyster
|-ability|p2a: Guzzlord|Beast Boost|boost
|-boost|p2a: Guzzlord|atk|1
|
|upkeep
|
|t:|1626652239
|switch|p1a: Espeon|Espeon, M|60/100
|-damage|p1a: Espeon|47/100|[from] Spikes
|turn|19
|c|☆Givranobi ☯|gg
|-message|Givranobi ☯ forfeited.
|
|win|Rult70B evidith
|raw|Givranobi ☯'s rating: 1237 &rarr; <strong>1213</strong><br />(-24 for losing)
|raw|Rult70B evidith's rating: 1251 &rarr; <strong>1275</strong><br />(+24 for winning)
|l|☆Givranobi ☯
|l|☆Rult70B evidith
