|raw|<div class="broadcast-blue"><strong>This battle is required to be public due to a player having a name starting with 'rult70'.</div>
|j|☆Rult70B evidith
|j|☆motistrat
|t:|1626895777
|gametype|singles
|player|p1|Rult70B evidith|lass-gen4dp|1446
|player|p2|motistrat|n|1397
|teamsize|p1|6
|teamsize|p2|6
|gen|8
|tier|[Gen 8] RU
|rated|
|rule|Sleep Clause Mod: Limit one foe put to sleep
|rule|Species Clause: Limit one of each Pokémon
|rule|OHKO Clause: OHKO moves are banned
|rule|Evasion Moves Clause: Evasion moves are banned
|rule|Endless Battle Clause: Forcing endless battles is banned
|rule|HP Percentage Mod: HP is shown in percentages
|rule|Dynamax Clause: You cannot dynamax
|clearpoke
|poke|p1|Indeedee, M|
|poke|p1|Mienshao, F|
|poke|p1|Whimsicott, F|
|poke|p1|Marowak-Alola, F|
|poke|p1|Starmie|
|poke|p1|Escavalier, F|
|poke|p2|Obstagoon, M|
|poke|p2|Suicune|
|poke|p2|Incineroar, M|
|poke|p2|Steelix, F|
|poke|p2|Crobat, F|
|poke|p2|Regidrago|
|teampreview
|j| Kabello
|j| rult70rabbit
|c|☆Rult70B evidith|lmao two dark types
|
|t:|1626895807
|start
|switch|p1a: Mienshao|Mienshao, F|100/100
|switch|p2a: Obstagoon|Obstagoon, M|100/100
|turn|1
|
|t:|1626895813
|move|p2a: Obstagoon|Obstruct|p2a: Obstagoon
|-singleturn|p2a: Obstagoon|Protect
|move|p1a: Mienshao|U-turn|p2a: Obstagoon
|-activate|p2a: Obstagoon|move: Protect
|-unboost|p1a: Mienshao|def|2
|
|-status|p2a: Obstagoon|brn|[from] item: Flame Orb
|upkeep
|turn|2
|
|t:|1626895827
|switch|p2a: Steelix|Steelix, F|100/100
|move|p1a: Mienshao|U-turn|p2a: Steelix
|-resisted|p2a: Steelix
|-damage|p2a: Steelix|95/100
|
|t:|1626895851
|switch|p1a: Marowak|Marowak-Alola, F|100/100|[from]move: U-turn
|
|-heal|p2a: Steelix|100/100|[from] item: Leftovers
|upkeep
|turn|3
|
|t:|1626895859
|switch|p2a: Incineroar|Incineroar, M|100/100
|-ability|p2a: Incineroar|Intimidate|boost
|-unboost|p1a: Marowak|atk|1
|move|p1a: Marowak|Stealth Rock|p2a: Incineroar
|-sidestart|p2: motistrat|move: Stealth Rock
|
|upkeep
|turn|4
|
|t:|1626895866
|move|p2a: Incineroar|Knock Off|p1a: Marowak
|-supereffective|p1a: Marowak
|-damage|p1a: Marowak|5/100
|-enditem|p1a: Marowak|Thick Club|[from] move: Knock Off|[of] p2a: Incineroar
|move|p1a: Marowak|Low Kick|p2a: Incineroar
|-supereffective|p2a: Incineroar
|-damage|p2a: Incineroar|75/100
|
|upkeep
|turn|5
|
|t:|1626895875
|move|p2a: Incineroar|U-turn|p1a: Marowak
|-resisted|p1a: Marowak
|-damage|p1a: Marowak|0 fnt
|faint|p1a: Marowak
|
|t:|1626895878
|switch|p2a: Crobat|Crobat, F|100/100|[from]move: U-turn
|
|upkeep
|
|t:|1626895914
|switch|p1a: Whimsicott|Whimsicott, F|100/100
|turn|6
|
|t:|1626895921
|move|p1a: Whimsicott|Stun Spore|p2a: Crobat
|-status|p2a: Crobat|par
|move|p2a: Crobat|Defog|p1a: Whimsicott
|-unboost|p1a: Whimsicott|evasion|1
|-sideend|p2: motistrat|Stealth Rock|[from] move: Defog|[of] p2a: Crobat
|
|upkeep
|turn|7
|
|t:|1626895931
|switch|p1a: Escavalier|Escavalier, F|100/100
|move|p2a: Crobat|U-turn|p1a: Escavalier
|-resisted|p1a: Escavalier
|-damage|p1a: Escavalier|94/100
|
|t:|1626895936
|switch|p2a: Incineroar|Incineroar, M|75/100|[from]move: U-turn
|-ability|p2a: Incineroar|Intimidate|boost
|-unboost|p1a: Escavalier|atk|1
|
|upkeep
|turn|8
|
|t:|1626895943
|switch|p1a: Starmie|Starmie|100/100
|move|p2a: Incineroar|Knock Off|p1a: Starmie
|-supereffective|p1a: Starmie
|-damage|p1a: Starmie|0 fnt
|-enditem|p1a: Starmie|Heavy-Duty Boots|[from] move: Knock Off|[of] p2a: Incineroar
|faint|p1a: Starmie
|
|upkeep
|
|t:|1626895948
|switch|p1a: Mienshao|Mienshao, F|100/100
|turn|9
|
|t:|1626895957
|switch|p2a: Steelix|Steelix, F|100/100
|move|p1a: Mienshao|Close Combat|p2a: Steelix
|-supereffective|p2a: Steelix
|-damage|p2a: Steelix|39/100
|-unboost|p1a: Mienshao|def|1
|-unboost|p1a: Mienshao|spd|1
|
|-heal|p2a: Steelix|46/100|[from] item: Leftovers
|upkeep
|turn|10
|
|t:|1626895962
|switch|p1a: Indeedee|Indeedee, M|100/100
|-fieldstart|move: Psychic Terrain|[from] ability: Psychic Surge|[of] p1a: Indeedee
|switch|p2a: Crobat|Crobat, F|100/100 par
|
|upkeep
|turn|11
|
|t:|1626895980
|switch|p2a: Steelix|Steelix, F|46/100
|move|p1a: Indeedee|Expanding Force|p2a: Steelix
|-resisted|p2a: Steelix
|-damage|p2a: Steelix|0 fnt
|faint|p2a: Steelix
|
|upkeep
|
|t:|1626895985
|switch|p2a: Obstagoon|Obstagoon, M|100/100 brn
|turn|12
|
|t:|1626895993
|switch|p1a: Escavalier|Escavalier, F|94/100
|move|p2a: Obstagoon|Knock Off|p1a: Escavalier
|-damage|p1a: Escavalier|35/100
|-enditem|p1a: Escavalier|Heavy-Duty Boots|[from] move: Knock Off|[of] p2a: Obstagoon
|
|-damage|p2a: Obstagoon|94/100 brn|[from] brn
|upkeep
|turn|13
|
|t:|1626896002
|move|p2a: Obstagoon|Close Combat|p1a: Escavalier
|-damage|p1a: Escavalier|0 fnt
|-unboost|p2a: Obstagoon|def|1
|-unboost|p2a: Obstagoon|spd|1
|faint|p1a: Escavalier
|
|-damage|p2a: Obstagoon|88/100 brn|[from] brn
|upkeep
|
|t:|1626896004
|switch|p1a: Mienshao|Mienshao, F|100/100
|turn|14
|
|t:|1626896008
|move|p2a: Obstagoon|Obstruct|p2a: Obstagoon
|-singleturn|p2a: Obstagoon|Protect
|move|p1a: Mienshao|U-turn|p2a: Obstagoon
|-activate|p2a: Obstagoon|move: Protect
|-unboost|p1a: Mienshao|def|2
|
|-damage|p2a: Obstagoon|82/100 brn|[from] brn
|-fieldend|move: Psychic Terrain
|upkeep
|turn|15
|
|t:|1626896015
|switch|p2a: Incineroar|Incineroar, M|75/100
|-ability|p2a: Incineroar|Intimidate|boost
|-unboost|p1a: Mienshao|atk|1
|move|p1a: Mienshao|U-turn|p2a: Incineroar
|-damage|p2a: Incineroar|61/100
|
|t:|1626896035
|switch|p1a: Whimsicott|Whimsicott, F|100/100|[from]move: U-turn
|
|upkeep
|turn|16
|
|t:|1626896038
|switch|p1a: Mienshao|Mienshao, F|100/100
|move|p2a: Incineroar|Flare Blitz|p1a: Mienshao
|-damage|p1a: Mienshao|0 fnt
|faint|p1a: Mienshao
|-damage|p2a: Incineroar|38/100|[from] Recoil
|
|upkeep
|
|t:|1626896043
|switch|p1a: Indeedee|Indeedee, M|100/100
|-fieldstart|move: Psychic Terrain|[from] ability: Psychic Surge|[of] p1a: Indeedee
|turn|17
|
|t:|1626896053
|switch|p2a: Regidrago|Regidrago|100/100
|move|p1a: Indeedee|Tri Attack|p2a: Regidrago
|-damage|p2a: Regidrago|45/100
|
|upkeep
|turn|18
|
|t:|1626896070
|move|p1a: Indeedee|Tri Attack|p2a: Regidrago
|-damage|p2a: Regidrago|0 fnt
|faint|p2a: Regidrago
|
|upkeep
|
|t:|1626896075
|switch|p2a: Suicune|Suicune|100/100
|-ability|p2a: Suicune|Pressure
|turn|19
|
|t:|1626896079
|switch|p2a: Incineroar|Incineroar, M|38/100
|-ability|p2a: Incineroar|Intimidate|boost
|-unboost|p1a: Indeedee|atk|1
|move|p1a: Indeedee|Tri Attack|p2a: Incineroar
|-damage|p2a: Incineroar|0 fnt
|faint|p2a: Incineroar
|
|upkeep
|
|t:|1626896083
|switch|p2a: Suicune|Suicune|100/100
|-ability|p2a: Suicune|Pressure
|turn|20
|
|t:|1626896095
|move|p1a: Indeedee|Tri Attack|p2a: Suicune
|-damage|p2a: Suicune|60/100
|-status|p2a: Suicune|brn
|move|p2a: Suicune|Calm Mind|p2a: Suicune
|-boost|p2a: Suicune|spa|1
|-boost|p2a: Suicune|spd|1
|
|-heal|p2a: Suicune|66/100 brn|[from] item: Leftovers
|-damage|p2a: Suicune|60/100 brn|[from] brn
|upkeep
|turn|21
|
|t:|1626896102
|move|p1a: Indeedee|Tri Attack|p2a: Suicune
|-damage|p2a: Suicune|34/100 brn
|move|p2a: Suicune|Rest|p2a: Suicune
|-status|p2a: Suicune|slp|[from] move: Rest
|-heal|p2a: Suicune|100/100 slp|[silent]
|
|-fieldend|move: Psychic Terrain
|upkeep
|turn|22
|j| 4D4OnFloor
|
|t:|1626896113
|move|p1a: Indeedee|Tri Attack|p2a: Suicune
|-damage|p2a: Suicune|74/100 slp
|cant|p2a: Suicune|slp
|move|p2a: Suicune|Sleep Talk|p2a: Suicune
|move|p2a: Suicune|Scald|p1a: Indeedee|[from]move: Sleep Talk
|-damage|p1a: Indeedee|46/100
|
|-heal|p2a: Suicune|80/100 slp|[from] item: Leftovers
|upkeep
|turn|23
|
|t:|1626896122
|move|p1a: Indeedee|Tri Attack|p2a: Suicune
|-damage|p2a: Suicune|53/100 slp
|cant|p2a: Suicune|slp
|move|p2a: Suicune|Sleep Talk|p2a: Suicune
|move|p2a: Suicune|Calm Mind|p2a: Suicune|[from]move: Sleep Talk
|-boost|p2a: Suicune|spa|1
|-boost|p2a: Suicune|spd|1
|
|-heal|p2a: Suicune|59/100 slp|[from] item: Leftovers
|upkeep
|turn|24
|
|t:|1626896130
|move|p1a: Indeedee|Tri Attack|p2a: Suicune
|-crit|p2a: Suicune
|-damage|p2a: Suicune|0 fnt
|faint|p2a: Suicune
|
|upkeep
|
|t:|1626896140
|switch|p2a: Obstagoon|Obstagoon, M|82/100 brn
|turn|25
|
|t:|1626896144
|switch|p1a: Whimsicott|Whimsicott, F|100/100
|move|p2a: Obstagoon|Facade|p1a: Whimsicott
|-damage|p1a: Whimsicott|0 fnt
|faint|p1a: Whimsicott
|
|-damage|p2a: Obstagoon|76/100 brn|[from] brn
|upkeep
|
|t:|1626896146
|switch|p1a: Indeedee|Indeedee, M|46/100
|-fieldstart|move: Psychic Terrain|[from] ability: Psychic Surge|[of] p1a: Indeedee
|turn|26
|
|t:|1626896149
|move|p2a: Obstagoon|Knock Off|p1a: Indeedee
|-supereffective|p1a: Indeedee
|-damage|p1a: Indeedee|0 fnt
|-enditem|p1a: Indeedee|Choice Specs|[from] move: Knock Off|[of] p2a: Obstagoon
|faint|p1a: Indeedee
|
|win|motistrat
|raw|Rult70B evidith's rating: 1446 &rarr; <strong>1423</strong><br />(-23 for losing)
|raw|motistrat's rating: 1397 &rarr; <strong>1420</strong><br />(+23 for winning)
|l|☆motistrat
|l|☆Rult70B evidith
|l| rult70rabbit
