|j|☆pinorska
|j|☆its oyster time
|inactive|Battle timer is ON: inactive players will automatically lose when time's up.
|t:|1664930447
|gametype|singles
|player|p1|pinorska|jasmine-masters|
|player|p2|its oyster time|birdkeeper-gen6|
|teamsize|p1|6
|teamsize|p2|6
|gen|8
|tier|[Gen 8] RU
|rated|Tournament battle
|rule|Sleep Clause Mod: Limit one foe put to sleep
|rule|Species Clause: Limit one of each Pokémon
|rule|OHKO Clause: OHKO moves are banned
|rule|Evasion Items Clause: Evasion items are banned
|rule|Evasion Moves Clause: Evasion moves are banned
|rule|Endless Battle Clause: Forcing endless battles is banned
|rule|HP Percentage Mod: HP is shown in percentages
|rule|Dynamax Clause: You cannot dynamax
|clearpoke
|poke|p1|Entei|
|poke|p1|Bewear, M|
|poke|p1|Steelix, M|
|poke|p1|Golisopod, F|
|poke|p1|Tsareena, F|
|poke|p1|Noivern, F|
|poke|p2|Tentacruel, M|
|poke|p2|Gigalith, F|
|poke|p2|Xatu, M|
|poke|p2|Ferroseed, M|
|poke|p2|Ditto|
|poke|p2|Flygon, F|
|teampreview
|inactive|pinorska also wants the timer to be on.
|inactive|its oyster time also wants the timer to be on.
|
|t:|1664930459
|start
|switch|p1a: Entei|Entei|100/100
|switch|p2a: Tentacruel|Tentacruel, M|100/100
|turn|1
|
|t:|1664930465
|move|p2a: Tentacruel|Knock Off|p1a: Entei
|-damage|p1a: Entei|84/100
|-enditem|p1a: Entei|Choice Band|[from] move: Knock Off|[of] p2a: Tentacruel
|move|p1a: Entei|Sacred Fire|p2a: Tentacruel
|-resisted|p2a: Tentacruel
|-damage|p2a: Tentacruel|69/100
|-status|p2a: Tentacruel|brn
|
|-heal|p2a: Tentacruel|75/100 brn|[from] item: Black Sludge
|-damage|p2a: Tentacruel|69/100 brn|[from] brn
|upkeep
|turn|2
|
|t:|1664930472
|move|p2a: Tentacruel|Scald|p1a: Entei
|-supereffective|p1a: Entei
|-damage|p1a: Entei|30/100
|move|p1a: Entei|Stone Edge|p2a: Tentacruel|[miss]
|-miss|p1a: Entei|p2a: Tentacruel
|
|-heal|p2a: Tentacruel|75/100 brn|[from] item: Black Sludge
|-damage|p2a: Tentacruel|69/100 brn|[from] brn
|upkeep
|turn|3
|
|t:|1664930481
|switch|p1a: Noivern|Noivern, F|100/100
|move|p2a: Tentacruel|Scald|p1a: Noivern
|-resisted|p1a: Noivern
|-damage|p1a: Noivern|85/100
|
|-heal|p2a: Tentacruel|75/100 brn|[from] item: Black Sludge
|-damage|p2a: Tentacruel|69/100 brn|[from] brn
|upkeep
|turn|4
|
|t:|1664930486
|move|p1a: Noivern|Switcheroo|p2a: Tentacruel
|-activate|p1a: Noivern|move: Trick|[of] p2a: Tentacruel
|-item|p2a: Tentacruel|Choice Scarf|[from] move: Switcheroo
|-item|p1a: Noivern|Black Sludge|[from] move: Switcheroo
|move|p2a: Tentacruel|Sludge Bomb|p1a: Noivern
|-damage|p1a: Noivern|49/100
|-status|p1a: Noivern|psn
|
|-damage|p1a: Noivern|37/100 psn|[from] item: Black Sludge
|-damage|p1a: Noivern|25/100 psn|[from] psn
|-damage|p2a: Tentacruel|63/100 brn|[from] brn
|upkeep
|turn|5
|
|t:|1664930494
|switch|p2a: Xatu|Xatu, M|100/100
|move|p1a: Noivern|Draco Meteor|p2a: Xatu
|-damage|p2a: Xatu|18/100
|-unboost|p1a: Noivern|spa|2
|
|-damage|p1a: Noivern|13/100 psn|[from] item: Black Sludge
|-damage|p1a: Noivern|0 fnt|[from] psn
|faint|p1a: Noivern
|upkeep
|j| Ahkai
|
|t:|1664930503
|switch|p1a: Tsareena|Tsareena, F|100/100
|turn|6
|
|t:|1664930518
|move|p1a: Tsareena|Knock Off|p2a: Xatu
|-supereffective|p2a: Xatu
|-damage|p2a: Xatu|0 fnt
|-damage|p1a: Tsareena|84/100|[from] item: Rocky Helmet|[of] p2a: Xatu
|-enditem|p2a: Xatu|Rocky Helmet|[from] move: Knock Off|[of] p1a: Tsareena
|faint|p2a: Xatu
|
|upkeep
|
|t:|1664930520
|switch|p2a: Flygon|Flygon, F|100/100
|turn|7
|
|t:|1664930524
|move|p2a: Flygon|U-turn|p1a: Tsareena
|-supereffective|p1a: Tsareena
|-damage|p1a: Tsareena|10/100
|
|t:|1664930527
|switch|p2a: Ferroseed|Ferroseed, M|100/100|[from]move: U-turn
|move|p1a: Tsareena|Knock Off|p2a: Ferroseed
|-damage|p2a: Ferroseed|82/100
|-damage|p1a: Tsareena|0 fnt|[from] ability: Iron Barbs|[of] p2a: Ferroseed
|faint|p1a: Tsareena
|
|upkeep
|
|t:|1664930530
|switch|p1a: Entei|Entei|30/100
|turn|8
|
|t:|1664930534
|switch|p2a: Tentacruel|Tentacruel, M|63/100 brn
|move|p1a: Entei|Sacred Fire|p2a: Tentacruel
|-resisted|p2a: Tentacruel
|-damage|p2a: Tentacruel|30/100 brn
|
|-damage|p2a: Tentacruel|24/100 brn|[from] brn
|upkeep
|turn|9
|
|t:|1664930539
|move|p1a: Entei|Extreme Speed|p2a: Tentacruel
|-damage|p2a: Tentacruel|0 fnt
|faint|p2a: Tentacruel
|
|upkeep
|
|t:|1664930544
|switch|p2a: Ditto|Ditto|100/100
|-transform|p2a: Ditto|p1a: Entei|[from] ability: Imposter
|turn|10
|
|t:|1664930550
|move|p1a: Entei|Extreme Speed|p2a: Ditto
|-damage|p2a: Ditto|68/100
|move|p2a: Ditto|Sacred Fire|p1a: Entei
|-resisted|p1a: Entei
|-damage|p1a: Entei|4/100
|
|upkeep
|turn|11
|
|t:|1664930557
|move|p1a: Entei|Extreme Speed|p2a: Ditto
|-damage|p2a: Ditto|35/100
|move|p2a: Ditto|Sacred Fire|p1a: Entei
|-resisted|p1a: Entei
|-damage|p1a: Entei|0 fnt
|faint|p1a: Entei
|
|upkeep
|
|t:|1664930560
|switch|p1a: Golisopod|Golisopod, F|100/100
|turn|12
|
|t:|1664930585
|move|p2a: Ditto|Sacred Fire|p1a: Golisopod
|-damage|p1a: Golisopod|60/100
|-status|p1a: Golisopod|brn
|move|p1a: Golisopod|Knock Off|p2a: Ditto
|-damage|p2a: Ditto|12/100
|-enditem|p2a: Ditto|Choice Scarf|[from] move: Knock Off|[of] p1a: Golisopod
|
|-damage|p1a: Golisopod|54/100 brn|[from] brn
|upkeep
|turn|13
|
|t:|1664930592
|move|p1a: Golisopod|Aqua Jet|p2a: Ditto
|-supereffective|p2a: Ditto
|-damage|p2a: Ditto|0 fnt
|faint|p2a: Ditto
|
|-damage|p1a: Golisopod|48/100 brn|[from] brn
|upkeep
|-activate|p1a: Golisopod|ability: Emergency Exit
|c|☆pinorska|better player just jetted
|
|t:|1664930602
|switch|p1a: Bewear|Bewear, M|100/100
|
|t:|1664930607
|switch|p2a: Flygon|Flygon, F|100/100
|turn|14
|
|t:|1664930610
|switch|p1a: Steelix|Steelix, M|100/100
|move|p2a: Flygon|Earthquake|p1a: Steelix
|-supereffective|p1a: Steelix
|-damage|p1a: Steelix|33/100
|
|-heal|p1a: Steelix|39/100|[from] item: Leftovers
|upkeep
|turn|15
|
|t:|1664930614
|switch|p1a: Golisopod|Golisopod, F|48/100 brn
|move|p2a: Flygon|Earthquake|p1a: Golisopod
|-resisted|p1a: Golisopod
|-damage|p1a: Golisopod|22/100 brn
|
|-damage|p1a: Golisopod|16/100 brn|[from] brn
|upkeep
|turn|16
|
|t:|1664930618
|switch|p2a: Ferroseed|Ferroseed, M|82/100
|move|p1a: Golisopod|Aqua Jet|p2a: Ferroseed
|-resisted|p2a: Ferroseed
|-damage|p2a: Ferroseed|78/100
|-damage|p1a: Golisopod|4/100 brn|[from] ability: Iron Barbs|[of] p2a: Ferroseed
|
|-damage|p1a: Golisopod|0 fnt|[from] brn
|faint|p1a: Golisopod
|upkeep
|
|t:|1664930623
|switch|p1a: Bewear|Bewear, M|100/100
|turn|17
|c|☆its oyster time|better player is losing to tenta rn
|
|t:|1664930638
|move|p1a: Bewear|Swords Dance|p1a: Bewear
|-boost|p1a: Bewear|atk|2
|move|p2a: Ferroseed|Leech Seed|p1a: Bewear
|-start|p1a: Bewear|move: Leech Seed
|
|-damage|p1a: Bewear|88/100|[from] Leech Seed|[of] p2a: Ferroseed
|-heal|p2a: Ferroseed|94/100|[silent]
|upkeep
|turn|18
|
|t:|1664930642
|move|p2a: Ferroseed|Protect|p2a: Ferroseed
|-singleturn|p2a: Ferroseed|Protect
|move|p1a: Bewear|Drain Punch|p2a: Ferroseed
|-activate|p2a: Ferroseed|move: Protect
|
|-damage|p1a: Bewear|76/100|[from] Leech Seed|[of] p2a: Ferroseed
|-heal|p2a: Ferroseed|100/100|[silent]
|upkeep
|turn|19
|
|t:|1664930649
|switch|p2a: Gigalith|Gigalith, F|100/100
|-weather|Sandstorm|[from] ability: Sand Stream|[of] p2a: Gigalith
|move|p1a: Bewear|Drain Punch|p2a: Gigalith
|-supereffective|p2a: Gigalith
|-damage|p2a: Gigalith|0 fnt
|-heal|p1a: Bewear|100/100|[from] drain|[of] p2a: Gigalith
|faint|p2a: Gigalith
|
|-weather|Sandstorm|[upkeep]
|-damage|p1a: Bewear|94/100|[from] Sandstorm
|upkeep
|
|t:|1664930652
|switch|p2a: Flygon|Flygon, F|100/100
|turn|20
|
|t:|1664930656
|move|p2a: Flygon|Earthquake|p1a: Bewear
|-damage|p1a: Bewear|28/100
|move|p1a: Bewear|Drain Punch|p2a: Flygon
|-damage|p2a: Flygon|0 fnt
|-heal|p1a: Bewear|67/100|[from] drain|[of] p2a: Flygon
|faint|p2a: Flygon
|
|-weather|Sandstorm|[upkeep]
|-damage|p1a: Bewear|61/100|[from] Sandstorm
|upkeep
|
|t:|1664930659
|switch|p2a: Ferroseed|Ferroseed, M|100/100
|turn|21
|c|☆pinorska|losing?
|c|☆its oyster time|oh i lost
|
|t:|1664930664
|move|p2a: Ferroseed|Protect|p2a: Ferroseed
|-singleturn|p2a: Ferroseed|Protect
|move|p1a: Bewear|Drain Punch|p2a: Ferroseed
|-activate|p2a: Ferroseed|move: Protect
|
|-weather|Sandstorm|[upkeep]
|-damage|p1a: Bewear|55/100|[from] Sandstorm
|-damage|p1a: Bewear|43/100|[from] Leech Seed|[of] p2a: Ferroseed
|upkeep
|turn|22
|c|☆its oyster time|gg
|
|t:|1664930668
|move|p2a: Ferroseed|Protect|p2a: Ferroseed
|-singleturn|p2a: Ferroseed|Protect
|move|p1a: Bewear|Drain Punch|p2a: Ferroseed
|-activate|p2a: Ferroseed|move: Protect
|
|-weather|Sandstorm|[upkeep]
|-damage|p1a: Bewear|37/100|[from] Sandstorm
|-damage|p1a: Bewear|24/100|[from] Leech Seed|[of] p2a: Ferroseed
|upkeep
|turn|23
|
|t:|1664930670
|move|p2a: Ferroseed|Protect|p2a: Ferroseed
|-singleturn|p2a: Ferroseed|Protect
|move|p1a: Bewear|Drain Punch|p2a: Ferroseed
|-activate|p2a: Ferroseed|move: Protect
|
|-weather|none
|-damage|p1a: Bewear|12/100|[from] Leech Seed|[of] p2a: Ferroseed
|upkeep
|turn|24
|
|t:|1664930673
|move|p2a: Ferroseed|Protect||[still]
|-fail|p2a: Ferroseed
|move|p1a: Bewear|Drain Punch|p2a: Ferroseed
|-supereffective|p2a: Ferroseed
|-damage|p2a: Ferroseed|16/100
|-heal|p1a: Bewear|45/100|[from] drain|[of] p2a: Ferroseed
|-damage|p1a: Bewear|32/100|[from] ability: Iron Barbs|[of] p2a: Ferroseed
|
|-damage|p1a: Bewear|20/100|[from] Leech Seed|[of] p2a: Ferroseed
|-heal|p2a: Ferroseed|32/100|[silent]
|upkeep
|turn|25
|
|t:|1664930676
|move|p2a: Ferroseed|Protect|p2a: Ferroseed
|-singleturn|p2a: Ferroseed|Protect
|move|p1a: Bewear|Drain Punch|p2a: Ferroseed
|-activate|p2a: Ferroseed|move: Protect
|
|-damage|p1a: Bewear|8/100|[from] Leech Seed|[of] p2a: Ferroseed
|-heal|p2a: Ferroseed|48/100|[silent]
|upkeep
|turn|26
|c| Ahkai|The triple tect
|
|t:|1664930680
|move|p2a: Ferroseed|Protect||[still]
|-fail|p2a: Ferroseed
|move|p1a: Bewear|Drain Punch|p2a: Ferroseed
|-supereffective|p2a: Ferroseed
|-damage|p2a: Ferroseed|0 fnt
|-heal|p1a: Bewear|26/100|[from] drain|[of] p2a: Ferroseed
|-damage|p1a: Bewear|13/100|[from] ability: Iron Barbs|[of] p2a: Ferroseed
|faint|p2a: Ferroseed
|
|win|pinorska
|n|☆pinorska|pinorska
|n|☆its oyster time|itsoystertime
|n| Ahkai|ahkai
