|raw|<div class="broadcast-blue"><strong>This battle is required to be public due to a player having a name starting with 'rult50'.</div>
|j|☆RULT50W crossbow
|j|‽toxrus1
|t:|1626145337
|gametype|singles
|player|p1|RULT50W crossbow|psychic-gen4|1492
|player|p2|toxrus1|beauty-gen4dp|1438
|teamsize|p1|6
|teamsize|p2|6
|gen|8
|tier|[Gen 8] RU
|rated|
|rule|Sleep Clause Mod: Limit one foe put to sleep
|rule|Species Clause: Limit one of each Pokémon
|rule|OHKO Clause: OHKO moves are banned
|rule|Evasion Moves Clause: Evasion moves are banned
|rule|Endless Battle Clause: Forcing endless battles is banned
|rule|HP Percentage Mod: HP is shown in percentages
|rule|Dynamax Clause: You cannot dynamax
|clearpoke
|poke|p1|Marowak-Alola, M|
|poke|p1|Togekiss, F|
|poke|p1|Milotic, F|
|poke|p1|Umbreon, M|
|poke|p1|Metagross|
|poke|p1|Mienshao, M|
|poke|p2|Reuniclus, F|
|poke|p2|Umbreon, F|
|poke|p2|Indeedee, M|
|poke|p2|Steelix, F|
|poke|p2|Heracross, M|
|poke|p2|Milotic, F|
|teampreview
|inactive|Battle timer is ON: inactive players will automatically lose when time's up. (requested by RULT50W crossbow)
|inactive|toxrus1 also wants the timer to be on.
|
|t:|1626145346
|start
|switch|p1a: Mienshao|Mienshao, M|100/100
|switch|p2a: Indeedee|Indeedee, M|100/100
|-fieldstart|move: Psychic Terrain|[from] ability: Psychic Surge|[of] p2a: Indeedee
|turn|1
|j| RULT50A hjkhj
|
|t:|1626145371
|switch|p2a: Steelix|Steelix, F|100/100
|move|p1a: Mienshao|U-turn|p2a: Steelix
|-resisted|p2a: Steelix
|-damage|p2a: Steelix|92/100
|-damage|p1a: Mienshao|91/100|[from] item: Life Orb
|l| RULT50A hjkhj
|
|t:|1626145375
|switch|p1a: Marowak|Marowak-Alola, M, shiny|100/100|[from]move: U-turn
|
|-heal|p2a: Steelix|99/100|[from] item: Leftovers
|upkeep
|turn|2
|
|t:|1626145387
|move|p1a: Marowak|Knock Off|p2a: Steelix
|-damage|p2a: Steelix|88/100
|-enditem|p2a: Steelix|Leftovers|[from] move: Knock Off|[of] p1a: Marowak
|move|p2a: Steelix|Earthquake|p1a: Marowak
|-supereffective|p1a: Marowak
|-damage|p1a: Marowak|39/100
|
|upkeep
|turn|3
|
|t:|1626145395
|switch|p1a: Mienshao|Mienshao, M|100/100
|move|p2a: Steelix|Stealth Rock|p1a: Mienshao
|-sidestart|p1: RULT50W crossbow|move: Stealth Rock
|
|upkeep
|turn|4
|
|t:|1626145420
|switch|p2a: Reuniclus|Reuniclus, F|100/100
|move|p1a: Mienshao|Close Combat|p2a: Reuniclus
|-resisted|p2a: Reuniclus
|-damage|p2a: Reuniclus|70/100
|-unboost|p1a: Mienshao|def|1
|-unboost|p1a: Mienshao|spd|1
|-damage|p1a: Mienshao|91/100|[from] item: Life Orb
|
|upkeep
|turn|5
|
|t:|1626145424
|move|p1a: Mienshao|Knock Off|p2a: Reuniclus
|-supereffective|p2a: Reuniclus
|-damage|p2a: Reuniclus|28/100
|-damage|p1a: Mienshao|81/100|[from] item: Life Orb
|move|p2a: Reuniclus|Recover|p2a: Reuniclus
|-heal|p2a: Reuniclus|78/100
|
|-fieldend|move: Psychic Terrain
|upkeep
|turn|6
|
|t:|1626145430
|move|p1a: Mienshao|U-turn|p2a: Reuniclus
|-supereffective|p2a: Reuniclus
|-damage|p2a: Reuniclus|30/100
|-damage|p1a: Mienshao|71/100|[from] item: Life Orb
|
|t:|1626145439
|switch|p1a: Metagross|Metagross|100/100|[from]move: U-turn
|-damage|p1a: Metagross|95/100|[from] Stealth Rock
|move|p2a: Reuniclus|Recover|p2a: Reuniclus
|-heal|p2a: Reuniclus|80/100
|
|upkeep
|turn|7
|j| Rult50m dani
|
|t:|1626145449
|switch|p2a: Milotic|Milotic, F|100/100
|move|p1a: Metagross|Earthquake|p2a: Milotic
|-damage|p2a: Milotic|55/100
|
|-heal|p2a: Milotic|61/100|[from] item: Leftovers
|upkeep
|turn|8
|
|t:|1626145454
|switch|p1a: Togekiss|Togekiss, F|100/100
|move|p2a: Milotic|Flip Turn|p1a: Togekiss
|-damage|p1a: Togekiss|92/100
|
|t:|1626145460
|switch|p2a: Steelix|Steelix, F|88/100|[from]move: Flip Turn
|
|upkeep
|turn|9
|
|t:|1626145481
|switch|p1a: Milotic|Milotic, F|100/100
|-damage|p1a: Milotic|88/100|[from] Stealth Rock
|switch|p2a: Indeedee|Indeedee, M|100/100
|-fieldstart|move: Psychic Terrain|[from] ability: Psychic Surge|[of] p2a: Indeedee
|
|-heal|p1a: Milotic|94/100|[from] item: Leftovers
|upkeep
|turn|10
|
|t:|1626145484
|switch|p1a: Umbreon|Umbreon, M, shiny|100/100
|-damage|p1a: Umbreon|88/100|[from] Stealth Rock
|move|p2a: Indeedee|Expanding Force|p1a: Umbreon
|-immune|p1a: Umbreon
|
|-heal|p1a: Umbreon|94/100|[from] item: Leftovers
|upkeep
|turn|11
|
|t:|1626145490
|move|p2a: Indeedee|Trick|p1a: Umbreon
|-activate|p2a: Indeedee|move: Trick|[of] p1a: Umbreon
|-item|p1a: Umbreon|Ring Target|[from] move: Trick
|-item|p2a: Indeedee|Leftovers|[from] move: Trick
|move|p1a: Umbreon|Wish|p1a: Umbreon
|
|upkeep
|turn|12
|
|t:|1626145502
|switch|p1a: Marowak|Marowak-Alola, M, shiny|39/100
|move|p2a: Indeedee|Expanding Force|p1a: Marowak
|-damage|p1a: Marowak|0 fnt
|faint|p1a: Marowak
|
|upkeep
|
|t:|1626145504
|switch|p1a: Mienshao|Mienshao, M|100/100
|-damage|p1a: Mienshao|95/100|[from] Stealth Rock
|turn|13
|inactive|toxrus1 has 120 seconds left.
|
|t:|1626145539
|move|p1a: Mienshao|Close Combat|p2a: Indeedee
|-damage|p2a: Indeedee|0 fnt
|-unboost|p1a: Mienshao|def|1
|-unboost|p1a: Mienshao|spd|1
|faint|p2a: Indeedee
|-damage|p1a: Mienshao|85/100|[from] item: Life Orb
|
|-fieldend|move: Psychic Terrain
|upkeep
|inactive|toxrus1 has 120 seconds left.
|
|t:|1626145550
|switch|p2a: Heracross|Heracross, M|100/100
|turn|14
|
|t:|1626145553
|switch|p1a: Togekiss|Togekiss, F|92/100
|move|p2a: Heracross|Swords Dance|p2a: Heracross
|-boost|p2a: Heracross|atk|2
|
|-status|p2a: Heracross|brn|[from] item: Flame Orb
|upkeep
|turn|15
|inactive|RULT50W crossbow has 120 seconds left.
|
|t:|1626145589
|switch|p1a: Metagross|Metagross|95/100
|-damage|p1a: Metagross|89/100|[from] Stealth Rock
|move|p2a: Heracross|Facade|p1a: Metagross
|-resisted|p1a: Metagross
|-damage|p1a: Metagross|26/100
|
|-damage|p2a: Heracross|95/100 brn|[from] brn
|upkeep
|turn|16
|
|t:|1626145602
|move|p1a: Metagross|Bullet Punch|p2a: Heracross
|-damage|p2a: Heracross|47/100 brn
|move|p2a: Heracross|Facade|p1a: Metagross
|-resisted|p1a: Metagross
|-damage|p1a: Metagross|0 fnt
|faint|p1a: Metagross
|
|-damage|p2a: Heracross|41/100 brn|[from] brn
|upkeep
|
|t:|1626145611
|switch|p1a: Mienshao|Mienshao, M|100/100
|-damage|p1a: Mienshao|95/100|[from] Stealth Rock
|turn|17
|
|t:|1626145614
|move|p1a: Mienshao|Close Combat|p2a: Heracross
|-resisted|p2a: Heracross
|-damage|p2a: Heracross|0 fnt
|-unboost|p1a: Mienshao|def|1
|-unboost|p1a: Mienshao|spd|1
|faint|p2a: Heracross
|-damage|p1a: Mienshao|85/100|[from] item: Life Orb
|
|upkeep
|
|t:|1626145630
|switch|p2a: Reuniclus|Reuniclus, F|80/100
|turn|18
|
|t:|1626145656
|switch|p2a: Steelix|Steelix, F|88/100
|move|p1a: Mienshao|U-turn|p2a: Steelix
|-resisted|p2a: Steelix
|-damage|p2a: Steelix|79/100
|-damage|p1a: Mienshao|75/100|[from] item: Life Orb
|
|t:|1626145660
|switch|p1a: Milotic|Milotic, F|94/100|[from]move: U-turn
|-damage|p1a: Milotic|82/100|[from] Stealth Rock
|
|-heal|p1a: Milotic|88/100|[from] item: Leftovers
|upkeep
|turn|19
|
|t:|1626145665
|move|p1a: Milotic|Scald|p2a: Steelix
|-supereffective|p2a: Steelix
|-damage|p2a: Steelix|28/100
|move|p2a: Steelix|Toxic|p1a: Milotic
|-status|p1a: Milotic|tox
|
|-heal|p1a: Milotic|94/100 tox|[from] item: Leftovers
|-damage|p1a: Milotic|88/100 tox|[from] psn
|upkeep
|turn|20
|
|t:|1626145672
|move|p1a: Milotic|Scald|p2a: Steelix
|-supereffective|p2a: Steelix
|-damage|p2a: Steelix|0 fnt
|faint|p2a: Steelix
|
|-heal|p1a: Milotic|94/100 tox|[from] item: Leftovers
|-damage|p1a: Milotic|82/100 tox|[from] psn
|upkeep
|
|t:|1626145674
|switch|p2a: Reuniclus|Reuniclus, F|80/100
|turn|21
|
|t:|1626145677
|switch|p1a: Umbreon|Umbreon, M, shiny|94/100
|-damage|p1a: Umbreon|82/100|[from] Stealth Rock
|move|p2a: Reuniclus|Acid Armor|p2a: Reuniclus
|-boost|p2a: Reuniclus|def|2
|
|upkeep
|turn|22
|l| Rult50m dani
|
|t:|1626145680
|move|p1a: Umbreon|Heal Bell|p1a: Umbreon
|-activate|p1a: Umbreon|move: Heal Bell
|-curestatus|p1: Milotic|tox|[msg]
|move|p2a: Reuniclus|Calm Mind|p2a: Reuniclus
|-boost|p2a: Reuniclus|spa|1
|-boost|p2a: Reuniclus|spd|1
|
|upkeep
|turn|23
|
|t:|1626145684
|switch|p1a: Milotic|Milotic, F|82/100
|-damage|p1a: Milotic|69/100|[from] Stealth Rock
|move|p2a: Reuniclus|Calm Mind|p2a: Reuniclus
|-boost|p2a: Reuniclus|spa|1
|-boost|p2a: Reuniclus|spd|1
|
|-heal|p1a: Milotic|75/100|[from] item: Leftovers
|upkeep
|turn|24
|
|t:|1626145687
|move|p1a: Milotic|Haze|p1a: Milotic
|-clearallboost
|move|p2a: Reuniclus|Stored Power|p1a: Milotic
|-damage|p1a: Milotic|69/100
|
|-heal|p1a: Milotic|75/100|[from] item: Leftovers
|upkeep
|turn|25
|inactive|toxrus1 has 120 seconds left.
|inactive|toxrus1 has 90 seconds left.
|
|t:|1626145762
|switch|p1a: Togekiss|Togekiss, F|92/100
|move|p2a: Reuniclus|Calm Mind|p2a: Reuniclus
|-boost|p2a: Reuniclus|spa|1
|-boost|p2a: Reuniclus|spd|1
|
|upkeep
|turn|26
|
|t:|1626145769
|move|p1a: Togekiss|Defog|p2a: Reuniclus
|-unboost|p2a: Reuniclus|evasion|1
|-sideend|p1: RULT50W crossbow|Stealth Rock|[from] move: Defog|[of] p1a: Togekiss
|move|p2a: Reuniclus|Recover|p2a: Reuniclus
|-heal|p2a: Reuniclus|100/100
|
|upkeep
|turn|27
|
|t:|1626145772
|switch|p1a: Milotic|Milotic, F|75/100
|move|p2a: Reuniclus|Stored Power|p1a: Milotic
|-damage|p1a: Milotic|49/100
|
|-heal|p1a: Milotic|55/100|[from] item: Leftovers
|upkeep
|turn|28
|
|t:|1626145781
|move|p1a: Milotic|Recover|p1a: Milotic
|-heal|p1a: Milotic|100/100
|move|p2a: Reuniclus|Calm Mind|p2a: Reuniclus
|-boost|p2a: Reuniclus|spa|1
|-boost|p2a: Reuniclus|spd|1
|
|upkeep
|turn|29
|
|t:|1626145790
|move|p1a: Milotic|Haze|p1a: Milotic
|-clearallboost
|move|p2a: Reuniclus|Acid Armor|p2a: Reuniclus
|-boost|p2a: Reuniclus|def|2
|
|upkeep
|turn|30
|inactive|toxrus1 has 90 seconds left.
|
|t:|1626145835
|move|p1a: Milotic|Scald|p2a: Reuniclus
|-damage|p2a: Reuniclus|75/100
|-status|p2a: Reuniclus|brn
|move|p2a: Reuniclus|Calm Mind|p2a: Reuniclus
|-boost|p2a: Reuniclus|spa|1
|-boost|p2a: Reuniclus|spd|1
|
|upkeep
|turn|31
|
|t:|1626145842
|move|p1a: Milotic|Haze|p1a: Milotic
|-clearallboost
|move|p2a: Reuniclus|Calm Mind|p2a: Reuniclus
|-boost|p2a: Reuniclus|spa|1
|-boost|p2a: Reuniclus|spd|1
|
|upkeep
|turn|32
|
|t:|1626145851
|move|p1a: Milotic|Haze|p1a: Milotic
|-clearallboost
|move|p2a: Reuniclus|Acid Armor|p2a: Reuniclus
|-boost|p2a: Reuniclus|def|2
|
|upkeep
|turn|33
|inactive|RULT50W crossbow has 120 seconds left.
|
|t:|1626145895
|move|p1a: Milotic|Scald|p2a: Reuniclus
|-damage|p2a: Reuniclus|48/100 brn
|move|p2a: Reuniclus|Calm Mind|p2a: Reuniclus
|-boost|p2a: Reuniclus|spa|1
|-boost|p2a: Reuniclus|spd|1
|
|upkeep
|turn|34
|
|t:|1626145909
|move|p1a: Milotic|Haze|p1a: Milotic
|-clearallboost
|move|p2a: Reuniclus|Calm Mind|p2a: Reuniclus
|-boost|p2a: Reuniclus|spa|1
|-boost|p2a: Reuniclus|spd|1
|
|upkeep
|turn|35
|inactive|RULT50W crossbow has 120 seconds left.
|
|t:|1626145917
|switch|p1a: Mienshao|Mienshao, M|100/100
|move|p2a: Reuniclus|Recover|p2a: Reuniclus
|-heal|p2a: Reuniclus|98/100 brn
|
|upkeep
|turn|36
|inactive|toxrus1 has 120 seconds left.
|
|t:|1626145943
|move|p1a: Mienshao|U-turn|p2a: Reuniclus
|-supereffective|p2a: Reuniclus
|-damage|p2a: Reuniclus|55/100 brn
|-damage|p1a: Mienshao|91/100|[from] item: Life Orb
|
|t:|1626145948
|switch|p1a: Milotic|Milotic, F|100/100|[from]move: U-turn
|move|p2a: Reuniclus|Acid Armor|p2a: Reuniclus
|-boost|p2a: Reuniclus|def|2
|
|upkeep
|turn|37
|
|t:|1626145954
|move|p1a: Milotic|Haze|p1a: Milotic
|-clearallboost
|move|p2a: Reuniclus|Recover|p2a: Reuniclus
|-heal|p2a: Reuniclus|100/100 brn
|
|upkeep
|turn|38
|inactive|toxrus1 has 120 seconds left.
|
|t:|1626145972
|switch|p2a: Milotic|Milotic, F|61/100
|move|p1a: Milotic|Scald|p2a: Milotic
|-resisted|p2a: Milotic
|-damage|p2a: Milotic|52/100
|
|-heal|p2a: Milotic|58/100|[from] item: Leftovers
|upkeep
|turn|39
|inactive|toxrus1 has 120 seconds left.
|
|t:|1626146000
|move|p2a: Milotic|Toxic|p1a: Milotic
|-status|p1a: Milotic|tox
|move|p1a: Milotic|Toxic|p2a: Milotic
|-status|p2a: Milotic|tox
|
|-heal|p2a: Milotic|64/100 tox|[from] item: Leftovers
|-damage|p2a: Milotic|58/100 tox|[from] psn
|-damage|p1a: Milotic|94/100 tox|[from] psn
|upkeep
|turn|40
|
|t:|1626146003
|switch|p1a: Umbreon|Umbreon, M, shiny|82/100
|move|p2a: Milotic|Recover|p2a: Milotic
|-heal|p2a: Milotic|100/100 tox
|
|-damage|p2a: Milotic|88/100 tox|[from] psn
|upkeep
|turn|41
|
|t:|1626146024
|move|p2a: Milotic|Flip Turn|p1a: Umbreon
|-damage|p1a: Umbreon|71/100
|inactive|toxrus1 has 120 seconds left.
|
|t:|1626146048
|switch|p2a: Umbreon|Umbreon, F|100/100|[from]move: Flip Turn
|move|p1a: Umbreon|Wish|p1a: Umbreon
|
|upkeep
|turn|42
|
|t:|1626146069
|switch|p1a: Mienshao|Mienshao, M|100/100
|switch|p2a: Reuniclus|Reuniclus, F|100/100 brn
|
|upkeep
|turn|43
|
|t:|1626146076
|move|p1a: Mienshao|U-turn|p2a: Reuniclus
|-supereffective|p2a: Reuniclus
|-damage|p2a: Reuniclus|52/100 brn
|-damage|p1a: Mienshao|91/100|[from] item: Life Orb
|
|t:|1626146078
|switch|p1a: Umbreon|Umbreon, M, shiny|71/100|[from]move: U-turn
|move|p2a: Reuniclus|Recover|p2a: Reuniclus
|-heal|p2a: Reuniclus|100/100 brn
|
|upkeep
|turn|44
|
|t:|1626146083
|move|p1a: Umbreon|Heal Bell|p1a: Umbreon
|-activate|p1a: Umbreon|move: Heal Bell
|-curestatus|p1: Milotic|tox|[msg]
|move|p2a: Reuniclus|Calm Mind|p2a: Reuniclus
|-boost|p2a: Reuniclus|spa|1
|-boost|p2a: Reuniclus|spd|1
|
|upkeep
|turn|45
|
|t:|1626146090
|switch|p2a: Milotic|Milotic, F|88/100 tox
|move|p1a: Umbreon|Wish|p1a: Umbreon
|
|-heal|p2a: Milotic|94/100 tox|[from] item: Leftovers
|-damage|p2a: Milotic|88/100 tox|[from] psn
|upkeep
|turn|46
|
|t:|1626146112
|switch|p1a: Mienshao|Mienshao, M|100/100
|move|p2a: Milotic|Flip Turn|p1a: Mienshao
|-damage|p1a: Mienshao|78/100
|
|t:|1626146122
|switch|p2a: Reuniclus|Reuniclus, F|100/100 brn|[from]move: Flip Turn
|
|-heal|p1a: Mienshao|100/100|[from] move: Wish|[wisher] Umbreon
|upkeep
|turn|47
|-message|toxrus1 forfeited.
|
|win|RULT50W crossbow
|raw|RULT50W crossbow's rating: 1492 &rarr; <strong>1509</strong><br />(+17 for winning)
|raw|toxrus1's rating: 1438 &rarr; <strong>1421</strong><br />(-17 for losing)
