|j|☆Glidinganteater
|j|☆Diancium-Z
|t:|1618528879
|gametype|singles
|player|p1|Glidinganteater|palmer|1349
|player|p2|Diancium-Z|lady|1432
|teamsize|p1|6
|teamsize|p2|6
|gen|8
|tier|[Gen 8] RU
|rated|
|clearpoke
|poke|p1|Roserade, F|
|poke|p1|Rhyperior, M|
|poke|p1|Noivern, M|
|poke|p1|Cobalion|
|poke|p1|Starmie|
|poke|p1|Xurkitree|
|poke|p2|Durant, M|
|poke|p2|Gastrodon-East, F|
|poke|p2|Diancie|
|poke|p2|Roserade, M|
|poke|p2|Incineroar, F|
|poke|p2|Noivern, M|
|rule|Sleep Clause Mod: Limit one foe put to sleep
|rule|Species Clause: Limit one of each Pokémon
|rule|OHKO Clause: OHKO moves are banned
|rule|Evasion Moves Clause: Evasion moves are banned
|rule|Endless Battle Clause: Forcing endless battles is banned
|rule|HP Percentage Mod: HP is shown in percentages
|rule|Dynamax Clause: You cannot dynamax
|teampreview
|
|t:|1618528896
|start
|switch|p1a: Xurkitree|Xurkitree|100/100
|switch|p2a: Vaporwave|Gastrodon-East, F|100/100
|turn|1
|
|t:|1618528902
|switch|p2a: Sunshine Pop|Roserade, M|100/100
|move|p1a: Xurkitree|Volt Switch|p2a: Sunshine Pop
|-resisted|p2a: Sunshine Pop
|-damage|p2a: Sunshine Pop|71/100
|
|t:|1618528912
|switch|p1a: Cobalion|Cobalion|100/100|[from]move: Volt Switch
|
|-heal|p2a: Sunshine Pop|77/100|[from] item: Black Sludge
|upkeep
|turn|2
|
|t:|1618528916
|switch|p2a: Vaporwave|Gastrodon-East, F|100/100
|move|p1a: Cobalion|Volt Switch|p2a: Vaporwave
|-immune|p2a: Vaporwave
|
|upkeep
|turn|3
|
|t:|1618528923
|switch|p1a: Roserade|Roserade, F, shiny|100/100
|move|p2a: Vaporwave|Ice Beam|p1a: Roserade
|-supereffective|p1a: Roserade
|-damage|p1a: Roserade|50/100
|
|-heal|p1a: Roserade|56/100|[from] item: Black Sludge
|upkeep
|turn|4
|
|t:|1618528929
|switch|p2a: Heavy Metal|Durant, M|100/100
|move|p1a: Roserade|Sleep Powder|p2a: Heavy Metal
|-status|p2a: Heavy Metal|slp|[from] move: Sleep Powder
|
|-heal|p1a: Roserade|62/100|[from] item: Black Sludge
|upkeep
|turn|5
|
|t:|1618528936
|cant|p2a: Heavy Metal|slp
|move|p1a: Roserade|Spikes|p2a: Heavy Metal
|-sidestart|p2: Diancium-Z|Spikes
|
|-heal|p1a: Roserade|68/100|[from] item: Black Sludge
|upkeep
|turn|6
|
|t:|1618528940
|switch|p1a: Cobalion|Cobalion|100/100
|-curestatus|p2a: Heavy Metal|slp|[msg]
|move|p2a: Heavy Metal|Iron Head|p1a: Cobalion
|-resisted|p1a: Cobalion
|-damage|p1a: Cobalion|68/100
|-damage|p2a: Heavy Metal|84/100|[from] item: Rocky Helmet|[of] p1a: Cobalion
|-damage|p2a: Heavy Metal|74/100|[from] item: Life Orb
|
|upkeep
|turn|7
|
|t:|1618528951
|switch|p2a: Dubstep|Noivern, M|100/100
|move|p1a: Cobalion|Close Combat|p2a: Dubstep
|-resisted|p2a: Dubstep
|-damage|p2a: Dubstep|68/100
|-unboost|p1a: Cobalion|def|1
|-unboost|p1a: Cobalion|spd|1
|
|upkeep
|turn|8
|
|t:|1618528956
|switch|p1a: Rhyperior|Rhyperior, M|100/100
|move|p2a: Dubstep|Defog|p1a: Rhyperior
|-unboost|p1a: Rhyperior|evasion|1
|-sideend|p2: Diancium-Z|Spikes|[from] move: Defog|[of] p2a: Dubstep
|
|upkeep
|turn|9
|
|t:|1618528965
|switch|p2a: Vaporwave|Gastrodon-East, F|100/100
|move|p1a: Rhyperior|Stealth Rock|p2a: Vaporwave
|-sidestart|p2: Diancium-Z|move: Stealth Rock
|
|upkeep
|turn|10
|
|t:|1618528974
|switch|p1a: Starmie|Starmie|100/100
|move|p2a: Vaporwave|Earth Power|p1a: Starmie
|-damage|p1a: Starmie|57/100
|
|upkeep
|turn|11
|
|t:|1618528981
|move|p1a: Starmie|Recover|p1a: Starmie
|-heal|p1a: Starmie|100/100
|move|p2a: Vaporwave|Toxic|p1a: Starmie
|-status|p1a: Starmie|tox
|
|-damage|p1a: Starmie|94/100 tox|[from] psn
|upkeep
|turn|12
|
|t:|1618528986
|move|p1a: Starmie|Ice Beam|p2a: Vaporwave
|-damage|p2a: Vaporwave|77/100
|move|p2a: Vaporwave|Ice Beam|p1a: Starmie
|-resisted|p1a: Starmie
|-damage|p1a: Starmie|79/100 tox
|
|-heal|p2a: Vaporwave|83/100|[from] item: Leftovers
|-damage|p1a: Starmie|66/100 tox|[from] psn
|upkeep
|turn|13
|
|t:|1618528994
|move|p1a: Starmie|Recover|p1a: Starmie
|-heal|p1a: Starmie|100/100 tox
|move|p2a: Vaporwave|Ice Beam|p1a: Starmie
|-resisted|p1a: Starmie
|-damage|p1a: Starmie|87/100 tox
|
|-heal|p2a: Vaporwave|89/100|[from] item: Leftovers
|-damage|p1a: Starmie|69/100 tox|[from] psn
|upkeep
|turn|14
|
|t:|1618528999
|switch|p1a: Xurkitree|Xurkitree|100/100
|move|p2a: Vaporwave|Ice Beam|p1a: Xurkitree
|-damage|p1a: Xurkitree|73/100
|
|-heal|p2a: Vaporwave|96/100|[from] item: Leftovers
|upkeep
|turn|15
|
|t:|1618529002
|switch|p2a: Sunshine Pop|Roserade, M|77/100
|-damage|p2a: Sunshine Pop|65/100|[from] Stealth Rock
|move|p1a: Xurkitree|Energy Ball|p2a: Sunshine Pop
|-resisted|p2a: Sunshine Pop
|-damage|p2a: Sunshine Pop|52/100
|
|-heal|p2a: Sunshine Pop|58/100|[from] item: Black Sludge
|upkeep
|turn|16
|
|t:|1618529008
|switch|p1a: Roserade|Roserade, F, shiny|68/100
|move|p2a: Sunshine Pop|Synthesis|p2a: Sunshine Pop
|-heal|p2a: Sunshine Pop|100/100
|
|-heal|p1a: Roserade|74/100|[from] item: Black Sludge
|upkeep
|turn|17
|
|t:|1618529019
|move|p2a: Sunshine Pop|Spikes|p1a: Roserade
|-sidestart|p1: Glidinganteater|Spikes
|move|p1a: Roserade|Sludge Bomb|p2a: Sunshine Pop
|-damage|p2a: Sunshine Pop|43/100
|
|-heal|p1a: Roserade|81/100|[from] item: Black Sludge
|-heal|p2a: Sunshine Pop|49/100|[from] item: Black Sludge
|upkeep
|turn|18
|
|t:|1618529023
|switch|p2a: Heavy Metal|Durant, M|74/100
|-damage|p2a: Heavy Metal|62/100|[from] Stealth Rock
|move|p1a: Roserade|Sludge Bomb|p2a: Heavy Metal
|-immune|p2a: Heavy Metal
|
|-heal|p1a: Roserade|87/100|[from] item: Black Sludge
|upkeep
|turn|19
|
|t:|1618529030
|switch|p1a: Cobalion|Cobalion|68/100
|-damage|p1a: Cobalion|56/100|[from] Spikes
|move|p2a: Heavy Metal|Stomping Tantrum|p1a: Cobalion|[miss]
|-miss|p2a: Heavy Metal|p1a: Cobalion
|
|upkeep
|turn|20
|
|t:|1618529040
|switch|p1a: Noivern|Noivern, M|100/100
|move|p2a: Heavy Metal|Superpower|p1a: Noivern|[miss]
|-miss|p2a: Heavy Metal|p1a: Noivern
|
|upkeep
|turn|21
|
|t:|1618529047
|switch|p2a: Light Rock|Diancie|100/100
|-damage|p2a: Light Rock|88/100|[from] Stealth Rock
|move|p1a: Noivern|U-turn|p2a: Light Rock
|-resisted|p2a: Light Rock
|-damage|p2a: Light Rock|84/100
|
|t:|1618529056
|switch|p1a: Roserade|Roserade, F, shiny|87/100|[from]move: U-turn
|-damage|p1a: Roserade|74/100|[from] Spikes
|
|-heal|p1a: Roserade|81/100|[from] item: Black Sludge
|-heal|p2a: Light Rock|90/100|[from] item: Leftovers
|upkeep
|turn|22
|
|t:|1618529062
|switch|p2a: Heavy Metal|Durant, M|62/100
|-damage|p2a: Heavy Metal|50/100|[from] Stealth Rock
|move|p1a: Roserade|Sleep Powder|p2a: Heavy Metal
|-status|p2a: Heavy Metal|slp|[from] move: Sleep Powder
|
|-heal|p1a: Roserade|87/100|[from] item: Black Sludge
|upkeep
|turn|23
|
|t:|1618529072
|cant|p2a: Heavy Metal|slp
|move|p1a: Roserade|Spikes|p2a: Heavy Metal
|-sidestart|p2: Diancium-Z|Spikes
|
|-heal|p1a: Roserade|93/100|[from] item: Black Sludge
|upkeep
|turn|24
|
|t:|1618529078
|switch|p1a: Noivern|Noivern, M|100/100
|cant|p2a: Heavy Metal|slp
|
|upkeep
|turn|25
|
|t:|1618529082
|switch|p2a: Light Rock|Diancie|90/100
|-damage|p2a: Light Rock|78/100|[from] Spikes
|-damage|p2a: Light Rock|65/100|[from] Stealth Rock
|move|p1a: Noivern|Flamethrower|p2a: Light Rock
|-resisted|p2a: Light Rock
|-damage|p2a: Light Rock|57/100
|
|-heal|p2a: Light Rock|64/100|[from] item: Leftovers
|upkeep
|turn|26
|
|t:|1618529086
|move|p1a: Noivern|U-turn|p2a: Light Rock
|-resisted|p2a: Light Rock
|-damage|p2a: Light Rock|60/100
|
|t:|1618529091
|switch|p1a: Rhyperior|Rhyperior, M|100/100|[from]move: U-turn
|-damage|p1a: Rhyperior|88/100|[from] Spikes
|move|p2a: Light Rock|Stealth Rock|p1a: Rhyperior
|-sidestart|p1: Glidinganteater|move: Stealth Rock
|
|-heal|p2a: Light Rock|66/100|[from] item: Leftovers
|-heal|p1a: Rhyperior|94/100|[from] item: Leftovers
|upkeep
|turn|27
|
|t:|1618529097
|switch|p2a: Vaporwave|Gastrodon-East, F|96/100
|-damage|p2a: Vaporwave|83/100|[from] Spikes
|-damage|p2a: Vaporwave|77/100|[from] Stealth Rock
|move|p1a: Rhyperior|Earthquake|p2a: Vaporwave
|-damage|p2a: Vaporwave|42/100
|
|-heal|p1a: Rhyperior|100/100|[from] item: Leftovers
|-heal|p2a: Vaporwave|48/100|[from] item: Leftovers
|upkeep
|turn|28
|
|t:|1618529103
|switch|p1a: Roserade|Roserade, F, shiny|93/100
|-damage|p1a: Roserade|81/100|[from] Spikes
|-damage|p1a: Roserade|68/100|[from] Stealth Rock
|move|p2a: Vaporwave|Recover|p2a: Vaporwave
|-heal|p2a: Vaporwave|98/100
|
|-heal|p1a: Roserade|74/100|[from] item: Black Sludge
|-heal|p2a: Vaporwave|100/100|[from] item: Leftovers
|upkeep
|turn|29
|
|t:|1618529110
|switch|p2a: Hardcore|Incineroar, F|100/100
|-ability|p2a: Hardcore|Intimidate|boost
|-unboost|p1a: Roserade|atk|1
|move|p1a: Roserade|Sludge Bomb|p2a: Hardcore
|-damage|p2a: Hardcore|69/100
|-status|p2a: Hardcore|psn
|
|-heal|p1a: Roserade|81/100|[from] item: Black Sludge
|-damage|p2a: Hardcore|56/100 psn|[from] psn
|upkeep
|turn|30
|
|t:|1618529132
|switch|p1a: Cobalion|Cobalion|56/100
|-damage|p1a: Cobalion|53/100|[from] Stealth Rock
|-damage|p1a: Cobalion|40/100|[from] Spikes
|move|p2a: Hardcore|Overheat|p1a: Cobalion
|-supereffective|p1a: Cobalion
|-damage|p1a: Cobalion|0 fnt
|-unboost|p2a: Hardcore|spa|2
|faint|p1a: Cobalion
|
|-damage|p2a: Hardcore|44/100 psn|[from] psn
|upkeep
|
|t:|1618529141
|switch|p1a: Noivern|Noivern, M|100/100
|turn|31
|
|t:|1618529145
|move|p1a: Noivern|Draco Meteor|p2a: Hardcore|[miss]
|-miss|p1a: Noivern|p2a: Hardcore
|move|p2a: Hardcore|Parting Shot|p1a: Noivern
|-unboost|p1a: Noivern|atk|1
|-unboost|p1a: Noivern|spa|1
|
|t:|1618529148
|switch|p2a: Light Rock|Diancie|66/100|[from]move: Parting Shot
|-damage|p2a: Light Rock|53/100|[from] Stealth Rock
|-damage|p2a: Light Rock|41/100|[from] Spikes
|
|-heal|p2a: Light Rock|47/100|[from] item: Leftovers
|upkeep
|turn|32
|
|t:|1618529153
|move|p1a: Noivern|U-turn|p2a: Light Rock
|-resisted|p2a: Light Rock
|-damage|p2a: Light Rock|45/100
|
|t:|1618529165
|switch|p1a: Starmie|Starmie|69/100 tox|[from]move: U-turn
|move|p2a: Light Rock|Heal Bell|p2a: Light Rock
|-activate|p2a: Light Rock|move: Heal Bell
|-curestatus|p2: Heavy Metal|slp|[msg]
|-curestatus|p2: Hardcore|psn|[msg]
|
|-heal|p2a: Light Rock|51/100|[from] item: Leftovers
|-damage|p1a: Starmie|63/100 tox|[from] psn
|upkeep
|turn|33
|
|t:|1618529170
|switch|p2a: Dubstep|Noivern, M|68/100
|move|p1a: Starmie|Rapid Spin|p2a: Dubstep
|-damage|p2a: Dubstep|56/100
|-boost|p1a: Starmie|spe|1
|-sideend|p1: Glidinganteater|Spikes|[from] move: Rapid Spin|[of] p1a: Starmie
|-sideend|p1: Glidinganteater|Stealth Rock|[from] move: Rapid Spin|[of] p1a: Starmie
|
|-damage|p1a: Starmie|50/100 tox|[from] psn
|upkeep
|turn|34
|
|t:|1618529174
|switch|p2a: Vaporwave|Gastrodon-East, F|100/100
|-damage|p2a: Vaporwave|88/100|[from] Spikes
|-damage|p2a: Vaporwave|82/100|[from] Stealth Rock
|move|p1a: Starmie|Ice Beam|p2a: Vaporwave
|-crit|p2a: Vaporwave
|-damage|p2a: Vaporwave|38/100
|
|-heal|p2a: Vaporwave|44/100|[from] item: Leftovers
|-damage|p1a: Starmie|32/100 tox|[from] psn
|upkeep
|turn|35
|
|t:|1618529183
|switch|p1a: Roserade|Roserade, F, shiny|81/100
|switch|p2a: Dubstep|Noivern, M|56/100
|
|-heal|p1a: Roserade|87/100|[from] item: Black Sludge
|upkeep
|turn|36
|
|t:|1618529189
|move|p2a: Dubstep|Defog|p1a: Roserade
|-unboost|p1a: Roserade|evasion|1
|-sideend|p2: Diancium-Z|Spikes|[from] move: Defog|[of] p2a: Dubstep
|-sideend|p2: Diancium-Z|Stealth Rock|[from] move: Defog|[of] p2a: Dubstep
|move|p1a: Roserade|Sleep Powder|p2a: Dubstep
|-status|p2a: Dubstep|slp|[from] move: Sleep Powder
|
|-heal|p1a: Roserade|93/100|[from] item: Black Sludge
|upkeep
|turn|37
|
|t:|1618529194
|switch|p2a: Heavy Metal|Durant, M|50/100
|move|p1a: Roserade|Spikes|p2a: Heavy Metal
|-sidestart|p2: Diancium-Z|Spikes
|
|-heal|p1a: Roserade|99/100|[from] item: Black Sludge
|upkeep
|turn|38
|
|t:|1618529203
|switch|p1a: Noivern|Noivern, M|100/100
|move|p2a: Heavy Metal|First Impression|p1a: Noivern
|-resisted|p1a: Noivern
|-damage|p1a: Noivern|44/100
|-damage|p2a: Heavy Metal|40/100|[from] item: Life Orb
|
|upkeep
|turn|39
|
|t:|1618529213
|switch|p2a: Light Rock|Diancie|51/100
|-damage|p2a: Light Rock|38/100|[from] Spikes
|move|p1a: Noivern|Flamethrower|p2a: Light Rock
|-resisted|p2a: Light Rock
|-damage|p2a: Light Rock|30/100
|
|-heal|p2a: Light Rock|37/100|[from] item: Leftovers
|upkeep
|turn|40
|
|t:|1618529217
|move|p1a: Noivern|Roost|p1a: Noivern
|-heal|p1a: Noivern|94/100
|-singleturn|p1a: Noivern|move: Roost
|move|p2a: Light Rock|Heal Bell|p2a: Light Rock
|-activate|p2a: Light Rock|move: Heal Bell
|-curestatus|p2: Dubstep|slp|[msg]
|
|-heal|p2a: Light Rock|43/100|[from] item: Leftovers
|upkeep
|turn|41
|
|t:|1618529225
|move|p1a: Noivern|U-turn|p2a: Light Rock
|-resisted|p2a: Light Rock
|-damage|p2a: Light Rock|39/100
|
|t:|1618529229
|switch|p1a: Roserade|Roserade, F, shiny|99/100|[from]move: U-turn
|move|p2a: Light Rock|Diamond Storm|p1a: Roserade
|-damage|p1a: Roserade|38/100
|
|-heal|p1a: Roserade|44/100|[from] item: Black Sludge
|-heal|p2a: Light Rock|45/100|[from] item: Leftovers
|upkeep
|turn|42
|
|t:|1618529235
|switch|p2a: Dubstep|Noivern, M|56/100
|move|p1a: Roserade|Giga Drain|p2a: Dubstep
|-resisted|p2a: Dubstep
|-damage|p2a: Dubstep|44/100
|-heal|p1a: Roserade|51/100|[from] drain|[of] p2a: Dubstep
|
|-heal|p1a: Roserade|57/100|[from] item: Black Sludge
|upkeep
|turn|43
|
|t:|1618529241
|switch|p1a: Rhyperior|Rhyperior, M|100/100
|move|p2a: Dubstep|Flamethrower|p1a: Rhyperior
|-resisted|p1a: Rhyperior
|-damage|p1a: Rhyperior|88/100
|
|-heal|p1a: Rhyperior|94/100|[from] item: Leftovers
|upkeep
|turn|44
|
|t:|1618529245
|switch|p2a: Vaporwave|Gastrodon-East, F|44/100
|-damage|p2a: Vaporwave|31/100|[from] Spikes
|move|p1a: Rhyperior|Stone Edge|p2a: Vaporwave
|-resisted|p2a: Vaporwave
|-damage|p2a: Vaporwave|14/100
|
|-heal|p1a: Rhyperior|100/100|[from] item: Leftovers
|-heal|p2a: Vaporwave|20/100|[from] item: Leftovers
|upkeep
|turn|45
|
|t:|1618529254
|move|p1a: Rhyperior|Earthquake|p2a: Vaporwave
|-crit|p2a: Vaporwave
|-damage|p2a: Vaporwave|0 fnt
|faint|p2a: Vaporwave
|
|upkeep
|
|t:|1618529256
|switch|p2a: Sunshine Pop|Roserade, M|49/100
|-damage|p2a: Sunshine Pop|37/100|[from] Spikes
|turn|46
|
|t:|1618529265
|switch|p1a: Noivern|Noivern, M|94/100
|move|p2a: Sunshine Pop|Synthesis|p2a: Sunshine Pop
|-heal|p2a: Sunshine Pop|87/100
|
|-heal|p2a: Sunshine Pop|93/100|[from] item: Black Sludge
|upkeep
|turn|47
|
|t:|1618529269
|move|p1a: Noivern|Flamethrower|p2a: Sunshine Pop
|-supereffective|p2a: Sunshine Pop
|-damage|p2a: Sunshine Pop|34/100
|move|p2a: Sunshine Pop|Sludge Bomb|p1a: Noivern
|-damage|p1a: Noivern|32/100
|
|-heal|p2a: Sunshine Pop|40/100|[from] item: Black Sludge
|upkeep
|turn|48
|
|t:|1618529276
|switch|p2a: Light Rock|Diancie|45/100
|-damage|p2a: Light Rock|32/100|[from] Spikes
|move|p1a: Noivern|Flamethrower|p2a: Light Rock
|-resisted|p2a: Light Rock
|-damage|p2a: Light Rock|25/100
|
|-heal|p2a: Light Rock|31/100|[from] item: Leftovers
|upkeep
|turn|49
|
|t:|1618529288
|move|p1a: Noivern|U-turn|p2a: Light Rock
|-resisted|p2a: Light Rock
|-damage|p2a: Light Rock|26/100
|
|t:|1618529291
|switch|p1a: Rhyperior|Rhyperior, M|100/100|[from]move: U-turn
|move|p2a: Light Rock|Diamond Storm|p1a: Rhyperior
|-resisted|p1a: Rhyperior
|-damage|p1a: Rhyperior|90/100
|-boost|p2a: Light Rock|def|2
|
|-heal|p2a: Light Rock|33/100|[from] item: Leftovers
|-heal|p1a: Rhyperior|96/100|[from] item: Leftovers
|upkeep
|turn|50
|
|t:|1618529296
|move|p2a: Light Rock|Body Press|p1a: Rhyperior
|-supereffective|p1a: Rhyperior
|-damage|p1a: Rhyperior|45/100
|move|p1a: Rhyperior|Earthquake|p2a: Light Rock
|-supereffective|p2a: Light Rock
|-damage|p2a: Light Rock|0 fnt
|faint|p2a: Light Rock
|
|-heal|p1a: Rhyperior|51/100|[from] item: Leftovers
|upkeep
|
|t:|1618529301
|switch|p2a: Sunshine Pop|Roserade, M|40/100
|-damage|p2a: Sunshine Pop|28/100|[from] Spikes
|turn|51
|
|t:|1618529316
|switch|p1a: Starmie|Starmie|32/100 tox
|move|p2a: Sunshine Pop|Giga Drain|p1a: Starmie
|-supereffective|p1a: Starmie
|-damage|p1a: Starmie|0 fnt
|-heal|p2a: Sunshine Pop|43/100|[from] drain|[of] p1a: Starmie
|faint|p1a: Starmie
|
|-heal|p2a: Sunshine Pop|50/100|[from] item: Black Sludge
|upkeep
|
|t:|1618529320
|switch|p1a: Noivern|Noivern, M|32/100
|turn|52
|
|t:|1618529326
|move|p1a: Noivern|Draco Meteor|p2a: Sunshine Pop
|-damage|p2a: Sunshine Pop|0 fnt
|-unboost|p1a: Noivern|spa|2
|faint|p2a: Sunshine Pop
|
|upkeep
|
|t:|1618529329
|switch|p2a: Heavy Metal|Durant, M|40/100
|-damage|p2a: Heavy Metal|27/100|[from] Spikes
|turn|53
|
|t:|1618529341
|switch|p1a: Roserade|Roserade, F, shiny|57/100
|move|p2a: Heavy Metal|First Impression|p1a: Roserade
|-damage|p1a: Roserade|0 fnt
|-damage|p2a: Heavy Metal|18/100|[from] item: Life Orb
|faint|p1a: Roserade
|
|upkeep
|
|t:|1618529348
|switch|p1a: Xurkitree|Xurkitree|73/100
|turn|54
|-message|Diancium-Z forfeited.
|
|win|Glidinganteater
|raw|Glidinganteater's rating: 1349 &rarr; <strong>1374</strong><br />(+25 for winning)
|raw|Diancium-Z's rating: 1432 &rarr; <strong>1407</strong><br />(-25 for losing)
|l|☆Diancium-Z
