|j|☆Yahoo12
|j|☆platdupied
|t:|1641215056
|gametype|singles
|player|p1|Yahoo12|1|1163
|player|p2|platdupied|169|1410
|teamsize|p1|6
|teamsize|p2|6
|gen|8
|tier|[Gen 8] RU
|rated|
|rule|Sleep Clause Mod: Limit one foe put to sleep
|rule|Species Clause: Limit one of each Pokémon
|rule|OHKO Clause: OHKO moves are banned
|rule|Evasion Moves Clause: Evasion moves are banned
|rule|Endless Battle Clause: Forcing endless battles is banned
|rule|HP Percentage Mod: HP is shown in percentages
|rule|Dynamax Clause: You cannot dynamax
|clearpoke
|poke|p1|Toxtricity, M|
|poke|p1|Golisopod, M|
|poke|p1|Reuniclus, M|
|poke|p1|Cobalion|
|poke|p1|Darmanitan, F|
|poke|p1|Noivern, M|
|poke|p2|Obstagoon, F|
|poke|p2|Vikavolt, M|
|poke|p2|Mimikyu, M|
|poke|p2|Claydol|
|poke|p2|Raikou|
|poke|p2|Incineroar, F|
|teampreview
|inactive|Battle timer is ON: inactive players will automatically lose when time's up. (requested by Yahoo12)
|
|t:|1641215119
|start
|switch|p1a: Noivern|Noivern, M|100/100
|switch|p2a: Obstagoon|Obstagoon, F|100/100
|turn|1
|
|t:|1641215140
|switch|p1a: Cobalion|Cobalion|100/100
|move|p2a: Obstagoon|Knock Off|p1a: Cobalion
|-resisted|p1a: Cobalion
|-damage|p1a: Cobalion|85/100
|-ability|p1a: Cobalion|Justified|boost
|-boost|p1a: Cobalion|atk|1
|-enditem|p1a: Cobalion|Shuca Berry|[from] move: Knock Off|[of] p2a: Obstagoon
|
|upkeep
|turn|2
|
|t:|1641215157
|switch|p2a: Vikavolt|Vikavolt, M|100/100
|move|p1a: Cobalion|Iron Head|p2a: Vikavolt
|-resisted|p2a: Vikavolt
|-damage|p2a: Vikavolt|82/100
|
|upkeep
|turn|3
|
|t:|1641215163
|move|p1a: Cobalion|Volt Switch|p2a: Vikavolt
|-resisted|p2a: Vikavolt
|-damage|p2a: Vikavolt|74/100
|
|t:|1641215176
|switch|p1a: Toxtricity|Toxtricity, M|100/100|[from]move: Volt Switch
|move|p2a: Vikavolt|Sticky Web|p1a: Toxtricity
|-sidestart|p1: Yahoo12|move: Sticky Web
|
|upkeep
|turn|4
|inactive|Yahoo12 has 120 seconds left.
|
|t:|1641215195
|switch|p2a: Claydol|Claydol|100/100
|move|p1a: Toxtricity|Overdrive|p2a: Claydol
|-immune|p2a: Claydol
|
|upkeep
|turn|5
|
|t:|1641215213
|switch|p1a: Noivern|Noivern, M|100/100
|move|p2a: Claydol|Stealth Rock|p1a: Noivern
|-sidestart|p1: Yahoo12|move: Stealth Rock
|
|upkeep
|turn|6
|
|t:|1641215222
|move|p1a: Noivern|Defog|p2a: Claydol
|-unboost|p2a: Claydol|evasion|1
|-sideend|p1: Yahoo12|Stealth Rock|[from] move: Defog|[of] p1a: Noivern
|-sideend|p1: Yahoo12|Sticky Web|[from] move: Defog|[of] p1a: Noivern
|move|p2a: Claydol|Toxic|p1a: Noivern
|-status|p1a: Noivern|tox
|
|-damage|p1a: Noivern|94/100 tox|[from] psn
|upkeep
|turn|7
|
|t:|1641215232
|move|p1a: Noivern|Flamethrower|p2a: Claydol
|-damage|p2a: Claydol|84/100
|move|p2a: Claydol|Stealth Rock|p1a: Noivern
|-sidestart|p1: Yahoo12|move: Stealth Rock
|
|-heal|p2a: Claydol|90/100|[from] item: Leftovers
|-damage|p1a: Noivern|82/100 tox|[from] psn
|upkeep
|turn|8
|
|t:|1641215252
|move|p1a: Noivern|Defog|p2a: Claydol
|-unboost|p2a: Claydol|evasion|1
|-sideend|p1: Yahoo12|Stealth Rock|[from] move: Defog|[of] p1a: Noivern
|move|p2a: Claydol|Rapid Spin|p1a: Noivern
|-damage|p1a: Noivern|71/100 tox
|-boost|p2a: Claydol|spe|1
|
|-heal|p2a: Claydol|96/100|[from] item: Leftovers
|-damage|p1a: Noivern|53/100 tox|[from] psn
|upkeep
|turn|9
|
|t:|1641215262
|move|p1a: Noivern|Flamethrower|p2a: Claydol
|-crit|p2a: Claydol
|-damage|p2a: Claydol|70/100
|move|p2a: Claydol|Stealth Rock|p1a: Noivern
|-sidestart|p1: Yahoo12|move: Stealth Rock
|
|-heal|p2a: Claydol|76/100|[from] item: Leftovers
|-damage|p1a: Noivern|28/100 tox|[from] psn
|upkeep
|turn|10
|
|t:|1641215289
|move|p1a: Noivern|Defog|p2a: Claydol
|-unboost|p2a: Claydol|evasion|1
|-sideend|p1: Yahoo12|Stealth Rock|[from] move: Defog|[of] p1a: Noivern
|move|p2a: Claydol|Stealth Rock|p1a: Noivern
|-sidestart|p1: Yahoo12|move: Stealth Rock
|
|-heal|p2a: Claydol|82/100|[from] item: Leftovers
|-damage|p1a: Noivern|0 fnt|[from] psn
|faint|p1a: Noivern
|upkeep
|inactive|Yahoo12 has 120 seconds left.
|
|t:|1641215328
|switch|p1a: Golisopod|Golisopod, M|100/100
|turn|11
|inactive|platdupied has 120 seconds left.
|
|t:|1641215358
|switch|p2a: Vikavolt|Vikavolt, M|74/100
|move|p1a: Golisopod|First Impression|p2a: Vikavolt
|-damage|p2a: Vikavolt|40/100
|
|upkeep
|turn|12
|inactive|Yahoo12 has 90 seconds left.
|
|t:|1641215395
|switch|p1a: Darmanitan|Darmanitan, F|100/100
|move|p2a: Vikavolt|Roost|p2a: Vikavolt
|-heal|p2a: Vikavolt|90/100
|-singleturn|p2a: Vikavolt|move: Roost
|
|upkeep
|turn|13
|inactive|Yahoo12 has 90 seconds left.
|
|t:|1641215410
|switch|p2a: Incineroar|Incineroar, F|100/100
|-ability|p2a: Incineroar|Intimidate|boost
|-unboost|p1a: Darmanitan|atk|1
|move|p1a: Darmanitan|Toxic|p2a: Incineroar
|-status|p2a: Incineroar|tox
|
|-damage|p2a: Incineroar|94/100 tox|[from] psn
|upkeep
|turn|14
|
|t:|1641215429
|move|p1a: Darmanitan|Rock Slide|p2a: Incineroar
|-supereffective|p2a: Incineroar
|-damage|p2a: Incineroar|46/100 tox
|move|p2a: Incineroar|Knock Off|p1a: Darmanitan
|-damage|p1a: Darmanitan|19/100
|-enditem|p1a: Darmanitan|Heavy-Duty Boots|[from] move: Knock Off|[of] p2a: Incineroar
|
|-damage|p2a: Incineroar|34/100 tox|[from] psn
|upkeep
|turn|15
|
|t:|1641215442
|switch|p2a: Obstagoon|Obstagoon, F|100/100
|move|p1a: Darmanitan|Rock Slide|p2a: Obstagoon|[miss]
|-miss|p1a: Darmanitan|p2a: Obstagoon
|
|upkeep
|turn|16
|
|t:|1641215457
|move|p2a: Obstagoon|Knock Off|p1a: Darmanitan
|-damage|p1a: Darmanitan|0 fnt
|faint|p1a: Darmanitan
|
|upkeep
|
|t:|1641215463
|switch|p1a: Cobalion|Cobalion|85/100
|-damage|p1a: Cobalion|82/100|[from] Stealth Rock
|turn|17
|
|t:|1641215482
|switch|p2a: Vikavolt|Vikavolt, M|90/100
|move|p1a: Cobalion|Stealth Rock|p2a: Vikavolt
|-sidestart|p2: platdupied|move: Stealth Rock
|
|upkeep
|turn|18
|
|t:|1641215493
|move|p1a: Cobalion|Volt Switch|p2a: Vikavolt
|-resisted|p2a: Vikavolt
|-damage|p2a: Vikavolt|82/100
|
|t:|1641215496
|switch|p1a: Toxtricity|Toxtricity, M|100/100|[from]move: Volt Switch
|-damage|p1a: Toxtricity|88/100|[from] Stealth Rock
|move|p2a: Vikavolt|Thunderbolt|p1a: Toxtricity
|-resisted|p1a: Toxtricity
|-damage|p1a: Toxtricity|57/100
|
|upkeep
|turn|19
|
|t:|1641215525
|switch|p2a: Incineroar|Incineroar, F|34/100 tox
|-ability|p2a: Incineroar|Intimidate|boost
|-unboost|p1a: Toxtricity|atk|1
|move|p1a: Toxtricity|Overdrive|p2a: Incineroar
|-damage|p2a: Incineroar|0 fnt
|faint|p2a: Incineroar
|
|upkeep
|
|t:|1641215533
|switch|p2a: Claydol|Claydol|82/100
|-damage|p2a: Claydol|76/100|[from] Stealth Rock
|turn|20
|
|t:|1641215541
|switch|p1a: Golisopod|Golisopod, M|100/100
|move|p2a: Claydol|Rapid Spin|p1a: Golisopod
|-crit|p1a: Golisopod
|-damage|p1a: Golisopod|91/100
|-boost|p2a: Claydol|spe|1
|-sideend|p2: platdupied|Stealth Rock|[from] move: Rapid Spin|[of] p2a: Claydol
|
|-heal|p2a: Claydol|82/100|[from] item: Leftovers
|upkeep
|turn|21
|inactive|Yahoo12 has 60 seconds left.
|inactive|Yahoo12 has 30 seconds left.
|
|t:|1641215598
|switch|p2a: Vikavolt|Vikavolt, M|82/100
|move|p1a: Golisopod|Knock Off|p2a: Vikavolt
|-damage|p2a: Vikavolt|58/100
|-enditem|p2a: Vikavolt|Heavy-Duty Boots|[from] move: Knock Off|[of] p1a: Golisopod
|
|upkeep
|turn|22
|inactive|Yahoo12 has 30 seconds left.
|
|t:|1641215614
|switch|p1a: Toxtricity|Toxtricity, M|57/100
|-damage|p1a: Toxtricity|45/100|[from] Stealth Rock
|move|p2a: Vikavolt|Roost|p2a: Vikavolt
|-heal|p2a: Vikavolt|100/100
|-singleturn|p2a: Vikavolt|move: Roost
|
|upkeep
|turn|23
|inactive|Yahoo12 has 30 seconds left.
|
|t:|1641215627
|switch|p2a: Claydol|Claydol|82/100
|move|p1a: Toxtricity|Boomburst|p2a: Claydol
|-damage|p2a: Claydol|22/100
|
|-heal|p2a: Claydol|28/100|[from] item: Leftovers
|upkeep
|turn|24
|inactive|Yahoo12 has 30 seconds left.
|
|t:|1641215636
|switch|p2a: Mimikyu|Mimikyu, M|100/100
|move|p1a: Toxtricity|Boomburst|p2a: Mimikyu
|-immune|p2a: Mimikyu
|
|upkeep
|turn|25
|
|t:|1641215644
|switch|p1a: Cobalion|Cobalion|82/100
|-damage|p1a: Cobalion|79/100|[from] Stealth Rock
|move|p2a: Mimikyu|Shadow Claw|p1a: Cobalion
|-damage|p1a: Cobalion|46/100
|-damage|p2a: Mimikyu|91/100|[from] item: Life Orb
|
|upkeep
|turn|26
|inactive|Yahoo12 has 30 seconds left.
|
|t:|1641215664
|switch|p2a: Vikavolt|Vikavolt, M|100/100
|move|p1a: Cobalion|Stealth Rock|p2a: Vikavolt
|-sidestart|p2: platdupied|move: Stealth Rock
|
|upkeep
|turn|27
|inactive|platdupied has 120 seconds left.
|
|t:|1641215712
|move|p1a: Cobalion|Volt Switch|p2a: Vikavolt
|-resisted|p2a: Vikavolt
|-damage|p2a: Vikavolt|93/100
|
|t:|1641215716
|switch|p1a: Toxtricity|Toxtricity, M|45/100|[from]move: Volt Switch
|-damage|p1a: Toxtricity|32/100|[from] Stealth Rock
|move|p2a: Vikavolt|Thunderbolt|p1a: Toxtricity
|-resisted|p1a: Toxtricity
|-damage|p1a: Toxtricity|2/100
|
|upkeep
|turn|28
|inactive|Yahoo12 has 30 seconds left.
|
|t:|1641215737
|switch|p2a: Claydol|Claydol|28/100
|-damage|p2a: Claydol|22/100|[from] Stealth Rock
|move|p1a: Toxtricity|Snarl|p2a: Claydol
|-supereffective|p2a: Claydol
|-damage|p2a: Claydol|0 fnt
|faint|p2a: Claydol
|
|upkeep
|inactive|platdupied has 120 seconds left.
|
|t:|1641215764
|switch|p2a: Mimikyu|Mimikyu, M|91/100
|-damage|p2a: Mimikyu|78/100|[from] Stealth Rock
|turn|29
|
|t:|1641215768
|move|p2a: Mimikyu|Shadow Sneak|p1a: Toxtricity
|-damage|p1a: Toxtricity|0 fnt
|faint|p1a: Toxtricity
|-damage|p2a: Mimikyu|68/100|[from] item: Life Orb
|
|upkeep
|
|t:|1641215773
|switch|p1a: Cobalion|Cobalion|46/100
|-damage|p1a: Cobalion|43/100|[from] Stealth Rock
|turn|30
|inactive|platdupied has 120 seconds left.
|
|t:|1641215797
|switch|p2a: Vikavolt|Vikavolt, M|93/100
|-damage|p2a: Vikavolt|68/100|[from] Stealth Rock
|move|p1a: Cobalion|Volt Switch|p2a: Vikavolt
|-resisted|p2a: Vikavolt
|-crit|p2a: Vikavolt
|-damage|p2a: Vikavolt|56/100
|inactive|Yahoo12 has 30 seconds left.
|
|t:|1641215808
|switch|p1a: Golisopod|Golisopod, M|91/100|[from]move: Volt Switch
|
|upkeep
|turn|31
|
|t:|1641215819
|move|p1a: Golisopod|First Impression|p2a: Vikavolt
|-damage|p2a: Vikavolt|16/100
|move|p2a: Vikavolt|Thunderbolt|p1a: Golisopod
|-supereffective|p1a: Golisopod
|-damage|p1a: Golisopod|3/100
|-activate|p1a: Golisopod|ability: Emergency Exit
|
|t:|1641215828
|switch|p1a: Cobalion|Cobalion|43/100
|-damage|p1a: Cobalion|40/100|[from] Stealth Rock
|
|upkeep
|turn|32
|
|t:|1641215835
|move|p1a: Cobalion|Close Combat|p2a: Vikavolt
|-resisted|p2a: Vikavolt
|-damage|p2a: Vikavolt|0 fnt
|-unboost|p1a: Cobalion|def|1
|-unboost|p1a: Cobalion|spd|1
|faint|p2a: Vikavolt
|
|upkeep
|
|t:|1641215851
|switch|p2a: Raikou|Raikou|100/100
|-damage|p2a: Raikou|88/100|[from] Stealth Rock
|-ability|p2a: Raikou|Pressure
|turn|33
|
|t:|1641215861
|switch|p1a: Reuniclus|Reuniclus, M|100/100
|-damage|p1a: Reuniclus|88/100|[from] Stealth Rock
|move|p2a: Raikou|Shadow Ball|p1a: Reuniclus
|-supereffective|p1a: Reuniclus
|-damage|p1a: Reuniclus|50/100
|
|upkeep
|turn|34
|inactive|Yahoo12 has 60 seconds left.
|
|t:|1641215876
|move|p2a: Raikou|Shadow Ball|p1a: Reuniclus
|-supereffective|p1a: Reuniclus
|-damage|p1a: Reuniclus|13/100
|move|p1a: Reuniclus|Psyshock|p2a: Raikou
|-damage|p2a: Raikou|41/100
|
|upkeep
|turn|35
|
|t:|1641215883
|move|p2a: Raikou|Shadow Ball|p1a: Reuniclus
|-supereffective|p1a: Reuniclus
|-crit|p1a: Reuniclus
|-damage|p1a: Reuniclus|0 fnt
|faint|p1a: Reuniclus
|
|upkeep
|
|t:|1641215888
|switch|p1a: Golisopod|Golisopod, M|3/100
|turn|36
|inactive|Yahoo12 has 60 seconds left.
|
|t:|1641215901
|switch|p1a: Cobalion|Cobalion|40/100
|-damage|p1a: Cobalion|37/100|[from] Stealth Rock
|move|p2a: Raikou|Shadow Ball|p1a: Cobalion
|-damage|p1a: Cobalion|0 fnt
|faint|p1a: Cobalion
|
|upkeep
|
|t:|1641215908
|switch|p1a: Golisopod|Golisopod, M|3/100
|turn|37
|
|t:|1641215912
|move|p1a: Golisopod|First Impression|p2a: Raikou
|-damage|p2a: Raikou|0 fnt
|faint|p2a: Raikou
|
|upkeep
|
|t:|1641215917
|switch|p2a: Mimikyu|Mimikyu, M|68/100
|-damage|p2a: Mimikyu|56/100|[from] Stealth Rock
|turn|38
|
|t:|1641215922
|move|p2a: Mimikyu|Shadow Sneak|p1a: Golisopod
|-damage|p1a: Golisopod|0 fnt
|faint|p1a: Golisopod
|-damage|p2a: Mimikyu|46/100|[from] item: Life Orb
|
|win|platdupied
|raw|Yahoo12's rating: 1163 &rarr; <strong>1153</strong><br />(-10 for losing)
|raw|platdupied's rating: 1410 &rarr; <strong>1418</strong><br />(+8 for winning)
|c|☆Yahoo12|gg
