|j|☆uprising 007
|j|☆whistling
|t:|1645907768
|gametype|singles
|player|p1|uprising 007|unknown|1449
|player|p2|whistling|red|1616
|teamsize|p1|6
|teamsize|p2|6
|gen|8
|tier|[Gen 8] RU
|rated|
|rule|Sleep Clause Mod: Limit one foe put to sleep
|rule|Species Clause: Limit one of each Pokémon
|rule|OHKO Clause: OHKO moves are banned
|rule|Evasion Moves Clause: Evasion moves are banned
|rule|Endless Battle Clause: Forcing endless battles is banned
|rule|HP Percentage Mod: HP is shown in percentages
|rule|Dynamax Clause: You cannot dynamax
|clearpoke
|poke|p1|Gallade, M|
|poke|p1|Suicune|
|poke|p1|Decidueye, F|
|poke|p1|Scrafty, M|
|poke|p1|Steelix, F|
|poke|p1|Togekiss, M|
|poke|p2|Rhyperior, M|
|poke|p2|Heliolisk, M|
|poke|p2|Metagross|
|poke|p2|Celebi|
|poke|p2|Milotic, F|
|poke|p2|Crobat, M|
|teampreview
|inactive|Battle timer is ON: inactive players will automatically lose when time's up. (requested by uprising 007)
|
|t:|1645907788
|start
|switch|p1a: Gallade|Gallade, M, shiny|100/100
|switch|p2a: Rhyperior|Rhyperior, M|100/100
|turn|1
|
|t:|1645907794
|switch|p2a: Crobat|Crobat, M|100/100
|move|p1a: Gallade|Knock Off|p2a: Crobat
|-damage|p2a: Crobat|59/100
|-enditem|p2a: Crobat|Heavy-Duty Boots|[from] move: Knock Off|[of] p1a: Gallade
|
|upkeep
|turn|2
|
|t:|1645907801
|switch|p1a: Steelix|Steelix, F|100/100
|move|p2a: Crobat|U-turn|p1a: Steelix
|-resisted|p1a: Steelix
|-damage|p1a: Steelix|96/100
|
|t:|1645907811
|switch|p2a: Rhyperior|Rhyperior, M|100/100|[from]move: U-turn
|
|-heal|p1a: Steelix|100/100|[from] item: Leftovers
|upkeep
|turn|3
|
|t:|1645907817
|move|p2a: Rhyperior|Stealth Rock|p1a: Steelix
|-sidestart|p1: uprising 007|move: Stealth Rock
|move|p1a: Steelix|Toxic|p2a: Rhyperior
|-status|p2a: Rhyperior|tox
|
|-damage|p2a: Rhyperior|94/100 tox|[from] psn
|upkeep
|turn|4
|
|t:|1645907829
|switch|p2a: Celebi|Celebi|100/100
|move|p1a: Steelix|Stealth Rock|p2a: Celebi
|-sidestart|p2: whistling|move: Stealth Rock
|
|upkeep
|turn|5
|
|t:|1645907836
|switch|p1a: Togekiss|Togekiss, M|100/100
|move|p2a: Celebi|Nasty Plot|p2a: Celebi
|-boost|p2a: Celebi|spa|2
|
|upkeep
|turn|6
|
|t:|1645907842
|move|p2a: Celebi|Nasty Plot|p2a: Celebi
|-boost|p2a: Celebi|spa|2
|move|p1a: Togekiss|Air Slash|p2a: Celebi
|-supereffective|p2a: Celebi
|-damage|p2a: Celebi|39/100
|
|upkeep
|turn|7
|
|t:|1645907848
|move|p2a: Celebi|Psychic|p1a: Togekiss
|-damage|p1a: Togekiss|2/100
|move|p1a: Togekiss|Air Slash|p2a: Celebi
|-supereffective|p2a: Celebi
|-damage|p2a: Celebi|0 fnt
|faint|p2a: Celebi
|
|upkeep
|c|☆whistling|how did that live
|c|☆whistling|noo
|
|t:|1645907862
|switch|p2a: Heliolisk|Heliolisk, M|100/100
|turn|8
|
|t:|1645907868
|switch|p1a: Decidueye|Decidueye, F|100/100
|move|p2a: Heliolisk|Grass Knot|p1a: Decidueye
|-resisted|p1a: Decidueye
|-damage|p1a: Decidueye|92/100
|
|upkeep
|turn|9
|
|t:|1645907875
|switch|p1a: Steelix|Steelix, F|100/100
|-damage|p1a: Steelix|97/100|[from] Stealth Rock
|move|p2a: Heliolisk|U-turn|p1a: Steelix
|-resisted|p1a: Steelix
|-damage|p1a: Steelix|95/100
|
|t:|1645907884
|switch|p2a: Metagross|Metagross|100/100|[from]move: U-turn
|-damage|p2a: Metagross|94/100|[from] Stealth Rock
|
|-heal|p2a: Metagross|100/100|[from] item: Leftovers
|-heal|p1a: Steelix|100/100|[from] item: Leftovers
|upkeep
|turn|10
|
|t:|1645907892
|switch|p1a: Suicune|Suicune|100/100
|-damage|p1a: Suicune|88/100|[from] Stealth Rock
|-ability|p1a: Suicune|Pressure
|move|p2a: Metagross|Cosmic Power|p2a: Metagross
|-boost|p2a: Metagross|def|1
|-boost|p2a: Metagross|spd|1
|
|-heal|p1a: Suicune|94/100|[from] item: Leftovers
|upkeep
|turn|11
|
|t:|1645907903
|switch|p1a: Scrafty|Scrafty, M|100/100
|-damage|p1a: Scrafty|94/100|[from] Stealth Rock
|move|p2a: Metagross|Cosmic Power|p2a: Metagross
|-boost|p2a: Metagross|def|1
|-boost|p2a: Metagross|spd|1
|
|-heal|p1a: Scrafty|100/100|[from] item: Leftovers
|upkeep
|turn|12
|
|t:|1645907913
|move|p1a: Scrafty|Bulk Up|p1a: Scrafty
|-boost|p1a: Scrafty|atk|1
|-boost|p1a: Scrafty|def|1
|move|p2a: Metagross|Body Press|p1a: Scrafty
|-supereffective|p1a: Scrafty
|-damage|p1a: Scrafty|20/100
|
|-heal|p1a: Scrafty|27/100|[from] item: Leftovers
|upkeep
|turn|13
|
|t:|1645907927
|move|p1a: Scrafty|Knock Off|p2a: Metagross
|-supereffective|p2a: Metagross
|-damage|p2a: Metagross|70/100
|-enditem|p2a: Metagross|Leftovers|[from] move: Knock Off|[of] p1a: Scrafty
|move|p2a: Metagross|Body Press|p1a: Scrafty
|-supereffective|p1a: Scrafty
|-damage|p1a: Scrafty|0 fnt
|faint|p1a: Scrafty
|
|upkeep
|
|t:|1645907936
|switch|p1a: Gallade|Gallade, M, shiny|100/100
|-damage|p1a: Gallade|94/100|[from] Stealth Rock
|turn|14
|
|t:|1645907940
|move|p1a: Gallade|Trick|p2a: Metagross
|-activate|p1a: Gallade|move: Trick|[of] p2a: Metagross
|-item|p2a: Metagross|Choice Scarf|[from] move: Trick
|-enditem|p1a: Gallade|Choice Scarf|[silent]|[from] move: Trick
|move|p2a: Metagross|Meteor Mash|p1a: Gallade
|-damage|p1a: Gallade|30/100
|
|upkeep
|turn|15
|
|t:|1645907946
|switch|p1a: Suicune|Suicune|94/100
|-damage|p1a: Suicune|82/100|[from] Stealth Rock
|-ability|p1a: Suicune|Pressure
|move|p2a: Metagross|Meteor Mash|p1a: Suicune
|-resisted|p1a: Suicune
|-damage|p1a: Suicune|70/100
|
|-heal|p1a: Suicune|76/100|[from] item: Leftovers
|upkeep
|turn|16
|
|t:|1645907957
|switch|p2a: Heliolisk|Heliolisk, M|100/100
|switch|p1a: Steelix|Steelix, F|100/100
|-damage|p1a: Steelix|97/100|[from] Stealth Rock
|
|-heal|p1a: Steelix|100/100|[from] item: Leftovers
|upkeep
|turn|17
|
|t:|1645907964
|move|p2a: Heliolisk|U-turn|p1a: Steelix
|-resisted|p1a: Steelix
|-damage|p1a: Steelix|98/100
|
|t:|1645907966
|switch|p2a: Milotic|Milotic, F|100/100|[from]move: U-turn
|move|p1a: Steelix|Earthquake|p2a: Milotic
|-damage|p2a: Milotic|75/100
|
|-heal|p1a: Steelix|100/100|[from] item: Leftovers
|upkeep
|turn|18
|
|t:|1645907973
|move|p2a: Milotic|Flip Turn|p1a: Steelix
|-supereffective|p1a: Steelix
|-damage|p1a: Steelix|87/100
|
|t:|1645907976
|switch|p2a: Rhyperior|Rhyperior, M|94/100 tox|[from]move: Flip Turn
|-damage|p2a: Rhyperior|88/100 tox|[from] Stealth Rock
|move|p1a: Steelix|Toxic|p2a: Rhyperior
|-fail|p2a: Rhyperior|tox
|
|-heal|p2a: Rhyperior|94/100 tox|[from] item: Leftovers
|-heal|p1a: Steelix|93/100|[from] item: Leftovers
|-damage|p2a: Rhyperior|88/100 tox|[from] psn
|upkeep
|turn|19
|
|t:|1645907988
|switch|p1a: Decidueye|Decidueye, F|92/100
|move|p2a: Rhyperior|Earthquake|p1a: Decidueye
|-resisted|p1a: Decidueye
|-damage|p1a: Decidueye|66/100
|
|-heal|p2a: Rhyperior|94/100 tox|[from] item: Leftovers
|-damage|p2a: Rhyperior|82/100 tox|[from] psn
|upkeep
|turn|20
|
|t:|1645907996
|switch|p2a: Metagross|Metagross|70/100
|-damage|p2a: Metagross|64/100|[from] Stealth Rock
|move|p1a: Decidueye|Spirit Shackle|p2a: Metagross
|-supereffective|p2a: Metagross
|-damage|p2a: Metagross|24/100
|-activate|p2a: Metagross|trapped
|
|upkeep
|turn|21
|
|t:|1645908005
|switch|p1a: Suicune|Suicune|76/100
|-damage|p1a: Suicune|63/100|[from] Stealth Rock
|-ability|p1a: Suicune|Pressure
|move|p2a: Metagross|Meteor Mash|p1a: Suicune
|-resisted|p1a: Suicune
|-damage|p1a: Suicune|52/100
|
|-heal|p1a: Suicune|59/100|[from] item: Leftovers
|upkeep
|turn|22
|
|t:|1645908015
|switch|p2a: Heliolisk|Heliolisk, M|100/100
|switch|p1a: Steelix|Steelix, F|93/100
|-damage|p1a: Steelix|90/100|[from] Stealth Rock
|
|-heal|p1a: Steelix|96/100|[from] item: Leftovers
|upkeep
|turn|23
|
|t:|1645908024
|move|p2a: Heliolisk|U-turn|p1a: Steelix
|-resisted|p1a: Steelix
|-damage|p1a: Steelix|94/100
|
|t:|1645908025
|switch|p2a: Rhyperior|Rhyperior, M|82/100 tox|[from]move: U-turn
|-damage|p2a: Rhyperior|76/100 tox|[from] Stealth Rock
|move|p1a: Steelix|Toxic|p2a: Rhyperior
|-fail|p2a: Rhyperior|tox
|
|-heal|p2a: Rhyperior|82/100 tox|[from] item: Leftovers
|-heal|p1a: Steelix|99/100|[from] item: Leftovers
|-damage|p2a: Rhyperior|76/100 tox|[from] psn
|upkeep
|turn|24
|
|t:|1645908036
|move|p2a: Rhyperior|Stone Edge|p1a: Steelix
|-resisted|p1a: Steelix
|-damage|p1a: Steelix|94/100
|move|p1a: Steelix|Body Press|p2a: Rhyperior
|-supereffective|p2a: Rhyperior
|-damage|p2a: Rhyperior|39/100 tox
|
|-heal|p2a: Rhyperior|45/100 tox|[from] item: Leftovers
|-heal|p1a: Steelix|100/100|[from] item: Leftovers
|-damage|p2a: Rhyperior|33/100 tox|[from] psn
|upkeep
|turn|25
|
|t:|1645908048
|switch|p1a: Togekiss|Togekiss, M|2/100
|move|p2a: Rhyperior|Stone Edge|p1a: Togekiss
|-supereffective|p1a: Togekiss
|-damage|p1a: Togekiss|0 fnt
|faint|p1a: Togekiss
|
|-heal|p2a: Rhyperior|39/100 tox|[from] item: Leftovers
|-damage|p2a: Rhyperior|21/100 tox|[from] psn
|upkeep
|
|t:|1645908058
|switch|p1a: Gallade|Gallade, M, shiny|30/100
|-damage|p1a: Gallade|24/100|[from] Stealth Rock
|turn|26
|
|t:|1645908069
|switch|p2a: Metagross|Metagross|24/100
|-damage|p2a: Metagross|18/100|[from] Stealth Rock
|move|p1a: Gallade|Close Combat|p2a: Metagross
|-damage|p2a: Metagross|0 fnt
|-unboost|p1a: Gallade|def|1
|-unboost|p1a: Gallade|spd|1
|faint|p2a: Metagross
|
|upkeep
|
|t:|1645908072
|switch|p2a: Heliolisk|Heliolisk, M|100/100
|turn|27
|
|t:|1645908089
|switch|p1a: Steelix|Steelix, F|100/100
|-damage|p1a: Steelix|97/100|[from] Stealth Rock
|move|p2a: Heliolisk|Grass Knot|p1a: Steelix
|-damage|p1a: Steelix|64/100
|
|-heal|p1a: Steelix|71/100|[from] item: Leftovers
|upkeep
|turn|28
|
|t:|1645908102
|move|p2a: Heliolisk|Focus Blast|p1a: Steelix
|-supereffective|p1a: Steelix
|-damage|p1a: Steelix|2/100
|move|p1a: Steelix|Body Press|p2a: Heliolisk
|-supereffective|p2a: Heliolisk
|-damage|p2a: Heliolisk|0 fnt
|faint|p2a: Heliolisk
|
|-heal|p1a: Steelix|8/100|[from] item: Leftovers
|upkeep
|c|☆whistling|u gotta be kidding me
|
|t:|1645908124
|switch|p2a: Milotic|Milotic, F|75/100
|turn|29
|
|t:|1645908131
|move|p2a: Milotic|Flip Turn|p1a: Steelix
|-supereffective|p1a: Steelix
|-damage|p1a: Steelix|0 fnt
|faint|p1a: Steelix
|
|t:|1645908134
|switch|p2a: Crobat|Crobat, M|59/100|[from]move: Flip Turn
|-damage|p2a: Crobat|35/100|[from] Stealth Rock
|
|upkeep
|
|t:|1645908140
|switch|p1a: Suicune|Suicune|59/100
|-damage|p1a: Suicune|46/100|[from] Stealth Rock
|-ability|p1a: Suicune|Pressure
|turn|30
|
|t:|1645908145
|move|p2a: Crobat|Brave Bird|p1a: Suicune
|-damage|p1a: Suicune|19/100
|-damage|p2a: Crobat|24/100|[from] Recoil
|move|p1a: Suicune|Scald|p2a: Crobat
|-damage|p2a: Crobat|0 fnt
|faint|p2a: Crobat
|
|-heal|p1a: Suicune|25/100|[from] item: Leftovers
|upkeep
|c|☆whistling|GG!!
|-message|whistling forfeited.
|
|win|uprising 007
|raw|uprising 007's rating: 1449 &rarr; <strong>1478</strong><br />(+29 for winning)
|raw|whistling's rating: 1616 &rarr; <strong>1587</strong><br />(-29 for losing)
|l|☆whistling
||Ladder isn't responding, score probably updated but might not have (Request timeout).
