|j|☆Testinganteater
|j|☆bigbruhdaddy
|t:|1664409872
|gametype|singles
|player|p1|Testinganteater|harlequin|1394
|player|p2|bigbruhdaddy|265|1130
|teamsize|p1|6
|teamsize|p2|6
|gen|8
|tier|[Gen 8] RU
|rated|
|rule|Sleep Clause Mod: Limit one foe put to sleep
|rule|Species Clause: Limit one of each Pokémon
|rule|OHKO Clause: OHKO moves are banned
|rule|Evasion Items Clause: Evasion items are banned
|rule|Evasion Moves Clause: Evasion moves are banned
|rule|Endless Battle Clause: Forcing endless battles is banned
|rule|HP Percentage Mod: HP is shown in percentages
|rule|Dynamax Clause: You cannot dynamax
|clearpoke
|poke|p1|Golisopod, M|
|poke|p1|Steelix, M|
|poke|p1|Noivern, M|
|poke|p1|Tsareena, F|
|poke|p1|Bewear, M|
|poke|p1|Chandelure, M|
|poke|p2|Flygon, F|
|poke|p2|Crobat, M|
|poke|p2|Heracross, M|
|poke|p2|Milotic, M|
|poke|p2|Registeel|
|poke|p2|Raikou|
|teampreview
|
|t:|1664409898
|start
|switch|p1a: Chandelure|Chandelure, M, shiny|100/100
|switch|p2a: Goggles|Flygon, F|100/100
|turn|1
|
|t:|1664409914
|switch|p1a: Noivern|Noivern, M|100/100
|move|p2a: Goggles|Earthquake|p1a: Noivern
|-immune|p1a: Noivern
|
|upkeep
|turn|2
|
|t:|1664409922
|switch|p2a: TUNGSTEN|Registeel|100/100
|move|p1a: Noivern|U-turn|p2a: TUNGSTEN
|-resisted|p2a: TUNGSTEN
|-damage|p2a: TUNGSTEN|97/100
|
|t:|1664409937
|switch|p1a: Tsareena|Tsareena, F|100/100|[from]move: U-turn
|
|-heal|p2a: TUNGSTEN|100/100|[from] item: Leftovers
|upkeep
|turn|3
|
|t:|1664409946
|move|p1a: Tsareena|Knock Off|p2a: TUNGSTEN
|-damage|p2a: TUNGSTEN|81/100
|-enditem|p2a: TUNGSTEN|Leftovers|[from] move: Knock Off|[of] p1a: Tsareena
|move|p2a: TUNGSTEN|Toxic|p1a: Tsareena
|-status|p1a: Tsareena|tox
|
|-damage|p1a: Tsareena|95/100 tox|[from] psn
|upkeep
|turn|4
|
|t:|1664409956
|move|p1a: Tsareena|Triple Axel|p2a: TUNGSTEN|[miss]
|-miss|p1a: Tsareena|p2a: TUNGSTEN
|move|p2a: TUNGSTEN|Stealth Rock|p1a: Tsareena
|-sidestart|p1: Testinganteater|move: Stealth Rock
|
|-damage|p1a: Tsareena|83/100 tox|[from] psn
|upkeep
|turn|5
|
|t:|1664409982
|switch|p1a: Steelix|Steelix, M|100/100
|-damage|p1a: Steelix|97/100|[from] Stealth Rock
|move|p2a: TUNGSTEN|Heavy Slam|p1a: Steelix
|-resisted|p1a: Steelix
|-crit|p1a: Steelix
|-damage|p1a: Steelix|93/100
|
|-heal|p1a: Steelix|99/100|[from] item: Leftovers
|upkeep
|turn|6
|
|t:|1664410011
|switch|p2a: Acrobat|Crobat, M|100/100
|move|p1a: Steelix|Stealth Rock|p2a: Acrobat
|-sidestart|p2: bigbruhdaddy|move: Stealth Rock
|
|-heal|p1a: Steelix|100/100|[from] item: Leftovers
|upkeep
|turn|7
|
|t:|1664410028
|switch|p1a: Noivern|Noivern, M|100/100
|move|p2a: Acrobat|Defog|p1a: Noivern
|-unboost|p1a: Noivern|evasion|1
|-sideend|p1: Testinganteater|Stealth Rock|[from] move: Defog|[of] p2a: Acrobat
|-sideend|p2: bigbruhdaddy|Stealth Rock|[from] move: Defog|[of] p2a: Acrobat
|
|upkeep
|turn|8
|
|t:|1664410035
|move|p2a: Acrobat|U-turn|p1a: Noivern
|-resisted|p1a: Noivern
|-damage|p1a: Noivern|88/100
|
|t:|1664410040
|switch|p2a: Diego|Raikou|100/100|[from]move: U-turn
|move|p1a: Noivern|Flamethrower|p2a: Diego
|-damage|p2a: Diego|72/100
|
|-heal|p2a: Diego|78/100|[from] item: Leftovers
|upkeep
|turn|9
|
|t:|1664410057
|move|p1a: Noivern|U-turn|p2a: Diego
|-damage|p2a: Diego|65/100
|
|t:|1664410063
|switch|p1a: Tsareena|Tsareena, F|83/100 tox|[from]move: U-turn
|move|p2a: Diego|Calm Mind|p2a: Diego
|-boost|p2a: Diego|spa|1
|-boost|p2a: Diego|spd|1
|
|-heal|p2a: Diego|71/100|[from] item: Leftovers
|-damage|p1a: Tsareena|77/100 tox|[from] psn
|upkeep
|turn|10
|
|t:|1664410076
|move|p2a: Diego|Shadow Ball|p1a: Tsareena
|-damage|p1a: Tsareena|33/100 tox
|move|p1a: Tsareena|Triple Axel|p2a: Diego
|-damage|p2a: Diego|61/100
|-hitcount|p2a: Diego|1
|
|-heal|p2a: Diego|67/100|[from] item: Leftovers
|-damage|p1a: Tsareena|22/100 tox|[from] psn
|upkeep
|turn|11
|
|t:|1664410096
|move|p2a: Diego|Shadow Ball|p1a: Tsareena
|-damage|p1a: Tsareena|0 fnt
|faint|p1a: Tsareena
|
|-heal|p2a: Diego|73/100|[from] item: Leftovers
|upkeep
|
|t:|1664410110
|switch|p1a: Steelix|Steelix, M|100/100
|turn|12
|
|t:|1664410128
|move|p2a: Diego|Aura Sphere|p1a: Steelix
|-supereffective|p1a: Steelix
|-damage|p1a: Steelix|32/100
|move|p1a: Steelix|Earthquake|p2a: Diego
|-supereffective|p2a: Diego
|-damage|p2a: Diego|0 fnt
|faint|p2a: Diego
|
|-heal|p1a: Steelix|38/100|[from] item: Leftovers
|upkeep
|
|t:|1664410144
|switch|p2a: Venus|Milotic, M|100/100
|turn|13
|
|t:|1664410153
|switch|p1a: Golisopod|Golisopod, M|100/100
|move|p2a: Venus|Scald|p1a: Golisopod
|-resisted|p1a: Golisopod
|-damage|p1a: Golisopod|86/100
|-status|p1a: Golisopod|brn
|
|-damage|p1a: Golisopod|80/100 brn|[from] brn
|upkeep
|turn|14
|
|t:|1664410188
|move|p2a: Venus|Flip Turn|p1a: Golisopod
|-resisted|p1a: Golisopod
|-damage|p1a: Golisopod|75/100 brn
|
|t:|1664410193
|switch|p2a: Acrobat|Crobat, M|100/100|[from]move: Flip Turn
|move|p1a: Golisopod|Spikes|p2a: Acrobat
|-sidestart|p2: bigbruhdaddy|Spikes
|
|-damage|p1a: Golisopod|69/100 brn|[from] brn
|upkeep
|turn|15
|
|t:|1664410215
|switch|p1a: Chandelure|Chandelure, M, shiny|100/100
|move|p2a: Acrobat|Brave Bird|p1a: Chandelure
|-damage|p1a: Chandelure|33/100
|-damage|p2a: Acrobat|82/100|[from] Recoil
|
|upkeep
|turn|16
|
|t:|1664410230
|move|p1a: Chandelure|Fire Blast|p2a: Acrobat
|-damage|p2a: Acrobat|3/100
|move|p2a: Acrobat|U-turn|p1a: Chandelure
|-resisted|p1a: Chandelure
|-damage|p1a: Chandelure|27/100
|
|t:|1664410250
|switch|p2a: Venus|Milotic, M|100/100|[from]move: U-turn
|-damage|p2a: Venus|88/100|[from] Spikes
|
|-heal|p2a: Venus|94/100|[from] item: Leftovers
|upkeep
|turn|17
|
|t:|1664410261
|switch|p1a: Golisopod|Golisopod, M|69/100 brn
|move|p2a: Venus|Flip Turn|p1a: Golisopod
|-resisted|p1a: Golisopod
|-damage|p1a: Golisopod|64/100 brn
|
|t:|1664410277
|switch|p2a: Goggles|Flygon, F|100/100|[from]move: Flip Turn
|
|-damage|p1a: Golisopod|58/100 brn|[from] brn
|upkeep
|turn|18
|
|t:|1664410295
|move|p1a: Golisopod|First Impression|p2a: Goggles
|-damage|p2a: Goggles|64/100
|move|p2a: Goggles|Rock Slide|p1a: Golisopod|[miss]
|-miss|p2a: Goggles|p1a: Golisopod
|
|-damage|p1a: Golisopod|52/100 brn|[from] brn
|upkeep
|turn|19
|
|t:|1664410310
|switch|p1a: Steelix|Steelix, M|38/100
|move|p2a: Goggles|Rock Slide|p1a: Steelix
|-resisted|p1a: Steelix
|-damage|p1a: Steelix|35/100
|
|-heal|p1a: Steelix|41/100|[from] item: Leftovers
|upkeep
|turn|20
|
|t:|1664410336
|switch|p2a: Big Bug Man|Heracross, M|100/100
|-damage|p2a: Big Bug Man|88/100|[from] Spikes
|move|p1a: Steelix|Stealth Rock|p2a: Big Bug Man
|-sidestart|p2: bigbruhdaddy|move: Stealth Rock
|
|-heal|p1a: Steelix|48/100|[from] item: Leftovers
|-status|p2a: Big Bug Man|brn|[from] item: Flame Orb
|upkeep
|turn|21
|
|t:|1664410389
|switch|p1a: Noivern|Noivern, M|88/100
|move|p2a: Big Bug Man|Close Combat|p1a: Noivern
|-resisted|p1a: Noivern
|-damage|p1a: Noivern|29/100
|-unboost|p2a: Big Bug Man|def|1
|-unboost|p2a: Big Bug Man|spd|1
|
|-damage|p2a: Big Bug Man|82/100 brn|[from] brn
|upkeep
|turn|22
|
|t:|1664410403
|switch|p2a: TUNGSTEN|Registeel|81/100
|-damage|p2a: TUNGSTEN|68/100|[from] Spikes
|-damage|p2a: TUNGSTEN|62/100|[from] Stealth Rock
|move|p1a: Noivern|Draco Meteor|p2a: TUNGSTEN
|-resisted|p2a: TUNGSTEN
|-damage|p2a: TUNGSTEN|49/100
|-unboost|p1a: Noivern|spa|2
|
|upkeep
|turn|23
|
|t:|1664410424
|move|p1a: Noivern|U-turn|p2a: TUNGSTEN
|-resisted|p2a: TUNGSTEN
|-damage|p2a: TUNGSTEN|46/100
|
|t:|1664410431
|switch|p1a: Bewear|Bewear, M|100/100|[from]move: U-turn
|move|p2a: TUNGSTEN|Heavy Slam|p1a: Bewear
|-damage|p1a: Bewear|95/100
|
|upkeep
|turn|24
|
|t:|1664410452
|move|p1a: Bewear|Swords Dance|p1a: Bewear
|-boost|p1a: Bewear|atk|2
|move|p2a: TUNGSTEN|Toxic|p1a: Bewear
|-status|p1a: Bewear|tox
|
|-damage|p1a: Bewear|89/100 tox|[from] psn
|upkeep
|turn|25
|
|t:|1664410465
|move|p1a: Bewear|Drain Punch|p2a: TUNGSTEN
|-supereffective|p2a: TUNGSTEN
|-damage|p2a: TUNGSTEN|0 fnt
|-heal|p1a: Bewear|100/100 tox|[from] drain|[of] p2a: TUNGSTEN
|faint|p2a: TUNGSTEN
|
|-damage|p1a: Bewear|88/100 tox|[from] psn
|upkeep
|
|t:|1664410474
|switch|p2a: Acrobat|Crobat, M|3/100
|turn|26
|
|t:|1664410495
|switch|p1a: Steelix|Steelix, M|48/100
|move|p2a: Acrobat|Roost|p2a: Acrobat
|-heal|p2a: Acrobat|54/100
|-singleturn|p2a: Acrobat|move: Roost
|
|-heal|p1a: Steelix|54/100|[from] item: Leftovers
|upkeep
|turn|27
|
|t:|1664410539
|move|p2a: Acrobat|U-turn|p1a: Steelix
|-resisted|p1a: Steelix
|-damage|p1a: Steelix|49/100
|
|t:|1664410546
|switch|p2a: Goggles|Flygon, F|64/100|[from]move: U-turn
|-damage|p2a: Goggles|58/100|[from] Stealth Rock
|move|p1a: Steelix|Heavy Slam|p2a: Goggles
|-damage|p2a: Goggles|18/100
|
|-heal|p1a: Steelix|55/100|[from] item: Leftovers
|upkeep
|turn|28
|
|t:|1664410564
|switch|p1a: Golisopod|Golisopod, M|52/100 brn
|move|p2a: Goggles|U-turn|p1a: Golisopod
|-damage|p1a: Golisopod|36/100 brn
|-activate|p1a: Golisopod|ability: Emergency Exit
|
|t:|1664410580
|switch|p1a: Chandelure|Chandelure, M, shiny|27/100
|
|upkeep
|turn|29
|
|t:|1664410613
|switch|p2a: Acrobat|Crobat, M|54/100
|move|p1a: Chandelure|Shadow Ball|p2a: Acrobat
|-damage|p2a: Acrobat|0 fnt
|faint|p2a: Acrobat
|
|upkeep
|
|t:|1664410628
|switch|p2a: Venus|Milotic, M|94/100
|-damage|p2a: Venus|82/100|[from] Spikes
|-damage|p2a: Venus|69/100|[from] Stealth Rock
|turn|30
|inactive|Battle timer is ON: inactive players will automatically lose when time's up. (requested by Testinganteater)
|
|t:|1664410638
|switch|p1a: Golisopod|Golisopod, M|36/100 brn
|move|p2a: Venus|Recover|p2a: Venus
|-heal|p2a: Venus|100/100
|
|-damage|p1a: Golisopod|30/100 brn|[from] brn
|upkeep
|turn|31
|
|t:|1664410650
|move|p2a: Venus|Flip Turn|p1a: Golisopod
|-resisted|p1a: Golisopod
|-damage|p1a: Golisopod|25/100 brn
|
|t:|1664410659
|switch|p2a: Goggles|Flygon, F|18/100|[from]move: Flip Turn
|-damage|p2a: Goggles|12/100|[from] Stealth Rock
|move|p1a: Golisopod|Spikes|p2a: Goggles
|-sidestart|p2: bigbruhdaddy|Spikes
|
|-damage|p1a: Golisopod|19/100 brn|[from] brn
|upkeep
|turn|32
|
|t:|1664410684
|move|p2a: Goggles|Outrage|p1a: Golisopod
|-damage|p1a: Golisopod|0 fnt
|faint|p1a: Golisopod
|
|upkeep
|
|t:|1664410689
|switch|p1a: Steelix|Steelix, M|55/100
|turn|33
|inactive|bigbruhdaddy has 120 seconds left.
|
|t:|1664410726
|move|p2a: Goggles|Outrage|p1a: Steelix|[from]lockedmove
|-resisted|p1a: Steelix
|-damage|p1a: Steelix|40/100
|move|p1a: Steelix|Heavy Slam|p2a: Goggles
|-damage|p2a: Goggles|0 fnt
|faint|p2a: Goggles
|
|-heal|p1a: Steelix|46/100|[from] item: Leftovers
|upkeep
|
|t:|1664410738
|switch|p2a: Venus|Milotic, M|100/100
|-damage|p2a: Venus|84/100|[from] Spikes
|-damage|p2a: Venus|72/100|[from] Stealth Rock
|turn|34
|
|t:|1664410750
|move|p2a: Venus|Scald|p1a: Steelix
|-supereffective|p1a: Steelix
|-damage|p1a: Steelix|0 fnt
|faint|p1a: Steelix
|
|-heal|p2a: Venus|78/100|[from] item: Leftovers
|upkeep
|
|t:|1664410757
|switch|p1a: Chandelure|Chandelure, M, shiny|27/100
|turn|35
|
|t:|1664410763
|move|p1a: Chandelure|Trick|p2a: Venus
|-activate|p1a: Chandelure|move: Trick|[of] p2a: Venus
|-item|p2a: Venus|Choice Scarf|[from] move: Trick
|-item|p1a: Chandelure|Leftovers|[from] move: Trick
|move|p2a: Venus|Flip Turn|p1a: Chandelure
|-supereffective|p1a: Chandelure
|-damage|p1a: Chandelure|0 fnt
|faint|p1a: Chandelure
|
|t:|1664410771
|switch|p2a: Big Bug Man|Heracross, M|82/100 brn|[from]move: Flip Turn
|-damage|p2a: Big Bug Man|66/100 brn|[from] Spikes
|-damage|p2a: Big Bug Man|53/100 brn|[from] Stealth Rock
|
|-damage|p2a: Big Bug Man|47/100 brn|[from] brn
|upkeep
|
|t:|1664410779
|switch|p1a: Noivern|Noivern, M|29/100
|turn|36
|
|t:|1664410785
|switch|p2a: Venus|Milotic, M|78/100
|-damage|p2a: Venus|61/100|[from] Spikes
|-damage|p2a: Venus|49/100|[from] Stealth Rock
|move|p1a: Noivern|Flamethrower|p2a: Venus
|-resisted|p2a: Venus
|-damage|p2a: Venus|41/100
|
|upkeep
|turn|37
|
|t:|1664410795
|move|p1a: Noivern|Roost|p1a: Noivern
|-heal|p1a: Noivern|79/100
|-singleturn|p1a: Noivern|move: Roost
|move|p2a: Venus|Ice Beam|p1a: Noivern
|-supereffective|p1a: Noivern
|-damage|p1a: Noivern|26/100
|
|upkeep
|turn|38
|
|t:|1664410813
|move|p1a: Noivern|Draco Meteor|p2a: Venus
|-damage|p2a: Venus|6/100
|-unboost|p1a: Noivern|spa|2
|move|p2a: Venus|Ice Beam|p1a: Noivern
|-supereffective|p1a: Noivern
|-damage|p1a: Noivern|0 fnt
|faint|p1a: Noivern
|
|upkeep
|
|t:|1664410817
|switch|p1a: Bewear|Bewear, M|88/100 tox
|turn|39
|
|t:|1664410826
|move|p2a: Venus|Ice Beam|p1a: Bewear
|-damage|p1a: Bewear|62/100 tox
|move|p1a: Bewear|Double-Edge|p2a: Venus
|-damage|p2a: Venus|0 fnt
|faint|p2a: Venus
|-damage|p1a: Bewear|61/100 tox|[from] Recoil
|
|-damage|p1a: Bewear|55/100 tox|[from] psn
|upkeep
|
|t:|1664410838
|switch|p2a: Big Bug Man|Heracross, M|47/100 brn
|-damage|p2a: Big Bug Man|31/100 brn|[from] Spikes
|-damage|p2a: Big Bug Man|18/100 brn|[from] Stealth Rock
|turn|40
|
|t:|1664410854
|move|p2a: Big Bug Man|Close Combat|p1a: Bewear
|-supereffective|p1a: Bewear
|-enditem|p1a: Bewear|Chople Berry|[eat]
|-enditem|p1a: Bewear|Chople Berry|[weaken]
|-damage|p1a: Bewear|10/100 tox
|-unboost|p2a: Big Bug Man|def|1
|-unboost|p2a: Big Bug Man|spd|1
|move|p1a: Bewear|Double-Edge|p2a: Big Bug Man
|-damage|p2a: Big Bug Man|0 fnt
|faint|p2a: Big Bug Man
|-damage|p1a: Bewear|5/100 tox|[from] Recoil
|
|win|Testinganteater
|raw|Testinganteater's rating: 1394 &rarr; <strong>1401</strong><br />(+7 for winning)
|raw|bigbruhdaddy's rating: 1130 &rarr; <strong>1121</strong><br />(-9 for losing)
|c|☆Testinganteater|Gg
|l|☆bigbruhdaddy
||Ladder isn't responding, score probably updated but might not have (Request timeout).
