|raw|<div class="broadcast-blue"><strong>This battle is required to be public due to a player having a name starting with 'rult70'.</div>
|j|‽DeniVSL
|j|☆RULT70M Zena'
|t:|1626734836
|gametype|singles
|player|p1|DeniVSL|preschooler|1433
|player|p2|RULT70M Zena'|cyrus|1392
|teamsize|p1|6
|teamsize|p2|6
|gen|8
|tier|[Gen 8] RU
|rated|
|rule|Sleep Clause Mod: Limit one foe put to sleep
|rule|Species Clause: Limit one of each Pokémon
|rule|OHKO Clause: OHKO moves are banned
|rule|Evasion Moves Clause: Evasion moves are banned
|rule|Endless Battle Clause: Forcing endless battles is banned
|rule|HP Percentage Mod: HP is shown in percentages
|rule|Dynamax Clause: You cannot dynamax
|clearpoke
|poke|p1|Cloyster, F|
|poke|p1|Noivern, M|
|poke|p1|Seismitoad, M|
|poke|p1|Togekiss, M|
|poke|p1|Volcanion|
|poke|p1|Jolteon, M|
|poke|p2|Ribombee, M|
|poke|p2|Regidrago|
|poke|p2|Golurk|
|poke|p2|Obstagoon, M|
|poke|p2|Reuniclus, M|
|poke|p2|Lucario, M|
|teampreview
|inactive|Battle timer is ON: inactive players will automatically lose when time's up. (requested by DeniVSL)
|
|t:|1626734842
|start
|switch|p1a: Togekiss|Togekiss, M|100/100
|switch|p2a: Ribombee|Ribombee, M, shiny|100/100
|turn|1
|
|t:|1626734849
|move|p1a: Togekiss|Air Slash|p2a: Ribombee
|-supereffective|p2a: Ribombee
|-enditem|p2a: Ribombee|Focus Sash
|-damage|p2a: Ribombee|1/100
|move|p2a: Ribombee|Sticky Web|p1a: Togekiss
|-sidestart|p1: DeniVSL|move: Sticky Web
|
|upkeep
|turn|2
|
|t:|1626734860
|move|p1a: Togekiss|Air Slash|p2a: Ribombee
|-supereffective|p2a: Ribombee
|-damage|p2a: Ribombee|0 fnt
|faint|p2a: Ribombee
|
|upkeep
|
|t:|1626734869
|switch|p2a: Obstagoon|Obstagoon, M, shiny|100/100
|turn|3
|
|t:|1626734876
|switch|p1a: Noivern|Noivern, M|100/100
|-item|p2a: Obstagoon|Flame Orb|[from] ability: Frisk|[of] p1a: Noivern|[identify]
|move|p2a: Obstagoon|Knock Off|p1a: Noivern
|-damage|p1a: Noivern|48/100
|-enditem|p1a: Noivern|Heavy-Duty Boots|[from] move: Knock Off|[of] p2a: Obstagoon
|
|-status|p2a: Obstagoon|brn|[from] item: Flame Orb
|upkeep
|turn|4
|
|t:|1626734888
|move|p1a: Noivern|Defog|p2a: Obstagoon
|-unboost|p2a: Obstagoon|evasion|1
|-sideend|p1: DeniVSL|Sticky Web|[from] move: Defog|[of] p1a: Noivern
|move|p2a: Obstagoon|Facade|p1a: Noivern
|-damage|p1a: Noivern|0 fnt
|faint|p1a: Noivern
|
|-damage|p2a: Obstagoon|94/100 brn|[from] brn
|upkeep
|j|+Oathkeepre
|inactive|DeniVSL has 120 seconds left.
|
|t:|1626734917
|switch|p1a: Seismitoad|Seismitoad, M|100/100
|turn|5
|
|t:|1626734929
|switch|p2a: Regidrago|Regidrago, shiny|100/100
|move|p1a: Seismitoad|Stealth Rock|p2a: Regidrago
|-sidestart|p2: RULT70M Zena'|move: Stealth Rock
|
|upkeep
|turn|6
|
|t:|1626734944
|switch|p1a: Togekiss|Togekiss, M|100/100
|move|p2a: Regidrago|Hyper Beam|p1a: Togekiss|[miss]
|-miss|p2a: Regidrago|p1a: Togekiss
|
|upkeep
|turn|7
|
|t:|1626734951
|move|p1a: Togekiss|Air Slash|p2a: Regidrago
|-damage|p2a: Regidrago|59/100
|cant|p2a: Regidrago|flinch
|
|upkeep
|turn|8
|j| rult70m mac3 ✝
|j|+Feliburn
|
|t:|1626734965
|move|p1a: Togekiss|Air Slash|p2a: Regidrago
|-damage|p2a: Regidrago|16/100
|cant|p2a: Regidrago|flinch
|
|upkeep
|turn|9
|
|t:|1626734970
|move|p1a: Togekiss|Air Slash|p2a: Regidrago
|-damage|p2a: Regidrago|0 fnt
|faint|p2a: Regidrago
|
|upkeep
|
|t:|1626734973
|switch|p2a: Lucario|Lucario, M, shiny|100/100
|-damage|p2a: Lucario|98/100|[from] Stealth Rock
|turn|10
|
|t:|1626734984
|switch|p1a: Seismitoad|Seismitoad, M|100/100
|move|p2a: Lucario|Meteor Mash|p1a: Seismitoad
|-resisted|p1a: Seismitoad
|-damage|p1a: Seismitoad|82/100
|-boost|p2a: Lucario|atk|1
|-damage|p2a: Lucario|88/100|[from] item: Life Orb
|
|-heal|p1a: Seismitoad|88/100|[from] item: Leftovers
|upkeep
|turn|11
|
|t:|1626734995
|move|p2a: Lucario|Close Combat|p1a: Seismitoad
|-damage|p1a: Seismitoad|15/100
|-unboost|p2a: Lucario|def|1
|-unboost|p2a: Lucario|spd|1
|-damage|p2a: Lucario|78/100|[from] item: Life Orb
|move|p1a: Seismitoad|Earthquake|p2a: Lucario
|-supereffective|p2a: Lucario
|-damage|p2a: Lucario|0 fnt
|faint|p2a: Lucario
|
|-heal|p1a: Seismitoad|21/100|[from] item: Leftovers
|upkeep
|
|t:|1626735003
|switch|p2a: Reuniclus|Reuniclus, M, shiny|100/100
|turn|12
|
|t:|1626735011
|switch|p1a: Togekiss|Togekiss, M|100/100
|move|p2a: Reuniclus|Calm Mind|p2a: Reuniclus
|-boost|p2a: Reuniclus|spa|1
|-boost|p2a: Reuniclus|spd|1
|
|upkeep
|turn|13
|
|t:|1626735019
|switch|p2a: Obstagoon|Obstagoon, M, shiny|94/100 brn
|-damage|p2a: Obstagoon|82/100 brn|[from] Stealth Rock
|move|p1a: Togekiss|Air Slash|p2a: Obstagoon
|-damage|p2a: Obstagoon|40/100 brn
|
|-damage|p2a: Obstagoon|34/100 brn|[from] brn
|upkeep
|turn|14
|
|t:|1626735035
|move|p1a: Togekiss|Air Slash|p2a: Obstagoon
|-damage|p2a: Obstagoon|0 fnt
|faint|p2a: Obstagoon
|
|upkeep
|
|t:|1626735062
|switch|p2a: Reuniclus|Reuniclus, M, shiny|100/100
|turn|15
|
|t:|1626735073
|move|p1a: Togekiss|Air Slash|p2a: Reuniclus
|-damage|p2a: Reuniclus|63/100
|move|p2a: Reuniclus|Calm Mind|p2a: Reuniclus
|-boost|p2a: Reuniclus|spa|1
|-boost|p2a: Reuniclus|spd|1
|
|-heal|p2a: Reuniclus|70/100|[from] item: Leftovers
|upkeep
|turn|16
|
|t:|1626735081
|move|p1a: Togekiss|Air Slash|p2a: Reuniclus
|-damage|p2a: Reuniclus|47/100
|move|p2a: Reuniclus|Recover|p2a: Reuniclus
|-heal|p2a: Reuniclus|97/100
|
|-heal|p2a: Reuniclus|100/100|[from] item: Leftovers
|upkeep
|turn|17
|
|t:|1626735090
|switch|p1a: Seismitoad|Seismitoad, M|21/100
|move|p2a: Reuniclus|Calm Mind|p2a: Reuniclus
|-boost|p2a: Reuniclus|spa|1
|-boost|p2a: Reuniclus|spd|1
|
|-heal|p1a: Seismitoad|27/100|[from] item: Leftovers
|upkeep
|turn|18
|
|t:|1626735099
|switch|p1a: Togekiss|Togekiss, M|100/100
|move|p2a: Reuniclus|Psyshock|p1a: Togekiss
|-damage|p1a: Togekiss|19/100
|
|upkeep
|turn|19
|
|t:|1626735106
|move|p1a: Togekiss|Trick|p2a: Reuniclus
|-activate|p1a: Togekiss|move: Trick|[of] p2a: Reuniclus
|-item|p2a: Reuniclus|Choice Scarf|[from] move: Trick
|-item|p1a: Togekiss|Leftovers|[from] move: Trick
|move|p2a: Reuniclus|Psyshock|p1a: Togekiss
|-damage|p1a: Togekiss|0 fnt
|faint|p1a: Togekiss
|
|upkeep
|
|t:|1626735118
|switch|p1a: Volcanion|Volcanion|100/100
|turn|20
|
|t:|1626735141
|move|p1a: Volcanion|Flamethrower|p2a: Reuniclus
|-damage|p2a: Reuniclus|67/100
|move|p2a: Reuniclus|Psyshock|p1a: Volcanion
|-damage|p1a: Volcanion|33/100
|
|upkeep
|turn|21
|
|t:|1626735149
|move|p1a: Volcanion|Flamethrower|p2a: Reuniclus
|-damage|p2a: Reuniclus|34/100
|move|p2a: Reuniclus|Psyshock|p1a: Volcanion
|-damage|p1a: Volcanion|0 fnt
|faint|p1a: Volcanion
|
|upkeep
|
|t:|1626735158
|switch|p1a: Cloyster|Cloyster, F|100/100
|turn|22
|
|t:|1626735163
|move|p1a: Cloyster|Shell Smash|p1a: Cloyster
|-unboost|p1a: Cloyster|def|1
|-unboost|p1a: Cloyster|spd|1
|-boost|p1a: Cloyster|atk|2
|-boost|p1a: Cloyster|spa|2
|-boost|p1a: Cloyster|spe|2
|move|p2a: Reuniclus|Psyshock|p1a: Cloyster
|-damage|p1a: Cloyster|14/100
|
|upkeep
|turn|23
|
|t:|1626735172
|move|p1a: Cloyster|Icicle Spear|p2a: Reuniclus
|-damage|p2a: Reuniclus|19/100
|-damage|p2a: Reuniclus|4/100
|-damage|p2a: Reuniclus|0 fnt
|faint|p2a: Reuniclus
|-hitcount|p2: Reuniclus|3
|
|upkeep
|
|t:|1626735179
|switch|p2a: Golurk|Golurk, shiny|100/100
|-damage|p2a: Golurk|95/100|[from] Stealth Rock
|turn|24
|
|t:|1626735184
|move|p1a: Cloyster|Icicle Spear|p2a: Golurk
|-supereffective|p2a: Golurk
|-damage|p2a: Golurk|36/100
|-supereffective|p2a: Golurk
|-damage|p2a: Golurk|0 fnt
|faint|p2a: Golurk
|-hitcount|p2: Golurk|2
|
|win|DeniVSL
|raw|DeniVSL's rating: 1413 &rarr; <strong>1432</strong><br />(+19 for winning)
|raw|RULT70M Zena&apos;'s rating: 1392 &rarr; <strong>1373</strong><br />(-19 for losing)
|l|☆RULT70M Zena'
||Ladder isn't responding, score probably updated but might not have (Request timeout).
|j| Rult70dani
|l| Rult70dani
