|j|☆Madinina
|j|☆Sharow 水上
|t:|1623365210
|gametype|singles
|player|p1|Madinina|archie-gen3|
|player|p2|Sharow 水上|smasher|
|teamsize|p1|6
|teamsize|p2|6
|gen|8
|tier|[Gen 8] RU
|rule|Sleep Clause Mod: Limit one foe put to sleep
|rule|Species Clause: Limit one of each Pokémon
|rule|OHKO Clause: OHKO moves are banned
|rule|Evasion Moves Clause: Evasion moves are banned
|rule|Endless Battle Clause: Forcing endless battles is banned
|rule|HP Percentage Mod: HP is shown in percentages
|rule|Dynamax Clause: You cannot dynamax
|clearpoke
|poke|p1|Darmanitan, M|
|poke|p1|Torkoal, M|
|poke|p1|Xatu, M|
|poke|p1|Klefki, M|
|poke|p1|Charizard, F|
|poke|p1|Heliolisk, M|
|poke|p2|Pangoro, M|
|poke|p2|Golisopod, F|
|poke|p2|Steelix, F|
|poke|p2|Noivern, F|
|poke|p2|Xurkitree|
|poke|p2|Dhelmise|
|teampreview
|inactive|Battle timer is ON: inactive players will automatically lose when time's up. (requested by Sharow 水上)
|j| UBZH Nino
|j| Masskeauuu
|inactive|Madinina has 270 seconds left.
|inactive|Sharow 水上 has 270 seconds left.
|j| zS
|j| Ryuji-Sensei
|j| isa200bela
|c|☆Madinina|hf
|c| zS|Oula alerte panda
|l| isa200bela
|j| Remi25
|j| yedla
|c| zS|Il a pas l’air content l’animal
|j|+Emeri ✿@!
|
|t:|1623365267
|start
|switch|p1a: Torkoal|Torkoal, M|100/100
|switch|p2a: Xurkitree|Xurkitree|100/100
|-weather|SunnyDay|[from] ability: Drought|[of] p1a: Torkoal
|turn|1
|j| Agarica
|
|t:|1623365276
|switch|p1a: Klefki|Klefki, M|100/100
|move|p2a: Xurkitree|Volt Switch|p1a: Klefki
|-damage|p1a: Klefki|65/100
|-enditem|p1a: Klefki|Eject Button
|
|t:|1623365280
|switch|p1a: Darmanitan|Darmanitan, M|100/100
|
|-weather|SunnyDay|[upkeep]
|upkeep
|turn|2
|j| isa200bela
|
|t:|1623365289
|switch|p2a: Noivern|Noivern, F|100/100
|move|p1a: Darmanitan|Flare Blitz|p2a: Noivern
|-resisted|p2a: Noivern
|-damage|p2a: Noivern|31/100
|-damage|p1a: Darmanitan|80/100|[from] Recoil
|
|-weather|SunnyDay|[upkeep]
|upkeep
|turn|3
|
|t:|1623365296
|move|p1a: Darmanitan|Flare Blitz|p2a: Noivern
|-resisted|p2a: Noivern
|-damage|p2a: Noivern|0 fnt
|faint|p2a: Noivern
|-damage|p1a: Darmanitan|71/100|[from] Recoil
|
|-weather|SunnyDay|[upkeep]
|upkeep
|j| Boulicrok
|
|t:|1623365306
|switch|p2a: Steelix|Steelix, F|100/100
|turn|4
|
|t:|1623365311
|switch|p1a: Xatu|Xatu, M|100/100
|move|p2a: Steelix|Earthquake|p1a: Xatu
|-immune|p1a: Xatu
|
|-weather|SunnyDay|[upkeep]
|upkeep
|turn|5
|
|t:|1623365332
|move|p2a: Steelix|Earthquake|p1a: Xatu
|-immune|p1a: Xatu
|move|p1a: Xatu|Teleport|p1a: Xatu
|
|t:|1623365345
|switch|p1a: Klefki|Klefki, M|65/100|[from]move: Teleport
|
|-weather|SunnyDay|[upkeep]
|upkeep
|turn|6
|
|t:|1623365350
|switch|p1a: Xatu|Xatu, M|100/100
|move|p2a: Steelix|Stealth Rock|p1a: Xatu
|move|p1a: Xatu|Stealth Rock|p2a: Steelix|[from]ability: Magic Bounce
|-sidestart|p2: Sharow 水上|move: Stealth Rock
|
|-weather|SunnyDay|[upkeep]
|upkeep
|turn|7
|l| zS
|
|t:|1623365356
|move|p1a: Xatu|Trick|p2a: Steelix
|-activate|p1a: Xatu|move: Trick|[of] p2a: Steelix
|-item|p2a: Steelix|Choice Scarf|[from] move: Trick
|-item|p1a: Xatu|Leftovers|[from] move: Trick
|move|p2a: Steelix|Heavy Slam|p1a: Xatu
|-damage|p1a: Xatu|52/100
|
|-weather|SunnyDay|[upkeep]
|-heal|p1a: Xatu|58/100|[from] item: Leftovers
|upkeep
|turn|8
|j| LeGenoce
|j| zS
|
|t:|1623365370
|move|p1a: Xatu|Grass Knot|p2a: Steelix
|-damage|p2a: Steelix|78/100
|move|p2a: Steelix|Heavy Slam|p1a: Xatu
|-damage|p1a: Xatu|11/100
|
|-weather|none
|-heal|p1a: Xatu|17/100|[from] item: Leftovers
|upkeep
|turn|9
|j| Phantom of skriel
|
|t:|1623365386
|switch|p1a: Torkoal|Torkoal, M|100/100
|-weather|SunnyDay|[from] ability: Drought|[of] p1a: Torkoal
|move|p2a: Steelix|Heavy Slam|p1a: Torkoal
|-resisted|p1a: Torkoal
|-damage|p1a: Torkoal|93/100
|
|-weather|SunnyDay|[upkeep]
|upkeep
|turn|10
|j| Quartos
|j| Alkione
|
|t:|1623365395
|switch|p2a: Golisopod|Golisopod, F|100/100
|move|p1a: Torkoal|Lava Plume|p2a: Golisopod
|-damage|p2a: Golisopod|61/100
|
|-weather|SunnyDay|[upkeep]
|upkeep
|turn|11
|j| Flex OKLM
|l| Alkione
|
|t:|1623365408
|switch|p1a: Xatu|Xatu, M|17/100
|move|p2a: Golisopod|Liquidation|p1a: Xatu
|-damage|p1a: Xatu|0 fnt
|faint|p1a: Xatu
|
|-weather|SunnyDay|[upkeep]
|upkeep
|inactive|Madinina has 270 seconds left.
|
|t:|1623365433
|switch|p1a: Heliolisk|Heliolisk, M|100/100
|turn|12
|
|t:|1623365438
|switch|p2a: Steelix|Steelix, F|78/100
|-damage|p2a: Steelix|75/100|[from] Stealth Rock
|move|p1a: Heliolisk|Weather Ball|p2a: Steelix
|-supereffective|p2a: Steelix
|-damage|p2a: Steelix|0 fnt
|faint|p2a: Steelix
|
|-weather|SunnyDay|[upkeep]
|-damage|p1a: Heliolisk|88/100|[from] ability: Solar Power|[of] p1a: Heliolisk
|upkeep
|
|t:|1623365447
|switch|p2a: Dhelmise|Dhelmise|100/100
|turn|13
|
|t:|1623365452
|move|p1a: Heliolisk|Weather Ball|p2a: Dhelmise
|-supereffective|p2a: Dhelmise
|-damage|p2a: Dhelmise|0 fnt
|faint|p2a: Dhelmise
|
|-weather|SunnyDay|[upkeep]
|-damage|p1a: Heliolisk|76/100|[from] ability: Solar Power|[of] p1a: Heliolisk
|upkeep
|
|t:|1623365460
|switch|p2a: Pangoro|Pangoro, M|100/100
|-damage|p2a: Pangoro|94/100|[from] Stealth Rock
|-ability|p2a: Pangoro|Mold Breaker
|turn|14
|c|☆Sharow 水上|gg impossible
|c|☆Madinina|gg
|-message|Sharow 水上 forfeited.
|
|win|Madinina
|l|☆Sharow 水上
|l| Ryuji-Sensei
