|j|☆hjkhj ㋛
|j|☆TNunes
|inactive|Battle timer is ON: inactive players will automatically lose when time's up.
|t:|1662754899
|gametype|singles
|player|p1|hjkhj ㋛|169|
|player|p2|TNunes|#puwcop2021brazil|
|teamsize|p1|6
|teamsize|p2|6
|gen|8
|tier|[Gen 8] RU
|rated|Tournament battle
|rule|Sleep Clause Mod: Limit one foe put to sleep
|rule|Species Clause: Limit one of each Pokémon
|rule|OHKO Clause: OHKO moves are banned
|rule|Evasion Items Clause: Evasion items are banned
|rule|Evasion Moves Clause: Evasion moves are banned
|rule|Endless Battle Clause: Forcing endless battles is banned
|rule|HP Percentage Mod: HP is shown in percentages
|rule|Dynamax Clause: You cannot dynamax
|clearpoke
|poke|p1|Weezing-Galar, M|
|poke|p1|Crobat, M|
|poke|p1|Steelix, M|
|poke|p1|Milotic, F|
|poke|p1|Audino, F|
|poke|p1|Xatu, M|
|poke|p2|Heracross, M|
|poke|p2|Crobat, M|
|poke|p2|Milotic, F|
|poke|p2|Steelix, M|
|poke|p2|Grimmsnarl, M|
|poke|p2|Gourgeist-*, M|
|teampreview
|j|*Lady Monita
|inactive|hjkhj ㋛ also wants the timer to be on.
|inactive|TNunes also wants the timer to be on.
|j| joey milktank
|j|^Failbor21
|inactive|TNunes has 120 seconds left.
|j| SodaCasual
|j| 0meltdown
|j| Real GLaDOS
|
|t:|1662754952
|start
|switch|p1a: Weezing|Weezing-Galar, M|100/100
|switch|p2a: Milotic|Milotic, F|100/100
|-ability|p1a: Weezing|Neutralizing Gas
|turn|1
|
|t:|1662754960
|-end|p1a: Weezing|ability: Neutralizing Gas
|switch|p1a: Audino|Audino, F|100/100
|move|p2a: Milotic|Scald|p1a: Audino
|-damage|p1a: Audino|82/100
|-status|p1a: Audino|brn
|
|-heal|p1a: Audino|88/100 brn|[from] item: Leftovers
|-damage|p1a: Audino|82/100 brn|[from] brn
|upkeep
|turn|2
|l| SodaCasual
|
|t:|1662754983
|switch|p2a: Steelix|Steelix, M|100/100
|move|p1a: Audino|Knock Off|p2a: Steelix
|-damage|p2a: Steelix|97/100
|-enditem|p2a: Steelix|Leftovers|[from] move: Knock Off|[of] p1a: Audino
|
|-heal|p1a: Audino|88/100 brn|[from] item: Leftovers
|-damage|p1a: Audino|82/100 brn|[from] brn
|upkeep
|turn|3
|
|t:|1662754990
|switch|p1a: Xatu|Xatu, M|100/100
|move|p2a: Steelix|Heavy Slam|p1a: Xatu
|-damage|p1a: Xatu|55/100
|-damage|p2a: Steelix|80/100|[from] item: Rocky Helmet|[of] p1a: Xatu
|
|upkeep
|turn|4
|
|t:|1662755014
|switch|p2a: Gourgeist|Gourgeist-Small, M|100/100
|-item|p1a: Xatu|Rocky Helmet|[from] ability: Frisk|[of] p2a: Gourgeist|[identify]
|move|p1a: Xatu|Roost|p1a: Xatu
|-heal|p1a: Xatu|100/100
|-singleturn|p1a: Xatu|move: Roost
|
|upkeep
|turn|5
|j| 85percent
|
|t:|1662755034
|switch|p1a: Audino|Audino, F|100/100 brn
|move|p2a: Gourgeist|Trick|p1a: Audino
|-activate|p2a: Gourgeist|move: Trick|[of] p1a: Audino
|-item|p1a: Audino|Choice Band|[from] move: Trick
|-item|p2a: Gourgeist|Leftovers|[from] move: Trick
|
|-damage|p1a: Audino|94/100 brn|[from] brn
|upkeep
|turn|6
|
|t:|1662755045
|switch|p2a: Steelix|Steelix, M|80/100
|move|p1a: Audino|Knock Off|p2a: Steelix
|-damage|p2a: Steelix|76/100
|
|-damage|p1a: Audino|88/100 brn|[from] brn
|upkeep
|turn|7
|
|t:|1662755057
|switch|p1a: Xatu|Xatu, M|100/100
|move|p2a: Steelix|Heavy Slam|p1a: Xatu
|-damage|p1a: Xatu|55/100
|-damage|p2a: Steelix|59/100|[from] item: Rocky Helmet|[of] p1a: Xatu
|
|upkeep
|turn|8
|
|t:|1662755064
|switch|p2a: Grimmsnarl|Grimmsnarl, M|100/100
|move|p1a: Xatu|Roost|p1a: Xatu
|-heal|p1a: Xatu|100/100
|-singleturn|p1a: Xatu|move: Roost
|
|upkeep
|turn|9
|
|t:|1662755071
|switch|p1a: Weezing|Weezing-Galar, M|100/100
|-ability|p1a: Weezing|Neutralizing Gas
|move|p2a: Grimmsnarl|Trick|p1a: Weezing
|-activate|p2a: Grimmsnarl|move: Trick|[of] p1a: Weezing
|-item|p1a: Weezing|Choice Band|[from] move: Trick
|-item|p2a: Grimmsnarl|Rocky Helmet|[from] move: Trick
|
|upkeep
|turn|10
|j| EpicBoost
|
|t:|1662755091
|switch|p2a: Milotic|Milotic, F|100/100
|move|p1a: Weezing|Toxic Spikes|p2a: Milotic
|-sidestart|p2: TNunes|move: Toxic Spikes
|
|upkeep
|turn|11
|l| EpicBoost
|
|t:|1662755101
|switch|p2a: Crobat|Crobat, M|100/100
|-end|p1a: Weezing|ability: Neutralizing Gas
|switch|p1a: Audino|Audino, F|100/100 brn
|
|-damage|p1a: Audino|94/100 brn|[from] brn
|upkeep
|turn|12
|
|t:|1662755110
|move|p2a: Crobat|Defog|p1a: Audino
|-unboost|p1a: Audino|evasion|1
|-sideend|p2: TNunes|Toxic Spikes|[from] move: Defog|[of] p2a: Crobat
|move|p1a: Audino|Knock Off|p2a: Crobat
|-damage|p2a: Crobat|88/100
|-enditem|p2a: Crobat|Heavy-Duty Boots|[from] move: Knock Off|[of] p1a: Audino
|
|-damage|p1a: Audino|88/100 brn|[from] brn
|upkeep
|turn|13
|
|t:|1662755116
|switch|p1a: Steelix|Steelix, M|100/100
|move|p2a: Crobat|U-turn|p1a: Steelix
|-resisted|p1a: Steelix
|-damage|p1a: Steelix|96/100
|
|t:|1662755121
|switch|p2a: Heracross|Heracross, M|100/100|[from]move: U-turn
|
|-heal|p1a: Steelix|100/100|[from] item: Leftovers
|upkeep
|turn|14
|
|t:|1662755128
|move|p2a: Heracross|Knock Off|p1a: Steelix
|-damage|p1a: Steelix|84/100
|-enditem|p1a: Steelix|Leftovers|[from] move: Knock Off|[of] p2a: Heracross
|move|p1a: Steelix|Heavy Slam|p2a: Heracross
|-damage|p2a: Heracross|46/100
|
|upkeep
|turn|15
|
|t:|1662755143
|move|p2a: Heracross|Close Combat|p1a: Steelix
|-supereffective|p1a: Steelix
|-damage|p1a: Steelix|21/100
|-unboost|p2a: Heracross|def|1
|-unboost|p2a: Heracross|spd|1
|move|p1a: Steelix|Stealth Rock|p2a: Heracross
|-sidestart|p2: TNunes|move: Stealth Rock
|
|upkeep
|turn|16
|
|t:|1662755152
|switch|p1a: Weezing|Weezing-Galar, M|100/100
|-ability|p1a: Weezing|Neutralizing Gas
|move|p2a: Heracross|Stone Edge|p1a: Weezing|[miss]
|-miss|p2a: Heracross|p1a: Weezing
|
|upkeep
|turn|17
|l| 85percent
|
|t:|1662755171
|switch|p2a: Crobat|Crobat, M|88/100
|-damage|p2a: Crobat|64/100|[from] Stealth Rock
|-end|p1a: Weezing|ability: Neutralizing Gas
|switch|p1a: Milotic|Milotic, F|100/100
|
|upkeep
|turn|18
|
|t:|1662755179
|move|p2a: Crobat|Defog|p1a: Milotic
|-unboost|p1a: Milotic|evasion|1
|-sideend|p2: TNunes|Stealth Rock|[from] move: Defog|[of] p2a: Crobat
|move|p1a: Milotic|Scald|p2a: Crobat
|-damage|p2a: Crobat|36/100
|-status|p2a: Crobat|brn
|
|-damage|p2a: Crobat|30/100 brn|[from] brn
|upkeep
|turn|19
|
|t:|1662755185
|switch|p1a: Steelix|Steelix, M|21/100
|move|p2a: Crobat|Roost|p2a: Crobat
|-heal|p2a: Crobat|80/100 brn
|-singleturn|p2a: Crobat|move: Roost
|
|-damage|p2a: Crobat|74/100 brn|[from] brn
|upkeep
|turn|20
|inactive|TNunes has 120 seconds left.
|
|t:|1662755226
|move|p2a: Crobat|Brave Bird|p1a: Steelix
|-resisted|p1a: Steelix
|-damage|p1a: Steelix|16/100
|-damage|p2a: Crobat|72/100 brn|[from] Recoil
|move|p1a: Steelix|Stealth Rock|p2a: Crobat
|-sidestart|p2: TNunes|move: Stealth Rock
|
|-damage|p2a: Crobat|66/100 brn|[from] brn
|upkeep
|turn|21
|
|t:|1662755228
|move|p2a: Crobat|Defog|p1a: Steelix
|-unboost|p1a: Steelix|evasion|1
|-sideend|p2: TNunes|Stealth Rock|[from] move: Defog|[of] p2a: Crobat
|move|p1a: Steelix|Heavy Slam|p2a: Crobat
|-damage|p2a: Crobat|32/100 brn
|
|-damage|p2a: Crobat|26/100 brn|[from] brn
|upkeep
|turn|22
|j| regenerates
|
|t:|1662755236
|move|p2a: Crobat|Roost|p2a: Crobat
|-heal|p2a: Crobat|76/100 brn
|-singleturn|p2a: Crobat|move: Roost
|move|p1a: Steelix|Stealth Rock|p2a: Crobat
|-sidestart|p2: TNunes|move: Stealth Rock
|
|-damage|p2a: Crobat|70/100 brn|[from] brn
|upkeep
|turn|23
|
|t:|1662755241
|move|p2a: Crobat|Defog|p1a: Steelix
|-unboost|p1a: Steelix|evasion|1
|-sideend|p2: TNunes|Stealth Rock|[from] move: Defog|[of] p2a: Crobat
|move|p1a: Steelix|Heavy Slam|p2a: Crobat
|-damage|p2a: Crobat|36/100 brn
|
|-damage|p2a: Crobat|30/100 brn|[from] brn
|upkeep
|turn|24
|
|t:|1662755244
|move|p2a: Crobat|Roost|p2a: Crobat
|-heal|p2a: Crobat|80/100 brn
|-singleturn|p2a: Crobat|move: Roost
|move|p1a: Steelix|Stealth Rock|p2a: Crobat
|-sidestart|p2: TNunes|move: Stealth Rock
|
|-damage|p2a: Crobat|74/100 brn|[from] brn
|upkeep
|turn|25
|
|t:|1662755247
|move|p2a: Crobat|Defog|p1a: Steelix
|-unboost|p1a: Steelix|evasion|1
|-sideend|p2: TNunes|Stealth Rock|[from] move: Defog|[of] p2a: Crobat
|move|p1a: Steelix|Heavy Slam|p2a: Crobat
|-damage|p2a: Crobat|38/100 brn
|
|-damage|p2a: Crobat|32/100 brn|[from] brn
|upkeep
|turn|26
|
|t:|1662755251
|move|p2a: Crobat|Roost|p2a: Crobat
|-heal|p2a: Crobat|82/100 brn
|-singleturn|p2a: Crobat|move: Roost
|move|p1a: Steelix|Stealth Rock|p2a: Crobat
|-sidestart|p2: TNunes|move: Stealth Rock
|
|-damage|p2a: Crobat|76/100 brn|[from] brn
|upkeep
|turn|27
|
|t:|1662755254
|move|p2a: Crobat|Defog|p1a: Steelix
|-unboost|p1a: Steelix|evasion|1
|-sideend|p2: TNunes|Stealth Rock|[from] move: Defog|[of] p2a: Crobat
|move|p1a: Steelix|Heavy Slam|p2a: Crobat
|-damage|p2a: Crobat|42/100 brn
|
|-damage|p2a: Crobat|36/100 brn|[from] brn
|upkeep
|turn|28
|
|t:|1662755257
|move|p2a: Crobat|Roost|p2a: Crobat
|-heal|p2a: Crobat|86/100 brn
|-singleturn|p2a: Crobat|move: Roost
|move|p1a: Steelix|Stealth Rock|p2a: Crobat
|-sidestart|p2: TNunes|move: Stealth Rock
|
|-damage|p2a: Crobat|80/100 brn|[from] brn
|upkeep
|turn|29
|
|t:|1662755260
|move|p2a: Crobat|Defog|p1a: Steelix
|-unboost|p1a: Steelix|evasion|1
|-sideend|p2: TNunes|Stealth Rock|[from] move: Defog|[of] p2a: Crobat
|move|p1a: Steelix|Heavy Slam|p2a: Crobat
|-damage|p2a: Crobat|43/100 brn
|
|-damage|p2a: Crobat|37/100 brn|[from] brn
|upkeep
|turn|30
|
|t:|1662755264
|move|p2a: Crobat|Roost|p2a: Crobat
|-heal|p2a: Crobat|87/100 brn
|-singleturn|p2a: Crobat|move: Roost
|move|p1a: Steelix|Stealth Rock|p2a: Crobat
|-sidestart|p2: TNunes|move: Stealth Rock
|
|-damage|p2a: Crobat|80/100 brn|[from] brn
|upkeep
|turn|31
|inactive|TNunes has 120 seconds left.
|l| 0meltdown
|j|+Fragments
|
|t:|1662755302
|move|p2a: Crobat|Defog|p1a: Steelix
|-unboost|p1a: Steelix|evasion|1
|-sideend|p2: TNunes|Stealth Rock|[from] move: Defog|[of] p2a: Crobat
|move|p1a: Steelix|Heavy Slam|p2a: Crobat
|-damage|p2a: Crobat|40/100 brn
|
|-damage|p2a: Crobat|34/100 brn|[from] brn
|upkeep
|turn|32
|inactive|TNunes has 120 seconds left.
|
|t:|1662755308
|move|p2a: Crobat|Roost|p2a: Crobat
|-heal|p2a: Crobat|84/100 brn
|-singleturn|p2a: Crobat|move: Roost
|move|p1a: Steelix|Stealth Rock|p2a: Crobat
|-sidestart|p2: TNunes|move: Stealth Rock
|
|-damage|p2a: Crobat|78/100 brn|[from] brn
|upkeep
|turn|33
|
|t:|1662755317
|move|p2a: Crobat|Defog|p1a: Steelix
|-unboost|p1a: Steelix|evasion|0
|-sideend|p2: TNunes|Stealth Rock|[from] move: Defog|[of] p2a: Crobat
|move|p1a: Steelix|Heavy Slam|p2a: Crobat
|-damage|p2a: Crobat|39/100 brn
|
|-damage|p2a: Crobat|33/100 brn|[from] brn
|upkeep
|turn|34
|
|t:|1662755326
|move|p2a: Crobat|Roost|p2a: Crobat
|-heal|p2a: Crobat|83/100 brn
|-singleturn|p2a: Crobat|move: Roost
|move|p1a: Steelix|Earthquake|p2a: Crobat
|-supereffective|p2a: Crobat
|-damage|p2a: Crobat|17/100 brn
|
|-damage|p2a: Crobat|11/100 brn|[from] brn
|upkeep
|turn|35
|j| durarararara
|inactive|TNunes has 120 seconds left.
|
|t:|1662755351
|move|p2a: Crobat|Roost|p2a: Crobat
|-heal|p2a: Crobat|61/100 brn
|-singleturn|p2a: Crobat|move: Roost
|move|p1a: Steelix|Stealth Rock|p2a: Crobat
|-sidestart|p2: TNunes|move: Stealth Rock
|
|-damage|p2a: Crobat|55/100 brn|[from] brn
|upkeep
|turn|36
|
|t:|1662755359
|move|p2a: Crobat|Roost|p2a: Crobat
|-heal|p2a: Crobat|100/100 brn
|-singleturn|p2a: Crobat|move: Roost
|move|p1a: Steelix|Heavy Slam|p2a: Crobat
|-damage|p2a: Crobat|61/100 brn
|
|-damage|p2a: Crobat|55/100 brn|[from] brn
|upkeep
|turn|37
|
|t:|1662755364
|move|p2a: Crobat|Defog|p1a: Steelix
|-unboost|p1a: Steelix|evasion|0
|-sideend|p2: TNunes|Stealth Rock|[from] move: Defog|[of] p2a: Crobat
|move|p1a: Steelix|Heavy Slam|p2a: Crobat
|-damage|p2a: Crobat|19/100 brn
|
|-damage|p2a: Crobat|13/100 brn|[from] brn
|upkeep
|turn|38
|inactive|TNunes has 120 seconds left.
|
|t:|1662755386
|move|p2a: Crobat|Roost|p2a: Crobat
|-heal|p2a: Crobat|63/100 brn
|-singleturn|p2a: Crobat|move: Roost
|move|p1a: Steelix|Stealth Rock|p2a: Crobat
|-sidestart|p2: TNunes|move: Stealth Rock
|
|-damage|p2a: Crobat|56/100 brn|[from] brn
|upkeep
|turn|39
|
|t:|1662755393
|move|p2a: Crobat|Roost|p2a: Crobat
|-heal|p2a: Crobat|100/100 brn
|-singleturn|p2a: Crobat|move: Roost
|move|p1a: Steelix|Heavy Slam|p2a: Crobat
|-damage|p2a: Crobat|63/100 brn
|
|-damage|p2a: Crobat|56/100 brn|[from] brn
|upkeep
|turn|40
|
|t:|1662755396
|move|p2a: Crobat|Defog|p1a: Steelix
|-unboost|p1a: Steelix|evasion|0
|-sideend|p2: TNunes|Stealth Rock|[from] move: Defog|[of] p2a: Crobat
|move|p1a: Steelix|Heavy Slam|p2a: Crobat
|-damage|p2a: Crobat|20/100 brn
|
|-damage|p2a: Crobat|14/100 brn|[from] brn
|upkeep
|turn|41
|
|t:|1662755414
|move|p2a: Crobat|Roost|p2a: Crobat
|-heal|p2a: Crobat|64/100 brn
|-singleturn|p2a: Crobat|move: Roost
|move|p1a: Steelix|Stealth Rock|p2a: Crobat
|-sidestart|p2: TNunes|move: Stealth Rock
|
|-damage|p2a: Crobat|58/100 brn|[from] brn
|upkeep
|turn|42
|
|t:|1662755419
|move|p2a: Crobat|Defog|p1a: Steelix
|-unboost|p1a: Steelix|evasion|0
|-sideend|p2: TNunes|Stealth Rock|[from] move: Defog|[of] p2a: Crobat
|move|p1a: Steelix|Heavy Slam|p2a: Crobat
|-damage|p2a: Crobat|23/100 brn
|
|-damage|p2a: Crobat|17/100 brn|[from] brn
|upkeep
|turn|43
|
|t:|1662755426
|move|p2a: Crobat|Roost|p2a: Crobat
|-heal|p2a: Crobat|67/100 brn
|-singleturn|p2a: Crobat|move: Roost
|move|p1a: Steelix|Earthquake|p2a: Crobat
|-supereffective|p2a: Crobat
|-damage|p2a: Crobat|8/100 brn
|
|-damage|p2a: Crobat|2/100 brn|[from] brn
|upkeep
|turn|44
|
|t:|1662755437
|move|p2a: Crobat|Roost|p2a: Crobat
|-heal|p2a: Crobat|52/100 brn
|-singleturn|p2a: Crobat|move: Roost
|move|p1a: Steelix|Stealth Rock|p2a: Crobat
|-sidestart|p2: TNunes|move: Stealth Rock
|
|-damage|p2a: Crobat|45/100 brn|[from] brn
|upkeep
|turn|45
|
|t:|1662755450
|move|p2a: Crobat|Defog|p1a: Steelix
|-unboost|p1a: Steelix|evasion|0
|-sideend|p2: TNunes|Stealth Rock|[from] move: Defog|[of] p2a: Crobat
|move|p1a: Steelix|Heavy Slam|p2a: Crobat
|-damage|p2a: Crobat|11/100 brn
|
|-damage|p2a: Crobat|5/100 brn|[from] brn
|upkeep
|turn|46
|
|t:|1662755464
|move|p2a: Crobat|Roost|p2a: Crobat
|-heal|p2a: Crobat|55/100 brn
|-singleturn|p2a: Crobat|move: Roost
|move|p1a: Steelix|Stealth Rock|p2a: Crobat
|-sidestart|p2: TNunes|move: Stealth Rock
|
|-damage|p2a: Crobat|49/100 brn|[from] brn
|upkeep
|turn|47
|
|t:|1662755473
|move|p2a: Crobat|Defog|p1a: Steelix
|-unboost|p1a: Steelix|evasion|0
|-sideend|p2: TNunes|Stealth Rock|[from] move: Defog|[of] p2a: Crobat
|move|p1a: Steelix|Heavy Slam|p2a: Crobat
|-damage|p2a: Crobat|14/100 brn
|
|-damage|p2a: Crobat|8/100 brn|[from] brn
|upkeep
|turn|48
|
|t:|1662755479
|move|p2a: Crobat|U-turn|p1a: Steelix
|-resisted|p1a: Steelix
|-damage|p1a: Steelix|15/100
|
|t:|1662755482
|switch|p2a: Heracross|Heracross, M|46/100|[from]move: U-turn
|move|p1a: Steelix|Stealth Rock|p2a: Heracross
|-sidestart|p2: TNunes|move: Stealth Rock
|
|upkeep
|turn|49
|
|t:|1662755488
|switch|p1a: Weezing|Weezing-Galar, M|100/100
|-ability|p1a: Weezing|Neutralizing Gas
|move|p2a: Heracross|Spikes|p1a: Weezing
|-sidestart|p1: hjkhj ㋛|Spikes
|
|upkeep
|turn|50
|l|+Fragments
|
|t:|1662755499
|switch|p2a: Gourgeist|Gourgeist-Small, M|100/100
|-damage|p2a: Gourgeist|88/100|[from] Stealth Rock
|move|p1a: Weezing|Strange Steam|p2a: Gourgeist
|-damage|p2a: Gourgeist|45/100
|
|-heal|p2a: Gourgeist|51/100|[from] item: Leftovers
|upkeep
|turn|51
|
|t:|1662755507
|move|p2a: Gourgeist|Poltergeist|p1a: Weezing
|-activate|p1a: Weezing|move: Poltergeist|Choice Band
|-damage|p1a: Weezing|72/100
|move|p1a: Weezing|Strange Steam|p2a: Gourgeist
|-damage|p2a: Gourgeist|2/100
|
|-heal|p2a: Gourgeist|8/100|[from] item: Leftovers
|upkeep
|turn|52
|
|t:|1662755516
|-end|p1a: Weezing|ability: Neutralizing Gas
|-item|p1a: Weezing|Choice Band|[from] ability: Frisk|[of] p2a: Gourgeist|[identify]
|switch|p1a: Steelix|Steelix, M|15/100
|-damage|p1a: Steelix|2/100|[from] Spikes
|move|p2a: Gourgeist|Poltergeist||[still]
|-fail|p2a: Gourgeist
|
|-heal|p2a: Gourgeist|14/100|[from] item: Leftovers
|upkeep
|turn|53
|
|t:|1662755527
|move|p2a: Gourgeist|Shadow Sneak|p1a: Steelix
|-damage|p1a: Steelix|0 fnt
|faint|p1a: Steelix
|
|-heal|p2a: Gourgeist|20/100|[from] item: Leftovers
|upkeep
|
|t:|1662755529
|switch|p1a: Crobat|Crobat, M|100/100
|turn|54
|
|t:|1662755534
|switch|p2a: Steelix|Steelix, M|59/100
|-damage|p2a: Steelix|56/100|[from] Stealth Rock
|move|p1a: Crobat|Brave Bird|p2a: Steelix
|-resisted|p2a: Steelix
|-damage|p2a: Steelix|46/100
|-damage|p1a: Crobat|97/100|[from] Recoil
|
|upkeep
|turn|55
|
|t:|1662755541
|switch|p1a: Xatu|Xatu, M|100/100
|move|p2a: Steelix|Heavy Slam|p1a: Xatu
|-damage|p1a: Xatu|57/100
|-damage|p2a: Steelix|30/100|[from] item: Rocky Helmet|[of] p1a: Xatu
|
|upkeep
|turn|56
|
|t:|1662755545
|switch|p2a: Grimmsnarl|Grimmsnarl, M|100/100
|-damage|p2a: Grimmsnarl|88/100|[from] Stealth Rock
|move|p1a: Xatu|Roost|p1a: Xatu
|-heal|p1a: Xatu|100/100
|-singleturn|p1a: Xatu|move: Roost
|
|upkeep
|turn|57
|
|t:|1662755553
|switch|p1a: Weezing|Weezing-Galar, M|72/100
|-ability|p1a: Weezing|Neutralizing Gas
|-damage|p1a: Weezing|59/100|[from] Spikes
|move|p2a: Grimmsnarl|Darkest Lariat|p1a: Weezing
|-resisted|p1a: Weezing
|-damage|p1a: Weezing|45/100
|
|upkeep
|turn|58
|
|t:|1662755573
|move|p2a: Grimmsnarl|Darkest Lariat|p1a: Weezing
|-resisted|p1a: Weezing
|-damage|p1a: Weezing|30/100
|move|p1a: Weezing|Toxic Spikes|p2a: Grimmsnarl
|-sidestart|p2: TNunes|move: Toxic Spikes
|
|upkeep
|turn|59
|
|t:|1662755578
|-end|p1a: Weezing|ability: Neutralizing Gas
|switch|p1a: Milotic|Milotic, F|100/100
|move|p2a: Grimmsnarl|Darkest Lariat|p1a: Milotic
|-damage|p1a: Milotic|63/100
|
|upkeep
|turn|60
|j| Aftx
|
|t:|1662755593
|move|p1a: Milotic|Recover|p1a: Milotic
|-heal|p1a: Milotic|100/100
|move|p2a: Grimmsnarl|Play Rough|p1a: Milotic
|-crit|p1a: Milotic
|-damage|p1a: Milotic|41/100
|
|upkeep
|turn|61
|
|t:|1662755606
|move|p1a: Milotic|Recover|p1a: Milotic
|-heal|p1a: Milotic|92/100
|move|p2a: Grimmsnarl|Play Rough|p1a: Milotic
|-damage|p1a: Milotic|55/100
|
|upkeep
|turn|62
|
|t:|1662755611
|move|p1a: Milotic|Recover|p1a: Milotic
|-heal|p1a: Milotic|100/100
|move|p2a: Grimmsnarl|Play Rough|p1a: Milotic
|-damage|p1a: Milotic|61/100
|
|upkeep
|turn|63
|j| SodaCasual
|
|t:|1662755621
|move|p1a: Milotic|Toxic|p2a: Grimmsnarl
|-status|p2a: Grimmsnarl|tox
|move|p2a: Grimmsnarl|Play Rough|p1a: Milotic
|-damage|p1a: Milotic|20/100
|-unboost|p1a: Milotic|atk|1
|
|-damage|p2a: Grimmsnarl|82/100 tox|[from] psn
|upkeep
|turn|64
|
|t:|1662755627
|switch|p2a: Heracross|Heracross, M|46/100
|move|p1a: Milotic|Recover|p1a: Milotic
|-heal|p1a: Milotic|70/100
|
|upkeep
|turn|65
|l| SodaCasual
|
|t:|1662755640
|move|p2a: Heracross|Knock Off|p1a: Milotic
|-damage|p1a: Milotic|44/100
|-enditem|p1a: Milotic|Heavy-Duty Boots|[from] move: Knock Off|[of] p2a: Heracross
|move|p1a: Milotic|Scald|p2a: Heracross
|-damage|p2a: Heracross|14/100
|-status|p2a: Heracross|brn
|
|-damage|p2a: Heracross|8/100 brn|[from] brn
|upkeep
|turn|66
|
|t:|1662755656
|switch|p1a: Weezing|Weezing-Galar, M|30/100
|-ability|p1a: Weezing|Neutralizing Gas
|-damage|p1a: Weezing|18/100|[from] Spikes
|move|p2a: Heracross|Stone Edge|p1a: Weezing|[miss]
|-miss|p2a: Heracross|p1a: Weezing
|
|-damage|p2a: Heracross|2/100 brn|[from] brn
|upkeep
|turn|67
|
|t:|1662755661
|move|p2a: Heracross|Stone Edge|p1a: Weezing
|-damage|p1a: Weezing|6/100
|move|p1a: Weezing|Strange Steam|p2a: Heracross
|-supereffective|p2a: Heracross
|-damage|p2a: Heracross|0 fnt
|faint|p2a: Heracross
|
|upkeep
|
|t:|1662755681
|switch|p2a: Milotic|Milotic, F|100/100
|turn|68
|
|t:|1662755688
|-end|p1a: Weezing|ability: Neutralizing Gas
|switch|p1a: Audino|Audino, F|100/100 brn
|-damage|p1a: Audino|88/100 brn|[from] Spikes
|move|p2a: Milotic|Scald|p1a: Audino
|-damage|p1a: Audino|70/100 brn
|
|-damage|p1a: Audino|64/100 brn|[from] brn
|upkeep
|turn|69
|
|t:|1662755693
|switch|p2a: Steelix|Steelix, M|30/100
|-damage|p2a: Steelix|26/100|[from] Stealth Rock
|move|p1a: Audino|Wish|p1a: Audino
|
|-damage|p1a: Audino|58/100 brn|[from] brn
|upkeep
|turn|70
|
|t:|1662755698
|switch|p1a: Xatu|Xatu, M|100/100
|switch|p2a: Grimmsnarl|Grimmsnarl, M|82/100 tox
|-damage|p2a: Grimmsnarl|70/100 tox|[from] Stealth Rock
|
|-damage|p2a: Grimmsnarl|64/100 tox|[from] psn
|upkeep
|turn|71
|j| SodaCasual
|
|t:|1662755714
|switch|p1a: Weezing|Weezing-Galar, M|6/100
|-ability|p1a: Weezing|Neutralizing Gas
|-damage|p1a: Weezing|0 fnt|[from] Spikes
|faint|p1a: Weezing
|-end|p1a: Weezing|ability: Neutralizing Gas
|switch|p2a: Milotic|Milotic, F|100/100
|
|upkeep
|
|t:|1662755719
|switch|p1a: Milotic|Milotic, F|44/100
|-damage|p1a: Milotic|31/100|[from] Spikes
|turn|72
|
|t:|1662755729
|switch|p2a: Grimmsnarl|Grimmsnarl, M|64/100 tox
|-damage|p2a: Grimmsnarl|51/100 tox|[from] Stealth Rock
|move|p1a: Milotic|Toxic|p2a: Grimmsnarl
|-fail|p2a: Grimmsnarl|tox
|
|-damage|p2a: Grimmsnarl|45/100 tox|[from] psn
|upkeep
|turn|73
|
|t:|1662755741
|move|p1a: Milotic|Recover|p1a: Milotic
|-heal|p1a: Milotic|81/100
|move|p2a: Grimmsnarl|Play Rough|p1a: Milotic
|-damage|p1a: Milotic|41/100
|
|-damage|p2a: Grimmsnarl|33/100 tox|[from] psn
|upkeep
|turn|74
|
|t:|1662755744
|move|p1a: Milotic|Recover|p1a: Milotic
|-heal|p1a: Milotic|91/100
|move|p2a: Grimmsnarl|Play Rough|p1a: Milotic
|-damage|p1a: Milotic|51/100
|
|-damage|p2a: Grimmsnarl|15/100 tox|[from] psn
|upkeep
|turn|75
|
|t:|1662755749
|move|p1a: Milotic|Recover|p1a: Milotic
|-heal|p1a: Milotic|100/100
|move|p2a: Grimmsnarl|Play Rough|p1a: Milotic
|-damage|p1a: Milotic|63/100
|
|-damage|p2a: Grimmsnarl|0 fnt|[from] psn
|faint|p2a: Grimmsnarl
|upkeep
|
|t:|1662755752
|switch|p2a: Gourgeist|Gourgeist-Small, M|20/100
|-damage|p2a: Gourgeist|7/100|[from] Stealth Rock
|-status|p2a: Gourgeist|psn
|turn|76
|
|t:|1662755767
|switch|p1a: Crobat|Crobat, M|97/100
|move|p2a: Gourgeist|Poltergeist|p1a: Crobat|[miss]
|-miss|p2a: Gourgeist|p1a: Crobat
|
|-heal|p2a: Gourgeist|13/100 psn|[from] item: Leftovers
|-damage|p2a: Gourgeist|1/100 psn|[from] psn
|upkeep
|turn|77
|c|☆TNunes|gg
|c|☆hjkhj ㋛|gg
|-message|TNunes forfeited.
|
|win|hjkhj ㋛
|n|☆hjkhj ㋛|hjkhj
|n|☆TNunes|tnunes
|n|*Lady Monita|ladymonita
|n| joey milktank|joeymilktank
|n| Failbor21|failbor21
|n| Real GLaDOS|realglados
|n| regenerates|regenerates
|n| durarararara|durarararara
|n| Aftx|aftx
|n| SodaCasual|sodacasual
|l|*Lady Monita
|l|☆TNunes
|l|☆hjkhj ㋛
|c| Real GLaDOS|thats it?
|c| Real GLaDOS|Thats the battle?
|l| joey milktank
|c| Real GLaDOS|Thats the conclusion we waited for?
|c| Real GLaDOS|bruh
|l| Real GLaDOS
|l| durarararara
|l| Aftx
|l| SodaCasual
