|j|☆Raahel
|j|☆Glidinganteater
|inactive|Battle timer is ON: inactive players will automatically lose when time's up.
|t:|1621483956
|gametype|singles
|player|p1|Raahel|ninjaboy-gen3|
|player|p2|Glidinganteater|palmer|
|teamsize|p1|6
|teamsize|p2|6
|gen|8
|tier|[Gen 8] RU
|rated|Tournament battle
|rule|Sleep Clause Mod: Limit one foe put to sleep
|rule|Species Clause: Limit one of each Pokémon
|rule|OHKO Clause: OHKO moves are banned
|rule|Evasion Moves Clause: Evasion moves are banned
|rule|Endless Battle Clause: Forcing endless battles is banned
|rule|HP Percentage Mod: HP is shown in percentages
|rule|Dynamax Clause: You cannot dynamax
|clearpoke
|poke|p1|Togekiss, F|
|poke|p1|Seismitoad, F|
|poke|p1|Zarude|
|poke|p1|Xurkitree|
|poke|p1|Darmanitan, M|
|poke|p1|Cobalion|
|poke|p2|Noivern, M|
|poke|p2|Seismitoad, M|
|poke|p2|Dhelmise|
|poke|p2|Diancie|
|poke|p2|Ditto|
|poke|p2|Raikou|
|teampreview
|j|+Oathkeepre
|
|t:|1621483974
|start
|switch|p1a: Xurkitree|Xurkitree|100/100
|switch|p2a: Raikou|Raikou|100/100
|-ability|p2a: Raikou|Pressure
|turn|1
|
|t:|1621483979
|move|p1a: Xurkitree|Volt Switch|p2a: Raikou
|-resisted|p2a: Raikou
|-damage|p2a: Raikou|75/100
|
|t:|1621483982
|switch|p1a: Seismitoad|Seismitoad, F|100/100|[from]move: Volt Switch
|move|p2a: Raikou|Toxic|p1a: Seismitoad
|-status|p1a: Seismitoad|tox
|
|-damage|p1a: Seismitoad|94/100 tox|[from] psn
|upkeep
|turn|2
|
|t:|1621483988
|switch|p2a: Dhelmise|Dhelmise|100/100
|move|p1a: Seismitoad|Knock Off|p2a: Dhelmise
|-supereffective|p2a: Dhelmise
|-damage|p2a: Dhelmise|54/100
|-enditem|p2a: Dhelmise|Heavy-Duty Boots|[from] move: Knock Off|[of] p1a: Seismitoad
|
|-heal|p1a: Seismitoad|100/100 tox|[from] item: Leftovers
|-damage|p1a: Seismitoad|88/100 tox|[from] psn
|upkeep
|turn|3
|
|t:|1621484002
|switch|p1a: Togekiss|Togekiss, F|100/100
|move|p2a: Dhelmise|Synthesis|p2a: Dhelmise
|-heal|p2a: Dhelmise|100/100
|
|upkeep
|turn|4
|
|t:|1621484012
|switch|p2a: Raikou|Raikou|75/100
|-ability|p2a: Raikou|Pressure
|move|p1a: Togekiss|Air Slash|p2a: Raikou
|-resisted|p2a: Raikou
|-damage|p2a: Raikou|59/100
|
|upkeep
|turn|5
|
|t:|1621484017
|switch|p1a: Seismitoad|Seismitoad, F|88/100 tox
|move|p2a: Raikou|Volt Switch|p1a: Seismitoad
|-immune|p1a: Seismitoad
|
|-heal|p1a: Seismitoad|94/100 tox|[from] item: Leftovers
|-damage|p1a: Seismitoad|88/100 tox|[from] psn
|upkeep
|turn|6
|
|t:|1621484026
|switch|p2a: Dhelmise|Dhelmise|100/100
|switch|p1a: Darmanitan|Darmanitan, M|100/100
|
|upkeep
|turn|7
|
|t:|1621484030
|switch|p2a: Seismitoad|Seismitoad, M|100/100
|move|p1a: Darmanitan|U-turn|p2a: Seismitoad
|-damage|p2a: Seismitoad|80/100
|
|t:|1621484032
|switch|p1a: Zarude|Zarude|100/100|[from]move: U-turn
|
|-heal|p2a: Seismitoad|86/100|[from] item: Leftovers
|upkeep
|turn|8
|inactive|Glidinganteater has 120 seconds left.
|
|t:|1621484068
|switch|p2a: Noivern|Noivern, M|100/100
|move|p1a: Zarude|U-turn|p2a: Noivern
|-resisted|p2a: Noivern
|-damage|p2a: Noivern|85/100
|
|t:|1621484076
|switch|p1a: Xurkitree|Xurkitree|100/100|[from]move: U-turn
|
|upkeep
|turn|9
|l|+Oathkeepre
|inactive|Glidinganteater has 120 seconds left.
|
|t:|1621484088
|switch|p2a: Diancie|Diancie|100/100
|move|p1a: Xurkitree|Dazzling Gleam|p2a: Diancie
|-damage|p2a: Diancie|78/100
|
|-heal|p2a: Diancie|85/100|[from] item: Leftovers
|upkeep
|turn|10
|inactive|Glidinganteater has 120 seconds left.
|
|t:|1621484099
|switch|p1a: Cobalion|Cobalion|100/100
|move|p2a: Diancie|Body Press|p1a: Cobalion
|-supereffective|p1a: Cobalion
|-enditem|p1a: Cobalion|Chople Berry|[eat]
|-enditem|p1a: Cobalion|Chople Berry|[weaken]
|-damage|p1a: Cobalion|79/100
|
|-heal|p2a: Diancie|91/100|[from] item: Leftovers
|upkeep
|turn|11
|inactive|Glidinganteater has 120 seconds left.
|
|t:|1621484112
|switch|p2a: Noivern|Noivern, M|85/100
|move|p1a: Cobalion|Swords Dance|p1a: Cobalion
|-boost|p1a: Cobalion|atk|2
|
|upkeep
|turn|12
|
|t:|1621484118
|move|p2a: Noivern|Flamethrower|p1a: Cobalion
|-supereffective|p1a: Cobalion
|-damage|p1a: Cobalion|12/100
|move|p1a: Cobalion|Stone Edge|p2a: Noivern
|-supereffective|p2a: Noivern
|-damage|p2a: Noivern|0 fnt
|faint|p2a: Noivern
|
|upkeep
|
|t:|1621484130
|switch|p2a: Raikou|Raikou|59/100
|-ability|p2a: Raikou|Pressure
|turn|13
|inactive|Raahel has 120 seconds left.
|
|t:|1621484165
|switch|p1a: Seismitoad|Seismitoad, F|88/100 tox
|move|p2a: Raikou|Volt Switch|p1a: Seismitoad
|-immune|p1a: Seismitoad
|
|-heal|p1a: Seismitoad|94/100 tox|[from] item: Leftovers
|-damage|p1a: Seismitoad|88/100 tox|[from] psn
|upkeep
|turn|14
|
|t:|1621484177
|switch|p1a: Darmanitan|Darmanitan, M|100/100
|move|p2a: Raikou|Volt Switch|p1a: Darmanitan
|-damage|p1a: Darmanitan|46/100
|
|t:|1621484181
|switch|p2a: Seismitoad|Seismitoad, M|86/100|[from]move: Volt Switch
|
|-heal|p2a: Seismitoad|93/100|[from] item: Leftovers
|upkeep
|turn|15
|
|t:|1621484189
|move|p1a: Darmanitan|U-turn|p2a: Seismitoad
|-damage|p2a: Seismitoad|72/100
|
|t:|1621484195
|switch|p1a: Zarude|Zarude|100/100|[from]move: U-turn
|move|p2a: Seismitoad|Stealth Rock|p1a: Zarude
|-sidestart|p1: Raahel|move: Stealth Rock
|
|-heal|p2a: Seismitoad|78/100|[from] item: Leftovers
|upkeep
|turn|16
|
|t:|1621484207
|switch|p2a: Ditto|Ditto, shiny|100/100
|-transform|p2a: Ditto|p1a: Zarude|[from] ability: Imposter
|move|p1a: Zarude|Power Whip|p2a: Ditto
|-resisted|p2a: Ditto
|-damage|p2a: Ditto|67/100
|
|upkeep
|turn|17
|
|t:|1621484233
|switch|p1a: Cobalion|Cobalion|12/100
|-damage|p1a: Cobalion|9/100|[from] Stealth Rock
|move|p2a: Ditto|U-turn|p1a: Cobalion
|-resisted|p1a: Cobalion
|-crit|p1a: Cobalion
|-damage|p1a: Cobalion|2/100
|
|t:|1621484245
|switch|p2a: Raikou|Raikou|59/100|[from]move: U-turn
|-ability|p2a: Raikou|Pressure
|
|upkeep
|turn|18
|
|t:|1621484249
|move|p2a: Raikou|Volt Switch|p1a: Cobalion
|-damage|p1a: Cobalion|0 fnt
|faint|p1a: Cobalion
|
|t:|1621484263
|switch|p2a: Diancie|Diancie|91/100|[from]move: Volt Switch
|
|-heal|p2a: Diancie|97/100|[from] item: Leftovers
|upkeep
|
|t:|1621484271
|switch|p1a: Xurkitree|Xurkitree|100/100
|-damage|p1a: Xurkitree|88/100|[from] Stealth Rock
|turn|19
|
|t:|1621484277
|switch|p2a: Dhelmise|Dhelmise|100/100
|move|p1a: Xurkitree|Energy Ball|p2a: Dhelmise
|-resisted|p2a: Dhelmise
|-damage|p2a: Dhelmise|80/100
|
|upkeep
|turn|20
|
|t:|1621484285
|switch|p1a: Zarude|Zarude|100/100
|switch|p2a: Ditto|Ditto, shiny|67/100
|-transform|p2a: Ditto|p1a: Zarude|[from] ability: Imposter
|
|upkeep
|turn|21
|
|t:|1621484293
|switch|p1a: Togekiss|Togekiss, F|100/100
|move|p2a: Ditto|U-turn|p1a: Togekiss
|-resisted|p1a: Togekiss
|-damage|p1a: Togekiss|95/100
|
|t:|1621484297
|switch|p2a: Diancie|Diancie|97/100|[from]move: U-turn
|
|-heal|p2a: Diancie|100/100|[from] item: Leftovers
|upkeep
|turn|22
|
|t:|1621484306
|move|p1a: Togekiss|Defog|p2a: Diancie
|-fail|p2a: Diancie|unboost|[from] ability: Clear Body|[of] p2a: Diancie
|-sideend|p1: Raahel|Stealth Rock|[from] move: Defog|[of] p1a: Togekiss
|move|p2a: Diancie|Diamond Storm|p1a: Togekiss
|-supereffective|p1a: Togekiss
|-damage|p1a: Togekiss|34/100
|
|upkeep
|turn|23
|
|t:|1621484311
|switch|p1a: Seismitoad|Seismitoad, F|88/100 tox
|move|p2a: Diancie|Diamond Storm|p1a: Seismitoad
|-resisted|p1a: Seismitoad
|-damage|p1a: Seismitoad|77/100 tox
|-boost|p2a: Diancie|def|2
|
|-heal|p1a: Seismitoad|83/100 tox|[from] item: Leftovers
|-damage|p1a: Seismitoad|77/100 tox|[from] psn
|upkeep
|turn|24
|
|t:|1621484330
|move|p1a: Seismitoad|Earth Power|p2a: Diancie
|-supereffective|p2a: Diancie
|-damage|p2a: Diancie|66/100
|move|p2a: Diancie|Body Press|p1a: Seismitoad
|-damage|p1a: Seismitoad|39/100 tox
|
|-heal|p1a: Seismitoad|45/100 tox|[from] item: Leftovers
|-heal|p2a: Diancie|73/100|[from] item: Leftovers
|-damage|p1a: Seismitoad|33/100 tox|[from] psn
|upkeep
|turn|25
|
|t:|1621484348
|switch|p2a: Dhelmise|Dhelmise|80/100
|move|p1a: Seismitoad|Scald|p2a: Dhelmise
|-resisted|p2a: Dhelmise
|-damage|p2a: Dhelmise|67/100
|
|-heal|p1a: Seismitoad|39/100 tox|[from] item: Leftovers
|-damage|p1a: Seismitoad|21/100 tox|[from] psn
|upkeep
|turn|26
|
|t:|1621484360
|move|p1a: Seismitoad|Stealth Rock|p2a: Dhelmise
|-sidestart|p2: Glidinganteater|move: Stealth Rock
|move|p2a: Dhelmise|Synthesis|p2a: Dhelmise
|-heal|p2a: Dhelmise|100/100
|
|-heal|p1a: Seismitoad|27/100 tox|[from] item: Leftovers
|-damage|p1a: Seismitoad|3/100 tox|[from] psn
|upkeep
|turn|27
|
|t:|1621484366
|move|p1a: Seismitoad|Knock Off|p2a: Dhelmise
|-supereffective|p2a: Dhelmise
|-damage|p2a: Dhelmise|72/100
|move|p2a: Dhelmise|Rapid Spin|p1a: Seismitoad
|-damage|p1a: Seismitoad|0 fnt
|-boost|p2a: Dhelmise|spe|1
|-sideend|p2: Glidinganteater|Stealth Rock|[from] move: Rapid Spin|[of] p2a: Dhelmise
|faint|p1a: Seismitoad
|
|upkeep
|
|t:|1621484369
|switch|p1a: Darmanitan|Darmanitan, M|46/100
|turn|28
|
|t:|1621484378
|switch|p2a: Seismitoad|Seismitoad, M|78/100
|move|p1a: Darmanitan|U-turn|p2a: Seismitoad
|-damage|p2a: Seismitoad|58/100
|
|t:|1621484383
|switch|p1a: Zarude|Zarude|100/100|[from]move: U-turn
|
|-heal|p2a: Seismitoad|64/100|[from] item: Leftovers
|upkeep
|turn|29
|
|t:|1621484391
|move|p1a: Zarude|U-turn|p2a: Seismitoad
|-damage|p2a: Seismitoad|48/100
|
|t:|1621484393
|switch|p1a: Togekiss|Togekiss, F|34/100|[from]move: U-turn
|move|p2a: Seismitoad|Knock Off|p1a: Togekiss
|-resisted|p1a: Togekiss
|-damage|p1a: Togekiss|24/100
|-enditem|p1a: Togekiss|Heavy-Duty Boots|[from] move: Knock Off|[of] p2a: Seismitoad
|
|-heal|p2a: Seismitoad|54/100|[from] item: Leftovers
|upkeep
|turn|30
|
|t:|1621484410
|switch|p1a: Zarude|Zarude|100/100
|move|p2a: Seismitoad|Toxic|p1a: Zarude
|-status|p1a: Zarude|tox
|
|-heal|p2a: Seismitoad|60/100|[from] item: Leftovers
|-damage|p1a: Zarude|95/100 tox|[from] psn
|upkeep
|turn|31
|
|t:|1621484421
|move|p1a: Zarude|Jungle Healing|p1a: Zarude
|-heal|p1a: Zarude|100/100 tox
|-curestatus|p1a: Zarude|tox|[msg]
|move|p2a: Seismitoad|Stealth Rock|p1a: Zarude
|-sidestart|p1: Raahel|move: Stealth Rock
|
|-heal|p2a: Seismitoad|66/100|[from] item: Leftovers
|upkeep
|turn|32
|
|t:|1621484451
|switch|p2a: Raikou|Raikou|59/100
|-ability|p2a: Raikou|Pressure
|move|p1a: Zarude|Power Whip|p2a: Raikou
|-damage|p2a: Raikou|0 fnt
|faint|p2a: Raikou
|
|upkeep
|
|t:|1621484460
|switch|p2a: Ditto|Ditto, shiny|67/100
|-transform|p2a: Ditto|p1a: Zarude|[from] ability: Imposter
|turn|33
|
|t:|1621484463
|switch|p1a: Togekiss|Togekiss, F|24/100
|-damage|p1a: Togekiss|0 fnt|[from] Stealth Rock
|faint|p1a: Togekiss
|move|p2a: Ditto|U-turn|p1: Togekiss|[notarget]
|-fail|p2a: Ditto
|
|upkeep
|
|t:|1621484468
|switch|p1a: Darmanitan|Darmanitan, M|46/100
|turn|34
|
|t:|1621484472
|move|p2a: Ditto|U-turn|p1a: Darmanitan
|-resisted|p1a: Darmanitan
|-damage|p1a: Darmanitan|26/100
|
|t:|1621484479
|switch|p2a: Seismitoad|Seismitoad, M|66/100|[from]move: U-turn
|move|p1a: Darmanitan|U-turn|p2a: Seismitoad
|-damage|p2a: Seismitoad|46/100
|
|t:|1621484500
|switch|p1a: Zarude|Zarude|100/100|[from]move: U-turn
|
|-heal|p2a: Seismitoad|52/100|[from] item: Leftovers
|upkeep
|turn|35
|
|t:|1621484512
|switch|p2a: Dhelmise|Dhelmise|72/100
|move|p1a: Zarude|Power Whip|p2a: Dhelmise
|-resisted|p2a: Dhelmise
|-damage|p2a: Dhelmise|39/100
|
|upkeep
|turn|36
|
|t:|1621484516
|switch|p2a: Ditto|Ditto, shiny|67/100
|-transform|p2a: Ditto|p1a: Zarude|[from] ability: Imposter
|move|p1a: Zarude|Darkest Lariat|p2a: Ditto
|-resisted|p2a: Ditto
|-damage|p2a: Ditto|45/100
|
|upkeep
|turn|37
|
|t:|1621484521
|switch|p1a: Darmanitan|Darmanitan, M|26/100
|move|p2a: Ditto|U-turn|p1a: Darmanitan
|-resisted|p1a: Darmanitan
|-damage|p1a: Darmanitan|6/100
|
|t:|1621484535
|switch|p2a: Diancie|Diancie|73/100|[from]move: U-turn
|
|-heal|p2a: Diancie|79/100|[from] item: Leftovers
|upkeep
|turn|38
|
|t:|1621484539
|move|p1a: Darmanitan|Earthquake|p2a: Diancie
|-supereffective|p2a: Diancie
|-damage|p2a: Diancie|20/100
|move|p2a: Diancie|Diamond Storm|p1a: Darmanitan
|-supereffective|p1a: Darmanitan
|-damage|p1a: Darmanitan|0 fnt
|faint|p1a: Darmanitan
|
|-heal|p2a: Diancie|26/100|[from] item: Leftovers
|upkeep
|
|t:|1621484545
|switch|p1a: Zarude|Zarude|100/100
|turn|39
|
|t:|1621484553
|move|p1a: Zarude|Power Whip|p2a: Diancie
|-supereffective|p2a: Diancie
|-damage|p2a: Diancie|0 fnt
|faint|p2a: Diancie
|
|upkeep
|
|t:|1621484556
|switch|p2a: Ditto|Ditto, shiny|45/100
|-transform|p2a: Ditto|p1a: Zarude|[from] ability: Imposter
|turn|40
|
|t:|1621484559
|move|p2a: Ditto|U-turn|p1a: Zarude
|-supereffective|p1a: Zarude
|-damage|p1a: Zarude|21/100
|
|t:|1621484583
|switch|p2a: Dhelmise|Dhelmise|39/100|[from]move: U-turn
|move|p1a: Zarude|U-turn|p2a: Dhelmise
|-damage|p2a: Dhelmise|17/100
|
|t:|1621484587
|switch|p1a: Xurkitree|Xurkitree|88/100|[from]move: U-turn
|-damage|p1a: Xurkitree|76/100|[from] Stealth Rock
|
|upkeep
|turn|41
|
|t:|1621484595
|move|p1a: Xurkitree|Volt Switch|p2a: Dhelmise
|-resisted|p2a: Dhelmise
|-damage|p2a: Dhelmise|0 fnt
|faint|p2a: Dhelmise
|-ability|p1a: Xurkitree|Beast Boost|boost
|-boost|p1a: Xurkitree|spa|1
|
|t:|1621484598
|switch|p1a: Zarude|Zarude|21/100|[from]move: Volt Switch
|
|upkeep
|
|t:|1621484602
|switch|p2a: Ditto|Ditto, shiny|45/100
|-transform|p2a: Ditto|p1a: Zarude|[from] ability: Imposter
|turn|42
|
|t:|1621484608
|move|p2a: Ditto|Power Whip|p1a: Zarude|[miss]
|-miss|p2a: Ditto|p1a: Zarude
|move|p1a: Zarude|Power Whip|p2a: Ditto|[miss]
|-miss|p1a: Zarude|p2a: Ditto
|
|upkeep
|turn|43
|
|t:|1621484616
|move|p2a: Ditto|Power Whip|p1a: Zarude
|-resisted|p1a: Zarude
|-damage|p1a: Zarude|0 fnt
|faint|p1a: Zarude
|
|upkeep
|
|t:|1621484619
|switch|p1a: Xurkitree|Xurkitree|76/100
|-damage|p1a: Xurkitree|63/100|[from] Stealth Rock
|turn|44
|
|t:|1621484622
|move|p2a: Ditto|Power Whip|p1a: Xurkitree
|-damage|p1a: Xurkitree|0 fnt
|faint|p1a: Xurkitree
|
|win|Glidinganteater
|n|☆Raahel|raahel
|n|☆Glidinganteater|glidinganteater
|l|☆Raahel
|c|☆Glidinganteater|Gg
