|j|☆Glidinganteater
|j|☆Pokewood Undead
|t:|1621630868
|gametype|singles
|player|p1|Glidinganteater|palmer|1482
|player|p2|Pokewood Undead|cynthia-gen4|1318
|teamsize|p1|6
|teamsize|p2|6
|gen|8
|tier|[Gen 8] RU
|rated|
|rule|Sleep Clause Mod: Limit one foe put to sleep
|rule|Species Clause: Limit one of each Pokémon
|rule|OHKO Clause: OHKO moves are banned
|rule|Evasion Moves Clause: Evasion moves are banned
|rule|Endless Battle Clause: Forcing endless battles is banned
|rule|HP Percentage Mod: HP is shown in percentages
|rule|Dynamax Clause: You cannot dynamax
|clearpoke
|poke|p1|Noivern, M|
|poke|p1|Seismitoad, M|
|poke|p1|Dhelmise|
|poke|p1|Diancie|
|poke|p1|Ditto|
|poke|p1|Raikou|
|poke|p2|Sharpedo, M|
|poke|p2|Heracross, M|
|poke|p2|Weezing-Galar, F|
|poke|p2|Metagross|
|poke|p2|Porygon-Z|
|poke|p2|Raikou|
|teampreview
|c|☆Pokewood Undead|hf
|
|t:|1621630883
|start
|switch|p1a: Dhelmise|Dhelmise|100/100
|switch|p2a: Metagross|Metagross|100/100
|turn|1
|
|t:|1621630889
|switch|p2a: Heracross|Heracross, M|100/100
|move|p1a: Dhelmise|Poltergeist|p2a: Heracross
|-activate|p2a: Heracross|move: Poltergeist|Flame Orb
|-damage|p2a: Heracross|9/100
|
|-status|p2a: Heracross|brn|[from] item: Flame Orb
|upkeep
|turn|2
|c|☆Glidinganteater|U2
|
|t:|1621630937
|switch|p1a: Noivern|Noivern, M|100/100
|move|p2a: Heracross|Knock Off|p1a: Noivern
|-damage|p1a: Noivern|34/100
|-enditem|p1a: Noivern|Heavy-Duty Boots|[from] move: Knock Off|[of] p2a: Heracross
|
|-damage|p2a: Heracross|3/100 brn|[from] brn
|upkeep
|turn|3
|
|t:|1621630951
|move|p1a: Noivern|Flamethrower|p2a: Heracross
|-supereffective|p2a: Heracross
|-crit|p2a: Heracross
|-damage|p2a: Heracross|0 fnt
|faint|p2a: Heracross
|
|upkeep
|
|t:|1621630955
|switch|p2a: Porygon-Z|Porygon-Z|100/100
|turn|4
|
|t:|1621630959
|switch|p1a: Diancie|Diancie|100/100
|move|p2a: Porygon-Z|Tri Attack|p1a: Diancie
|-resisted|p1a: Diancie
|-damage|p1a: Diancie|82/100
|
|-heal|p1a: Diancie|88/100|[from] item: Leftovers
|upkeep
|turn|5
|
|t:|1621630965
|switch|p2a: Metagross|Metagross|100/100
|move|p1a: Diancie|Diamond Storm|p2a: Metagross
|-resisted|p2a: Metagross
|-damage|p2a: Metagross|87/100
|
|-heal|p2a: Metagross|93/100|[from] item: Leftovers
|-heal|p1a: Diancie|95/100|[from] item: Leftovers
|upkeep
|turn|6
|
|t:|1621630969
|switch|p1a: Seismitoad|Seismitoad, M|100/100
|move|p2a: Metagross|Stealth Rock|p1a: Seismitoad
|-sidestart|p1: Glidinganteater|move: Stealth Rock
|
|-heal|p2a: Metagross|99/100|[from] item: Leftovers
|upkeep
|turn|7
|
|t:|1621630977
|switch|p2a: Weezing|Weezing-Galar, F|100/100
|move|p1a: Seismitoad|Stealth Rock|p2a: Weezing
|-sidestart|p2: Pokewood Undead|move: Stealth Rock
|
|upkeep
|turn|8
|
|t:|1621630980
|move|p1a: Seismitoad|Knock Off|p2a: Weezing
|-resisted|p2a: Weezing
|-damage|p2a: Weezing|94/100
|-enditem|p2a: Weezing|Black Sludge|[from] move: Knock Off|[of] p1a: Seismitoad
|move|p2a: Weezing|Will-O-Wisp|p1a: Seismitoad|[miss]
|-miss|p2a: Weezing|p1a: Seismitoad
|
|upkeep
|turn|9
|
|t:|1621630989
|switch|p1a: Raikou|Raikou|100/100
|-ability|p1a: Raikou|Pressure
|move|p2a: Weezing|Will-O-Wisp|p1a: Raikou|[miss]
|-miss|p2a: Weezing|p1a: Raikou
|
|upkeep
|turn|10
|c|☆Glidinganteater|Sorry for those misses
|
|t:|1621631001
|switch|p2a: Raikou|Raikou|100/100
|-ability|p2a: Raikou|Pressure
|move|p1a: Raikou|Thunderbolt|p2a: Raikou
|-resisted|p2a: Raikou
|-damage|p2a: Raikou|77/100
|
|upkeep
|turn|11
|c|☆Pokewood Undead|not your fault
|
|t:|1621631016
|move|p1a: Raikou|Volt Switch|p2a: Raikou
|-resisted|p2a: Raikou
|-damage|p2a: Raikou|61/100
|
|t:|1621631019
|switch|p1a: Seismitoad|Seismitoad, M|100/100|[from]move: Volt Switch
|-damage|p1a: Seismitoad|94/100|[from] Stealth Rock
|move|p2a: Raikou|Volt Switch|p1a: Seismitoad
|-immune|p1a: Seismitoad
|
|-heal|p1a: Seismitoad|100/100|[from] item: Leftovers
|upkeep
|turn|12
|
|t:|1621631028
|switch|p2a: Weezing|Weezing-Galar, F|94/100
|-damage|p2a: Weezing|82/100|[from] Stealth Rock
|move|p1a: Seismitoad|Knock Off|p2a: Weezing
|-resisted|p2a: Weezing
|-damage|p2a: Weezing|77/100
|
|upkeep
|turn|13
|
|t:|1621631034
|switch|p1a: Raikou|Raikou|100/100
|-ability|p1a: Raikou|Pressure
|move|p2a: Weezing|Sludge Bomb|p1a: Raikou
|-damage|p1a: Raikou|72/100
|
|upkeep
|turn|14
|
|t:|1621631043
|move|p1a: Raikou|Thunderbolt|p2a: Weezing
|-damage|p2a: Weezing|20/100
|-status|p2a: Weezing|par
|move|p2a: Weezing|Will-O-Wisp|p1a: Raikou
|-status|p1a: Raikou|brn
|
|-damage|p1a: Raikou|66/100 brn|[from] brn
|upkeep
|turn|15
|
|t:|1621631050
|move|p1a: Raikou|Volt Switch|p2a: Weezing
|-damage|p2a: Weezing|0 fnt
|faint|p2a: Weezing
|j| Caschmoney
|
|t:|1621631060
|switch|p1a: Noivern|Noivern, M|34/100|[from]move: Volt Switch
|-damage|p1a: Noivern|9/100|[from] Stealth Rock
|
|upkeep
|
|t:|1621631063
|switch|p2a: Porygon-Z|Porygon-Z|100/100
|-damage|p2a: Porygon-Z|88/100|[from] Stealth Rock
|turn|16
|
|t:|1621631072
|switch|p1a: Dhelmise|Dhelmise|100/100
|move|p2a: Porygon-Z|Shadow Ball|p1a: Dhelmise
|-supereffective|p1a: Dhelmise
|-damage|p1a: Dhelmise|37/100
|
|upkeep
|turn|17
|
|t:|1621631076
|switch|p1a: Ditto|Ditto, shiny|100/100
|-damage|p1a: Ditto|88/100|[from] Stealth Rock
|-transform|p1a: Ditto|p2a: Porygon-Z|[from] ability: Imposter
|move|p2a: Porygon-Z|Shadow Ball|p1a: Ditto
|-immune|p1a: Ditto
|
|upkeep
|turn|18
|
|t:|1621631094
|switch|p2a: Raikou|Raikou|61/100
|-ability|p2a: Raikou|Pressure
|move|p1a: Ditto|Shadow Ball|p2a: Raikou
|-damage|p2a: Raikou|29/100
|-unboost|p2a: Raikou|spd|1
|
|upkeep
|turn|19
|
|t:|1621631100
|switch|p1a: Seismitoad|Seismitoad, M|100/100
|-damage|p1a: Seismitoad|94/100|[from] Stealth Rock
|move|p2a: Raikou|Thunderbolt|p1a: Seismitoad
|-immune|p1a: Seismitoad
|
|-heal|p1a: Seismitoad|100/100|[from] item: Leftovers
|upkeep
|turn|20
|
|t:|1621631107
|move|p2a: Raikou|Aura Sphere|p1a: Seismitoad
|-damage|p1a: Seismitoad|73/100
|move|p1a: Seismitoad|Knock Off|p2a: Raikou
|-damage|p2a: Raikou|1/100
|-enditem|p2a: Raikou|Heavy-Duty Boots|[from] move: Knock Off|[of] p1a: Seismitoad
|
|-heal|p1a: Seismitoad|79/100|[from] item: Leftovers
|upkeep
|turn|21
|
|t:|1621631115
|move|p2a: Raikou|Aura Sphere|p1a: Seismitoad
|-damage|p1a: Seismitoad|52/100
|move|p1a: Seismitoad|Knock Off|p2a: Raikou
|-damage|p2a: Raikou|0 fnt
|faint|p2a: Raikou
|
|-heal|p1a: Seismitoad|58/100|[from] item: Leftovers
|upkeep
|l| Caschmoney
|
|t:|1621631129
|switch|p2a: Metagross|Metagross|99/100
|-damage|p2a: Metagross|93/100|[from] Stealth Rock
|turn|22
|
|t:|1621631134
|move|p1a: Seismitoad|Knock Off|p2a: Metagross
|-supereffective|p2a: Metagross
|-damage|p2a: Metagross|62/100
|-enditem|p2a: Metagross|Leftovers|[from] move: Knock Off|[of] p1a: Seismitoad
|move|p2a: Metagross|Earthquake|p1a: Seismitoad
|-damage|p1a: Seismitoad|32/100
|
|-heal|p1a: Seismitoad|38/100|[from] item: Leftovers
|upkeep
|turn|23
|
|t:|1621631142
|move|p1a: Seismitoad|Earthquake|p2a: Metagross
|-supereffective|p2a: Metagross
|-damage|p2a: Metagross|8/100
|move|p2a: Metagross|Earthquake|p1a: Seismitoad
|-damage|p1a: Seismitoad|11/100
|
|-heal|p1a: Seismitoad|17/100|[from] item: Leftovers
|upkeep
|turn|24
|
|t:|1621631147
|move|p2a: Metagross|Bullet Punch|p1a: Seismitoad
|-resisted|p1a: Seismitoad
|-damage|p1a: Seismitoad|8/100
|move|p1a: Seismitoad|Earthquake|p2a: Metagross
|-supereffective|p2a: Metagross
|-damage|p2a: Metagross|0 fnt
|faint|p2a: Metagross
|
|-heal|p1a: Seismitoad|14/100|[from] item: Leftovers
|upkeep
|
|t:|1621631149
|switch|p2a: Porygon-Z|Porygon-Z|88/100
|-damage|p2a: Porygon-Z|76/100|[from] Stealth Rock
|turn|25
|
|t:|1621631155
|move|p2a: Porygon-Z|Shadow Ball|p1a: Seismitoad
|-damage|p1a: Seismitoad|0 fnt
|faint|p1a: Seismitoad
|
|upkeep
|
|t:|1621631160
|switch|p1a: Ditto|Ditto, shiny|88/100
|-damage|p1a: Ditto|76/100|[from] Stealth Rock
|-transform|p1a: Ditto|p2a: Porygon-Z|[from] ability: Imposter
|turn|26
|-message|Pokewood Undead forfeited.
|
|win|Glidinganteater
|l|☆Pokewood Undead
|raw|Glidinganteater's rating: 1482 &rarr; <strong>1493</strong><br />(+11 for winning)
|raw|Pokewood Undead's rating: 1318 &rarr; <strong>1307</strong><br />(-11 for losing)
