|j|☆Aquarius Ghost ❤
|j|☆c rien c la RU
|player|p1|Aquarius Ghost ❤|aetherfoundation|1498
|player|p2|c rien c la RU|104|1394
|teamsize|p1|6
|teamsize|p2|6
|gametype|singles
|gen|8
|tier|[Gen 8] RU
|rated|
|clearpoke
|poke|p1|Sableye, F|
|poke|p1|Vileplume, F|
|poke|p1|Vaporeon, F|
|poke|p1|Salazzle, F|
|poke|p1|Coalossal, F|
|poke|p1|Indeedee-F, F|
|poke|p2|Decidueye, F|
|poke|p2|Steelix, F|
|poke|p2|Vileplume, M|
|poke|p2|Raichu-Alola, F|
|poke|p2|Coalossal, M|
|poke|p2|Braviary, M|
|rule|Sleep Clause Mod: Limit one foe put to sleep
|rule|Species Clause: Limit one of each Pokémon
|rule|OHKO Clause: OHKO moves are banned
|rule|Evasion Moves Clause: Evasion moves are banned
|rule|Endless Battle Clause: Forcing endless battles is banned
|rule|HP Percentage Mod: HP is shown in percentages
|rule|Dynamax Clause: You cannot dynamax
|teampreview
|c|☆Aquarius Ghost ❤|gl hf
|c|☆c rien c la RU|hf
|
|start
|switch|p1a: Vaporeon|Vaporeon, F|100/100
|switch|p2a: Raichu|Raichu-Alola, F|100/100
|turn|1
|
|switch|p1a: Sableye|Sableye, F|100/100
|move|p2a: Raichu|Thunderbolt|p1a: Sableye
|-damage|p1a: Sableye|43/100
|
|-heal|p1a: Sableye|49/100|[from] item: Leftovers
|upkeep
|turn|2
|
|move|p1a: Sableye|Recover|p1a: Sableye
|-heal|p1a: Sableye|99/100
|move|p2a: Raichu|Thunderbolt|p1a: Sableye
|-damage|p1a: Sableye|36/100
|
|-heal|p1a: Sableye|42/100|[from] item: Leftovers
|upkeep
|turn|3
|
|switch|p1a: Vileplume|Vileplume, F|100/100
|move|p2a: Raichu|Thunderbolt|p1a: Vileplume
|-resisted|p1a: Vileplume
|-damage|p1a: Vileplume|71/100
|
|-heal|p1a: Vileplume|77/100|[from] item: Black Sludge
|upkeep
|turn|4
|
|switch|p2a: Vileplume|Vileplume, M|100/100
|move|p1a: Vileplume|Sludge Bomb|p2a: Vileplume
|-damage|p2a: Vileplume|62/100
|
|-heal|p2a: Vileplume|68/100|[from] item: Leftovers
|-heal|p1a: Vileplume|84/100|[from] item: Black Sludge
|upkeep
|turn|5
|
|switch|p1a: Salazzle|Salazzle, F|100/100
|move|p2a: Vileplume|Strength Sap|p1a: Salazzle
|-unboost|p1a: Salazzle|atk|1
|-heal|p2a: Vileplume|100/100
|
|upkeep
|turn|6
|inactive|Battle timer is ON: inactive players will automatically lose when time's up. (requested by Aquarius Ghost ❤)
|
|switch|p2a: Coalossal|Coalossal, M|100/100
|move|p1a: Salazzle|Toxic|p2a: Coalossal
|-status|p2a: Coalossal|tox
|
|-damage|p2a: Coalossal|94/100 tox|[from] psn
|upkeep
|turn|7
|
|switch|p1a: Vaporeon|Vaporeon, F|100/100
|move|p2a: Coalossal|Spikes|p1a: Vaporeon
|-sidestart|p1: Aquarius Ghost ❤|Spikes
|
|-damage|p2a: Coalossal|82/100 tox|[from] psn
|upkeep
|turn|8
|
|switch|p2a: Raichu|Raichu-Alola, F|100/100
|move|p1a: Vaporeon|Scald|p2a: Raichu
|-damage|p2a: Raichu|55/100
|-status|p2a: Raichu|brn
|
|-damage|p2a: Raichu|49/100 brn|[from] brn
|upkeep
|turn|9
|
|move|p1a: Vaporeon|Protect|p1a: Vaporeon
|-singleturn|p1a: Vaporeon|Protect
|move|p2a: Raichu|Volt Switch|p1a: Vaporeon
|-activate|p1a: Vaporeon|move: Protect
|
|-damage|p2a: Raichu|43/100 brn|[from] brn
|upkeep
|turn|10
|
|move|p2a: Raichu|Volt Switch|p1a: Vaporeon
|-supereffective|p1a: Vaporeon
|-damage|p1a: Vaporeon|32/100
|
|switch|p2a: Decidueye|Decidueye, F|100/100|[from]move: Volt Switch
|move|p1a: Vaporeon|Wish|p1a: Vaporeon
|
|-heal|p1a: Vaporeon|38/100|[from] item: Leftovers
|upkeep
|turn|11
|inactive|c rien c la RU has 120 seconds left.
|
|move|p1a: Vaporeon|Protect|p1a: Vaporeon
|-singleturn|p1a: Vaporeon|Protect
|move|p2a: Decidueye|Swords Dance|p2a: Decidueye
|-boost|p2a: Decidueye|atk|2
|
|-heal|p1a: Vaporeon|88/100|[from] move: Wish|[wisher] Vaporeon
|-heal|p1a: Vaporeon|94/100|[from] item: Leftovers
|upkeep
|turn|12
|inactive|c rien c la RU has 120 seconds left.
|
|switch|p1a: Indeedee|Indeedee-F, F|100/100
|-damage|p1a: Indeedee|88/100|[from] Spikes
|-fieldstart|move: Psychic Terrain|[from] ability: Psychic Surge|[of] p1a: Indeedee
|move|p2a: Decidueye|Poltergeist|p1a: Indeedee
|-immune|p1a: Indeedee
|
|upkeep
|turn|13
|inactive|c rien c la RU has 120 seconds left.
|
|switch|p2a: Steelix|Steelix, F|100/100
|move|p1a: Indeedee|Expanding Force|p2a: Steelix
|-resisted|p2a: Steelix
|-damage|p2a: Steelix|71/100
|
|-heal|p2a: Steelix|77/100|[from] item: Leftovers
|upkeep
|turn|14
|
|switch|p1a: Vaporeon|Vaporeon, F|94/100
|-damage|p1a: Vaporeon|82/100|[from] Spikes
|move|p2a: Steelix|Stealth Rock|p1a: Vaporeon
|-sidestart|p1: Aquarius Ghost ❤|move: Stealth Rock
|
|-heal|p1a: Vaporeon|88/100|[from] item: Leftovers
|-heal|p2a: Steelix|83/100|[from] item: Leftovers
|upkeep
|turn|15
|j| Bale2711
|inactive|c rien c la RU has 120 seconds left.
|
|switch|p2a: Vileplume|Vileplume, M|100/100
|move|p1a: Vaporeon|Scald|p2a: Vileplume
|-resisted|p2a: Vileplume
|-damage|p2a: Vileplume|84/100
|
|-heal|p1a: Vaporeon|94/100|[from] item: Leftovers
|-heal|p2a: Vileplume|91/100|[from] item: Leftovers
|upkeep
|turn|16
|inactive|c rien c la RU has 120 seconds left.
|
|switch|p1a: Coalossal|Coalossal, F|100/100
|move|p2a: Vileplume|Giga Drain|p1a: Coalossal
|-damage|p1a: Coalossal|83/100
|-heal|p2a: Vileplume|100/100|[from] drain|[of] p1a: Coalossal
|
|-fieldend|move: Psychic Terrain
|upkeep
|turn|17
|inactive|c rien c la RU has 120 seconds left.
|
|move|p2a: Vileplume|Sleep Powder|p1a: Coalossal|[miss]
|-miss|p2a: Vileplume|p1a: Coalossal
|move|p1a: Coalossal|Rapid Spin|p2a: Vileplume
|-damage|p2a: Vileplume|92/100
|-boost|p1a: Coalossal|spe|1
|-sideend|p1: Aquarius Ghost ❤|Spikes|[from] move: Rapid Spin|[of] p1a: Coalossal
|-sideend|p1: Aquarius Ghost ❤|Stealth Rock|[from] move: Rapid Spin|[of] p1a: Coalossal
|
|-heal|p2a: Vileplume|99/100|[from] item: Leftovers
|upkeep
|turn|18
|
|switch|p1a: Vileplume|Vileplume, F|84/100
|move|p2a: Vileplume|Sleep Powder|p1a: Vileplume
|-immune|p1a: Vileplume
|
|-heal|p2a: Vileplume|100/100|[from] item: Leftovers
|-heal|p1a: Vileplume|90/100|[from] item: Black Sludge
|upkeep
|turn|19
|
|switch|p1a: Vaporeon|Vaporeon, F|94/100
|move|p2a: Vileplume|Sludge Bomb|p1a: Vaporeon
|-damage|p1a: Vaporeon|71/100
|-status|p1a: Vaporeon|psn
|
|-heal|p1a: Vaporeon|77/100 psn|[from] item: Leftovers
|-damage|p1a: Vaporeon|64/100 psn|[from] psn
|upkeep
|turn|20
|
|switch|p1a: Salazzle|Salazzle, F|100/100
|move|p2a: Vileplume|Giga Drain|p1a: Salazzle
|-resisted|p1a: Salazzle
|-damage|p1a: Salazzle|90/100
|
|-heal|p1a: Salazzle|97/100|[from] item: Black Sludge
|upkeep
|turn|21
|inactive|c rien c la RU has 120 seconds left.
|
|switch|p2a: Coalossal|Coalossal, M|82/100 tox
|move|p1a: Salazzle|Flamethrower|p2a: Coalossal
|-resisted|p2a: Coalossal
|-damage|p2a: Coalossal|77/100 tox
|
|-heal|p1a: Salazzle|100/100|[from] item: Black Sludge
|-damage|p2a: Coalossal|71/100 tox|[from] psn
|upkeep
|turn|22
|inactive|c rien c la RU has 120 seconds left.
|
|switch|p1a: Sableye|Sableye, F|42/100
|move|p2a: Coalossal|Rock Blast|p1a: Sableye|[miss]
|-miss|p2a: Coalossal|p1a: Sableye
|
|-heal|p1a: Sableye|49/100|[from] item: Leftovers
|-damage|p2a: Coalossal|59/100 tox|[from] psn
|upkeep
|turn|23
|inactive|c rien c la RU has 120 seconds left.
|
|move|p1a: Sableye|Encore|p2a: Coalossal
|-start|p2a: Coalossal|Encore
|move|p2a: Coalossal|Rock Blast|p1a: Sableye
|-damage|p1a: Sableye|39/100
|-damage|p1a: Sableye|27/100
|-damage|p1a: Sableye|16/100
|-damage|p1a: Sableye|6/100
|-hitcount|p1a: Sableye|4
|
|-heal|p1a: Sableye|12/100|[from] item: Leftovers
|-damage|p2a: Coalossal|40/100 tox|[from] psn
|upkeep
|turn|24
|inactive|c rien c la RU has 120 seconds left.
|
|switch|p2a: Vileplume|Vileplume, M|100/100
|move|p1a: Sableye|Recover|p1a: Sableye
|-heal|p1a: Sableye|62/100
|
|-heal|p1a: Sableye|68/100|[from] item: Leftovers
|upkeep
|turn|25
|
|switch|p1a: Vileplume|Vileplume, F|90/100
|move|p2a: Vileplume|Sleep Powder|p1a: Vileplume
|-immune|p1a: Vileplume
|
|-heal|p1a: Vileplume|96/100|[from] item: Black Sludge
|upkeep
|turn|26
|
|move|p2a: Vileplume|Sleep Powder|p1a: Vileplume
|-immune|p1a: Vileplume
|move|p1a: Vileplume|Aromatherapy|p1a: Vileplume
|-activate|p1a: Vileplume|move: Aromatherapy
|-curestatus|p1: Vaporeon|psn|[msg]
|
|-heal|p1a: Vileplume|100/100|[from] item: Black Sludge
|upkeep
|turn|27
|
|switch|p1a: Salazzle|Salazzle, F|100/100
|move|p2a: Vileplume|Sleep Powder|p1a: Salazzle
|-status|p1a: Salazzle|slp|[from] move: Sleep Powder
|
|upkeep
|turn|28
|
|switch|p1a: Vaporeon|Vaporeon, F|64/100
|switch|p2a: Braviary|Braviary, M|100/100
|
|-heal|p1a: Vaporeon|71/100|[from] item: Leftovers
|upkeep
|turn|29
|
|move|p1a: Vaporeon|Protect|p1a: Vaporeon
|-singleturn|p1a: Vaporeon|Protect
|move|p2a: Braviary|U-turn|p1a: Vaporeon
|-activate|p1a: Vaporeon|move: Protect
|
|-heal|p1a: Vaporeon|77/100|[from] item: Leftovers
|upkeep
|turn|30
|
|move|p2a: Braviary|U-turn|p1a: Vaporeon
|-damage|p1a: Vaporeon|59/100
|
|switch|p2a: Vileplume|Vileplume, M|100/100|[from]move: U-turn
|move|p1a: Vaporeon|Wish|p1a: Vaporeon
|
|-heal|p1a: Vaporeon|65/100|[from] item: Leftovers
|upkeep
|turn|31
|
|move|p1a: Vaporeon|Protect|p1a: Vaporeon
|-singleturn|p1a: Vaporeon|Protect
|move|p2a: Vileplume|Sludge Bomb|p1a: Vaporeon
|-activate|p1a: Vaporeon|move: Protect
|
|-heal|p1a: Vaporeon|100/100|[from] move: Wish|[wisher] Vaporeon
|upkeep
|turn|32
|inactive|c rien c la RU has 120 seconds left.
|
|switch|p2a: Raichu|Raichu-Alola, F|43/100 brn
|move|p1a: Vaporeon|Scald|p2a: Raichu
|-damage|p2a: Raichu|0 fnt
|faint|p2a: Raichu
|
|upkeep
|
|switch|p2a: Decidueye|Decidueye, F|100/100
|turn|33
|c|☆Aquarius Ghost ❤|over thinking it bud
|
|move|p2a: Decidueye|Leaf Blade|p1a: Vaporeon
|-supereffective|p1a: Vaporeon
|-damage|p1a: Vaporeon|13/100
|-damage|p2a: Decidueye|91/100|[from] item: Life Orb
|move|p1a: Vaporeon|Toxic|p2a: Decidueye
|-status|p2a: Decidueye|tox
|
|-heal|p1a: Vaporeon|19/100|[from] item: Leftovers
|-damage|p2a: Decidueye|85/100 tox|[from] psn
|upkeep
|turn|34
|
|switch|p1a: Coalossal|Coalossal, F|83/100
|move|p2a: Decidueye|Leaf Blade|p1a: Coalossal
|-damage|p1a: Coalossal|42/100
|-damage|p2a: Decidueye|75/100 tox|[from] item: Life Orb
|
|-damage|p2a: Decidueye|63/100 tox|[from] psn
|upkeep
|turn|35
|
|move|p2a: Decidueye|Poltergeist|p1a: Coalossal
|-activate|p1a: Coalossal|move: Poltergeist|Heavy-Duty Boots
|-damage|p1a: Coalossal|0 fnt
|-damage|p2a: Decidueye|53/100 tox|[from] item: Life Orb
|faint|p1a: Coalossal
|
|-damage|p2a: Decidueye|35/100 tox|[from] psn
|upkeep
|
|switch|p1a: Indeedee|Indeedee-F, F|88/100
|-fieldstart|move: Psychic Terrain|[from] ability: Psychic Surge|[of] p1a: Indeedee
|turn|36
|
|switch|p2a: Coalossal|Coalossal, M|40/100 tox
|move|p1a: Indeedee|Expanding Force|p2a: Coalossal
|-damage|p2a: Coalossal|1/100 tox
|
|-damage|p2a: Coalossal|0 fnt|[from] psn
|faint|p2a: Coalossal
|upkeep
|
|switch|p2a: Steelix|Steelix, F|83/100
|turn|37
|
|switch|p1a: Vileplume|Vileplume, F|100/100
|switch|p2a: Braviary|Braviary, M|100/100
|
|upkeep
|turn|38
|
|switch|p1a: Vaporeon|Vaporeon, F|19/100
|move|p2a: Braviary|Brave Bird|p1a: Vaporeon
|-damage|p1a: Vaporeon|0 fnt
|-damage|p2a: Braviary|92/100|[from] Recoil
|faint|p1a: Vaporeon
|
|upkeep
|
|switch|p1a: Indeedee|Indeedee-F, F|88/100
|turn|39
|
|switch|p2a: Steelix|Steelix, F|83/100
|move|p1a: Indeedee|Expanding Force|p2a: Steelix
|-resisted|p2a: Steelix
|-damage|p2a: Steelix|54/100
|
|-heal|p2a: Steelix|61/100|[from] item: Leftovers
|upkeep
|turn|40
|
|move|p1a: Indeedee|Expanding Force|p2a: Steelix
|-resisted|p2a: Steelix
|-damage|p2a: Steelix|30/100
|move|p2a: Steelix|Stealth Rock|p1a: Indeedee
|-sidestart|p1: Aquarius Ghost ❤|move: Stealth Rock
|
|-heal|p2a: Steelix|36/100|[from] item: Leftovers
|-fieldend|move: Psychic Terrain
|upkeep
|turn|41
|inactive|c rien c la RU has 120 seconds left.
|
|move|p1a: Indeedee|Expanding Force|p2a: Steelix
|-resisted|p2a: Steelix
|-damage|p2a: Steelix|21/100
|move|p2a: Steelix|Heavy Slam|p1a: Indeedee
|-damage|p1a: Indeedee|27/100
|
|-heal|p2a: Steelix|28/100|[from] item: Leftovers
|upkeep
|turn|42
|inactive|c rien c la RU has 120 seconds left.
|
|switch|p1a: Vileplume|Vileplume, F|100/100
|-damage|p1a: Vileplume|88/100|[from] Stealth Rock
|move|p2a: Steelix|Heavy Slam|p1a: Vileplume
|-damage|p1a: Vileplume|61/100
|
|-heal|p1a: Vileplume|67/100|[from] item: Black Sludge
|-heal|p2a: Steelix|34/100|[from] item: Leftovers
|upkeep
|turn|43
|inactive|c rien c la RU has 120 seconds left.
|
|switch|p2a: Vileplume|Vileplume, M|100/100
|move|p1a: Vileplume|Aromatherapy|p1a: Vileplume
|-activate|p1a: Vileplume|move: Aromatherapy
|-curestatus|p1: Salazzle|slp|[msg]
|
|-heal|p1a: Vileplume|73/100|[from] item: Black Sludge
|upkeep
|turn|44
|inactive|c rien c la RU has 120 seconds left.
|
|move|p2a: Vileplume|Sludge Bomb|p1a: Vileplume
|-damage|p1a: Vileplume|39/100
|move|p1a: Vileplume|Sludge Bomb|p2a: Vileplume
|-crit|p2a: Vileplume
|-damage|p2a: Vileplume|50/100
|
|-heal|p2a: Vileplume|57/100|[from] item: Leftovers
|-heal|p1a: Vileplume|45/100|[from] item: Black Sludge
|upkeep
|turn|45
|inactive|c rien c la RU has 120 seconds left.
|
|switch|p2a: Braviary|Braviary, M|92/100
|move|p1a: Vileplume|Strength Sap|p2a: Braviary
|-unboost|p2a: Braviary|atk|1
|-ability|p2a: Braviary|Defiant
|-boost|p2a: Braviary|atk|2
|-heal|p1a: Vileplume|100/100
|
|upkeep
|turn|46
|inactive|c rien c la RU has 120 seconds left.
|
|switch|p1a: Sableye|Sableye, F|68/100
|-damage|p1a: Sableye|56/100|[from] Stealth Rock
|move|p2a: Braviary|Brave Bird|p1a: Sableye
|-damage|p1a: Sableye|0 fnt
|-damage|p2a: Braviary|76/100|[from] Recoil
|faint|p1a: Sableye
|
|upkeep
|
|switch|p1a: Indeedee|Indeedee-F, F|27/100
|-damage|p1a: Indeedee|14/100|[from] Stealth Rock
|-fieldstart|move: Psychic Terrain|[from] ability: Psychic Surge|[of] p1a: Indeedee
|turn|47
|inactive|c rien c la RU has 120 seconds left.
|
|switch|p2a: Decidueye|Decidueye, F|35/100 tox
|move|p1a: Indeedee|Expanding Force|p2a: Decidueye
|-damage|p2a: Decidueye|0 fnt
|faint|p2a: Decidueye
|
|upkeep
|
|switch|p2a: Steelix|Steelix, F|34/100
|turn|48
|
|switch|p1a: Salazzle|Salazzle, F|100/100
|-damage|p1a: Salazzle|75/100|[from] Stealth Rock
|move|p2a: Steelix|Heavy Slam|p1a: Salazzle
|-resisted|p1a: Salazzle
|-damage|p1a: Salazzle|49/100
|
|-heal|p1a: Salazzle|55/100|[from] item: Black Sludge
|-heal|p2a: Steelix|40/100|[from] item: Leftovers
|upkeep
|turn|49
|
|move|p1a: Salazzle|Substitute|p1a: Salazzle
|-start|p1a: Salazzle|Substitute
|-damage|p1a: Salazzle|30/100
|move|p2a: Steelix|Heavy Slam|p1a: Salazzle
|-resisted|p1a: Salazzle
|-end|p1a: Salazzle|Substitute
|
|-heal|p1a: Salazzle|36/100|[from] item: Black Sludge
|-heal|p2a: Steelix|46/100|[from] item: Leftovers
|upkeep
|turn|50
|inactive|c rien c la RU has 90 seconds left.
|
|switch|p2a: Vileplume|Vileplume, M|57/100
|move|p1a: Salazzle|Flamethrower|p2a: Vileplume
|-supereffective|p2a: Vileplume
|-damage|p2a: Vileplume|0 fnt
|faint|p2a: Vileplume
|
|-heal|p1a: Salazzle|43/100|[from] item: Black Sludge
|upkeep
|inactive|c rien c la RU has 90 seconds left.
|
|switch|p2a: Braviary|Braviary, M|76/100
|turn|51
|
|switch|p1a: Vileplume|Vileplume, F|100/100
|-damage|p1a: Vileplume|88/100|[from] Stealth Rock
|move|p2a: Braviary|Brave Bird|p1a: Vileplume
|-supereffective|p1a: Vileplume
|-damage|p1a: Vileplume|0 fnt
|-status|p2a: Braviary|par|[from] ability: Effect Spore|[of] p1a: Vileplume
|-damage|p2a: Braviary|46/100 par|[from] Recoil
|faint|p1a: Vileplume
|
|-fieldend|move: Psychic Terrain
|upkeep
|
|switch|p1a: Indeedee|Indeedee-F, F|14/100
|-damage|p1a: Indeedee|2/100|[from] Stealth Rock
|-fieldstart|move: Psychic Terrain|[from] ability: Psychic Surge|[of] p1a: Indeedee
|turn|52
|c|☆Aquarius Ghost ❤|gg
|c|☆Aquarius Ghost ❤|bud
|
|move|p1a: Indeedee|Expanding Force|p2a: Braviary
|-crit|p2a: Braviary
|-damage|p2a: Braviary|0 fnt
|faint|p2a: Braviary
|
|upkeep
|c|☆c rien c la RU|gg
|
|switch|p2a: Steelix|Steelix, F|46/100
|turn|53
|
|move|p1a: Indeedee|Expanding Force|p2a: Steelix
|-resisted|p2a: Steelix
|-damage|p2a: Steelix|15/100
|move|p2a: Steelix|Heavy Slam|p1a: Indeedee
|-damage|p1a: Indeedee|0 fnt
|faint|p1a: Indeedee
|
|-heal|p2a: Steelix|21/100|[from] item: Leftovers
|upkeep
|
|switch|p1a: Salazzle|Salazzle, F|43/100
|-damage|p1a: Salazzle|18/100|[from] Stealth Rock
|turn|54
|
|move|p1a: Salazzle|Flamethrower|p2a: Steelix
|-supereffective|p2a: Steelix
|-damage|p2a: Steelix|0 fnt
|faint|p2a: Steelix
|
|win|Aquarius Ghost ❤
|c|☆Aquarius Ghost ❤|close game
|c|☆Aquarius Ghost ❤|lol
|c|☆c rien c la RU|ye
|c|☆c rien c la RU|I could've played better I think
|raw|Aquarius Ghost ❤'s rating: 1498 &rarr; <strong>1513</strong><br />(+15 for winning)
|raw|c rien c la RU's rating: 1394 &rarr; <strong>1380</strong><br />(-14 for losing)
|c|☆c rien c la RU|but this was fun
|l|☆c rien c la RU
|l| Bale2711
