|j|☆unironic dabbing
|j|☆Glidinganteater
|t:|1623007596
|gametype|singles
|player|p1|unironic dabbing|emmet|1292
|player|p2|Glidinganteater|palmer|1507
|teamsize|p1|6
|teamsize|p2|6
|gen|8
|tier|[Gen 8] RU
|rated|
|rule|Sleep Clause Mod: Limit one foe put to sleep
|rule|Species Clause: Limit one of each Pokémon
|rule|OHKO Clause: OHKO moves are banned
|rule|Evasion Moves Clause: Evasion moves are banned
|rule|Endless Battle Clause: Forcing endless battles is banned
|rule|HP Percentage Mod: HP is shown in percentages
|rule|Dynamax Clause: You cannot dynamax
|clearpoke
|poke|p1|Torkoal, F|
|poke|p1|Porygon2|
|poke|p1|Charizard, M|
|poke|p1|Shiftry, M|
|poke|p1|Heliolisk, M|
|poke|p1|Noivern, F|
|poke|p2|Cresselia, F|
|poke|p2|Diancie|
|poke|p2|Cobalion|
|poke|p2|Gastrodon, M|
|poke|p2|Golisopod, M|
|poke|p2|Dhelmise|
|teampreview
|inactive|Battle timer is ON: inactive players will automatically lose when time's up. (requested by unironic dabbing)
|
|t:|1623007632
|start
|switch|p1a: Porygon2|Porygon2|100/100
|switch|p2a: Cresselia|Cresselia, F, shiny|100/100
|-ability|p1a: Porygon2|Download|boost
|-boost|p1a: Porygon2|spa|1
|turn|1
|
|t:|1623007643
|move|p2a: Cresselia|Substitute|p2a: Cresselia
|-start|p2a: Cresselia|Substitute
|-damage|p2a: Cresselia|75/100
|move|p1a: Porygon2|Thunder Wave||[still]
|-fail|p1a: Porygon2
|
|-heal|p2a: Cresselia|82/100|[from] item: Leftovers
|upkeep
|turn|2
|
|t:|1623007648
|move|p2a: Cresselia|Calm Mind|p2a: Cresselia
|-boost|p2a: Cresselia|spa|1
|-boost|p2a: Cresselia|spd|1
|move|p1a: Porygon2|Teleport|p1a: Porygon2
|
|t:|1623007658
|switch|p1a: Shiftry|Shiftry, M|100/100|[from]move: Teleport
|
|-heal|p2a: Cresselia|88/100|[from] item: Leftovers
|upkeep
|turn|3
|
|t:|1623007666
|move|p1a: Shiftry|Knock Off|p2a: Cresselia
|-supereffective|p2a: Cresselia
|-end|p2a: Cresselia|Substitute
|move|p2a: Cresselia|Moonblast|p1a: Shiftry
|-supereffective|p1a: Shiftry
|-damage|p1a: Shiftry|8/100
|
|-heal|p2a: Cresselia|94/100|[from] item: Leftovers
|upkeep
|turn|4
|
|t:|1623007674
|switch|p2a: Cobalion|Cobalion|100/100
|move|p1a: Shiftry|Knock Off|p2a: Cobalion
|-resisted|p2a: Cobalion
|-damage|p2a: Cobalion|82/100
|-damage|p1a: Shiftry|0 fnt|[from] item: Rocky Helmet|[of] p2a: Cobalion
|-ability|p2a: Cobalion|Justified|boost
|-boost|p2a: Cobalion|atk|1
|faint|p1a: Shiftry
|
|upkeep
|
|t:|1623007684
|switch|p1a: Torkoal|Torkoal, F|100/100
|-weather|SunnyDay|[from] ability: Drought|[of] p1a: Torkoal
|turn|5
|inactive|Glidinganteater has 120 seconds left.
|
|t:|1623007716
|move|p2a: Cobalion|Volt Switch|p1a: Torkoal
|-crit|p1a: Torkoal
|-damage|p1a: Torkoal|75/100
|
|t:|1623007721
|switch|p2a: Gastrodon|Gastrodon, M|100/100|[from]move: Volt Switch
|move|p1a: Torkoal|Lava Plume|p2a: Gastrodon
|-resisted|p2a: Gastrodon
|-damage|p2a: Gastrodon|83/100
|
|-weather|SunnyDay|[upkeep]
|-heal|p2a: Gastrodon|89/100|[from] item: Leftovers
|upkeep
|turn|6
|
|t:|1623007728
|switch|p1a: Charizard|Charizard, M|100/100
|move|p2a: Gastrodon|Earth Power|p1a: Charizard
|-immune|p1a: Charizard
|
|-weather|SunnyDay|[upkeep]
|-damage|p1a: Charizard|88/100|[from] ability: Solar Power|[of] p1a: Charizard
|-heal|p2a: Gastrodon|95/100|[from] item: Leftovers
|upkeep
|turn|7
|
|t:|1623007748
|switch|p2a: Dhelmise|Dhelmise|100/100
|move|p1a: Charizard|Flamethrower|p2a: Dhelmise
|-supereffective|p2a: Dhelmise
|-damage|p2a: Dhelmise|0 fnt
|faint|p2a: Dhelmise
|
|-weather|SunnyDay|[upkeep]
|-damage|p1a: Charizard|76/100|[from] ability: Solar Power|[of] p1a: Charizard
|upkeep
|
|t:|1623007752
|switch|p2a: Diancie|Diancie|100/100
|turn|8
|
|t:|1623007767
|switch|p1a: Porygon2|Porygon2|100/100
|-ability|p1a: Porygon2|Download|boost
|-boost|p1a: Porygon2|atk|1
|move|p2a: Diancie|Diamond Storm|p1a: Porygon2
|-damage|p1a: Porygon2|76/100
|
|-weather|SunnyDay|[upkeep]
|upkeep
|turn|9
|
|t:|1623007779
|move|p1a: Porygon2|Thunder Wave|p2a: Diancie
|-status|p2a: Diancie|par
|cant|p2a: Diancie|par
|
|-weather|SunnyDay|[upkeep]
|upkeep
|turn|10
|
|t:|1623007783
|move|p2a: Diancie|Heal Bell|p2a: Diancie
|-activate|p2a: Diancie|move: Heal Bell
|-curestatus|p2a: Diancie|par|[msg]
|move|p1a: Porygon2|Teleport|p1a: Porygon2
|
|t:|1623007787
|switch|p1a: Charizard|Charizard, M|76/100|[from]move: Teleport
|
|-weather|SunnyDay|[upkeep]
|-damage|p1a: Charizard|63/100|[from] ability: Solar Power|[of] p1a: Charizard
|upkeep
|turn|11
|
|t:|1623007800
|move|p1a: Charizard|Solar Beam||[still]
|-prepare|p1a: Charizard|Solar Beam
|-anim|p1a: Charizard|Solar Beam|p2a: Diancie
|-supereffective|p2a: Diancie
|-damage|p2a: Diancie|0 fnt
|faint|p2a: Diancie
|
|-weather|SunnyDay|[upkeep]
|-damage|p1a: Charizard|51/100|[from] ability: Solar Power|[of] p1a: Charizard
|upkeep
|
|t:|1623007812
|switch|p2a: Cresselia|Cresselia, F, shiny|94/100
|turn|12
|
|t:|1623007820
|move|p1a: Charizard|Solar Beam||[still]
|-prepare|p1a: Charizard|Solar Beam
|-anim|p1a: Charizard|Solar Beam|p2a: Cresselia
|-damage|p2a: Cresselia|41/100
|move|p2a: Cresselia|Substitute|p2a: Cresselia
|-start|p2a: Cresselia|Substitute
|-damage|p2a: Cresselia|16/100
|
|-weather|none
|-heal|p2a: Cresselia|22/100|[from] item: Leftovers
|upkeep
|turn|13
|
|t:|1623007847
|switch|p1a: Porygon2|Porygon2|76/100
|-ability|p1a: Porygon2|Download|boost
|-boost|p1a: Porygon2|spa|1
|move|p2a: Cresselia|Calm Mind|p2a: Cresselia
|-boost|p2a: Cresselia|spa|1
|-boost|p2a: Cresselia|spd|1
|
|-heal|p2a: Cresselia|28/100|[from] item: Leftovers
|upkeep
|turn|14
|
|t:|1623007863
|move|p2a: Cresselia|Calm Mind|p2a: Cresselia
|-boost|p2a: Cresselia|spa|1
|-boost|p2a: Cresselia|spd|1
|move|p1a: Porygon2|Tri Attack|p2a: Cresselia
|-activate|p2a: Cresselia|move: Substitute|[damage]
|
|-heal|p2a: Cresselia|35/100|[from] item: Leftovers
|upkeep
|turn|15
|
|t:|1623007875
|move|p2a: Cresselia|Calm Mind|p2a: Cresselia
|-boost|p2a: Cresselia|spa|1
|-boost|p2a: Cresselia|spd|1
|move|p1a: Porygon2|Tri Attack|p2a: Cresselia
|-end|p2a: Cresselia|Substitute
|
|-heal|p2a: Cresselia|41/100|[from] item: Leftovers
|upkeep
|turn|16
|-message|unironic dabbing forfeited.
|
|win|Glidinganteater
|raw|unironic dabbing's rating: 1292 &rarr; <strong>1281</strong><br />(-11 for losing)
|raw|Glidinganteater's rating: 1507 &rarr; <strong>1516</strong><br />(+9 for winning)
|l|☆unironic dabbing
||Ladder isn't responding, score probably updated but might not have (Request timeout).
