|j|☆RULT1qm Umbra Soul
|j|☆Riz La Vie
|t:|1596935317
|player|p1|RULT1qm Umbra Soul|69|1479
|player|p2|Riz La Vie|psychicf-gen3|1491
|teamsize|p1|6
|teamsize|p2|6
|gametype|singles
|gen|8
|tier|[Gen 8] RU
|rated|
|clearpoke
|poke|p1|Klefki, F|
|poke|p1|Milotic, M|
|poke|p1|Gigalith, F|
|poke|p1|Scrafty, F|
|poke|p1|Mr. Rime, F|
|poke|p1|Haunter, F|
|poke|p2|Slowbro-Galar, M|
|poke|p2|Rotom-Mow|
|poke|p2|Mantine, M|
|poke|p2|Scrafty, F|
|poke|p2|Steelix, F|
|poke|p2|Inteleon, F|
|rule|Sleep Clause Mod: Limit one foe put to sleep
|rule|Species Clause: Limit one of each Pokémon
|rule|OHKO Clause: OHKO moves are banned
|rule|Evasion Moves Clause: Evasion moves are banned
|rule|Endless Battle Clause: Forcing endless battles is banned
|rule|HP Percentage Mod: HP is shown in percentages
|rule|Dynamax Clause: You cannot dynamax
|teampreview
|
|t:|1596935338
|start
|switch|p1a: Klefki|Klefki, F|100/100
|switch|p2a: Rotom|Rotom-Mow|100/100
|turn|1
|
|t:|1596935340
|move|p1a: Klefki|Toxic|p2a: Rotom
|-status|p2a: Rotom|tox
|move|p2a: Rotom|Trick|p1a: Klefki
|-activate|p2a: Rotom|move: Trick|[of] p1a: Klefki
|-item|p1a: Klefki|Choice Scarf|[from] move: Trick
|-item|p2a: Rotom|Leftovers|[from] move: Trick
|
|-damage|p2a: Rotom|94/100 tox|[from] psn
|upkeep
|turn|2
|j| hobosnake
|
|t:|1596935347
|move|p1a: Klefki|Spikes|p2a: Rotom
|-sidestart|p2: Riz La Vie|Spikes
|move|p2a: Rotom|Volt Switch|p1a: Klefki
|-damage|p1a: Klefki|67/100
|
|t:|1596935356
|switch|p2a: Mantine|Mantine, M|100/100|[from]move: Volt Switch
|
|upkeep
|turn|3
|
|t:|1596935359
|switch|p1a: Mr. Rime|Mr. Rime, F|100/100
|move|p2a: Mantine|Defog|p1a: Mr. Rime
|-unboost|p1a: Mr. Rime|evasion|1
|-sideend|p2: Riz La Vie|Spikes|[from] move: Defog|[of] p2a: Mantine
|
|upkeep
|turn|4
|
|t:|1596935365
|switch|p2a: Steelix|Steelix, F|100/100
|move|p1a: Mr. Rime|Freeze-Dry|p2a: Steelix
|-damage|p2a: Steelix|76/100
|
|-heal|p2a: Steelix|83/100|[from] item: Leftovers
|upkeep
|turn|5
|
|t:|1596935370
|switch|p1a: Scrafty|Scrafty, F|100/100
|move|p2a: Steelix|Stealth Rock|p1a: Scrafty
|-sidestart|p1: RULT1qm Umbra Soul|move: Stealth Rock
|
|-heal|p2a: Steelix|89/100|[from] item: Leftovers
|upkeep
|turn|6
|
|t:|1596935375
|move|p1a: Scrafty|Knock Off|p2a: Steelix
|-damage|p2a: Steelix|73/100
|-enditem|p2a: Steelix|Leftovers|[from] move: Knock Off|[of] p1a: Scrafty
|move|p2a: Steelix|Body Press|p1a: Scrafty
|-supereffective|p1a: Scrafty
|-damage|p1a: Scrafty|44/100
|
|-heal|p1a: Scrafty|50/100|[from] item: Leftovers
|upkeep
|turn|7
|
|t:|1596935382
|switch|p1a: Milotic|Milotic, M|100/100
|-damage|p1a: Milotic|88/100|[from] Stealth Rock
|switch|p2a: Mantine|Mantine, M|100/100
|
|-heal|p1a: Milotic|94/100|[from] item: Leftovers
|upkeep
|turn|8
|
|t:|1596935387
|switch|p1a: Mr. Rime|Mr. Rime, F|100/100
|switch|p2a: Rotom|Rotom-Mow|94/100 tox
|
|-heal|p2a: Rotom|100/100 tox|[from] item: Leftovers
|-damage|p2a: Rotom|94/100 tox|[from] psn
|upkeep
|turn|9
|
|t:|1596935391
|move|p2a: Rotom|Volt Switch|p1a: Mr. Rime
|-damage|p1a: Mr. Rime|73/100
|
|t:|1596935395
|switch|p2a: Scrafty|Scrafty, F|100/100|[from]move: Volt Switch
|move|p1a: Mr. Rime|Rapid Spin|p2a: Scrafty
|-damage|p2a: Scrafty|94/100
|-boost|p1a: Mr. Rime|spe|1
|-sideend|p1: RULT1qm Umbra Soul|Stealth Rock|[from] move: Rapid Spin|[of] p1a: Mr. Rime
|
|-heal|p2a: Scrafty|99/100|[from] item: Leftovers
|upkeep
|turn|10
|
|t:|1596935400
|switch|p1a: Klefki|Klefki, F|67/100
|move|p2a: Scrafty|Bulk Up|p2a: Scrafty
|-boost|p2a: Scrafty|atk|1
|-boost|p2a: Scrafty|def|1
|
|-heal|p2a: Scrafty|100/100|[from] item: Leftovers
|upkeep
|turn|11
|
|t:|1596935403
|move|p1a: Klefki|Play Rough|p2a: Scrafty
|-supereffective|p2a: Scrafty
|-damage|p2a: Scrafty|35/100
|move|p2a: Scrafty|Drain Punch|p1a: Klefki
|-damage|p1a: Klefki|37/100
|-heal|p2a: Scrafty|49/100|[from] drain|[of] p1a: Klefki
|
|-heal|p2a: Scrafty|55/100|[from] item: Leftovers
|upkeep
|turn|12
|
|t:|1596935410
|switch|p2a: Slowbro|Slowbro-Galar, M|100/100
|move|p1a: Klefki|Play Rough|p2a: Slowbro
|-resisted|p2a: Slowbro
|-damage|p2a: Slowbro|92/100
|
|upkeep
|turn|13
|
|t:|1596935414
|switch|p1a: Gigalith|Gigalith, F|100/100
|-weather|Sandstorm|[from] ability: Sand Stream|[of] p1a: Gigalith
|move|p2a: Slowbro|Sludge Bomb|p1a: Gigalith
|-resisted|p1a: Gigalith
|-damage|p1a: Gigalith|92/100
|-status|p1a: Gigalith|psn
|
|-weather|Sandstorm|[upkeep]
|-damage|p2a: Slowbro|86/100|[from] Sandstorm
|-heal|p1a: Gigalith|98/100 psn|[from] item: Leftovers
|-damage|p1a: Gigalith|86/100 psn|[from] psn
|upkeep
|turn|14
|
|t:|1596935418
|move|p2a: Slowbro|Scald|p1a: Gigalith
|-supereffective|p1a: Gigalith
|-damage|p1a: Gigalith|68/100 psn
|move|p1a: Gigalith|Stealth Rock|p2a: Slowbro
|-sidestart|p2: Riz La Vie|move: Stealth Rock
|
|-weather|Sandstorm|[upkeep]
|-damage|p2a: Slowbro|80/100|[from] Sandstorm
|-heal|p1a: Gigalith|74/100 psn|[from] item: Leftovers
|-damage|p1a: Gigalith|62/100 psn|[from] psn
|upkeep
|turn|15
|
|t:|1596935422
|switch|p1a: Milotic|Milotic, M|94/100
|move|p2a: Slowbro|Calm Mind|p2a: Slowbro
|-boost|p2a: Slowbro|spa|1
|-boost|p2a: Slowbro|spd|1
|
|-weather|Sandstorm|[upkeep]
|-damage|p1a: Milotic|88/100|[from] Sandstorm
|-damage|p2a: Slowbro|74/100|[from] Sandstorm
|-heal|p1a: Milotic|94/100|[from] item: Leftovers
|upkeep
|turn|16
|
|t:|1596935425
|move|p2a: Slowbro|Sludge Bomb|p1a: Milotic
|-damage|p1a: Milotic|60/100
|-status|p1a: Milotic|psn
|move|p1a: Milotic|Dragon Tail|p2a: Slowbro
|-damage|p2a: Slowbro|68/100
|drag|p2a: Mantine|Mantine, M|100/100
|
|-weather|Sandstorm|[upkeep]
|-damage|p1a: Milotic|54/100 psn|[from] Sandstorm
|-damage|p2a: Mantine|94/100|[from] Sandstorm
|-heal|p1a: Milotic|60/100 psn|[from] item: Leftovers
|-damage|p1a: Milotic|47/100 psn|[from] psn
|upkeep
|turn|17
|
|t:|1596935435
|move|p1a: Milotic|Rest|p1a: Milotic
|-status|p1a: Milotic|slp|[from] move: Rest
|-heal|p1a: Milotic|100/100 slp|[silent]
|move|p2a: Mantine|Defog|p1a: Milotic
|-unboost|p1a: Milotic|evasion|1
|-sideend|p2: Riz La Vie|Stealth Rock|[from] move: Defog|[of] p2a: Mantine
|
|-weather|none
|upkeep
|turn|18
|
|t:|1596935443
|switch|p2a: Slowbro|Slowbro-Galar, M|100/100
|cant|p1a: Milotic|slp
|move|p1a: Milotic|Sleep Talk|p1a: Milotic
|move|p1a: Milotic|Scald|p2a: Slowbro|[from]Sleep Talk
|-damage|p2a: Slowbro|69/100
|
|upkeep
|turn|19
|
|t:|1596935451
|cant|p1a: Milotic|slp
|move|p1a: Milotic|Sleep Talk|p1a: Milotic
|move|p1a: Milotic|Scald|p2a: Slowbro|[from]Sleep Talk
|-damage|p2a: Slowbro|34/100
|move|p2a: Slowbro|Calm Mind|p2a: Slowbro
|-boost|p2a: Slowbro|spa|1
|-boost|p2a: Slowbro|spd|1
|
|upkeep
|turn|20
|
|t:|1596935456
|-curestatus|p1a: Milotic|slp|[msg]
|move|p1a: Milotic|Scald|p2a: Slowbro
|-damage|p2a: Slowbro|13/100
|move|p2a: Slowbro|Sludge Bomb|p1a: Milotic
|-damage|p1a: Milotic|70/100
|
|-heal|p1a: Milotic|76/100|[from] item: Leftovers
|upkeep
|turn|21
|
|t:|1596935463
|switch|p1a: Scrafty|Scrafty, F|50/100
|switch|p2a: Mantine|Mantine, M|94/100
|
|-heal|p1a: Scrafty|56/100|[from] item: Leftovers
|upkeep
|turn|22
|
|t:|1596935468
|switch|p1a: Milotic|Milotic, M|76/100
|move|p2a: Mantine|Hurricane|p1a: Milotic
|-damage|p1a: Milotic|53/100
|
|-heal|p1a: Milotic|59/100|[from] item: Leftovers
|upkeep
|turn|23
|
|t:|1596935474
|switch|p1a: Mr. Rime|Mr. Rime, F|73/100
|switch|p2a: Slowbro|Slowbro-Galar, M|46/100
|
|upkeep
|turn|24
|
|t:|1596935478
|switch|p2a: Steelix|Steelix, F|73/100
|move|p1a: Mr. Rime|Psychic|p2a: Steelix
|-resisted|p2a: Steelix
|-damage|p2a: Steelix|58/100
|-unboost|p2a: Steelix|spd|1
|
|upkeep
|turn|25
|
|t:|1596935486
|move|p1a: Mr. Rime|Freeze-Dry|p2a: Steelix
|-damage|p2a: Steelix|17/100
|move|p2a: Steelix|Earthquake|p1a: Mr. Rime
|-damage|p1a: Mr. Rime|35/100
|
|upkeep
|turn|26
|
|t:|1596935491
|move|p1a: Mr. Rime|Slack Off|p1a: Mr. Rime
|-heal|p1a: Mr. Rime|85/100
|move|p2a: Steelix|Earthquake|p1a: Mr. Rime
|-damage|p1a: Mr. Rime|48/100
|
|upkeep
|turn|27
|
|t:|1596935494
|move|p1a: Mr. Rime|Slack Off|p1a: Mr. Rime
|-heal|p1a: Mr. Rime|98/100
|move|p2a: Steelix|Toxic|p1a: Mr. Rime
|-status|p1a: Mr. Rime|tox
|
|-damage|p1a: Mr. Rime|92/100 tox|[from] psn
|upkeep
|turn|28
|
|t:|1596935496
|switch|p2a: Scrafty|Scrafty, F|55/100
|move|p1a: Mr. Rime|Freeze-Dry|p2a: Scrafty
|-damage|p2a: Scrafty|34/100
|
|-heal|p2a: Scrafty|40/100|[from] item: Leftovers
|-damage|p1a: Mr. Rime|80/100 tox|[from] psn
|upkeep
|turn|29
|
|t:|1596935503
|switch|p1a: Klefki|Klefki, F|37/100
|move|p2a: Scrafty|Drain Punch|p1a: Klefki
|-damage|p1a: Klefki|18/100
|-heal|p2a: Scrafty|49/100|[from] drain|[of] p1a: Klefki
|
|-heal|p2a: Scrafty|55/100|[from] item: Leftovers
|upkeep
|turn|30
|
|t:|1596935523
|switch|p2a: Slowbro|Slowbro-Galar, M|79/100
|move|p1a: Klefki|Spikes|p2a: Slowbro
|-sidestart|p2: Riz La Vie|Spikes
|
|upkeep
|turn|31
|
|t:|1596935526
|switch|p2a: Mantine|Mantine, M|94/100
|move|p1a: Klefki|Spikes|p2a: Mantine
|-sidestart|p2: Riz La Vie|Spikes
|
|upkeep
|turn|32
|
|t:|1596935529
|switch|p1a: Scrafty|Scrafty, F|56/100
|move|p2a: Mantine|Defog|p1a: Scrafty
|-unboost|p1a: Scrafty|evasion|1
|-sideend|p2: Riz La Vie|Spikes|[from] move: Defog|[of] p2a: Mantine
|
|-heal|p1a: Scrafty|62/100|[from] item: Leftovers
|upkeep
|turn|33
|
|t:|1596935532
|switch|p1a: Milotic|Milotic, M|59/100
|move|p2a: Mantine|Hurricane|p1a: Milotic
|-damage|p1a: Milotic|37/100
|-start|p1a: Milotic|confusion
|
|-heal|p1a: Milotic|43/100|[from] item: Leftovers
|upkeep
|turn|34
|
|t:|1596935538
|switch|p2a: Rotom|Rotom-Mow|94/100 tox
|-activate|p1a: Milotic|confusion
|move|p1a: Milotic|Rest|p1a: Milotic
|-status|p1a: Milotic|slp|[from] move: Rest
|-heal|p1a: Milotic|100/100 slp|[silent]
|
|-heal|p2a: Rotom|100/100 tox|[from] item: Leftovers
|-damage|p2a: Rotom|94/100 tox|[from] psn
|upkeep
|turn|35
|
|t:|1596935542
|switch|p1a: Klefki|Klefki, F|18/100
|move|p2a: Rotom|Volt Switch|p1a: Klefki
|-damage|p1a: Klefki|0 fnt
|faint|p1a: Klefki
|
|t:|1596935548
|switch|p2a: Scrafty|Scrafty, F|55/100|[from]move: Volt Switch
|
|-heal|p2a: Scrafty|61/100|[from] item: Leftovers
|upkeep
|
|t:|1596935552
|switch|p1a: Haunter|Haunter, F|100/100
|turn|36
|
|t:|1596935555
|switch|p2a: Slowbro|Slowbro-Galar, M|100/100
|move|p1a: Haunter|Dazzling Gleam|p2a: Slowbro
|-resisted|p2a: Slowbro
|-damage|p2a: Slowbro|85/100
|
|upkeep
|turn|37
|
|t:|1596935559
|switch|p1a: Gigalith|Gigalith, F|62/100 psn
|-weather|Sandstorm|[from] ability: Sand Stream|[of] p1a: Gigalith
|move|p2a: Slowbro|Scald|p1a: Gigalith
|-supereffective|p1a: Gigalith
|-damage|p1a: Gigalith|43/100 psn
|
|-weather|Sandstorm|[upkeep]
|-damage|p2a: Slowbro|78/100|[from] Sandstorm
|-heal|p1a: Gigalith|49/100 psn|[from] item: Leftovers
|-damage|p1a: Gigalith|37/100 psn|[from] psn
|upkeep
|turn|38
|
|t:|1596935565
|move|p2a: Slowbro|Scald|p1a: Gigalith
|-supereffective|p1a: Gigalith
|-damage|p1a: Gigalith|18/100 psn
|move|p1a: Gigalith|Stealth Rock|p2a: Slowbro
|-sidestart|p2: Riz La Vie|move: Stealth Rock
|
|-weather|Sandstorm|[upkeep]
|-damage|p2a: Slowbro|72/100|[from] Sandstorm
|-heal|p1a: Gigalith|24/100 psn|[from] item: Leftovers
|-damage|p1a: Gigalith|12/100 psn|[from] psn
|upkeep
|turn|39
|
|t:|1596935569
|switch|p1a: Mr. Rime|Mr. Rime, F|80/100 tox
|move|p2a: Slowbro|Scald|p1a: Mr. Rime
|-damage|p1a: Mr. Rime|64/100 tox
|
|-weather|Sandstorm|[upkeep]
|-damage|p1a: Mr. Rime|58/100 tox|[from] Sandstorm
|-damage|p2a: Slowbro|66/100|[from] Sandstorm
|-damage|p1a: Mr. Rime|52/100 tox|[from] psn
|upkeep
|turn|40
|
|t:|1596935574
|switch|p2a: Scrafty|Scrafty, F|61/100
|-damage|p2a: Scrafty|55/100|[from] Stealth Rock
|move|p1a: Mr. Rime|Psychic|p2a: Scrafty
|-immune|p2a: Scrafty
|
|-weather|Sandstorm|[upkeep]
|-damage|p1a: Mr. Rime|46/100 tox|[from] Sandstorm
|-damage|p2a: Scrafty|49/100|[from] Sandstorm
|-heal|p2a: Scrafty|55/100|[from] item: Leftovers
|-damage|p1a: Mr. Rime|34/100 tox|[from] psn
|upkeep
|turn|41
|
|t:|1596935579
|move|p1a: Mr. Rime|Freeze-Dry|p2a: Scrafty
|-damage|p2a: Scrafty|35/100
|-status|p2a: Scrafty|frz
|-curestatus|p2a: Scrafty|frz|[msg]
|move|p2a: Scrafty|Knock Off|p1a: Mr. Rime
|-supereffective|p1a: Mr. Rime
|-damage|p1a: Mr. Rime|0 fnt
|-enditem|p1a: Mr. Rime|Heavy-Duty Boots|[from] move: Knock Off|[of] p2a: Scrafty
|faint|p1a: Mr. Rime
|
|-weather|none
|-heal|p2a: Scrafty|41/100|[from] item: Leftovers
|upkeep
|
|t:|1596935586
|switch|p1a: Haunter|Haunter, F|100/100
|turn|42
|
|t:|1596935590
|switch|p2a: Mantine|Mantine, M|94/100
|move|p1a: Haunter|Sludge Wave|p2a: Mantine
|-damage|p2a: Mantine|61/100
|
|upkeep
|turn|43
|
|t:|1596935595
|switch|p1a: Scrafty|Scrafty, F|62/100
|move|p2a: Mantine|Roost|p2a: Mantine
|-heal|p2a: Mantine|100/100
|-singleturn|p2a: Mantine|move: Roost
|
|-heal|p1a: Scrafty|68/100|[from] item: Leftovers
|upkeep
|turn|44
|
|t:|1596935599
|move|p1a: Scrafty|Knock Off|p2a: Mantine
|-damage|p2a: Mantine|75/100
|-enditem|p2a: Mantine|Heavy-Duty Boots|[from] move: Knock Off|[of] p1a: Scrafty
|move|p2a: Mantine|Hurricane|p1a: Scrafty
|-supereffective|p1a: Scrafty
|-damage|p1a: Scrafty|19/100
|
|-heal|p1a: Scrafty|25/100|[from] item: Leftovers
|upkeep
|turn|45
|
|t:|1596935605
|move|p1a: Scrafty|Rest|p1a: Scrafty
|-status|p1a: Scrafty|slp|[from] move: Rest
|-heal|p1a: Scrafty|100/100 slp|[silent]
|move|p2a: Mantine|Defog|p1a: Scrafty
|-unboost|p1a: Scrafty|evasion|1
|-sideend|p2: Riz La Vie|Stealth Rock|[from] move: Defog|[of] p2a: Mantine
|
|upkeep
|turn|46
|
|t:|1596935608
|switch|p1a: Milotic|Milotic, M|100/100 slp
|move|p2a: Mantine|Hurricane|p1a: Milotic
|-damage|p1a: Milotic|77/100 slp
|
|-heal|p1a: Milotic|83/100 slp|[from] item: Leftovers
|upkeep
|turn|47
|
|t:|1596935613
|switch|p1a: Scrafty|Scrafty, F|100/100 slp
|move|p2a: Mantine|Roost|p2a: Mantine
|-heal|p2a: Mantine|100/100
|-singleturn|p2a: Mantine|move: Roost
|
|upkeep
|turn|48
|
|t:|1596935616
|switch|p1a: Milotic|Milotic, M|83/100 slp
|move|p2a: Mantine|Hurricane|p1a: Milotic|[miss]
|-miss|p2a: Mantine|p1a: Milotic
|
|-heal|p1a: Milotic|89/100 slp|[from] item: Leftovers
|upkeep
|turn|49
|
|t:|1596935623
|switch|p2a: Rotom|Rotom-Mow|94/100 tox
|cant|p1a: Milotic|slp
|move|p1a: Milotic|Sleep Talk|p1a: Milotic
|move|p1a: Milotic|Scald|p2a: Rotom|[from]Sleep Talk
|-resisted|p2a: Rotom
|-damage|p2a: Rotom|76/100 tox
|
|-heal|p2a: Rotom|82/100 tox|[from] item: Leftovers
|-heal|p1a: Milotic|95/100 slp|[from] item: Leftovers
|-damage|p2a: Rotom|76/100 tox|[from] psn
|upkeep
|turn|50
|
|t:|1596935627
|switch|p1a: Scrafty|Scrafty, F|100/100 slp
|move|p2a: Rotom|Leaf Storm|p1a: Scrafty
|-damage|p1a: Scrafty|59/100 slp
|-unboost|p2a: Rotom|spa|2
|
|-heal|p2a: Rotom|82/100 tox|[from] item: Leftovers
|-heal|p1a: Scrafty|65/100 slp|[from] item: Leftovers
|-damage|p2a: Rotom|70/100 tox|[from] psn
|upkeep
|turn|51
|
|t:|1596935631
|move|p2a: Rotom|Volt Switch|p1a: Scrafty
|-damage|p1a: Scrafty|52/100 slp
|
|t:|1596935634
|switch|p2a: Mantine|Mantine, M|100/100|[from]move: Volt Switch
|cant|p1a: Scrafty|slp
|
|-heal|p1a: Scrafty|58/100 slp|[from] item: Leftovers
|upkeep
|turn|52
|
|t:|1596935638
|switch|p1a: Milotic|Milotic, M|95/100 slp
|move|p2a: Mantine|Hurricane|p1a: Milotic|[miss]
|-miss|p2a: Mantine|p1a: Milotic
|
|-heal|p1a: Milotic|100/100 slp|[from] item: Leftovers
|upkeep
|turn|53
|
|t:|1596935644
|switch|p2a: Scrafty|Scrafty, F|41/100
|cant|p1a: Milotic|slp
|move|p1a: Milotic|Sleep Talk|p1a: Milotic
|move|p1a: Milotic|Scald|p2a: Scrafty|[from]Sleep Talk
|-damage|p2a: Scrafty|22/100
|
|-heal|p2a: Scrafty|28/100|[from] item: Leftovers
|upkeep
|turn|54
|
|t:|1596935651
|-curestatus|p1a: Milotic|slp|[msg]
|move|p1a: Milotic|Scald|p2a: Scrafty
|-damage|p2a: Scrafty|7/100
|move|p2a: Scrafty|Rest|p2a: Scrafty
|-status|p2a: Scrafty|slp|[from] move: Rest
|-heal|p2a: Scrafty|100/100 slp|[silent]
|
|upkeep
|turn|55
|
|t:|1596935658
|switch|p1a: Scrafty|Scrafty, F|58/100 slp
|cant|p2a: Scrafty|slp
|
|-activate|p1a: Scrafty|ability: Shed Skin
|-curestatus|p1a: Scrafty|slp|[msg]
|-heal|p1a: Scrafty|64/100|[from] item: Leftovers
|upkeep
|turn|56
|
|t:|1596935662
|switch|p2a: Mantine|Mantine, M|100/100
|move|p1a: Scrafty|Knock Off|p2a: Mantine
|-damage|p2a: Mantine|85/100
|
|-heal|p1a: Scrafty|70/100|[from] item: Leftovers
|upkeep
|turn|57
|
|t:|1596935668
|switch|p1a: Milotic|Milotic, M|100/100
|move|p2a: Mantine|Hurricane|p1a: Milotic
|-damage|p1a: Milotic|77/100
|
|-heal|p1a: Milotic|83/100|[from] item: Leftovers
|upkeep
|turn|58
|
|t:|1596935673
|switch|p2a: Scrafty|Scrafty, F|100/100 slp
|move|p1a: Milotic|Scald|p2a: Scrafty
|-damage|p2a: Scrafty|79/100 slp
|
|-heal|p1a: Milotic|90/100|[from] item: Leftovers
|-activate|p2a: Scrafty|ability: Shed Skin
|-curestatus|p2a: Scrafty|slp|[msg]
|-heal|p2a: Scrafty|85/100|[from] item: Leftovers
|upkeep
|turn|59
|
|t:|1596935677
|move|p2a: Scrafty|Knock Off|p1a: Milotic
|-damage|p1a: Milotic|68/100
|-enditem|p1a: Milotic|Leftovers|[from] move: Knock Off|[of] p2a: Scrafty
|move|p1a: Milotic|Dragon Tail|p2a: Scrafty
|-crit|p2a: Scrafty
|-damage|p2a: Scrafty|73/100
|drag|p2a: Steelix|Steelix, F|17/100
|
|upkeep
|turn|60
|
|t:|1596935685
|switch|p2a: Mantine|Mantine, M|85/100
|move|p1a: Milotic|Scald|p2a: Mantine
|-heal|p2a: Mantine|100/100|[from] ability: Water Absorb|[of] p1a: Milotic
|
|upkeep
|turn|61
|
|t:|1596935691
|move|p2a: Mantine|Hurricane|p1a: Milotic
|-crit|p1a: Milotic
|-damage|p1a: Milotic|32/100
|-start|p1a: Milotic|confusion
|-activate|p1a: Milotic|confusion
|move|p1a: Milotic|Dragon Tail|p2a: Mantine|[miss]
|-miss|p1a: Milotic|p2a: Mantine
|
|upkeep
|turn|62
|
|t:|1596935698
|switch|p2a: Inteleon|Inteleon, F|100/100
|-end|p1a: Milotic|confusion
|move|p1a: Milotic|Rest|p1a: Milotic
|-status|p1a: Milotic|slp|[from] move: Rest
|-heal|p1a: Milotic|100/100 slp|[silent]
|
|upkeep
|turn|63
|
|t:|1596935701
|move|p2a: Inteleon|Focus Energy|p2a: Inteleon
|-start|p2a: Inteleon|move: Focus Energy
|cant|p1a: Milotic|slp
|move|p1a: Milotic|Sleep Talk|p1a: Milotic
|move|p1a: Milotic|Scald|p2a: Inteleon|[from]Sleep Talk
|-resisted|p2a: Inteleon
|-damage|p2a: Inteleon|78/100
|
|upkeep
|turn|64
|
|t:|1596935708
|switch|p1a: Gigalith|Gigalith, F|12/100 psn
|-weather|Sandstorm|[from] ability: Sand Stream|[of] p1a: Gigalith
|move|p2a: Inteleon|Air Slash|p1a: Gigalith
|-resisted|p1a: Gigalith
|-crit|p1a: Gigalith
|-damage|p1a: Gigalith|0 fnt
|faint|p1a: Gigalith
|
|-weather|Sandstorm|[upkeep]
|-damage|p2a: Inteleon|72/100|[from] Sandstorm
|upkeep
|
|t:|1596935713
|switch|p1a: Haunter|Haunter, F|100/100
|turn|65
|
|t:|1596935716
|switch|p2a: Slowbro|Slowbro-Galar, M|99/100
|move|p1a: Haunter|Sludge Wave|p2a: Slowbro
|-resisted|p2a: Slowbro
|-damage|p2a: Slowbro|71/100
|
|-weather|Sandstorm|[upkeep]
|-damage|p1a: Haunter|94/100|[from] Sandstorm
|-damage|p2a: Slowbro|65/100|[from] Sandstorm
|upkeep
|turn|66
|
|t:|1596935721
|switch|p1a: Scrafty|Scrafty, F|70/100
|move|p2a: Slowbro|Scald|p1a: Scrafty
|-damage|p1a: Scrafty|56/100
|
|-weather|Sandstorm|[upkeep]
|-damage|p1a: Scrafty|50/100|[from] Sandstorm
|-damage|p2a: Slowbro|59/100|[from] Sandstorm
|-heal|p1a: Scrafty|56/100|[from] item: Leftovers
|upkeep
|turn|67
|
|t:|1596935729
|switch|p2a: Mantine|Mantine, M|100/100
|move|p1a: Scrafty|Knock Off|p2a: Mantine
|-damage|p2a: Mantine|84/100
|
|-weather|Sandstorm|[upkeep]
|-damage|p1a: Scrafty|50/100|[from] Sandstorm
|-damage|p2a: Mantine|78/100|[from] Sandstorm
|-heal|p1a: Scrafty|56/100|[from] item: Leftovers
|upkeep
|turn|68
|
|t:|1596935735
|switch|p1a: Milotic|Milotic, M|100/100 slp
|move|p2a: Mantine|Roost|p2a: Mantine
|-heal|p2a: Mantine|100/100
|-singleturn|p2a: Mantine|move: Roost
|
|-weather|none
|upkeep
|turn|69
|
|t:|1596935741
|switch|p2a: Scrafty|Scrafty, F|73/100
|cant|p1a: Milotic|slp
|move|p1a: Milotic|Sleep Talk|p1a: Milotic
|move|p1a: Milotic|Dragon Tail|p2a: Scrafty|[from]Sleep Talk
|-damage|p2a: Scrafty|65/100
|drag|p2a: Rotom|Rotom-Mow|70/100 tox
|
|-heal|p2a: Rotom|76/100 tox|[from] item: Leftovers
|-damage|p2a: Rotom|70/100 tox|[from] psn
|upkeep
|turn|70
|
|t:|1596935750
|move|p2a: Rotom|Leaf Storm|p1a: Milotic
|-supereffective|p1a: Milotic
|-damage|p1a: Milotic|24/100 slp
|-unboost|p2a: Rotom|spa|2
|-curestatus|p1a: Milotic|slp|[msg]
|move|p1a: Milotic|Dragon Tail|p2a: Rotom
|-damage|p2a: Rotom|58/100 tox
|drag|p2a: Slowbro|Slowbro-Galar, M|92/100
|
|upkeep
|turn|71
|
|t:|1596935753
|move|p1a: Milotic|Rest|p1a: Milotic
|-status|p1a: Milotic|slp|[from] move: Rest
|-heal|p1a: Milotic|100/100 slp|[silent]
|move|p2a: Slowbro|Sludge Bomb|p1a: Milotic
|-damage|p1a: Milotic|77/100 slp
|
|upkeep
|turn|72
|
|t:|1596935756
|cant|p1a: Milotic|slp
|move|p1a: Milotic|Sleep Talk|p1a: Milotic
|move|p1a: Milotic|Scald|p2a: Slowbro|[from]Sleep Talk
|-damage|p2a: Slowbro|61/100
|-status|p2a: Slowbro|brn
|move|p2a: Slowbro|Calm Mind|p2a: Slowbro
|-boost|p2a: Slowbro|spa|1
|-boost|p2a: Slowbro|spd|1
|
|-damage|p2a: Slowbro|55/100 brn|[from] brn
|upkeep
|turn|73
|
|t:|1596935763
|cant|p1a: Milotic|slp
|move|p1a: Milotic|Sleep Talk|p1a: Milotic
|move|p1a: Milotic|Dragon Tail|p2a: Slowbro|[from]Sleep Talk
|-damage|p2a: Slowbro|49/100 brn
|drag|p2a: Inteleon|Inteleon, F|72/100
|
|upkeep
|turn|74
|
|t:|1596935770
|switch|p2a: Slowbro|Slowbro-Galar, M|82/100 brn
|-curestatus|p1a: Milotic|slp|[msg]
|move|p1a: Milotic|Dragon Tail|p2a: Slowbro
|-damage|p2a: Slowbro|77/100 brn
|drag|p2a: Steelix|Steelix, F|17/100
|
|upkeep
|turn|75
|
|t:|1596935774
|switch|p1a: Scrafty|Scrafty, F|56/100
|switch|p2a: Slowbro|Slowbro-Galar, M|100/100 brn
|
|-heal|p1a: Scrafty|62/100|[from] item: Leftovers
|-damage|p2a: Slowbro|94/100 brn|[from] brn
|upkeep
|turn|76
|
|t:|1596935778
|switch|p2a: Mantine|Mantine, M|100/100
|move|p1a: Scrafty|Knock Off|p2a: Mantine
|-damage|p2a: Mantine|83/100
|
|-heal|p1a: Scrafty|68/100|[from] item: Leftovers
|upkeep
|turn|77
|
|t:|1596935782
|switch|p1a: Milotic|Milotic, M|77/100
|move|p2a: Mantine|Scald|p1a: Milotic
|-resisted|p1a: Milotic
|-damage|p1a: Milotic|69/100
|
|upkeep
|turn|78
|
|t:|1596935787
|move|p1a: Milotic|Scald|p2a: Mantine
|-heal|p2a: Mantine|100/100|[from] ability: Water Absorb|[of] p1a: Milotic
|move|p2a: Mantine|Scald|p1a: Milotic
|-resisted|p1a: Milotic
|-damage|p1a: Milotic|62/100
|
|upkeep
|turn|79
|
|t:|1596935790
|move|p1a: Milotic|Scald|p2a: Mantine
|-immune|p2a: Mantine|[from] ability: Water Absorb
|move|p2a: Mantine|Scald|p1a: Milotic
|-resisted|p1a: Milotic
|-damage|p1a: Milotic|54/100
|
|upkeep
|turn|80
|
|t:|1596935792
|move|p1a: Milotic|Scald|p2a: Mantine
|-immune|p2a: Mantine|[from] ability: Water Absorb
|move|p2a: Mantine|Scald|p1a: Milotic
|-resisted|p1a: Milotic
|-damage|p1a: Milotic|46/100
|
|upkeep
|turn|81
|
|t:|1596935794
|move|p1a: Milotic|Rest|p1a: Milotic
|-status|p1a: Milotic|slp|[from] move: Rest
|-heal|p1a: Milotic|100/100 slp|[silent]
|move|p2a: Mantine|Scald|p1a: Milotic
|-resisted|p1a: Milotic
|-damage|p1a: Milotic|93/100 slp
|
|upkeep
|turn|82
|
|t:|1596935797
|switch|p2a: Steelix|Steelix, F|17/100
|cant|p1a: Milotic|slp
|
|upkeep
|turn|83
|
|t:|1596935798
|cant|p1a: Milotic|slp
|move|p1a: Milotic|Sleep Talk|p1a: Milotic
|move|p1a: Milotic|Scald|p2a: Steelix|[from]Sleep Talk
|-supereffective|p2a: Steelix
|-damage|p2a: Steelix|0 fnt
|faint|p2a: Steelix
|
|upkeep
|
|t:|1596935803
|switch|p2a: Rotom|Rotom-Mow|58/100 tox
|turn|84
|
|t:|1596935808
|move|p2a: Rotom|Volt Switch|p1a: Milotic
|-supereffective|p1a: Milotic
|-damage|p1a: Milotic|50/100 slp
|
|t:|1596935811
|switch|p2a: Scrafty|Scrafty, F|65/100|[from]move: Volt Switch
|-curestatus|p1a: Milotic|slp|[msg]
|move|p1a: Milotic|Dragon Tail|p2a: Scrafty
|-crit|p2a: Scrafty
|-damage|p2a: Scrafty|53/100
|drag|p2a: Inteleon|Inteleon, F|72/100
|
|upkeep
|turn|85
|
|t:|1596935817
|move|p2a: Inteleon|Focus Energy|p2a: Inteleon
|-start|p2a: Inteleon|move: Focus Energy
|move|p1a: Milotic|Rest|p1a: Milotic
|-status|p1a: Milotic|slp|[from] move: Rest
|-heal|p1a: Milotic|100/100 slp|[silent]
|
|upkeep
|turn|86
|
|t:|1596935820
|move|p2a: Inteleon|Air Slash|p1a: Milotic
|-crit|p1a: Milotic
|-damage|p1a: Milotic|57/100 slp
|cant|p1a: Milotic|slp
|move|p1a: Milotic|Sleep Talk|p1a: Milotic
|move|p1a: Milotic|Dragon Tail|p2a: Inteleon|[from]Sleep Talk
|-damage|p2a: Inteleon|57/100
|drag|p2a: Rotom|Rotom-Mow|58/100 tox
|
|-heal|p2a: Rotom|64/100 tox|[from] item: Leftovers
|-damage|p2a: Rotom|58/100 tox|[from] psn
|upkeep
|turn|87
|
|t:|1596935828
|move|p2a: Rotom|Leaf Storm|p1a: Milotic
|-supereffective|p1a: Milotic
|-damage|p1a: Milotic|0 fnt
|-unboost|p2a: Rotom|spa|2
|faint|p1a: Milotic
|
|-heal|p2a: Rotom|64/100 tox|[from] item: Leftovers
|-damage|p2a: Rotom|52/100 tox|[from] psn
|upkeep
|
|t:|1596935831
|switch|p1a: Haunter|Haunter, F|94/100
|turn|88
|
|t:|1596935833
|switch|p2a: Slowbro|Slowbro-Galar, M|100/100 brn
|move|p1a: Haunter|Trick|p2a: Slowbro
|-activate|p1a: Haunter|move: Trick|[of] p2a: Slowbro
|-item|p2a: Slowbro|Choice Scarf|[from] move: Trick
|-item|p1a: Haunter|Colbur Berry|[from] move: Trick
|
|-damage|p2a: Slowbro|94/100 brn|[from] brn
|upkeep
|turn|89
|j| sinisbee
|
|t:|1596935839
|switch|p1a: Scrafty|Scrafty, F|68/100
|move|p2a: Slowbro|Scald|p1a: Scrafty
|-damage|p1a: Scrafty|53/100
|
|-heal|p1a: Scrafty|59/100|[from] item: Leftovers
|-damage|p2a: Slowbro|88/100 brn|[from] brn
|upkeep
|turn|90
|
|t:|1596935843
|switch|p2a: Mantine|Mantine, M|100/100
|move|p1a: Scrafty|Bulk Up|p1a: Scrafty
|-boost|p1a: Scrafty|atk|1
|-boost|p1a: Scrafty|def|1
|
|-heal|p1a: Scrafty|65/100|[from] item: Leftovers
|upkeep
|turn|91
|
|t:|1596935847
|move|p1a: Scrafty|Knock Off|p2a: Mantine
|-damage|p2a: Mantine|76/100
|move|p2a: Mantine|Hurricane|p1a: Scrafty|[miss]
|-miss|p2a: Mantine|p1a: Scrafty
|
|-heal|p1a: Scrafty|71/100|[from] item: Leftovers
|upkeep
|turn|92
|
|t:|1596935853
|move|p1a: Scrafty|Bulk Up|p1a: Scrafty
|-boost|p1a: Scrafty|atk|1
|-boost|p1a: Scrafty|def|1
|move|p2a: Mantine|Hurricane|p1a: Scrafty|[miss]
|-miss|p2a: Mantine|p1a: Scrafty
|
|-heal|p1a: Scrafty|77/100|[from] item: Leftovers
|upkeep
|turn|93
|
|t:|1596935859
|move|p1a: Scrafty|Knock Off|p2a: Mantine
|-damage|p2a: Mantine|44/100
|move|p2a: Mantine|Roost|p2a: Mantine
|-heal|p2a: Mantine|94/100
|-singleturn|p2a: Mantine|move: Roost
|
|-heal|p1a: Scrafty|83/100|[from] item: Leftovers
|upkeep
|turn|94
|
|t:|1596935863
|move|p1a: Scrafty|Bulk Up|p1a: Scrafty
|-boost|p1a: Scrafty|atk|1
|-boost|p1a: Scrafty|def|1
|move|p2a: Mantine|Hurricane|p1a: Scrafty|[miss]
|-miss|p2a: Mantine|p1a: Scrafty
|
|-heal|p1a: Scrafty|89/100|[from] item: Leftovers
|upkeep
|turn|95
|
|t:|1596935868
|move|p1a: Scrafty|Knock Off|p2a: Mantine
|-damage|p2a: Mantine|52/100
|move|p2a: Mantine|Hurricane|p1a: Scrafty
|-supereffective|p1a: Scrafty
|-damage|p1a: Scrafty|40/100
|
|-heal|p1a: Scrafty|46/100|[from] item: Leftovers
|upkeep
|turn|96
|
|t:|1596935873
|move|p1a: Scrafty|Rest|p1a: Scrafty
|-status|p1a: Scrafty|slp|[from] move: Rest
|-heal|p1a: Scrafty|100/100 slp|[silent]
|move|p2a: Mantine|Hurricane|p1a: Scrafty
|-supereffective|p1a: Scrafty
|-damage|p1a: Scrafty|56/100 slp
|
|-activate|p1a: Scrafty|ability: Shed Skin
|-curestatus|p1a: Scrafty|slp|[msg]
|-heal|p1a: Scrafty|62/100|[from] item: Leftovers
|upkeep
|turn|97
|
|t:|1596935881
|move|p1a: Scrafty|Drain Punch|p2a: Mantine
|-resisted|p2a: Mantine
|-damage|p2a: Mantine|29/100
|-heal|p1a: Scrafty|75/100|[from] drain|[of] p2a: Mantine
|move|p2a: Mantine|Hurricane|p1a: Scrafty
|-supereffective|p1a: Scrafty
|-damage|p1a: Scrafty|27/100
|
|-heal|p1a: Scrafty|33/100|[from] item: Leftovers
|upkeep
|turn|98
|
|t:|1596935888
|move|p1a: Scrafty|Bulk Up|p1a: Scrafty
|-boost|p1a: Scrafty|atk|1
|-boost|p1a: Scrafty|def|1
|move|p2a: Mantine|Hurricane|p1a: Scrafty|[miss]
|-miss|p2a: Mantine|p1a: Scrafty
|
|-heal|p1a: Scrafty|39/100|[from] item: Leftovers
|upkeep
|turn|99
|c|☆Riz La Vie|lol
|
|t:|1596935896
|move|p1a: Scrafty|Rest|p1a: Scrafty
|-status|p1a: Scrafty|slp|[from] move: Rest
|-heal|p1a: Scrafty|100/100 slp|[silent]
|move|p2a: Mantine|Roost|p2a: Mantine
|-heal|p2a: Mantine|79/100
|-singleturn|p2a: Mantine|move: Roost
|
|upkeep
|turn|100
|
|t:|1596935901
|cant|p1a: Scrafty|slp
|move|p2a: Mantine|Hurricane|p1a: Scrafty
|-supereffective|p1a: Scrafty
|-damage|p1a: Scrafty|53/100 slp
|
|-heal|p1a: Scrafty|59/100 slp|[from] item: Leftovers
|upkeep
|turn|101
|
|t:|1596935907
|switch|p2a: Rotom|Rotom-Mow|52/100 tox
|cant|p1a: Scrafty|slp
|
|-heal|p2a: Rotom|58/100 tox|[from] item: Leftovers
|-heal|p1a: Scrafty|65/100 slp|[from] item: Leftovers
|-damage|p2a: Rotom|52/100 tox|[from] psn
|upkeep
|turn|102
|
|t:|1596935916
|move|p2a: Rotom|Leaf Storm|p1a: Scrafty
|-damage|p1a: Scrafty|24/100 slp
|-unboost|p2a: Rotom|spa|2
|-curestatus|p1a: Scrafty|slp|[msg]
|move|p1a: Scrafty|Rest|p1a: Scrafty
|-status|p1a: Scrafty|slp|[from] move: Rest
|-heal|p1a: Scrafty|100/100 slp|[silent]
|
|-heal|p2a: Rotom|58/100 tox|[from] item: Leftovers
|-damage|p2a: Rotom|46/100 tox|[from] psn
|upkeep
|turn|103
|
|t:|1596935919
|move|p2a: Rotom|Volt Switch|p1a: Scrafty
|-damage|p1a: Scrafty|89/100 slp
|
|t:|1596935923
|switch|p2a: Slowbro|Slowbro-Galar, M|100/100 brn|[from]move: Volt Switch
|cant|p1a: Scrafty|slp
|
|-heal|p1a: Scrafty|95/100 slp|[from] item: Leftovers
|-damage|p2a: Slowbro|94/100 brn|[from] brn
|upkeep
|turn|104
|
|t:|1596935925
|cant|p1a: Scrafty|slp
|move|p2a: Slowbro|Sludge Bomb|p1a: Scrafty
|-damage|p1a: Scrafty|71/100 slp
|
|-activate|p1a: Scrafty|ability: Shed Skin
|-curestatus|p1a: Scrafty|slp|[msg]
|-heal|p1a: Scrafty|77/100|[from] item: Leftovers
|-damage|p2a: Slowbro|88/100 brn|[from] brn
|upkeep
|turn|105
|
|t:|1596935927
|move|p1a: Scrafty|Knock Off|p2a: Slowbro
|-supereffective|p2a: Slowbro
|-damage|p2a: Slowbro|0 fnt
|-enditem|p2a: Slowbro|Choice Scarf|[from] move: Knock Off|[of] p1a: Scrafty
|faint|p2a: Slowbro
|
|-heal|p1a: Scrafty|83/100|[from] item: Leftovers
|upkeep
|
|t:|1596935930
|switch|p2a: Inteleon|Inteleon, F|57/100
|turn|106
|
|t:|1596935934
|move|p2a: Inteleon|Air Slash|p1a: Scrafty
|-supereffective|p1a: Scrafty
|-damage|p1a: Scrafty|49/100
|move|p1a: Scrafty|Drain Punch|p2a: Inteleon
|-damage|p2a: Inteleon|0 fnt
|-heal|p1a: Scrafty|73/100|[from] drain|[of] p2a: Inteleon
|faint|p2a: Inteleon
|
|-heal|p1a: Scrafty|79/100|[from] item: Leftovers
|upkeep
|
|t:|1596935939
|switch|p2a: Rotom|Rotom-Mow|46/100 tox
|turn|107
|
|t:|1596935941
|move|p2a: Rotom|Nasty Plot|p2a: Rotom
|-boost|p2a: Rotom|spa|2
|move|p1a: Scrafty|Drain Punch|p2a: Rotom
|-damage|p2a: Rotom|0 fnt
|-heal|p1a: Scrafty|95/100|[from] drain|[of] p2a: Rotom
|faint|p2a: Rotom
|
|-heal|p1a: Scrafty|100/100|[from] item: Leftovers
|upkeep
|c|☆Riz La Vie|jesus dude
|-message|Riz La Vie forfeited.
|
|win|RULT1qm Umbra Soul
|raw|RULT1qm Umbra Soul's rating: 1479 &rarr; <strong>1500</strong><br />(+21 for winning)
|raw|Riz La Vie's rating: 1501 &rarr; <strong>1480</strong><br />(-21 for losing)
|l|☆RULT1qm Umbra Soul
|c| sinisbee|the godset
|l| sinisbee
|l|☆Riz La Vie
