|j|☆platdupied
|j|☆emerald6
|t:|1642695581
|gametype|singles
|player|p1|platdupied|169|1501
|player|p2|emerald6|bugsy|1224
|teamsize|p1|6
|teamsize|p2|6
|gen|8
|tier|[Gen 8] RU
|rated|
|rule|Sleep Clause Mod: Limit one foe put to sleep
|rule|Species Clause: Limit one of each Pokémon
|rule|OHKO Clause: OHKO moves are banned
|rule|Evasion Moves Clause: Evasion moves are banned
|rule|Endless Battle Clause: Forcing endless battles is banned
|rule|HP Percentage Mod: HP is shown in percentages
|rule|Dynamax Clause: You cannot dynamax
|clearpoke
|poke|p1|Obstagoon, F|
|poke|p1|Vikavolt, F|
|poke|p1|Mimikyu, F|
|poke|p1|Claydol|
|poke|p1|Raikou|
|poke|p1|Incineroar, F|
|poke|p2|Arctovish|
|poke|p2|Vanilluxe, M|
|poke|p2|Sandslash-Alola, M|
|poke|p2|Raikou|
|poke|p2|Flygon, M|
|poke|p2|Celebi|
|teampreview
|
|t:|1642695606
|start
|switch|p1a: Incineroar|Incineroar, F|100/100
|switch|p2a: Vanilluxe|Vanilluxe, M|100/100
|-weather|Hail|[from] ability: Snow Warning|[of] p2a: Vanilluxe
|-ability|p1a: Incineroar|Intimidate|boost
|-unboost|p2a: Vanilluxe|atk|1
|turn|1
|inactive|Battle timer is ON: inactive players will automatically lose when time's up. (requested by platdupied)
|
|t:|1642695621
|switch|p2a: Raikou|Raikou|100/100
|-ability|p2a: Raikou|Pressure
|move|p1a: Incineroar|Knock Off|p2a: Raikou
|-damage|p2a: Raikou|29/100
|-enditem|p2a: Raikou|Heavy-Duty Boots|[from] move: Knock Off|[of] p1a: Incineroar
|
|-weather|Hail|[upkeep]
|-damage|p2a: Raikou|22/100|[from] Hail
|-damage|p1a: Incineroar|94/100|[from] Hail
|upkeep
|turn|2
|inactive|platdupied has 120 seconds left.
|
|t:|1642695668
|switch|p1a: Claydol|Claydol|100/100
|move|p2a: Raikou|Volt Switch|p1a: Claydol
|-immune|p1a: Claydol
|
|-weather|Hail|[upkeep]
|-damage|p2a: Raikou|16/100|[from] Hail
|-damage|p1a: Claydol|94/100|[from] Hail
|-heal|p1a: Claydol|100/100|[from] item: Leftovers
|upkeep
|turn|3
|
|t:|1642695677
|move|p2a: Raikou|Weather Ball|p1a: Claydol
|-supereffective|p1a: Claydol
|-damage|p1a: Claydol|56/100
|move|p1a: Claydol|Stealth Rock|p2a: Raikou
|-sidestart|p2: emerald6|move: Stealth Rock
|
|-weather|Hail|[upkeep]
|-damage|p2a: Raikou|10/100|[from] Hail
|-damage|p1a: Claydol|50/100|[from] Hail
|-heal|p1a: Claydol|56/100|[from] item: Leftovers
|upkeep
|turn|4
|inactive|platdupied has 120 seconds left.
|
|t:|1642695688
|move|p2a: Raikou|Weather Ball|p1a: Claydol
|-supereffective|p1a: Claydol
|-damage|p1a: Claydol|12/100
|move|p1a: Claydol|Earth Power|p2a: Raikou
|-supereffective|p2a: Raikou
|-damage|p2a: Raikou|0 fnt
|faint|p2a: Raikou
|
|-weather|Hail|[upkeep]
|-damage|p1a: Claydol|5/100|[from] Hail
|-heal|p1a: Claydol|12/100|[from] item: Leftovers
|upkeep
|
|t:|1642695691
|switch|p2a: Celebi|Celebi|100/100
|turn|5
|
|t:|1642695700
|switch|p1a: Incineroar|Incineroar, F|94/100
|-ability|p1a: Incineroar|Intimidate|boost
|-unboost|p2a: Celebi|atk|1
|move|p2a: Celebi|Stealth Rock|p1a: Incineroar
|-sidestart|p1: platdupied|move: Stealth Rock
|
|-weather|Hail|[upkeep]
|-damage|p2a: Celebi|94/100|[from] Hail
|-damage|p1a: Incineroar|88/100|[from] Hail
|upkeep
|turn|6
|
|t:|1642695706
|move|p2a: Celebi|U-turn|p1a: Incineroar
|-damage|p1a: Incineroar|78/100
|inactive|emerald6 has 120 seconds left.
|
|t:|1642695756
|switch|p2a: Flygon|Flygon, M|100/100|[from]move: U-turn
|-damage|p2a: Flygon|95/100|[from] Stealth Rock
|move|p1a: Incineroar|Knock Off|p2a: Flygon
|-damage|p2a: Flygon|22/100
|-enditem|p2a: Flygon|Choice Band|[from] move: Knock Off|[of] p1a: Incineroar
|
|-weather|Hail|[upkeep]
|-damage|p2a: Flygon|16/100|[from] Hail
|-damage|p1a: Incineroar|72/100|[from] Hail
|upkeep
|turn|7
|
|t:|1642695770
|switch|p1a: Vikavolt|Vikavolt, F|100/100
|move|p2a: Flygon|First Impression|p1a: Vikavolt
|-damage|p1a: Vikavolt|83/100
|
|-weather|Hail|[upkeep]
|-damage|p2a: Flygon|10/100|[from] Hail
|-damage|p1a: Vikavolt|77/100|[from] Hail
|upkeep
|turn|8
|
|t:|1642695776
|move|p2a: Flygon|Stone Edge|p1a: Vikavolt
|-supereffective|p1a: Vikavolt
|-damage|p1a: Vikavolt|33/100
|move|p1a: Vikavolt|Sticky Web|p2a: Flygon
|-sidestart|p2: emerald6|move: Sticky Web
|
|-weather|none
|upkeep
|turn|9
|inactive|emerald6 has 120 seconds left.
|
|t:|1642695784
|move|p2a: Flygon|Stone Edge|p1a: Vikavolt|[miss]
|-miss|p2a: Flygon|p1a: Vikavolt
|move|p1a: Vikavolt|Roost|p1a: Vikavolt
|-heal|p1a: Vikavolt|83/100
|-singleturn|p1a: Vikavolt|move: Roost
|
|upkeep
|turn|10
|
|t:|1642695788
|move|p2a: Flygon|Stone Edge|p1a: Vikavolt
|-supereffective|p1a: Vikavolt
|-damage|p1a: Vikavolt|41/100
|move|p1a: Vikavolt|Bug Buzz|p2a: Flygon
|-damage|p2a: Flygon|0 fnt
|faint|p2a: Flygon
|
|upkeep
|
|t:|1642695793
|switch|p2a: Sandslash|Sandslash-Alola, M|100/100
|-activate|p2a: Sandslash|move: Sticky Web
|-unboost|p2a: Sandslash|spe|1
|-damage|p2a: Sandslash|88/100|[from] Stealth Rock
|turn|11
|
|t:|1642695806
|move|p2a: Sandslash|Rapid Spin|p1a: Vikavolt
|-damage|p1a: Vikavolt|31/100
|-boost|p2a: Sandslash|spe|1
|-sideend|p2: emerald6|Stealth Rock|[from] move: Rapid Spin|[of] p2a: Sandslash
|-sideend|p2: emerald6|Sticky Web|[from] move: Rapid Spin|[of] p2a: Sandslash
|move|p1a: Vikavolt|Roost|p1a: Vikavolt
|-heal|p1a: Vikavolt|81/100
|-singleturn|p1a: Vikavolt|move: Roost
|
|upkeep
|turn|12
|
|t:|1642695819
|move|p2a: Sandslash|Triple Axel|p1a: Vikavolt
|-damage|p1a: Vikavolt|75/100
|-damage|p1a: Vikavolt|61/100
|-damage|p1a: Vikavolt|42/100
|-hitcount|p1a: Vikavolt|3
|move|p1a: Vikavolt|Sticky Web|p2a: Sandslash
|-sidestart|p2: emerald6|move: Sticky Web
|
|upkeep
|turn|13
|
|t:|1642695829
|switch|p1a: Incineroar|Incineroar, F|72/100
|-ability|p1a: Incineroar|Intimidate|boost
|-unboost|p2a: Sandslash|atk|1
|move|p2a: Sandslash|Rapid Spin|p1a: Incineroar
|-damage|p1a: Incineroar|63/100
|-boost|p2a: Sandslash|spe|1
|-sideend|p2: emerald6|Sticky Web|[from] move: Rapid Spin|[of] p2a: Sandslash
|
|upkeep
|turn|14
|
|t:|1642695835
|move|p2a: Sandslash|Earthquake|p1a: Incineroar
|-supereffective|p1a: Incineroar
|-damage|p1a: Incineroar|27/100
|move|p1a: Incineroar|Flare Blitz|p2a: Sandslash
|-supereffective|p2a: Sandslash
|-damage|p2a: Sandslash|0 fnt
|faint|p2a: Sandslash
|-damage|p1a: Incineroar|6/100|[from] Recoil
|
|upkeep
|
|t:|1642695842
|switch|p2a: Vanilluxe|Vanilluxe, M|100/100
|-weather|Hail|[from] ability: Snow Warning|[of] p2a: Vanilluxe
|turn|15
|
|t:|1642695859
|move|p2a: Vanilluxe|Blizzard|p1a: Incineroar
|-resisted|p1a: Incineroar
|-damage|p1a: Incineroar|0 fnt
|faint|p1a: Incineroar
|
|-weather|Hail|[upkeep]
|upkeep
|
|t:|1642695866
|switch|p1a: Raikou|Raikou|100/100
|-damage|p1a: Raikou|88/100|[from] Stealth Rock
|-ability|p1a: Raikou|Pressure
|turn|16
|inactive|emerald6 has 120 seconds left.
|
|t:|1642695898
|move|p1a: Raikou|Volt Switch|p2a: Vanilluxe
|-damage|p2a: Vanilluxe|43/100
|
|t:|1642695903
|switch|p1a: Claydol|Claydol|12/100|[from]move: Volt Switch
|-damage|p1a: Claydol|5/100|[from] Stealth Rock
|move|p2a: Vanilluxe|Aurora Veil|p2a: Vanilluxe
|-sidestart|p2: emerald6|move: Aurora Veil
|
|-weather|Hail|[upkeep]
|-damage|p1a: Claydol|0 fnt|[from] Hail
|faint|p1a: Claydol
|upkeep
|
|t:|1642695915
|switch|p1a: Obstagoon|Obstagoon, F|100/100
|-damage|p1a: Obstagoon|88/100|[from] Stealth Rock
|turn|17
|
|t:|1642695926
|switch|p2a: Celebi|Celebi|94/100
|move|p1a: Obstagoon|Knock Off|p2a: Celebi
|-supereffective|p2a: Celebi
|-crit|p2a: Celebi
|-damage|p2a: Celebi|0 fnt
|-enditem|p2a: Celebi|Heavy-Duty Boots|[from] move: Knock Off|[of] p1a: Obstagoon
|faint|p2a: Celebi
|
|-weather|Hail|[upkeep]
|-damage|p1a: Obstagoon|82/100|[from] Hail
|upkeep
|
|t:|1642695927
|switch|p2a: Arctovish|Arctovish|100/100
|turn|18
|
|t:|1642695934
|move|p1a: Obstagoon|Knock Off|p2a: Arctovish
|-damage|p2a: Arctovish|79/100
|-enditem|p2a: Arctovish|Life Orb|[from] move: Knock Off|[of] p1a: Obstagoon
|move|p2a: Arctovish|Fishious Rend|p1a: Obstagoon
|-damage|p1a: Obstagoon|41/100
|
|-weather|Hail|[upkeep]
|-damage|p1a: Obstagoon|34/100|[from] Hail
|upkeep
|turn|19
|
|t:|1642695944
|move|p1a: Obstagoon|Knock Off|p2a: Arctovish
|-damage|p2a: Arctovish|64/100
|move|p2a: Arctovish|Fishious Rend|p1a: Obstagoon
|-damage|p1a: Obstagoon|0 fnt
|faint|p1a: Obstagoon
|
|-weather|Hail|[upkeep]
|upkeep
|
|t:|1642695964
|switch|p1a: Mimikyu|Mimikyu, F|100/100
|-damage|p1a: Mimikyu|88/100|[from] Stealth Rock
|turn|20
|
|t:|1642695983
|move|p2a: Arctovish|Fishious Rend|p1a: Mimikyu
|-activate|p1a: Mimikyu|ability: Disguise
|-damage|p1a: Mimikyu|88/100
|detailschange|p1a: Mimikyu|Mimikyu-Busted, F
|-damage|p1a: Mimikyu|76/100|[from] pokemon: Mimikyu-Busted
|move|p1a: Mimikyu|Play Rough|p2a: Arctovish|[miss]
|-miss|p1a: Mimikyu|p2a: Arctovish
|
|-weather|Hail|[upkeep]
|-damage|p1a: Mimikyu|70/100|[from] Hail
|-sideend|p2: emerald6|move: Aurora Veil
|upkeep
|turn|21
|c|☆emerald6|I'm sorry, that sucks
|
|t:|1642696001
|move|p1a: Mimikyu|Shadow Sneak|p2a: Arctovish
|-damage|p2a: Arctovish|40/100
|-damage|p1a: Mimikyu|60/100|[from] item: Life Orb
|move|p2a: Arctovish|Fishious Rend|p1a: Mimikyu
|-damage|p1a: Mimikyu|0 fnt
|faint|p1a: Mimikyu
|
|-weather|Hail|[upkeep]
|upkeep
|
|t:|1642696014
|switch|p1a: Raikou|Raikou|88/100
|-damage|p1a: Raikou|76/100|[from] Stealth Rock
|-ability|p1a: Raikou|Pressure
|turn|22
|
|t:|1642696018
|move|p2a: Arctovish|Fishious Rend|p1a: Raikou
|-damage|p1a: Raikou|0 fnt
|faint|p1a: Raikou
|
|-weather|none
|upkeep
|
|t:|1642696020
|switch|p1a: Vikavolt|Vikavolt, F|42/100
|turn|23
|
|t:|1642696022
|move|p2a: Arctovish|Fishious Rend|p1a: Vikavolt
|-damage|p1a: Vikavolt|0 fnt
|faint|p1a: Vikavolt
|
|win|emerald6
|raw|platdupied's rating: 1474 &rarr; <strong>1442</strong><br />(-32 for losing)
|raw|emerald6's rating: 1224 &rarr; <strong>1264</strong><br />(+40 for winning)
|l|☆platdupied
