|raw|<div class="broadcast-blue"><strong>This battle is required to be public due to a player having a name starting with 'rult61'.</div>
|j|☆rult61x Beral
|j|☆RULT61D za
|t:|1655186870
|gametype|singles
|player|p1|rult61x Beral|#wcop2022brazil|1590
|player|p2|RULT61D za|acetrainer-gen4dp|1612
|teamsize|p1|6
|teamsize|p2|6
|gen|8
|tier|[Gen 8] RU
|rated|
|rule|Sleep Clause Mod: Limit one foe put to sleep
|rule|Species Clause: Limit one of each Pokémon
|rule|OHKO Clause: OHKO moves are banned
|rule|Evasion Moves Clause: Evasion moves are banned
|rule|Endless Battle Clause: Forcing endless battles is banned
|rule|HP Percentage Mod: HP is shown in percentages
|rule|Dynamax Clause: You cannot dynamax
|clearpoke
|poke|p1|Togekiss, M|
|poke|p1|Celebi|
|poke|p1|Weezing-Galar, M|
|poke|p1|Registeel|
|poke|p1|Raikou|
|poke|p1|Flygon, F|
|poke|p2|Toxicroak, M|
|poke|p2|Registeel|
|poke|p2|Rotom-Mow|
|poke|p2|Gastrodon, F|
|poke|p2|Crobat, M|
|poke|p2|Incineroar, F|
|teampreview
|inactive|Battle timer is ON: inactive players will automatically lose when time's up. (requested by RULT61D za)
|j| NUER got
|
|t:|1655186905
|start
|switch|p1a: Flygon|Flygon, F|100/100
|switch|p2a: Registeel|Registeel|100/100
|turn|1
|
|t:|1655186911
|move|p2a: Registeel|Protect|p2a: Registeel
|-singleturn|p2a: Registeel|Protect
|move|p1a: Flygon|Earthquake|p2a: Registeel
|-activate|p2a: Registeel|move: Protect
|
|upkeep
|turn|2
|
|t:|1655186917
|switch|p1a: Weezing|Weezing-Galar, M|100/100
|move|p2a: Registeel|Stealth Rock|p1a: Weezing
|-sidestart|p1: rult61x Beral|move: Stealth Rock
|
|upkeep
|turn|3
|
|t:|1655186923
|move|p1a: Weezing|Defog|p2a: Registeel
|-fail|p2a: Registeel|unboost|[from] ability: Clear Body|[of] p2a: Registeel
|-sideend|p1: rult61x Beral|Stealth Rock|[from] move: Defog|[of] p1a: Weezing
|move|p2a: Registeel|Seismic Toss|p1a: Weezing
|-damage|p1a: Weezing|71/100
|
|-heal|p1a: Weezing|77/100|[from] item: Black Sludge
|upkeep
|turn|4
|
|t:|1655186926
|switch|p2a: Incineroar|Incineroar, F|100/100
|-ability|p2a: Incineroar|Intimidate|boost
|-unboost|p1a: Weezing|atk|1
|move|p1a: Weezing|Will-O-Wisp|p2a: Incineroar
|-immune|p2a: Incineroar
|
|-heal|p1a: Weezing|83/100|[from] item: Black Sludge
|upkeep
|turn|5
|
|t:|1655186933
|switch|p1a: Flygon|Flygon, F|100/100
|move|p2a: Incineroar|Knock Off|p1a: Flygon
|-damage|p1a: Flygon|40/100
|-enditem|p1a: Flygon|Choice Scarf|[from] move: Knock Off|[of] p2a: Incineroar
|
|upkeep
|turn|6
|
|t:|1655186941
|switch|p2a: Gastrodon|Gastrodon, F|100/100
|move|p1a: Flygon|Earthquake|p2a: Gastrodon
|-damage|p2a: Gastrodon|68/100
|
|upkeep
|turn|7
|
|t:|1655186950
|move|p1a: Flygon|U-turn|p2a: Gastrodon
|-damage|p2a: Gastrodon|53/100
|-damage|p1a: Flygon|23/100|[from] item: Rocky Helmet|[of] p2a: Gastrodon
|
|t:|1655186959
|switch|p1a: Registeel|Registeel|100/100|[from]move: U-turn
|move|p2a: Gastrodon|Recover|p2a: Gastrodon
|-heal|p2a: Gastrodon|100/100
|
|upkeep
|turn|8
|
|t:|1655186963
|switch|p2a: Registeel|Registeel|100/100
|move|p1a: Registeel|Stealth Rock|p2a: Registeel
|-sidestart|p2: RULT61D za|move: Stealth Rock
|
|upkeep
|turn|9
|
|t:|1655186971
|move|p1a: Registeel|Seismic Toss|p2a: Registeel
|-damage|p2a: Registeel|73/100
|move|p2a: Registeel|Stealth Rock|p1a: Registeel
|-sidestart|p1: rult61x Beral|move: Stealth Rock
|
|-heal|p2a: Registeel|79/100|[from] item: Leftovers
|upkeep
|turn|10
|
|t:|1655186976
|move|p2a: Registeel|Protect|p2a: Registeel
|-singleturn|p2a: Registeel|Protect
|move|p1a: Registeel|Seismic Toss|p2a: Registeel
|-activate|p2a: Registeel|move: Protect
|
|-heal|p2a: Registeel|85/100|[from] item: Leftovers
|upkeep
|turn|11
|
|t:|1655186980
|switch|p2a: Gastrodon|Gastrodon, F|100/100
|-damage|p2a: Gastrodon|94/100|[from] Stealth Rock
|move|p1a: Registeel|Seismic Toss|p2a: Gastrodon
|-damage|p2a: Gastrodon|71/100
|-damage|p1a: Registeel|84/100|[from] item: Rocky Helmet|[of] p2a: Gastrodon
|
|-heal|p1a: Registeel|90/100|[from] item: Leftovers
|upkeep
|turn|12
|
|t:|1655186983
|switch|p2a: Toxicroak|Toxicroak, M|100/100
|-damage|p2a: Toxicroak|94/100|[from] Stealth Rock
|move|p1a: Registeel|Toxic|p2a: Toxicroak
|-immune|p2a: Toxicroak
|
|-heal|p1a: Registeel|96/100|[from] item: Leftovers
|upkeep
|turn|13
|
|t:|1655186996
|switch|p1a: Celebi|Celebi|100/100
|move|p2a: Toxicroak|Knock Off|p1a: Celebi
|-supereffective|p1a: Celebi
|-damage|p1a: Celebi|37/100
|-enditem|p1a: Celebi|Heavy-Duty Boots|[from] move: Knock Off|[of] p2a: Toxicroak
|
|upkeep
|turn|14
|
|t:|1655186999
|switch|p2a: Incineroar|Incineroar, F|100/100
|-ability|p2a: Incineroar|Intimidate|boost
|-unboost|p1a: Celebi|atk|1
|move|p1a: Celebi|Recover|p1a: Celebi
|-heal|p1a: Celebi|87/100
|
|upkeep
|turn|15
|
|t:|1655187005
|switch|p1a: Weezing|Weezing-Galar, M|83/100
|-damage|p1a: Weezing|70/100|[from] Stealth Rock
|move|p2a: Incineroar|Knock Off|p1a: Weezing
|-resisted|p1a: Weezing
|-damage|p1a: Weezing|56/100
|-enditem|p1a: Weezing|Black Sludge|[from] move: Knock Off|[of] p2a: Incineroar
|
|upkeep
|turn|16
|
|t:|1655187010
|move|p2a: Incineroar|Swords Dance|p2a: Incineroar
|-boost|p2a: Incineroar|atk|2
|move|p1a: Weezing|Corrosive Gas|p2a: Incineroar
|-enditem|p2a: Incineroar|Heavy-Duty Boots|[from] move: Corrosive Gas|[of] p1a: Weezing
|
|upkeep
|turn|17
|
|t:|1655187017
|move|p2a: Incineroar|Flare Blitz|p1a: Weezing
|-damage|p1a: Weezing|0 fnt
|faint|p1a: Weezing
|-damage|p2a: Incineroar|85/100|[from] Recoil
|
|upkeep
|
|t:|1655187023
|switch|p1a: Flygon|Flygon, F|23/100
|-damage|p1a: Flygon|17/100|[from] Stealth Rock
|turn|18
|
|t:|1655187034
|switch|p2a: Crobat|Crobat, M|100/100
|move|p1a: Flygon|U-turn|p2a: Crobat
|-resisted|p2a: Crobat
|-damage|p2a: Crobat|96/100
|
|t:|1655187039
|switch|p1a: Togekiss|Togekiss, M|100/100|[from]move: U-turn
|
|upkeep
|turn|19
|
|t:|1655187044
|move|p2a: Crobat|U-turn|p1a: Togekiss
|-resisted|p1a: Togekiss
|-damage|p1a: Togekiss|97/100
|
|t:|1655187045
|switch|p2a: Rotom|Rotom-Mow|100/100|[from]move: U-turn
|-damage|p2a: Rotom|88/100|[from] Stealth Rock
|move|p1a: Togekiss|Nasty Plot|p1a: Togekiss
|-boost|p1a: Togekiss|spa|2
|
|upkeep
|turn|20
|
|t:|1655187049
|move|p2a: Rotom|Trick|p1a: Togekiss
|-activate|p2a: Rotom|move: Trick|[of] p1a: Togekiss
|-item|p1a: Togekiss|Choice Scarf|[from] move: Trick
|-item|p2a: Rotom|Heavy-Duty Boots|[from] move: Trick
|move|p1a: Togekiss|Flamethrower|p2a: Rotom
|-supereffective|p2a: Rotom
|-damage|p2a: Rotom|0 fnt
|faint|p2a: Rotom
|
|upkeep
|
|t:|1655187054
|switch|p2a: Gastrodon|Gastrodon, F|71/100
|-damage|p2a: Gastrodon|65/100|[from] Stealth Rock
|turn|21
|
|t:|1655187061
|switch|p1a: Celebi|Celebi|87/100
|-damage|p1a: Celebi|74/100|[from] Stealth Rock
|move|p2a: Gastrodon|Recover|p2a: Gastrodon
|-heal|p2a: Gastrodon|100/100
|
|upkeep
|turn|22
|
|t:|1655187074
|switch|p1a: Registeel|Registeel|96/100
|-damage|p1a: Registeel|90/100|[from] Stealth Rock
|switch|p2a: Registeel|Registeel|85/100
|-damage|p2a: Registeel|79/100|[from] Stealth Rock
|
|-heal|p1a: Registeel|96/100|[from] item: Leftovers
|-heal|p2a: Registeel|85/100|[from] item: Leftovers
|upkeep
|turn|23
|
|t:|1655187078
|move|p2a: Registeel|Protect|p2a: Registeel
|-singleturn|p2a: Registeel|Protect
|move|p1a: Registeel|Seismic Toss|p2a: Registeel
|-activate|p2a: Registeel|move: Protect
|
|-heal|p1a: Registeel|100/100|[from] item: Leftovers
|-heal|p2a: Registeel|91/100|[from] item: Leftovers
|upkeep
|turn|24
|
|t:|1655187085
|switch|p2a: Toxicroak|Toxicroak, M|94/100
|-damage|p2a: Toxicroak|88/100|[from] Stealth Rock
|move|p1a: Registeel|Seismic Toss|p2a: Toxicroak
|-damage|p2a: Toxicroak|56/100
|
|upkeep
|turn|25
|j| nt73ks k
|
|t:|1655187107
|move|p2a: Toxicroak|Ice Punch|p1a: Registeel
|-resisted|p1a: Registeel
|-damage|p1a: Registeel|93/100
|move|p1a: Registeel|Seismic Toss|p2a: Toxicroak
|-damage|p2a: Toxicroak|23/100
|
|-heal|p1a: Registeel|99/100|[from] item: Leftovers
|upkeep
|turn|26
|
|t:|1655187121
|switch|p1a: Togekiss|Togekiss, M|97/100
|-damage|p1a: Togekiss|72/100|[from] Stealth Rock
|move|p2a: Toxicroak|Drain Punch|p1a: Togekiss
|-resisted|p1a: Togekiss
|-damage|p1a: Togekiss|64/100
|-heal|p2a: Toxicroak|28/100|[from] drain|[of] p1a: Togekiss
|
|upkeep
|turn|27
|
|t:|1655187131
|switch|p2a: Registeel|Registeel|91/100
|-damage|p2a: Registeel|85/100|[from] Stealth Rock
|move|p1a: Togekiss|Flamethrower|p2a: Registeel
|-supereffective|p2a: Registeel
|-damage|p2a: Registeel|58/100
|
|-heal|p2a: Registeel|64/100|[from] item: Leftovers
|upkeep
|turn|28
|
|t:|1655187136
|move|p1a: Togekiss|Flamethrower|p2a: Registeel
|-supereffective|p2a: Registeel
|-damage|p2a: Registeel|41/100
|move|p2a: Registeel|Toxic|p1a: Togekiss
|-status|p1a: Togekiss|tox
|
|-heal|p2a: Registeel|47/100|[from] item: Leftovers
|-damage|p1a: Togekiss|58/100 tox|[from] psn
|upkeep
|turn|29
|
|t:|1655187142
|switch|p1a: Registeel|Registeel|99/100
|-damage|p1a: Registeel|93/100|[from] Stealth Rock
|move|p2a: Registeel|Protect||[still]
|-fail|p2a: Registeel
|
|-heal|p1a: Registeel|99/100|[from] item: Leftovers
|-heal|p2a: Registeel|53/100|[from] item: Leftovers
|upkeep
|turn|30
|
|t:|1655187145
|move|p2a: Registeel|Protect|p2a: Registeel
|-singleturn|p2a: Registeel|Protect
|move|p1a: Registeel|Seismic Toss|p2a: Registeel
|-activate|p2a: Registeel|move: Protect
|
|-heal|p1a: Registeel|100/100|[from] item: Leftovers
|-heal|p2a: Registeel|59/100|[from] item: Leftovers
|upkeep
|turn|31
|
|t:|1655187154
|move|p1a: Registeel|Seismic Toss|p2a: Registeel
|-damage|p2a: Registeel|31/100
|move|p2a: Registeel|Seismic Toss|p1a: Registeel
|-damage|p1a: Registeel|73/100
|
|-heal|p1a: Registeel|79/100|[from] item: Leftovers
|-heal|p2a: Registeel|38/100|[from] item: Leftovers
|upkeep
|turn|32
|
|t:|1655187157
|move|p2a: Registeel|Protect|p2a: Registeel
|-singleturn|p2a: Registeel|Protect
|move|p1a: Registeel|Seismic Toss|p2a: Registeel
|-activate|p2a: Registeel|move: Protect
|
|-heal|p1a: Registeel|85/100|[from] item: Leftovers
|-heal|p2a: Registeel|44/100|[from] item: Leftovers
|upkeep
|turn|33
|l| nt73ks k
|
|t:|1655187159
|move|p1a: Registeel|Seismic Toss|p2a: Registeel
|-damage|p2a: Registeel|16/100
|move|p2a: Registeel|Seismic Toss|p1a: Registeel
|-damage|p1a: Registeel|58/100
|
|-heal|p1a: Registeel|64/100|[from] item: Leftovers
|-heal|p2a: Registeel|22/100|[from] item: Leftovers
|upkeep
|turn|34
|
|t:|1655187162
|switch|p2a: Gastrodon|Gastrodon, F|100/100
|-damage|p2a: Gastrodon|94/100|[from] Stealth Rock
|move|p1a: Registeel|Seismic Toss|p2a: Gastrodon
|-damage|p2a: Gastrodon|71/100
|-damage|p1a: Registeel|47/100|[from] item: Rocky Helmet|[of] p2a: Gastrodon
|
|-heal|p1a: Registeel|53/100|[from] item: Leftovers
|upkeep
|turn|35
|
|t:|1655187167
|move|p1a: Registeel|Toxic|p2a: Gastrodon
|-status|p2a: Gastrodon|tox
|move|p2a: Gastrodon|Earth Power|p1a: Registeel
|-supereffective|p1a: Registeel
|-damage|p1a: Registeel|20/100
|
|-heal|p1a: Registeel|26/100|[from] item: Leftovers
|-damage|p2a: Gastrodon|65/100 tox|[from] psn
|upkeep
|turn|36
|
|t:|1655187183
|switch|p1a: Celebi|Celebi|74/100
|-damage|p1a: Celebi|62/100|[from] Stealth Rock
|move|p2a: Gastrodon|Recover|p2a: Gastrodon
|-heal|p2a: Gastrodon|100/100 tox
|
|-damage|p2a: Gastrodon|88/100 tox|[from] psn
|upkeep
|turn|37
|
|t:|1655187201
|switch|p2a: Incineroar|Incineroar, F|85/100
|-damage|p2a: Incineroar|60/100|[from] Stealth Rock
|-ability|p2a: Incineroar|Intimidate|boost
|-unboost|p1a: Celebi|atk|1
|move|p1a: Celebi|Nasty Plot|p1a: Celebi
|-boost|p1a: Celebi|spa|2
|
|upkeep
|turn|38
|
|t:|1655187208
|switch|p1a: Togekiss|Togekiss, M|58/100 tox
|-damage|p1a: Togekiss|33/100 tox|[from] Stealth Rock
|move|p2a: Incineroar|Flare Blitz|p1a: Togekiss
|-damage|p1a: Togekiss|0 fnt
|faint|p1a: Togekiss
|-damage|p2a: Incineroar|50/100|[from] Recoil
|
|upkeep
|
|t:|1655187216
|switch|p1a: Raikou|Raikou|100/100
|-ability|p1a: Raikou|Pressure
|turn|39
|
|t:|1655187219
|move|p1a: Raikou|Shadow Ball|p2a: Incineroar
|-resisted|p2a: Incineroar
|-damage|p2a: Incineroar|38/100
|move|p2a: Incineroar|Knock Off|p1a: Raikou
|-damage|p1a: Raikou|42/100
|-enditem|p1a: Raikou|Heavy-Duty Boots|[from] move: Knock Off|[of] p2a: Incineroar
|
|upkeep
|turn|40
|
|t:|1655187231
|move|p1a: Raikou|Thunderbolt|p2a: Incineroar
|-damage|p2a: Incineroar|0 fnt
|faint|p2a: Incineroar
|
|upkeep
|
|t:|1655187236
|switch|p2a: Crobat|Crobat, M|96/100
|turn|41
|
|t:|1655187239
|move|p2a: Crobat|U-turn|p1a: Raikou
|-damage|p1a: Raikou|24/100
|
|t:|1655187241
|switch|p2a: Registeel|Registeel|22/100|[from]move: U-turn
|-damage|p2a: Registeel|16/100|[from] Stealth Rock
|move|p1a: Raikou|Shadow Ball|p2a: Registeel
|-damage|p2a: Registeel|3/100
|
|-heal|p2a: Registeel|9/100|[from] item: Leftovers
|upkeep
|turn|42
|
|t:|1655187246
|move|p1a: Raikou|Shadow Ball|p2a: Registeel
|-damage|p2a: Registeel|0 fnt
|faint|p2a: Registeel
|
|upkeep
|
|t:|1655187248
|switch|p2a: Crobat|Crobat, M|96/100
|turn|43
|
|t:|1655187257
|move|p2a: Crobat|U-turn|p1a: Raikou
|-damage|p1a: Raikou|3/100
|
|t:|1655187268
|switch|p2a: Gastrodon|Gastrodon, F|88/100 tox|[from]move: U-turn
|-damage|p2a: Gastrodon|82/100 tox|[from] Stealth Rock
|move|p1a: Raikou|Shadow Ball|p2a: Gastrodon
|-damage|p2a: Gastrodon|57/100 tox
|
|-damage|p2a: Gastrodon|51/100 tox|[from] psn
|upkeep
|turn|44
|
|t:|1655187273
|move|p1a: Raikou|Shadow Ball|p2a: Gastrodon
|-damage|p2a: Gastrodon|28/100 tox
|move|p2a: Gastrodon|Ice Beam|p1a: Raikou
|-damage|p1a: Raikou|0 fnt
|faint|p1a: Raikou
|
|-damage|p2a: Gastrodon|16/100 tox|[from] psn
|upkeep
|
|t:|1655187286
|switch|p1a: Celebi|Celebi|62/100
|-damage|p1a: Celebi|50/100|[from] Stealth Rock
|turn|45
|
|t:|1655187290
|move|p1a: Celebi|Recover|p1a: Celebi
|-heal|p1a: Celebi|99/100
|move|p2a: Gastrodon|Ice Beam|p1a: Celebi
|-supereffective|p1a: Celebi
|-damage|p1a: Celebi|58/100
|
|-damage|p2a: Gastrodon|0 fnt|[from] psn
|faint|p2a: Gastrodon
|upkeep
|
|t:|1655187292
|switch|p2a: Crobat|Crobat, M|96/100
|turn|46
|
|t:|1655187297
|switch|p1a: Flygon|Flygon, F|17/100
|-damage|p1a: Flygon|11/100|[from] Stealth Rock
|move|p2a: Crobat|Brave Bird|p1a: Flygon
|-damage|p1a: Flygon|0 fnt
|faint|p1a: Flygon
|-damage|p2a: Crobat|93/100|[from] Recoil
|
|upkeep
|
|t:|1655187299
|switch|p1a: Registeel|Registeel|26/100
|-damage|p1a: Registeel|20/100|[from] Stealth Rock
|turn|47
|
|t:|1655187301
|move|p2a: Crobat|Brave Bird|p1a: Registeel
|-resisted|p1a: Registeel
|-damage|p1a: Registeel|9/100
|-damage|p2a: Crobat|90/100|[from] Recoil
|move|p1a: Registeel|Seismic Toss|p2a: Crobat
|-damage|p2a: Crobat|63/100
|
|-heal|p1a: Registeel|15/100|[from] item: Leftovers
|upkeep
|turn|48
|
|t:|1655187305
|move|p2a: Crobat|Brave Bird|p1a: Registeel
|-resisted|p1a: Registeel
|-damage|p1a: Registeel|2/100
|-damage|p2a: Crobat|59/100|[from] Recoil
|move|p1a: Registeel|Seismic Toss|p2a: Crobat
|-damage|p2a: Crobat|32/100
|
|-heal|p1a: Registeel|8/100|[from] item: Leftovers
|upkeep
|turn|49
|
|t:|1655187308
|move|p2a: Crobat|Brave Bird|p1a: Registeel
|-resisted|p1a: Registeel
|-damage|p1a: Registeel|0 fnt
|faint|p1a: Registeel
|-damage|p2a: Crobat|29/100|[from] Recoil
|
|upkeep
|-message|rult61x Beral forfeited.
|
|win|RULT61D za
|raw|rult61x Beral's rating: 1590 &rarr; <strong>1571</strong><br />(-19 for losing)
|raw|RULT61D za's rating: 1612 &rarr; <strong>1631</strong><br />(+19 for winning)
|l|☆rult61x Beral
