|j|☆TurdTurn
|j|☆Tintincpajouer
|t:|1629836890
|gametype|singles
|player|p1|TurdTurn|170|1555
|player|p2|Tintincpajouer|2|1414
|teamsize|p1|6
|teamsize|p2|6
|gen|8
|tier|[Gen 8] RU
|rated|
|rule|Sleep Clause Mod: Limit one foe put to sleep
|rule|Species Clause: Limit one of each Pokémon
|rule|OHKO Clause: OHKO moves are banned
|rule|Evasion Moves Clause: Evasion moves are banned
|rule|Endless Battle Clause: Forcing endless battles is banned
|rule|HP Percentage Mod: HP is shown in percentages
|rule|Dynamax Clause: You cannot dynamax
|clearpoke
|poke|p1|Steelix, F|
|poke|p1|Pyukumuku, M|
|poke|p1|Roserade, F|
|poke|p1|Umbreon, M|
|poke|p1|Weezing-Galar, M|
|poke|p1|Reuniclus, F|
|poke|p2|Porygon-Z|
|poke|p2|Cobalion|
|poke|p2|Mimikyu, M|
|poke|p2|Shuckle, F|
|poke|p2|Xurkitree|
|poke|p2|Crobat, M|
|teampreview
|c|☆Tintincpajouer|Hf
|inactive|Battle timer is ON: inactive players will automatically lose when time's up. (requested by Tintincpajouer)
|inactive|TurdTurn has 120 seconds left.
|
|t:|1629836949
|start
|switch|p1a: Reuniclus|Reuniclus, F|100/100
|switch|p2a: Shuckle|Shuckle, F|100/100
|turn|1
|
|t:|1629836958
|move|p1a: Reuniclus|Calm Mind|p1a: Reuniclus
|-boost|p1a: Reuniclus|spa|1
|-boost|p1a: Reuniclus|spd|1
|move|p2a: Shuckle|Stealth Rock|p1a: Reuniclus
|-sidestart|p1: TurdTurn|move: Stealth Rock
|
|upkeep
|turn|2
|
|t:|1629836965
|move|p1a: Reuniclus|Calm Mind|p1a: Reuniclus
|-boost|p1a: Reuniclus|spa|1
|-boost|p1a: Reuniclus|spd|1
|move|p2a: Shuckle|Sticky Web|p1a: Reuniclus
|-sidestart|p1: TurdTurn|move: Sticky Web
|
|upkeep
|turn|3
|
|t:|1629836971
|move|p1a: Reuniclus|Iron Defense|p1a: Reuniclus
|-boost|p1a: Reuniclus|def|2
|move|p2a: Shuckle|Final Gambit|p1a: Reuniclus
|-damage|p1a: Reuniclus|43/100
|faint|p2a: Shuckle
|
|-heal|p1a: Reuniclus|49/100|[from] item: Leftovers
|upkeep
|
|t:|1629836992
|switch|p2a: Mimikyu|Mimikyu, M|100/100
|turn|4
|
|t:|1629836997
|move|p2a: Mimikyu|Swords Dance|p2a: Mimikyu
|-boost|p2a: Mimikyu|atk|2
|move|p1a: Reuniclus|Recover|p1a: Reuniclus
|-heal|p1a: Reuniclus|99/100
|
|-heal|p1a: Reuniclus|100/100|[from] item: Leftovers
|upkeep
|turn|5
|
|t:|1629837005
|move|p2a: Mimikyu|Swords Dance|p2a: Mimikyu
|-boost|p2a: Mimikyu|atk|2
|move|p1a: Reuniclus|Iron Defense|p1a: Reuniclus
|-boost|p1a: Reuniclus|def|2
|
|upkeep
|turn|6
|
|t:|1629837011
|move|p2a: Mimikyu|Swords Dance|p2a: Mimikyu
|-boost|p2a: Mimikyu|atk|2
|move|p1a: Reuniclus|Iron Defense|p1a: Reuniclus
|-boost|p1a: Reuniclus|def|2
|
|upkeep
|turn|7
|
|t:|1629837021
|move|p2a: Mimikyu|Shadow Claw|p1a: Reuniclus
|-supereffective|p1a: Reuniclus
|-damage|p1a: Reuniclus|43/100
|-damage|p2a: Mimikyu|91/100|[from] item: Life Orb
|move|p1a: Reuniclus|Stored Power|p2a: Mimikyu
|-activate|p2a: Mimikyu|ability: Disguise
|-damage|p2a: Mimikyu|91/100
|detailschange|p2a: Mimikyu|Mimikyu-Busted, M
|-damage|p2a: Mimikyu|78/100|[from] pokemon: Mimikyu-Busted
|
|-heal|p1a: Reuniclus|50/100|[from] item: Leftovers
|upkeep
|turn|8
|
|t:|1629837034
|switch|p1a: Pyukumuku|Pyukumuku, M|100/100
|-activate|p1a: Pyukumuku|move: Sticky Web
|-unboost|p1a: Pyukumuku|spe|1
|-damage|p1a: Pyukumuku|88/100|[from] Stealth Rock
|move|p2a: Mimikyu|Shadow Claw|p1a: Pyukumuku
|-damage|p1a: Pyukumuku|59/100
|-damage|p2a: Mimikyu|68/100|[from] item: Life Orb
|
|-heal|p1a: Pyukumuku|65/100|[from] item: Leftovers
|upkeep
|turn|9
|
|t:|1629837048
|switch|p2a: Xurkitree|Xurkitree|100/100
|move|p1a: Pyukumuku|Recover|p1a: Pyukumuku
|-heal|p1a: Pyukumuku|100/100
|
|upkeep
|turn|10
|
|t:|1629837058
|switch|p2a: Crobat|Crobat, M|100/100
|switch|p1a: Roserade|Roserade, F|100/100
|-damage|p1a: Roserade|88/100|[from] Stealth Rock
|-activate|p1a: Roserade|move: Sticky Web
|-unboost|p1a: Roserade|spe|1
|
|-heal|p1a: Roserade|94/100|[from] item: Black Sludge
|upkeep
|turn|11
|
|t:|1629837069
|switch|p1a: Steelix|Steelix, F|100/100
|-damage|p1a: Steelix|97/100|[from] Stealth Rock
|-activate|p1a: Steelix|move: Sticky Web
|-unboost|p1a: Steelix|spe|1
|move|p2a: Crobat|Nasty Plot|p2a: Crobat
|-boost|p2a: Crobat|spa|2
|
|-heal|p1a: Steelix|100/100|[from] item: Leftovers
|upkeep
|turn|12
|
|t:|1629837084
|move|p2a: Crobat|Nasty Plot|p2a: Crobat
|-boost|p2a: Crobat|spa|2
|move|p1a: Steelix|Heavy Slam|p2a: Crobat
|-damage|p2a: Crobat|52/100
|
|upkeep
|turn|13
|
|t:|1629837091
|move|p2a: Crobat|Heat Wave|p1a: Steelix
|-supereffective|p1a: Steelix
|-ability|p1a: Steelix|Sturdy
|-damage|p1a: Steelix|1/100
|move|p1a: Steelix|Heavy Slam|p2a: Crobat
|-damage|p2a: Crobat|4/100
|
|-heal|p1a: Steelix|7/100|[from] item: Leftovers
|upkeep
|turn|14
|
|t:|1629837103
|move|p2a: Crobat|Air Slash|p1a: Steelix
|-resisted|p1a: Steelix
|-damage|p1a: Steelix|0 fnt
|faint|p1a: Steelix
|
|upkeep
|
|t:|1629837107
|switch|p1a: Pyukumuku|Pyukumuku, M|100/100
|-activate|p1a: Pyukumuku|move: Sticky Web
|-unboost|p1a: Pyukumuku|spe|1
|-damage|p1a: Pyukumuku|88/100|[from] Stealth Rock
|turn|15
|
|t:|1629837119
|move|p2a: Crobat|Sludge Bomb|p1a: Pyukumuku
|-damage|p1a: Pyukumuku|61/100
|move|p1a: Pyukumuku|Recover|p1a: Pyukumuku
|-heal|p1a: Pyukumuku|100/100
|
|upkeep
|turn|16
|
|t:|1629837128
|switch|p2a: Xurkitree|Xurkitree|100/100
|move|p1a: Pyukumuku|Block|p2a: Xurkitree
|-activate|p2a: Xurkitree|trapped
|
|upkeep
|turn|17
|
|t:|1629837136
|switch|p1a: Roserade|Roserade, F|94/100
|-damage|p1a: Roserade|82/100|[from] Stealth Rock
|-activate|p1a: Roserade|move: Sticky Web
|-unboost|p1a: Roserade|spe|1
|move|p2a: Xurkitree|Volt Switch|p1a: Roserade
|-resisted|p1a: Roserade
|-crit|p1a: Roserade
|-damage|p1a: Roserade|55/100
|
|t:|1629837145
|switch|p2a: Porygon-Z|Porygon-Z|100/100|[from]move: Volt Switch
|
|-heal|p1a: Roserade|62/100|[from] item: Black Sludge
|upkeep
|turn|18
|
|t:|1629837154
|move|p2a: Porygon-Z|Tri Attack|p1a: Roserade
|-damage|p1a: Roserade|3/100
|move|p1a: Roserade|Synthesis|p1a: Roserade
|-heal|p1a: Roserade|53/100
|
|-heal|p1a: Roserade|59/100|[from] item: Black Sludge
|upkeep
|turn|19
|
|t:|1629837164
|switch|p1a: Umbreon|Umbreon, M|100/100
|-damage|p1a: Umbreon|88/100|[from] Stealth Rock
|-activate|p1a: Umbreon|move: Sticky Web
|-unboost|p1a: Umbreon|spe|1
|move|p2a: Porygon-Z|Tri Attack|p1a: Umbreon
|-damage|p1a: Umbreon|46/100
|
|-heal|p1a: Umbreon|53/100|[from] item: Leftovers
|upkeep
|turn|20
|
|t:|1629837175
|move|p2a: Porygon-Z|Tri Attack|p1a: Umbreon
|-damage|p1a: Umbreon|7/100
|-status|p1a: Umbreon|brn
|-activate|p1a: Umbreon|ability: Synchronize
|-status|p2a: Porygon-Z|brn
|move|p1a: Umbreon|Wish|p1a: Umbreon
|
|-heal|p1a: Umbreon|13/100 brn|[from] item: Leftovers
|-damage|p2a: Porygon-Z|94/100 brn|[from] brn
|-damage|p1a: Umbreon|7/100 brn|[from] brn
|upkeep
|turn|21
|
|t:|1629837188
|switch|p2a: Cobalion|Cobalion|100/100
|move|p1a: Umbreon|Protect||[still]
|-fail|p1a: Umbreon
|
|-heal|p1a: Umbreon|57/100 brn|[from] move: Wish|[wisher] Umbreon
|-heal|p1a: Umbreon|63/100 brn|[from] item: Leftovers
|-damage|p1a: Umbreon|57/100 brn|[from] brn
|upkeep
|turn|22
|
|t:|1629837200
|switch|p1a: Pyukumuku|Pyukumuku, M|100/100
|-activate|p1a: Pyukumuku|move: Sticky Web
|-unboost|p1a: Pyukumuku|spe|1
|-damage|p1a: Pyukumuku|88/100|[from] Stealth Rock
|move|p2a: Cobalion|Volt Switch|p1a: Pyukumuku
|-supereffective|p1a: Pyukumuku
|-damage|p1a: Pyukumuku|64/100
|
|t:|1629837209
|switch|p2a: Xurkitree|Xurkitree|100/100|[from]move: Volt Switch
|
|-heal|p1a: Pyukumuku|70/100|[from] item: Leftovers
|upkeep
|turn|23
|
|t:|1629837220
|switch|p1a: Reuniclus|Reuniclus, F|50/100
|-activate|p1a: Reuniclus|move: Sticky Web
|-unboost|p1a: Reuniclus|spe|1
|move|p2a: Xurkitree|Volt Switch|p1a: Reuniclus
|-damage|p1a: Reuniclus|5/100
|
|t:|1629837227
|switch|p2a: Mimikyu|Mimikyu-Busted, M|68/100|[from]move: Volt Switch
|
|-heal|p1a: Reuniclus|12/100|[from] item: Leftovers
|upkeep
|turn|24
|
|t:|1629837238
|switch|p2a: Xurkitree|Xurkitree|100/100
|move|p1a: Reuniclus|Recover|p1a: Reuniclus
|-heal|p1a: Reuniclus|62/100
|
|-heal|p1a: Reuniclus|68/100|[from] item: Leftovers
|upkeep
|turn|25
|
|t:|1629837258
|move|p2a: Xurkitree|Volt Switch|p1a: Reuniclus
|-damage|p1a: Reuniclus|27/100
|
|t:|1629837262
|switch|p2a: Mimikyu|Mimikyu-Busted, M|68/100|[from]move: Volt Switch
|move|p1a: Reuniclus|Recover|p1a: Reuniclus
|-heal|p1a: Reuniclus|77/100
|
|-heal|p1a: Reuniclus|83/100|[from] item: Leftovers
|upkeep
|turn|26
|
|t:|1629837273
|switch|p2a: Xurkitree|Xurkitree|100/100
|move|p1a: Reuniclus|Iron Defense|p1a: Reuniclus
|-boost|p1a: Reuniclus|def|2
|
|-heal|p1a: Reuniclus|89/100|[from] item: Leftovers
|upkeep
|turn|27
|
|t:|1629837282
|move|p2a: Xurkitree|Thunderbolt|p1a: Reuniclus
|-damage|p1a: Reuniclus|33/100
|move|p1a: Reuniclus|Recover|p1a: Reuniclus
|-heal|p1a: Reuniclus|83/100
|
|-heal|p1a: Reuniclus|89/100|[from] item: Leftovers
|upkeep
|turn|28
|
|t:|1629837290
|switch|p1a: Roserade|Roserade, F|59/100
|-activate|p1a: Roserade|move: Sticky Web
|-unboost|p1a: Roserade|spe|1
|-damage|p1a: Roserade|47/100|[from] Stealth Rock
|move|p2a: Xurkitree|Thunderbolt|p1a: Roserade
|-resisted|p1a: Roserade
|-damage|p1a: Roserade|26/100
|
|-heal|p1a: Roserade|33/100|[from] item: Black Sludge
|upkeep
|turn|29
|
|t:|1629837302
|switch|p2a: Crobat|Crobat, M|4/100
|move|p1a: Roserade|Synthesis|p1a: Roserade
|-heal|p1a: Roserade|83/100
|
|-heal|p1a: Roserade|89/100|[from] item: Black Sludge
|upkeep
|turn|30
|
|t:|1629837310
|move|p2a: Crobat|Air Slash|p1a: Roserade
|-supereffective|p1a: Roserade
|-damage|p1a: Roserade|53/100
|move|p1a: Roserade|Sludge Bomb|p2a: Crobat
|-resisted|p2a: Crobat
|-damage|p2a: Crobat|0 fnt
|faint|p2a: Crobat
|
|-heal|p1a: Roserade|59/100|[from] item: Black Sludge
|upkeep
|
|t:|1629837320
|switch|p2a: Porygon-Z|Porygon-Z|94/100 brn
|turn|31
|inactive|TurdTurn has 120 seconds left.
|
|t:|1629837352
|move|p2a: Porygon-Z|Tri Attack|p1a: Roserade
|-damage|p1a: Roserade|0 fnt
|faint|p1a: Roserade
|
|-damage|p2a: Porygon-Z|88/100 brn|[from] brn
|upkeep
|inactive|TurdTurn has 120 seconds left.
|
|t:|1629837357
|switch|p1a: Reuniclus|Reuniclus, F|89/100
|-activate|p1a: Reuniclus|move: Sticky Web
|-unboost|p1a: Reuniclus|spe|1
|turn|32
|inactive|TurdTurn has 120 seconds left.
|
|t:|1629837367
|switch|p2a: Mimikyu|Mimikyu-Busted, M|68/100
|move|p1a: Reuniclus|Calm Mind|p1a: Reuniclus
|-boost|p1a: Reuniclus|spa|1
|-boost|p1a: Reuniclus|spd|1
|
|-heal|p1a: Reuniclus|96/100|[from] item: Leftovers
|upkeep
|turn|33
|
|t:|1629837375
|move|p2a: Mimikyu|Swords Dance|p2a: Mimikyu
|-boost|p2a: Mimikyu|atk|2
|move|p1a: Reuniclus|Iron Defense|p1a: Reuniclus
|-boost|p1a: Reuniclus|def|2
|
|-heal|p1a: Reuniclus|100/100|[from] item: Leftovers
|upkeep
|turn|34
|
|t:|1629837384
|move|p2a: Mimikyu|Swords Dance|p2a: Mimikyu
|-boost|p2a: Mimikyu|atk|2
|move|p1a: Reuniclus|Iron Defense|p1a: Reuniclus
|-boost|p1a: Reuniclus|def|2
|
|upkeep
|turn|35
|inactive|TurdTurn has 120 seconds left.
|
|t:|1629837414
|move|p2a: Mimikyu|Shadow Claw|p1a: Reuniclus
|-supereffective|p1a: Reuniclus
|-damage|p1a: Reuniclus|46/100
|-damage|p2a: Mimikyu|58/100|[from] item: Life Orb
|move|p1a: Reuniclus|Stored Power|p2a: Mimikyu
|-damage|p2a: Mimikyu|0 fnt
|faint|p2a: Mimikyu
|
|-heal|p1a: Reuniclus|53/100|[from] item: Leftovers
|upkeep
|
|t:|1629837425
|switch|p2a: Porygon-Z|Porygon-Z|88/100 brn
|turn|36
|
|t:|1629837429
|move|p2a: Porygon-Z|Trick|p1a: Reuniclus
|-activate|p2a: Porygon-Z|move: Trick|[of] p1a: Reuniclus
|-item|p1a: Reuniclus|Choice Specs|[from] move: Trick
|-item|p2a: Porygon-Z|Leftovers|[from] move: Trick
|move|p1a: Reuniclus|Recover|p1a: Reuniclus
|-heal|p1a: Reuniclus|100/100
|
|-heal|p2a: Porygon-Z|94/100 brn|[from] item: Leftovers
|-damage|p2a: Porygon-Z|88/100 brn|[from] brn
|upkeep
|turn|37
|
|t:|1629837446
|switch|p1a: Weezing|Weezing-Galar, M|100/100
|-damage|p1a: Weezing|88/100|[from] Stealth Rock
|move|p2a: Porygon-Z|Tri Attack|p1a: Weezing
|-damage|p1a: Weezing|16/100
|
|-heal|p2a: Porygon-Z|94/100 brn|[from] item: Leftovers
|-heal|p1a: Weezing|22/100|[from] item: Black Sludge
|-damage|p2a: Porygon-Z|88/100 brn|[from] brn
|upkeep
|turn|38
|
|t:|1629837458
|move|p2a: Porygon-Z|Tri Attack|p1a: Weezing
|-damage|p1a: Weezing|0 fnt
|faint|p1a: Weezing
|
|-heal|p2a: Porygon-Z|94/100 brn|[from] item: Leftovers
|-damage|p2a: Porygon-Z|88/100 brn|[from] brn
|upkeep
|
|t:|1629837460
|switch|p1a: Umbreon|Umbreon, M|57/100 brn
|-activate|p1a: Umbreon|move: Sticky Web
|-unboost|p1a: Umbreon|spe|1
|-damage|p1a: Umbreon|45/100 brn|[from] Stealth Rock
|turn|39
|
|t:|1629837471
|move|p2a: Porygon-Z|Tri Attack|p1a: Umbreon
|-damage|p1a: Umbreon|15/100 brn
|move|p1a: Umbreon|Wish|p1a: Umbreon
|
|-heal|p2a: Porygon-Z|94/100 brn|[from] item: Leftovers
|-heal|p1a: Umbreon|22/100 brn|[from] item: Leftovers
|-damage|p2a: Porygon-Z|88/100 brn|[from] brn
|-damage|p1a: Umbreon|15/100 brn|[from] brn
|upkeep
|turn|40
|
|t:|1629837482
|move|p2a: Porygon-Z|Tri Attack|p1a: Umbreon
|-damage|p1a: Umbreon|0 fnt
|faint|p1a: Umbreon
|
|-heal|p2a: Porygon-Z|94/100 brn|[from] item: Leftovers
|-damage|p2a: Porygon-Z|88/100 brn|[from] brn
|upkeep
|c|☆TurdTurn|noob
|-message|TurdTurn forfeited.
|
|win|Tintincpajouer
|l|☆TurdTurn
|raw|TurdTurn's rating: 1555 &rarr; <strong>1527</strong><br />(-28 for losing)
|raw|Tintincpajouer's rating: 1415 &rarr; <strong>1443</strong><br />(+28 for winning)
|c|☆Tintincpajouer|Yes thanks
