|j|☆bebo7788
|j|☆FE6 Fir
|player|p1|bebo7788|101|1676
|player|p2|FE6 Fir|swimmerf|1360
|teamsize|p1|6
|teamsize|p2|6
|gametype|singles
|gen|8
|tier|[Gen 8] RU
|rated|
|clearpoke
|poke|p1|Silvally-*|
|poke|p1|Sigilyph, M|
|poke|p1|Passimian, F|
|poke|p1|Vaporeon, M|
|poke|p1|Vileplume, M|
|poke|p1|Gigalith, M|
|poke|p2|Sableye, F|
|poke|p2|Gigalith, M|
|poke|p2|Vileplume, M|
|poke|p2|Vaporeon, F|
|poke|p2|Xatu, F|
|poke|p2|Salazzle, F|
|rule|Sleep Clause Mod: Limit one foe put to sleep
|rule|Species Clause: Limit one of each Pokémon
|rule|OHKO Clause: OHKO moves are banned
|rule|Evasion Moves Clause: Evasion moves are banned
|rule|Endless Battle Clause: Forcing endless battles is banned
|rule|HP Percentage Mod: HP is shown in percentages
|rule|Dynamax Clause: You cannot dynamax
|teampreview
|c|☆bebo7788|hf
|c|☆bebo7788|why does
|c|☆bebo7788|this look like some
|c|☆bebo7788|bad stall
|c|☆bebo7788|hf
|c|☆FE6 Fir|it peaked #4 in ladder
|c|☆bebo7788|and im
|c|☆bebo7788|#1 on ladder
|c|☆FE6 Fir|congrats tell someone who cares
|c|☆bebo7788|i was telling myself tard
|
|start
|switch|p1a: Gigalith|Gigalith, M|100/100
|switch|p2a: Vaporeon|Vaporeon, F|100/100
|-weather|Sandstorm|[from] ability: Sand Stream|[of] p1a: Gigalith
|turn|1
|
|move|p2a: Vaporeon|Scald|p1a: Gigalith
|-supereffective|p1a: Gigalith
|-damage|p1a: Gigalith|65/100
|move|p1a: Gigalith|Stealth Rock|p2a: Vaporeon
|-sidestart|p2: FE6 Fir|move: Stealth Rock
|
|-weather|Sandstorm|[upkeep]
|-damage|p2a: Vaporeon|94/100|[from] Sandstorm
|-heal|p2a: Vaporeon|100/100|[from] item: Leftovers
|-heal|p1a: Gigalith|71/100|[from] item: Leftovers
|upkeep
|turn|2
|
|move|p1a: Gigalith|Protect|p1a: Gigalith
|-singleturn|p1a: Gigalith|Protect
|move|p2a: Vaporeon|Scald|p1a: Gigalith
|-activate|p1a: Gigalith|move: Protect
|
|-weather|Sandstorm|[upkeep]
|-damage|p2a: Vaporeon|94/100|[from] Sandstorm
|-heal|p2a: Vaporeon|100/100|[from] item: Leftovers
|-heal|p1a: Gigalith|78/100|[from] item: Leftovers
|upkeep
|turn|3
|
|switch|p1a: Vaporeon|Vaporeon, M|100/100
|move|p2a: Vaporeon|Wish|p2a: Vaporeon
|
|-weather|Sandstorm|[upkeep]
|-damage|p1a: Vaporeon|94/100|[from] Sandstorm
|-damage|p2a: Vaporeon|94/100|[from] Sandstorm
|-heal|p1a: Vaporeon|100/100|[from] item: Leftovers
|-heal|p2a: Vaporeon|100/100|[from] item: Leftovers
|upkeep
|turn|4
|
|switch|p2a: Sableye|Sableye, F|100/100
|-damage|p2a: Sableye|88/100|[from] Stealth Rock
|move|p1a: Vaporeon|Scald|p2a: Sableye
|-damage|p2a: Sableye|51/100
|
|-weather|Sandstorm|[upkeep]
|-damage|p1a: Vaporeon|94/100|[from] Sandstorm
|-damage|p2a: Sableye|45/100|[from] Sandstorm
|-heal|p2a: Sableye|100/100|[from] move: Wish|[wisher] Vaporeon
|-heal|p1a: Vaporeon|100/100|[from] item: Leftovers
|upkeep
|turn|5
|
|move|p1a: Vaporeon|Scald|p2a: Sableye
|-damage|p2a: Sableye|65/100
|move|p2a: Sableye|Knock Off|p1a: Vaporeon
|-damage|p1a: Vaporeon|82/100
|-enditem|p1a: Vaporeon|Leftovers|[from] move: Knock Off|[of] p2a: Sableye
|
|-weather|none
|-heal|p2a: Sableye|71/100|[from] item: Leftovers
|upkeep
|turn|6
|
|move|p2a: Sableye|Will-O-Wisp|p1a: Vaporeon
|-status|p1a: Vaporeon|brn
|move|p1a: Vaporeon|Scald|p2a: Sableye
|-damage|p2a: Sableye|39/100
|
|-heal|p2a: Sableye|45/100|[from] item: Leftovers
|-damage|p1a: Vaporeon|76/100 brn|[from] brn
|upkeep
|turn|7
|
|move|p2a: Sableye|Recover|p2a: Sableye
|-heal|p2a: Sableye|95/100
|move|p1a: Vaporeon|Scald|p2a: Sableye
|-damage|p2a: Sableye|61/100
|
|-heal|p2a: Sableye|67/100|[from] item: Leftovers
|-damage|p1a: Vaporeon|70/100 brn|[from] brn
|upkeep
|turn|8
|
|switch|p2a: Vaporeon|Vaporeon, F|100/100
|-damage|p2a: Vaporeon|88/100|[from] Stealth Rock
|move|p1a: Vaporeon|Wish|p1a: Vaporeon
|
|-heal|p2a: Vaporeon|94/100|[from] item: Leftovers
|-damage|p1a: Vaporeon|64/100 brn|[from] brn
|upkeep
|turn|9
|
|move|p1a: Vaporeon|Protect|p1a: Vaporeon
|-singleturn|p1a: Vaporeon|Protect
|move|p2a: Vaporeon|Wish|p2a: Vaporeon
|
|-heal|p1a: Vaporeon|100/100 brn|[from] move: Wish|[wisher] Vaporeon
|-heal|p2a: Vaporeon|99/100|[from] item: Leftovers
|-damage|p1a: Vaporeon|94/100 brn|[from] brn
|upkeep
|turn|10
|
|switch|p2a: Sableye|Sableye, F|67/100
|-damage|p2a: Sableye|55/100|[from] Stealth Rock
|move|p1a: Vaporeon|Scald|p2a: Sableye
|-crit|p2a: Sableye
|-damage|p2a: Sableye|3/100
|-status|p2a: Sableye|brn
|
|-heal|p2a: Sableye|79/100 brn|[from] move: Wish|[wisher] Vaporeon
|-heal|p2a: Sableye|86/100 brn|[from] item: Leftovers
|-damage|p1a: Vaporeon|88/100 brn|[from] brn
|-damage|p2a: Sableye|79/100 brn|[from] brn
|upkeep
|turn|11
|
|switch|p2a: Vaporeon|Vaporeon, F|99/100
|-damage|p2a: Vaporeon|88/100|[from] Stealth Rock
|move|p1a: Vaporeon|Scald|p2a: Vaporeon
|-heal|p2a: Vaporeon|100/100|[from] ability: Water Absorb|[of] p1a: Vaporeon
|
|-damage|p1a: Vaporeon|82/100 brn|[from] brn
|upkeep
|turn|12
|
|switch|p1a: Sigilyph|Sigilyph, M|100/100
|move|p2a: Vaporeon|Wish|p2a: Vaporeon
|
|upkeep
|turn|13
|
|switch|p1a: Passimian|Passimian, F|100/100
|switch|p2a: Sableye|Sableye, F|79/100 brn
|-damage|p2a: Sableye|67/100 brn|[from] Stealth Rock
|
|-heal|p2a: Sableye|100/100 brn|[from] move: Wish|[wisher] Vaporeon
|-damage|p2a: Sableye|94/100 brn|[from] brn
|upkeep
|turn|14
|
|switch|p1a: Vaporeon|Vaporeon, M|82/100 brn
|move|p2a: Sableye|Will-O-Wisp|p1a: Vaporeon
|-fail|p1a: Vaporeon|brn
|
|-heal|p2a: Sableye|100/100 brn|[from] item: Leftovers
|-damage|p1a: Vaporeon|76/100 brn|[from] brn
|-damage|p2a: Sableye|94/100 brn|[from] brn
|upkeep
|turn|15
|
|switch|p2a: Vaporeon|Vaporeon, F|100/100
|-damage|p2a: Vaporeon|88/100|[from] Stealth Rock
|move|p1a: Vaporeon|Scald|p2a: Vaporeon
|-heal|p2a: Vaporeon|100/100|[from] ability: Water Absorb|[of] p1a: Vaporeon
|
|-damage|p1a: Vaporeon|70/100 brn|[from] brn
|upkeep
|turn|16
|
|switch|p1a: Sigilyph|Sigilyph, M|100/100
|move|p2a: Vaporeon|Wish|p2a: Vaporeon
|
|upkeep
|turn|17
|
|switch|p2a: Gigalith|Gigalith, M|100/100
|-damage|p2a: Gigalith|88/100|[from] Stealth Rock
|-weather|Sandstorm|[from] ability: Sand Stream|[of] p2a: Gigalith
|move|p1a: Sigilyph|Calm Mind|p1a: Sigilyph
|-boost|p1a: Sigilyph|spa|1
|-boost|p1a: Sigilyph|spd|1
|
|-weather|Sandstorm|[upkeep]
|-heal|p2a: Gigalith|100/100|[from] move: Wish|[wisher] Vaporeon
|upkeep
|turn|18
|
|switch|p1a: Silvally|Silvally-Steel|100/100
|move|p2a: Gigalith|Rock Blast|p1a: Silvally
|-resisted|p1a: Silvally
|-damage|p1a: Silvally|95/100
|-resisted|p1a: Silvally
|-damage|p1a: Silvally|89/100
|-hitcount|p1a: Silvally|2
|
|-weather|Sandstorm|[upkeep]
|upkeep
|turn|19
|
|switch|p2a: Salazzle|Salazzle, F|100/100
|move|p1a: Silvally|Swords Dance|p1a: Silvally
|-boost|p1a: Silvally|atk|2
|
|-weather|Sandstorm|[upkeep]
|-damage|p2a: Salazzle|94/100|[from] Sandstorm
|upkeep
|turn|20
|
|switch|p1a: Gigalith|Gigalith, M|78/100
|move|p2a: Salazzle|Flamethrower|p1a: Gigalith
|-resisted|p1a: Gigalith
|-damage|p1a: Gigalith|68/100
|
|-weather|Sandstorm|[upkeep]
|-damage|p2a: Salazzle|88/100|[from] Sandstorm
|-heal|p1a: Gigalith|74/100|[from] item: Leftovers
|upkeep
|turn|21
|inactive|Battle timer is ON: inactive players will automatically lose when time's up. (requested by bebo7788)
|
|switch|p2a: Gigalith|Gigalith, M|100/100
|-damage|p2a: Gigalith|88/100|[from] Stealth Rock
|move|p1a: Gigalith|Rock Blast|p2a: Gigalith
|-damage|p2a: Gigalith|82/100
|-damage|p2a: Gigalith|75/100
|-damage|p2a: Gigalith|69/100
|-damage|p2a: Gigalith|62/100
|-hitcount|p2a: Gigalith|4
|
|-weather|none
|-heal|p1a: Gigalith|80/100|[from] item: Leftovers
|-heal|p2a: Gigalith|68/100|[from] item: Leftovers
|upkeep
|turn|22
|
|move|p1a: Gigalith|Body Press|p2a: Gigalith
|-supereffective|p2a: Gigalith
|-damage|p2a: Gigalith|39/100
|move|p2a: Gigalith|Stealth Rock|p1a: Gigalith
|-sidestart|p1: bebo7788|move: Stealth Rock
|
|-heal|p1a: Gigalith|86/100|[from] item: Leftovers
|-heal|p2a: Gigalith|45/100|[from] item: Leftovers
|upkeep
|turn|23
|
|switch|p1a: Silvally|Silvally-Steel|89/100
|-damage|p1a: Silvally|83/100|[from] Stealth Rock
|move|p2a: Gigalith|Protect||[still]
|-fail|p2a: Gigalith
|
|-heal|p2a: Gigalith|51/100|[from] item: Leftovers
|upkeep
|turn|24
|
|switch|p2a: Vaporeon|Vaporeon, F|100/100
|-damage|p2a: Vaporeon|88/100|[from] Stealth Rock
|move|p1a: Silvally|Multi-Attack|p2a: Vaporeon
|-resisted|p2a: Vaporeon
|-damage|p2a: Vaporeon|60/100
|
|-heal|p2a: Vaporeon|66/100|[from] item: Leftovers
|upkeep
|turn|25
|
|move|p1a: Silvally|U-turn|p2a: Vaporeon
|-damage|p2a: Vaporeon|43/100
|
|switch|p1a: Passimian|Passimian, F|100/100|[from]move: U-turn
|-damage|p1a: Passimian|94/100|[from] Stealth Rock
|move|p2a: Vaporeon|Wish|p2a: Vaporeon
|
|-heal|p2a: Vaporeon|49/100|[from] item: Leftovers
|upkeep
|turn|26
|j| Tapu_Fume
|
|move|p2a: Vaporeon|Protect|p2a: Vaporeon
|-singleturn|p2a: Vaporeon|Protect
|move|p1a: Passimian|Knock Off|p2a: Vaporeon
|-activate|p2a: Vaporeon|move: Protect
|
|-heal|p2a: Vaporeon|99/100|[from] move: Wish|[wisher] Vaporeon
|-heal|p2a: Vaporeon|100/100|[from] item: Leftovers
|upkeep
|turn|27
|
|move|p1a: Passimian|Knock Off|p2a: Vaporeon
|-damage|p2a: Vaporeon|64/100
|-enditem|p2a: Vaporeon|Leftovers|[from] move: Knock Off|[of] p1a: Passimian
|move|p2a: Vaporeon|Scald|p1a: Passimian
|-damage|p1a: Passimian|49/100
|
|upkeep
|turn|28
|
|move|p1a: Passimian|Knock Off|p2a: Vaporeon
|-damage|p2a: Vaporeon|40/100
|move|p2a: Vaporeon|Wish|p2a: Vaporeon
|
|upkeep
|turn|29
|
|switch|p1a: Vaporeon|Vaporeon, M|70/100 brn
|-damage|p1a: Vaporeon|58/100 brn|[from] Stealth Rock
|move|p2a: Vaporeon|Scald|p1a: Vaporeon
|-heal|p1a: Vaporeon|83/100 brn|[from] ability: Water Absorb|[of] p2a: Vaporeon
|
|-heal|p2a: Vaporeon|90/100|[from] move: Wish|[wisher] Vaporeon
|-damage|p1a: Vaporeon|77/100 brn|[from] brn
|upkeep
|turn|30
|
|move|p1a: Vaporeon|Ice Beam|p2a: Vaporeon
|-resisted|p2a: Vaporeon
|-damage|p2a: Vaporeon|83/100
|move|p2a: Vaporeon|Wish|p2a: Vaporeon
|
|-damage|p1a: Vaporeon|70/100 brn|[from] brn
|upkeep
|turn|31
|
|switch|p2a: Xatu|Xatu, F|100/100
|-damage|p2a: Xatu|76/100|[from] Stealth Rock
|move|p1a: Vaporeon|Scald|p2a: Xatu
|-damage|p2a: Xatu|33/100
|
|-heal|p2a: Xatu|100/100|[from] move: Wish|[wisher] Vaporeon
|-damage|p1a: Vaporeon|64/100 brn|[from] brn
|upkeep
|turn|32
|
|move|p2a: Xatu|Psychic|p1a: Vaporeon
|-damage|p1a: Vaporeon|43/100 brn
|move|p1a: Vaporeon|Wish|p1a: Vaporeon
|
|-damage|p1a: Vaporeon|37/100 brn|[from] brn
|upkeep
|turn|33
|
|move|p2a: Xatu|U-turn|p1a: Vaporeon
|-crit|p1a: Vaporeon
|-damage|p1a: Vaporeon|25/100 brn
|
|switch|p2a: Vaporeon|Vaporeon, F|83/100|[from]move: U-turn
|-damage|p2a: Vaporeon|71/100|[from] Stealth Rock
|move|p1a: Vaporeon|Ice Beam|p2a: Vaporeon
|-resisted|p2a: Vaporeon
|-damage|p2a: Vaporeon|65/100
|-status|p2a: Vaporeon|frz
|
|-heal|p1a: Vaporeon|75/100 brn|[from] move: Wish|[wisher] Vaporeon
|-damage|p1a: Vaporeon|69/100 brn|[from] brn
|upkeep
|turn|34
|
|move|p1a: Vaporeon|Wish|p1a: Vaporeon
|-curestatus|p2a: Vaporeon|frz|[from] move: Scald
|move|p2a: Vaporeon|Scald|p1a: Vaporeon
|-heal|p1a: Vaporeon|94/100 brn|[from] ability: Water Absorb|[of] p2a: Vaporeon
|
|-damage|p1a: Vaporeon|88/100 brn|[from] brn
|upkeep
|turn|35
|
|move|p1a: Vaporeon|Ice Beam|p2a: Vaporeon
|-resisted|p2a: Vaporeon
|-damage|p2a: Vaporeon|59/100
|move|p2a: Vaporeon|Scald|p1a: Vaporeon
|-heal|p1a: Vaporeon|100/100 brn|[from] ability: Water Absorb|[of] p2a: Vaporeon
|
|-damage|p1a: Vaporeon|94/100 brn|[from] brn
|upkeep
|turn|36
|
|move|p1a: Vaporeon|Ice Beam|p2a: Vaporeon
|-resisted|p2a: Vaporeon
|-damage|p2a: Vaporeon|53/100
|move|p2a: Vaporeon|Wish|p2a: Vaporeon
|
|-damage|p1a: Vaporeon|88/100 brn|[from] brn
|upkeep
|turn|37
|
|move|p1a: Vaporeon|Scald|p2a: Vaporeon
|-heal|p2a: Vaporeon|77/100|[from] ability: Water Absorb|[of] p1a: Vaporeon
|move|p2a: Vaporeon|Haze|p2a: Vaporeon
|-clearallboost
|
|-heal|p2a: Vaporeon|100/100|[from] move: Wish|[wisher] Vaporeon
|-damage|p1a: Vaporeon|82/100 brn|[from] brn
|upkeep
|turn|38
|
|move|p1a: Vaporeon|Ice Beam|p2a: Vaporeon
|-resisted|p2a: Vaporeon
|-damage|p2a: Vaporeon|94/100
|move|p2a: Vaporeon|Haze|p2a: Vaporeon
|-clearallboost
|
|-damage|p1a: Vaporeon|76/100 brn|[from] brn
|upkeep
|turn|39
|
|move|p1a: Vaporeon|Ice Beam|p2a: Vaporeon
|-resisted|p2a: Vaporeon
|-crit|p2a: Vaporeon
|-damage|p2a: Vaporeon|84/100
|move|p2a: Vaporeon|Haze|p2a: Vaporeon
|-clearallboost
|
|-damage|p1a: Vaporeon|70/100 brn|[from] brn
|upkeep
|turn|40
|
|move|p1a: Vaporeon|Ice Beam|p2a: Vaporeon
|-resisted|p2a: Vaporeon
|-damage|p2a: Vaporeon|77/100
|move|p2a: Vaporeon|Haze|p2a: Vaporeon
|-clearallboost
|
|-damage|p1a: Vaporeon|64/100 brn|[from] brn
|upkeep
|turn|41
|
|move|p1a: Vaporeon|Ice Beam|p2a: Vaporeon
|-resisted|p2a: Vaporeon
|-damage|p2a: Vaporeon|71/100
|move|p2a: Vaporeon|Haze|p2a: Vaporeon
|-clearallboost
|
|-damage|p1a: Vaporeon|58/100 brn|[from] brn
|upkeep
|turn|42
|
|move|p1a: Vaporeon|Wish|p1a: Vaporeon
|move|p2a: Vaporeon|Haze|p2a: Vaporeon
|-clearallboost
|
|-damage|p1a: Vaporeon|52/100 brn|[from] brn
|upkeep
|turn|43
|
|move|p1a: Vaporeon|Ice Beam|p2a: Vaporeon
|-resisted|p2a: Vaporeon
|-damage|p2a: Vaporeon|65/100
|move|p2a: Vaporeon|Scald|p1a: Vaporeon
|-heal|p1a: Vaporeon|77/100 brn|[from] ability: Water Absorb|[of] p2a: Vaporeon
|
|-heal|p1a: Vaporeon|100/100 brn|[from] move: Wish|[wisher] Vaporeon
|-damage|p1a: Vaporeon|94/100 brn|[from] brn
|upkeep
|turn|44
|
|switch|p1a: Sigilyph|Sigilyph, M|100/100
|move|p2a: Vaporeon|Haze|p2a: Vaporeon
|-clearallboost
|
|upkeep
|turn|45
|
|switch|p2a: Sableye|Sableye, F|94/100 brn
|-damage|p2a: Sableye|82/100 brn|[from] Stealth Rock
|move|p1a: Sigilyph|Psyshock|p2a: Sableye
|-immune|p2a: Sableye
|
|-heal|p2a: Sableye|88/100 brn|[from] item: Leftovers
|-damage|p2a: Sableye|82/100 brn|[from] brn
|upkeep
|turn|46
|
|switch|p1a: Vaporeon|Vaporeon, M|94/100 brn
|-damage|p1a: Vaporeon|82/100 brn|[from] Stealth Rock
|move|p2a: Sableye|Knock Off|p1a: Vaporeon
|-damage|p1a: Vaporeon|75/100 brn
|
|-heal|p2a: Sableye|88/100 brn|[from] item: Leftovers
|-damage|p1a: Vaporeon|69/100 brn|[from] brn
|-damage|p2a: Sableye|82/100 brn|[from] brn
|upkeep
|turn|47
|
|move|p2a: Sableye|Recover|p2a: Sableye
|-heal|p2a: Sableye|100/100 brn
|move|p1a: Vaporeon|Ice Beam|p2a: Sableye
|-damage|p2a: Sableye|76/100 brn
|
|-heal|p2a: Sableye|83/100 brn|[from] item: Leftovers
|-damage|p1a: Vaporeon|63/100 brn|[from] brn
|-damage|p2a: Sableye|76/100 brn|[from] brn
|upkeep
|turn|48
|
|move|p2a: Sableye|Encore|p1a: Vaporeon
|-start|p1a: Vaporeon|Encore
|move|p1a: Vaporeon|Ice Beam|p2a: Sableye
|-damage|p2a: Sableye|50/100 brn
|
|-heal|p2a: Sableye|57/100 brn|[from] item: Leftovers
|-damage|p1a: Vaporeon|57/100 brn|[from] brn
|-damage|p2a: Sableye|50/100 brn|[from] brn
|upkeep
|turn|49
|
|move|p2a: Sableye|Recover|p2a: Sableye
|-heal|p2a: Sableye|100/100 brn
|move|p1a: Vaporeon|Ice Beam|p2a: Sableye
|-damage|p2a: Sableye|75/100 brn
|
|-heal|p2a: Sableye|81/100 brn|[from] item: Leftovers
|-damage|p1a: Vaporeon|51/100 brn|[from] brn
|-damage|p2a: Sableye|75/100 brn|[from] brn
|upkeep
|turn|50
|
|switch|p1a: Vileplume|Vileplume, M|100/100
|-damage|p1a: Vileplume|88/100|[from] Stealth Rock
|move|p2a: Sableye|Knock Off|p1a: Vileplume
|-damage|p1a: Vileplume|77/100
|-enditem|p1a: Vileplume|Black Sludge|[from] move: Knock Off|[of] p2a: Sableye
|
|-heal|p2a: Sableye|81/100 brn|[from] item: Leftovers
|-damage|p2a: Sableye|75/100 brn|[from] brn
|upkeep
|turn|51
|
|move|p2a: Sableye|Will-O-Wisp|p1a: Vileplume
|-status|p1a: Vileplume|brn
|move|p1a: Vileplume|Sludge Bomb|p2a: Sableye
|-resisted|p2a: Sableye
|-damage|p2a: Sableye|56/100 brn
|
|-heal|p2a: Sableye|63/100 brn|[from] item: Leftovers
|-damage|p1a: Vileplume|71/100 brn|[from] brn
|-damage|p2a: Sableye|56/100 brn|[from] brn
|upkeep
|turn|52
|j| YourWisdomTooth
|
|move|p1a: Vileplume|Giga Drain|p2a: Sableye
|-damage|p2a: Sableye|26/100 brn
|-heal|p1a: Vileplume|84/100 brn|[from] drain|[of] p2a: Sableye
|move|p2a: Sableye|Knock Off|p1a: Vileplume
|-damage|p1a: Vileplume|78/100 brn
|
|-heal|p2a: Sableye|33/100 brn|[from] item: Leftovers
|-damage|p1a: Vileplume|71/100 brn|[from] brn
|-damage|p2a: Sableye|26/100 brn|[from] brn
|upkeep
|turn|53
|
|move|p2a: Sableye|Recover|p2a: Sableye
|-heal|p2a: Sableye|76/100 brn
|move|p1a: Vileplume|Sludge Bomb|p2a: Sableye
|-resisted|p2a: Sableye
|-damage|p2a: Sableye|56/100 brn
|
|-heal|p2a: Sableye|62/100 brn|[from] item: Leftovers
|-damage|p1a: Vileplume|65/100 brn|[from] brn
|-damage|p2a: Sableye|56/100 brn|[from] brn
|upkeep
|turn|54
|
|move|p2a: Sableye|Recover|p2a: Sableye
|-heal|p2a: Sableye|100/100 brn
|move|p1a: Vileplume|Giga Drain|p2a: Sableye
|-damage|p2a: Sableye|68/100 brn
|-heal|p1a: Vileplume|79/100 brn|[from] drain|[of] p2a: Sableye
|
|-heal|p2a: Sableye|74/100 brn|[from] item: Leftovers
|-damage|p1a: Vileplume|73/100 brn|[from] brn
|-damage|p2a: Sableye|68/100 brn|[from] brn
|upkeep
|turn|55
|
|switch|p2a: Xatu|Xatu, F|100/100
|-damage|p2a: Xatu|76/100|[from] Stealth Rock
|move|p1a: Vileplume|Sludge Bomb|p2a: Xatu
|-damage|p2a: Xatu|33/100
|
|-damage|p1a: Vileplume|67/100 brn|[from] brn
|upkeep
|turn|56
|
|move|p2a: Xatu|Roost|p2a: Xatu
|-heal|p2a: Xatu|83/100
|-singleturn|p2a: Xatu|move: Roost
|move|p1a: Vileplume|Sludge Bomb|p2a: Xatu
|-damage|p2a: Xatu|36/100
|
|-damage|p1a: Vileplume|61/100 brn|[from] brn
|upkeep
|turn|57
|
|switch|p1a: Silvally|Silvally-Steel|83/100
|-damage|p1a: Silvally|77/100|[from] Stealth Rock
|move|p2a: Xatu|Roost|p2a: Xatu
|-heal|p2a: Xatu|86/100
|-singleturn|p2a: Xatu|move: Roost
|
|upkeep
|turn|58
|
|switch|p2a: Salazzle|Salazzle, F|88/100
|move|p1a: Silvally|Multi-Attack|p2a: Salazzle
|-resisted|p2a: Salazzle
|-damage|p2a: Salazzle|51/100
|
|upkeep
|turn|59
|
|switch|p2a: Vileplume|Vileplume, M|100/100
|-damage|p2a: Vileplume|88/100|[from] Stealth Rock
|switch|p1a: Gigalith|Gigalith, M|86/100
|-damage|p1a: Gigalith|74/100|[from] Stealth Rock
|-weather|Sandstorm|[from] ability: Sand Stream|[of] p1a: Gigalith
|
|-weather|Sandstorm|[upkeep]
|-damage|p2a: Vileplume|82/100|[from] Sandstorm
|-heal|p2a: Vileplume|88/100|[from] item: Black Sludge
|-heal|p1a: Gigalith|80/100|[from] item: Leftovers
|upkeep
|turn|60
|l| YourWisdomTooth
|
|switch|p1a: Sigilyph|Sigilyph, M|100/100
|move|p2a: Vileplume|Giga Drain|p1a: Sigilyph
|-resisted|p1a: Sigilyph
|-damage|p1a: Sigilyph|79/100
|-heal|p2a: Vileplume|97/100|[from] drain|[of] p1a: Sigilyph
|
|-weather|Sandstorm|[upkeep]
|-damage|p2a: Vileplume|90/100|[from] Sandstorm
|-heal|p2a: Vileplume|97/100|[from] item: Black Sludge
|upkeep
|turn|61
|
|switch|p2a: Sableye|Sableye, F|68/100 brn
|-damage|p2a: Sableye|55/100 brn|[from] Stealth Rock
|move|p1a: Sigilyph|Calm Mind|p1a: Sigilyph
|-boost|p1a: Sigilyph|spa|1
|-boost|p1a: Sigilyph|spd|1
|
|-weather|Sandstorm|[upkeep]
|-damage|p2a: Sableye|49/100 brn|[from] Sandstorm
|-heal|p2a: Sableye|55/100 brn|[from] item: Leftovers
|-damage|p2a: Sableye|49/100 brn|[from] brn
|upkeep
|turn|62
|
|move|p2a: Sableye|Encore|p1a: Sigilyph
|-start|p1a: Sigilyph|Encore
|move|p1a: Sigilyph|Calm Mind|p1a: Sigilyph
|-boost|p1a: Sigilyph|spa|1
|-boost|p1a: Sigilyph|spd|1
|
|-weather|Sandstorm|[upkeep]
|-damage|p2a: Sableye|43/100 brn|[from] Sandstorm
|-heal|p2a: Sableye|49/100 brn|[from] item: Leftovers
|-damage|p2a: Sableye|43/100 brn|[from] brn
|upkeep
|turn|63
|
|switch|p1a: Vileplume|Vileplume, M|61/100 brn
|-damage|p1a: Vileplume|48/100 brn|[from] Stealth Rock
|move|p2a: Sableye|Recover|p2a: Sableye
|-heal|p2a: Sableye|93/100 brn
|
|-weather|none
|-heal|p2a: Sableye|99/100 brn|[from] item: Leftovers
|-damage|p1a: Vileplume|42/100 brn|[from] brn
|-damage|p2a: Sableye|93/100 brn|[from] brn
|upkeep
|turn|64
|
|switch|p2a: Vileplume|Vileplume, M|97/100
|-damage|p2a: Vileplume|84/100|[from] Stealth Rock
|move|p1a: Vileplume|Strength Sap|p2a: Vileplume
|-unboost|p2a: Vileplume|atk|1
|-heal|p1a: Vileplume|84/100 brn
|
|-heal|p2a: Vileplume|90/100|[from] item: Black Sludge
|-damage|p1a: Vileplume|78/100 brn|[from] brn
|upkeep
|turn|65
|
|switch|p1a: Silvally|Silvally-Steel|77/100
|-damage|p1a: Silvally|71/100|[from] Stealth Rock
|move|p2a: Vileplume|Sludge Bomb|p1a: Silvally
|-immune|p1a: Silvally
|
|-heal|p2a: Vileplume|97/100|[from] item: Black Sludge
|upkeep
|turn|66
|
|move|p1a: Silvally|Swords Dance|p1a: Silvally
|-boost|p1a: Silvally|atk|2
|move|p2a: Vileplume|Sleep Powder|p1a: Silvally
|-status|p1a: Silvally|slp|[from] move: Sleep Powder
|
|-heal|p2a: Vileplume|100/100|[from] item: Black Sludge
|upkeep
|turn|67
|
|switch|p2a: Salazzle|Salazzle, F|51/100
|cant|p1a: Silvally|slp
|
|upkeep
|turn|68
|
|switch|p1a: Gigalith|Gigalith, M|80/100
|-damage|p1a: Gigalith|68/100|[from] Stealth Rock
|-weather|Sandstorm|[from] ability: Sand Stream|[of] p1a: Gigalith
|move|p2a: Salazzle|Flamethrower|p1a: Gigalith
|-resisted|p1a: Gigalith
|-damage|p1a: Gigalith|57/100
|
|-weather|Sandstorm|[upkeep]
|-damage|p2a: Salazzle|45/100|[from] Sandstorm
|-heal|p1a: Gigalith|63/100|[from] item: Leftovers
|upkeep
|turn|69
|
|switch|p2a: Vileplume|Vileplume, M|100/100
|-damage|p2a: Vileplume|88/100|[from] Stealth Rock
|move|p1a: Gigalith|Rock Blast|p2a: Vileplume
|-damage|p2a: Vileplume|80/100
|-damage|p2a: Vileplume|71/100
|-hitcount|p2a: Vileplume|2
|
|-weather|Sandstorm|[upkeep]
|-damage|p2a: Vileplume|65/100|[from] Sandstorm
|-heal|p2a: Vileplume|71/100|[from] item: Black Sludge
|-heal|p1a: Gigalith|69/100|[from] item: Leftovers
|upkeep
|turn|70
|
|switch|p1a: Sigilyph|Sigilyph, M|79/100
|move|p2a: Vileplume|Sludge Bomb|p1a: Sigilyph
|-damage|p1a: Sigilyph|32/100
|-status|p1a: Sigilyph|psn
|
|-weather|Sandstorm|[upkeep]
|-damage|p2a: Vileplume|65/100|[from] Sandstorm
|-heal|p2a: Vileplume|71/100|[from] item: Black Sludge
|upkeep
|turn|71
|
|switch|p2a: Sableye|Sableye, F|93/100 brn
|-damage|p2a: Sableye|80/100 brn|[from] Stealth Rock
|move|p1a: Sigilyph|Roost|p1a: Sigilyph
|-heal|p1a: Sigilyph|82/100 psn
|-singleturn|p1a: Sigilyph|move: Roost
|
|-weather|Sandstorm|[upkeep]
|-damage|p2a: Sableye|74/100 brn|[from] Sandstorm
|-heal|p2a: Sableye|80/100 brn|[from] item: Leftovers
|-damage|p2a: Sableye|74/100 brn|[from] brn
|upkeep
|turn|72
|
|switch|p1a: Vileplume|Vileplume, M|78/100 brn
|-damage|p1a: Vileplume|65/100 brn|[from] Stealth Rock
|move|p2a: Sableye|Knock Off|p1a: Vileplume
|-damage|p1a: Vileplume|59/100 brn
|
|-weather|none
|-heal|p2a: Sableye|80/100 brn|[from] item: Leftovers
|-damage|p1a: Vileplume|53/100 brn|[from] brn
|-damage|p2a: Sableye|74/100 brn|[from] brn
|upkeep
|turn|73
|
|move|p1a: Vileplume|Sludge Bomb|p2a: Sableye
|-resisted|p2a: Sableye
|-damage|p2a: Sableye|54/100 brn
|move|p2a: Sableye|Knock Off|p1a: Vileplume
|-damage|p1a: Vileplume|46/100 brn
|
|-heal|p2a: Sableye|61/100 brn|[from] item: Leftovers
|-damage|p1a: Vileplume|40/100 brn|[from] brn
|-damage|p2a: Sableye|54/100 brn|[from] brn
|upkeep
|turn|74
|
|move|p2a: Sableye|Encore|p1a: Vileplume
|-start|p1a: Vileplume|Encore
|move|p1a: Vileplume|Sludge Bomb|p2a: Sableye
|-resisted|p2a: Sableye
|-crit|p2a: Sableye
|-damage|p2a: Sableye|24/100 brn
|
|-heal|p2a: Sableye|30/100 brn|[from] item: Leftovers
|-damage|p1a: Vileplume|34/100 brn|[from] brn
|-damage|p2a: Sableye|24/100 brn|[from] brn
|upkeep
|turn|75
|
|switch|p1a: Vaporeon|Vaporeon, M|51/100 brn
|-damage|p1a: Vaporeon|39/100 brn|[from] Stealth Rock
|move|p2a: Sableye|Recover|p2a: Sableye
|-heal|p2a: Sableye|74/100 brn
|
|-heal|p2a: Sableye|80/100 brn|[from] item: Leftovers
|-damage|p1a: Vaporeon|33/100 brn|[from] brn
|-damage|p2a: Sableye|74/100 brn|[from] brn
|upkeep
|turn|76
|
|move|p1a: Vaporeon|Wish|p1a: Vaporeon
|move|p2a: Sableye|Knock Off|p1a: Vaporeon
|-damage|p1a: Vaporeon|26/100 brn
|
|-heal|p2a: Sableye|80/100 brn|[from] item: Leftovers
|-damage|p1a: Vaporeon|20/100 brn|[from] brn
|-damage|p2a: Sableye|74/100 brn|[from] brn
|upkeep
|turn|77
|
|move|p1a: Vaporeon|Protect|p1a: Vaporeon
|-singleturn|p1a: Vaporeon|Protect
|move|p2a: Sableye|Encore|p1a: Vaporeon
|-activate|p1a: Vaporeon|move: Protect
|
|-heal|p1a: Vaporeon|70/100 brn|[from] move: Wish|[wisher] Vaporeon
|-heal|p2a: Sableye|80/100 brn|[from] item: Leftovers
|-damage|p1a: Vaporeon|64/100 brn|[from] brn
|-damage|p2a: Sableye|74/100 brn|[from] brn
|upkeep
|turn|78
|
|switch|p1a: Silvally|Silvally-Steel|71/100 slp
|-damage|p1a: Silvally|65/100 slp|[from] Stealth Rock
|move|p2a: Sableye|Knock Off|p1a: Silvally
|-crit|p1a: Silvally
|-damage|p1a: Silvally|50/100 slp
|
|-heal|p2a: Sableye|80/100 brn|[from] item: Leftovers
|-damage|p2a: Sableye|74/100 brn|[from] brn
|upkeep
|turn|79
|
|switch|p2a: Salazzle|Salazzle, F|45/100
|cant|p1a: Silvally|slp
|
|upkeep
|turn|80
|
|switch|p1a: Gigalith|Gigalith, M|69/100
|-damage|p1a: Gigalith|57/100|[from] Stealth Rock
|-weather|Sandstorm|[from] ability: Sand Stream|[of] p1a: Gigalith
|move|p2a: Salazzle|Toxic|p1a: Gigalith
|-status|p1a: Gigalith|tox
|
|-weather|Sandstorm|[upkeep]
|-damage|p2a: Salazzle|39/100|[from] Sandstorm
|-heal|p1a: Gigalith|63/100 tox|[from] item: Leftovers
|-damage|p1a: Gigalith|57/100 tox|[from] psn
|upkeep
|turn|81
|
|switch|p2a: Vileplume|Vileplume, M|71/100
|-damage|p2a: Vileplume|59/100|[from] Stealth Rock
|switch|p1a: Silvally|Silvally-Steel|50/100 slp
|-damage|p1a: Silvally|44/100 slp|[from] Stealth Rock
|
|-weather|Sandstorm|[upkeep]
|-damage|p2a: Vileplume|52/100|[from] Sandstorm
|-heal|p2a: Vileplume|59/100|[from] item: Black Sludge
|upkeep
|turn|82
|
|cant|p1a: Silvally|slp
|move|p2a: Vileplume|Strength Sap|p1a: Silvally
|-unboost|p1a: Silvally|atk|1
|-heal|p2a: Vileplume|100/100
|
|-weather|Sandstorm|[upkeep]
|-damage|p2a: Vileplume|94/100|[from] Sandstorm
|-heal|p2a: Vileplume|100/100|[from] item: Black Sludge
|upkeep
|turn|83
|
|switch|p1a: Sigilyph|Sigilyph, M|82/100 psn
|move|p2a: Vileplume|Giga Drain|p1a: Sigilyph
|-resisted|p1a: Sigilyph
|-damage|p1a: Sigilyph|62/100 psn
|
|-weather|Sandstorm|[upkeep]
|-damage|p2a: Vileplume|94/100|[from] Sandstorm
|-heal|p2a: Vileplume|100/100|[from] item: Black Sludge
|upkeep
|turn|84
|
|switch|p2a: Sableye|Sableye, F|74/100 brn
|-damage|p2a: Sableye|61/100 brn|[from] Stealth Rock
|move|p1a: Sigilyph|Heat Wave|p2a: Sableye
|-damage|p2a: Sableye|21/100 brn
|
|-weather|none
|-heal|p2a: Sableye|27/100 brn|[from] item: Leftovers
|-damage|p2a: Sableye|21/100 brn|[from] brn
|upkeep
|turn|85
|
|move|p2a: Sableye|Recover|p2a: Sableye
|-heal|p2a: Sableye|71/100 brn
|move|p1a: Sigilyph|Heat Wave|p2a: Sableye
|-damage|p2a: Sableye|30/100 brn
|
|-heal|p2a: Sableye|36/100 brn|[from] item: Leftovers
|-damage|p2a: Sableye|30/100 brn|[from] brn
|upkeep
|turn|86
|
|move|p2a: Sableye|Recover|p2a: Sableye
|-heal|p2a: Sableye|80/100 brn
|move|p1a: Sigilyph|Heat Wave|p2a: Sableye
|-damage|p2a: Sableye|37/100 brn
|
|-heal|p2a: Sableye|43/100 brn|[from] item: Leftovers
|-damage|p2a: Sableye|37/100 brn|[from] brn
|upkeep
|turn|87
|
|move|p2a: Sableye|Recover|p2a: Sableye
|-heal|p2a: Sableye|87/100 brn
|move|p1a: Sigilyph|Heat Wave|p2a: Sableye
|-crit|p2a: Sableye
|-damage|p2a: Sableye|26/100 brn
|
|-heal|p2a: Sableye|33/100 brn|[from] item: Leftovers
|-damage|p2a: Sableye|26/100 brn|[from] brn
|upkeep
|turn|88
|
|move|p2a: Sableye|Recover|p2a: Sableye
|-heal|p2a: Sableye|76/100 brn
|move|p1a: Sigilyph|Heat Wave|p2a: Sableye
|-damage|p2a: Sableye|33/100 brn
|
|-heal|p2a: Sableye|40/100 brn|[from] item: Leftovers
|-damage|p2a: Sableye|33/100 brn|[from] brn
|upkeep
|turn|89
|
|switch|p2a: Gigalith|Gigalith, M|51/100
|-damage|p2a: Gigalith|39/100|[from] Stealth Rock
|-weather|Sandstorm|[from] ability: Sand Stream|[of] p2a: Gigalith
|move|p1a: Sigilyph|Heat Wave|p2a: Gigalith
|-resisted|p2a: Gigalith
|-damage|p2a: Gigalith|25/100
|
|-weather|Sandstorm|[upkeep]
|-heal|p2a: Gigalith|31/100|[from] item: Leftovers
|upkeep
|turn|90
|
|move|p1a: Sigilyph|Roost|p1a: Sigilyph
|-heal|p1a: Sigilyph|100/100 psn
|-singleturn|p1a: Sigilyph|move: Roost
|move|p2a: Gigalith|Rock Blast|p1a: Sigilyph
|-damage|p1a: Sigilyph|84/100 psn
|-damage|p1a: Sigilyph|69/100 psn
|-damage|p1a: Sigilyph|52/100 psn
|-damage|p1a: Sigilyph|36/100 psn
|-hitcount|p1a: Sigilyph|4
|
|-weather|Sandstorm|[upkeep]
|-heal|p2a: Gigalith|37/100|[from] item: Leftovers
|upkeep
|turn|91
|
|move|p1a: Sigilyph|Roost|p1a: Sigilyph
|-heal|p1a: Sigilyph|86/100 psn
|-singleturn|p1a: Sigilyph|move: Roost
|move|p2a: Gigalith|Rock Blast|p1a: Sigilyph|[miss]
|-miss|p2a: Gigalith|p1a: Sigilyph
|
|-weather|Sandstorm|[upkeep]
|-heal|p2a: Gigalith|43/100|[from] item: Leftovers
|upkeep
|turn|92
|
|switch|p1a: Vaporeon|Vaporeon, M|64/100 brn
|-damage|p1a: Vaporeon|52/100 brn|[from] Stealth Rock
|move|p2a: Gigalith|Rock Blast|p1a: Vaporeon
|-damage|p1a: Vaporeon|44/100 brn
|-damage|p1a: Vaporeon|35/100 brn
|-damage|p1a: Vaporeon|26/100 brn
|-damage|p1a: Vaporeon|17/100 brn
|-hitcount|p1a: Vaporeon|4
|
|-weather|Sandstorm|[upkeep]
|-damage|p1a: Vaporeon|11/100 brn|[from] Sandstorm
|-heal|p2a: Gigalith|49/100|[from] item: Leftovers
|-damage|p1a: Vaporeon|5/100 brn|[from] brn
|upkeep
|turn|93
|
|move|p2a: Gigalith|Protect|p2a: Gigalith
|-singleturn|p2a: Gigalith|Protect
|move|p1a: Vaporeon|Wish|p1a: Vaporeon
|
|-weather|none
|-heal|p2a: Gigalith|55/100|[from] item: Leftovers
|-damage|p1a: Vaporeon|0 fnt|[from] brn
|faint|p1a: Vaporeon
|upkeep
|
|switch|p1a: Silvally|Silvally-Steel|44/100 slp
|-damage|p1a: Silvally|38/100 slp|[from] Stealth Rock
|turn|94
|
|-curestatus|p1a: Silvally|slp|[msg]
|move|p1a: Silvally|Swords Dance|p1a: Silvally
|-boost|p1a: Silvally|atk|2
|move|p2a: Gigalith|Earthquake|p1a: Silvally
|-supereffective|p1a: Silvally
|-damage|p1a: Silvally|0 fnt
|faint|p1a: Silvally
|
|-heal|p2a: Gigalith|62/100|[from] item: Leftovers
|upkeep
|
|switch|p1a: Passimian|Passimian, F|49/100
|-damage|p1a: Passimian|43/100|[from] Stealth Rock
|turn|95
|
|move|p2a: Gigalith|Protect|p2a: Gigalith
|-singleturn|p2a: Gigalith|Protect
|move|p1a: Passimian|Close Combat|p2a: Gigalith
|-activate|p2a: Gigalith|move: Protect
|
|-heal|p2a: Gigalith|68/100|[from] item: Leftovers
|upkeep
|turn|96
|
|switch|p1a: Vileplume|Vileplume, M|34/100 brn
|-damage|p1a: Vileplume|21/100 brn|[from] Stealth Rock
|switch|p2a: Xatu|Xatu, F|86/100
|-damage|p2a: Xatu|61/100|[from] Stealth Rock
|
|-damage|p1a: Vileplume|15/100 brn|[from] brn
|upkeep
|turn|97
|
|move|p2a: Xatu|Psychic|p1a: Vileplume
|-supereffective|p1a: Vileplume
|-damage|p1a: Vileplume|0 fnt
|faint|p1a: Vileplume
|
|upkeep
|
|switch|p1a: Sigilyph|Sigilyph, M|86/100 psn
|turn|98
|
|move|p1a: Sigilyph|Heat Wave|p2a: Xatu
|-damage|p2a: Xatu|11/100
|move|p2a: Xatu|U-turn|p1a: Sigilyph
|-damage|p1a: Sigilyph|69/100 psn
|
|switch|p2a: Gigalith|Gigalith, M|68/100|[from]move: U-turn
|-damage|p2a: Gigalith|55/100|[from] Stealth Rock
|-weather|Sandstorm|[from] ability: Sand Stream|[of] p2a: Gigalith
|
|-weather|Sandstorm|[upkeep]
|-heal|p2a: Gigalith|62/100|[from] item: Leftovers
|upkeep
|turn|99
|
|switch|p1a: Gigalith|Gigalith, M|57/100 tox
|-damage|p1a: Gigalith|45/100 tox|[from] Stealth Rock
|move|p2a: Gigalith|Rock Blast|p1a: Gigalith
|-damage|p1a: Gigalith|37/100 tox
|-damage|p1a: Gigalith|29/100 tox
|-damage|p1a: Gigalith|23/100 tox
|-hitcount|p1a: Gigalith|3
|
|-weather|Sandstorm|[upkeep]
|-heal|p1a: Gigalith|29/100 tox|[from] item: Leftovers
|-heal|p2a: Gigalith|68/100|[from] item: Leftovers
|-damage|p1a: Gigalith|23/100 tox|[from] psn
|upkeep
|turn|100
|
|switch|p1a: Passimian|Passimian, F|43/100
|-damage|p1a: Passimian|37/100|[from] Stealth Rock
|move|p2a: Gigalith|Protect||[still]
|-fail|p2a: Gigalith
|
|-weather|Sandstorm|[upkeep]
|-damage|p1a: Passimian|31/100|[from] Sandstorm
|-heal|p2a: Gigalith|74/100|[from] item: Leftovers
|upkeep
|turn|101
|
|switch|p1a: Sigilyph|Sigilyph, M|69/100 psn
|move|p2a: Gigalith|Protect||[still]
|-fail|p2a: Gigalith
|
|-weather|Sandstorm|[upkeep]
|-heal|p2a: Gigalith|80/100|[from] item: Leftovers
|upkeep
|turn|102
|
|move|p1a: Sigilyph|Roost|p1a: Sigilyph
|-heal|p1a: Sigilyph|100/100 psn
|-singleturn|p1a: Sigilyph|move: Roost
|move|p2a: Gigalith|Rock Blast|p1a: Sigilyph
|-damage|p1a: Sigilyph|83/100 psn
|-damage|p1a: Sigilyph|68/100 psn
|-damage|p1a: Sigilyph|52/100 psn
|-hitcount|p1a: Sigilyph|3
|
|-weather|none
|-heal|p2a: Gigalith|86/100|[from] item: Leftovers
|upkeep
|turn|103
|
|switch|p2a: Sableye|Sableye, F|33/100 brn
|-damage|p2a: Sableye|21/100 brn|[from] Stealth Rock
|move|p1a: Sigilyph|Roost|p1a: Sigilyph
|-heal|p1a: Sigilyph|100/100 psn
|-singleturn|p1a: Sigilyph|move: Roost
|
|-heal|p2a: Sableye|27/100 brn|[from] item: Leftovers
|-damage|p2a: Sableye|21/100 brn|[from] brn
|upkeep
|turn|104
|
|switch|p1a: Passimian|Passimian, F|31/100
|-damage|p1a: Passimian|25/100|[from] Stealth Rock
|move|p2a: Sableye|Encore||[still]
|-fail|p2a: Sableye
|
|-heal|p2a: Sableye|27/100 brn|[from] item: Leftovers
|-damage|p2a: Sableye|21/100 brn|[from] brn
|upkeep
|turn|105
|
|move|p2a: Sableye|Recover|p2a: Sableye
|-heal|p2a: Sableye|71/100 brn
|move|p1a: Passimian|Knock Off|p2a: Sableye
|-damage|p2a: Sableye|29/100 brn
|-enditem|p2a: Sableye|Leftovers|[from] move: Knock Off|[of] p1a: Passimian
|
|-damage|p2a: Sableye|23/100 brn|[from] brn
|upkeep
|turn|106
|j| Gen8RUHO
|inactive|FE6 Fir has 120 seconds left.
|
|switch|p1a: Sigilyph|Sigilyph, M|100/100 psn
|switch|p2a: Vileplume|Vileplume, M|100/100
|-damage|p2a: Vileplume|88/100|[from] Stealth Rock
|
|-heal|p2a: Vileplume|94/100|[from] item: Black Sludge
|upkeep
|turn|107
|inactive|FE6 Fir has 120 seconds left.
|
|switch|p2a: Sableye|Sableye, F|23/100 brn
|-damage|p2a: Sableye|10/100 brn|[from] Stealth Rock
|move|p1a: Sigilyph|Calm Mind|p1a: Sigilyph
|-boost|p1a: Sigilyph|spa|1
|-boost|p1a: Sigilyph|spd|1
|
|-damage|p2a: Sableye|4/100 brn|[from] brn
|upkeep
|turn|108
|
|move|p2a: Sableye|Recover|p2a: Sableye
|-heal|p2a: Sableye|54/100 brn
|move|p1a: Sigilyph|Heat Wave|p2a: Sableye
|-damage|p2a: Sableye|0 fnt
|faint|p2a: Sableye
|
|upkeep
|
|switch|p2a: Gigalith|Gigalith, M|86/100
|-damage|p2a: Gigalith|74/100|[from] Stealth Rock
|-weather|Sandstorm|[from] ability: Sand Stream|[of] p2a: Gigalith
|turn|109
|inactive|FE6 Fir has 120 seconds left.
|
|move|p1a: Sigilyph|Psyshock|p2a: Gigalith
|-damage|p2a: Gigalith|38/100
|move|p2a: Gigalith|Rock Blast|p1a: Sigilyph
|-supereffective|p1a: Sigilyph
|-crit|p1a: Sigilyph
|-damage|p1a: Sigilyph|54/100 psn
|-supereffective|p1a: Sigilyph
|-damage|p1a: Sigilyph|24/100 psn
|-supereffective|p1a: Sigilyph
|-damage|p1a: Sigilyph|0 fnt
|-hitcount|p1a: Sigilyph|3
|faint|p1a: Sigilyph
|
|-weather|Sandstorm|[upkeep]
|-heal|p2a: Gigalith|44/100|[from] item: Leftovers
|upkeep
|c|☆bebo7788|gg
|c|☆FE6 Fir|gg
|c|☆bebo7788|wouldve been a wrap
|c|☆bebo7788|if i got a psn on xatu
|inactive|bebo7788 has 120 seconds left.
|-message|bebo7788 forfeited.
|
|win|FE6 Fir
|l|☆bebo7788
|raw|bebo7788's rating: 1676 &rarr; <strong>1640</strong><br />(-36 for losing)
|raw|FE6 Fir's rating: 1331 &rarr; <strong>1367</strong><br />(+36 for winning)
