|j|☆EpicOwl10
|j|☆the last janit
|t:|1625692171
|gametype|singles
|player|p1|EpicOwl10|lucas|1175
|player|p2|the last janit|blue|1081
|teamsize|p1|6
|teamsize|p2|6
|gen|8
|tier|[Gen 8] RU
|rated|
|rule|Sleep Clause Mod: Limit one foe put to sleep
|rule|Species Clause: Limit one of each Pokémon
|rule|OHKO Clause: OHKO moves are banned
|rule|Evasion Moves Clause: Evasion moves are banned
|rule|Endless Battle Clause: Forcing endless battles is banned
|rule|HP Percentage Mod: HP is shown in percentages
|rule|Dynamax Clause: You cannot dynamax
|clearpoke
|poke|p1|Ninetales-Alola, M|
|poke|p1|Arctozolt|
|poke|p1|Steelix, M|
|poke|p1|Flygon, F|
|poke|p1|Reuniclus, F|
|poke|p1|Barraskewda, M|
|poke|p2|Seismitoad, F|
|poke|p2|Toxicroak, M|
|poke|p2|Goodra, F|
|poke|p2|Exploud, F|
|poke|p2|Chandelure, M|
|poke|p2|Suicune|
|teampreview
|
|t:|1625692195
|start
|switch|p1a: Ninetales|Ninetales-Alola, M|100/100
|switch|p2a: Seismitoad|Seismitoad, F|100/100
|-weather|Hail|[from] ability: Snow Warning|[of] p1a: Ninetales
|turn|1
|
|t:|1625692200
|move|p1a: Ninetales|Freeze-Dry|p2a: Seismitoad
|-supereffective|p2a: Seismitoad
|-damage|p2a: Seismitoad|16/100
|move|p2a: Seismitoad|Stealth Rock|p1a: Ninetales
|-sidestart|p1: EpicOwl10|move: Stealth Rock
|
|-weather|Hail|[upkeep]
|-damage|p2a: Seismitoad|9/100|[from] Hail
|upkeep
|turn|2
|
|t:|1625692203
|move|p1a: Ninetales|Freeze-Dry|p2a: Seismitoad
|-supereffective|p2a: Seismitoad
|-damage|p2a: Seismitoad|0 fnt
|faint|p2a: Seismitoad
|
|-weather|Hail|[upkeep]
|upkeep
|
|t:|1625692207
|switch|p2a: Exploud|Exploud, F, shiny|100/100
|turn|3
|
|t:|1625692218
|move|p1a: Ninetales|Aurora Veil|p1a: Ninetales
|-sidestart|p1: EpicOwl10|move: Aurora Veil
|move|p2a: Exploud|Boomburst|p1a: Ninetales
|-damage|p1a: Ninetales|58/100
|
|-weather|Hail|[upkeep]
|-damage|p2a: Exploud|94/100|[from] Hail
|upkeep
|turn|4
|
|t:|1625692222
|switch|p1a: Steelix|Steelix, M|100/100
|-damage|p1a: Steelix|97/100|[from] Stealth Rock
|move|p2a: Exploud|Boomburst|p1a: Steelix
|-resisted|p1a: Steelix
|-damage|p1a: Steelix|76/100
|
|-weather|Hail|[upkeep]
|-damage|p2a: Exploud|88/100|[from] Hail
|-damage|p1a: Steelix|70/100|[from] Hail
|-heal|p1a: Steelix|76/100|[from] item: Leftovers
|upkeep
|turn|5
|
|t:|1625692226
|switch|p2a: Suicune|Suicune|100/100
|-ability|p2a: Suicune|Pressure
|move|p1a: Steelix|Stealth Rock|p2a: Suicune
|-sidestart|p2: the last janit|move: Stealth Rock
|
|-weather|Hail|[upkeep]
|-damage|p2a: Suicune|94/100|[from] Hail
|-damage|p1a: Steelix|70/100|[from] Hail
|-heal|p2a: Suicune|100/100|[from] item: Leftovers
|-heal|p1a: Steelix|76/100|[from] item: Leftovers
|upkeep
|turn|6
|
|t:|1625692231
|move|p2a: Suicune|Calm Mind|p2a: Suicune
|-boost|p2a: Suicune|spa|1
|-boost|p2a: Suicune|spd|1
|move|p1a: Steelix|Toxic|p2a: Suicune
|-status|p2a: Suicune|tox
|
|-weather|Hail|[upkeep]
|-damage|p2a: Suicune|94/100 tox|[from] Hail
|-damage|p1a: Steelix|70/100|[from] Hail
|-heal|p2a: Suicune|100/100 tox|[from] item: Leftovers
|-heal|p1a: Steelix|76/100|[from] item: Leftovers
|-damage|p2a: Suicune|94/100 tox|[from] psn
|upkeep
|turn|7
|
|t:|1625692240
|switch|p1a: Ninetales|Ninetales-Alola, M|58/100
|-damage|p1a: Ninetales|34/100|[from] Stealth Rock
|move|p2a: Suicune|Calm Mind|p2a: Suicune
|-boost|p2a: Suicune|spa|1
|-boost|p2a: Suicune|spd|1
|
|-weather|Hail|[upkeep]
|-damage|p2a: Suicune|88/100 tox|[from] Hail
|-heal|p2a: Suicune|94/100 tox|[from] item: Leftovers
|-damage|p2a: Suicune|82/100 tox|[from] psn
|-sideend|p1: EpicOwl10|move: Aurora Veil
|upkeep
|turn|8
|
|t:|1625692243
|move|p1a: Ninetales|Encore|p2a: Suicune
|-start|p2a: Suicune|Encore
|move|p2a: Suicune|Calm Mind|p2a: Suicune
|-boost|p2a: Suicune|spa|1
|-boost|p2a: Suicune|spd|1
|
|-weather|none
|-heal|p2a: Suicune|88/100 tox|[from] item: Leftovers
|-damage|p2a: Suicune|69/100 tox|[from] psn
|upkeep
|turn|9
|
|t:|1625692246
|switch|p1a: Arctozolt|Arctozolt|100/100
|-damage|p1a: Arctozolt|76/100|[from] Stealth Rock
|move|p2a: Suicune|Calm Mind|p2a: Suicune
|-boost|p2a: Suicune|spa|1
|-boost|p2a: Suicune|spd|1
|
|-heal|p2a: Suicune|76/100 tox|[from] item: Leftovers
|-damage|p2a: Suicune|51/100 tox|[from] psn
|upkeep
|turn|10
|
|t:|1625692249
|switch|p1a: Ninetales|Ninetales-Alola, M|34/100
|-damage|p1a: Ninetales|9/100|[from] Stealth Rock
|-weather|Hail|[from] ability: Snow Warning|[of] p1a: Ninetales
|move|p2a: Suicune|Calm Mind|p2a: Suicune
|-boost|p2a: Suicune|spa|1
|-boost|p2a: Suicune|spd|1
|
|-weather|Hail|[upkeep]
|-damage|p2a: Suicune|44/100 tox|[from] Hail
|-heal|p2a: Suicune|51/100 tox|[from] item: Leftovers
|-damage|p2a: Suicune|19/100 tox|[from] psn
|-end|p2a: Suicune|Encore
|upkeep
|turn|11
|
|t:|1625692253
|move|p1a: Ninetales|Encore|p2a: Suicune
|-start|p2a: Suicune|Encore
|move|p2a: Suicune|Calm Mind|p2a: Suicune
|-boost|p2a: Suicune|spa|1
|-boost|p2a: Suicune|spd|1
|
|-weather|Hail|[upkeep]
|-damage|p2a: Suicune|13/100 tox|[from] Hail
|-heal|p2a: Suicune|19/100 tox|[from] item: Leftovers
|-damage|p2a: Suicune|0 fnt|[from] psn
|faint|p2a: Suicune
|upkeep
|-message|the last janit forfeited.
|
|win|EpicOwl10
|l|☆the last janit
|raw|EpicOwl10's rating: 1175 &rarr; <strong>1193</strong><br />(+18 for winning)
|raw|the last janit's rating: 1081 &rarr; <strong>1065</strong><br />(-16 for losing)
||Ladder isn't responding, score probably updated but might not have (Request timeout).
