|j|☆pktd44
|j|☆Glidinganteater
|t:|1622949569
|gametype|singles
|player|p1|pktd44|marshal|1346
|player|p2|Glidinganteater|palmer|1495
|teamsize|p1|6
|teamsize|p2|6
|gen|8
|tier|[Gen 8] RU
|rated|
|rule|Sleep Clause Mod: Limit one foe put to sleep
|rule|Species Clause: Limit one of each Pokémon
|rule|OHKO Clause: OHKO moves are banned
|rule|Evasion Moves Clause: Evasion moves are banned
|rule|Endless Battle Clause: Forcing endless battles is banned
|rule|HP Percentage Mod: HP is shown in percentages
|rule|Dynamax Clause: You cannot dynamax
|clearpoke
|poke|p1|Heracross, M|
|poke|p1|Raikou|
|poke|p1|Zarude|
|poke|p1|Togekiss, F|
|poke|p1|Steelix, M|
|poke|p1|Volcanion|
|poke|p2|Cresselia, F|
|poke|p2|Diancie|
|poke|p2|Cobalion|
|poke|p2|Gastrodon, M|
|poke|p2|Golisopod, M|
|poke|p2|Dhelmise|
|teampreview
|inactive|Battle timer is ON: inactive players will automatically lose when time's up. (requested by pktd44)
|inactive|pktd44 has 120 seconds left.
|
|t:|1622949618
|start
|switch|p1a: Volcanion|Volcanion|100/100
|switch|p2a: Cobalion|Cobalion|100/100
|turn|1
|
|t:|1622949622
|move|p2a: Cobalion|Volt Switch|p1a: Volcanion
|-supereffective|p1a: Volcanion
|-damage|p1a: Volcanion|70/100
|
|t:|1622949626
|switch|p2a: Gastrodon|Gastrodon, M|100/100|[from]move: Volt Switch
|move|p1a: Volcanion|Steam Eruption|p2a: Gastrodon
|-ability|p2a: Gastrodon|Storm Drain|boost
|-boost|p2a: Gastrodon|spa|1
|
|upkeep
|turn|2
|
|t:|1622949632
|switch|p1a: Heracross|Heracross, M|100/100
|move|p2a: Gastrodon|Ice Beam|p1a: Heracross
|-damage|p1a: Heracross|69/100
|-status|p1a: Heracross|frz
|
|upkeep
|turn|3
|c|☆Glidinganteater|I’m sorry for the hax
|c|☆Glidinganteater|I hate it when that happens
|inactive|Glidinganteater has 120 seconds left.
|c|☆pktd44|thaw me use scald lol
|c|☆Glidinganteater|I would but I don’t have jt
|
|t:|1622949683
|switch|p2a: Cresselia|Cresselia, F, shiny|100/100
|-curestatus|p1a: Heracross|frz|[msg]
|move|p1a: Heracross|Facade|p2a: Cresselia
|-damage|p2a: Cresselia|87/100
|
|-heal|p2a: Cresselia|94/100|[from] item: Leftovers
|-status|p1a: Heracross|brn|[from] item: Flame Orb
|upkeep
|turn|4
|
|t:|1622949698
|switch|p1a: Steelix|Steelix, M|100/100
|switch|p2a: Cobalion|Cobalion|100/100
|
|upkeep
|turn|5
|
|t:|1622949706
|switch|p2a: Gastrodon|Gastrodon, M|100/100
|move|p1a: Steelix|Earthquake|p2a: Gastrodon
|-damage|p2a: Gastrodon|80/100
|
|-heal|p2a: Gastrodon|86/100|[from] item: Leftovers
|upkeep
|turn|6
|
|t:|1622949725
|move|p2a: Gastrodon|Earth Power|p1a: Steelix
|-supereffective|p1a: Steelix
|-damage|p1a: Steelix|51/100
|move|p1a: Steelix|Toxic|p2a: Gastrodon
|-status|p2a: Gastrodon|tox
|
|-heal|p2a: Gastrodon|92/100 tox|[from] item: Leftovers
|-heal|p1a: Steelix|58/100|[from] item: Leftovers
|-damage|p2a: Gastrodon|86/100 tox|[from] psn
|upkeep
|turn|7
|
|t:|1622949748
|switch|p2a: Golisopod|Golisopod, M|100/100
|switch|p1a: Zarude|Zarude|100/100
|
|upkeep
|turn|8
|
|t:|1622949758
|switch|p1a: Togekiss|Togekiss, F|100/100
|move|p2a: Golisopod|Knock Off|p1a: Togekiss
|-resisted|p1a: Togekiss
|-damage|p1a: Togekiss|83/100
|-damage|p2a: Golisopod|84/100|[from] item: Rocky Helmet|[of] p1a: Togekiss
|-enditem|p1a: Togekiss|Rocky Helmet|[from] move: Knock Off|[of] p2a: Golisopod
|
|upkeep
|turn|9
|
|t:|1622949774
|switch|p1a: Steelix|Steelix, M|58/100
|switch|p2a: Diancie|Diancie|100/100
|
|-heal|p1a: Steelix|64/100|[from] item: Leftovers
|upkeep
|turn|10
|
|t:|1622949786
|switch|p2a: Golisopod|Golisopod, M|84/100
|move|p1a: Steelix|Stealth Rock|p2a: Golisopod
|-sidestart|p2: Glidinganteater|move: Stealth Rock
|
|-heal|p1a: Steelix|70/100|[from] item: Leftovers
|upkeep
|turn|11
|
|t:|1622949794
|switch|p1a: Volcanion|Volcanion|70/100
|move|p2a: Golisopod|Spikes|p1a: Volcanion
|-sidestart|p1: pktd44|Spikes
|
|upkeep
|turn|12
|
|t:|1622949801
|switch|p2a: Gastrodon|Gastrodon, M|86/100 tox
|-damage|p2a: Gastrodon|80/100 tox|[from] Stealth Rock
|move|p1a: Volcanion|Flamethrower|p2a: Gastrodon
|-resisted|p2a: Gastrodon
|-damage|p2a: Gastrodon|58/100 tox
|
|-heal|p2a: Gastrodon|64/100 tox|[from] item: Leftovers
|-damage|p2a: Gastrodon|58/100 tox|[from] psn
|upkeep
|turn|13
|
|t:|1622949820
|switch|p1a: Togekiss|Togekiss, F|83/100
|move|p2a: Gastrodon|Earth Power|p1a: Togekiss
|-immune|p1a: Togekiss
|
|-heal|p2a: Gastrodon|64/100 tox|[from] item: Leftovers
|-damage|p2a: Gastrodon|51/100 tox|[from] psn
|upkeep
|turn|14
|
|t:|1622949827
|switch|p2a: Diancie|Diancie|100/100
|-damage|p2a: Diancie|88/100|[from] Stealth Rock
|move|p1a: Togekiss|Thunder Wave|p2a: Diancie
|-status|p2a: Diancie|par
|
|-heal|p2a: Diancie|94/100 par|[from] item: Leftovers
|upkeep
|turn|15
|
|t:|1622949834
|move|p1a: Togekiss|Defog|p2a: Diancie
|-fail|p2a: Diancie|unboost|[from] ability: Clear Body|[of] p2a: Diancie
|-sideend|p2: Glidinganteater|Stealth Rock|[from] move: Defog|[of] p1a: Togekiss
|-sideend|p1: pktd44|Spikes|[from] move: Defog|[of] p1a: Togekiss
|move|p2a: Diancie|Toxic|p1a: Togekiss
|-status|p1a: Togekiss|tox
|
|-heal|p2a: Diancie|99/100 par|[from] item: Leftovers
|-damage|p1a: Togekiss|77/100 tox|[from] psn
|upkeep
|turn|16
|
|t:|1622949838
|switch|p1a: Steelix|Steelix, M|70/100
|cant|p2a: Diancie|par
|
|-heal|p1a: Steelix|76/100|[from] item: Leftovers
|-heal|p2a: Diancie|100/100 par|[from] item: Leftovers
|upkeep
|turn|17
|
|t:|1622949847
|switch|p2a: Golisopod|Golisopod, M|84/100
|move|p1a: Steelix|Stealth Rock|p2a: Golisopod
|-sidestart|p2: Glidinganteater|move: Stealth Rock
|
|-heal|p1a: Steelix|82/100|[from] item: Leftovers
|upkeep
|turn|18
|
|t:|1622949856
|move|p2a: Golisopod|Knock Off|p1a: Steelix
|-damage|p1a: Steelix|64/100
|-enditem|p1a: Steelix|Leftovers|[from] move: Knock Off|[of] p2a: Golisopod
|move|p1a: Steelix|Toxic|p2a: Golisopod
|-status|p2a: Golisopod|tox
|
|-damage|p2a: Golisopod|78/100 tox|[from] psn
|upkeep
|turn|19
|
|t:|1622949862
|switch|p1a: Raikou|Raikou|100/100
|-ability|p1a: Raikou|Pressure
|move|p2a: Golisopod|Spikes|p1a: Raikou
|-sidestart|p1: pktd44|Spikes
|
|-damage|p2a: Golisopod|66/100 tox|[from] psn
|upkeep
|turn|20
|
|t:|1622949871
|switch|p2a: Dhelmise|Dhelmise|100/100
|move|p1a: Raikou|Volt Switch|p2a: Dhelmise
|-resisted|p2a: Dhelmise
|-damage|p2a: Dhelmise|80/100
|
|t:|1622949877
|switch|p1a: Zarude|Zarude|100/100|[from]move: Volt Switch
|-damage|p1a: Zarude|88/100|[from] Spikes
|
|upkeep
|turn|21
|
|t:|1622949882
|switch|p2a: Cobalion|Cobalion|100/100
|-damage|p2a: Cobalion|97/100|[from] Stealth Rock
|move|p1a: Zarude|U-turn|p2a: Cobalion
|-resisted|p2a: Cobalion
|-damage|p2a: Cobalion|93/100
|-damage|p1a: Zarude|72/100|[from] item: Rocky Helmet|[of] p2a: Cobalion
|
|t:|1622949896
|switch|p1a: Volcanion|Volcanion|70/100|[from]move: U-turn
|
|upkeep
|turn|22
|
|t:|1622949915
|move|p2a: Cobalion|Volt Switch|p1a: Volcanion
|-supereffective|p1a: Volcanion
|-damage|p1a: Volcanion|38/100
|
|t:|1622949920
|switch|p2a: Gastrodon|Gastrodon, M|51/100 tox|[from]move: Volt Switch
|-damage|p2a: Gastrodon|45/100 tox|[from] Stealth Rock
|move|p1a: Volcanion|Flamethrower|p2a: Gastrodon
|-resisted|p2a: Gastrodon
|-damage|p2a: Gastrodon|24/100 tox
|
|-heal|p2a: Gastrodon|30/100 tox|[from] item: Leftovers
|-damage|p2a: Gastrodon|24/100 tox|[from] psn
|upkeep
|turn|23
|
|t:|1622949933
|move|p1a: Volcanion|Flamethrower|p2a: Gastrodon
|-resisted|p2a: Gastrodon
|-damage|p2a: Gastrodon|1/100 tox
|move|p2a: Gastrodon|Recover|p2a: Gastrodon
|-heal|p2a: Gastrodon|51/100 tox
|
|-heal|p2a: Gastrodon|57/100 tox|[from] item: Leftovers
|-damage|p2a: Gastrodon|45/100 tox|[from] psn
|upkeep
|turn|24
|
|t:|1622949948
|switch|p1a: Togekiss|Togekiss, F|77/100 tox
|move|p2a: Gastrodon|Earth Power|p1a: Togekiss
|-immune|p1a: Togekiss
|
|-heal|p2a: Gastrodon|51/100 tox|[from] item: Leftovers
|-damage|p1a: Togekiss|71/100 tox|[from] psn
|-damage|p2a: Gastrodon|33/100 tox|[from] psn
|upkeep
|turn|25
|
|t:|1622949955
|switch|p2a: Diancie|Diancie|100/100 par
|-damage|p2a: Diancie|88/100 par|[from] Stealth Rock
|move|p1a: Togekiss|Air Slash|p2a: Diancie
|-resisted|p2a: Diancie
|-crit|p2a: Diancie
|-damage|p2a: Diancie|76/100 par
|
|-heal|p2a: Diancie|82/100 par|[from] item: Leftovers
|-damage|p1a: Togekiss|58/100 tox|[from] psn
|upkeep
|turn|26
|
|t:|1622949960
|switch|p1a: Steelix|Steelix, M|64/100
|-damage|p1a: Steelix|52/100|[from] Spikes
|cant|p2a: Diancie|par
|
|-heal|p2a: Diancie|88/100 par|[from] item: Leftovers
|upkeep
|turn|27
|
|t:|1622949974
|switch|p2a: Dhelmise|Dhelmise|80/100
|move|p1a: Steelix|Heavy Slam|p2a: Dhelmise
|-damage|p2a: Dhelmise|66/100
|
|upkeep
|turn|28
|
|t:|1622950001
|move|p2a: Dhelmise|Rapid Spin|p1a: Steelix
|-resisted|p1a: Steelix
|-damage|p1a: Steelix|47/100
|-boost|p2a: Dhelmise|spe|1
|-sideend|p2: Glidinganteater|Stealth Rock|[from] move: Rapid Spin|[of] p2a: Dhelmise
|move|p1a: Steelix|Toxic|p2a: Dhelmise
|-status|p2a: Dhelmise|tox
|
|-damage|p2a: Dhelmise|60/100 tox|[from] psn
|upkeep
|turn|29
|
|t:|1622950009
|switch|p1a: Zarude|Zarude|72/100
|-damage|p1a: Zarude|59/100|[from] Spikes
|move|p2a: Dhelmise|Poltergeist|p1a: Zarude
|-activate|p1a: Zarude|move: Poltergeist|Choice Scarf
|-resisted|p1a: Zarude
|-damage|p1a: Zarude|28/100
|
|-damage|p2a: Dhelmise|48/100 tox|[from] psn
|upkeep
|turn|30
|
|t:|1622950015
|switch|p2a: Cobalion|Cobalion|93/100
|move|p1a: Zarude|U-turn|p2a: Cobalion
|-resisted|p2a: Cobalion
|-damage|p2a: Cobalion|88/100
|-damage|p1a: Zarude|11/100|[from] item: Rocky Helmet|[of] p2a: Cobalion
|
|t:|1622950036
|switch|p1a: Raikou|Raikou|100/100|[from]move: U-turn
|-ability|p1a: Raikou|Pressure
|
|upkeep
|turn|31
|
|t:|1622950061
|switch|p2a: Diancie|Diancie|88/100 par
|move|p1a: Raikou|Aura Sphere|p2a: Diancie
|-damage|p2a: Diancie|73/100 par
|
|-heal|p2a: Diancie|79/100 par|[from] item: Leftovers
|upkeep
|turn|32
|inactive|pktd44 has 120 seconds left.
|
|t:|1622950115
|move|p1a: Raikou|Volt Switch|p2a: Diancie
|-damage|p2a: Diancie|58/100 par
|
|t:|1622950117
|switch|p1a: Steelix|Steelix, M|47/100|[from]move: Volt Switch
|-damage|p1a: Steelix|35/100|[from] Spikes
|move|p2a: Diancie|Heal Bell|p2a: Diancie
|-activate|p2a: Diancie|move: Heal Bell
|-curestatus|p2a: Diancie|par|[msg]
|-curestatus|p2: Dhelmise|tox|[msg]
|-curestatus|p2: Gastrodon|tox|[msg]
|-curestatus|p2: Golisopod|tox|[msg]
|
|-heal|p2a: Diancie|64/100|[from] item: Leftovers
|upkeep
|turn|33
|
|t:|1622950132
|switch|p2a: Golisopod|Golisopod, M|66/100
|move|p1a: Steelix|Stealth Rock|p2a: Golisopod
|-sidestart|p2: Glidinganteater|move: Stealth Rock
|
|upkeep
|turn|34
|
|t:|1622950140
|switch|p1a: Togekiss|Togekiss, F|58/100 tox
|move|p2a: Golisopod|Spikes|p1a: Togekiss
|-sidestart|p1: pktd44|Spikes
|
|-damage|p1a: Togekiss|52/100 tox|[from] psn
|upkeep
|turn|35
|
|t:|1622950152
|switch|p2a: Cresselia|Cresselia, F, shiny|94/100
|-damage|p2a: Cresselia|81/100|[from] Stealth Rock
|move|p1a: Togekiss|Defog|p2a: Cresselia
|-unboost|p2a: Cresselia|evasion|1
|-sideend|p2: Glidinganteater|Stealth Rock|[from] move: Defog|[of] p1a: Togekiss
|-sideend|p1: pktd44|Spikes|[from] move: Defog|[of] p1a: Togekiss
|
|-heal|p2a: Cresselia|87/100|[from] item: Leftovers
|-damage|p1a: Togekiss|40/100 tox|[from] psn
|upkeep
|turn|36
|
|t:|1622950176
|move|p1a: Togekiss|Thunder Wave|p2a: Cresselia
|-status|p2a: Cresselia|par
|move|p2a: Cresselia|Substitute|p2a: Cresselia
|-start|p2a: Cresselia|Substitute
|-damage|p2a: Cresselia|62/100 par
|
|-heal|p2a: Cresselia|69/100 par|[from] item: Leftovers
|-damage|p1a: Togekiss|21/100 tox|[from] psn
|upkeep
|turn|37
|
|t:|1622950182
|move|p1a: Togekiss|Roost|p1a: Togekiss
|-heal|p1a: Togekiss|71/100 tox
|-singleturn|p1a: Togekiss|move: Roost
|move|p2a: Cresselia|Calm Mind|p2a: Cresselia
|-boost|p2a: Cresselia|spa|1
|-boost|p2a: Cresselia|spd|1
|
|-heal|p2a: Cresselia|75/100 par|[from] item: Leftovers
|-damage|p1a: Togekiss|47/100 tox|[from] psn
|upkeep
|turn|38
|c|☆Glidinganteater|Is that max speed or something
|c|☆pktd44|yes
|
|t:|1622950202
|switch|p1a: Heracross|Heracross, M|69/100 brn
|move|p2a: Cresselia|Calm Mind|p2a: Cresselia
|-boost|p2a: Cresselia|spa|1
|-boost|p2a: Cresselia|spd|1
|
|-heal|p2a: Cresselia|81/100 par|[from] item: Leftovers
|-damage|p1a: Heracross|63/100 brn|[from] brn
|upkeep
|turn|39
|
|t:|1622950218
|switch|p1a: Zarude|Zarude|11/100
|cant|p2a: Cresselia|par
|
|-heal|p2a: Cresselia|87/100 par|[from] item: Leftovers
|upkeep
|turn|40
|
|t:|1622950226
|switch|p1a: Raikou|Raikou|100/100
|-ability|p1a: Raikou|Pressure
|cant|p2a: Cresselia|par
|
|-heal|p2a: Cresselia|93/100 par|[from] item: Leftovers
|upkeep
|turn|41
|
|t:|1622950233
|move|p1a: Raikou|Volt Switch|p2a: Cresselia
|-activate|p2a: Cresselia|move: Substitute|[damage]
|
|t:|1622950245
|switch|p1a: Steelix|Steelix, M|35/100|[from]move: Volt Switch
|move|p2a: Cresselia|Stored Power|p1a: Steelix
|-resisted|p1a: Steelix
|-damage|p1a: Steelix|8/100
|
|-heal|p2a: Cresselia|99/100 par|[from] item: Leftovers
|upkeep
|turn|42
|
|t:|1622950251
|cant|p2a: Cresselia|par
|move|p1a: Steelix|Stealth Rock|p2a: Cresselia
|-sidestart|p2: Glidinganteater|move: Stealth Rock
|
|-heal|p2a: Cresselia|100/100 par|[from] item: Leftovers
|upkeep
|turn|43
|
|t:|1622950257
|move|p2a: Cresselia|Moonblast|p1a: Steelix
|-resisted|p1a: Steelix
|-damage|p1a: Steelix|0 fnt
|faint|p1a: Steelix
|
|upkeep
|
|t:|1622950260
|switch|p1a: Volcanion|Volcanion|38/100
|turn|44
|
|t:|1622950266
|move|p1a: Volcanion|Flamethrower|p2a: Cresselia
|-end|p2a: Cresselia|Substitute
|move|p2a: Cresselia|Stored Power|p1a: Volcanion
|-damage|p1a: Volcanion|0 fnt
|faint|p1a: Volcanion
|
|upkeep
|
|t:|1622950272
|switch|p1a: Heracross|Heracross, M|63/100 brn
|turn|45
|
|t:|1622950285
|move|p1a: Heracross|Megahorn|p2a: Cresselia
|-supereffective|p2a: Cresselia
|-damage|p2a: Cresselia|0 fnt
|faint|p2a: Cresselia
|
|-damage|p1a: Heracross|57/100 brn|[from] brn
|upkeep
|
|t:|1622950291
|switch|p2a: Diancie|Diancie|64/100
|-damage|p2a: Diancie|52/100|[from] Stealth Rock
|turn|46
|inactive|pktd44 has 120 seconds left.
|
|t:|1622950336
|move|p1a: Heracross|Close Combat|p2a: Diancie
|-damage|p2a: Diancie|0 fnt
|-unboost|p1a: Heracross|def|1
|-unboost|p1a: Heracross|spd|1
|faint|p2a: Diancie
|
|-damage|p1a: Heracross|51/100 brn|[from] brn
|upkeep
|
|t:|1622950342
|switch|p2a: Cobalion|Cobalion|88/100
|-damage|p2a: Cobalion|85/100|[from] Stealth Rock
|turn|47
|inactive|pktd44 has 120 seconds left.
|
|t:|1622950351
|switch|p1a: Zarude|Zarude|11/100
|move|p2a: Cobalion|Iron Head|p1a: Zarude
|-crit|p1a: Zarude
|-damage|p1a: Zarude|0 fnt
|faint|p1a: Zarude
|
|upkeep
|inactive|pktd44 has 120 seconds left.
|
|t:|1622950357
|switch|p1a: Raikou|Raikou|100/100
|-ability|p1a: Raikou|Pressure
|turn|48
|inactive|Glidinganteater has 120 seconds left.
|c|☆Glidinganteater|I def shoulda swapped cres to coba but I was worried u would predict and cc
|
|t:|1622950405
|switch|p2a: Dhelmise|Dhelmise|48/100
|move|p1a: Raikou|Aura Sphere|p2a: Dhelmise
|-immune|p2a: Dhelmise
|
|upkeep
|turn|49
|inactive|pktd44 has 120 seconds left.
|c|☆pktd44|yeah but you were up so i had to just hit that big threat
|
|t:|1622950438
|move|p1a: Raikou|Volt Switch|p2a: Dhelmise
|-resisted|p2a: Dhelmise
|-damage|p2a: Dhelmise|28/100
|
|t:|1622950440
|switch|p1a: Togekiss|Togekiss, F|47/100 tox|[from]move: Volt Switch
|move|p2a: Dhelmise|Rapid Spin|p1a: Togekiss
|-damage|p1a: Togekiss|30/100 tox
|-boost|p2a: Dhelmise|spe|1
|-sideend|p2: Glidinganteater|Stealth Rock|[from] move: Rapid Spin|[of] p2a: Dhelmise
|
|-damage|p1a: Togekiss|23/100 tox|[from] psn
|upkeep
|turn|50
|c|☆Glidinganteater|Yeah
|inactive|Glidinganteater has 90 seconds left.
|
|t:|1622950471
|move|p1a: Togekiss|Air Slash|p2a: Dhelmise
|-supereffective|p2a: Dhelmise
|-damage|p2a: Dhelmise|0 fnt
|faint|p2a: Dhelmise
|
|-damage|p1a: Togekiss|11/100 tox|[from] psn
|upkeep
|inactive|Glidinganteater has 90 seconds left.
|
|t:|1622950491
|switch|p2a: Cobalion|Cobalion|85/100
|turn|51
|
|t:|1622950500
|move|p2a: Cobalion|Iron Head|p1a: Togekiss
|-supereffective|p1a: Togekiss
|-damage|p1a: Togekiss|0 fnt
|faint|p1a: Togekiss
|
|upkeep
|j| rav 3nd an
|inactive|pktd44 has 120 seconds left.
|
|t:|1622950529
|switch|p1a: Raikou|Raikou|100/100
|-ability|p1a: Raikou|Pressure
|turn|52
|inactive|Glidinganteater has 90 seconds left.
|
|t:|1622950541
|move|p1a: Raikou|Thunderbolt|p2a: Cobalion
|-damage|p2a: Cobalion|22/100
|move|p2a: Cobalion|Close Combat|p1a: Raikou
|-damage|p1a: Raikou|29/100
|-unboost|p2a: Cobalion|def|1
|-unboost|p2a: Cobalion|spd|1
|
|upkeep
|turn|53
|inactive|Glidinganteater has 90 seconds left.
|
|t:|1622950548
|switch|p2a: Gastrodon|Gastrodon, M|33/100
|move|p1a: Raikou|Aura Sphere|p2a: Gastrodon
|-damage|p2a: Gastrodon|8/100
|
|-heal|p2a: Gastrodon|14/100|[from] item: Leftovers
|upkeep
|turn|54
|
|t:|1622950555
|move|p1a: Raikou|Aura Sphere|p2a: Gastrodon
|-crit|p2a: Gastrodon
|-damage|p2a: Gastrodon|0 fnt
|faint|p2a: Gastrodon
|
|upkeep
|
|t:|1622950558
|switch|p2a: Golisopod|Golisopod, M|66/100
|turn|55
|
|t:|1622950588
|switch|p1a: Heracross|Heracross, M|51/100 brn
|move|p2a: Golisopod|Liquidation|p1a: Heracross
|-damage|p1a: Heracross|0 fnt
|faint|p1a: Heracross
|
|upkeep
|
|t:|1622950591
|switch|p1a: Raikou|Raikou|29/100
|-ability|p1a: Raikou|Pressure
|turn|56
|j| GarmanitanIsTrash
|c|☆Glidinganteater|Gg
|c|☆pktd44|gg
|l| GarmanitanIsTrash
|
|t:|1622950599
|switch|p2a: Cobalion|Cobalion|22/100
|move|p1a: Raikou|Thunderbolt|p2a: Cobalion
|-damage|p2a: Cobalion|0 fnt
|faint|p2a: Cobalion
|
|upkeep
|
|t:|1622950601
|switch|p2a: Golisopod|Golisopod, M|66/100
|turn|57
|
|t:|1622950603
|move|p2a: Golisopod|First Impression|p1a: Raikou
|-damage|p1a: Raikou|0 fnt
|faint|p1a: Raikou
|
|win|Glidinganteater
|raw|pktd44's rating: 1346 &rarr; <strong>1334</strong><br />(-12 for losing)
|raw|Glidinganteater's rating: 1495 &rarr; <strong>1507</strong><br />(+12 for winning)
|l|☆pktd44
|c|☆Glidinganteater|Wp
