|raw|<div class="broadcast-blue"><strong>This battle is required to be public due to a player having a name starting with 'rult70'.</div>
|j|‽toxrus1
|j|☆rult70m mac3 ✝
|t:|1626513892
|gametype|singles
|player|p1|toxrus1|beauty-gen4dp|1380
|player|p2|rult70m mac3 ✝|roxie|1446
|teamsize|p1|6
|teamsize|p2|6
|gen|8
|tier|[Gen 8] RU
|rated|
|rule|Sleep Clause Mod: Limit one foe put to sleep
|rule|Species Clause: Limit one of each Pokémon
|rule|OHKO Clause: OHKO moves are banned
|rule|Evasion Moves Clause: Evasion moves are banned
|rule|Endless Battle Clause: Forcing endless battles is banned
|rule|HP Percentage Mod: HP is shown in percentages
|rule|Dynamax Clause: You cannot dynamax
|clearpoke
|poke|p1|Indeedee, M|
|poke|p1|Incineroar, F|
|poke|p1|Cobalion|
|poke|p1|Noivern, M|
|poke|p1|Seismitoad, M|
|poke|p1|Toxtricity, M|
|poke|p2|Reuniclus, F|
|poke|p2|Metagross|
|poke|p2|Gastrodon, F|
|poke|p2|Tyrantrum, M|
|poke|p2|Roserade, M|
|poke|p2|Togekiss, M|
|teampreview
|inactive|Battle timer is ON: inactive players will automatically lose when time's up. (requested by toxrus1)
|
|t:|1626513925
|start
|switch|p1a: Indeedee|Indeedee, M|100/100
|switch|p2a: everywhere|Tyrantrum, M|100/100
|-fieldstart|move: Psychic Terrain|[from] ability: Psychic Surge|[of] p1a: Indeedee
|turn|1
|
|t:|1626513938
|switch|p2a: little lies|Metagross|100/100
|move|p1a: Indeedee|Expanding Force|p2a: little lies
|-resisted|p2a: little lies
|-damage|p2a: little lies|80/100
|
|upkeep
|turn|2
|j|@EviGaro
|
|t:|1626513954
|switch|p1a: Seismitoad|Seismitoad, M|100/100
|move|p2a: little lies|Earthquake|p1a: Seismitoad
|-damage|p1a: Seismitoad|61/100
|
|-heal|p1a: Seismitoad|67/100|[from] item: Leftovers
|upkeep
|turn|3
|
|t:|1626513974
|switch|p2a: isnt it midnight|Roserade, M|100/100
|move|p1a: Seismitoad|Stealth Rock|p2a: isnt it midnight
|-sidestart|p2: rult70m mac3 ✝|move: Stealth Rock
|
|-heal|p1a: Seismitoad|73/100|[from] item: Leftovers
|upkeep
|turn|4
|
|t:|1626513986
|switch|p1a: Toxtricity|Toxtricity, M|100/100
|move|p2a: isnt it midnight|Sludge Bomb|p1a: Toxtricity
|-resisted|p1a: Toxtricity
|-damage|p1a: Toxtricity|66/100
|
|upkeep
|turn|5
|
|t:|1626513999
|move|p2a: isnt it midnight|Sludge Bomb|p1a: Toxtricity
|-resisted|p1a: Toxtricity
|-damage|p1a: Toxtricity|31/100
|move|p1a: Toxtricity|Boomburst|p2a: isnt it midnight
|-damage|p2a: isnt it midnight|0 fnt
|faint|p2a: isnt it midnight
|
|-fieldend|move: Psychic Terrain
|upkeep
|
|t:|1626514004
|switch|p2a: everywhere|Tyrantrum, M|100/100
|-damage|p2a: everywhere|88/100|[from] Stealth Rock
|turn|6
|
|t:|1626514013
|switch|p1a: Cobalion|Cobalion|100/100
|move|p2a: everywhere|Close Combat|p1a: Cobalion
|-supereffective|p1a: Cobalion
|-damage|p1a: Cobalion|31/100
|-unboost|p2a: everywhere|def|1
|-unboost|p2a: everywhere|spd|1
|
|upkeep
|turn|7
|
|t:|1626514033
|move|p2a: everywhere|Close Combat|p1a: Cobalion
|-supereffective|p1a: Cobalion
|-damage|p1a: Cobalion|0 fnt
|-unboost|p2a: everywhere|def|1
|-unboost|p2a: everywhere|spd|1
|faint|p1a: Cobalion
|
|upkeep
|
|t:|1626514037
|switch|p1a: Indeedee|Indeedee, M|100/100
|-fieldstart|move: Psychic Terrain|[from] ability: Psychic Surge|[of] p1a: Indeedee
|turn|8
|inactive|rult70m mac3 ✝ has 120 seconds left.
|
|t:|1626514076
|switch|p2a: mystified|Reuniclus, F|100/100
|move|p1a: Indeedee|Trick|p2a: mystified
|-activate|p1a: Indeedee|move: Trick|[of] p2a: mystified
|-item|p2a: mystified|Choice Scarf|[from] move: Trick
|-item|p1a: Indeedee|Leftovers|[from] move: Trick
|
|upkeep
|turn|9
|inactive|rult70m mac3 ✝ has 120 seconds left.
|
|t:|1626514090
|move|p1a: Indeedee|Mystical Fire|p2a: mystified
|-damage|p2a: mystified|78/100
|-unboost|p2a: mystified|spa|1
|move|p2a: mystified|Focus Blast|p1a: Indeedee|[miss]
|-miss|p2a: mystified|p1a: Indeedee
|
|upkeep
|turn|10
|inactive|rult70m mac3 ✝ has 120 seconds left.
|
|t:|1626514106
|move|p1a: Indeedee|Mystical Fire|p2a: mystified
|-damage|p2a: mystified|58/100
|-unboost|p2a: mystified|spa|1
|move|p2a: mystified|Focus Blast|p1a: Indeedee
|-damage|p1a: Indeedee|76/100
|
|-heal|p1a: Indeedee|82/100|[from] item: Leftovers
|upkeep
|turn|11
|
|t:|1626514124
|switch|p1a: Noivern|Noivern, M|100/100
|-item|p2a: mystified|Choice Scarf|[from] ability: Frisk|[of] p1a: Noivern|[identify]
|switch|p2a: everywhere|Tyrantrum, M|88/100
|-damage|p2a: everywhere|76/100|[from] Stealth Rock
|
|upkeep
|turn|12
|
|t:|1626514137
|switch|p2a: little lies|Metagross|80/100
|-damage|p2a: little lies|74/100|[from] Stealth Rock
|switch|p1a: Incineroar|Incineroar, F|100/100
|-ability|p1a: Incineroar|Intimidate|boost
|-fail|p2a: little lies|unboost|[from] ability: Clear Body|[of] p2a: little lies
|
|-fieldend|move: Psychic Terrain
|upkeep
|turn|13
|
|t:|1626514147
|move|p2a: little lies|Earthquake|p1a: Incineroar
|-supereffective|p1a: Incineroar
|-damage|p1a: Incineroar|0 fnt
|faint|p1a: Incineroar
|
|upkeep
|
|t:|1626514154
|switch|p1a: Noivern|Noivern, M|100/100
|-item|p2a: little lies|Choice Band|[from] ability: Frisk|[of] p1a: Noivern|[identify]
|turn|14
|
|t:|1626514163
|switch|p2a: big love|Togekiss, M|100/100
|move|p1a: Noivern|U-turn|p2a: big love
|-resisted|p2a: big love
|-damage|p2a: big love|98/100
|
|t:|1626514167
|switch|p1a: Indeedee|Indeedee, M|82/100|[from]move: U-turn
|-fieldstart|move: Psychic Terrain|[from] ability: Psychic Surge|[of] p1a: Indeedee
|
|-heal|p1a: Indeedee|88/100|[from] item: Leftovers
|upkeep
|turn|15
|
|t:|1626514179
|switch|p2a: mystified|Reuniclus, F|58/100
|move|p1a: Indeedee|Expanding Force|p2a: mystified
|-resisted|p2a: mystified
|-damage|p2a: mystified|23/100
|
|-heal|p1a: Indeedee|94/100|[from] item: Leftovers
|upkeep
|turn|16
|
|t:|1626514184
|move|p1a: Indeedee|Expanding Force|p2a: mystified
|-resisted|p2a: mystified
|-damage|p2a: mystified|0 fnt
|faint|p2a: mystified
|
|-heal|p1a: Indeedee|100/100|[from] item: Leftovers
|upkeep
|
|t:|1626514195
|switch|p2a: everywhere|Tyrantrum, M|76/100
|-damage|p2a: everywhere|63/100|[from] Stealth Rock
|turn|17
|
|t:|1626514201
|switch|p1a: Noivern|Noivern, M|100/100
|-item|p2a: everywhere|Choice Scarf|[from] ability: Frisk|[of] p1a: Noivern|[identify]
|move|p2a: everywhere|Close Combat|p1a: Noivern
|-resisted|p1a: Noivern
|-crit|p1a: Noivern
|-damage|p1a: Noivern|69/100
|-unboost|p2a: everywhere|def|1
|-unboost|p2a: everywhere|spd|1
|
|upkeep
|turn|18
|
|t:|1626514212
|switch|p2a: little lies|Metagross|74/100
|-damage|p2a: little lies|68/100|[from] Stealth Rock
|move|p1a: Noivern|U-turn|p2a: little lies
|-damage|p2a: little lies|58/100
|
|t:|1626514230
|switch|p1a: Seismitoad|Seismitoad, M|73/100|[from]move: U-turn
|
|-heal|p1a: Seismitoad|79/100|[from] item: Leftovers
|-fieldend|move: Psychic Terrain
|upkeep
|turn|19
|
|t:|1626514238
|move|p2a: little lies|Zen Headbutt|p1a: Seismitoad|[miss]
|-miss|p2a: little lies|p1a: Seismitoad
|move|p1a: Seismitoad|Knock Off|p2a: little lies
|-supereffective|p2a: little lies
|-damage|p2a: little lies|17/100
|-enditem|p2a: little lies|Choice Band|[from] move: Knock Off|[of] p1a: Seismitoad
|
|-heal|p1a: Seismitoad|85/100|[from] item: Leftovers
|upkeep
|turn|20
|
|t:|1626514252
|move|p2a: little lies|Zen Headbutt|p1a: Seismitoad
|-damage|p1a: Seismitoad|50/100
|move|p1a: Seismitoad|Knock Off|p2a: little lies
|-supereffective|p2a: little lies
|-damage|p2a: little lies|0 fnt
|faint|p2a: little lies
|
|-heal|p1a: Seismitoad|56/100|[from] item: Leftovers
|upkeep
|
|t:|1626514258
|switch|p2a: big love|Togekiss, M|98/100
|turn|21
|
|t:|1626514264
|switch|p1a: Indeedee|Indeedee, M|100/100
|-fieldstart|move: Psychic Terrain|[from] ability: Psychic Surge|[of] p1a: Indeedee
|move|p2a: big love|Air Slash|p1a: Indeedee|[miss]
|-miss|p2a: big love|p1a: Indeedee
|
|upkeep
|turn|22
|j| rult70dr
|
|t:|1626514276
|switch|p2a: tango in the night|Gastrodon, F|100/100
|move|p1a: Indeedee|Expanding Force|p2a: tango in the night
|-damage|p2a: tango in the night|32/100
|
|upkeep
|turn|23
|
|t:|1626514281
|move|p1a: Indeedee|Expanding Force|p2a: tango in the night
|-damage|p2a: tango in the night|0 fnt
|faint|p2a: tango in the night
|
|upkeep
|
|t:|1626514284
|switch|p2a: everywhere|Tyrantrum, M|63/100
|-damage|p2a: everywhere|51/100|[from] Stealth Rock
|turn|24
|
|t:|1626514288
|switch|p1a: Toxtricity|Toxtricity, M|31/100
|move|p2a: everywhere|Head Smash|p1a: Toxtricity|[miss]
|-miss|p2a: everywhere|p1a: Toxtricity
|
|upkeep
|turn|25
|
|t:|1626514294
|move|p2a: everywhere|Head Smash|p1a: Toxtricity
|-damage|p1a: Toxtricity|0 fnt
|faint|p1a: Toxtricity
|
|-fieldend|move: Psychic Terrain
|upkeep
|
|t:|1626514297
|switch|p1a: Seismitoad|Seismitoad, M|56/100
|turn|26
|
|t:|1626514305
|switch|p2a: big love|Togekiss, M|98/100
|move|p1a: Seismitoad|Knock Off|p2a: big love
|-resisted|p2a: big love
|-damage|p2a: big love|89/100
|-enditem|p2a: big love|Heavy-Duty Boots|[from] move: Knock Off|[of] p1a: Seismitoad
|
|-heal|p1a: Seismitoad|62/100|[from] item: Leftovers
|upkeep
|turn|27
|
|t:|1626514311
|switch|p2a: everywhere|Tyrantrum, M|51/100
|-damage|p2a: everywhere|38/100|[from] Stealth Rock
|switch|p1a: Indeedee|Indeedee, M|100/100
|-fieldstart|move: Psychic Terrain|[from] ability: Psychic Surge|[of] p1a: Indeedee
|
|upkeep
|turn|28
|
|t:|1626514316
|switch|p1a: Noivern|Noivern, M|69/100
|-item|p2a: everywhere|Choice Scarf|[from] ability: Frisk|[of] p1a: Noivern|[identify]
|move|p2a: everywhere|Head Smash|p1a: Noivern
|-supereffective|p1a: Noivern
|-damage|p1a: Noivern|0 fnt
|faint|p1a: Noivern
|
|upkeep
|
|t:|1626514321
|switch|p1a: Seismitoad|Seismitoad, M|62/100
|turn|29
|
|t:|1626514324
|switch|p2a: big love|Togekiss, M|89/100
|-damage|p2a: big love|64/100|[from] Stealth Rock
|move|p1a: Seismitoad|Scald|p2a: big love
|-damage|p2a: big love|43/100
|-status|p2a: big love|brn
|
|-heal|p1a: Seismitoad|68/100|[from] item: Leftovers
|-damage|p2a: big love|36/100 brn|[from] brn
|upkeep
|turn|30
|
|t:|1626514338
|switch|p2a: everywhere|Tyrantrum, M|38/100
|-damage|p2a: everywhere|26/100|[from] Stealth Rock
|switch|p1a: Indeedee|Indeedee, M|100/100
|
|upkeep
|turn|31
|
|t:|1626514354
|move|p2a: everywhere|Head Smash|p1a: Indeedee
|-damage|p1a: Indeedee|0 fnt
|faint|p1a: Indeedee
|
|-fieldend|move: Psychic Terrain
|upkeep
|
|t:|1626514356
|switch|p1a: Seismitoad|Seismitoad, M|68/100
|turn|32
|
|t:|1626514360
|move|p2a: everywhere|Head Smash|p1a: Seismitoad
|-resisted|p1a: Seismitoad
|-damage|p1a: Seismitoad|43/100
|move|p1a: Seismitoad|Scald|p2a: everywhere
|-damage|p2a: everywhere|0 fnt
|faint|p2a: everywhere
|
|-heal|p1a: Seismitoad|49/100|[from] item: Leftovers
|upkeep
|
|t:|1626514363
|switch|p2a: big love|Togekiss, M|36/100 brn
|-damage|p2a: big love|11/100 brn|[from] Stealth Rock
|turn|33
|
|t:|1626514370
|move|p2a: big love|Roost|p2a: big love
|-heal|p2a: big love|62/100 brn
|-singleturn|p2a: big love|move: Roost
|move|p1a: Seismitoad|Earthquake|p2a: big love
|-damage|p2a: big love|28/100 brn
|
|-heal|p1a: Seismitoad|55/100|[from] item: Leftovers
|-damage|p2a: big love|22/100 brn|[from] brn
|upkeep
|turn|34
|
|t:|1626514377
|move|p2a: big love|Roost|p2a: big love
|-heal|p2a: big love|72/100 brn
|-singleturn|p2a: big love|move: Roost
|move|p1a: Seismitoad|Scald|p2a: big love
|-damage|p2a: big love|53/100 brn
|
|-heal|p1a: Seismitoad|61/100|[from] item: Leftovers
|-damage|p2a: big love|46/100 brn|[from] brn
|upkeep
|turn|35
|
|t:|1626514382
|move|p2a: big love|Air Slash|p1a: Seismitoad
|-damage|p1a: Seismitoad|31/100
|cant|p1a: Seismitoad|flinch
|
|-heal|p1a: Seismitoad|37/100|[from] item: Leftovers
|-damage|p2a: big love|40/100 brn|[from] brn
|upkeep
|turn|36
|
|t:|1626514386
|move|p2a: big love|Air Slash|p1a: Seismitoad
|-damage|p1a: Seismitoad|7/100
|cant|p1a: Seismitoad|flinch
|
|-heal|p1a: Seismitoad|13/100|[from] item: Leftovers
|-damage|p2a: big love|34/100 brn|[from] brn
|upkeep
|turn|37
|
|t:|1626514390
|move|p2a: big love|Flamethrower|p1a: Seismitoad
|-resisted|p1a: Seismitoad
|-damage|p1a: Seismitoad|1/100
|-status|p1a: Seismitoad|brn
|move|p1a: Seismitoad|Scald|p2a: big love
|-damage|p2a: big love|14/100 brn
|
|-heal|p1a: Seismitoad|7/100 brn|[from] item: Leftovers
|-damage|p2a: big love|8/100 brn|[from] brn
|-damage|p1a: Seismitoad|1/100 brn|[from] brn
|upkeep
|turn|38
|c|☆rult70m mac3 ✝|gg
|
|t:|1626514398
|move|p2a: big love|Flamethrower|p1a: Seismitoad
|-resisted|p1a: Seismitoad
|-damage|p1a: Seismitoad|0 fnt
|faint|p1a: Seismitoad
|
|win|rult70m mac3 ✝
|raw|toxrus1's rating: 1380 &rarr; <strong>1364</strong><br />(-16 for losing)
|raw|rult70m mac3 ✝'s rating: 1446 &rarr; <strong>1462</strong><br />(+16 for winning)
