|j|☆its oyster time
|j|☆ukulelebengio
|inactive|Battle timer is ON: inactive players will automatically lose when time's up.
|t:|1658155228
|gametype|singles
|player|p1|its oyster time|volkner|
|player|p2|ukulelebengio|morty|
|teamsize|p1|6
|teamsize|p2|6
|gen|8
|tier|[Gen 8] RU
|rated|Tournament battle
|rule|Sleep Clause Mod: Limit one foe put to sleep
|rule|Species Clause: Limit one of each Pokémon
|rule|OHKO Clause: OHKO moves are banned
|rule|Evasion Moves Clause: Evasion moves are banned
|rule|Endless Battle Clause: Forcing endless battles is banned
|rule|HP Percentage Mod: HP is shown in percentages
|rule|Dynamax Clause: You cannot dynamax
|clearpoke
|poke|p1|Abomasnow, F|
|poke|p1|Aurorus, F|
|poke|p1|Gardevoir, F|
|poke|p1|Arctovish|
|poke|p1|Flygon, F|
|poke|p1|Scolipede, F|
|poke|p2|Heracross, M|
|poke|p2|Flygon, M|
|poke|p2|Lucario, M|
|poke|p2|Incineroar, M|
|poke|p2|Nidoqueen, F|
|poke|p2|Crobat, M|
|teampreview
|inactive|its oyster time also wants the timer to be on.
|inactive|ukulelebengio has 120 seconds left.
|
|t:|1658155265
|start
|switch|p1a: Aurorus|Aurorus, F|100/100
|switch|p2a: Heracross|Heracross, M|100/100
|-weather|Hail|[from] ability: Snow Warning|[of] p1a: Aurorus
|turn|1
|j|%yOuRwElCoMeThAnk
|inactive|its oyster time has 120 seconds left.
|
|t:|1658155296
|switch|p1a: Abomasnow|Abomasnow, F|100/100
|move|p2a: Heracross|Close Combat|p1a: Abomasnow
|-supereffective|p1a: Abomasnow
|-damage|p1a: Abomasnow|0 fnt
|-unboost|p2a: Heracross|def|1
|-unboost|p2a: Heracross|spd|1
|faint|p1a: Abomasnow
|-ability|p2a: Heracross|Moxie|boost
|-boost|p2a: Heracross|atk|1
|
|-weather|Hail|[upkeep]
|-damage|p2a: Heracross|95/100|[from] Hail
|upkeep
|
|t:|1658155301
|switch|p1a: Arctovish|Arctovish|100/100
|turn|2
|
|t:|1658155329
|switch|p2a: Incineroar|Incineroar, M|100/100
|-ability|p2a: Incineroar|Intimidate|boost
|-unboost|p1a: Arctovish|atk|1
|switch|p1a: Gardevoir|Gardevoir, F|100/100
|-ability|p1a: Gardevoir|Intimidate|[from] ability: Trace|[of] p2a: Incineroar
|-ability|p1a: Gardevoir|Intimidate|boost
|-unboost|p2a: Incineroar|atk|1
|
|-weather|Hail|[upkeep]
|-damage|p1a: Gardevoir|94/100|[from] Hail
|-damage|p2a: Incineroar|94/100|[from] Hail
|upkeep
|turn|3
|
|t:|1658155344
|switch|p1a: Flygon|Flygon, F|100/100
|move|p2a: Incineroar|Parting Shot|p1a: Flygon
|-unboost|p1a: Flygon|atk|1
|-unboost|p1a: Flygon|spa|1
|inactive|ukulelebengio has 120 seconds left.
|
|t:|1658155385
|switch|p2a: Nidoqueen|Nidoqueen, F|100/100|[from]move: Parting Shot
|
|-weather|Hail|[upkeep]
|-damage|p1a: Flygon|95/100|[from] Hail
|-damage|p2a: Nidoqueen|94/100|[from] Hail
|upkeep
|turn|4
|
|t:|1658155393
|switch|p1a: Arctovish|Arctovish|100/100
|move|p2a: Nidoqueen|Ice Beam|p1a: Arctovish
|-resisted|p1a: Arctovish
|-damage|p1a: Arctovish|91/100
|
|-weather|Hail|[upkeep]
|-damage|p2a: Nidoqueen|88/100|[from] Hail
|upkeep
|turn|5
|
|t:|1658155403
|switch|p2a: Incineroar|Incineroar, M|94/100
|-ability|p2a: Incineroar|Intimidate|boost
|-unboost|p1a: Arctovish|atk|1
|move|p1a: Arctovish|Fishious Rend|p2a: Incineroar
|-supereffective|p2a: Incineroar
|-damage|p2a: Incineroar|0 fnt
|faint|p2a: Incineroar
|-damage|p1a: Arctovish|81/100|[from] item: Life Orb
|
|-weather|Hail|[upkeep]
|upkeep
|
|t:|1658155410
|switch|p2a: Heracross|Heracross, M|95/100
|turn|6
|
|t:|1658155423
|move|p1a: Arctovish|Protect|p1a: Arctovish
|-singleturn|p1a: Arctovish|Protect
|move|p2a: Heracross|Stone Edge|p1a: Arctovish
|-activate|p1a: Arctovish|move: Protect
|
|-weather|Hail|[upkeep]
|-damage|p2a: Heracross|89/100|[from] Hail
|upkeep
|turn|7
|
|t:|1658155430
|switch|p1a: Flygon|Flygon, F|95/100
|move|p2a: Heracross|Stone Edge|p1a: Flygon
|-resisted|p1a: Flygon
|-damage|p1a: Flygon|70/100
|
|-weather|Hail|[upkeep]
|-damage|p2a: Heracross|83/100|[from] Hail
|-damage|p1a: Flygon|64/100|[from] Hail
|upkeep
|turn|8
|inactive|ukulelebengio has 120 seconds left.
|
|t:|1658155439
|switch|p2a: Crobat|Crobat, M|100/100
|move|p1a: Flygon|Dragon Dance|p1a: Flygon
|-boost|p1a: Flygon|atk|1
|-boost|p1a: Flygon|spe|1
|
|-weather|none
|upkeep
|turn|9
|
|t:|1658155446
|move|p1a: Flygon|Stone Edge|p2a: Crobat
|-supereffective|p2a: Crobat
|-damage|p2a: Crobat|0 fnt
|faint|p2a: Crobat
|
|upkeep
|
|t:|1658155458
|switch|p2a: Flygon|Flygon, M|100/100
|turn|10
|
|t:|1658155461
|move|p1a: Flygon|Outrage|p2a: Flygon
|-supereffective|p2a: Flygon
|-damage|p2a: Flygon|0 fnt
|faint|p2a: Flygon
|
|upkeep
|
|t:|1658155465
|switch|p2a: Lucario|Lucario, M|100/100
|turn|11
|
|t:|1658155472
|move|p1a: Flygon|Outrage|p2a: Lucario|[from]lockedmove
|-resisted|p2a: Lucario
|-damage|p2a: Lucario|33/100
|move|p2a: Lucario|Swords Dance|p2a: Lucario
|-boost|p2a: Lucario|atk|2
|
|upkeep
|turn|12
|
|t:|1658155476
|move|p2a: Lucario|Extreme Speed|p1a: Flygon
|-crit|p1a: Flygon
|-damage|p1a: Flygon|0 fnt
|faint|p1a: Flygon
|-damage|p2a: Lucario|23/100|[from] item: Life Orb
|
|upkeep
|
|t:|1658155486
|switch|p1a: Gardevoir|Gardevoir, F|94/100
|-ability|p1a: Gardevoir|Inner Focus|[from] ability: Trace|[of] p2a: Lucario
|turn|13
|
|t:|1658155491
|switch|p1a: Aurorus|Aurorus, F|100/100
|-weather|Hail|[from] ability: Snow Warning|[of] p1a: Aurorus
|move|p2a: Lucario|Extreme Speed|p1a: Aurorus
|-resisted|p1a: Aurorus
|-damage|p1a: Aurorus|61/100
|-damage|p2a: Lucario|13/100|[from] item: Life Orb
|
|-weather|Hail|[upkeep]
|-damage|p2a: Lucario|7/100|[from] Hail
|upkeep
|turn|14
|-message|ukulelebengio forfeited.
|
|win|its oyster time
|n|☆its oyster time|itsoystertime
|n|☆ukulelebengio|ukulelebengio
|n| yOuRwElCoMeThAnk|yourwelcomethank
