|j|☆Ill Leave
|j|☆Ren19
|t:|1665449322
|gametype|singles
|player|p1|Ill Leave|1|1422
|player|p2|Ren19|gentleman-gen4|1462
|teamsize|p1|6
|teamsize|p2|6
|gen|8
|tier|[Gen 8] RU
|rated|
|rule|Sleep Clause Mod: Limit one foe put to sleep
|rule|Species Clause: Limit one of each Pokémon
|rule|OHKO Clause: OHKO moves are banned
|rule|Evasion Items Clause: Evasion items are banned
|rule|Evasion Moves Clause: Evasion moves are banned
|rule|Endless Battle Clause: Forcing endless battles is banned
|rule|HP Percentage Mod: HP is shown in percentages
|rule|Dynamax Clause: You cannot dynamax
|clearpoke
|poke|p1|Weezing-Galar, F|
|poke|p1|Suicune|
|poke|p1|Metagross|
|poke|p1|Bronzong|
|poke|p1|Bewear, M|
|poke|p1|Tentacruel, F|
|poke|p2|Crobat, F|
|poke|p2|Umbreon, M|
|poke|p2|Kingdra, F|
|poke|p2|Reuniclus, M|
|poke|p2|Rhyperior, M|
|poke|p2|Porygon-Z|
|teampreview
|
|t:|1665449355
|start
|switch|p1a: Bewear|Bewear, M|100/100
|switch|p2a: Porygon-Z|Porygon-Z|100/100
|turn|1
|
|t:|1665449366
|switch|p2a: Crobat|Crobat, F|100/100
|switch|p1a: Bronzong|Bronzong|100/100
|
|upkeep
|turn|2
|
|t:|1665449372
|move|p2a: Crobat|U-turn|p1a: Bronzong
|-damage|p1a: Bronzong|75/100
|
|t:|1665449376
|switch|p2a: Porygon-Z|Porygon-Z|100/100|[from]move: U-turn
|move|p1a: Bronzong|Heavy Slam|p2a: Porygon-Z
|-damage|p2a: Porygon-Z|50/100
|
|-heal|p1a: Bronzong|81/100|[from] item: Leftovers
|upkeep
|turn|3
|
|t:|1665449379
|move|p2a: Porygon-Z|Trick|p1a: Bronzong
|-activate|p2a: Porygon-Z|move: Trick|[of] p1a: Bronzong
|-item|p1a: Bronzong|Choice Scarf|[from] move: Trick
|-item|p2a: Porygon-Z|Leftovers|[from] move: Trick
|move|p1a: Bronzong|Heavy Slam|p2a: Porygon-Z
|-damage|p2a: Porygon-Z|0 fnt
|faint|p2a: Porygon-Z
|
|upkeep
|
|t:|1665449386
|switch|p2a: Hydra|Kingdra, F|100/100
|turn|4
|
|t:|1665449390
|switch|p1a: Suicune|Suicune|100/100
|-ability|p1a: Suicune|Pressure
|move|p2a: Hydra|Dragon Dance|p2a: Hydra
|-boost|p2a: Hydra|atk|1
|-boost|p2a: Hydra|spe|1
|
|upkeep
|turn|5
|
|t:|1665449393
|move|p2a: Hydra|Substitute|p2a: Hydra
|-start|p2a: Hydra|Substitute
|-damage|p2a: Hydra|76/100
|move|p1a: Suicune|Roar|p2a: Hydra
|drag|p2a: Reuniclus|Reuniclus, M|100/100
|
|upkeep
|turn|6
|
|t:|1665449400
|switch|p1a: Bronzong|Bronzong|81/100
|move|p2a: Reuniclus|Calm Mind|p2a: Reuniclus
|-boost|p2a: Reuniclus|spa|1
|-boost|p2a: Reuniclus|spd|1
|
|upkeep
|turn|7
|
|t:|1665449406
|move|p1a: Bronzong|Stealth Rock|p2a: Reuniclus
|-sidestart|p2: Ren19|move: Stealth Rock
|move|p2a: Reuniclus|Focus Blast|p1a: Bronzong
|-damage|p1a: Bronzong|46/100
|
|upkeep
|turn|8
|
|t:|1665449416
|switch|p1a: Suicune|Suicune|100/100
|-ability|p1a: Suicune|Pressure
|move|p2a: Reuniclus|Calm Mind|p2a: Reuniclus
|-boost|p2a: Reuniclus|spa|1
|-boost|p2a: Reuniclus|spd|1
|
|upkeep
|turn|9
|
|t:|1665449419
|move|p2a: Reuniclus|Psyshock|p1a: Suicune
|-damage|p1a: Suicune|62/100
|move|p1a: Suicune|Roar|p2a: Reuniclus
|drag|p2a: Hydra|Kingdra, F|76/100
|-damage|p2a: Hydra|63/100|[from] Stealth Rock
|
|-heal|p1a: Suicune|68/100|[from] item: Leftovers
|upkeep
|turn|10
|
|t:|1665449427
|move|p2a: Hydra|Outrage|p1a: Suicune
|-damage|p1a: Suicune|37/100
|move|p1a: Suicune|Roar|p2a: Hydra
|drag|p2a: Rhyperior|Rhyperior, M|100/100
|-damage|p2a: Rhyperior|94/100|[from] Stealth Rock
|
|-heal|p1a: Suicune|43/100|[from] item: Leftovers
|upkeep
|turn|11
|
|t:|1665449443
|switch|p2a: Burakki|Umbreon, M|100/100
|-damage|p2a: Burakki|88/100|[from] Stealth Rock
|move|p1a: Suicune|Scald|p2a: Burakki
|-damage|p2a: Burakki|75/100
|
|-heal|p1a: Suicune|50/100|[from] item: Leftovers
|-heal|p2a: Burakki|81/100|[from] item: Leftovers
|upkeep
|turn|12
|
|t:|1665449453
|switch|p1a: Bewear|Bewear, M|100/100
|move|p2a: Burakki|Wish|p2a: Burakki
|
|-heal|p2a: Burakki|87/100|[from] item: Leftovers
|upkeep
|turn|13
|
|t:|1665449459
|switch|p2a: Rhyperior|Rhyperior, M|94/100
|-damage|p2a: Rhyperior|88/100|[from] Stealth Rock
|move|p1a: Bewear|Double-Edge|p2a: Rhyperior
|-resisted|p2a: Rhyperior
|-damage|p2a: Rhyperior|55/100
|-damage|p1a: Bewear|84/100|[from] item: Rocky Helmet|[of] p2a: Rhyperior
|-damage|p1a: Bewear|72/100|[from] Recoil
|
|-heal|p2a: Rhyperior|100/100|[from] move: Wish|[wisher] Burakki
|upkeep
|turn|14
|
|t:|1665449469
|switch|p1a: Bronzong|Bronzong|46/100
|move|p2a: Rhyperior|Stealth Rock|p1a: Bronzong
|-sidestart|p1: Ill Leave|move: Stealth Rock
|
|upkeep
|turn|15
|
|t:|1665449475
|move|p1a: Bronzong|Toxic|p2a: Rhyperior
|-status|p2a: Rhyperior|tox
|move|p2a: Rhyperior|Dragon Tail|p1a: Bronzong
|-resisted|p1a: Bronzong
|-crit|p1a: Bronzong
|-damage|p1a: Bronzong|34/100
|drag|p1a: Suicune|Suicune|50/100
|-damage|p1a: Suicune|37/100|[from] Stealth Rock
|-ability|p1a: Suicune|Pressure
|
|-heal|p1a: Suicune|43/100|[from] item: Leftovers
|-damage|p2a: Rhyperior|94/100 tox|[from] psn
|upkeep
|turn|16
|
|t:|1665449482
|switch|p2a: Burakki|Umbreon, M|87/100
|-damage|p2a: Burakki|75/100|[from] Stealth Rock
|move|p1a: Suicune|Scald|p2a: Burakki
|-damage|p2a: Burakki|61/100
|
|-heal|p1a: Suicune|50/100|[from] item: Leftovers
|-heal|p2a: Burakki|67/100|[from] item: Leftovers
|upkeep
|turn|17
|
|t:|1665449490
|move|p1a: Suicune|Calm Mind|p1a: Suicune
|-boost|p1a: Suicune|spa|1
|-boost|p1a: Suicune|spd|1
|move|p2a: Burakki|Wish|p2a: Burakki
|
|-heal|p1a: Suicune|56/100|[from] item: Leftovers
|-heal|p2a: Burakki|73/100|[from] item: Leftovers
|upkeep
|turn|18
|
|t:|1665449499
|switch|p2a: Hydra|Kingdra, F|63/100
|-damage|p2a: Hydra|51/100|[from] Stealth Rock
|move|p1a: Suicune|Roar|p2a: Hydra
|drag|p2a: Crobat|Crobat, F|100/100
|-damage|p2a: Crobat|76/100|[from] Stealth Rock
|
|-heal|p2a: Crobat|100/100|[from] move: Wish|[wisher] Burakki
|-heal|p1a: Suicune|62/100|[from] item: Leftovers
|upkeep
|turn|19
|
|t:|1665449504
|move|p2a: Crobat|Brave Bird|p1a: Suicune
|-damage|p1a: Suicune|22/100
|-damage|p2a: Crobat|83/100|[from] Recoil
|move|p1a: Suicune|Scald|p2a: Crobat
|-damage|p2a: Crobat|32/100
|
|-heal|p1a: Suicune|28/100|[from] item: Leftovers
|upkeep
|turn|20
|
|t:|1665449515
|switch|p1a: Metagross|Metagross|100/100
|-damage|p1a: Metagross|95/100|[from] Stealth Rock
|move|p2a: Crobat|Brave Bird|p1a: Metagross
|-resisted|p1a: Metagross
|-damage|p1a: Metagross|63/100
|-damage|p2a: Crobat|22/100|[from] Recoil
|
|upkeep
|turn|21
|
|t:|1665449521
|move|p2a: Crobat|Brave Bird|p1a: Metagross
|-resisted|p1a: Metagross
|-damage|p1a: Metagross|31/100
|-damage|p2a: Crobat|12/100|[from] Recoil
|move|p1a: Metagross|Meteor Mash|p2a: Crobat
|-damage|p2a: Crobat|0 fnt
|faint|p2a: Crobat
|
|upkeep
|
|t:|1665449531
|switch|p2a: Burakki|Umbreon, M|73/100
|-damage|p2a: Burakki|61/100|[from] Stealth Rock
|turn|22
|
|t:|1665449536
|switch|p1a: Bewear|Bewear, M|72/100
|-damage|p1a: Bewear|66/100|[from] Stealth Rock
|move|p2a: Burakki|Foul Play|p1a: Bewear
|-resisted|p1a: Bewear
|-damage|p1a: Bewear|51/100
|
|-heal|p2a: Burakki|67/100|[from] item: Leftovers
|upkeep
|turn|23
|
|t:|1665449544
|move|p2a: Burakki|Protect|p2a: Burakki
|-singleturn|p2a: Burakki|Protect
|move|p1a: Bewear|Double-Edge|p2a: Burakki
|-activate|p2a: Burakki|move: Protect
|
|-heal|p2a: Burakki|73/100|[from] item: Leftovers
|upkeep
|turn|24
|
|t:|1665449549
|switch|p2a: Rhyperior|Rhyperior, M|94/100 tox
|-damage|p2a: Rhyperior|88/100 tox|[from] Stealth Rock
|move|p1a: Bewear|Double-Edge|p2a: Rhyperior
|-resisted|p2a: Rhyperior
|-damage|p2a: Rhyperior|56/100 tox
|-damage|p1a: Bewear|35/100|[from] item: Rocky Helmet|[of] p2a: Rhyperior
|-damage|p1a: Bewear|23/100|[from] Recoil
|
|-damage|p2a: Rhyperior|50/100 tox|[from] psn
|upkeep
|turn|25
|
|t:|1665449560
|switch|p1a: Tentacruel|Tentacruel, F|100/100
|-damage|p1a: Tentacruel|88/100|[from] Stealth Rock
|move|p2a: Rhyperior|Dragon Tail|p1a: Tentacruel
|-damage|p1a: Tentacruel|62/100
|drag|p1a: Weezing|Weezing-Galar, F|100/100
|-ability|p1a: Weezing|Neutralizing Gas
|-damage|p1a: Weezing|88/100|[from] Stealth Rock
|
|-damage|p2a: Rhyperior|37/100 tox|[from] psn
|upkeep
|turn|26
|
|t:|1665449569
|move|p1a: Weezing|Strange Steam|p2a: Rhyperior
|-damage|p2a: Rhyperior|16/100 tox
|move|p2a: Rhyperior|Earthquake|p1a: Weezing
|-supereffective|p1a: Weezing
|-damage|p1a: Weezing|28/100
|
|-damage|p2a: Rhyperior|0 fnt|[from] psn
|faint|p2a: Rhyperior
|upkeep
|
|t:|1665449576
|switch|p2a: Reuniclus|Reuniclus, M|100/100
|-damage|p2a: Reuniclus|88/100|[from] Stealth Rock
|turn|27
|
|t:|1665449581
|move|p1a: Weezing|Pain Split|p2a: Reuniclus
|-sethp|p2a: Reuniclus|55/100|[from] move: Pain Split|[silent]
|-sethp|p1a: Weezing|70/100|[from] move: Pain Split
|move|p2a: Reuniclus|Calm Mind|p2a: Reuniclus
|-boost|p2a: Reuniclus|spa|1
|-boost|p2a: Reuniclus|spd|1
|
|-heal|p2a: Reuniclus|61/100|[from] item: Leftovers
|upkeep
|turn|28
|
|t:|1665449585
|move|p1a: Weezing|Toxic Spikes|p2a: Reuniclus
|-sidestart|p2: Ren19|move: Toxic Spikes
|move|p2a: Reuniclus|Calm Mind|p2a: Reuniclus
|-boost|p2a: Reuniclus|spa|1
|-boost|p2a: Reuniclus|spd|1
|
|-heal|p2a: Reuniclus|67/100|[from] item: Leftovers
|upkeep
|turn|29
|
|t:|1665449590
|-end|p1a: Weezing|ability: Neutralizing Gas
|switch|p1a: Tentacruel|Tentacruel, F|62/100
|-damage|p1a: Tentacruel|49/100|[from] Stealth Rock
|move|p2a: Reuniclus|Psyshock|p1a: Tentacruel
|-supereffective|p1a: Tentacruel
|-damage|p1a: Tentacruel|0 fnt
|faint|p1a: Tentacruel
|
|-heal|p2a: Reuniclus|74/100|[from] item: Leftovers
|upkeep
|
|t:|1665449596
|switch|p1a: Bronzong|Bronzong|34/100
|-damage|p1a: Bronzong|27/100|[from] Stealth Rock
|turn|30
|
|t:|1665449603
|move|p1a: Bronzong|Toxic|p2a: Reuniclus|[miss]
|-miss|p1a: Bronzong|p2a: Reuniclus
|move|p2a: Reuniclus|Recover|p2a: Reuniclus
|-heal|p2a: Reuniclus|100/100
|
|upkeep
|turn|31
|
|t:|1665449607
|move|p1a: Bronzong|Toxic|p2a: Reuniclus
|-status|p2a: Reuniclus|tox
|move|p2a: Reuniclus|Calm Mind|p2a: Reuniclus
|-boost|p2a: Reuniclus|spa|1
|-boost|p2a: Reuniclus|spd|1
|
|upkeep
|turn|32
|
|t:|1665449615
|move|p1a: Bronzong|Toxic|p2a: Reuniclus
|-fail|p2a: Reuniclus|tox
|move|p2a: Reuniclus|Psyshock|p1a: Bronzong
|-resisted|p1a: Bronzong
|-damage|p1a: Bronzong|8/100
|
|upkeep
|turn|33
|
|t:|1665449624
|move|p1a: Bronzong|Toxic|p2a: Reuniclus
|-fail|p2a: Reuniclus|tox
|move|p2a: Reuniclus|Calm Mind|p2a: Reuniclus
|-boost|p2a: Reuniclus|spa|1
|-boost|p2a: Reuniclus|spd|1
|
|upkeep
|turn|34
|
|t:|1665449629
|move|p1a: Bronzong|Toxic|p2a: Reuniclus
|-fail|p2a: Reuniclus|tox
|move|p2a: Reuniclus|Calm Mind|p2a: Reuniclus
|-boost|p2a: Reuniclus|spa|1
|-boost|p2a: Reuniclus|spd|1
|
|upkeep
|turn|35
|
|t:|1665449636
|switch|p1a: Weezing|Weezing-Galar, F|70/100
|-ability|p1a: Weezing|Neutralizing Gas
|-damage|p1a: Weezing|58/100|[from] Stealth Rock
|move|p2a: Reuniclus|Psyshock|p1a: Weezing
|-supereffective|p1a: Weezing
|-damage|p1a: Weezing|0 fnt
|faint|p1a: Weezing
|-end|p1a: Weezing|ability: Neutralizing Gas
|
|upkeep
|
|t:|1665449646
|switch|p1a: Bewear|Bewear, M|23/100
|-damage|p1a: Bewear|17/100|[from] Stealth Rock
|turn|36
|
|t:|1665449653
|move|p1a: Bewear|Double-Edge|p2a: Reuniclus
|-damage|p2a: Reuniclus|32/100 tox
|-damage|p1a: Bewear|0 fnt|[from] Recoil
|faint|p1a: Bewear
|move|p2a: Reuniclus|Psyshock|p1: Bewear|[notarget]
|-fail|p2a: Reuniclus
|
|-heal|p2a: Reuniclus|38/100 tox|[from] item: Leftovers
|upkeep
|
|t:|1665449661
|switch|p1a: Metagross|Metagross|31/100
|-damage|p1a: Metagross|25/100|[from] Stealth Rock
|turn|37
|
|t:|1665449665
|move|p1a: Metagross|Meteor Mash|p2a: Reuniclus
|-damage|p2a: Reuniclus|3/100 tox
|move|p2a: Reuniclus|Recover|p2a: Reuniclus
|-heal|p2a: Reuniclus|53/100 tox
|
|-heal|p2a: Reuniclus|59/100 tox|[from] item: Leftovers
|upkeep
|turn|38
|
|t:|1665449677
|move|p1a: Metagross|Meteor Mash|p2a: Reuniclus
|-crit|p2a: Reuniclus
|-damage|p2a: Reuniclus|8/100 tox
|move|p2a: Reuniclus|Psyshock|p1a: Metagross
|-resisted|p1a: Metagross
|-damage|p1a: Metagross|1/100
|
|-heal|p2a: Reuniclus|14/100 tox|[from] item: Leftovers
|upkeep
|turn|39
|inactive|Battle timer is ON: inactive players will automatically lose when time's up. (requested by Ren19)
|l|☆Ren19
|inactive|Ren19 disconnected and has a minute to reconnect!
|player|p2|
|inactive|Ren19 has 30 seconds to reconnect!
|inactive|Ren19 has 20 seconds to reconnect!
|inactive|Ren19 has 15 seconds to reconnect!
|j|☆Ren19
|inactive|Ren19 reconnected and has 105 seconds left.
|player|p2|Ren19|gentleman-gen4
|inactive|Ren19 has 90 seconds left.
|
|t:|1665449748
|move|p1a: Metagross|Earthquake|p2a: Reuniclus
|-damage|p2a: Reuniclus|0 fnt
|faint|p2a: Reuniclus
|
|upkeep
|
|t:|1665449758
|switch|p2a: Hydra|Kingdra, F|51/100
|-damage|p2a: Hydra|39/100|[from] Stealth Rock
|-status|p2a: Hydra|psn
|-enditem|p2a: Hydra|Lum Berry|[eat]
|-curestatus|p2a: Hydra|psn|[msg]
|turn|40
|
|t:|1665449766
|move|p2a: Hydra|Liquidation|p1a: Metagross
|-damage|p1a: Metagross|0 fnt
|faint|p1a: Metagross
|
|upkeep
|
|t:|1665449779
|switch|p1a: Suicune|Suicune|28/100
|-damage|p1a: Suicune|16/100|[from] Stealth Rock
|-ability|p1a: Suicune|Pressure
|turn|41
|
|t:|1665449782
|move|p2a: Hydra|Outrage|p1a: Suicune
|-damage|p1a: Suicune|0 fnt
|faint|p1a: Suicune
|
|upkeep
|c|☆Ren19|GG
|
|t:|1665449785
|switch|p1a: Bronzong|Bronzong|8/100
|-damage|p1a: Bronzong|1/100|[from] Stealth Rock
|turn|42
|
|t:|1665449791
|move|p2a: Hydra|Outrage|p1a: Bronzong|[from]lockedmove
|-resisted|p1a: Bronzong
|-damage|p1a: Bronzong|0 fnt
|faint|p1a: Bronzong
|-start|p2a: Hydra|confusion|[fatigue]
|
|win|Ren19
|raw|Ill Leave's rating: 1422 &rarr; <strong>1404</strong><br />(-18 for losing)
|raw|Ren19's rating: 1462 &rarr; <strong>1480</strong><br />(+18 for winning)
