|j|☆Mehdiocre
|j|☆Drrunk Nun
|player|p1|Mehdiocre|acetrainersnowf|1221
|player|p2|Drrunk Nun|lusamine-nihilego|1130
|teamsize|p1|6
|teamsize|p2|6
|gametype|singles
|gen|8
|tier|[Gen 8] RU
|rated|
|rule|Sleep Clause Mod: Limit one foe put to sleep
|rule|Species Clause: Limit one of each Pokémon
|rule|OHKO Clause: OHKO moves are banned
|rule|Evasion Moves Clause: Evasion moves are banned
|rule|Endless Battle Clause: Forcing endless battles is banned
|rule|HP Percentage Mod: HP is shown in percentages
|clearpoke
|poke|p1|Ninjask, M|
|poke|p1|Snorlax, F|
|poke|p1|Runerigus, M|
|poke|p1|Drifblim, M|
|poke|p1|Jolteon, F|
|poke|p1|Hitmontop, M|
|poke|p2|Goodra, M|
|poke|p2|Vaporeon, F|
|poke|p2|Indeedee-F, F|
|poke|p2|Torkoal, F|
|poke|p2|Pangoro, M|
|poke|p2|Shiinotic, M|
|rule|Dynamax Clause: You cannot dynamax
|teampreview
|
|start
|switch|p1a: Runerigus|Runerigus, M|100/100
|switch|p2a: Vaporeon|Vaporeon, F|100/100
|turn|1
|
|switch|p1a: Jolteon|Jolteon, F|100/100
|move|p2a: Vaporeon|Scald|p1a: Jolteon
|-damage|p1a: Jolteon|58/100
|
|upkeep
|turn|2
|
|move|p2a: Vaporeon|Protect|p2a: Vaporeon
|-singleturn|p2a: Vaporeon|Protect
|move|p1a: Jolteon|Volt Switch|p2a: Vaporeon
|-activate|p2a: Vaporeon|move: Protect
|
|upkeep
|turn|3
|
|switch|p2a: Goodra|Goodra, M|100/100
|move|p1a: Jolteon|Volt Switch|p2a: Goodra
|-resisted|p2a: Goodra
|-damage|p2a: Goodra|91/100
|
|switch|p1a: Runerigus|Runerigus, M|100/100|[from]move: Volt Switch
|
|upkeep
|turn|4
|
|move|p2a: Goodra|Draco Meteor|p1a: Runerigus
|-damage|p1a: Runerigus|39/100
|-unboost|p2a: Goodra|spa|2
|move|p1a: Runerigus|Toxic Spikes|p2a: Goodra
|-sidestart|p2: Drrunk Nun|move: Toxic Spikes
|
|-heal|p1a: Runerigus|45/100|[from] item: Leftovers
|upkeep
|turn|5
|
|move|p1a: Runerigus|Protect|p1a: Runerigus
|-singleturn|p1a: Runerigus|Protect
|move|p2a: Goodra|Draco Meteor|p1a: Runerigus
|-activate|p1a: Runerigus|move: Protect
|
|-heal|p1a: Runerigus|52/100|[from] item: Leftovers
|upkeep
|turn|6
|
|move|p2a: Goodra|Draco Meteor|p1a: Runerigus
|-damage|p1a: Runerigus|20/100
|-unboost|p2a: Goodra|spa|2
|move|p1a: Runerigus|Stealth Rock|p2a: Goodra
|-sidestart|p2: Drrunk Nun|move: Stealth Rock
|
|-heal|p1a: Runerigus|26/100|[from] item: Leftovers
|upkeep
|turn|7
|
|switch|p2a: Shiinotic|Shiinotic, M|100/100
|-status|p2a: Shiinotic|psn
|-damage|p2a: Shiinotic|88/100 psn|[from] Stealth Rock
|move|p1a: Runerigus|Earthquake|p2a: Shiinotic
|-resisted|p2a: Shiinotic
|-damage|p2a: Shiinotic|73/100 psn
|
|-heal|p2a: Shiinotic|79/100 psn|[from] item: Leftovers
|-heal|p1a: Runerigus|32/100|[from] item: Leftovers
|-damage|p2a: Shiinotic|67/100 psn|[from] psn
|upkeep
|turn|8
|
|move|p1a: Runerigus|Protect|p1a: Runerigus
|-singleturn|p1a: Runerigus|Protect
|move|p2a: Shiinotic|Spore|p1a: Runerigus
|-activate|p1a: Runerigus|move: Protect
|
|-heal|p2a: Shiinotic|73/100 psn|[from] item: Leftovers
|-heal|p1a: Runerigus|39/100|[from] item: Leftovers
|-damage|p2a: Shiinotic|61/100 psn|[from] psn
|upkeep
|turn|9
|
|switch|p1a: Drifblim|Drifblim, M|100/100
|move|p2a: Shiinotic|Spore|p1a: Drifblim
|-status|p1a: Drifblim|slp|[from] move: Spore
|
|-heal|p2a: Shiinotic|67/100 psn|[from] item: Leftovers
|-damage|p2a: Shiinotic|55/100 psn|[from] psn
|upkeep
|turn|10
|
|switch|p1a: Snorlax|Snorlax, F|100/100
|switch|p2a: Pangoro|Pangoro, M|100/100
|-damage|p2a: Pangoro|94/100|[from] Stealth Rock
|-status|p2a: Pangoro|psn
|
|-damage|p2a: Pangoro|82/100 psn|[from] psn
|upkeep
|turn|11
|inactive|Battle timer is ON: inactive players will automatically lose when time's up. (requested by Mehdiocre)
|
|move|p2a: Pangoro|Close Combat|p1a: Snorlax
|-supereffective|p1a: Snorlax
|-damage|p1a: Snorlax|0 fnt
|-unboost|p2a: Pangoro|def|1
|-unboost|p2a: Pangoro|spd|1
|faint|p1a: Snorlax
|
|-damage|p2a: Pangoro|70/100 psn|[from] psn
|upkeep
|
|switch|p1a: Hitmontop|Hitmontop, M|100/100
|-ability|p1a: Hitmontop|Intimidate|boost
|-immune|p2a: Pangoro|[from] ability: Scrappy
|turn|12
|
|switch|p1a: Ninjask|Ninjask, M|100/100
|switch|p2a: Torkoal|Torkoal, F|100/100
|
|upkeep
|turn|13
|
|move|p1a: Ninjask|U-turn|p2a: Torkoal
|-resisted|p2a: Torkoal
|-damage|p2a: Torkoal|93/100
|
|switch|p1a: Runerigus|Runerigus, M|39/100|[from]move: U-turn
|move|p2a: Torkoal|Rapid Spin|p1a: Runerigus
|-immune|p1a: Runerigus
|
|-heal|p1a: Runerigus|45/100|[from] item: Leftovers
|upkeep
|turn|14
|
|move|p1a: Runerigus|Protect|p1a: Runerigus
|-singleturn|p1a: Runerigus|Protect
|move|p2a: Torkoal|Stealth Rock|p1a: Runerigus
|-sidestart|p1: Mehdiocre|move: Stealth Rock
|
|-heal|p1a: Runerigus|51/100|[from] item: Leftovers
|upkeep
|turn|15
|
|switch|p2a: Shiinotic|Shiinotic, M|55/100 psn
|-damage|p2a: Shiinotic|42/100 psn|[from] Stealth Rock
|move|p1a: Runerigus|Earthquake|p2a: Shiinotic
|-resisted|p2a: Shiinotic
|-damage|p2a: Shiinotic|28/100 psn
|
|-heal|p2a: Shiinotic|34/100 psn|[from] item: Leftovers
|-heal|p1a: Runerigus|57/100|[from] item: Leftovers
|-damage|p2a: Shiinotic|22/100 psn|[from] psn
|upkeep
|turn|16
|
|move|p1a: Runerigus|Protect|p1a: Runerigus
|-singleturn|p1a: Runerigus|Protect
|move|p2a: Shiinotic|Strength Sap|p1a: Runerigus
|-activate|p1a: Runerigus|move: Protect
|
|-heal|p2a: Shiinotic|28/100 psn|[from] item: Leftovers
|-heal|p1a: Runerigus|64/100|[from] item: Leftovers
|-damage|p2a: Shiinotic|16/100 psn|[from] psn
|upkeep
|turn|17
|
|switch|p1a: Drifblim|Drifblim, M|100/100 slp
|-damage|p1a: Drifblim|76/100 slp|[from] Stealth Rock
|move|p2a: Shiinotic|Strength Sap|p1a: Drifblim
|-unboost|p1a: Drifblim|atk|1
|-heal|p2a: Shiinotic|61/100 psn
|
|-heal|p1a: Drifblim|82/100 slp|[from] item: Leftovers
|-heal|p2a: Shiinotic|67/100 psn|[from] item: Leftovers
|-damage|p2a: Shiinotic|55/100 psn|[from] psn
|upkeep
|turn|18
|inactive|Drrunk Nun has 120 seconds left.
|
|switch|p1a: Ninjask|Ninjask, M|100/100
|switch|p2a: Goodra|Goodra, M|91/100
|-status|p2a: Goodra|psn
|-damage|p2a: Goodra|79/100 psn|[from] Stealth Rock
|
|-damage|p2a: Goodra|66/100 psn|[from] psn
|upkeep
|turn|19
|inactive|Drrunk Nun has 120 seconds left.
|
|move|p1a: Ninjask|U-turn|p2a: Goodra
|-damage|p2a: Goodra|32/100 psn
|
|switch|p1a: Hitmontop|Hitmontop, M|100/100|[from]move: U-turn
|-ability|p1a: Hitmontop|Intimidate|boost
|-unboost|p2a: Goodra|atk|1
|move|p2a: Goodra|Draco Meteor|p1a: Hitmontop
|-damage|p1a: Hitmontop|33/100
|-unboost|p2a: Goodra|spa|2
|
|-damage|p2a: Goodra|19/100 psn|[from] psn
|upkeep
|turn|20
|inactive|Drrunk Nun has 120 seconds left.
|
|move|p1a: Hitmontop|Rapid Spin|p2a: Goodra
|-damage|p2a: Goodra|5/100 psn
|-sideend|p1: Mehdiocre|Stealth Rock|[from] move: Rapid Spin|[of] p1a: Hitmontop
|-boost|p1a: Hitmontop|spe|1
|move|p2a: Goodra|Draco Meteor|p1a: Hitmontop
|-damage|p1a: Hitmontop|3/100
|-unboost|p2a: Goodra|spa|2
|
|-damage|p2a: Goodra|0 fnt|[from] psn
|faint|p2a: Goodra
|upkeep
|inactive|Drrunk Nun has 90 seconds left.
|
|switch|p2a: Vaporeon|Vaporeon, F|100/100
|-damage|p2a: Vaporeon|88/100|[from] Stealth Rock
|-status|p2a: Vaporeon|psn
|turn|21
|
|move|p1a: Hitmontop|Close Combat|p2a: Vaporeon
|-damage|p2a: Vaporeon|59/100 psn
|-unboost|p1a: Hitmontop|def|1
|-unboost|p1a: Hitmontop|spd|1
|move|p2a: Vaporeon|Scald|p1a: Hitmontop
|-damage|p1a: Hitmontop|0 fnt
|faint|p1a: Hitmontop
|
|-heal|p2a: Vaporeon|66/100 psn|[from] item: Leftovers
|-damage|p2a: Vaporeon|53/100 psn|[from] psn
|upkeep
|
|switch|p1a: Jolteon|Jolteon, F|58/100
|turn|22
|
|switch|p2a: Shiinotic|Shiinotic, M|55/100 psn
|-damage|p2a: Shiinotic|43/100 psn|[from] Stealth Rock
|move|p1a: Jolteon|Volt Switch|p2a: Shiinotic
|-resisted|p2a: Shiinotic
|-damage|p2a: Shiinotic|19/100 psn
|
|switch|p1a: Ninjask|Ninjask, M|100/100|[from]move: Volt Switch
|
|-heal|p2a: Shiinotic|25/100 psn|[from] item: Leftovers
|-damage|p2a: Shiinotic|13/100 psn|[from] psn
|upkeep
|turn|23
|
|move|p1a: Ninjask|U-turn|p2a: Shiinotic
|-damage|p2a: Shiinotic|0 fnt
|faint|p2a: Shiinotic
|
|switch|p1a: Jolteon|Jolteon, F|58/100|[from]move: U-turn
|
|upkeep
|
|switch|p2a: Indeedee|Indeedee-F, F|100/100
|-damage|p2a: Indeedee|88/100|[from] Stealth Rock
|-status|p2a: Indeedee|psn
|-fieldstart|move: Psychic Terrain|[from] ability: Psychic Surge|[of] p2a: Indeedee
|turn|24
|
|switch|p1a: Drifblim|Drifblim, M|82/100 slp
|move|p2a: Indeedee|Psyshock|p1a: Drifblim
|-damage|p1a: Drifblim|28/100 slp
|
|-heal|p1a: Drifblim|34/100 slp|[from] item: Leftovers
|-damage|p2a: Indeedee|76/100 psn|[from] psn
|upkeep
|turn|25
|inactive|Drrunk Nun has 90 seconds left.
|
|move|p2a: Indeedee|Psyshock|p1a: Drifblim
|-damage|p1a: Drifblim|0 fnt
|faint|p1a: Drifblim
|
|-damage|p2a: Indeedee|63/100 psn|[from] psn
|upkeep
|
|switch|p1a: Runerigus|Runerigus, M|64/100
|turn|26
|inactive|Drrunk Nun has 90 seconds left.
|
|switch|p2a: Vaporeon|Vaporeon, F|53/100 psn
|-damage|p2a: Vaporeon|41/100 psn|[from] Stealth Rock
|move|p1a: Runerigus|Earthquake|p2a: Vaporeon
|-damage|p2a: Vaporeon|17/100 psn
|
|-heal|p2a: Vaporeon|24/100 psn|[from] item: Leftovers
|-heal|p1a: Runerigus|70/100|[from] item: Leftovers
|-damage|p2a: Vaporeon|11/100 psn|[from] psn
|upkeep
|turn|27
|inactive|Drrunk Nun has 90 seconds left.
|
|switch|p1a: Jolteon|Jolteon, F|58/100
|move|p2a: Vaporeon|Wish|p2a: Vaporeon
|
|-heal|p2a: Vaporeon|17/100 psn|[from] item: Leftovers
|-damage|p2a: Vaporeon|5/100 psn|[from] psn
|upkeep
|turn|28
|inactive|Drrunk Nun has 90 seconds left.
|
|switch|p2a: Torkoal|Torkoal, F|93/100
|move|p1a: Jolteon|Thunderbolt|p2a: Torkoal
|-damage|p2a: Torkoal|12/100
|
|-heal|p2a: Torkoal|79/100|[from] move: Wish|[wisher] Vaporeon
|-fieldend|move: Psychic Terrain
|upkeep
|turn|29
|inactive|Drrunk Nun has 90 seconds left.
|
|switch|p2a: Vaporeon|Vaporeon, F|5/100 psn
|-damage|p2a: Vaporeon|0 fnt|[from] Stealth Rock
|faint|p2a: Vaporeon
|move|p1a: Jolteon|Thunderbolt|p2: Vaporeon|[notarget]
|-fail|p1a: Jolteon
|
|upkeep
|inactive|Drrunk Nun has 90 seconds left.
|
|switch|p2a: Indeedee|Indeedee-F, F|63/100 psn
|-damage|p2a: Indeedee|51/100 psn|[from] Stealth Rock
|-fieldstart|move: Psychic Terrain|[from] ability: Psychic Surge|[of] p2a: Indeedee
|turn|30
|inactive|Drrunk Nun has 90 seconds left.
|
|switch|p1a: Ninjask|Ninjask, M|100/100
|move|p2a: Indeedee|Psyshock|p1a: Ninjask
|-damage|p1a: Ninjask|3/100
|
|-damage|p2a: Indeedee|38/100 psn|[from] psn
|upkeep
|turn|31
|inactive|Drrunk Nun has 90 seconds left.
|
|switch|p2a: Torkoal|Torkoal, F|79/100
|move|p1a: Ninjask|U-turn|p2a: Torkoal
|-resisted|p2a: Torkoal
|-damage|p2a: Torkoal|71/100
|
|switch|p1a: Jolteon|Jolteon, F|58/100|[from]move: U-turn
|
|upkeep
|turn|32
|inactive|Drrunk Nun has 90 seconds left.
|inactive|Drrunk Nun has 60 seconds left.
|inactive|Drrunk Nun has 30 seconds left.
|
|move|p1a: Jolteon|Thunderbolt|p2a: Torkoal
|-damage|p2a: Torkoal|0 fnt
|faint|p2a: Torkoal
|
|upkeep
|inactive|Drrunk Nun has 30 seconds left.
|
|switch|p2a: Indeedee|Indeedee-F, F|38/100 psn
|-damage|p2a: Indeedee|26/100 psn|[from] Stealth Rock
|turn|33
|inactive|Drrunk Nun has 30 seconds left.
|
|switch|p1a: Ninjask|Ninjask, M|3/100
|move|p2a: Indeedee|Shadow Ball|p1a: Ninjask
|-damage|p1a: Ninjask|0 fnt
|faint|p1a: Ninjask
|
|-damage|p2a: Indeedee|14/100 psn|[from] psn
|upkeep
|inactive|Drrunk Nun has 30 seconds left this turn.
|
|switch|p1a: Jolteon|Jolteon, F|58/100
|turn|34
|
|move|p2a: Indeedee|Shadow Ball|p1a: Jolteon
|-damage|p1a: Jolteon|27/100
|move|p1a: Jolteon|Thunderbolt|p2a: Indeedee
|-damage|p2a: Indeedee|0 fnt
|faint|p2a: Indeedee
|
|-fieldend|move: Psychic Terrain
|upkeep
|
|switch|p2a: Pangoro|Pangoro, M|70/100 psn
|-damage|p2a: Pangoro|64/100 psn|[from] Stealth Rock
|turn|35
|inactive|Drrunk Nun has 30 seconds left.
|c|☆Mehdiocre|gg m8
|
|move|p1a: Jolteon|Thunderbolt|p2a: Pangoro
|-damage|p2a: Pangoro|0 fnt
|faint|p2a: Pangoro
|
|win|Mehdiocre
|l|☆Drrunk Nun
|raw|Mehdiocre's rating: 1221 &rarr; <strong>1239</strong><br />(+18 for winning)
|raw|Drrunk Nun's rating: 1130 &rarr; <strong>1112</strong><br />(-18 for losing)
