|j|☆barba atun
|j|☆Testinganteater
|t:|1660411351
|gametype|singles
|player|p1|barba atun|102|1488
|player|p2|Testinganteater|juggler|1417
|teamsize|p1|6
|teamsize|p2|6
|gen|8
|tier|[Gen 8] RU
|rated|
|rule|Sleep Clause Mod: Limit one foe put to sleep
|rule|Species Clause: Limit one of each Pokémon
|rule|OHKO Clause: OHKO moves are banned
|rule|Evasion Items Clause: Evasion items are banned
|rule|Evasion Moves Clause: Evasion moves are banned
|rule|Endless Battle Clause: Forcing endless battles is banned
|rule|HP Percentage Mod: HP is shown in percentages
|rule|Dynamax Clause: You cannot dynamax
|clearpoke
|poke|p1|Cofagrigus, M|
|poke|p1|Mesprit|
|poke|p1|Charizard, M|
|poke|p1|Lanturn, M|
|poke|p1|Ferroseed, M|
|poke|p1|Sneasel, F|
|poke|p2|Sigilyph, M|
|poke|p2|Milotic, F|
|poke|p2|Dhelmise|
|poke|p2|Registeel|
|poke|p2|Flygon, M|
|poke|p2|Umbreon, M|
|teampreview
|
|t:|1660411367
|start
|switch|p1a: Mesprit|Mesprit, shiny|100/100
|switch|p2a: Dhelmise|Dhelmise|100/100
|turn|1
|
|t:|1660411375
|move|p1a: Mesprit|Psychic|p2a: Dhelmise
|-damage|p2a: Dhelmise|50/100
|move|p2a: Dhelmise|Poltergeist|p1a: Mesprit|[miss]
|-miss|p2a: Dhelmise|p1a: Mesprit
|
|upkeep
|turn|2
|
|t:|1660411385
|move|p1a: Mesprit|Psychic|p2a: Dhelmise
|-damage|p2a: Dhelmise|3/100
|move|p2a: Dhelmise|Poltergeist|p1a: Mesprit
|-activate|p1a: Mesprit|move: Poltergeist|Colbur Berry
|-supereffective|p1a: Mesprit
|-damage|p1a: Mesprit|0 fnt
|faint|p1a: Mesprit
|
|upkeep
|
|t:|1660411399
|switch|p1a: Lanturn|Lanturn, M|100/100
|turn|3
|
|t:|1660411427
|switch|p2a: Umbreon|Umbreon, M, shiny|100/100
|move|p1a: Lanturn|Scald|p2a: Umbreon
|-damage|p2a: Umbreon|88/100
|
|-heal|p2a: Umbreon|94/100|[from] item: Leftovers
|upkeep
|turn|4
|
|t:|1660411437
|move|p1a: Lanturn|Volt Switch|p2a: Umbreon
|-damage|p2a: Umbreon|83/100
|
|t:|1660411440
|switch|p1a: Ferroseed|Ferroseed, M|100/100|[from]move: Volt Switch
|move|p2a: Umbreon|Wish|p2a: Umbreon
|
|-heal|p2a: Umbreon|89/100|[from] item: Leftovers
|upkeep
|turn|5
|
|t:|1660411453
|switch|p2a: Dhelmise|Dhelmise|3/100
|move|p1a: Ferroseed|Gyro Ball|p2a: Dhelmise
|-damage|p2a: Dhelmise|0 fnt
|faint|p2a: Dhelmise
|
|upkeep
|
|t:|1660411455
|switch|p2a: Sigilyph|Sigilyph, M, shiny|100/100
|turn|6
|
|t:|1660411468
|switch|p1a: Lanturn|Lanturn, M|100/100
|move|p2a: Sigilyph|Air Slash|p1a: Lanturn
|-resisted|p1a: Lanturn
|-damage|p1a: Lanturn|91/100
|
|-heal|p1a: Lanturn|97/100|[from] item: Leftovers
|-status|p2a: Sigilyph|brn|[from] item: Flame Orb
|upkeep
|turn|7
|
|t:|1660411475
|move|p2a: Sigilyph|Psycho Shift|p1a: Lanturn
|-status|p1a: Lanturn|brn
|-curestatus|p2a: Sigilyph|brn|[msg]
|move|p1a: Lanturn|Volt Switch|p2a: Sigilyph
|-supereffective|p2a: Sigilyph
|-damage|p2a: Sigilyph|54/100
|
|t:|1660411478
|switch|p1a: Sneasel|Sneasel, F|100/100|[from]move: Volt Switch
|
|-status|p2a: Sigilyph|brn|[from] item: Flame Orb
|upkeep
|turn|8
|l|☆Testinganteater
|player|p2|
|inactive|Battle timer is ON: inactive players will automatically lose when time's up. (requested by barba atun)
|inactive|Testinganteater has 30 seconds to reconnect!
|inactive|Testinganteater has 20 seconds to reconnect!
|inactive|Testinganteater has 15 seconds to reconnect!
|inactive|Testinganteater has 10 seconds to reconnect!
|inactive|Testinganteater has 5 seconds to reconnect!
|-message|Testinganteater lost due to inactivity.
|
|win|barba atun
|raw|barba atun's rating: 1488 &rarr; <strong>1504</strong><br />(+16 for winning)
|raw|Testinganteater's rating: 1417 &rarr; <strong>1401</strong><br />(-16 for losing)
||Ladder isn't responding, score probably updated but might not have (Request timeout).
