|j|☆Cr4zyDeath
|j|☆Its oyster time
|inactive|Battle timer is ON: inactive players will automatically lose when time's up.
|t:|1661903055
|gametype|singles
|player|p1|Cr4zyDeath|harlequin|
|player|p2|Its oyster time|birdkeeper-gen6|
|teamsize|p1|6
|teamsize|p2|6
|gen|8
|tier|[Gen 8] RU
|rated|Tournament battle
|rule|Sleep Clause Mod: Limit one foe put to sleep
|rule|Species Clause: Limit one of each Pokémon
|rule|OHKO Clause: OHKO moves are banned
|rule|Evasion Items Clause: Evasion items are banned
|rule|Evasion Moves Clause: Evasion moves are banned
|rule|Endless Battle Clause: Forcing endless battles is banned
|rule|HP Percentage Mod: HP is shown in percentages
|rule|Dynamax Clause: You cannot dynamax
|clearpoke
|poke|p1|Cloyster, F|
|poke|p1|Milotic, F|
|poke|p1|Sigilyph, F|
|poke|p1|Marowak-Alola, F|
|poke|p1|Shuckle, M|
|poke|p1|Pikachu, F|
|poke|p2|Aurorus, F|
|poke|p2|Arctovish|
|poke|p2|Klefki, F|
|poke|p2|Abomasnow, M|
|poke|p2|Raikou|
|poke|p2|Starmie|
|teampreview
|inactive|Its oyster time also wants the timer to be on.
|inactive|Cr4zyDeath also wants the timer to be on.
|j| Kirbyer
|inactive|Cr4zyDeath has 120 seconds left.
|c|☆Cr4zyDeath|Gl!
|
|t:|1661903090
|start
|switch|p1a: Evolved Unown|Sigilyph, F|100/100
|switch|p2a: Aurorus|Aurorus, F|100/100
|-weather|Hail|[from] ability: Snow Warning|[of] p2a: Aurorus
|turn|1
|j|%yOuRwElCoMeThAnk
|c|☆Its oyster time|u2
|
|t:|1661903105
|move|p1a: Evolved Unown|Energy Ball|p2a: Aurorus
|-supereffective|p2a: Aurorus
|-damage|p2a: Aurorus|56/100
|move|p2a: Aurorus|Blizzard|p1a: Evolved Unown
|-supereffective|p1a: Evolved Unown
|-damage|p1a: Evolved Unown|0 fnt
|faint|p1a: Evolved Unown
|
|-weather|Hail|[upkeep]
|upkeep
|
|t:|1661903110
|switch|p1a: P.A.N.Z.E.R|Shuckle, M|100/100
|turn|2
|
|t:|1661903128
|move|p2a: Aurorus|Stealth Rock|p1a: P.A.N.Z.E.R
|-sidestart|p1: Cr4zyDeath|move: Stealth Rock
|move|p1a: P.A.N.Z.E.R|Sticky Web|p2a: Aurorus
|-sidestart|p2: Its oyster time|move: Sticky Web
|
|-weather|Hail|[upkeep]
|-damage|p1a: P.A.N.Z.E.R|94/100|[from] Hail
|-heal|p1a: P.A.N.Z.E.R|100/100|[from] item: Leftovers
|upkeep
|turn|3
|
|t:|1661903133
|move|p2a: Aurorus|Encore|p1a: P.A.N.Z.E.R
|-start|p1a: P.A.N.Z.E.R|Encore
|move|p1a: P.A.N.Z.E.R|Sticky Web||[still]
|-fail|p1a: P.A.N.Z.E.R
|
|-weather|Hail|[upkeep]
|-damage|p1a: P.A.N.Z.E.R|94/100|[from] Hail
|-heal|p1a: P.A.N.Z.E.R|100/100|[from] item: Leftovers
|upkeep
|turn|4
|
|t:|1661903148
|switch|p2a: Starmie|Starmie|100/100
|-activate|p2a: Starmie|move: Sticky Web
|-unboost|p2a: Starmie|spe|1
|switch|p1a: MA BITE !|Milotic, F|100/100
|-damage|p1a: MA BITE !|88/100|[from] Stealth Rock
|
|-weather|Hail|[upkeep]
|-damage|p2a: Starmie|94/100|[from] Hail
|-damage|p1a: MA BITE !|82/100|[from] Hail
|-status|p1a: MA BITE !|brn|[from] item: Flame Orb
|upkeep
|turn|5
|
|t:|1661903153
|switch|p1a: LavanvilleMascott|Marowak-Alola, F|100/100
|-damage|p1a: LavanvilleMascott|76/100|[from] Stealth Rock
|move|p2a: Starmie|Rapid Spin|p1a: LavanvilleMascott
|-immune|p1a: LavanvilleMascott
|
|-weather|Hail|[upkeep]
|-damage|p2a: Starmie|88/100|[from] Hail
|-damage|p1a: LavanvilleMascott|69/100|[from] Hail
|upkeep
|turn|6
|c|%yOuRwElCoMeThAnk|marowak outpace it with choice scarf
|inactive|Its oyster time has 120 seconds left.
|c|☆Its oyster time|!showset 6
|c| Its oyster time|/raw <div class="infobox">Starmie @ Colbur Berry  <br />Ability: Natural Cure  <br />EVs: 252 HP &#x2f; 4 SpD &#x2f; 252 Spe  <br />Timid Nature  <br />- Rapid Spin  <br />- Psychic  <br />- Recover  <br />- Teleport  <br /><br /></div>
|inactive|Its oyster time has 90 seconds left.
|c|☆Cr4zyDeath|Wtf
|
|t:|1661903231
|switch|p2a: Aurorus|Aurorus, F|56/100
|-activate|p2a: Aurorus|move: Sticky Web
|-unboost|p2a: Aurorus|spe|1
|move|p1a: LavanvilleMascott|Poltergeist|p2a: Aurorus
|-activate|p2a: Aurorus|move: Poltergeist|Icy Rock
|-damage|p2a: Aurorus|0 fnt
|faint|p2a: Aurorus
|
|-weather|Hail|[upkeep]
|-damage|p1a: LavanvilleMascott|63/100|[from] Hail
|upkeep
|inactive|Its oyster time has 90 seconds left.
|
|t:|1661903239
|switch|p2a: Arctovish|Arctovish|100/100
|-activate|p2a: Arctovish|move: Sticky Web
|-unboost|p2a: Arctovish|spe|1
|turn|7
|j|+Beraldinhoo
|j| geckoman34
|
|t:|1661903257
|move|p2a: Arctovish|Fishious Rend|p1a: LavanvilleMascott
|-supereffective|p1a: LavanvilleMascott
|-damage|p1a: LavanvilleMascott|0 fnt
|faint|p1a: LavanvilleMascott
|-damage|p2a: Arctovish|91/100|[from] item: Life Orb
|
|-weather|Hail|[upkeep]
|upkeep
|c|%yOuRwElCoMeThAnk|Colbur mie sounds neat
|
|t:|1661903262
|switch|p1a: 🍑|Cloyster, F|100/100
|-damage|p1a: 🍑|76/100|[from] Stealth Rock
|turn|8
|l| geckoman34
|c|%yOuRwElCoMeThAnk|kinda helps with incin
|c|☆Its oyster time|well when ur fighting check
|c|%yOuRwElCoMeThAnk|take everything you can get against incin on hail
|c|☆Its oyster time|is klefki
|c|☆Its oyster time|it helps
|
|t:|1661903280
|move|p2a: Arctovish|Freeze-Dry|p1a: 🍑
|-crit|p1a: 🍑
|-damage|p1a: 🍑|0 fnt
|faint|p1a: 🍑
|-damage|p2a: Arctovish|81/100|[from] item: Life Orb
|
|-weather|none
|upkeep
|j| Arch en Ciel 22
|c|%yOuRwElCoMeThAnk|yeah, that too
|
|t:|1661903291
|switch|p1a: Pekachu|Pikachu, F|100/100
|-damage|p1a: Pekachu|88/100|[from] Stealth Rock
|turn|9
|c|☆Its oyster time|oh this team has no ground
|c|☆Its oyster time|rip
|
|t:|1661903308
|switch|p2a: Abomasnow|Abomasnow, M|100/100
|-activate|p2a: Abomasnow|move: Sticky Web
|-unboost|p2a: Abomasnow|spe|1
|-weather|Hail|[from] ability: Snow Warning|[of] p2a: Abomasnow
|move|p1a: Pekachu|Thunderbolt|p2a: Abomasnow
|-resisted|p2a: Abomasnow
|-damage|p2a: Abomasnow|64/100
|
|-weather|Hail|[upkeep]
|-damage|p1a: Pekachu|82/100|[from] Hail
|upkeep
|turn|10
|inactive|Its oyster time has 90 seconds left.
|
|t:|1661903333
|switch|p1a: P.A.N.Z.E.R|Shuckle, M|100/100
|-damage|p1a: P.A.N.Z.E.R|75/100|[from] Stealth Rock
|move|p2a: Abomasnow|Swords Dance|p2a: Abomasnow
|-boost|p2a: Abomasnow|atk|2
|
|-weather|Hail|[upkeep]
|-damage|p1a: P.A.N.Z.E.R|69/100|[from] Hail
|-heal|p1a: P.A.N.Z.E.R|75/100|[from] item: Leftovers
|upkeep
|turn|11
|
|t:|1661903347
|move|p2a: Abomasnow|Wood Hammer|p1a: P.A.N.Z.E.R
|-damage|p1a: P.A.N.Z.E.R|20/100
|-damage|p2a: Abomasnow|50/100|[from] Recoil
|move|p1a: P.A.N.Z.E.R|Toxic|p2a: Abomasnow
|-status|p2a: Abomasnow|tox
|
|-weather|Hail|[upkeep]
|-damage|p1a: P.A.N.Z.E.R|14/100|[from] Hail
|-heal|p1a: P.A.N.Z.E.R|20/100|[from] item: Leftovers
|-damage|p2a: Abomasnow|44/100 tox|[from] psn
|upkeep
|turn|12
|
|t:|1661903354
|move|p2a: Abomasnow|Wood Hammer|p1a: P.A.N.Z.E.R
|-damage|p1a: P.A.N.Z.E.R|0 fnt
|faint|p1a: P.A.N.Z.E.R
|-damage|p2a: Abomasnow|39/100 tox|[from] Recoil
|
|-weather|Hail|[upkeep]
|-damage|p2a: Abomasnow|26/100 tox|[from] psn
|upkeep
|
|t:|1661903357
|switch|p1a: Pekachu|Pikachu, F|82/100
|-damage|p1a: Pekachu|70/100|[from] Stealth Rock
|turn|13
|
|t:|1661903359
|move|p2a: Abomasnow|Ice Shard|p1a: Pekachu
|-damage|p1a: Pekachu|0 fnt
|faint|p1a: Pekachu
|
|-weather|Hail|[upkeep]
|-damage|p2a: Abomasnow|8/100 tox|[from] psn
|upkeep
|-message|Cr4zyDeath forfeited.
|
|win|Its oyster time
|n|☆Cr4zyDeath|cr4zydeath
|n|☆Its oyster time|itsoystertime
|n| Kirbyer|kirbyer
|n| yOuRwElCoMeThAnk|yourwelcomethank
|n| Beraldinhoo|beraldinhoo
|n| Arch en Ciel 22|archenciel22
