|j|☆Netskinate
|j|☆literallyfreemoney
|t:|1661567632
|gametype|singles
|player|p1|Netskinate|harlequin|1288
|player|p2|literallyfreemoney|pokemonbreeder-gen4|1381
|teamsize|p1|6
|teamsize|p2|6
|gen|8
|tier|[Gen 8] RU
|rated|
|rule|Sleep Clause Mod: Limit one foe put to sleep
|rule|Species Clause: Limit one of each Pokémon
|rule|OHKO Clause: OHKO moves are banned
|rule|Evasion Items Clause: Evasion items are banned
|rule|Evasion Moves Clause: Evasion moves are banned
|rule|Endless Battle Clause: Forcing endless battles is banned
|rule|HP Percentage Mod: HP is shown in percentages
|rule|Dynamax Clause: You cannot dynamax
|clearpoke
|poke|p1|Bronzong|
|poke|p1|Flygon, M|
|poke|p1|Incineroar, M|
|poke|p1|Togekiss, M|
|poke|p1|Cloyster, M|
|poke|p1|Rotom-Mow|
|poke|p2|Gardevoir, F|
|poke|p2|Golisopod, F|
|poke|p2|Flygon, F|
|poke|p2|Nidoqueen, F|
|poke|p2|Raikou|
|poke|p2|Silvally-*|
|teampreview
|inactive|Battle timer is ON: inactive players will automatically lose when time's up. (requested by Netskinate)
|
|t:|1661567691
|start
|switch|p1a: Rotom|Rotom-Mow|100/100
|switch|p2a: Golisopod|Golisopod, F|100/100
|turn|1
|
|t:|1661567697
|switch|p1a: Togekiss|Togekiss, M|100/100
|move|p2a: Golisopod|First Impression|p1a: Togekiss
|-resisted|p1a: Togekiss
|-damage|p1a: Togekiss|85/100
|
|upkeep
|turn|2
|
|t:|1661567702
|switch|p1a: Incineroar|Incineroar, M|100/100
|-ability|p1a: Incineroar|Intimidate|boost
|-unboost|p2a: Golisopod|atk|1
|switch|p2a: Raikou|Raikou|100/100
|-ability|p2a: Raikou|Pressure
|
|upkeep
|turn|3
|
|t:|1661567706
|switch|p2a: Silvally|Silvally-Dragon|100/100
|move|p1a: Incineroar|Fake Out|p2a: Silvally
|-damage|p2a: Silvally|86/100
|
|upkeep
|turn|4
|
|t:|1661567711
|move|p2a: Silvally|Toxic|p1a: Incineroar
|-status|p1a: Incineroar|tox
|move|p1a: Incineroar|Knock Off|p2a: Silvally
|-damage|p2a: Silvally|50/100
|
|-damage|p1a: Incineroar|94/100 tox|[from] psn
|upkeep
|turn|5
|
|t:|1661567717
|switch|p1a: Bronzong|Bronzong|100/100
|move|p2a: Silvally|Multi-Attack|p1a: Bronzong
|-resisted|p1a: Bronzong
|-damage|p1a: Bronzong|85/100
|
|-heal|p1a: Bronzong|91/100|[from] item: Leftovers
|upkeep
|turn|6
|
|t:|1661567720
|move|p2a: Silvally|Parting Shot|p1a: Bronzong
|-unboost|p1a: Bronzong|atk|1
|-unboost|p1a: Bronzong|spa|1
|
|t:|1661567722
|switch|p2a: Nidoqueen|Nidoqueen, F|100/100|[from]move: Parting Shot
|move|p1a: Bronzong|Iron Defense|p1a: Bronzong
|-boost|p1a: Bronzong|def|2
|
|-heal|p1a: Bronzong|97/100|[from] item: Leftovers
|upkeep
|turn|7
|
|t:|1661567728
|switch|p1a: Cloyster|Cloyster, M|100/100
|move|p2a: Nidoqueen|Stealth Rock|p1a: Cloyster
|-sidestart|p1: Netskinate|move: Stealth Rock
|
|upkeep
|turn|8
|
|t:|1661567731
|move|p2a: Nidoqueen|Sludge Wave|p1a: Cloyster
|-damage|p1a: Cloyster|0 fnt
|faint|p1a: Cloyster
|
|upkeep
|
|t:|1661567747
|switch|p1a: Incineroar|Incineroar, M|94/100 tox
|-ability|p1a: Incineroar|Intimidate|boost
|-unboost|p2a: Nidoqueen|atk|1
|turn|9
|
|t:|1661567754
|switch|p2a: Silvally|Silvally-Dragon|50/100
|move|p1a: Incineroar|Flare Blitz|p2a: Silvally
|-resisted|p2a: Silvally
|-damage|p2a: Silvally|18/100
|-damage|p1a: Incineroar|84/100 tox|[from] Recoil
|
|-damage|p1a: Incineroar|78/100 tox|[from] psn
|upkeep
|turn|10
|
|t:|1661567760
|move|p2a: Silvally|Parting Shot|p1a: Incineroar
|-unboost|p1a: Incineroar|atk|1
|-unboost|p1a: Incineroar|spa|1
|
|t:|1661567763
|switch|p2a: Golisopod|Golisopod, F|100/100|[from]move: Parting Shot
|move|p1a: Incineroar|Flare Blitz|p2a: Golisopod
|-damage|p2a: Golisopod|62/100
|-damage|p1a: Incineroar|66/100 tox|[from] Recoil
|
|-damage|p1a: Incineroar|54/100 tox|[from] psn
|upkeep
|turn|11
|
|t:|1661567768
|switch|p1a: Togekiss|Togekiss, M|85/100
|-damage|p1a: Togekiss|60/100|[from] Stealth Rock
|move|p2a: Golisopod|Liquidation|p1a: Togekiss
|-damage|p1a: Togekiss|5/100
|
|upkeep
|turn|12
|
|t:|1661567771
|move|p1a: Togekiss|Air Slash|p2a: Golisopod
|-supereffective|p2a: Golisopod
|-damage|p2a: Golisopod|0 fnt
|faint|p2a: Golisopod
|
|upkeep
|
|t:|1661567775
|switch|p2a: Raikou|Raikou|100/100
|-ability|p2a: Raikou|Pressure
|turn|13
|
|t:|1661567778
|move|p1a: Togekiss|Air Slash|p2a: Raikou
|-resisted|p2a: Raikou
|-damage|p2a: Raikou|81/100
|cant|p2a: Raikou|flinch
|
|-heal|p2a: Raikou|87/100|[from] item: Leftovers
|upkeep
|turn|14
|
|t:|1661567784
|move|p1a: Togekiss|Air Slash|p2a: Raikou
|-resisted|p2a: Raikou
|-damage|p2a: Raikou|67/100
|cant|p2a: Raikou|flinch
|
|-heal|p2a: Raikou|73/100|[from] item: Leftovers
|upkeep
|turn|15
|
|t:|1661567788
|move|p1a: Togekiss|Air Slash|p2a: Raikou
|-resisted|p2a: Raikou
|-damage|p2a: Raikou|52/100
|cant|p2a: Raikou|flinch
|
|-heal|p2a: Raikou|58/100|[from] item: Leftovers
|upkeep
|turn|16
|
|t:|1661567791
|move|p1a: Togekiss|Air Slash|p2a: Raikou
|-resisted|p2a: Raikou
|-damage|p2a: Raikou|35/100
|cant|p2a: Raikou|flinch
|
|-heal|p2a: Raikou|41/100|[from] item: Leftovers
|upkeep
|turn|17
|
|t:|1661567795
|move|p1a: Togekiss|Air Slash|p2a: Raikou
|-resisted|p2a: Raikou
|-damage|p2a: Raikou|21/100
|cant|p2a: Raikou|flinch
|
|-heal|p2a: Raikou|27/100|[from] item: Leftovers
|upkeep
|turn|18
|
|t:|1661567800
|move|p1a: Togekiss|Air Slash|p2a: Raikou
|-resisted|p2a: Raikou
|-damage|p2a: Raikou|4/100
|move|p2a: Raikou|Substitute|p2a: Raikou
|-fail|p2a: Raikou|move: Substitute|[weak]
|
|-heal|p2a: Raikou|10/100|[from] item: Leftovers
|upkeep
|turn|19
|
|t:|1661567804
|move|p1a: Togekiss|Air Slash|p2a: Raikou
|-resisted|p2a: Raikou
|-damage|p2a: Raikou|0 fnt
|faint|p2a: Raikou
|
|upkeep
|
|t:|1661567807
|switch|p2a: Flygon|Flygon, F|100/100
|turn|20
|
|t:|1661567811
|move|p2a: Flygon|U-turn|p1a: Togekiss
|-resisted|p1a: Togekiss
|-damage|p1a: Togekiss|0 fnt
|faint|p1a: Togekiss
|
|t:|1661567814
|switch|p2a: Silvally|Silvally-Dragon|18/100|[from]move: U-turn
|
|upkeep
|
|t:|1661567823
|switch|p1a: Rotom|Rotom-Mow|100/100
|-damage|p1a: Rotom|88/100|[from] Stealth Rock
|turn|21
|
|t:|1661567827
|move|p1a: Rotom|Leaf Storm|p2a: Silvally
|-resisted|p2a: Silvally
|-damage|p2a: Silvally|0 fnt
|-unboost|p1a: Rotom|spa|2
|faint|p2a: Silvally
|
|upkeep
|
|t:|1661567837
|switch|p2a: Flygon|Flygon, F|100/100
|turn|22
|
|t:|1661567843
|switch|p1a: Incineroar|Incineroar, M|54/100 tox
|-ability|p1a: Incineroar|Intimidate|boost
|-unboost|p2a: Flygon|atk|1
|move|p2a: Flygon|U-turn|p1a: Incineroar
|-crit|p1a: Incineroar
|-damage|p1a: Incineroar|19/100 tox
|
|t:|1661567854
|switch|p2a: BELLA DONNA!!!!!!!|Gardevoir, F|100/100|[from]move: U-turn
|-ability|p2a: BELLA DONNA!!!!!!!|Intimidate|[from] ability: Trace|[of] p1a: Incineroar
|-ability|p2a: BELLA DONNA!!!!!!!|Intimidate|boost
|-unboost|p1a: Incineroar|atk|1
|
|-damage|p1a: Incineroar|13/100 tox|[from] psn
|upkeep
|turn|23
|
|t:|1661567861
|move|p1a: Incineroar|Fake Out|p2a: BELLA DONNA!!!!!!!
|-damage|p2a: BELLA DONNA!!!!!!!|83/100
|cant|p2a: BELLA DONNA!!!!!!!|flinch
|
|-damage|p1a: Incineroar|1/100 tox|[from] psn
|upkeep
|turn|24
|
|t:|1661567863
|move|p2a: BELLA DONNA!!!!!!!|Shadow Ball|p1a: Incineroar
|-resisted|p1a: Incineroar
|-damage|p1a: Incineroar|0 fnt
|faint|p1a: Incineroar
|
|upkeep
|
|t:|1661567868
|switch|p1a: Rotom|Rotom-Mow|88/100
|-damage|p1a: Rotom|76/100|[from] Stealth Rock
|turn|25
|
|t:|1661567872
|switch|p2a: Nidoqueen|Nidoqueen, F|100/100
|move|p1a: Rotom|Leaf Storm|p2a: Nidoqueen
|-damage|p2a: Nidoqueen|20/100
|-unboost|p1a: Rotom|spa|2
|
|-heal|p2a: Nidoqueen|26/100|[from] item: Black Sludge
|upkeep
|turn|26
|
|t:|1661567875
|move|p1a: Rotom|Leaf Storm|p2a: Nidoqueen
|-damage|p2a: Nidoqueen|0 fnt
|-unboost|p1a: Rotom|spa|2
|faint|p2a: Nidoqueen
|
|upkeep
|
|t:|1661567880
|switch|p2a: BELLA DONNA!!!!!!!|Gardevoir, F|83/100
|-ability|p2a: BELLA DONNA!!!!!!!|Levitate|[from] ability: Trace|[of] p1a: Rotom
|turn|27
|
|t:|1661567889
|switch|p1a: Flygon|Flygon, M|100/100
|-damage|p1a: Flygon|95/100|[from] Stealth Rock
|move|p2a: BELLA DONNA!!!!!!!|Shadow Ball|p1a: Flygon
|-damage|p1a: Flygon|35/100
|-unboost|p1a: Flygon|spd|1
|
|upkeep
|turn|28
|
|t:|1661567900
|move|p1a: Flygon|Fire Punch|p2a: BELLA DONNA!!!!!!!
|-damage|p2a: BELLA DONNA!!!!!!!|46/100
|move|p2a: BELLA DONNA!!!!!!!|Shadow Ball|p1a: Flygon
|-damage|p1a: Flygon|0 fnt
|faint|p1a: Flygon
|
|upkeep
|
|t:|1661567903
|switch|p1a: Rotom|Rotom-Mow|76/100
|-damage|p1a: Rotom|63/100|[from] Stealth Rock
|turn|29
|
|t:|1661567906
|switch|p2a: Flygon|Flygon, F|100/100
|move|p1a: Rotom|Leaf Storm|p2a: Flygon
|-damage|p2a: Flygon|12/100
|-unboost|p1a: Rotom|spa|2
|
|upkeep
|turn|30
|
|t:|1661567909
|move|p2a: Flygon|U-turn|p1a: Rotom
|-supereffective|p1a: Rotom
|-damage|p1a: Rotom|9/100
|
|t:|1661567912
|switch|p2a: BELLA DONNA!!!!!!!|Gardevoir, F|46/100|[from]move: U-turn
|-ability|p2a: BELLA DONNA!!!!!!!|Levitate|[from] ability: Trace|[of] p1a: Rotom
|move|p1a: Rotom|Leaf Storm|p2a: BELLA DONNA!!!!!!!
|-damage|p2a: BELLA DONNA!!!!!!!|9/100
|-unboost|p1a: Rotom|spa|2
|
|upkeep
|turn|31
|
|t:|1661567919
|move|p1a: Rotom|Leaf Storm|p2a: BELLA DONNA!!!!!!!
|-damage|p2a: BELLA DONNA!!!!!!!|0 fnt
|-unboost|p1a: Rotom|spa|2
|faint|p2a: BELLA DONNA!!!!!!!
|
|upkeep
|
|t:|1661567921
|switch|p2a: Flygon|Flygon, F|12/100
|turn|32
|
|t:|1661567923
|move|p2a: Flygon|U-turn|p1a: Rotom
|-supereffective|p1a: Rotom
|-damage|p1a: Rotom|0 fnt
|faint|p1a: Rotom
|
|upkeep
|
|t:|1661567925
|switch|p1a: Bronzong|Bronzong|97/100
|-damage|p1a: Bronzong|91/100|[from] Stealth Rock
|turn|33
|c|☆literallyfreemoney|gg
|-message|literallyfreemoney forfeited.
|
|win|Netskinate
|raw|Netskinate's rating: 1288 &rarr; <strong>1320</strong><br />(+32 for winning)
|raw|literallyfreemoney's rating: 1381 &rarr; <strong>1356</strong><br />(-25 for losing)
|l|☆literallyfreemoney
|c|☆Netskinate|Gg
||Ladder isn't responding, score probably updated but might not have (Request timeout).
