|j|☆XtheGAMEmaster
|j|☆Ovipositor
|t:|1644913471
|gametype|singles
|player|p1|XtheGAMEmaster|1|1207
|player|p2|Ovipositor|ingo|1181
|teamsize|p1|6
|teamsize|p2|6
|gen|8
|tier|[Gen 8] RU
|rated|
|rule|Sleep Clause Mod: Limit one foe put to sleep
|rule|Species Clause: Limit one of each Pokémon
|rule|OHKO Clause: OHKO moves are banned
|rule|Evasion Moves Clause: Evasion moves are banned
|rule|Endless Battle Clause: Forcing endless battles is banned
|rule|HP Percentage Mod: HP is shown in percentages
|rule|Dynamax Clause: You cannot dynamax
|clearpoke
|poke|p1|Steelix, F|
|poke|p1|Regidrago|
|poke|p1|Volcanion|
|poke|p1|Ferroseed, M|
|poke|p1|Silvally-*|
|poke|p1|Cryogonal|
|poke|p2|Toxtricity, F|
|poke|p2|Bronzong|
|poke|p2|Flygon, M|
|poke|p2|Darmanitan, F|
|poke|p2|Steelix, M|
|poke|p2|Polteageist|
|teampreview
|
|t:|1644913499
|start
|switch|p1a: Cryogonal|Cryogonal|100/100
|switch|p2a: Darmanitan|Darmanitan, F|100/100
|turn|1
|
|t:|1644913508
|switch|p1a: Volcanion|Volcanion|100/100
|move|p2a: Darmanitan|U-turn|p1a: Volcanion
|-resisted|p1a: Volcanion
|-damage|p1a: Volcanion|85/100
|
|t:|1644913513
|switch|p2a: Toxtricity|Toxtricity, F|100/100|[from]move: U-turn
|
|upkeep
|turn|2
|
|t:|1644913517
|move|p2a: Toxtricity|Volt Switch|p1a: Volcanion
|-supereffective|p1a: Volcanion
|-damage|p1a: Volcanion|37/100
|
|t:|1644913522
|switch|p2a: Bronzong|Bronzong, shiny|100/100|[from]move: Volt Switch
|move|p1a: Volcanion|Earth Power|p2a: Bronzong
|-immune|p2a: Bronzong|[from] ability: Levitate
|
|upkeep
|turn|3
|
|t:|1644913532
|switch|p2a: Darmanitan|Darmanitan, F|100/100
|move|p1a: Volcanion|Overheat|p2a: Darmanitan
|-resisted|p2a: Darmanitan
|-damage|p2a: Darmanitan|48/100
|-unboost|p1a: Volcanion|spa|2
|
|upkeep
|turn|4
|
|t:|1644913551
|-singleturn|p2a: Darmanitan|move: Focus Punch
|switch|p1a: Steelix|Steelix, F|100/100
|move|p2a: Darmanitan|Focus Punch|p1a: Steelix
|-supereffective|p1a: Steelix
|-damage|p1a: Steelix|0 fnt
|faint|p1a: Steelix
|
|upkeep
|
|t:|1644913562
|switch|p1a: Regidrago|Regidrago|100/100
|turn|5
|
|t:|1644913570
|switch|p2a: Bronzong|Bronzong, shiny|100/100
|move|p1a: Regidrago|Dragon Pulse|p2a: Bronzong
|-resisted|p2a: Bronzong
|-damage|p2a: Bronzong|83/100
|
|-heal|p2a: Bronzong|89/100|[from] item: Leftovers
|upkeep
|turn|6
|
|t:|1644913580
|switch|p1a: Ferroseed|Ferroseed, M|100/100
|move|p2a: Bronzong|Stealth Rock|p1a: Ferroseed
|-sidestart|p1: XtheGAMEmaster|move: Stealth Rock
|
|-heal|p2a: Bronzong|95/100|[from] item: Leftovers
|upkeep
|turn|7
|
|t:|1644913586
|switch|p2a: Darmanitan|Darmanitan, F|48/100
|move|p1a: Ferroseed|Leech Seed|p2a: Darmanitan
|-start|p2a: Darmanitan|move: Leech Seed
|
|-damage|p2a: Darmanitan|35/100|[from] Leech Seed|[of] p1a: Ferroseed
|upkeep
|turn|8
|
|t:|1644913599
|-singleturn|p2a: Darmanitan|move: Focus Punch
|move|p1a: Ferroseed|Protect|p1a: Ferroseed
|-singleturn|p1a: Ferroseed|Protect
|move|p2a: Darmanitan|Focus Punch|p1a: Ferroseed
|-activate|p1a: Ferroseed|move: Protect
|
|-damage|p2a: Darmanitan|23/100|[from] Leech Seed|[of] p1a: Ferroseed
|upkeep
|turn|9
|
|t:|1644913608
|-singleturn|p2a: Darmanitan|move: Focus Punch
|move|p1a: Ferroseed|Knock Off|p2a: Darmanitan
|-damage|p2a: Darmanitan|2/100
|-enditem|p2a: Darmanitan|Choice Band|[from] move: Knock Off|[of] p1a: Ferroseed
|cant|p2a: Darmanitan|Focus Punch|Focus Punch
|
|-damage|p2a: Darmanitan|0 fnt|[from] Leech Seed|[of] p1a: Ferroseed
|faint|p2a: Darmanitan
|upkeep
|
|t:|1644913625
|switch|p2a: Polteageist|Polteageist, shiny|100/100
|turn|10
|
|t:|1644913636
|move|p2a: Polteageist|Shell Smash|p2a: Polteageist
|-unboost|p2a: Polteageist|def|1
|-unboost|p2a: Polteageist|spd|1
|-boost|p2a: Polteageist|atk|2
|-boost|p2a: Polteageist|spa|2
|-boost|p2a: Polteageist|spe|2
|move|p1a: Ferroseed|Leech Seed|p2a: Polteageist
|-start|p2a: Polteageist|move: Leech Seed
|
|-damage|p2a: Polteageist|88/100|[from] Leech Seed|[of] p1a: Ferroseed
|upkeep
|turn|11
|
|t:|1644913643
|move|p2a: Polteageist|Shell Smash|p2a: Polteageist
|-unboost|p2a: Polteageist|def|1
|-unboost|p2a: Polteageist|spd|1
|-boost|p2a: Polteageist|atk|2
|-boost|p2a: Polteageist|spa|2
|-boost|p2a: Polteageist|spe|2
|move|p1a: Ferroseed|Knock Off|p2a: Polteageist
|-supereffective|p2a: Polteageist
|-damage|p2a: Polteageist|0 fnt
|-enditem|p2a: Polteageist|Focus Sash|[from] move: Knock Off|[of] p1a: Ferroseed
|faint|p2a: Polteageist
|
|upkeep
|
|t:|1644913656
|switch|p2a: Steelix|Steelix, M|100/100
|turn|12
|
|t:|1644913661
|move|p2a: Steelix|Body Press|p1a: Ferroseed
|-supereffective|p1a: Ferroseed
|-damage|p1a: Ferroseed|63/100
|-damage|p2a: Steelix|88/100|[from] ability: Iron Barbs|[of] p1a: Ferroseed
|move|p1a: Ferroseed|Leech Seed|p2a: Steelix
|-start|p2a: Steelix|move: Leech Seed
|
|-damage|p2a: Steelix|76/100|[from] Leech Seed|[of] p1a: Ferroseed
|-heal|p1a: Ferroseed|78/100|[silent]
|upkeep
|turn|13
|
|t:|1644913674
|switch|p2a: Flygon|Flygon, M|100/100
|move|p1a: Ferroseed|Protect||[still]
|-fail|p1a: Ferroseed
|
|upkeep
|turn|14
|
|t:|1644913680
|move|p1a: Ferroseed|Protect|p1a: Ferroseed
|-singleturn|p1a: Ferroseed|Protect
|move|p2a: Flygon|Dragon Dance|p2a: Flygon
|-boost|p2a: Flygon|atk|1
|-boost|p2a: Flygon|spe|1
|
|upkeep
|turn|15
|
|t:|1644913686
|move|p2a: Flygon|Earthquake|p1a: Ferroseed
|-damage|p1a: Ferroseed|35/100
|move|p1a: Ferroseed|Leech Seed|p2a: Flygon
|-start|p2a: Flygon|move: Leech Seed
|
|-damage|p2a: Flygon|88/100|[from] Leech Seed|[of] p1a: Ferroseed
|-heal|p1a: Ferroseed|47/100|[silent]
|upkeep
|turn|16
|
|t:|1644913692
|move|p2a: Flygon|U-turn|p1a: Ferroseed
|-damage|p1a: Ferroseed|27/100
|-damage|p2a: Flygon|76/100|[from] ability: Iron Barbs|[of] p1a: Ferroseed
|
|t:|1644913698
|switch|p2a: Steelix|Steelix, M|76/100|[from]move: U-turn
|move|p1a: Ferroseed|Knock Off|p2a: Steelix
|-damage|p2a: Steelix|68/100
|-enditem|p2a: Steelix|Assault Vest|[from] move: Knock Off|[of] p1a: Ferroseed
|
|upkeep
|turn|17
|
|t:|1644913713
|switch|p1a: Silvally|Silvally-Ghost|100/100
|-damage|p1a: Silvally|88/100|[from] Stealth Rock
|move|p2a: Steelix|Body Press|p1a: Silvally
|-immune|p1a: Silvally
|
|upkeep
|turn|18
|
|t:|1644913722
|move|p1a: Silvally|Swords Dance|p1a: Silvally
|-boost|p1a: Silvally|atk|2
|move|p2a: Steelix|Dragon Tail|p1a: Silvally|[miss]
|-miss|p2a: Steelix|p1a: Silvally
|
|upkeep
|turn|19
|c|☆XtheGAMEmaster|Sorry
|c|☆Ovipositor|actually fuck my entire life
|
|t:|1644913738
|move|p1a: Silvally|Multi-Attack|p2a: Steelix
|-damage|p2a: Steelix|17/100
|move|p2a: Steelix|Dragon Tail|p1a: Silvally
|-damage|p1a: Silvally|70/100
|drag|p1a: Volcanion|Volcanion|37/100
|-damage|p1a: Volcanion|12/100|[from] Stealth Rock
|
|upkeep
|turn|20
|
|t:|1644913766
|switch|p2a: Toxtricity|Toxtricity, F|100/100
|move|p1a: Volcanion|Scald|p2a: Toxtricity
|-damage|p2a: Toxtricity|30/100
|
|upkeep
|turn|21
|
|t:|1644913776
|move|p2a: Toxtricity|Volt Switch|p1a: Volcanion
|-supereffective|p1a: Volcanion
|-damage|p1a: Volcanion|0 fnt
|faint|p1a: Volcanion
|
|t:|1644913782
|switch|p2a: Flygon|Flygon, M|76/100|[from]move: Volt Switch
|
|upkeep
|
|t:|1644913784
|switch|p1a: Cryogonal|Cryogonal|100/100
|turn|22
|
|t:|1644913789
|switch|p2a: Bronzong|Bronzong, shiny|95/100
|move|p1a: Cryogonal|Ice Beam|p2a: Bronzong
|-resisted|p2a: Bronzong
|-damage|p2a: Bronzong|83/100
|
|-heal|p2a: Bronzong|89/100|[from] item: Leftovers
|upkeep
|turn|23
|
|t:|1644913804
|switch|p1a: Ferroseed|Ferroseed, M|27/100
|-damage|p1a: Ferroseed|20/100|[from] Stealth Rock
|move|p2a: Bronzong|Earthquake|p1a: Ferroseed
|-damage|p1a: Ferroseed|2/100
|
|-heal|p2a: Bronzong|95/100|[from] item: Leftovers
|upkeep
|turn|24
|
|t:|1644913816
|move|p2a: Bronzong|Earthquake|p1a: Ferroseed
|-damage|p1a: Ferroseed|0 fnt
|faint|p1a: Ferroseed
|
|-heal|p2a: Bronzong|100/100|[from] item: Leftovers
|upkeep
|
|t:|1644913822
|switch|p1a: Silvally|Silvally-Ghost|70/100
|-damage|p1a: Silvally|57/100|[from] Stealth Rock
|turn|25
|
|t:|1644913829
|move|p1a: Silvally|Multi-Attack|p2a: Bronzong
|-supereffective|p2a: Bronzong
|-damage|p2a: Bronzong|3/100
|move|p2a: Bronzong|Gyro Ball|p1a: Silvally
|-damage|p1a: Silvally|0 fnt
|faint|p1a: Silvally
|
|-heal|p2a: Bronzong|9/100|[from] item: Leftovers
|upkeep
|
|t:|1644913842
|switch|p1a: Regidrago|Regidrago|100/100
|-damage|p1a: Regidrago|88/100|[from] Stealth Rock
|turn|26
|
|t:|1644913893
|move|p1a: Regidrago|Substitute|p1a: Regidrago
|-start|p1a: Regidrago|Substitute
|-damage|p1a: Regidrago|63/100
|move|p2a: Bronzong|Gyro Ball|p1a: Regidrago
|-crit|p1a: Regidrago
|-end|p1a: Regidrago|Substitute
|
|-heal|p1a: Regidrago|69/100|[from] item: Leftovers
|-heal|p2a: Bronzong|15/100|[from] item: Leftovers
|upkeep
|turn|27
|
|t:|1644913900
|move|p1a: Regidrago|Dragon Pulse|p2a: Bronzong
|-resisted|p2a: Bronzong
|-damage|p2a: Bronzong|0 fnt
|faint|p2a: Bronzong
|
|-heal|p1a: Regidrago|75/100|[from] item: Leftovers
|upkeep
|
|t:|1644913907
|switch|p2a: Flygon|Flygon, M|76/100
|turn|28
|
|t:|1644913911
|move|p2a: Flygon|Dragon Claw|p1a: Regidrago
|-supereffective|p1a: Regidrago
|-damage|p1a: Regidrago|0 fnt
|faint|p1a: Regidrago
|
|upkeep
|
|t:|1644913914
|switch|p1a: Cryogonal|Cryogonal|100/100
|turn|29
|
|t:|1644913921
|move|p1a: Cryogonal|Ice Beam|p2a: Flygon
|-supereffective|p2a: Flygon
|-damage|p2a: Flygon|0 fnt
|faint|p2a: Flygon
|
|upkeep
|
|t:|1644913925
|switch|p2a: Steelix|Steelix, M|17/100
|turn|30
|
|t:|1644913928
|move|p1a: Cryogonal|Ice Beam|p2a: Steelix
|-damage|p2a: Steelix|0 fnt
|faint|p2a: Steelix
|
|upkeep
|
|t:|1644913930
|switch|p2a: Toxtricity|Toxtricity, F|30/100
|turn|31
|
|t:|1644913936
|move|p2a: Toxtricity|Boomburst|p1a: Cryogonal
|-damage|p1a: Cryogonal|56/100
|move|p1a: Cryogonal|Ice Beam|p2a: Toxtricity
|-damage|p2a: Toxtricity|0 fnt
|faint|p2a: Toxtricity
|
|win|XtheGAMEmaster
|raw|XtheGAMEmaster's rating: 1207 &rarr; <strong>1230</strong><br />(+23 for winning)
|raw|Ovipositor's rating: 1181 &rarr; <strong>1158</strong><br />(-23 for losing)
|c|☆XtheGAMEmaster|Ggs
|c|☆XtheGAMEmaster|sorry about the miss
|c|☆Ovipositor|ye it really mattered
|l|☆Ovipositor
|c|☆XtheGAMEmaster|Yeah
