|html|<div class="broadcast-blue"><strong>[Gen 8] RU is currently suspecting Necrozma! For information on how to participate check out the <a href="https://www.smogon.com/forums/threads/np-ru-stage-11-lights-necrozma-suspect-test.3696813/">suspect thread</a>.</strong></div>
|j|☆Antihero468
|j|☆Dancanmanfan
|t:|1644002388
|gametype|singles
|player|p1|Antihero468|falkner|1095
|player|p2|Dancanmanfan|clay|1331
|teamsize|p1|6
|teamsize|p2|6
|gen|8
|tier|[Gen 8] RU
|rated|
|rule|Sleep Clause Mod: Limit one foe put to sleep
|rule|Species Clause: Limit one of each Pokémon
|rule|OHKO Clause: OHKO moves are banned
|rule|Evasion Moves Clause: Evasion moves are banned
|rule|Endless Battle Clause: Forcing endless battles is banned
|rule|HP Percentage Mod: HP is shown in percentages
|rule|Dynamax Clause: You cannot dynamax
|clearpoke
|poke|p1|Centiskorch, M|
|poke|p1|Crobat, F|
|poke|p1|Togedemaru, F|
|poke|p1|Flygon, F|
|poke|p1|Spiritomb, M|
|poke|p1|Sawk, M|
|poke|p2|Crobat, M|
|poke|p2|Snorlax, F|
|poke|p2|Celebi|
|poke|p2|Registeel|
|poke|p2|Absol, F|
|poke|p2|Seismitoad, M|
|teampreview
|
|t:|1644002419
|start
|switch|p1a: Togedemaru|Togedemaru, F|100/100
|switch|p2a: Crobat|Crobat, M|100/100
|-item|p1a: Togedemaru|Air Balloon
|turn|1
|
|t:|1644002426
|move|p2a: Crobat|U-turn|p1a: Togedemaru
|-resisted|p1a: Togedemaru
|-damage|p1a: Togedemaru|86/100
|-enditem|p1a: Togedemaru|Air Balloon
|
|t:|1644002431
|switch|p2a: Seismitoad|Seismitoad, M|100/100|[from]move: U-turn
|move|p1a: Togedemaru|Nuzzle|p2a: Seismitoad
|-immune|p2a: Seismitoad
|
|upkeep
|turn|2
|
|t:|1644002437
|move|p1a: Togedemaru|U-turn|p2a: Seismitoad
|-crit|p2a: Seismitoad
|-damage|p2a: Seismitoad|74/100
|-damage|p1a: Togedemaru|69/100|[from] item: Rocky Helmet|[of] p2a: Seismitoad
|
|t:|1644002442
|switch|p1a: Crobat|Crobat, F|100/100|[from]move: U-turn
|move|p2a: Seismitoad|Stealth Rock|p1a: Crobat
|-sidestart|p1: Antihero468|move: Stealth Rock
|
|upkeep
|turn|3
|
|t:|1644002452
|move|p1a: Crobat|Toxic|p2a: Seismitoad
|-status|p2a: Seismitoad|tox
|move|p2a: Seismitoad|Knock Off|p1a: Crobat
|-damage|p1a: Crobat|78/100
|-enditem|p1a: Crobat|Black Sludge|[from] move: Knock Off|[of] p2a: Seismitoad
|
|-damage|p2a: Seismitoad|68/100 tox|[from] psn
|upkeep
|turn|4
|
|t:|1644002462
|move|p2a: Seismitoad|Scald|p1a: Crobat
|-damage|p1a: Crobat|52/100
|move|p1a: Crobat|Whirlwind|p2a: Seismitoad
|drag|p2a: Snorlax|Snorlax, F|100/100
|
|upkeep
|turn|5
|
|t:|1644002473
|move|p1a: Crobat|Roost|p1a: Crobat
|-heal|p1a: Crobat|100/100
|-singleturn|p1a: Crobat|move: Roost
|move|p2a: Snorlax|Darkest Lariat|p1a: Crobat
|-damage|p1a: Crobat|75/100
|
|upkeep
|turn|6
|
|t:|1644002479
|move|p1a: Crobat|Toxic|p2a: Snorlax
|-status|p2a: Snorlax|tox
|move|p2a: Snorlax|Curse|p2a: Snorlax
|-unboost|p2a: Snorlax|spe|1
|-boost|p2a: Snorlax|atk|1
|-boost|p2a: Snorlax|def|1
|
|-damage|p2a: Snorlax|94/100 tox|[from] psn
|upkeep
|turn|7
|
|t:|1644002487
|move|p1a: Crobat|Super Fang|p2a: Snorlax
|-damage|p2a: Snorlax|47/100 tox
|move|p2a: Snorlax|Darkest Lariat|p1a: Crobat
|-damage|p1a: Crobat|41/100
|
|-heal|p2a: Snorlax|54/100 tox|[from] item: Leftovers
|-damage|p2a: Snorlax|41/100 tox|[from] psn
|upkeep
|turn|8
|
|t:|1644002496
|move|p1a: Crobat|Roost|p1a: Crobat
|-heal|p1a: Crobat|91/100
|-singleturn|p1a: Crobat|move: Roost
|move|p2a: Snorlax|Rest|p2a: Snorlax
|-status|p2a: Snorlax|slp|[from] move: Rest
|-heal|p2a: Snorlax|100/100 slp|[silent]
|
|upkeep
|turn|9
|
|t:|1644002508
|switch|p2a: Celebi|Celebi|100/100
|move|p1a: Crobat|Whirlwind|p2a: Celebi
|drag|p2a: Seismitoad|Seismitoad, M|68/100 tox
|
|-damage|p2a: Seismitoad|62/100 tox|[from] psn
|upkeep
|turn|10
|
|t:|1644002516
|move|p1a: Crobat|Super Fang|p2a: Seismitoad
|-damage|p2a: Seismitoad|31/100 tox
|-damage|p1a: Crobat|74/100|[from] item: Rocky Helmet|[of] p2a: Seismitoad
|move|p2a: Seismitoad|Scald|p1a: Crobat
|-damage|p1a: Crobat|47/100
|
|-damage|p2a: Seismitoad|19/100 tox|[from] psn
|upkeep
|turn|11
|
|t:|1644002523
|move|p1a: Crobat|Roost|p1a: Crobat
|-heal|p1a: Crobat|97/100
|-singleturn|p1a: Crobat|move: Roost
|move|p2a: Seismitoad|Earth Power|p1a: Crobat
|-supereffective|p1a: Crobat
|-damage|p1a: Crobat|37/100
|
|-damage|p2a: Seismitoad|1/100 tox|[from] psn
|upkeep
|turn|12
|
|t:|1644002540
|move|p1a: Crobat|Roost|p1a: Crobat
|-heal|p1a: Crobat|87/100
|-singleturn|p1a: Crobat|move: Roost
|move|p2a: Seismitoad|Scald|p1a: Crobat
|-damage|p1a: Crobat|63/100
|-status|p1a: Crobat|brn
|
|-damage|p2a: Seismitoad|0 fnt|[from] psn
|faint|p2a: Seismitoad
|-damage|p1a: Crobat|57/100 brn|[from] brn
|upkeep
|
|t:|1644002547
|switch|p2a: Celebi|Celebi|100/100
|turn|13
|
|t:|1644002554
|move|p1a: Crobat|Toxic|p2a: Celebi
|-status|p2a: Celebi|tox
|move|p2a: Celebi|Nasty Plot|p2a: Celebi
|-boost|p2a: Celebi|spa|2
|
|-damage|p2a: Celebi|94/100 tox|[from] psn
|-damage|p1a: Crobat|50/100 brn|[from] brn
|upkeep
|turn|14
|
|t:|1644002562
|move|p1a: Crobat|Super Fang|p2a: Celebi
|-damage|p2a: Celebi|47/100 tox
|move|p2a: Celebi|Psychic|p1a: Crobat
|-supereffective|p1a: Crobat
|-damage|p1a: Crobat|0 fnt
|faint|p1a: Crobat
|
|-heal|p2a: Celebi|54/100 tox|[from] item: Leftovers
|-damage|p2a: Celebi|41/100 tox|[from] psn
|upkeep
|
|t:|1644002574
|switch|p1a: Centiskorch|Centiskorch, M|100/100
|turn|15
|inactive|Battle timer is ON: inactive players will automatically lose when time's up. (requested by Dancanmanfan)
|
|t:|1644002591
|move|p2a: Celebi|Psychic|p1a: Centiskorch
|-damage|p1a: Centiskorch|33/100
|move|p1a: Centiskorch|Coil|p1a: Centiskorch
|-boost|p1a: Centiskorch|atk|1
|-boost|p1a: Centiskorch|def|1
|-boost|p1a: Centiskorch|accuracy|1
|
|-heal|p2a: Celebi|47/100 tox|[from] item: Leftovers
|-damage|p2a: Celebi|29/100 tox|[from] psn
|upkeep
|turn|16
|
|t:|1644002607
|move|p2a: Celebi|Psychic|p1a: Centiskorch
|-damage|p1a: Centiskorch|0 fnt
|faint|p1a: Centiskorch
|
|-heal|p2a: Celebi|35/100 tox|[from] item: Leftovers
|-damage|p2a: Celebi|11/100 tox|[from] psn
|upkeep
|
|t:|1644002617
|switch|p1a: Spiritomb|Spiritomb, M|100/100
|-damage|p1a: Spiritomb|88/100|[from] Stealth Rock
|-ability|p1a: Spiritomb|Pressure
|turn|17
|
|t:|1644002628
|-curestatus|p2a: Celebi|tox|[from] ability: Natural Cure
|switch|p2a: Crobat|Crobat, M|100/100
|move|p1a: Spiritomb|Calm Mind|p1a: Spiritomb
|-boost|p1a: Spiritomb|spa|1
|-boost|p1a: Spiritomb|spd|1
|
|-heal|p1a: Spiritomb|94/100|[from] item: Leftovers
|upkeep
|turn|18
|
|t:|1644002637
|move|p2a: Crobat|Poison Fang|p1a: Spiritomb
|-resisted|p1a: Spiritomb
|-damage|p1a: Spiritomb|86/100
|move|p1a: Spiritomb|Shadow Ball|p2a: Crobat
|-damage|p2a: Crobat|48/100
|
|-heal|p1a: Spiritomb|93/100|[from] item: Leftovers
|upkeep
|turn|19
|
|t:|1644002646
|move|p2a: Crobat|Poison Fang|p1a: Spiritomb
|-resisted|p1a: Spiritomb
|-damage|p1a: Spiritomb|85/100
|-status|p1a: Spiritomb|tox
|move|p1a: Spiritomb|Shadow Ball|p2a: Crobat
|-damage|p2a: Crobat|0 fnt
|faint|p2a: Crobat
|
|-heal|p1a: Spiritomb|91/100 tox|[from] item: Leftovers
|-damage|p1a: Spiritomb|85/100 tox|[from] psn
|upkeep
|
|t:|1644002658
|switch|p2a: Absol|Absol, F|100/100
|turn|20
|
|t:|1644002662
|move|p2a: Absol|Swords Dance|p2a: Absol
|-boost|p2a: Absol|atk|2
|move|p1a: Spiritomb|Will-O-Wisp|p2a: Absol
|-status|p2a: Absol|brn
|
|-heal|p1a: Spiritomb|91/100 tox|[from] item: Leftovers
|-damage|p1a: Spiritomb|79/100 tox|[from] psn
|-damage|p2a: Absol|95/100 brn|[from] brn
|upkeep
|turn|21
|
|t:|1644002671
|move|p2a: Absol|Swords Dance|p2a: Absol
|-boost|p2a: Absol|atk|2
|move|p1a: Spiritomb|Shadow Ball|p2a: Absol
|-resisted|p2a: Absol
|-damage|p2a: Absol|50/100 brn
|
|-heal|p1a: Spiritomb|85/100 tox|[from] item: Leftovers
|-damage|p1a: Spiritomb|66/100 tox|[from] psn
|-damage|p2a: Absol|44/100 brn|[from] brn
|upkeep
|turn|22
|
|t:|1644002681
|move|p2a: Absol|Knock Off|p1a: Spiritomb
|-crit|p1a: Spiritomb
|-damage|p1a: Spiritomb|0 fnt
|-enditem|p1a: Spiritomb|Leftovers|[from] move: Knock Off|[of] p2a: Absol
|faint|p1a: Spiritomb
|
|-damage|p2a: Absol|38/100 brn|[from] brn
|upkeep
|
|t:|1644002693
|switch|p1a: Sawk|Sawk, M|100/100
|-damage|p1a: Sawk|94/100|[from] Stealth Rock
|turn|23
|
|t:|1644002702
|move|p2a: Absol|Sucker Punch|p1a: Sawk
|-resisted|p1a: Sawk
|-damage|p1a: Sawk|47/100
|move|p1a: Sawk|Reversal|p2a: Absol
|-supereffective|p2a: Absol
|-damage|p2a: Absol|0 fnt
|faint|p2a: Absol
|
|upkeep
|
|t:|1644002708
|switch|p2a: Celebi|Celebi|11/100
|turn|24
|
|t:|1644002734
|move|p2a: Celebi|Psychic|p1a: Sawk
|-supereffective|p1a: Sawk
|-damage|p1a: Sawk|0 fnt
|faint|p1a: Sawk
|
|-heal|p2a: Celebi|17/100|[from] item: Leftovers
|upkeep
|
|t:|1644002744
|switch|p1a: Flygon|Flygon, F|100/100
|-damage|p1a: Flygon|95/100|[from] Stealth Rock
|turn|25
|
|t:|1644002749
|move|p1a: Flygon|Dragon Dance|p1a: Flygon
|-boost|p1a: Flygon|atk|1
|-boost|p1a: Flygon|spe|1
|move|p2a: Celebi|Psychic|p1a: Flygon
|-damage|p1a: Flygon|43/100
|
|-heal|p2a: Celebi|23/100|[from] item: Leftovers
|upkeep
|turn|26
|
|t:|1644002757
|move|p1a: Flygon|Dragon Claw|p2a: Celebi
|-damage|p2a: Celebi|0 fnt
|faint|p2a: Celebi
|
|upkeep
|
|t:|1644002759
|switch|p2a: Registeel|Registeel|100/100
|turn|27
|
|t:|1644002763
|move|p1a: Flygon|Earthquake|p2a: Registeel
|-supereffective|p2a: Registeel
|-damage|p2a: Registeel|16/100
|move|p2a: Registeel|Toxic|p1a: Flygon
|-status|p1a: Flygon|tox
|
|-heal|p2a: Registeel|22/100|[from] item: Leftovers
|-damage|p1a: Flygon|37/100 tox|[from] psn
|upkeep
|turn|28
|
|t:|1644002771
|move|p2a: Registeel|Protect|p2a: Registeel
|-singleturn|p2a: Registeel|Protect
|move|p1a: Flygon|Earthquake|p2a: Registeel
|-activate|p2a: Registeel|move: Protect
|
|-heal|p2a: Registeel|28/100|[from] item: Leftovers
|-damage|p1a: Flygon|25/100 tox|[from] psn
|upkeep
|turn|29
|
|t:|1644002795
|switch|p2a: Snorlax|Snorlax, F|100/100 slp
|move|p1a: Flygon|Earthquake|p2a: Snorlax
|-damage|p2a: Snorlax|60/100 slp
|
|-heal|p2a: Snorlax|66/100 slp|[from] item: Leftovers
|-damage|p1a: Flygon|7/100 tox|[from] psn
|upkeep
|turn|30
|
|t:|1644002804
|move|p1a: Flygon|Earthquake|p2a: Snorlax
|-damage|p2a: Snorlax|27/100 slp
|cant|p2a: Snorlax|slp
|
|-heal|p2a: Snorlax|33/100 slp|[from] item: Leftovers
|-damage|p1a: Flygon|0 fnt|[from] psn
|faint|p1a: Flygon
|upkeep
|
|t:|1644002812
|switch|p1a: Togedemaru|Togedemaru, F|69/100
|-damage|p1a: Togedemaru|63/100|[from] Stealth Rock
|turn|31
|
|t:|1644002817
|move|p1a: Togedemaru|Zing Zap|p2a: Snorlax
|-damage|p2a: Snorlax|11/100 slp
|cant|p2a: Snorlax|slp
|
|-heal|p2a: Snorlax|17/100 slp|[from] item: Leftovers
|upkeep
|turn|32
|
|t:|1644002823
|move|p1a: Togedemaru|Zing Zap|p2a: Snorlax
|-damage|p2a: Snorlax|0 fnt
|faint|p2a: Snorlax
|
|upkeep
|
|t:|1644002825
|switch|p2a: Registeel|Registeel|28/100
|turn|33
|
|t:|1644002831
|move|p2a: Registeel|Protect|p2a: Registeel
|-singleturn|p2a: Registeel|Protect
|move|p1a: Togedemaru|Zing Zap|p2a: Registeel
|-activate|p2a: Registeel|move: Protect
|
|-heal|p2a: Registeel|34/100|[from] item: Leftovers
|upkeep
|turn|34
|l|☆Antihero468
|inactive|Antihero468 disconnected and has a minute to reconnect!
|player|p1|
|inactive|Antihero468 has 30 seconds to reconnect!
|j|☆Antihero468
|inactive|Antihero468 reconnected and has 100 seconds left.
|player|p1|Antihero468|falkner
|
|t:|1644002888
|move|p1a: Togedemaru|Zing Zap|p2a: Registeel
|-damage|p2a: Registeel|10/100
|move|p2a: Registeel|Seismic Toss|p1a: Togedemaru
|-damage|p1a: Togedemaru|26/100
|
|-heal|p2a: Registeel|16/100|[from] item: Leftovers
|upkeep
|turn|35
|
|t:|1644002896
|move|p2a: Registeel|Protect|p2a: Registeel
|-singleturn|p2a: Registeel|Protect
|move|p1a: Togedemaru|Zing Zap|p2a: Registeel
|-activate|p2a: Registeel|move: Protect
|
|-heal|p2a: Registeel|22/100|[from] item: Leftovers
|upkeep
|turn|36
|
|t:|1644002904
|move|p2a: Registeel|Protect||[still]
|-fail|p2a: Registeel
|move|p1a: Togedemaru|Zing Zap|p2a: Registeel
|-damage|p2a: Registeel|0 fnt
|faint|p2a: Registeel
|
|win|Antihero468
|raw|Antihero468's rating: 1095 &rarr; <strong>1136</strong><br />(+41 for winning)
|raw|Dancanmanfan's rating: 1331 &rarr; <strong>1299</strong><br />(-32 for losing)
|c|☆Dancanmanfan|gg
|l|☆Dancanmanfan
|c|☆Antihero468|close one
