|j|☆SHROKER
|j|☆RULT2at Aqua
|t:|1597280207
|player|p1|SHROKER|124|
|player|p2|RULT2at Aqua|lucas|
|teamsize|p1|6
|teamsize|p2|6
|gametype|singles
|gen|8
|tier|[Gen 8] RU
|clearpoke
|poke|p1|Slowbro-Galar, M|
|poke|p1|Porygon2|
|poke|p1|Bewear, M|
|poke|p1|Eldegoss, F|
|poke|p1|Dragalge, M|
|poke|p1|Klefki, M|
|poke|p2|Bronzong|
|poke|p2|Charizard, M|
|poke|p2|Slowbro-Galar, M|
|poke|p2|Quagsire, M|
|poke|p2|Umbreon, M|
|poke|p2|Vileplume, M|
|rule|Sleep Clause Mod: Limit one foe put to sleep
|rule|Species Clause: Limit one of each Pokémon
|rule|OHKO Clause: OHKO moves are banned
|rule|Evasion Moves Clause: Evasion moves are banned
|rule|Endless Battle Clause: Forcing endless battles is banned
|rule|HP Percentage Mod: HP is shown in percentages
|rule|Dynamax Clause: You cannot dynamax
|teampreview
|c|☆RULT2at Aqua|:OO
|c|☆RULT2at Aqua|eldegoss
|c|☆SHROKER|the cancerous ass regenerator core
|
|t:|1597280231
|start
|switch|p1a: Dragalge|Dragalge, M|100/100
|switch|p2a: Bronzong|Bronzong|100/100
|turn|1
|c|☆RULT2at Aqua|ah
|
|t:|1597280236
|move|p1a: Dragalge|Flip Turn|p2a: Bronzong
|-damage|p2a: Bronzong|91/100
|
|t:|1597280240
|switch|p1a: Bewear|Bewear, M|100/100|[from]move: Flip Turn
|move|p2a: Bronzong|Psychic|p1a: Bewear
|-supereffective|p1a: Bewear
|-damage|p1a: Bewear|46/100
|
|-heal|p2a: Bronzong|97/100|[from] item: Leftovers
|upkeep
|turn|2
|c|☆SHROKER|owww
|c|☆RULT2at Aqua|the predicts
|
|t:|1597280257
|switch|p1a: Klefki|Klefki, M|100/100
|switch|p2a: Quagsire|Quagsire, M|100/100
|
|upkeep
|turn|3
|
|t:|1597280264
|move|p1a: Klefki|Spikes|p2a: Quagsire
|-sidestart|p2: RULT2at Aqua|Spikes
|move|p2a: Quagsire|Earthquake|p1a: Klefki
|-supereffective|p1a: Klefki
|-damage|p1a: Klefki|51/100
|
|upkeep
|turn|4
|c|☆RULT2at Aqua|call me the predict master KEK
|c|☆SHROKER|ye boi
|
|t:|1597280274
|switch|p1a: Eldegoss|Eldegoss, F|100/100
|move|p2a: Quagsire|Scald|p1a: Eldegoss
|-resisted|p1a: Eldegoss
|-damage|p1a: Eldegoss|92/100
|
|-heal|p1a: Eldegoss|98/100|[from] item: Leftovers
|upkeep
|turn|5
|
|t:|1597280289
|switch|p1a: Porygon2|Porygon2|100/100
|-ability|p1a: Porygon2|Download|boost
|-boost|p1a: Porygon2|spa|1
|switch|p2a: Charizard|Charizard, M|100/100
|
|upkeep
|turn|6
|
|t:|1597280304
|switch|p2a: Bronzong|Bronzong|97/100
|move|p1a: Porygon2|Tri Attack|p2a: Bronzong
|-resisted|p2a: Bronzong
|-damage|p2a: Bronzong|83/100
|-status|p2a: Bronzong|par
|
|-heal|p2a: Bronzong|89/100 par|[from] item: Leftovers
|upkeep
|turn|7
|c|☆SHROKER|pog
|c|☆RULT2at Aqua|ow
|
|t:|1597280332
|switch|p1a: Slowbro|Slowbro-Galar, M, shiny|100/100
|move|p2a: Bronzong|Toxic|p1a: Slowbro|[miss]
|-miss|p2a: Bronzong|p1a: Slowbro
|
|-heal|p2a: Bronzong|95/100 par|[from] item: Leftovers
|upkeep
|turn|8
|
|t:|1597280339
|move|p1a: Slowbro|Nasty Plot|p1a: Slowbro
|-boost|p1a: Slowbro|spa|2
|move|p2a: Bronzong|Stealth Rock|p1a: Slowbro
|-sidestart|p1: SHROKER|move: Stealth Rock
|
|-heal|p2a: Bronzong|100/100 par|[from] item: Leftovers
|upkeep
|turn|9
|c|☆RULT2at Aqua|oh no
|c|☆SHROKER|shiiiiet boi
|c|☆RULT2at Aqua|indeed
|
|t:|1597280371
|switch|p2a: Quagsire|Quagsire, M|100/100
|-damage|p2a: Quagsire|88/100|[from] Spikes
|move|p1a: Slowbro|Shell Side Arm|p2a: Quagsire
|-resisted|p2a: Quagsire
|-damage|p2a: Quagsire|69/100
|-hint|Special Shell Side Arm
|-status|p2a: Quagsire|psn
|
|-heal|p2a: Quagsire|75/100 psn|[from] item: Leftovers
|-damage|p2a: Quagsire|62/100 psn|[from] psn
|upkeep
|turn|10
|c|☆SHROKER|pog
|c|☆RULT2at Aqua|WOOOW
|
|t:|1597280382
|move|p2a: Quagsire|Recover|p2a: Quagsire
|-heal|p2a: Quagsire|100/100 psn
|move|p1a: Slowbro|Psyshock|p2a: Quagsire
|-damage|p2a: Quagsire|83/100 psn
|
|-heal|p2a: Quagsire|89/100 psn|[from] item: Leftovers
|-damage|p2a: Quagsire|77/100 psn|[from] psn
|upkeep
|turn|11
|c|☆RULT2at Aqua|thats sad
|c|☆SHROKER|damn
|c|☆SHROKER|literally tickles
|
|t:|1597280395
|switch|p1a: Eldegoss|Eldegoss, F|100/100
|-damage|p1a: Eldegoss|88/100|[from] Stealth Rock
|move|p2a: Quagsire|Haze|p2a: Quagsire
|-clearallboost
|
|-heal|p1a: Eldegoss|94/100|[from] item: Leftovers
|-heal|p2a: Quagsire|83/100 psn|[from] item: Leftovers
|-damage|p2a: Quagsire|70/100 psn|[from] psn
|upkeep
|turn|12
|c|☆RULT2at Aqua|mhn
|
|t:|1597280399
|switch|p2a: Umbreon|Umbreon, M|100/100
|-damage|p2a: Umbreon|88/100|[from] Spikes
|move|p1a: Eldegoss|Giga Drain|p2a: Umbreon
|-damage|p2a: Umbreon|77/100
|-heal|p1a: Eldegoss|100/100|[from] drain|[of] p2a: Umbreon
|
|-heal|p2a: Umbreon|83/100|[from] item: Leftovers
|upkeep
|turn|13
|
|t:|1597280404
|move|p2a: Umbreon|Heal Bell|p2a: Umbreon
|-activate|p2a: Umbreon|move: Heal Bell
|-curestatus|p2: Bronzong|par|[msg]
|-curestatus|p2: Quagsire|psn|[msg]
|move|p1a: Eldegoss|Pollen Puff|p2a: Umbreon
|-supereffective|p2a: Umbreon
|-damage|p2a: Umbreon|65/100
|
|-heal|p2a: Umbreon|71/100|[from] item: Leftovers
|upkeep
|turn|14
|c|☆SHROKER|roifl
|
|t:|1597280415
|move|p2a: Umbreon|Wish|p2a: Umbreon
|move|p1a: Eldegoss|Rapid Spin|p2a: Umbreon
|-damage|p2a: Umbreon|67/100
|-boost|p1a: Eldegoss|spe|1
|-sideend|p1: SHROKER|Stealth Rock|[from] move: Rapid Spin|[of] p1a: Eldegoss
|
|-heal|p2a: Umbreon|73/100|[from] item: Leftovers
|upkeep
|turn|15
|
|t:|1597280425
|switch|p1a: Bewear|Bewear, M|46/100
|move|p2a: Umbreon|Foul Play|p1a: Bewear
|-resisted|p1a: Bewear
|-damage|p1a: Bewear|34/100
|
|-heal|p2a: Umbreon|100/100|[from] move: Wish|[wisher] Umbreon
|upkeep
|turn|16
|
|t:|1597280449
|switch|p1a: Slowbro|Slowbro-Galar, M, shiny|100/100
|switch|p2a: Slowbro|Slowbro-Galar, M|100/100
|-damage|p2a: Slowbro|88/100|[from] Spikes
|
|-heal|p2a: Slowbro|94/100|[from] item: Black Sludge
|upkeep
|turn|17
|c|☆SHROKER|lmao
|
|t:|1597280471
|switch|p2a: Quagsire|Quagsire, M|70/100
|-damage|p2a: Quagsire|58/100|[from] Spikes
|switch|p1a: Porygon2|Porygon2|100/100
|-ability|p1a: Porygon2|Download|boost
|-boost|p1a: Porygon2|spa|1
|
|-heal|p2a: Quagsire|64/100|[from] item: Leftovers
|upkeep
|turn|18
|
|t:|1597280488
|switch|p2a: Bronzong|Bronzong|100/100
|move|p1a: Porygon2|Thunder Wave|p2a: Bronzong
|-status|p2a: Bronzong|par
|
|upkeep
|turn|19
|c|☆RULT2at Aqua|bleh
|c|☆SHROKER|ikr
|
|t:|1597280502
|switch|p1a: Slowbro|Slowbro-Galar, M, shiny|100/100
|move|p2a: Bronzong|Stealth Rock|p1a: Slowbro
|-sidestart|p1: SHROKER|move: Stealth Rock
|
|upkeep
|turn|20
|
|t:|1597280544
|switch|p1a: Bewear|Bewear, M|34/100
|-damage|p1a: Bewear|28/100|[from] Stealth Rock
|switch|p2a: Quagsire|Quagsire, M|64/100
|-damage|p2a: Quagsire|52/100|[from] Spikes
|
|-heal|p2a: Quagsire|58/100|[from] item: Leftovers
|upkeep
|turn|21
|
|t:|1597280552
|move|p1a: Bewear|Drain Punch|p2a: Quagsire
|-damage|p2a: Quagsire|32/100
|-heal|p1a: Bewear|41/100|[from] drain|[of] p2a: Quagsire
|move|p2a: Quagsire|Recover|p2a: Quagsire
|-heal|p2a: Quagsire|82/100
|
|-heal|p2a: Quagsire|88/100|[from] item: Leftovers
|upkeep
|turn|22
|
|t:|1597280557
|move|p1a: Bewear|Swords Dance|p1a: Bewear
|-boost|p1a: Bewear|atk|2
|move|p2a: Quagsire|Scald|p1a: Bewear
|-damage|p1a: Bewear|20/100
|
|-heal|p2a: Quagsire|94/100|[from] item: Leftovers
|upkeep
|turn|23
|
|t:|1597280562
|move|p1a: Bewear|Drain Punch|p2a: Quagsire
|-damage|p2a: Quagsire|65/100
|-heal|p1a: Bewear|35/100|[from] drain|[of] p2a: Quagsire
|move|p2a: Quagsire|Scald|p1a: Bewear
|-damage|p1a: Bewear|15/100
|-status|p1a: Bewear|brn
|
|-heal|p2a: Quagsire|71/100|[from] item: Leftovers
|-damage|p1a: Bewear|9/100 brn|[from] brn
|upkeep
|turn|24
|c|☆SHROKER|fuck
|c|☆RULT2at Aqua|now its ggs
|c|☆SHROKER|forogt about unaware
|c|☆RULT2at Aqua|just incase u didnt know
|c|☆SHROKER|yea
|c|☆RULT2at Aqua|!dt unaware
|raw|<ul class="utilichart"><li class="result"><span class="col namecol"><a href="https://dex.pokemonshowdown.com/abilities/unaware">Unaware</a></span> <span class="col abilitydesccol">This Pokemon ignores other Pokemon's stat stages when taking or doing damage.</span> </li><li style="clear:both"></li></ul>
|raw|<font size="1"><font color="#686868">Gen:</font> 4</font>

|c|☆RULT2at Aqua|:)
|
|t:|1597280585
|switch|p1a: Porygon2|Porygon2|100/100
|-damage|p1a: Porygon2|88/100|[from] Stealth Rock
|-ability|p1a: Porygon2|Download|boost
|-boost|p1a: Porygon2|spa|1
|move|p2a: Quagsire|Recover|p2a: Quagsire
|-heal|p2a: Quagsire|100/100
|
|upkeep
|turn|25
|
|t:|1597280592
|switch|p2a: Bronzong|Bronzong|100/100 par
|move|p1a: Porygon2|Tri Attack|p2a: Bronzong
|-resisted|p2a: Bronzong
|-damage|p2a: Bronzong|86/100 par
|
|-heal|p2a: Bronzong|93/100 par|[from] item: Leftovers
|upkeep
|turn|26
|c|☆SHROKER|breh it's so sad
|
|t:|1597280605
|switch|p1a: Slowbro|Slowbro-Galar, M, shiny|100/100
|-damage|p1a: Slowbro|88/100|[from] Stealth Rock
|cant|p2a: Bronzong|par
|
|-heal|p2a: Bronzong|99/100 par|[from] item: Leftovers
|upkeep
|turn|27
|c|☆SHROKER|we have come to a point where
|c|☆SHROKER|literally every play should be a switch
|
|t:|1597280617
|switch|p2a: Quagsire|Quagsire, M|100/100
|-damage|p2a: Quagsire|88/100|[from] Spikes
|move|p1a: Slowbro|Fire Blast|p2a: Quagsire
|-resisted|p2a: Quagsire
|-damage|p2a: Quagsire|72/100
|
|-heal|p2a: Quagsire|78/100|[from] item: Leftovers
|upkeep
|turn|28
|
|t:|1597280652
|switch|p1a: Eldegoss|Eldegoss, F|100/100
|-damage|p1a: Eldegoss|88/100|[from] Stealth Rock
|move|p2a: Quagsire|Earthquake|p1a: Eldegoss
|-resisted|p1a: Eldegoss
|-damage|p1a: Eldegoss|77/100
|
|-heal|p1a: Eldegoss|83/100|[from] item: Leftovers
|-heal|p2a: Quagsire|84/100|[from] item: Leftovers
|upkeep
|turn|29
|
|t:|1597280661
|switch|p2a: Charizard|Charizard, M|100/100
|move|p1a: Eldegoss|Rapid Spin|p2a: Charizard
|-damage|p2a: Charizard|95/100
|-boost|p1a: Eldegoss|spe|1
|-sideend|p1: SHROKER|Stealth Rock|[from] move: Rapid Spin|[of] p1a: Eldegoss
|
|-heal|p1a: Eldegoss|89/100|[from] item: Leftovers
|upkeep
|turn|30
|
|t:|1597280676
|switch|p1a: Porygon2|Porygon2|88/100
|-ability|p1a: Porygon2|Download|boost
|-boost|p1a: Porygon2|atk|1
|move|p2a: Charizard|Defog|p1a: Porygon2
|-unboost|p1a: Porygon2|evasion|1
|-sideend|p2: RULT2at Aqua|Spikes|[from] move: Defog|[of] p2a: Charizard
|
|upkeep
|turn|31
|
|t:|1597280682
|switch|p2a: Bronzong|Bronzong|99/100 par
|switch|p1a: Dragalge|Dragalge, M|100/100
|
|-heal|p2a: Bronzong|100/100 par|[from] item: Leftovers
|upkeep
|turn|32
|
|t:|1597280687
|move|p1a: Dragalge|Flip Turn|p2a: Bronzong
|-damage|p2a: Bronzong|90/100 par
|c|☆RULT2at Aqua|reason
|
|t:|1597280692
|switch|p1a: Slowbro|Slowbro-Galar, M, shiny|100/100|[from]move: Flip Turn
|move|p2a: Bronzong|Stealth Rock|p1a: Slowbro
|-sidestart|p1: SHROKER|move: Stealth Rock
|
|-heal|p2a: Bronzong|96/100 par|[from] item: Leftovers
|upkeep
|turn|33
|c|☆RULT2at Aqua|why u should run focus blast
|
|t:|1597280700
|switch|p2a: Quagsire|Quagsire, M|84/100
|move|p1a: Slowbro|Shell Side Arm|p2a: Quagsire
|-resisted|p2a: Quagsire
|-damage|p2a: Quagsire|66/100
|-hint|Special Shell Side Arm
|
|-heal|p2a: Quagsire|72/100|[from] item: Leftovers
|upkeep
|turn|34
|
|t:|1597280723
|switch|p1a: Eldegoss|Eldegoss, F|100/100
|-damage|p1a: Eldegoss|88/100|[from] Stealth Rock
|move|p2a: Quagsire|Earthquake|p1a: Eldegoss
|-resisted|p1a: Eldegoss
|-damage|p1a: Eldegoss|77/100
|
|-heal|p1a: Eldegoss|83/100|[from] item: Leftovers
|-heal|p2a: Quagsire|78/100|[from] item: Leftovers
|upkeep
|turn|35
|
|t:|1597280731
|switch|p2a: Bronzong|Bronzong|96/100 par
|move|p1a: Eldegoss|Rapid Spin|p2a: Bronzong
|-resisted|p2a: Bronzong
|-damage|p2a: Bronzong|94/100 par
|-boost|p1a: Eldegoss|spe|1
|-sideend|p1: SHROKER|Stealth Rock|[from] move: Rapid Spin|[of] p1a: Eldegoss
|
|-heal|p1a: Eldegoss|89/100|[from] item: Leftovers
|-heal|p2a: Bronzong|99/100 par|[from] item: Leftovers
|upkeep
|turn|36
|
|t:|1597280735
|switch|p1a: Klefki|Klefki, M|51/100
|move|p2a: Bronzong|Psychic|p1a: Klefki
|-resisted|p1a: Klefki
|-crit|p1a: Klefki
|-damage|p1a: Klefki|28/100
|
|-heal|p2a: Bronzong|100/100 par|[from] item: Leftovers
|upkeep
|turn|37
|c|☆SHROKER|i need a wishpasser since i'm running so much cancer
|c|☆SHROKER|and so little offense
|c|☆SHROKER|could i kill zong with focus whiff
|c|☆SHROKER|tho
|c|☆RULT2at Aqua|focus whiff?
|c|☆SHROKER|focus blast
|
|t:|1597280775
|move|p1a: Klefki|Foul Play|p2a: Bronzong
|-supereffective|p2a: Bronzong
|-crit|p2a: Bronzong
|-damage|p2a: Bronzong|58/100 par
|cant|p2a: Bronzong|par
|
|-heal|p2a: Bronzong|64/100 par|[from] item: Leftovers
|upkeep
|turn|38
|c|☆SHROKER|lmao
|c|☆RULT2at Aqua|does like 40 ish'
|c|☆SHROKER|'crit'
|
|t:|1597280786
|switch|p2a: Charizard|Charizard, M|95/100
|move|p1a: Klefki|Spikes|p2a: Charizard
|-sidestart|p2: RULT2at Aqua|Spikes
|
|upkeep
|turn|39
|
|t:|1597280790
|move|p1a: Klefki|Thunder Wave|p2a: Charizard
|-status|p2a: Charizard|par
|move|p2a: Charizard|Fire Blast|p1a: Klefki
|-supereffective|p1a: Klefki
|-enditem|p1a: Klefki|Occa Berry|[eat]
|-enditem|p1a: Klefki|Occa Berry|[weaken]
|-damage|p1a: Klefki|0 fnt
|faint|p1a: Klefki
|
|upkeep
|
|t:|1597280798
|switch|p1a: Dragalge|Dragalge, M|100/100
|turn|40
|
|t:|1597280803
|move|p2a: Charizard|Defog|p1a: Dragalge
|-unboost|p1a: Dragalge|evasion|1
|-sideend|p2: RULT2at Aqua|Spikes|[from] move: Defog|[of] p2a: Charizard
|move|p1a: Dragalge|Hydro Pump|p2a: Charizard
|-supereffective|p2a: Charizard
|-damage|p2a: Charizard|2/100 par
|
|upkeep
|turn|41
|c|☆SHROKER|wow
|c|☆SHROKER|WOW
|c|☆RULT2at Aqua|how was i faster
|c|☆SHROKER|how it live
|c|☆RULT2at Aqua|and how did i live
|c|☆SHROKER|how does it live
|c|☆SHROKER|specs hydro
|c|☆SHROKER|what the fuck
|
|t:|1597280827
|switch|p2a: Umbreon|Umbreon, M|100/100
|switch|p1a: Porygon2|Porygon2|88/100
|-ability|p1a: Porygon2|Download|boost
|-boost|p1a: Porygon2|atk|1
|
|upkeep
|turn|42
|c|☆RULT2at Aqua|non stab
|
|t:|1597280833
|move|p2a: Umbreon|Heal Bell|p2a: Umbreon
|-activate|p2a: Umbreon|move: Heal Bell
|-curestatus|p2: Bronzong|par|[msg]
|-curestatus|p2: Charizard|par|[msg]
|move|p1a: Porygon2|Tri Attack|p2a: Umbreon
|-damage|p2a: Umbreon|86/100
|
|-heal|p2a: Umbreon|92/100|[from] item: Leftovers
|upkeep
|turn|43
|
|t:|1597280840
|switch|p1a: Slowbro|Slowbro-Galar, M, shiny|100/100
|move|p2a: Umbreon|Wish|p2a: Umbreon
|
|-heal|p2a: Umbreon|98/100|[from] item: Leftovers
|upkeep
|turn|44
|
|t:|1597280844
|switch|p2a: Bronzong|Bronzong|64/100
|move|p1a: Slowbro|Nasty Plot|p1a: Slowbro
|-boost|p1a: Slowbro|spa|2
|
|-heal|p2a: Bronzong|100/100|[from] move: Wish|[wisher] Umbreon
|upkeep
|turn|45
|
|t:|1597280849
|switch|p2a: Quagsire|Quagsire, M|78/100
|move|p1a: Slowbro|Fire Blast|p2a: Quagsire
|-resisted|p2a: Quagsire
|-damage|p2a: Quagsire|62/100
|
|-heal|p2a: Quagsire|68/100|[from] item: Leftovers
|upkeep
|turn|46
|
|t:|1597280853
|switch|p1a: Eldegoss|Eldegoss, F|100/100
|move|p2a: Quagsire|Recover|p2a: Quagsire
|-heal|p2a: Quagsire|100/100
|
|upkeep
|turn|47
|
|t:|1597280858
|switch|p2a: Bronzong|Bronzong|100/100
|move|p1a: Eldegoss|Pollen Puff|p2a: Bronzong
|-damage|p2a: Bronzong|88/100
|
|-heal|p2a: Bronzong|95/100|[from] item: Leftovers
|upkeep
|turn|48
|
|t:|1597280869
|switch|p1a: Slowbro|Slowbro-Galar, M, shiny|100/100
|move|p2a: Bronzong|Stealth Rock|p1a: Slowbro
|-sidestart|p1: SHROKER|move: Stealth Rock
|
|-heal|p2a: Bronzong|100/100|[from] item: Leftovers
|upkeep
|turn|49
|
|t:|1597280874
|switch|p1a: Eldegoss|Eldegoss, F|100/100
|-damage|p1a: Eldegoss|88/100|[from] Stealth Rock
|move|p2a: Bronzong|Protect||[still]
|-fail|p2a: Bronzong
|
|-heal|p1a: Eldegoss|94/100|[from] item: Leftovers
|upkeep
|turn|50
|
|t:|1597280877
|move|p2a: Bronzong|Protect|p2a: Bronzong
|-singleturn|p2a: Bronzong|Protect
|move|p1a: Eldegoss|Rapid Spin|p2a: Bronzong
|-activate|p2a: Bronzong|move: Protect
|
|-heal|p1a: Eldegoss|100/100|[from] item: Leftovers
|upkeep
|turn|51
|
|t:|1597280896
|move|p1a: Eldegoss|Rapid Spin|p2a: Bronzong
|-resisted|p2a: Bronzong
|-damage|p2a: Bronzong|98/100
|-boost|p1a: Eldegoss|spe|1
|-sideend|p1: SHROKER|Stealth Rock|[from] move: Rapid Spin|[of] p1a: Eldegoss
|move|p2a: Bronzong|Toxic|p1a: Eldegoss|[miss]
|-miss|p2a: Bronzong|p1a: Eldegoss
|
|-heal|p2a: Bronzong|100/100|[from] item: Leftovers
|upkeep
|turn|52
|c|☆RULT2at Aqua|oh come on
|c|☆SHROKER|i had aromatherapy
|c|☆SHROKER|it didn't matter
|
|t:|1597280910
|switch|p1a: Slowbro|Slowbro-Galar, M, shiny|100/100
|move|p2a: Bronzong|Stealth Rock|p1a: Slowbro
|-sidestart|p1: SHROKER|move: Stealth Rock
|
|upkeep
|turn|53
|c|☆RULT2at Aqua|oh ok
|
|t:|1597280921
|move|p2a: Bronzong|Psychic|p1a: Slowbro
|-crit|p1a: Slowbro
|-damage|p1a: Slowbro|57/100
|move|p1a: Slowbro|Shell Side Arm|p2a: Bronzong
|-immune|p2a: Bronzong
|
|upkeep
|turn|54
|c|☆SHROKER|dang
|c|☆RULT2at Aqua|AHAHAH
|
|t:|1597280928
|switch|p1a: Eldegoss|Eldegoss, F|100/100
|-damage|p1a: Eldegoss|88/100|[from] Stealth Rock
|move|p2a: Bronzong|Psychic|p1a: Eldegoss
|-damage|p1a: Eldegoss|66/100
|
|-heal|p1a: Eldegoss|72/100|[from] item: Leftovers
|upkeep
|turn|55
|
|t:|1597280932
|move|p1a: Eldegoss|Rapid Spin|p2a: Bronzong
|-resisted|p2a: Bronzong
|-damage|p2a: Bronzong|98/100
|-boost|p1a: Eldegoss|spe|1
|-sideend|p1: SHROKER|Stealth Rock|[from] move: Rapid Spin|[of] p1a: Eldegoss
|move|p2a: Bronzong|Toxic|p1a: Eldegoss
|-status|p1a: Eldegoss|tox
|
|-heal|p1a: Eldegoss|78/100 tox|[from] item: Leftovers
|-heal|p2a: Bronzong|100/100|[from] item: Leftovers
|-damage|p1a: Eldegoss|72/100 tox|[from] psn
|upkeep
|turn|56
|
|t:|1597280936
|move|p1a: Eldegoss|Aromatherapy|p1a: Eldegoss
|-activate|p1a: Eldegoss|move: Aromatherapy
|-curestatus|p1a: Eldegoss|tox|[msg]
|-curestatus|p1: Bewear|brn|[msg]
|move|p2a: Bronzong|Stealth Rock|p1a: Eldegoss
|-sidestart|p1: SHROKER|move: Stealth Rock
|
|-heal|p1a: Eldegoss|78/100|[from] item: Leftovers
|upkeep
|turn|57
|
|t:|1597280942
|switch|p1a: Slowbro|Slowbro-Galar, M, shiny|90/100
|-damage|p1a: Slowbro|78/100|[from] Stealth Rock
|move|p2a: Bronzong|Toxic|p1a: Slowbro|[miss]
|-miss|p2a: Bronzong|p1a: Slowbro
|
|upkeep
|turn|58
|
|t:|1597280946
|move|p2a: Bronzong|Psychic|p1a: Slowbro
|-damage|p1a: Slowbro|49/100
|move|p1a: Slowbro|Fire Blast|p2a: Bronzong
|-supereffective|p2a: Bronzong
|-damage|p2a: Bronzong|66/100
|
|-heal|p2a: Bronzong|72/100|[from] item: Leftovers
|upkeep
|turn|59
|
|t:|1597280954
|switch|p1a: Eldegoss|Eldegoss, F|100/100
|-damage|p1a: Eldegoss|88/100|[from] Stealth Rock
|move|p2a: Bronzong|Psychic|p1a: Eldegoss
|-damage|p1a: Eldegoss|65/100
|
|-heal|p1a: Eldegoss|71/100|[from] item: Leftovers
|-heal|p2a: Bronzong|79/100|[from] item: Leftovers
|upkeep
|turn|60
|c|☆SHROKER|you're throwing
|
|t:|1597280964
|move|p1a: Eldegoss|Rapid Spin|p2a: Bronzong
|-resisted|p2a: Bronzong
|-damage|p2a: Bronzong|77/100
|-boost|p1a: Eldegoss|spe|1
|-sideend|p1: SHROKER|Stealth Rock|[from] move: Rapid Spin|[of] p1a: Eldegoss
|move|p2a: Bronzong|Toxic|p1a: Eldegoss
|-status|p1a: Eldegoss|tox
|
|-heal|p1a: Eldegoss|77/100 tox|[from] item: Leftovers
|-heal|p2a: Bronzong|83/100|[from] item: Leftovers
|-damage|p1a: Eldegoss|71/100 tox|[from] psn
|upkeep
|turn|61
|c|☆RULT2at Aqua|ik
|c|☆SHROKER|stahp
|c|☆RULT2at Aqua|eldegoss
|
|t:|1597280979
|switch|p1a: Slowbro|Slowbro-Galar, M, shiny|82/100
|move|p2a: Bronzong|Stealth Rock|p1a: Slowbro
|-sidestart|p1: SHROKER|move: Stealth Rock
|
|-heal|p2a: Bronzong|89/100|[from] item: Leftovers
|upkeep
|turn|62
|c|☆SHROKER|how much does grass knot even do to quag
|c|☆SHROKER|not even 40 i bet
|c|☆RULT2at Aqua|hmm'
|
|t:|1597281076
|switch|p2a: Quagsire|Quagsire, M|100/100
|move|p1a: Slowbro|Nasty Plot|p1a: Slowbro
|-boost|p1a: Slowbro|spa|2
|
|upkeep
|turn|63
|c|☆RULT2at Aqua|if u want to throw
|c|☆SHROKER|it doeosn't ohko without investment
|
|t:|1597281093
|move|p2a: Quagsire|Earthquake|p1a: Slowbro
|-supereffective|p1a: Slowbro
|-damage|p1a: Slowbro|46/100
|move|p1a: Slowbro|Psyshock|p2a: Quagsire
|-damage|p2a: Quagsire|81/100
|
|-heal|p2a: Quagsire|88/100|[from] item: Leftovers
|upkeep
|turn|64
|
|t:|1597281102
|switch|p2a: Charizard|Charizard, M|2/100
|switch|p1a: Eldegoss|Eldegoss, F|100/100 tox
|-damage|p1a: Eldegoss|88/100 tox|[from] Stealth Rock
|
|-heal|p1a: Eldegoss|94/100 tox|[from] item: Leftovers
|-damage|p1a: Eldegoss|88/100 tox|[from] psn
|upkeep
|turn|65
|c|☆RULT2at Aqua|EASYYy
|c|☆RULT2at Aqua|EASY
|c|☆SHROKER|lmao
|c|☆RULT2at Aqua|EASY
|c|☆RULT2at Aqua|lol
|j| RULT2AT toinhx
|c|☆RULT2at Aqua|those predicts
|c|☆SHROKER|ikr
|
|t:|1597281126
|switch|p1a: Porygon2|Porygon2|88/100
|-damage|p1a: Porygon2|76/100|[from] Stealth Rock
|-ability|p1a: Porygon2|Download|boost
|-boost|p1a: Porygon2|atk|1
|move|p2a: Charizard|Roost|p2a: Charizard
|-heal|p2a: Charizard|52/100
|-singleturn|p2a: Charizard|move: Roost
|
|upkeep
|turn|66
|c|☆SHROKER|ur on fire
|
|t:|1597281133
|switch|p2a: Bronzong|Bronzong|89/100
|move|p1a: Porygon2|Thunder Wave|p2a: Bronzong|[miss]
|-miss|p1a: Porygon2|p2a: Bronzong
|
|-heal|p2a: Bronzong|95/100|[from] item: Leftovers
|upkeep
|turn|67
|c|☆RULT2at Aqua|oh ye forsure
|
|t:|1597281138
|switch|p1a: Eldegoss|Eldegoss, F|100/100 tox
|-damage|p1a: Eldegoss|88/100 tox|[from] Stealth Rock
|move|p2a: Bronzong|Toxic|p1a: Eldegoss
|-fail|p1a: Eldegoss|tox
|
|-heal|p1a: Eldegoss|94/100 tox|[from] item: Leftovers
|-heal|p2a: Bronzong|100/100|[from] item: Leftovers
|-damage|p1a: Eldegoss|88/100 tox|[from] psn
|upkeep
|turn|68
|
|t:|1597281140
|switch|p2a: Charizard|Charizard, M|52/100
|move|p1a: Eldegoss|Rapid Spin|p2a: Charizard
|-damage|p2a: Charizard|47/100
|-boost|p1a: Eldegoss|spe|1
|-sideend|p1: SHROKER|Stealth Rock|[from] move: Rapid Spin|[of] p1a: Eldegoss
|
|-heal|p1a: Eldegoss|94/100 tox|[from] item: Leftovers
|-damage|p1a: Eldegoss|82/100 tox|[from] psn
|upkeep
|turn|69
|l| RULT2AT toinhx
|
|t:|1597281145
|switch|p1a: Porygon2|Porygon2|76/100
|-ability|p1a: Porygon2|Download|boost
|-boost|p1a: Porygon2|atk|1
|move|p2a: Charizard|Fire Blast|p1a: Porygon2|[miss]
|-miss|p2a: Charizard|p1a: Porygon2
|
|upkeep
|turn|70
|
|t:|1597281155
|switch|p1a: Bewear|Bewear, M|9/100
|move|p2a: Charizard|Roost|p2a: Charizard
|-heal|p2a: Charizard|97/100
|-singleturn|p2a: Charizard|move: Roost
|
|upkeep
|turn|71
|c|☆RULT2at Aqua|r u max speed?
|c|☆SHROKER|perhaps
|
|t:|1597281177
|switch|p1a: Dragalge|Dragalge, M|100/100
|move|p2a: Charizard|Fire Blast|p1a: Dragalge
|-resisted|p1a: Dragalge
|-damage|p1a: Dragalge|82/100
|
|upkeep
|turn|72
|
|t:|1597281187
|switch|p2a: Umbreon|Umbreon, M|98/100
|move|p1a: Dragalge|Draco Meteor|p2a: Umbreon
|-damage|p2a: Umbreon|35/100
|-unboost|p1a: Dragalge|spa|2
|
|-heal|p2a: Umbreon|41/100|[from] item: Leftovers
|upkeep
|turn|73
|
|t:|1597281196
|switch|p1a: Bewear|Bewear, M|9/100
|move|p2a: Umbreon|Wish|p2a: Umbreon
|
|-heal|p2a: Umbreon|47/100|[from] item: Leftovers
|upkeep
|turn|74
|
|t:|1597281202
|move|p2a: Umbreon|Protect|p2a: Umbreon
|-singleturn|p2a: Umbreon|Protect
|move|p1a: Bewear|Drain Punch|p2a: Umbreon
|-activate|p2a: Umbreon|move: Protect
|
|-heal|p2a: Umbreon|97/100|[from] move: Wish|[wisher] Umbreon
|-heal|p2a: Umbreon|100/100|[from] item: Leftovers
|upkeep
|turn|75
|c|☆SHROKER|I KNEW IT
|c|☆SHROKER|FML
|c|☆RULT2at Aqua|lol
|c|☆SHROKER|should have believed my instinct
|
|t:|1597281217
|switch|p2a: Slowbro|Slowbro-Galar, M|100/100
|move|p1a: Bewear|Drain Punch|p2a: Slowbro
|-resisted|p2a: Slowbro
|-damage|p2a: Slowbro|94/100
|-heal|p1a: Bewear|12/100|[from] drain|[of] p2a: Slowbro
|
|-heal|p2a: Slowbro|99/100|[from] item: Black Sludge
|upkeep
|turn|76
|
|t:|1597281226
|switch|p1a: Porygon2|Porygon2|76/100
|-ability|p1a: Porygon2|Download|boost
|-boost|p1a: Porygon2|spa|1
|move|p2a: Slowbro|Psychic|p1a: Porygon2
|-damage|p1a: Porygon2|61/100
|
|-heal|p2a: Slowbro|100/100|[from] item: Black Sludge
|upkeep
|turn|77
|
|t:|1597281231
|move|p1a: Porygon2|Thunder Wave|p2a: Slowbro|[miss]
|-miss|p1a: Porygon2|p2a: Slowbro
|move|p2a: Slowbro|Calm Mind|p2a: Slowbro
|-boost|p2a: Slowbro|spa|1
|-boost|p2a: Slowbro|spd|1
|
|upkeep
|turn|78
|c|☆SHROKER|L
|
|t:|1597281237
|move|p1a: Porygon2|Thunder Wave|p2a: Slowbro|[miss]
|-miss|p1a: Porygon2|p2a: Slowbro
|move|p2a: Slowbro|Calm Mind|p2a: Slowbro
|-boost|p2a: Slowbro|spa|1
|-boost|p2a: Slowbro|spd|1
|
|upkeep
|turn|79
|c|☆RULT2at Aqua|;/
|c|☆SHROKER|DANG
|
|t:|1597281248
|move|p1a: Porygon2|Thunder Wave|p2a: Slowbro
|-status|p2a: Slowbro|par
|move|p2a: Slowbro|Calm Mind|p2a: Slowbro
|-boost|p2a: Slowbro|spa|1
|-boost|p2a: Slowbro|spd|1
|
|upkeep
|turn|80
|c|☆SHROKER|this duck aint got no eyes
|c|☆RULT2at Aqua|LOl
|
|t:|1597281273
|move|p1a: Porygon2|Pain Split|p2a: Slowbro
|-sethp|p2a: Slowbro|79/100 par|[from] move: Pain Split|[silent]
|-sethp|p1a: Porygon2|83/100|[from] move: Pain Split
|move|p2a: Slowbro|Psychic|p1a: Porygon2
|-damage|p1a: Porygon2|45/100
|-unboost|p1a: Porygon2|spd|1
|
|-heal|p2a: Slowbro|85/100 par|[from] item: Black Sludge
|upkeep
|turn|81
|c|☆SHROKER|fml
|c|☆SHROKER|the drop
|
|t:|1597281309
|switch|p1a: Slowbro|Slowbro-Galar, M, shiny|80/100
|move|p2a: Slowbro|Psychic|p1a: Slowbro
|-damage|p1a: Slowbro|0 fnt
|faint|p1a: Slowbro
|
|-heal|p2a: Slowbro|91/100 par|[from] item: Black Sludge
|upkeep
|c|☆RULT2at Aqua|oops
|c|☆RULT2at Aqua|ggs
|c|☆SHROKER|yea
|
|t:|1597281322
|switch|p1a: Bewear|Bewear, M|12/100
|turn|82
|
|t:|1597281329
|move|p1a: Bewear|Darkest Lariat|p2a: Slowbro
|-supereffective|p2a: Slowbro
|-damage|p2a: Slowbro|52/100 par
|move|p2a: Slowbro|Psychic|p1a: Bewear
|-supereffective|p1a: Bewear
|-damage|p1a: Bewear|0 fnt
|faint|p1a: Bewear
|
|-heal|p2a: Slowbro|58/100 par|[from] item: Black Sludge
|upkeep
|
|t:|1597281333
|switch|p1a: Dragalge|Dragalge, M|82/100
|turn|83
|c|☆RULT2at Aqua|oop
|c|☆RULT2at Aqua|ima risk
|
|t:|1597281346
|move|p1a: Dragalge|Draco Meteor|p2a: Slowbro
|-damage|p2a: Slowbro|5/100 par
|-unboost|p1a: Dragalge|spa|2
|cant|p2a: Slowbro|par
|
|-heal|p2a: Slowbro|11/100 par|[from] item: Black Sludge
|upkeep
|turn|84
|c|☆RULT2at Aqua|bleh
|
|t:|1597281354
|switch|p2a: Bronzong|Bronzong|100/100
|move|p1a: Dragalge|Draco Meteor|p2a: Bronzong
|-resisted|p2a: Bronzong
|-damage|p2a: Bronzong|80/100
|-unboost|p1a: Dragalge|spa|2
|
|-heal|p2a: Bronzong|87/100|[from] item: Leftovers
|upkeep
|turn|85
|c|☆SHROKER|bruh
|
|t:|1597281364
|switch|p1a: Porygon2|Porygon2|45/100
|-ability|p1a: Porygon2|Download|boost
|-boost|p1a: Porygon2|atk|1
|move|p2a: Bronzong|Stealth Rock|p1a: Porygon2
|-sidestart|p1: SHROKER|move: Stealth Rock
|
|-heal|p2a: Bronzong|93/100|[from] item: Leftovers
|upkeep
|turn|86
|
|t:|1597281367
|move|p1a: Porygon2|Recover|p1a: Porygon2
|-heal|p1a: Porygon2|95/100
|move|p2a: Bronzong|Toxic|p1a: Porygon2
|-status|p1a: Porygon2|tox
|
|-heal|p2a: Bronzong|99/100|[from] item: Leftovers
|-damage|p1a: Porygon2|89/100 tox|[from] psn
|upkeep
|turn|87
|
|t:|1597281421
|switch|p1a: Eldegoss|Eldegoss, F|100/100 tox
|-damage|p1a: Eldegoss|88/100 tox|[from] Stealth Rock
|switch|p2a: Umbreon|Umbreon, M|100/100
|
|-heal|p1a: Eldegoss|94/100 tox|[from] item: Leftovers
|-damage|p1a: Eldegoss|88/100 tox|[from] psn
|upkeep
|turn|88
|
|t:|1597281431
|move|p2a: Umbreon|Heal Bell|p2a: Umbreon
|-activate|p2a: Umbreon|move: Heal Bell
|-curestatus|p2: Slowbro|par|[msg]
|move|p1a: Eldegoss|Aromatherapy|p1a: Eldegoss
|-activate|p1a: Eldegoss|move: Aromatherapy
|-curestatus|p1a: Eldegoss|tox|[msg]
|-curestatus|p1: Porygon2|tox|[msg]
|
|-heal|p1a: Eldegoss|94/100|[from] item: Leftovers
|upkeep
|turn|89
|
|t:|1597281455
|switch|p2a: Slowbro|Slowbro-Galar, M|44/100
|move|p1a: Eldegoss|Rapid Spin|p2a: Slowbro
|-damage|p2a: Slowbro|41/100
|-boost|p1a: Eldegoss|spe|1
|-sideend|p1: SHROKER|Stealth Rock|[from] move: Rapid Spin|[of] p1a: Eldegoss
|
|-heal|p1a: Eldegoss|100/100|[from] item: Leftovers
|-heal|p2a: Slowbro|47/100|[from] item: Black Sludge
|upkeep
|turn|90
|
|t:|1597281463
|switch|p1a: Porygon2|Porygon2|89/100
|-ability|p1a: Porygon2|Download|boost
|-boost|p1a: Porygon2|spa|1
|move|p2a: Slowbro|Psychic|p1a: Porygon2
|-damage|p1a: Porygon2|75/100
|-unboost|p1a: Porygon2|spd|1
|
|-heal|p2a: Slowbro|53/100|[from] item: Black Sludge
|upkeep
|turn|91
|
|t:|1597281471
|switch|p2a: Bronzong|Bronzong|99/100
|move|p1a: Porygon2|Thunder Wave|p2a: Bronzong
|-status|p2a: Bronzong|par
|
|-heal|p2a: Bronzong|100/100 par|[from] item: Leftovers
|upkeep
|turn|92
|c|☆RULT2at Aqua|pain split
|c|☆RULT2at Aqua|kek
|
|t:|1597281484
|switch|p1a: Dragalge|Dragalge, M|82/100
|move|p2a: Bronzong|Stealth Rock|p1a: Dragalge
|-sidestart|p1: SHROKER|move: Stealth Rock
|
|upkeep
|turn|93
|c|☆SHROKER|breh how do i even do anything
|c|☆RULT2at Aqua|ummm
|
|t:|1597281498
|move|p1a: Dragalge|Draco Meteor|p2a: Bronzong
|-resisted|p2a: Bronzong
|-damage|p2a: Bronzong|59/100 par
|-unboost|p1a: Dragalge|spa|2
|move|p2a: Bronzong|Psychic|p1a: Dragalge
|-supereffective|p1a: Dragalge
|-damage|p1a: Dragalge|35/100
|
|-heal|p2a: Bronzong|65/100 par|[from] item: Leftovers
|upkeep
|turn|94
|c|☆RULT2at Aqua|yeye
|c|☆RULT2at Aqua|gg
|c|☆SHROKER|i wonder what i can do
|c|☆RULT2at Aqua|no dragalge
|c|☆SHROKER|i guess
|c|☆SHROKER|mb cm instead of NP on bro
|-message|SHROKER forfeited.
|
|win|RULT2at Aqua
