|j|☆LarsoTubeJeanLouis
|j|☆Splashinganteater
|inactive|Battle timer is ON: inactive players will automatically lose when time's up.
|t:|1609383695
|player|p1|LarsoTubeJeanLouis|furisodegirl-black|
|player|p2|Splashinganteater|palmer|
|teamsize|p1|6
|teamsize|p2|6
|gametype|singles
|gen|8
|tier|[Gen 8] RU
|rated|Tournament battle
|clearpoke
|poke|p1|Rhyperior, F|
|poke|p1|Sylveon, F|
|poke|p1|Steelix, F|
|poke|p1|Darmanitan, F|
|poke|p1|Thundurus, M|
|poke|p1|Vileplume, M|
|poke|p2|Raikou|
|poke|p2|Snorlax, M|
|poke|p2|Registeel|
|poke|p2|Crobat, M|
|poke|p2|Zygarde-10%|
|poke|p2|Suicune|
|rule|Sleep Clause Mod: Limit one foe put to sleep
|rule|Species Clause: Limit one of each Pokémon
|rule|OHKO Clause: OHKO moves are banned
|rule|Evasion Moves Clause: Evasion moves are banned
|rule|Endless Battle Clause: Forcing endless battles is banned
|rule|HP Percentage Mod: HP is shown in percentages
|rule|Dynamax Clause: You cannot dynamax
|teampreview
|inactive|LarsoTubeJeanLouis also wants the timer to be on.
|j|+Oathkeepre
|j|#MrAldo
|j| Bimcity
|c|☆LarsoTubeJeanLouis|oop thats a gg i lost
|j| KD9-3.7
|j| Drivetacos
|c|+Oathkeepre|?
|c| Drivetacos|ay
|
|t:|1609383715
|start
|switch|p1a: Darmanitan|Darmanitan, F|100/100
|switch|p2a: Raikou|Raikou|100/100
|-ability|p2a: Raikou|Pressure
|turn|1
|c| Drivetacos|he playin
|
|t:|1609383723
|switch|p2a: Suicune|Suicune|100/100
|-ability|p2a: Suicune|Pressure
|move|p1a: Darmanitan|U-turn|p2a: Suicune
|-damage|p2a: Suicune|84/100
|
|t:|1609383726
|switch|p1a: Karl|Vileplume, M|100/100|[from]move: U-turn
|
|-heal|p2a: Suicune|90/100|[from] item: Leftovers
|upkeep
|turn|2
|
|t:|1609383740
|switch|p2a: Crobat|Crobat, M|100/100
|move|p1a: Karl|Strength Sap|p2a: Crobat
|-unboost|p2a: Crobat|atk|1
|
|upkeep
|turn|3
|
|t:|1609383749
|move|p2a: Crobat|U-turn|p1a: Karl
|-damage|p1a: Karl|90/100
|-status|p2a: Crobat|slp|[from] ability: Effect Spore|[of] p1a: Karl
|
|t:|1609383753
|switch|p2a: Registeel|Registeel|100/100|[from]move: U-turn
|move|p1a: Karl|Strength Sap|p2a: Registeel
|-fail|p2a: Registeel|unboost|[from] ability: Clear Body|[of] p2a: Registeel
|-heal|p1a: Karl|100/100
|
|upkeep
|turn|4
|c|☆LarsoTubeJeanLouis|ez
|c|☆Splashinganteater|That sucks
|
|t:|1609383775
|move|p1a: Karl|Growth|p1a: Karl
|-boost|p1a: Karl|atk|1
|-boost|p1a: Karl|spa|1
|move|p2a: Registeel|Seismic Toss|p1a: Karl
|-damage|p1a: Karl|72/100
|
|-heal|p1a: Karl|78/100|[from] item: Black Sludge
|upkeep
|turn|5
|
|t:|1609383782
|move|p1a: Karl|Growth|p1a: Karl
|-boost|p1a: Karl|atk|1
|-boost|p1a: Karl|spa|1
|move|p2a: Registeel|Stealth Rock|p1a: Karl
|-sidestart|p1: LarsoTubeJeanLouis|move: Stealth Rock
|
|-heal|p1a: Karl|85/100|[from] item: Black Sludge
|upkeep
|turn|6
|
|t:|1609383789
|move|p1a: Karl|Growth|p1a: Karl
|-boost|p1a: Karl|atk|1
|-boost|p1a: Karl|spa|1
|move|p2a: Registeel|Seismic Toss|p1a: Karl
|-damage|p1a: Karl|56/100
|
|-heal|p1a: Karl|63/100|[from] item: Black Sludge
|upkeep
|turn|7
|
|t:|1609383794
|move|p1a: Karl|Strength Sap|p2a: Registeel
|-fail|p2a: Registeel|unboost|[from] ability: Clear Body|[of] p2a: Registeel
|-heal|p1a: Karl|100/100
|move|p2a: Registeel|Seismic Toss|p1a: Karl
|-damage|p1a: Karl|72/100
|
|-heal|p1a: Karl|78/100|[from] item: Black Sludge
|upkeep
|turn|8
|c|☆Splashinganteater|O no am I really gonna lose this fast
|
|t:|1609383821
|move|p1a: Karl|Growth|p1a: Karl
|-boost|p1a: Karl|atk|1
|-boost|p1a: Karl|spa|1
|move|p2a: Registeel|Seismic Toss|p1a: Karl
|-damage|p1a: Karl|50/100
|
|-heal|p1a: Karl|56/100|[from] item: Black Sludge
|upkeep
|turn|9
|
|t:|1609383827
|move|p1a: Karl|Strength Sap|p2a: Registeel
|-fail|p2a: Registeel|unboost|[from] ability: Clear Body|[of] p2a: Registeel
|-heal|p1a: Karl|100/100
|move|p2a: Registeel|Seismic Toss|p1a: Karl
|-damage|p1a: Karl|72/100
|
|-heal|p1a: Karl|78/100|[from] item: Black Sludge
|upkeep
|turn|10
|c|☆LarsoTubeJeanLouis|vileplume doesn't mess around
|j| pokemon vs you
|c| Drivetacos|carll
|c|☆LarsoTubeJeanLouis|your not running minus attack nature
|c| Drivetacos|carl
|c| Drivetacos|carl
|inactive|Splashinganteater has 120 seconds left.
|
|t:|1609383850
|move|p1a: Karl|Growth|p1a: Karl
|-boost|p1a: Karl|atk|1
|-boost|p1a: Karl|spa|1
|move|p2a: Registeel|Seismic Toss|p1a: Karl
|-damage|p1a: Karl|50/100
|
|-heal|p1a: Karl|56/100|[from] item: Black Sludge
|upkeep
|turn|11
|c| Drivetacos|karl
|
|t:|1609383860
|move|p1a: Karl|Strength Sap|p2a: Registeel
|-fail|p2a: Registeel|unboost|[from] ability: Clear Body|[of] p2a: Registeel
|-heal|p1a: Karl|100/100
|move|p2a: Registeel|Seismic Toss|p1a: Karl
|-damage|p1a: Karl|72/100
|
|-heal|p1a: Karl|78/100|[from] item: Black Sludge
|upkeep
|turn|12
|
|t:|1609383867
|switch|p2a: Snorlax|Snorlax, M, shiny|100/100
|move|p1a: Karl|Growth|p1a: Karl
|-boost|p1a: Karl|atk|1
|-boost|p1a: Karl|spa|1
|
|-heal|p1a: Karl|85/100|[from] item: Black Sludge
|upkeep
|turn|13
|c| pokemon vs you|that kills people karl
|
|t:|1609383873
|move|p1a: Karl|Strength Sap|p2a: Snorlax
|-unboost|p2a: Snorlax|atk|1
|-heal|p1a: Karl|100/100
|move|p2a: Snorlax|Body Slam|p1a: Karl
|-damage|p1a: Karl|83/100
|-status|p2a: Snorlax|psn|[from] ability: Effect Spore|[of] p1a: Karl
|
|-heal|p1a: Karl|89/100|[from] item: Black Sludge
|-damage|p2a: Snorlax|88/100 psn|[from] psn
|upkeep
|turn|14
|
|t:|1609383884
|move|p1a: Karl|Giga Drain|p2a: Snorlax
|-damage|p2a: Snorlax|31/100 psn
|-heal|p1a: Karl|100/100|[from] drain|[of] p2a: Snorlax
|move|p2a: Snorlax|Curse|p2a: Snorlax
|-unboost|p2a: Snorlax|spe|1
|-boost|p2a: Snorlax|atk|1
|-boost|p2a: Snorlax|def|1
|
|-heal|p2a: Snorlax|37/100 psn|[from] item: Leftovers
|-damage|p2a: Snorlax|24/100 psn|[from] psn
|upkeep
|turn|15
|c|☆Splashinganteater|Well gg lol
|-message|Splashinganteater forfeited.
|
|win|LarsoTubeJeanLouis
|n|☆LarsoTubeJeanLouis|larsotubejeanlouis
|n|☆Splashinganteater|splashinganteater
|n| Oathkeepre|oathkeepre
|n|+MrAldo|mraldo
|n| Bimcity|bimcity
|n| KD9-3.7|kd937
|n| Drivetacos|drivetacos
|n| pokemon vs you|pokemonvsyou
