|j|☆Zorkthar
|j|☆AAAOMelhor
|t:|1617678645
|gametype|singles
|player|p1|Zorkthar|pokekid|1320
|player|p2|AAAOMelhor|furisodegirl-black|1174
|teamsize|p1|6
|teamsize|p2|6
|gen|8
|tier|[Gen 8] RU
|rated|
|clearpoke
|poke|p1|Salazzle, F|
|poke|p1|Stakataka|
|poke|p1|Togekiss, F|
|poke|p1|Gastrodon, F|
|poke|p1|Zarude|
|poke|p1|Mienshao, M|
|poke|p2|Bewear, F|
|poke|p2|Gardevoir, M|
|poke|p2|Sceptile, F|
|poke|p2|Duraludon, F|
|poke|p2|Chandelure, F|
|poke|p2|Inteleon, F|
|rule|Sleep Clause Mod: Limit one foe put to sleep
|rule|Species Clause: Limit one of each Pokémon
|rule|OHKO Clause: OHKO moves are banned
|rule|Evasion Moves Clause: Evasion moves are banned
|rule|Endless Battle Clause: Forcing endless battles is banned
|rule|HP Percentage Mod: HP is shown in percentages
|rule|Dynamax Clause: You cannot dynamax
|teampreview
|c|☆AAAOMelhor|good luck have fun
|
|t:|1617678654
|start
|switch|p1a: Mienshao|Mienshao, M|100/100
|switch|p2a: Duraludon|Duraludon, F|100/100
|turn|1
|c|☆Zorkthar|U2
|
|t:|1617678662
|move|p2a: Duraludon|Endure|p2a: Duraludon
|-singleturn|p2a: Duraludon|move: Endure
|move|p1a: Mienshao|Close Combat|p2a: Duraludon
|-supereffective|p2a: Duraludon
|-activate|p2a: Duraludon|move: Endure
|-damage|p2a: Duraludon|1/100
|-unboost|p1a: Mienshao|def|1
|-unboost|p1a: Mienshao|spd|1
|-enditem|p2a: Duraludon|Salac Berry|[eat]
|-boost|p2a: Duraludon|spe|1|[from] item: Salac Berry
|
|upkeep
|turn|2
|
|t:|1617678671
|move|p1a: Mienshao|Close Combat|p2a: Duraludon
|-supereffective|p2a: Duraludon
|-damage|p2a: Duraludon|0 fnt
|-unboost|p1a: Mienshao|def|1
|-unboost|p1a: Mienshao|spd|1
|faint|p2a: Duraludon
|
|upkeep
|
|t:|1617678678
|switch|p2a: Chandelure|Chandelure, F|100/100
|turn|3
|
|t:|1617678685
|switch|p1a: Gastrodon|Gastrodon, F|100/100
|move|p2a: Chandelure|Will-O-Wisp|p1a: Gastrodon
|-status|p1a: Gastrodon|brn
|
|-damage|p1a: Gastrodon|94/100 brn|[from] brn
|upkeep
|turn|4
|
|t:|1617678693
|switch|p1a: Salazzle|Salazzle, F|100/100
|move|p2a: Chandelure|Energy Ball|p1a: Salazzle
|-resisted|p1a: Salazzle
|-damage|p1a: Salazzle|85/100
|-unboost|p1a: Salazzle|spd|1
|
|upkeep
|turn|5
|
|t:|1617678701
|move|p1a: Salazzle|Knock Off|p2a: Chandelure
|-supereffective|p2a: Chandelure
|-damage|p2a: Chandelure|70/100
|-enditem|p2a: Chandelure|Heavy-Duty Boots|[from] move: Knock Off|[of] p1a: Salazzle
|move|p2a: Chandelure|Shadow Ball|p1a: Salazzle
|-damage|p1a: Salazzle|0 fnt
|faint|p1a: Salazzle
|
|upkeep
|
|t:|1617678711
|switch|p1a: Zarude|Zarude|100/100
|turn|6
|
|t:|1617678716
|switch|p2a: Bewear|Bewear, F|100/100
|move|p1a: Zarude|Darkest Lariat|p2a: Bewear
|-resisted|p2a: Bewear
|-damage|p2a: Bewear|93/100
|
|-heal|p2a: Bewear|99/100|[from] item: Leftovers
|upkeep
|turn|7
|
|t:|1617678738
|move|p1a: Zarude|U-turn|p2a: Bewear
|-resisted|p2a: Bewear
|-damage|p2a: Bewear|95/100
|
|t:|1617678743
|switch|p1a: Togekiss|Togekiss, F|100/100|[from]move: U-turn
|move|p2a: Bewear|Bulk Up|p2a: Bewear
|-boost|p2a: Bewear|atk|1
|-boost|p2a: Bewear|def|1
|
|-heal|p2a: Bewear|100/100|[from] item: Leftovers
|upkeep
|turn|8
|
|t:|1617678754
|switch|p2a: Gardevoir|Gardevoir, M|100/100
|-ability|p2a: Gardevoir|Serene Grace|[from] ability: Trace|[of] p1a: Togekiss
|move|p1a: Togekiss|Flamethrower|p2a: Gardevoir
|-damage|p2a: Gardevoir|84/100
|
|upkeep
|turn|9
|
|t:|1617678767
|move|p1a: Togekiss|Air Slash|p2a: Gardevoir
|-damage|p2a: Gardevoir|65/100
|move|p2a: Gardevoir|Thunderbolt|p1a: Togekiss
|-supereffective|p1a: Togekiss
|-damage|p1a: Togekiss|50/100
|
|upkeep
|turn|10
|
|t:|1617678773
|switch|p1a: Stakataka|Stakataka|100/100
|move|p2a: Gardevoir|Thunderbolt|p1a: Stakataka
|-damage|p1a: Stakataka|74/100
|
|-heal|p1a: Stakataka|80/100|[from] item: Leftovers
|upkeep
|turn|11
|
|t:|1617678782
|switch|p2a: Bewear|Bewear, F|100/100
|move|p1a: Stakataka|Gyro Ball|p2a: Bewear
|-damage|p2a: Bewear|79/100
|
|-heal|p2a: Bewear|85/100|[from] item: Leftovers
|-heal|p1a: Stakataka|86/100|[from] item: Leftovers
|upkeep
|turn|12
|
|t:|1617678791
|switch|p1a: Togekiss|Togekiss, F|50/100
|move|p2a: Bewear|Drain Punch|p1a: Togekiss
|-resisted|p1a: Togekiss
|-damage|p1a: Togekiss|41/100
|-heal|p2a: Bewear|89/100|[from] drain|[of] p1a: Togekiss
|
|-heal|p2a: Bewear|95/100|[from] item: Leftovers
|upkeep
|turn|13
|
|t:|1617678796
|switch|p2a: Gardevoir|Gardevoir, M|65/100
|-ability|p2a: Gardevoir|Serene Grace|[from] ability: Trace|[of] p1a: Togekiss
|move|p1a: Togekiss|Roost|p1a: Togekiss
|-heal|p1a: Togekiss|91/100
|-singleturn|p1a: Togekiss|move: Roost
|
|upkeep
|turn|14
|
|t:|1617678805
|move|p1a: Togekiss|Nasty Plot|p1a: Togekiss
|-boost|p1a: Togekiss|spa|2
|move|p2a: Gardevoir|Thunderbolt|p1a: Togekiss
|-supereffective|p1a: Togekiss
|-damage|p1a: Togekiss|32/100
|
|upkeep
|turn|15
|
|t:|1617678824
|move|p1a: Togekiss|Air Slash|p2a: Gardevoir
|-damage|p2a: Gardevoir|24/100
|cant|p2a: Gardevoir|flinch
|
|upkeep
|turn|16
|
|t:|1617678850
|switch|p2a: Inteleon|Inteleon, F|100/100
|move|p1a: Togekiss|Air Slash|p2a: Inteleon
|-damage|p2a: Inteleon|0 fnt
|faint|p2a: Inteleon
|
|upkeep
|
|t:|1617678855
|switch|p2a: Sceptile|Sceptile, F|100/100
|turn|17
|
|t:|1617678862
|move|p2a: Sceptile|Endure|p2a: Sceptile
|-singleturn|p2a: Sceptile|move: Endure
|move|p1a: Togekiss|Air Slash|p2a: Sceptile
|-supereffective|p2a: Sceptile
|-activate|p2a: Sceptile|move: Endure
|-damage|p2a: Sceptile|1/100
|-enditem|p2a: Sceptile|Weakness Policy
|-boost|p2a: Sceptile|atk|2|[from] item: Weakness Policy
|-boost|p2a: Sceptile|spa|2|[from] item: Weakness Policy
|
|upkeep
|turn|18
|
|t:|1617678870
|move|p2a: Sceptile|Acrobatics|p1a: Togekiss
|-damage|p1a: Togekiss|0 fnt
|faint|p1a: Togekiss
|
|upkeep
|
|t:|1617678879
|switch|p1a: Stakataka|Stakataka|86/100
|turn|19
|
|t:|1617678883
|move|p2a: Sceptile|Drain Punch|p1a: Stakataka
|-supereffective|p1a: Stakataka
|-damage|p1a: Stakataka|1/100
|-heal|p2a: Sceptile|50/100|[from] drain|[of] p1a: Stakataka
|move|p1a: Stakataka|Gyro Ball|p2a: Sceptile
|-damage|p2a: Sceptile|0 fnt
|faint|p2a: Sceptile
|-ability|p1a: Stakataka|Beast Boost|boost
|-boost|p1a: Stakataka|def|1
|
|-heal|p1a: Stakataka|7/100|[from] item: Leftovers
|upkeep
|
|t:|1617678898
|switch|p2a: Chandelure|Chandelure, F|70/100
|turn|20
|
|t:|1617678903
|move|p2a: Chandelure|Flamethrower|p1a: Stakataka
|-damage|p1a: Stakataka|0 fnt
|faint|p1a: Stakataka
|
|upkeep
|
|t:|1617678907
|switch|p1a: Zarude|Zarude|100/100
|turn|21
|
|t:|1617678911
|switch|p2a: Bewear|Bewear, F|95/100
|move|p1a: Zarude|Darkest Lariat|p2a: Bewear
|-resisted|p2a: Bewear
|-damage|p2a: Bewear|87/100
|
|-heal|p2a: Bewear|93/100|[from] item: Leftovers
|upkeep
|turn|22
|
|t:|1617678927
|move|p1a: Zarude|U-turn|p2a: Bewear
|-resisted|p2a: Bewear
|-damage|p2a: Bewear|88/100
|
|t:|1617678929
|switch|p1a: Gastrodon|Gastrodon, F|94/100 brn|[from]move: U-turn
|move|p2a: Bewear|Zen Headbutt|p1a: Gastrodon
|-damage|p1a: Gastrodon|74/100 brn
|
|-heal|p2a: Bewear|94/100|[from] item: Leftovers
|-heal|p1a: Gastrodon|80/100 brn|[from] item: Leftovers
|-damage|p1a: Gastrodon|74/100 brn|[from] brn
|upkeep
|turn|23
|
|t:|1617678945
|switch|p2a: Gardevoir|Gardevoir, M|24/100
|-ability|p2a: Gardevoir|Storm Drain|[from] ability: Trace|[of] p1a: Gastrodon
|move|p1a: Gastrodon|Scald|p2a: Gardevoir
|-ability|p2a: Gardevoir|Storm Drain|boost
|-boost|p2a: Gardevoir|spa|1
|
|-heal|p1a: Gastrodon|80/100 brn|[from] item: Leftovers
|-damage|p1a: Gastrodon|74/100 brn|[from] brn
|upkeep
|turn|24
|
|t:|1617678955
|move|p2a: Gardevoir|Energy Ball|p1a: Gastrodon
|-supereffective|p1a: Gastrodon
|-damage|p1a: Gastrodon|0 fnt
|faint|p1a: Gastrodon
|
|upkeep
|
|t:|1617678960
|switch|p1a: Mienshao|Mienshao, M|100/100
|turn|25
|
|t:|1617678965
|switch|p2a: Bewear|Bewear, F|94/100
|move|p1a: Mienshao|U-turn|p2a: Bewear
|-resisted|p2a: Bewear
|-damage|p2a: Bewear|90/100
|
|t:|1617678970
|switch|p1a: Zarude|Zarude|100/100|[from]move: U-turn
|
|-heal|p2a: Bewear|96/100|[from] item: Leftovers
|upkeep
|turn|26
|
|t:|1617678975
|move|p1a: Zarude|U-turn|p2a: Bewear
|-resisted|p2a: Bewear
|-damage|p2a: Bewear|92/100
|-message|Zorkthar forfeited.
|
|win|AAAOMelhor
|raw|Zorkthar's rating: 1320 &rarr; <strong>1292</strong><br />(-28 for losing)
|raw|AAAOMelhor's rating: 1174 &rarr; <strong>1209</strong><br />(+35 for winning)
|l|☆Zorkthar
