|j|☆Petric stollas
|j|☆Splashinganteater
|t:|1614182268
|player|p1|Petric stollas|170|1309
|player|p2|Splashinganteater|palmer|1414
|teamsize|p1|6
|teamsize|p2|6
|gametype|singles
|gen|8
|tier|[Gen 8] RU
|rated|
|clearpoke
|poke|p1|Cloyster, M|
|poke|p1|Vanilluxe, M|
|poke|p1|Klefki, M|
|poke|p1|Togekiss, F|
|poke|p1|Xurkitree|
|poke|p1|Metagross|
|poke|p2|Dragalge, M|
|poke|p2|Zarude|
|poke|p2|Steelix, M|
|poke|p2|Mienshao, M|
|poke|p2|Togekiss, F|
|poke|p2|Volcanion|
|rule|Sleep Clause Mod: Limit one foe put to sleep
|rule|Species Clause: Limit one of each Pokémon
|rule|OHKO Clause: OHKO moves are banned
|rule|Evasion Moves Clause: Evasion moves are banned
|rule|Endless Battle Clause: Forcing endless battles is banned
|rule|HP Percentage Mod: HP is shown in percentages
|rule|Dynamax Clause: You cannot dynamax
|teampreview
|
|t:|1614182274
|start
|switch|p1a: Vanilluxe|Vanilluxe, M|100/100
|switch|p2a: Volcanion|Volcanion|100/100
|-weather|Hail|[from] ability: Snow Warning|[of] p1a: Vanilluxe
|turn|1
|
|t:|1614182283
|move|p2a: Volcanion|Flamethrower|p1a: Vanilluxe
|-supereffective|p1a: Vanilluxe
|-enditem|p1a: Vanilluxe|Focus Sash
|-damage|p1a: Vanilluxe|1/100
|move|p1a: Vanilluxe|Aurora Veil|p1a: Vanilluxe
|-sidestart|p1: Petric stollas|move: Aurora Veil
|
|-weather|Hail|[upkeep]
|-damage|p2a: Volcanion|95/100|[from] Hail
|upkeep
|turn|2
|
|t:|1614182296
|move|p2a: Volcanion|Defog|p1a: Vanilluxe
|-unboost|p1a: Vanilluxe|evasion|1
|-sideend|p1: Petric stollas|move: Aurora Veil
|move|p1a: Vanilluxe|Explosion|p2a: Volcanion
|-damage|p2a: Volcanion|49/100
|faint|p1a: Vanilluxe
|
|-weather|Hail|[upkeep]
|-damage|p2a: Volcanion|43/100|[from] Hail
|upkeep
|
|t:|1614182317
|switch|p1a: Xurkitree|Xurkitree|100/100
|turn|3
|
|t:|1614182322
|switch|p2a: Dragalge|Dragalge, M, shiny|100/100
|move|p1a: Xurkitree|Zap Cannon|p2a: Dragalge|[miss]
|-miss|p1a: Xurkitree|p2a: Dragalge
|-enditem|p1a: Xurkitree|Blunder Policy
|-boost|p1a: Xurkitree|spe|2
|
|-weather|Hail|[upkeep]
|-damage|p1a: Xurkitree|94/100|[from] Hail
|-damage|p2a: Dragalge|95/100|[from] Hail
|-heal|p2a: Dragalge|100/100|[from] item: Black Sludge
|upkeep
|turn|4
|
|t:|1614182337
|move|p1a: Xurkitree|Thunderbolt|p2a: Dragalge
|-resisted|p2a: Dragalge
|-damage|p2a: Dragalge|75/100
|move|p2a: Dragalge|Flip Turn|p1a: Xurkitree
|-damage|p1a: Xurkitree|80/100
|
|t:|1614182340
|switch|p2a: Mienshao|Mienshao, M|100/100|[from]move: Flip Turn
|
|-weather|Hail|[upkeep]
|-damage|p1a: Xurkitree|74/100|[from] Hail
|-damage|p2a: Mienshao|95/100|[from] Hail
|upkeep
|turn|5
|
|t:|1614182349
|move|p1a: Xurkitree|Thunderbolt|p2a: Mienshao
|-damage|p2a: Mienshao|0 fnt
|faint|p2a: Mienshao
|-ability|p1a: Xurkitree|Beast Boost|boost
|-boost|p1a: Xurkitree|spa|1
|
|-weather|none
|upkeep
|c|☆Splashinganteater|O wait lol
|c|☆Splashinganteater|blunderbpolicy
|c|☆Splashinganteater|i tweaked
|
|t:|1614182376
|switch|p2a: Dragalge|Dragalge, M, shiny|75/100
|turn|6
|l|☆Petric stollas
|player|p1|
|j|☆Petric stollas
|player|p1|Petric stollas|170
|inactive|Battle timer is ON: inactive players will automatically lose when time's up. (requested by Splashinganteater)
|
|t:|1614182399
|move|p1a: Xurkitree|Thunderbolt|p2a: Dragalge
|-resisted|p2a: Dragalge
|-damage|p2a: Dragalge|36/100
|move|p2a: Dragalge|Draco Meteor|p1a: Xurkitree
|-damage|p1a: Xurkitree|0 fnt
|-unboost|p2a: Dragalge|spa|2
|faint|p1a: Xurkitree
|
|-heal|p2a: Dragalge|42/100|[from] item: Black Sludge
|upkeep
|
|t:|1614182415
|switch|p1a: Togekiss|Togekiss, F|100/100
|turn|7
|
|t:|1614182422
|move|p1a: Togekiss|Air Slash|p2a: Dragalge
|-damage|p2a: Dragalge|7/100
|cant|p2a: Dragalge|flinch
|
|-heal|p2a: Dragalge|13/100|[from] item: Black Sludge
|upkeep
|turn|8
|
|t:|1614182429
|switch|p2a: Togekiss|Togekiss, F|100/100
|move|p1a: Togekiss|Air Slash|p2a: Togekiss
|-damage|p2a: Togekiss|66/100
|
|upkeep
|turn|9
|
|t:|1614182436
|switch|p1a: Klefki|Klefki, M|100/100
|move|p2a: Togekiss|Roost|p2a: Togekiss
|-heal|p2a: Togekiss|100/100
|-singleturn|p2a: Togekiss|move: Roost
|
|upkeep
|turn|10
|
|t:|1614182444
|move|p1a: Klefki|Thunder Wave|p2a: Togekiss
|-status|p2a: Togekiss|par
|move|p2a: Togekiss|Wish|p2a: Togekiss
|
|upkeep
|turn|11
|
|t:|1614182461
|switch|p2a: Volcanion|Volcanion|43/100
|move|p1a: Klefki|Light Screen|p1a: Klefki
|-sidestart|p1: Petric stollas|move: Light Screen
|
|-heal|p2a: Volcanion|100/100|[from] move: Wish|[wisher] Togekiss
|upkeep
|turn|12
|
|t:|1614182469
|move|p1a: Klefki|Thunder Wave|p2a: Volcanion
|-status|p2a: Volcanion|par
|move|p2a: Volcanion|Flamethrower|p1a: Klefki
|-supereffective|p1a: Klefki
|-damage|p1a: Klefki|59/100
|
|upkeep
|turn|13
|
|t:|1614182480
|switch|p1a: Togekiss|Togekiss, F|100/100
|move|p2a: Volcanion|Defog|p1a: Togekiss
|-unboost|p1a: Togekiss|evasion|1
|-sideend|p1: Petric stollas|move: Light Screen
|
|upkeep
|turn|14
|
|t:|1614182488
|switch|p2a: Steelix|Steelix, M|100/100
|move|p1a: Togekiss|Air Slash|p2a: Steelix
|-resisted|p2a: Steelix
|-damage|p2a: Steelix|81/100
|
|-heal|p2a: Steelix|87/100|[from] item: Leftovers
|upkeep
|turn|15
|
|t:|1614182498
|switch|p1a: Cloyster|Cloyster, M|100/100
|move|p2a: Steelix|Stealth Rock|p1a: Cloyster
|-sidestart|p1: Petric stollas|move: Stealth Rock
|
|-heal|p2a: Steelix|93/100|[from] item: Leftovers
|upkeep
|turn|16
|
|t:|1614182507
|move|p1a: Cloyster|Shell Smash|p1a: Cloyster
|-unboost|p1a: Cloyster|def|1
|-unboost|p1a: Cloyster|spd|1
|-boost|p1a: Cloyster|atk|2
|-boost|p1a: Cloyster|spa|2
|-boost|p1a: Cloyster|spe|2
|move|p2a: Steelix|Body Press|p1a: Cloyster
|-supereffective|p1a: Cloyster
|-damage|p1a: Cloyster|15/100
|
|-heal|p2a: Steelix|99/100|[from] item: Leftovers
|upkeep
|turn|17
|
|t:|1614182519
|move|p1a: Cloyster|Liquidation|p2a: Steelix
|-supereffective|p2a: Steelix
|-damage|p2a: Steelix|17/100
|move|p2a: Steelix|Body Press|p1a: Cloyster
|-supereffective|p1a: Cloyster
|-damage|p1a: Cloyster|0 fnt
|faint|p1a: Cloyster
|
|-heal|p2a: Steelix|23/100|[from] item: Leftovers
|upkeep
|
|t:|1614182529
|switch|p1a: Metagross|Metagross|100/100
|-damage|p1a: Metagross|94/100|[from] Stealth Rock
|turn|18
|
|t:|1614182549
|switch|p2a: Dragalge|Dragalge, M, shiny|13/100
|move|p1a: Metagross|Iron Defense|p1a: Metagross
|-boost|p1a: Metagross|def|2
|
|-heal|p2a: Dragalge|19/100|[from] item: Black Sludge
|upkeep
|turn|19
|
|t:|1614182557
|move|p1a: Metagross|Body Press|p2a: Dragalge
|-resisted|p2a: Dragalge
|-damage|p2a: Dragalge|0 fnt
|faint|p2a: Dragalge
|
|upkeep
|
|t:|1614182563
|switch|p2a: Zarude|Zarude|100/100
|turn|20
|
|t:|1614182570
|move|p2a: Zarude|Darkest Lariat|p1a: Metagross
|-supereffective|p1a: Metagross
|-damage|p1a: Metagross|44/100
|-damage|p2a: Zarude|84/100|[from] item: Rocky Helmet|[of] p1a: Metagross
|move|p1a: Metagross|Body Press|p2a: Zarude
|-supereffective|p2a: Zarude
|-damage|p2a: Zarude|0 fnt
|faint|p2a: Zarude
|
|upkeep
|
|t:|1614182578
|switch|p2a: Togekiss|Togekiss, F|100/100 par
|turn|21
|
|t:|1614182584
|move|p1a: Metagross|Stealth Rock|p2a: Togekiss
|-sidestart|p2: Splashinganteater|move: Stealth Rock
|move|p2a: Togekiss|Heal Bell|p2a: Togekiss
|-activate|p2a: Togekiss|move: Heal Bell
|-curestatus|p2a: Togekiss|par|[msg]
|-curestatus|p2: Volcanion|par|[msg]
|
|upkeep
|turn|22
|
|t:|1614182594
|move|p2a: Togekiss|Air Slash|p1a: Metagross
|-resisted|p1a: Metagross
|-damage|p1a: Metagross|30/100
|cant|p1a: Metagross|flinch
|
|upkeep
|turn|23
|
|t:|1614182601
|move|p2a: Togekiss|Air Slash|p1a: Metagross
|-resisted|p1a: Metagross
|-damage|p1a: Metagross|15/100
|cant|p1a: Metagross|flinch
|
|upkeep
|turn|24
|
|t:|1614182607
|move|p2a: Togekiss|Air Slash|p1a: Metagross
|-resisted|p1a: Metagross
|-damage|p1a: Metagross|1/100
|move|p1a: Metagross|Toxic|p2a: Togekiss
|-status|p2a: Togekiss|tox
|
|-damage|p2a: Togekiss|94/100 tox|[from] psn
|upkeep
|turn|25
|
|t:|1614182635
|switch|p1a: Togekiss|Togekiss, F|100/100
|-damage|p1a: Togekiss|76/100|[from] Stealth Rock
|move|p2a: Togekiss|Air Slash|p1a: Togekiss
|-damage|p1a: Togekiss|50/100
|
|-heal|p1a: Togekiss|56/100|[from] item: Leftovers
|-damage|p2a: Togekiss|82/100 tox|[from] psn
|upkeep
|turn|26
|inactive|Splashinganteater has 120 seconds left.
|inactive|Splashinganteater has 90 seconds left.
|
|t:|1614182695
|move|p2a: Togekiss|Heal Bell|p2a: Togekiss
|-activate|p2a: Togekiss|move: Heal Bell
|-curestatus|p2a: Togekiss|tox|[msg]
|move|p1a: Togekiss|Air Slash|p2a: Togekiss
|-damage|p2a: Togekiss|48/100
|
|-heal|p1a: Togekiss|62/100|[from] item: Leftovers
|upkeep
|turn|27
|inactive|Petric stollas has 120 seconds left.
|
|t:|1614182719
|move|p2a: Togekiss|Air Slash|p1a: Togekiss
|-damage|p1a: Togekiss|38/100
|move|p1a: Togekiss|Thunder Wave|p2a: Togekiss
|-status|p2a: Togekiss|par
|
|-heal|p1a: Togekiss|44/100|[from] item: Leftovers
|upkeep
|turn|28
|inactive|Petric stollas has 120 seconds left.
|
|t:|1614182728
|switch|p2a: Volcanion|Volcanion|100/100
|move|p1a: Togekiss|Air Slash|p2a: Volcanion
|-damage|p2a: Volcanion|49/100
|
|-heal|p1a: Togekiss|51/100|[from] item: Leftovers
|upkeep
|turn|29
|
|t:|1614182737
|switch|p1a: Metagross|Metagross|1/100
|-damage|p1a: Metagross|0 fnt|[from] Stealth Rock
|faint|p1a: Metagross
|move|p2a: Volcanion|Steam Eruption|p1: Metagross|[notarget]
|-fail|p2a: Volcanion
|
|upkeep
|
|t:|1614182746
|switch|p1a: Klefki|Klefki, M|59/100
|-damage|p1a: Klefki|53/100|[from] Stealth Rock
|turn|30
|inactive|Splashinganteater has 120 seconds left.
|
|t:|1614182754
|move|p1a: Klefki|Thunder Wave|p2a: Volcanion
|-status|p2a: Volcanion|par
|move|p2a: Volcanion|Flamethrower|p1a: Klefki
|-supereffective|p1a: Klefki
|-damage|p1a: Klefki|0 fnt
|faint|p1a: Klefki
|
|upkeep
|
|t:|1614182763
|switch|p1a: Togekiss|Togekiss, F|51/100
|-damage|p1a: Togekiss|26/100|[from] Stealth Rock
|turn|31
|inactive|Splashinganteater has 120 seconds left.
|
|t:|1614182794
|move|p1a: Togekiss|Air Slash|p2a: Volcanion
|-damage|p2a: Volcanion|0 fnt
|faint|p2a: Volcanion
|
|-heal|p1a: Togekiss|32/100|[from] item: Leftovers
|upkeep
|
|t:|1614182798
|switch|p2a: Togekiss|Togekiss, F|48/100 par
|turn|32
|
|t:|1614182803
|move|p1a: Togekiss|Air Slash|p2a: Togekiss
|-damage|p2a: Togekiss|17/100 par
|cant|p2a: Togekiss|flinch
|
|-heal|p1a: Togekiss|38/100|[from] item: Leftovers
|upkeep
|turn|33
|
|t:|1614182811
|move|p1a: Togekiss|Air Slash|p2a: Togekiss
|-damage|p2a: Togekiss|0 fnt
|faint|p2a: Togekiss
|
|-heal|p1a: Togekiss|44/100|[from] item: Leftovers
|upkeep
|
|t:|1614182813
|switch|p2a: Steelix|Steelix, M|23/100
|-damage|p2a: Steelix|20/100|[from] Stealth Rock
|turn|34
|
|t:|1614182829
|move|p1a: Togekiss|Fire Blast|p2a: Steelix
|-supereffective|p2a: Steelix
|-damage|p2a: Steelix|0 fnt
|faint|p2a: Steelix
|
|win|Petric stollas
|c|☆Petric stollas|GG
|l|☆Splashinganteater
||Ladder (probably) updated, but score could not be retrieved (Request timeout).
