|html|<div class="broadcast-blue"><strong>[Gen 8] RU is currently suspecting Mienshao! For information on how to participate check out the <a href="https://www.smogon.com/forums/threads/np-ru-stage-8-nocturne-mienshao-suspect-test.3688330/">suspect thread</a>.</strong></div>
|j|☆literallyfreemoney
|j|☆RUM7 Noh Mercy
|t:|1628194551
|gametype|singles
|player|p1|literallyfreemoney|17|1457
|player|p2|RUM7 Noh Mercy|lady|1325
|teamsize|p1|6
|teamsize|p2|6
|gen|8
|tier|[Gen 8] RU
|rated|
|rule|Sleep Clause Mod: Limit one foe put to sleep
|rule|Species Clause: Limit one of each Pokémon
|rule|OHKO Clause: OHKO moves are banned
|rule|Evasion Moves Clause: Evasion moves are banned
|rule|Endless Battle Clause: Forcing endless battles is banned
|rule|HP Percentage Mod: HP is shown in percentages
|rule|Dynamax Clause: You cannot dynamax
|clearpoke
|poke|p1|Lucario, F|
|poke|p1|Aerodactyl, F|
|poke|p1|Golisopod, M|
|poke|p1|Vaporeon, F|
|poke|p1|Chandelure, M|
|poke|p1|Goodra, F|
|poke|p2|Hitmontop, M|
|poke|p2|Vileplume, F|
|poke|p2|Quagsire, M|
|poke|p2|Marowak-Alola, M|
|poke|p2|Umbreon, M|
|poke|p2|Registeel|
|teampreview
|inactive|Battle timer is ON: inactive players will automatically lose when time's up. (requested by RUM7 Noh Mercy)
|c|☆literallyfreemoney|gl hf
|inactive|RUM7 Noh Mercy has 120 seconds left.
|
|t:|1628194592
|start
|switch|p1a: *w*G O A L I E*w*|Golisopod, M|100/100
|switch|p2a: Quagsire|Quagsire, M|100/100
|turn|1
|
|t:|1628194598
|move|p1a: *w*G O A L I E*w*|Knock Off|p2a: Quagsire
|-damage|p2a: Quagsire|74/100
|-enditem|p2a: Quagsire|Leftovers|[from] move: Knock Off|[of] p1a: *w*G O A L I E*w*
|move|p2a: Quagsire|Toxic|p1a: *w*G O A L I E*w*
|-status|p1a: *w*G O A L I E*w*|tox
|
|-damage|p1a: *w*G O A L I E*w*|94/100 tox|[from] psn
|upkeep
|turn|2
|
|t:|1628194619
|switch|p2a: Vileplume|Vileplume, F|100/100
|move|p1a: *w*G O A L I E*w*|Spikes|p2a: Vileplume
|-sidestart|p2: RUM7 Noh Mercy|Spikes
|
|-damage|p1a: *w*G O A L I E*w*|82/100 tox|[from] psn
|upkeep
|turn|3
|
|t:|1628194625
|move|p1a: *w*G O A L I E*w*|Knock Off|p2a: Vileplume
|-damage|p2a: Vileplume|74/100
|-enditem|p2a: Vileplume|Black Sludge|[from] move: Knock Off|[of] p1a: *w*G O A L I E*w*
|move|p2a: Vileplume|Sludge Bomb|p1a: *w*G O A L I E*w*
|-damage|p1a: *w*G O A L I E*w*|38/100 tox
|-activate|p1a: *w*G O A L I E*w*|ability: Emergency Exit
|
|t:|1628194633
|switch|p1a: Chandelure|Chandelure, M|100/100
|
|upkeep
|turn|4
|
|t:|1628194637
|switch|p2a: Umbreon|Umbreon, M|100/100
|-damage|p2a: Umbreon|88/100|[from] Spikes
|move|p1a: Chandelure|Trick|p2a: Umbreon
|-activate|p1a: Chandelure|move: Trick|[of] p2a: Umbreon
|-item|p2a: Umbreon|Choice Scarf|[from] move: Trick
|-item|p1a: Chandelure|Leftovers|[from] move: Trick
|
|upkeep
|turn|5
|
|t:|1628194653
|switch|p1a: Lucy|Lucario, F|100/100
|move|p2a: Umbreon|Foul Play|p1a: Lucy
|-resisted|p1a: Lucy
|-damage|p1a: Lucy|65/100
|-ability|p1a: Lucy|Justified|boost
|-boost|p1a: Lucy|atk|1
|
|upkeep
|turn|6
|
|t:|1628194671
|switch|p2a: Marowak|Marowak-Alola, M|100/100
|move|p1a: Lucy|Meteor Mash|p2a: Marowak
|-resisted|p2a: Marowak
|-damage|p2a: Marowak|64/100
|-damage|p1a: Lucy|55/100|[from] item: Life Orb
|
|upkeep
|turn|7
|
|t:|1628194682
|switch|p1a: Puhteradactyl|Aerodactyl, F|100/100
|-ability|p1a: Puhteradactyl|Unnerve
|move|p2a: Marowak|Stealth Rock|p1a: Puhteradactyl
|-sidestart|p1: literallyfreemoney|move: Stealth Rock
|
|upkeep
|turn|8
|
|t:|1628194692
|switch|p2a: Quagsire|Quagsire, M|74/100
|-damage|p2a: Quagsire|62/100|[from] Spikes
|move|p1a: Puhteradactyl|Earthquake|p2a: Quagsire
|-damage|p2a: Quagsire|42/100
|
|upkeep
|turn|9
|
|t:|1628194700
|move|p1a: Puhteradactyl|Stealth Rock|p2a: Quagsire
|-sidestart|p2: RUM7 Noh Mercy|move: Stealth Rock
|move|p2a: Quagsire|Recover|p2a: Quagsire
|-heal|p2a: Quagsire|92/100
|
|upkeep
|turn|10
|
|t:|1628194707
|switch|p1a: Vaporeon|Vaporeon, F|100/100
|-damage|p1a: Vaporeon|88/100|[from] Stealth Rock
|move|p2a: Quagsire|Toxic|p1a: Vaporeon
|-status|p1a: Vaporeon|tox
|
|-heal|p1a: Vaporeon|94/100 tox|[from] item: Leftovers
|-damage|p1a: Vaporeon|88/100 tox|[from] psn
|upkeep
|turn|11
|
|t:|1628194716
|switch|p2a: Hitmontop|Hitmontop, M|100/100
|-damage|p2a: Hitmontop|94/100|[from] Stealth Rock
|-damage|p2a: Hitmontop|82/100|[from] Spikes
|move|p1a: Vaporeon|Heal Bell|p1a: Vaporeon
|-activate|p1a: Vaporeon|move: Heal Bell
|-curestatus|p1a: Vaporeon|tox|[msg]
|-curestatus|p1: *w*G O A L I E*w*|tox|[msg]
|
|-heal|p1a: Vaporeon|94/100|[from] item: Leftovers
|upkeep
|turn|12
|
|t:|1628194727
|switch|p1a: Chandelure|Chandelure, M|100/100
|-damage|p1a: Chandelure|76/100|[from] Stealth Rock
|move|p2a: Hitmontop|Thief|p1a: Chandelure
|-supereffective|p1a: Chandelure
|-crit|p1a: Chandelure
|-damage|p1a: Chandelure|0 fnt
|faint|p1a: Chandelure
|
|upkeep
|c|☆RUM7 Noh Mercy|lol
|
|t:|1628194736
|switch|p1a: Puhteradactyl|Aerodactyl, F|100/100
|-ability|p1a: Puhteradactyl|Unnerve
|-damage|p1a: Puhteradactyl|76/100|[from] Stealth Rock
|turn|13
|c|☆literallyfreemoney|i'll always make that play :P
|inactive|RUM7 Noh Mercy has 120 seconds left.
|
|t:|1628194792
|switch|p2a: Quagsire|Quagsire, M|92/100
|-damage|p2a: Quagsire|79/100|[from] Spikes
|-damage|p2a: Quagsire|73/100|[from] Stealth Rock
|move|p1a: Puhteradactyl|Dual Wingbeat|p2a: Quagsire
|-damage|p2a: Quagsire|61/100
|-damage|p2a: Quagsire|47/100
|-hitcount|p2a: Quagsire|2
|
|upkeep
|turn|14
|
|t:|1628194806
|switch|p1a: Vaporeon|Vaporeon, F|94/100
|-damage|p1a: Vaporeon|82/100|[from] Stealth Rock
|move|p2a: Quagsire|Recover|p2a: Quagsire
|-heal|p2a: Quagsire|97/100
|
|-heal|p1a: Vaporeon|88/100|[from] item: Leftovers
|upkeep
|turn|15
|
|t:|1628194815
|switch|p1a: Goodra|Goodra, F|100/100
|-damage|p1a: Goodra|88/100|[from] Stealth Rock
|switch|p2a: Hitmontop|Hitmontop, M|82/100
|-damage|p2a: Hitmontop|76/100|[from] Stealth Rock
|-damage|p2a: Hitmontop|63/100|[from] Spikes
|
|upkeep
|turn|16
|
|t:|1628194825
|move|p1a: Goodra|Draco Meteor|p2a: Hitmontop
|-crit|p2a: Hitmontop
|-damage|p2a: Hitmontop|0 fnt
|-unboost|p1a: Goodra|spa|2
|faint|p2a: Hitmontop
|
|upkeep
|c|☆RUM7 Noh Mercy|I'm AV, that crit was very crucial
|inactive|RUM7 Noh Mercy has 90 seconds left.
|c|☆literallyfreemoney|oh mb
|
|t:|1628194868
|switch|p2a: Registeel|Registeel|100/100
|-damage|p2a: Registeel|88/100|[from] Spikes
|-damage|p2a: Registeel|82/100|[from] Stealth Rock
|turn|17
|
|t:|1628194875
|switch|p1a: Vaporeon|Vaporeon, F|88/100
|-damage|p1a: Vaporeon|75/100|[from] Stealth Rock
|move|p2a: Registeel|Iron Defense|p2a: Registeel
|-boost|p2a: Registeel|def|2
|
|-heal|p1a: Vaporeon|82/100|[from] item: Leftovers
|-heal|p2a: Registeel|88/100|[from] item: Leftovers
|upkeep
|turn|18
|
|t:|1628194884
|move|p1a: Vaporeon|Scald|p2a: Registeel
|-damage|p2a: Registeel|72/100
|move|p2a: Registeel|Toxic|p1a: Vaporeon|[miss]
|-miss|p2a: Registeel|p1a: Vaporeon
|
|-heal|p1a: Vaporeon|88/100|[from] item: Leftovers
|-heal|p2a: Registeel|79/100|[from] item: Leftovers
|upkeep
|turn|19
|
|t:|1628194892
|move|p1a: Vaporeon|Scald|p2a: Registeel
|-damage|p2a: Registeel|63/100
|move|p2a: Registeel|Toxic|p1a: Vaporeon
|-status|p1a: Vaporeon|tox
|
|-heal|p1a: Vaporeon|94/100 tox|[from] item: Leftovers
|-heal|p2a: Registeel|69/100|[from] item: Leftovers
|-damage|p1a: Vaporeon|88/100 tox|[from] psn
|upkeep
|turn|20
|inactive|RUM7 Noh Mercy has 90 seconds left.
|
|t:|1628194906
|move|p1a: Vaporeon|Scald|p2a: Registeel
|-damage|p2a: Registeel|54/100
|move|p2a: Registeel|Iron Defense|p2a: Registeel
|-boost|p2a: Registeel|def|2
|
|-heal|p1a: Vaporeon|94/100 tox|[from] item: Leftovers
|-heal|p2a: Registeel|60/100|[from] item: Leftovers
|-damage|p1a: Vaporeon|82/100 tox|[from] psn
|upkeep
|turn|21
|inactive|RUM7 Noh Mercy has 90 seconds left.
|
|t:|1628194916
|move|p1a: Vaporeon|Heal Bell|p1a: Vaporeon
|-activate|p1a: Vaporeon|move: Heal Bell
|-curestatus|p1a: Vaporeon|tox|[msg]
|move|p2a: Registeel|Body Press|p1a: Vaporeon
|-damage|p1a: Vaporeon|26/100
|
|-heal|p1a: Vaporeon|32/100|[from] item: Leftovers
|-heal|p2a: Registeel|66/100|[from] item: Leftovers
|upkeep
|turn|22
|
|t:|1628194925
|move|p1a: Vaporeon|Scald|p2a: Registeel
|-damage|p2a: Registeel|52/100
|-status|p2a: Registeel|brn
|move|p2a: Registeel|Body Press|p1a: Vaporeon
|-damage|p1a: Vaporeon|2/100
|
|-heal|p1a: Vaporeon|9/100|[from] item: Leftovers
|-heal|p2a: Registeel|58/100 brn|[from] item: Leftovers
|-damage|p2a: Registeel|52/100 brn|[from] brn
|upkeep
|turn|23
|
|t:|1628194936
|move|p1a: Vaporeon|Protect|p1a: Vaporeon
|-singleturn|p1a: Vaporeon|Protect
|move|p2a: Registeel|Body Press|p1a: Vaporeon
|-activate|p1a: Vaporeon|move: Protect
|
|-heal|p1a: Vaporeon|15/100|[from] item: Leftovers
|-heal|p2a: Registeel|58/100 brn|[from] item: Leftovers
|-damage|p2a: Registeel|52/100 brn|[from] brn
|upkeep
|turn|24
|
|t:|1628194945
|move|p1a: Vaporeon|Scald|p2a: Registeel
|-damage|p2a: Registeel|37/100 brn
|move|p2a: Registeel|Body Press|p1a: Vaporeon
|-damage|p1a: Vaporeon|0 fnt
|faint|p1a: Vaporeon
|
|-heal|p2a: Registeel|43/100 brn|[from] item: Leftovers
|-damage|p2a: Registeel|37/100 brn|[from] brn
|upkeep
|
|t:|1628194951
|switch|p1a: *w*G O A L I E*w*|Golisopod, M|38/100
|turn|25
|inactive|RUM7 Noh Mercy has 90 seconds left.
|
|t:|1628194982
|switch|p2a: Quagsire|Quagsire, M|97/100
|-damage|p2a: Quagsire|85/100|[from] Spikes
|-damage|p2a: Quagsire|79/100|[from] Stealth Rock
|move|p1a: *w*G O A L I E*w*|Knock Off|p2a: Quagsire
|-damage|p2a: Quagsire|61/100
|
|upkeep
|turn|26
|inactive|RUM7 Noh Mercy has 90 seconds left.
|
|t:|1628194990
|move|p1a: *w*G O A L I E*w*|Spikes|p2a: Quagsire
|-sidestart|p2: RUM7 Noh Mercy|Spikes
|move|p2a: Quagsire|Recover|p2a: Quagsire
|-heal|p2a: Quagsire|100/100
|
|upkeep
|turn|27
|
|t:|1628194995
|move|p1a: *w*G O A L I E*w*|Spikes|p2a: Quagsire
|-sidestart|p2: RUM7 Noh Mercy|Spikes
|move|p2a: Quagsire|Toxic|p1a: *w*G O A L I E*w*
|-status|p1a: *w*G O A L I E*w*|tox
|
|-damage|p1a: *w*G O A L I E*w*|32/100 tox|[from] psn
|upkeep
|turn|28
|
|t:|1628195005
|switch|p1a: Goodra|Goodra, F|88/100
|-damage|p1a: Goodra|76/100|[from] Stealth Rock
|move|p2a: Quagsire|Earthquake|p1a: Goodra
|-damage|p1a: Goodra|32/100
|
|upkeep
|turn|29
|
|t:|1628195012
|move|p1a: Goodra|Surf|p2a: Quagsire
|-damage|p2a: Quagsire|66/100
|move|p2a: Quagsire|Recover|p2a: Quagsire
|-heal|p2a: Quagsire|100/100
|
|upkeep
|turn|30
|
|t:|1628195021
|move|p1a: Goodra|Ice Beam|p2a: Quagsire
|-damage|p2a: Quagsire|62/100
|move|p2a: Quagsire|Recover|p2a: Quagsire
|-heal|p2a: Quagsire|100/100
|
|upkeep
|turn|31
|inactive|RUM7 Noh Mercy has 120 seconds left.
|
|t:|1628195027
|move|p1a: Goodra|Ice Beam|p2a: Quagsire
|-damage|p2a: Quagsire|63/100
|move|p2a: Quagsire|Recover|p2a: Quagsire
|-heal|p2a: Quagsire|100/100
|
|upkeep
|turn|32
|
|t:|1628195032
|move|p1a: Goodra|Ice Beam|p2a: Quagsire
|-damage|p2a: Quagsire|62/100
|-status|p2a: Quagsire|frz
|cant|p2a: Quagsire|frz
|
|upkeep
|turn|33
|inactive|RUM7 Noh Mercy has 120 seconds left.
|
|t:|1628195048
|switch|p1a: Lucy|Lucario, F|55/100
|-damage|p1a: Lucy|52/100|[from] Stealth Rock
|cant|p2a: Quagsire|frz
|
|upkeep
|turn|34
|
|t:|1628195054
|move|p1a: Lucy|Close Combat|p2a: Quagsire
|-damage|p2a: Quagsire|15/100 frz
|-unboost|p1a: Lucy|def|1
|-unboost|p1a: Lucy|spd|1
|-damage|p1a: Lucy|42/100|[from] item: Life Orb
|cant|p2a: Quagsire|frz
|
|upkeep
|turn|35
|inactive|RUM7 Noh Mercy has 120 seconds left.
|
|t:|1628195070
|switch|p2a: Marowak|Marowak-Alola, M|64/100
|move|p1a: Lucy|Meteor Mash|p2a: Marowak
|-resisted|p2a: Marowak
|-damage|p2a: Marowak|39/100
|-damage|p1a: Lucy|32/100|[from] item: Life Orb
|
|upkeep
|turn|36
|
|t:|1628195084
|switch|p1a: *w*G O A L I E*w*|Golisopod, M|32/100 tox
|move|p2a: Marowak|Earthquake|p1a: *w*G O A L I E*w*
|-resisted|p1a: *w*G O A L I E*w*
|-damage|p1a: *w*G O A L I E*w*|24/100 tox
|
|-damage|p1a: *w*G O A L I E*w*|18/100 tox|[from] psn
|upkeep
|turn|37
|inactive|RUM7 Noh Mercy has 120 seconds left.
|
|t:|1628195118
|move|p1a: *w*G O A L I E*w*|Liquidation|p2a: Marowak
|-supereffective|p2a: Marowak
|-damage|p2a: Marowak|0 fnt
|faint|p2a: Marowak
|
|-damage|p1a: *w*G O A L I E*w*|5/100 tox|[from] psn
|upkeep
|
|t:|1628195123
|switch|p2a: Vileplume|Vileplume, F|74/100
|-damage|p2a: Vileplume|49/100|[from] Spikes
|-damage|p2a: Vileplume|37/100|[from] Stealth Rock
|turn|38
|
|t:|1628195131
|switch|p1a: Goodra|Goodra, F|32/100
|-damage|p1a: Goodra|19/100|[from] Stealth Rock
|move|p2a: Vileplume|Strength Sap|p1a: Goodra
|-ability|p1a: Goodra|Sap Sipper|boost
|-boost|p1a: Goodra|atk|1
|
|upkeep
|turn|39
|c|☆RUM7 Noh Mercy|Without that freeze you lost
|c|☆literallyfreemoney|why didnt you toxic?
|c|☆RUM7 Noh Mercy|And the Draco crit that prevented my Rapid Spin
|inactive|RUM7 Noh Mercy has 90 seconds left.
|c|☆literallyfreemoney|spamming ice beam will always result in a crit
|
|t:|1628195172
|move|p1a: Goodra|Ice Beam|p2a: Vileplume
|-supereffective|p2a: Vileplume
|-damage|p2a: Vileplume|0 fnt
|faint|p2a: Vileplume
|
|upkeep
|c|☆literallyfreemoney|or a freeze
|c|☆RUM7 Noh Mercy|That freeze won the game
|
|t:|1628195190
|switch|p2a: Umbreon|Umbreon, M|88/100
|-damage|p2a: Umbreon|63/100|[from] Spikes
|-damage|p2a: Umbreon|51/100|[from] Stealth Rock
|turn|40
|c|☆literallyfreemoney|i wont deny that but you chose to take all those icebeams to the face
|c|☆literallyfreemoney|you could have EQ'd or toxic
|c|☆literallyfreemoney|thats on you
|c|☆RUM7 Noh Mercy|I recovered so Draco wouldn't leave me too weak
|inactive|literallyfreemoney has 120 seconds left.
|c|☆RUM7 Noh Mercy|That's why I spammed recover
|c|☆RUM7 Noh Mercy|I clicked EQ on the turn you froze
|
|t:|1628195231
|move|p1a: Goodra|Draco Meteor|p2a: Umbreon
|-damage|p2a: Umbreon|18/100
|-unboost|p1a: Goodra|spa|2
|move|p2a: Umbreon|Foul Play|p1a: Goodra
|-damage|p1a: Goodra|0 fnt
|faint|p1a: Goodra
|
|upkeep
|
|t:|1628195234
|switch|p1a: Lucy|Lucario, F|32/100
|-damage|p1a: Lucy|29/100|[from] Stealth Rock
|turn|41
|c|☆RUM7 Noh Mercy|Which would've killed Goodra
|c|☆RUM7 Noh Mercy|Then Quagsire would've won
|c|☆literallyfreemoney|that's unfortunate for you
|
|t:|1628195261
|move|p1a: Lucy|Close Combat|p2a: Umbreon
|-supereffective|p2a: Umbreon
|-crit|p2a: Umbreon
|-damage|p2a: Umbreon|0 fnt
|-unboost|p1a: Lucy|def|1
|-unboost|p1a: Lucy|spd|1
|faint|p2a: Umbreon
|-damage|p1a: Lucy|19/100|[from] item: Life Orb
|
|upkeep
|inactive|RUM7 Noh Mercy has 60 seconds left.
|c|☆RUM7 Noh Mercy|Bad game
|-message|RUM7 Noh Mercy forfeited.
|
|win|literallyfreemoney
|raw|literallyfreemoney's rating: 1456 &rarr; <strong>1469</strong><br />(+13 for winning)
|raw|RUM7 Noh Mercy's rating: 1325 &rarr; <strong>1312</strong><br />(-13 for losing)
|l|☆literallyfreemoney
|l|☆RUM7 Noh Mercy
||Ladder isn't responding, score probably updated but might not have (Request timeout).
