|j|☆yovan33321
|j|☆Schmoden
|t:|1629390809
|gametype|singles
|player|p1|yovan33321|ghetsis-gen5bw|1318
|player|p2|Schmoden|169|1633
|teamsize|p1|6
|teamsize|p2|6
|gen|8
|tier|[Gen 8] RU
|rated|
|rule|Sleep Clause Mod: Limit one foe put to sleep
|rule|Species Clause: Limit one of each Pokémon
|rule|OHKO Clause: OHKO moves are banned
|rule|Evasion Moves Clause: Evasion moves are banned
|rule|Endless Battle Clause: Forcing endless battles is banned
|rule|HP Percentage Mod: HP is shown in percentages
|rule|Dynamax Clause: You cannot dynamax
|clearpoke
|poke|p1|Ninetales-Alola, M|
|poke|p1|Golisopod, F|
|poke|p1|Steelix, M|
|poke|p1|Vileplume, F|
|poke|p1|Snorlax, M|
|poke|p1|Togekiss, M|
|poke|p2|Umbreon, M|
|poke|p2|Milotic, F|
|poke|p2|Registeel|
|poke|p2|Weezing-Galar, M|
|poke|p2|Roserade, M|
|poke|p2|Cresselia, F|
|teampreview
|inactive|Battle timer is ON: inactive players will automatically lose when time's up. (requested by yovan33321)
|
|t:|1629390832
|start
|switch|p1a: Steelix|Steelix, M|100/100
|switch|p2a: Registeel|Registeel|100/100
|turn|1
|
|t:|1629390836
|move|p2a: Registeel|Stealth Rock|p1a: Steelix
|-sidestart|p1: yovan33321|move: Stealth Rock
|move|p1a: Steelix|Earthquake|p2a: Registeel
|-supereffective|p2a: Registeel
|-crit|p2a: Registeel
|-damage|p2a: Registeel|42/100
|
|-heal|p2a: Registeel|48/100|[from] item: Leftovers
|upkeep
|turn|2
|
|t:|1629390842
|switch|p2a: Weezing|Weezing-Galar, M|100/100
|move|p1a: Steelix|Stealth Rock|p2a: Weezing
|-sidestart|p2: Schmoden|move: Stealth Rock
|
|upkeep
|turn|3
|
|t:|1629390849
|switch|p1a: Snorlax|Snorlax, M|100/100
|-damage|p1a: Snorlax|88/100|[from] Stealth Rock
|move|p2a: Weezing|Will-O-Wisp|p1a: Snorlax
|-status|p1a: Snorlax|brn
|
|-heal|p1a: Snorlax|94/100 brn|[from] item: Leftovers
|-damage|p1a: Snorlax|88/100 brn|[from] brn
|upkeep
|turn|4
|
|t:|1629390861
|switch|p2a: Umbreon|Umbreon, M|100/100
|-damage|p2a: Umbreon|88/100|[from] Stealth Rock
|move|p1a: Snorlax|Curse|p1a: Snorlax
|-unboost|p1a: Snorlax|spe|1
|-boost|p1a: Snorlax|atk|1
|-boost|p1a: Snorlax|def|1
|
|-heal|p2a: Umbreon|94/100|[from] item: Leftovers
|-heal|p1a: Snorlax|94/100 brn|[from] item: Leftovers
|-damage|p1a: Snorlax|88/100 brn|[from] brn
|upkeep
|turn|5
|
|t:|1629390865
|move|p2a: Umbreon|Wish|p2a: Umbreon
|move|p1a: Snorlax|Curse|p1a: Snorlax
|-unboost|p1a: Snorlax|spe|1
|-boost|p1a: Snorlax|atk|1
|-boost|p1a: Snorlax|def|1
|
|-heal|p2a: Umbreon|99/100|[from] item: Leftovers
|-heal|p1a: Snorlax|94/100 brn|[from] item: Leftovers
|-damage|p1a: Snorlax|88/100 brn|[from] brn
|upkeep
|turn|6
|
|t:|1629390876
|switch|p2a: Registeel|Registeel|48/100
|-damage|p2a: Registeel|42/100|[from] Stealth Rock
|move|p1a: Snorlax|Curse|p1a: Snorlax
|-unboost|p1a: Snorlax|spe|1
|-boost|p1a: Snorlax|atk|1
|-boost|p1a: Snorlax|def|1
|
|-heal|p2a: Registeel|96/100|[from] move: Wish|[wisher] Umbreon
|-heal|p2a: Registeel|100/100|[from] item: Leftovers
|-heal|p1a: Snorlax|94/100 brn|[from] item: Leftovers
|-damage|p1a: Snorlax|88/100 brn|[from] brn
|upkeep
|turn|7
|
|t:|1629390882
|switch|p2a: Milotic|Milotic, F|100/100
|-damage|p2a: Milotic|88/100|[from] Stealth Rock
|move|p1a: Snorlax|Curse|p1a: Snorlax
|-unboost|p1a: Snorlax|spe|1
|-boost|p1a: Snorlax|atk|1
|-boost|p1a: Snorlax|def|1
|
|-heal|p2a: Milotic|94/100|[from] item: Leftovers
|-heal|p1a: Snorlax|94/100 brn|[from] item: Leftovers
|-damage|p1a: Snorlax|88/100 brn|[from] brn
|upkeep
|turn|8
|
|t:|1629390885
|move|p2a: Milotic|Haze|p2a: Milotic
|-clearallboost
|move|p1a: Snorlax|Body Slam|p2a: Milotic
|-damage|p2a: Milotic|83/100
|
|-heal|p2a: Milotic|90/100|[from] item: Leftovers
|-heal|p1a: Snorlax|94/100 brn|[from] item: Leftovers
|-damage|p1a: Snorlax|88/100 brn|[from] brn
|upkeep
|turn|9
|
|t:|1629390895
|move|p2a: Milotic|Scald|p1a: Snorlax
|-damage|p1a: Snorlax|76/100 brn
|move|p1a: Snorlax|Body Slam|p2a: Milotic
|-damage|p2a: Milotic|78/100
|
|-heal|p2a: Milotic|84/100|[from] item: Leftovers
|-heal|p1a: Snorlax|82/100 brn|[from] item: Leftovers
|-damage|p1a: Snorlax|76/100 brn|[from] brn
|upkeep
|turn|10
|
|t:|1629390901
|switch|p2a: Roserade|Roserade, M|100/100
|-damage|p2a: Roserade|88/100|[from] Stealth Rock
|move|p1a: Snorlax|Body Slam|p2a: Roserade
|-damage|p2a: Roserade|63/100
|
|-heal|p2a: Roserade|69/100|[from] item: Black Sludge
|-heal|p1a: Snorlax|82/100 brn|[from] item: Leftovers
|-damage|p1a: Snorlax|76/100 brn|[from] brn
|upkeep
|turn|11
|
|t:|1629390904
|move|p2a: Roserade|Spikes|p1a: Snorlax
|-sidestart|p1: yovan33321|Spikes
|move|p1a: Snorlax|Body Slam|p2a: Roserade
|-damage|p2a: Roserade|45/100
|
|-heal|p2a: Roserade|51/100|[from] item: Black Sludge
|-heal|p1a: Snorlax|82/100 brn|[from] item: Leftovers
|-damage|p1a: Snorlax|76/100 brn|[from] brn
|upkeep
|turn|12
|
|t:|1629390907
|move|p2a: Roserade|Synthesis|p2a: Roserade
|-heal|p2a: Roserade|100/100
|move|p1a: Snorlax|Body Slam|p2a: Roserade
|-damage|p2a: Roserade|75/100
|
|-heal|p2a: Roserade|81/100|[from] item: Black Sludge
|-heal|p1a: Snorlax|82/100 brn|[from] item: Leftovers
|-damage|p1a: Snorlax|76/100 brn|[from] brn
|upkeep
|turn|13
|
|t:|1629390920
|move|p2a: Roserade|Sludge Bomb|p1a: Snorlax
|-damage|p1a: Snorlax|59/100 brn
|move|p1a: Snorlax|Body Slam|p2a: Roserade
|-damage|p2a: Roserade|55/100
|
|-heal|p2a: Roserade|62/100|[from] item: Black Sludge
|-heal|p1a: Snorlax|65/100 brn|[from] item: Leftovers
|-damage|p1a: Snorlax|59/100 brn|[from] brn
|upkeep
|turn|14
|
|t:|1629390925
|switch|p1a: Ninetales|Ninetales-Alola, M|100/100
|-damage|p1a: Ninetales|76/100|[from] Stealth Rock
|-damage|p1a: Ninetales|64/100|[from] Spikes
|-weather|Hail|[from] ability: Snow Warning|[of] p1a: Ninetales
|move|p2a: Roserade|Synthesis|p2a: Roserade
|-heal|p2a: Roserade|87/100
|
|-weather|Hail|[upkeep]
|-damage|p2a: Roserade|80/100|[from] Hail
|-heal|p1a: Ninetales|69/100|[from] item: Leftovers
|-heal|p2a: Roserade|87/100|[from] item: Black Sludge
|upkeep
|turn|15
|
|t:|1629390930
|switch|p2a: Registeel|Registeel|100/100
|-damage|p2a: Registeel|94/100|[from] Stealth Rock
|move|p1a: Ninetales|Substitute|p1a: Ninetales
|-start|p1a: Ninetales|Substitute
|-damage|p1a: Ninetales|45/100
|
|-weather|Hail|[upkeep]
|-damage|p2a: Registeel|88/100|[from] Hail
|-heal|p1a: Ninetales|51/100|[from] item: Leftovers
|-heal|p2a: Registeel|94/100|[from] item: Leftovers
|upkeep
|turn|16
|
|t:|1629390933
|move|p1a: Ninetales|Hypnosis|p2a: Registeel
|-status|p2a: Registeel|slp|[from] move: Hypnosis
|cant|p2a: Registeel|slp
|
|-weather|Hail|[upkeep]
|-damage|p2a: Registeel|88/100 slp|[from] Hail
|-heal|p1a: Ninetales|57/100|[from] item: Leftovers
|-heal|p2a: Registeel|94/100 slp|[from] item: Leftovers
|upkeep
|turn|17
|
|t:|1629390936
|move|p1a: Ninetales|Nasty Plot|p1a: Ninetales
|-boost|p1a: Ninetales|spa|2
|cant|p2a: Registeel|slp
|
|-weather|Hail|[upkeep]
|-damage|p2a: Registeel|88/100 slp|[from] Hail
|-heal|p1a: Ninetales|63/100|[from] item: Leftovers
|-heal|p2a: Registeel|94/100 slp|[from] item: Leftovers
|upkeep
|turn|18
|
|t:|1629390945
|move|p1a: Ninetales|Nasty Plot|p1a: Ninetales
|-boost|p1a: Ninetales|spa|2
|-curestatus|p2a: Registeel|slp|[msg]
|move|p2a: Registeel|Seismic Toss|p1a: Ninetales
|-end|p1a: Ninetales|Substitute
|
|-weather|none
|-heal|p1a: Ninetales|68/100|[from] item: Leftovers
|-heal|p2a: Registeel|100/100|[from] item: Leftovers
|upkeep
|turn|19
|
|t:|1629390951
|move|p1a: Ninetales|Hypnosis|p2a: Registeel
|-status|p2a: Registeel|slp|[from] move: Hypnosis
|cant|p2a: Registeel|slp
|
|-heal|p1a: Ninetales|74/100|[from] item: Leftovers
|upkeep
|turn|20
|
|t:|1629390957
|move|p1a: Ninetales|Substitute|p1a: Ninetales
|-start|p1a: Ninetales|Substitute
|-damage|p1a: Ninetales|50/100
|cant|p2a: Registeel|slp
|
|-heal|p1a: Ninetales|56/100|[from] item: Leftovers
|upkeep
|turn|21
|
|t:|1629390960
|move|p1a: Ninetales|Nasty Plot|p1a: Ninetales
|-boost|p1a: Ninetales|spa|2
|-curestatus|p2a: Registeel|slp|[msg]
|move|p2a: Registeel|Seismic Toss|p1a: Ninetales
|-end|p1a: Ninetales|Substitute
|
|-heal|p1a: Ninetales|61/100|[from] item: Leftovers
|upkeep
|turn|22
|
|t:|1629390967
|move|p1a: Ninetales|Substitute|p1a: Ninetales
|-start|p1a: Ninetales|Substitute
|-damage|p1a: Ninetales|37/100
|move|p2a: Registeel|Toxic||[still]
|-fail|p2a: Registeel
|
|-heal|p1a: Ninetales|43/100|[from] item: Leftovers
|upkeep
|turn|23
|
|t:|1629390972
|move|p1a: Ninetales|Hypnosis|p2a: Registeel
|-status|p2a: Registeel|slp|[from] move: Hypnosis
|cant|p2a: Registeel|slp
|
|-heal|p1a: Ninetales|49/100|[from] item: Leftovers
|upkeep
|turn|24
|
|t:|1629390975
|move|p1a: Ninetales|Freeze-Dry|p2a: Registeel
|-resisted|p2a: Registeel
|-damage|p2a: Registeel|72/100 slp
|cant|p2a: Registeel|slp
|
|-heal|p1a: Ninetales|55/100|[from] item: Leftovers
|-heal|p2a: Registeel|78/100 slp|[from] item: Leftovers
|upkeep
|turn|25
|
|t:|1629390984
|-curestatus|p2a: Registeel|slp|[msg]
|move|p2a: Registeel|Protect|p2a: Registeel
|-singleturn|p2a: Registeel|Protect
|move|p1a: Ninetales|Freeze-Dry|p2a: Registeel
|-activate|p2a: Registeel|move: Protect
|
|-heal|p1a: Ninetales|60/100|[from] item: Leftovers
|-heal|p2a: Registeel|84/100|[from] item: Leftovers
|upkeep
|turn|26
|
|t:|1629391005
|switch|p2a: Umbreon|Umbreon, M|99/100
|-damage|p2a: Umbreon|88/100|[from] Stealth Rock
|move|p1a: Ninetales|Hypnosis|p2a: Umbreon
|-status|p2a: Umbreon|slp|[from] move: Hypnosis
|
|-heal|p1a: Ninetales|66/100|[from] item: Leftovers
|-heal|p2a: Umbreon|94/100 slp|[from] item: Leftovers
|upkeep
|turn|27
|
|t:|1629391008
|switch|p2a: Registeel|Registeel|84/100
|-damage|p2a: Registeel|78/100|[from] Stealth Rock
|move|p1a: Ninetales|Freeze-Dry|p2a: Registeel
|-resisted|p2a: Registeel
|-damage|p2a: Registeel|52/100
|-status|p2a: Registeel|frz
|
|-heal|p1a: Ninetales|72/100|[from] item: Leftovers
|-heal|p2a: Registeel|58/100 frz|[from] item: Leftovers
|upkeep
|turn|28
|
|t:|1629391012
|cant|p2a: Registeel|frz
|move|p1a: Ninetales|Freeze-Dry|p2a: Registeel
|-resisted|p2a: Registeel
|-damage|p2a: Registeel|32/100 frz
|
|-heal|p1a: Ninetales|78/100|[from] item: Leftovers
|-heal|p2a: Registeel|38/100 frz|[from] item: Leftovers
|upkeep
|turn|29
|
|t:|1629391018
|cant|p2a: Registeel|frz
|move|p1a: Ninetales|Freeze-Dry|p2a: Registeel
|-resisted|p2a: Registeel
|-damage|p2a: Registeel|9/100 frz
|
|-heal|p1a: Ninetales|84/100|[from] item: Leftovers
|-heal|p2a: Registeel|15/100 frz|[from] item: Leftovers
|upkeep
|turn|30
|
|t:|1629391021
|cant|p2a: Registeel|frz
|move|p1a: Ninetales|Freeze-Dry|p2a: Registeel
|-resisted|p2a: Registeel
|-damage|p2a: Registeel|0 fnt
|faint|p2a: Registeel
|
|-heal|p1a: Ninetales|90/100|[from] item: Leftovers
|upkeep
|c|☆yovan33321|gg
|
|t:|1629391024
|switch|p2a: Cresselia|Cresselia, F|100/100
|-damage|p2a: Cresselia|88/100|[from] Stealth Rock
|turn|31
|c|☆Schmoden|cool and normal
|
|t:|1629391030
|move|p1a: Ninetales|Freeze-Dry|p2a: Cresselia
|-crit|p2a: Cresselia
|-damage|p2a: Cresselia|0 fnt
|faint|p2a: Cresselia
|
|-heal|p1a: Ninetales|96/100|[from] item: Leftovers
|upkeep
|
|t:|1629391034
|switch|p2a: Milotic|Milotic, F|84/100
|-damage|p2a: Milotic|72/100|[from] Stealth Rock
|turn|32
|
|t:|1629391036
|move|p1a: Ninetales|Freeze-Dry|p2a: Milotic
|-supereffective|p2a: Milotic
|-damage|p2a: Milotic|0 fnt
|faint|p2a: Milotic
|
|-heal|p1a: Ninetales|100/100|[from] item: Leftovers
|upkeep
|c|☆Schmoden|what a pos
|-message|Schmoden forfeited.
|
|win|yovan33321
|l|☆Schmoden
|raw|yovan33321's rating: 1318 &rarr; <strong>1352</strong><br />(+34 for winning)
|raw|Schmoden's rating: 1633 &rarr; <strong>1599</strong><br />(-34 for losing)
|l|☆yovan33321
|j|☆yovan33321
|player|p1|yovan33321|ghetsis-gen5bw
