|j|☆Habak
|j|☆monotypewhat
|player|p1|Habak|swimmerf|1456
|player|p2|monotypewhat|165|1552
|teamsize|p1|6
|teamsize|p2|6
|gametype|singles
|gen|8
|tier|[Gen 8] RU
|rated|
|clearpoke
|poke|p1|Sableye, M|
|poke|p1|Gigalith, M|
|poke|p1|Vileplume, F|
|poke|p1|Vaporeon, M|
|poke|p1|Xatu, F|
|poke|p1|Salazzle, F|
|poke|p2|Steelix, F|
|poke|p2|Accelgor, F|
|poke|p2|Machamp, F|
|poke|p2|Goodra, F|
|poke|p2|Aromatisse, F|
|poke|p2|Dhelmise|
|rule|Sleep Clause Mod: Limit one foe put to sleep
|rule|Species Clause: Limit one of each Pokémon
|rule|OHKO Clause: OHKO moves are banned
|rule|Evasion Moves Clause: Evasion moves are banned
|rule|Endless Battle Clause: Forcing endless battles is banned
|rule|HP Percentage Mod: HP is shown in percentages
|rule|Dynamax Clause: You cannot dynamax
|teampreview
|inactive|Battle timer is ON: inactive players will automatically lose when time's up. (requested by monotypewhat)
|inactive|Habak has 120 seconds left.
|
|start
|switch|p1a: Xatu|Xatu, F|100/100
|switch|p2a: Machamp|Machamp, F|100/100
|turn|1
|
|switch|p2a: Goodra|Goodra, F|100/100
|move|p1a: Xatu|Psychic|p2a: Goodra
|-crit|p2a: Goodra
|-damage|p2a: Goodra|72/100
|
|-heal|p2a: Goodra|78/100|[from] item: Leftovers
|upkeep
|turn|2
|
|switch|p2a: Machamp|Machamp, F|100/100
|move|p1a: Xatu|U-turn|p2a: Machamp
|-resisted|p2a: Machamp
|-damage|p2a: Machamp|94/100
|inactive|Habak has 120 seconds left.
|
|switch|p1a: Vileplume|Vileplume, F|100/100|[from]move: U-turn
|
|-status|p2a: Machamp|brn|[from] item: Flame Orb
|upkeep
|turn|3
|inactive|Habak has 120 seconds left.
|
|move|p2a: Machamp|Knock Off|p1a: Vileplume
|-damage|p1a: Vileplume|55/100
|-enditem|p1a: Vileplume|Black Sludge|[from] move: Knock Off|[of] p2a: Machamp
|move|p1a: Vileplume|Strength Sap|p2a: Machamp
|-unboost|p2a: Machamp|atk|1
|-heal|p1a: Vileplume|100/100
|
|-damage|p2a: Machamp|87/100 brn|[from] brn
|upkeep
|turn|4
|
|switch|p2a: Goodra|Goodra, F|78/100
|move|p1a: Vileplume|Sludge Bomb|p2a: Goodra
|-damage|p2a: Goodra|58/100
|
|-heal|p2a: Goodra|64/100|[from] item: Leftovers
|upkeep
|turn|5
|
|switch|p2a: Machamp|Machamp, F|87/100 brn
|switch|p1a: Gigalith|Gigalith, M|100/100
|-weather|Sandstorm|[from] ability: Sand Stream|[of] p1a: Gigalith
|
|-weather|Sandstorm|[upkeep]
|-damage|p2a: Machamp|81/100 brn|[from] Sandstorm
|-damage|p2a: Machamp|75/100 brn|[from] brn
|upkeep
|turn|6
|
|move|p1a: Gigalith|Protect|p1a: Gigalith
|-singleturn|p1a: Gigalith|Protect
|move|p2a: Machamp|Close Combat|p1a: Gigalith
|-activate|p1a: Gigalith|move: Protect
|
|-weather|Sandstorm|[upkeep]
|-damage|p2a: Machamp|69/100 brn|[from] Sandstorm
|-damage|p2a: Machamp|62/100 brn|[from] brn
|upkeep
|turn|7
|
|switch|p1a: Vileplume|Vileplume, F|100/100
|move|p2a: Machamp|Knock Off|p1a: Vileplume
|-damage|p1a: Vileplume|73/100
|
|-weather|Sandstorm|[upkeep]
|-damage|p2a: Machamp|56/100 brn|[from] Sandstorm
|-damage|p1a: Vileplume|67/100|[from] Sandstorm
|-damage|p2a: Machamp|50/100 brn|[from] brn
|upkeep
|turn|8
|
|move|p2a: Machamp|Facade|p1a: Vileplume
|-damage|p1a: Vileplume|4/100
|move|p1a: Vileplume|Strength Sap|p2a: Machamp
|-unboost|p2a: Machamp|atk|1
|-heal|p1a: Vileplume|100/100
|
|-weather|Sandstorm|[upkeep]
|-damage|p2a: Machamp|44/100 brn|[from] Sandstorm
|-damage|p1a: Vileplume|94/100|[from] Sandstorm
|-damage|p2a: Machamp|38/100 brn|[from] brn
|upkeep
|turn|9
|
|switch|p2a: Goodra|Goodra, F|64/100
|move|p1a: Vileplume|Sludge Bomb|p2a: Goodra
|-damage|p2a: Goodra|44/100
|
|-weather|none
|-heal|p2a: Goodra|50/100|[from] item: Leftovers
|upkeep
|turn|10
|
|switch|p2a: Steelix|Steelix, F|100/100
|switch|p1a: Gigalith|Gigalith, M|100/100
|-weather|Sandstorm|[from] ability: Sand Stream|[of] p1a: Gigalith
|
|-weather|Sandstorm|[upkeep]
|upkeep
|turn|11
|
|switch|p1a: Xatu|Xatu, F|100/100
|move|p2a: Steelix|Earthquake|p1a: Xatu
|-immune|p1a: Xatu
|
|-weather|Sandstorm|[upkeep]
|-damage|p1a: Xatu|95/100|[from] Sandstorm
|upkeep
|turn|12
|
|move|p1a: Xatu|Heat Wave|p2a: Steelix
|-supereffective|p2a: Steelix
|-damage|p2a: Steelix|43/100
|move|p2a: Steelix|Crunch|p1a: Xatu
|-supereffective|p1a: Xatu
|-damage|p1a: Xatu|51/100
|-damage|p2a: Steelix|26/100|[from] item: Rocky Helmet|[of] p1a: Xatu
|
|-weather|Sandstorm|[upkeep]
|-damage|p1a: Xatu|45/100|[from] Sandstorm
|-heal|p2a: Steelix|32/100|[from] item: Leftovers
|upkeep
|turn|13
|
|move|p1a: Xatu|Roost|p1a: Xatu
|-heal|p1a: Xatu|95/100
|-singleturn|p1a: Xatu|move: Roost
|move|p2a: Steelix|Crunch|p1a: Xatu
|-supereffective|p1a: Xatu
|-damage|p1a: Xatu|55/100
|-damage|p2a: Steelix|16/100|[from] item: Rocky Helmet|[of] p1a: Xatu
|
|-weather|Sandstorm|[upkeep]
|-damage|p1a: Xatu|49/100|[from] Sandstorm
|-heal|p2a: Steelix|22/100|[from] item: Leftovers
|upkeep
|turn|14
|
|switch|p2a: Goodra|Goodra, F|50/100
|move|p1a: Xatu|Roost|p1a: Xatu
|-heal|p1a: Xatu|99/100
|-singleturn|p1a: Xatu|move: Roost
|
|-weather|none
|-heal|p2a: Goodra|56/100|[from] item: Leftovers
|upkeep
|turn|15
|
|switch|p2a: Steelix|Steelix, F|22/100
|move|p1a: Xatu|U-turn|p2a: Steelix
|-resisted|p2a: Steelix
|-damage|p2a: Steelix|19/100
|
|switch|p1a: Vaporeon|Vaporeon, M|100/100|[from]move: U-turn
|
|-heal|p2a: Steelix|25/100|[from] item: Leftovers
|upkeep
|turn|16
|
|switch|p2a: Goodra|Goodra, F|56/100
|move|p1a: Vaporeon|Scald|p2a: Goodra
|-resisted|p2a: Goodra
|-damage|p2a: Goodra|47/100
|-status|p2a: Goodra|brn
|
|-heal|p2a: Goodra|53/100 brn|[from] item: Leftovers
|-damage|p2a: Goodra|47/100 brn|[from] brn
|upkeep
|turn|17
|
|switch|p1a: Gigalith|Gigalith, M|100/100
|-weather|Sandstorm|[from] ability: Sand Stream|[of] p1a: Gigalith
|move|p2a: Goodra|Rest|p2a: Goodra
|-status|p2a: Goodra|slp|[from] move: Rest
|-heal|p2a: Goodra|100/100 slp|[silent]
|
|-weather|Sandstorm|[upkeep]
|-damage|p2a: Goodra|94/100 slp|[from] Sandstorm
|-heal|p2a: Goodra|100/100 slp|[from] item: Leftovers
|upkeep
|turn|18
|
|switch|p2a: Dhelmise|Dhelmise|100/100
|move|p1a: Gigalith|Stealth Rock|p2a: Dhelmise
|-sidestart|p2: monotypewhat|move: Stealth Rock
|
|-weather|Sandstorm|[upkeep]
|-damage|p2a: Dhelmise|94/100|[from] Sandstorm
|upkeep
|turn|19
|
|move|p1a: Gigalith|Protect|p1a: Gigalith
|-singleturn|p1a: Gigalith|Protect
|move|p2a: Dhelmise|Power Whip|p1a: Gigalith
|-activate|p1a: Gigalith|move: Protect
|
|-weather|Sandstorm|[upkeep]
|-damage|p2a: Dhelmise|88/100|[from] Sandstorm
|upkeep
|turn|20
|
|switch|p1a: Salazzle|Salazzle, F|100/100
|move|p2a: Dhelmise|Power Whip|p1a: Salazzle
|-resisted|p1a: Salazzle
|-damage|p1a: Salazzle|76/100
|
|-weather|Sandstorm|[upkeep]
|-damage|p1a: Salazzle|70/100|[from] Sandstorm
|-damage|p2a: Dhelmise|82/100|[from] Sandstorm
|upkeep
|turn|21
|
|switch|p1a: Sableye|Sableye, M|100/100
|switch|p2a: Goodra|Goodra, F|100/100 slp
|-damage|p2a: Goodra|88/100 slp|[from] Stealth Rock
|
|-weather|none
|-heal|p2a: Goodra|94/100 slp|[from] item: Leftovers
|upkeep
|turn|22
|
|cant|p2a: Goodra|slp
|move|p2a: Goodra|Sleep Talk|p2a: Goodra
|move|p2a: Goodra|Dragon Pulse|p1a: Sableye|[from]Sleep Talk
|-damage|p1a: Sableye|54/100
|move|p1a: Sableye|Knock Off|p2a: Goodra
|-damage|p2a: Goodra|61/100 slp
|-enditem|p2a: Goodra|Leftovers|[from] move: Knock Off|[of] p1a: Sableye
|
|-heal|p1a: Sableye|60/100|[from] item: Leftovers
|upkeep
|turn|23
|
|move|p1a: Sableye|Encore||[still]
|-fail|p1a: Sableye
|cant|p2a: Goodra|slp
|move|p2a: Goodra|Sleep Talk|p2a: Goodra
|move|p2a: Goodra|Rest|p2a: Goodra|[from]Sleep Talk
|-fail|p2a: Goodra
|
|-heal|p1a: Sableye|66/100|[from] item: Leftovers
|upkeep
|turn|24
|
|-curestatus|p2a: Goodra|slp|[msg]
|move|p2a: Goodra|Dragon Pulse|p1a: Sableye
|-damage|p1a: Sableye|18/100
|move|p1a: Sableye|Knock Off|p2a: Goodra
|-damage|p2a: Goodra|41/100
|
|-heal|p1a: Sableye|24/100|[from] item: Leftovers
|upkeep
|turn|25
|
|move|p1a: Sableye|Recover|p1a: Sableye
|-heal|p1a: Sableye|74/100
|move|p2a: Goodra|Fire Blast|p1a: Sableye
|-damage|p1a: Sableye|34/100
|
|-heal|p1a: Sableye|40/100|[from] item: Leftovers
|upkeep
|turn|26
|
|move|p1a: Sableye|Recover|p1a: Sableye
|-heal|p1a: Sableye|90/100
|move|p2a: Goodra|Dragon Pulse|p1a: Sableye
|-damage|p1a: Sableye|42/100
|
|-heal|p1a: Sableye|49/100|[from] item: Leftovers
|upkeep
|turn|27
|
|move|p1a: Sableye|Recover|p1a: Sableye
|-heal|p1a: Sableye|99/100
|move|p2a: Goodra|Dragon Pulse|p1a: Sableye
|-damage|p1a: Sableye|50/100
|
|-heal|p1a: Sableye|56/100|[from] item: Leftovers
|upkeep
|turn|28
|
|switch|p1a: Gigalith|Gigalith, M|100/100
|-weather|Sandstorm|[from] ability: Sand Stream|[of] p1a: Gigalith
|move|p2a: Goodra|Fire Blast|p1a: Gigalith
|-resisted|p1a: Gigalith
|-damage|p1a: Gigalith|88/100
|-status|p1a: Gigalith|brn
|
|-weather|Sandstorm|[upkeep]
|-damage|p2a: Goodra|35/100|[from] Sandstorm
|-heal|p1a: Gigalith|94/100 brn|[from] item: Leftovers
|-damage|p1a: Gigalith|88/100 brn|[from] brn
|upkeep
|turn|29
|
|move|p2a: Goodra|Dragon Pulse|p1a: Gigalith
|-damage|p1a: Gigalith|55/100 brn
|move|p1a: Gigalith|Rock Blast|p2a: Goodra
|-damage|p2a: Goodra|28/100
|-damage|p2a: Goodra|21/100
|-hitcount|p2a: Goodra|2
|
|-weather|Sandstorm|[upkeep]
|-damage|p2a: Goodra|15/100|[from] Sandstorm
|-heal|p1a: Gigalith|61/100 brn|[from] item: Leftovers
|-damage|p1a: Gigalith|55/100 brn|[from] brn
|upkeep
|turn|30
|
|switch|p1a: Vaporeon|Vaporeon, M|100/100
|move|p2a: Goodra|Rest|p2a: Goodra
|-status|p2a: Goodra|slp|[from] move: Rest
|-heal|p2a: Goodra|100/100 slp|[silent]
|
|-weather|Sandstorm|[upkeep]
|-damage|p2a: Goodra|94/100 slp|[from] Sandstorm
|-damage|p1a: Vaporeon|94/100|[from] Sandstorm
|-heal|p1a: Vaporeon|100/100|[from] item: Leftovers
|upkeep
|turn|31
|
|switch|p2a: Dhelmise|Dhelmise|82/100
|-damage|p2a: Dhelmise|70/100|[from] Stealth Rock
|move|p1a: Vaporeon|Wish|p1a: Vaporeon
|
|-weather|Sandstorm|[upkeep]
|-damage|p2a: Dhelmise|64/100|[from] Sandstorm
|-damage|p1a: Vaporeon|94/100|[from] Sandstorm
|-heal|p1a: Vaporeon|100/100|[from] item: Leftovers
|upkeep
|turn|32
|
|switch|p1a: Salazzle|Salazzle, F|70/100
|move|p2a: Dhelmise|Shadow Claw|p1a: Salazzle
|-damage|p1a: Salazzle|12/100
|
|-weather|none
|-heal|p1a: Salazzle|80/100|[from] move: Wish|[wisher] Vaporeon
|upkeep
|turn|33
|
|switch|p2a: Goodra|Goodra, F|94/100 slp
|-damage|p2a: Goodra|82/100 slp|[from] Stealth Rock
|move|p1a: Salazzle|Flamethrower|p2a: Goodra
|-resisted|p2a: Goodra
|-damage|p2a: Goodra|71/100 slp
|
|upkeep
|turn|34
|
|switch|p1a: Vaporeon|Vaporeon, M|100/100
|cant|p2a: Goodra|slp
|move|p2a: Goodra|Sleep Talk|p2a: Goodra
|move|p2a: Goodra|Dragon Pulse|p1a: Vaporeon|[from]Sleep Talk
|-damage|p1a: Vaporeon|77/100
|
|-heal|p1a: Vaporeon|83/100|[from] item: Leftovers
|upkeep
|turn|35
|
|switch|p2a: Aromatisse|Aromatisse, F|100/100
|-damage|p2a: Aromatisse|88/100|[from] Stealth Rock
|move|p1a: Vaporeon|Wish|p1a: Vaporeon
|
|-heal|p1a: Vaporeon|89/100|[from] item: Leftovers
|-heal|p2a: Aromatisse|94/100|[from] item: Leftovers
|upkeep
|turn|36
|
|switch|p1a: Gigalith|Gigalith, M|55/100 brn
|-weather|Sandstorm|[from] ability: Sand Stream|[of] p1a: Gigalith
|move|p2a: Aromatisse|Wish|p2a: Aromatisse
|
|-weather|Sandstorm|[upkeep]
|-damage|p2a: Aromatisse|88/100|[from] Sandstorm
|-heal|p1a: Gigalith|100/100 brn|[from] move: Wish|[wisher] Vaporeon
|-heal|p2a: Aromatisse|94/100|[from] item: Leftovers
|-damage|p1a: Gigalith|94/100 brn|[from] brn
|upkeep
|turn|37
|
|switch|p2a: Machamp|Machamp, F|38/100 brn
|-damage|p2a: Machamp|31/100 brn|[from] Stealth Rock
|move|p1a: Gigalith|Earthquake|p2a: Machamp
|-damage|p2a: Machamp|12/100 brn
|
|-weather|Sandstorm|[upkeep]
|-damage|p2a: Machamp|6/100 brn|[from] Sandstorm
|-heal|p2a: Machamp|69/100 brn|[from] move: Wish|[wisher] Aromatisse
|-heal|p1a: Gigalith|100/100 brn|[from] item: Leftovers
|-damage|p2a: Machamp|63/100 brn|[from] brn
|-damage|p1a: Gigalith|94/100 brn|[from] brn
|upkeep
|turn|38
|
|move|p1a: Gigalith|Protect|p1a: Gigalith
|-singleturn|p1a: Gigalith|Protect
|move|p2a: Machamp|Close Combat|p1a: Gigalith
|-activate|p1a: Gigalith|move: Protect
|
|-weather|Sandstorm|[upkeep]
|-damage|p2a: Machamp|57/100 brn|[from] Sandstorm
|-heal|p1a: Gigalith|100/100 brn|[from] item: Leftovers
|-damage|p2a: Machamp|50/100 brn|[from] brn
|-damage|p1a: Gigalith|94/100 brn|[from] brn
|upkeep
|turn|39
|
|switch|p1a: Vileplume|Vileplume, F|94/100
|move|p2a: Machamp|Knock Off|p1a: Vileplume
|-damage|p1a: Vileplume|67/100
|
|-weather|Sandstorm|[upkeep]
|-damage|p2a: Machamp|44/100 brn|[from] Sandstorm
|-damage|p1a: Vileplume|61/100|[from] Sandstorm
|-damage|p2a: Machamp|38/100 brn|[from] brn
|upkeep
|turn|40
|
|switch|p2a: Goodra|Goodra, F|71/100 slp
|-damage|p2a: Goodra|59/100 slp|[from] Stealth Rock
|move|p1a: Vileplume|Strength Sap|p2a: Goodra
|-ability|p2a: Goodra|Sap Sipper|boost
|-boost|p2a: Goodra|atk|1
|
|-weather|none
|upkeep
|turn|41
|inactive|Habak has 120 seconds left.
|
|switch|p1a: Vaporeon|Vaporeon, M|89/100
|cant|p2a: Goodra|slp
|move|p2a: Goodra|Sleep Talk|p2a: Goodra
|move|p2a: Goodra|Rest|p2a: Goodra|[from]Sleep Talk
|-fail|p2a: Goodra
|
|-heal|p1a: Vaporeon|95/100|[from] item: Leftovers
|upkeep
|turn|42
|
|switch|p2a: Aromatisse|Aromatisse, F|94/100
|-damage|p2a: Aromatisse|82/100|[from] Stealth Rock
|move|p1a: Vaporeon|Wish|p1a: Vaporeon
|
|-heal|p1a: Vaporeon|100/100|[from] item: Leftovers
|-heal|p2a: Aromatisse|88/100|[from] item: Leftovers
|upkeep
|turn|43
|
|move|p1a: Vaporeon|Scald|p2a: Aromatisse
|-damage|p2a: Aromatisse|58/100
|move|p2a: Aromatisse|Wish|p2a: Aromatisse
|
|-heal|p2a: Aromatisse|65/100|[from] item: Leftovers
|upkeep
|turn|44
|
|switch|p2a: Dhelmise|Dhelmise|64/100
|-damage|p2a: Dhelmise|52/100|[from] Stealth Rock
|move|p1a: Vaporeon|Scald|p2a: Dhelmise
|-resisted|p2a: Dhelmise
|-damage|p2a: Dhelmise|34/100
|
|-heal|p2a: Dhelmise|100/100|[from] move: Wish|[wisher] Aromatisse
|upkeep
|turn|45
|
|move|p1a: Vaporeon|Protect|p1a: Vaporeon
|-singleturn|p1a: Vaporeon|Protect
|move|p2a: Dhelmise|Anchor Shot|p1a: Vaporeon
|-activate|p1a: Vaporeon|move: Protect
|
|upkeep
|turn|46
|
|move|p2a: Dhelmise|Shadow Claw|p1a: Vaporeon
|-crit|p1a: Vaporeon
|-damage|p1a: Vaporeon|31/100
|move|p1a: Vaporeon|Scald|p2a: Dhelmise
|-resisted|p2a: Dhelmise
|-damage|p2a: Dhelmise|82/100
|
|-heal|p1a: Vaporeon|37/100|[from] item: Leftovers
|upkeep
|turn|47
|
|move|p1a: Vaporeon|Protect|p1a: Vaporeon
|-singleturn|p1a: Vaporeon|Protect
|move|p2a: Dhelmise|Anchor Shot|p1a: Vaporeon
|-activate|p1a: Vaporeon|move: Protect
|
|-heal|p1a: Vaporeon|43/100|[from] item: Leftovers
|upkeep
|turn|48
|
|switch|p1a: Xatu|Xatu, F|99/100
|move|p2a: Dhelmise|Rapid Spin|p1a: Xatu
|-damage|p1a: Xatu|81/100
|-damage|p2a: Dhelmise|65/100|[from] item: Rocky Helmet|[of] p1a: Xatu
|-sideend|p2: monotypewhat|Stealth Rock|[from] move: Rapid Spin|[of] p2a: Dhelmise
|-boost|p2a: Dhelmise|spe|1
|
|upkeep
|turn|49
|
|switch|p2a: Goodra|Goodra, F|59/100 slp
|move|p1a: Xatu|Psychic|p2a: Goodra
|-damage|p2a: Goodra|40/100 slp
|
|upkeep
|turn|50
|
|move|p1a: Xatu|U-turn|p2a: Goodra
|-damage|p2a: Goodra|26/100 slp
|
|switch|p1a: Vaporeon|Vaporeon, M|43/100|[from]move: U-turn
|-curestatus|p2a: Goodra|slp|[msg]
|move|p2a: Goodra|Dragon Pulse|p1a: Vaporeon
|-damage|p1a: Vaporeon|19/100
|
|-heal|p1a: Vaporeon|25/100|[from] item: Leftovers
|upkeep
|turn|51
|
|switch|p2a: Dhelmise|Dhelmise|65/100
|move|p1a: Vaporeon|Protect||[still]
|-fail|p1a: Vaporeon
|
|-heal|p1a: Vaporeon|31/100|[from] item: Leftovers
|upkeep
|turn|52
|
|move|p1a: Vaporeon|Protect|p1a: Vaporeon
|-singleturn|p1a: Vaporeon|Protect
|move|p2a: Dhelmise|Shadow Claw|p1a: Vaporeon
|-activate|p1a: Vaporeon|move: Protect
|
|-heal|p1a: Vaporeon|37/100|[from] item: Leftovers
|upkeep
|turn|53
|
|switch|p1a: Xatu|Xatu, F|81/100
|move|p2a: Dhelmise|Shadow Claw|p1a: Xatu
|-supereffective|p1a: Xatu
|-damage|p1a: Xatu|3/100
|-damage|p2a: Dhelmise|49/100|[from] item: Rocky Helmet|[of] p1a: Xatu
|
|upkeep
|turn|54
|
|move|p1a: Xatu|Roost|p1a: Xatu
|-heal|p1a: Xatu|53/100
|-singleturn|p1a: Xatu|move: Roost
|move|p2a: Dhelmise|Shadow Claw|p1a: Xatu
|-supereffective|p1a: Xatu
|-damage|p1a: Xatu|0 fnt
|-damage|p2a: Dhelmise|32/100|[from] item: Rocky Helmet|[of] p1a: Xatu
|faint|p1a: Xatu
|
|upkeep
|
|switch|p1a: Vileplume|Vileplume, F|61/100
|turn|55
|
|move|p2a: Dhelmise|Anchor Shot|p1a: Vileplume
|-damage|p1a: Vileplume|26/100
|-activate|p1a: Vileplume|trapped
|move|p1a: Vileplume|Sludge Bomb|p2a: Dhelmise
|-damage|p2a: Dhelmise|0 fnt
|faint|p2a: Dhelmise
|
|upkeep
|
|switch|p2a: Accelgor|Accelgor, F|100/100
|turn|56
|
|move|p2a: Accelgor|Bug Buzz|p1a: Vileplume
|-damage|p1a: Vileplume|0 fnt
|faint|p1a: Vileplume
|
|upkeep
|
|switch|p1a: Salazzle|Salazzle, F|80/100
|turn|57
|
|switch|p2a: Goodra|Goodra, F|26/100
|move|p1a: Salazzle|Flamethrower|p2a: Goodra
|-resisted|p2a: Goodra
|-damage|p2a: Goodra|16/100
|
|upkeep
|turn|58
|
|switch|p1a: Vaporeon|Vaporeon, M|37/100
|move|p2a: Goodra|Rest|p2a: Goodra
|-status|p2a: Goodra|slp|[from] move: Rest
|-heal|p2a: Goodra|100/100 slp|[silent]
|
|-heal|p1a: Vaporeon|43/100|[from] item: Leftovers
|upkeep
|turn|59
|
|switch|p2a: Aromatisse|Aromatisse, F|65/100
|move|p1a: Vaporeon|Wish|p1a: Vaporeon
|
|-heal|p1a: Vaporeon|49/100|[from] item: Leftovers
|-heal|p2a: Aromatisse|71/100|[from] item: Leftovers
|upkeep
|turn|60
|
|move|p1a: Vaporeon|Scald|p2a: Aromatisse
|-damage|p2a: Aromatisse|44/100
|-status|p2a: Aromatisse|brn
|move|p2a: Aromatisse|Wish|p2a: Aromatisse
|
|-heal|p1a: Vaporeon|99/100|[from] move: Wish|[wisher] Vaporeon
|-heal|p1a: Vaporeon|100/100|[from] item: Leftovers
|-heal|p2a: Aromatisse|50/100 brn|[from] item: Leftovers
|-damage|p2a: Aromatisse|44/100 brn|[from] brn
|upkeep
|turn|61
|
|move|p2a: Aromatisse|Protect|p2a: Aromatisse
|-singleturn|p2a: Aromatisse|Protect
|move|p1a: Vaporeon|Scald|p2a: Aromatisse
|-activate|p2a: Aromatisse|move: Protect
|
|-heal|p2a: Aromatisse|94/100 brn|[from] move: Wish|[wisher] Aromatisse
|-heal|p2a: Aromatisse|99/100 brn|[from] item: Leftovers
|-damage|p2a: Aromatisse|94/100 brn|[from] brn
|upkeep
|turn|62
|
|move|p1a: Vaporeon|Wish|p1a: Vaporeon
|move|p2a: Aromatisse|Wish|p2a: Aromatisse
|
|-heal|p2a: Aromatisse|99/100 brn|[from] item: Leftovers
|-damage|p2a: Aromatisse|94/100 brn|[from] brn
|upkeep
|turn|63
|
|move|p1a: Vaporeon|Scald|p2a: Aromatisse
|-damage|p2a: Aromatisse|66/100 brn
|move|p2a: Aromatisse|Calm Mind|p2a: Aromatisse
|-boost|p2a: Aromatisse|spa|1
|-boost|p2a: Aromatisse|spd|1
|
|-heal|p2a: Aromatisse|100/100 brn|[from] move: Wish|[wisher] Aromatisse
|-damage|p2a: Aromatisse|94/100 brn|[from] brn
|upkeep
|turn|64
|
|move|p1a: Vaporeon|Haze|p1a: Vaporeon
|-clearallboost
|move|p2a: Aromatisse|Wish|p2a: Aromatisse
|
|-heal|p2a: Aromatisse|100/100 brn|[from] item: Leftovers
|-damage|p2a: Aromatisse|94/100 brn|[from] brn
|upkeep
|turn|65
|
|switch|p2a: Machamp|Machamp, F|38/100 brn
|move|p1a: Vaporeon|Scald|p2a: Machamp
|-damage|p2a: Machamp|3/100 brn
|
|-heal|p2a: Machamp|66/100 brn|[from] move: Wish|[wisher] Aromatisse
|-damage|p2a: Machamp|60/100 brn|[from] brn
|upkeep
|turn|66
|
|move|p1a: Vaporeon|Protect|p1a: Vaporeon
|-singleturn|p1a: Vaporeon|Protect
|move|p2a: Machamp|Close Combat|p1a: Vaporeon
|-activate|p1a: Vaporeon|move: Protect
|
|-damage|p2a: Machamp|54/100 brn|[from] brn
|upkeep
|turn|67
|
|move|p2a: Machamp|Knock Off|p1a: Vaporeon
|-damage|p1a: Vaporeon|35/100
|-enditem|p1a: Vaporeon|Leftovers|[from] move: Knock Off|[of] p2a: Machamp
|move|p1a: Vaporeon|Scald|p2a: Machamp
|-damage|p2a: Machamp|18/100 brn
|
|-damage|p2a: Machamp|12/100 brn|[from] brn
|upkeep
|turn|68
|
|switch|p2a: Accelgor|Accelgor, F|100/100
|move|p1a: Vaporeon|Protect||[still]
|-fail|p1a: Vaporeon
|
|upkeep
|turn|69
|
|switch|p1a: Salazzle|Salazzle, F|80/100
|move|p2a: Accelgor|Bug Buzz|p1a: Salazzle
|-resisted|p1a: Salazzle
|-damage|p1a: Salazzle|59/100
|
|upkeep
|turn|70
|
|switch|p2a: Goodra|Goodra, F|100/100 slp
|switch|p1a: Vaporeon|Vaporeon, M|35/100
|
|upkeep
|turn|71
|
|cant|p2a: Goodra|slp
|move|p2a: Goodra|Sleep Talk|p2a: Goodra
|move|p2a: Goodra|Fire Blast|p1a: Vaporeon|[from]Sleep Talk
|-resisted|p1a: Vaporeon
|-damage|p1a: Vaporeon|26/100
|move|p1a: Vaporeon|Wish|p1a: Vaporeon
|
|upkeep
|turn|72
|
|move|p1a: Vaporeon|Protect|p1a: Vaporeon
|-singleturn|p1a: Vaporeon|Protect
|cant|p2a: Goodra|slp
|move|p2a: Goodra|Sleep Talk|p2a: Goodra
|move|p2a: Goodra|Dragon Pulse|p1a: Vaporeon|[from]Sleep Talk
|-activate|p1a: Vaporeon|move: Protect
|
|-heal|p1a: Vaporeon|76/100|[from] move: Wish|[wisher] Vaporeon
|upkeep
|turn|73
|
|switch|p1a: Gigalith|Gigalith, M|94/100 brn
|-weather|Sandstorm|[from] ability: Sand Stream|[of] p1a: Gigalith
|-curestatus|p2a: Goodra|slp|[msg]
|move|p2a: Goodra|Dragon Pulse|p1a: Gigalith
|-damage|p1a: Gigalith|63/100 brn
|
|-weather|Sandstorm|[upkeep]
|-damage|p2a: Goodra|94/100|[from] Sandstorm
|-heal|p1a: Gigalith|69/100 brn|[from] item: Leftovers
|-damage|p1a: Gigalith|63/100 brn|[from] brn
|upkeep
|turn|74
|
|switch|p2a: Steelix|Steelix, F|25/100
|move|p1a: Gigalith|Stealth Rock|p2a: Steelix
|-sidestart|p2: monotypewhat|move: Stealth Rock
|
|-weather|Sandstorm|[upkeep]
|-heal|p2a: Steelix|32/100|[from] item: Leftovers
|-heal|p1a: Gigalith|69/100 brn|[from] item: Leftovers
|-damage|p1a: Gigalith|63/100 brn|[from] brn
|upkeep
|turn|75
|
|switch|p1a: Sableye|Sableye, M|56/100
|move|p2a: Steelix|Stealth Rock|p1a: Sableye
|-sidestart|p1: Habak|move: Stealth Rock
|
|-weather|Sandstorm|[upkeep]
|-damage|p1a: Sableye|50/100|[from] Sandstorm
|-heal|p1a: Sableye|56/100|[from] item: Leftovers
|-heal|p2a: Steelix|38/100|[from] item: Leftovers
|upkeep
|turn|76
|
|switch|p2a: Aromatisse|Aromatisse, F|94/100 brn
|-damage|p2a: Aromatisse|82/100 brn|[from] Stealth Rock
|move|p1a: Sableye|Recover|p1a: Sableye
|-heal|p1a: Sableye|100/100
|
|-weather|Sandstorm|[upkeep]
|-damage|p1a: Sableye|94/100|[from] Sandstorm
|-damage|p2a: Aromatisse|76/100 brn|[from] Sandstorm
|-heal|p1a: Sableye|100/100|[from] item: Leftovers
|-heal|p2a: Aromatisse|82/100 brn|[from] item: Leftovers
|-damage|p2a: Aromatisse|76/100 brn|[from] brn
|upkeep
|turn|77
|
|move|p1a: Sableye|Knock Off|p2a: Aromatisse
|-resisted|p2a: Aromatisse
|-damage|p2a: Aromatisse|66/100 brn
|-enditem|p2a: Aromatisse|Leftovers|[from] move: Knock Off|[of] p1a: Sableye
|move|p2a: Aromatisse|Calm Mind|p2a: Aromatisse
|-boost|p2a: Aromatisse|spa|1
|-boost|p2a: Aromatisse|spd|1
|
|-weather|none
|-damage|p2a: Aromatisse|59/100 brn|[from] brn
|upkeep
|turn|78
|
|switch|p1a: Vaporeon|Vaporeon, M|76/100
|-damage|p1a: Vaporeon|63/100|[from] Stealth Rock
|move|p2a: Aromatisse|Wish|p2a: Aromatisse
|
|-damage|p2a: Aromatisse|53/100 brn|[from] brn
|upkeep
|turn|79
|
|move|p1a: Vaporeon|Scald|p2a: Aromatisse
|-damage|p2a: Aromatisse|34/100 brn
|move|p2a: Aromatisse|Moonblast|p1a: Vaporeon
|-damage|p1a: Vaporeon|39/100
|
|-heal|p2a: Aromatisse|84/100 brn|[from] move: Wish|[wisher] Aromatisse
|-damage|p2a: Aromatisse|78/100 brn|[from] brn
|upkeep
|turn|80
|
|move|p1a: Vaporeon|Haze|p1a: Vaporeon
|-clearallboost
|move|p2a: Aromatisse|Calm Mind|p2a: Aromatisse
|-boost|p2a: Aromatisse|spa|1
|-boost|p2a: Aromatisse|spd|1
|
|-damage|p2a: Aromatisse|71/100 brn|[from] brn
|upkeep
|turn|81
|
|move|p1a: Vaporeon|Wish|p1a: Vaporeon
|move|p2a: Aromatisse|Wish|p2a: Aromatisse
|
|-damage|p2a: Aromatisse|65/100 brn|[from] brn
|upkeep
|turn|82
|
|move|p1a: Vaporeon|Scald|p2a: Aromatisse
|-damage|p2a: Aromatisse|48/100 brn
|move|p2a: Aromatisse|Moonblast|p1a: Vaporeon
|-damage|p1a: Vaporeon|11/100
|
|-heal|p2a: Aromatisse|98/100 brn|[from] move: Wish|[wisher] Aromatisse
|-heal|p1a: Vaporeon|61/100|[from] move: Wish|[wisher] Vaporeon
|-damage|p2a: Aromatisse|92/100 brn|[from] brn
|upkeep
|turn|83
|
|move|p1a: Vaporeon|Wish|p1a: Vaporeon
|move|p2a: Aromatisse|Moonblast|p1a: Vaporeon
|-damage|p1a: Vaporeon|36/100
|-unboost|p1a: Vaporeon|spa|1
|
|-damage|p2a: Aromatisse|86/100 brn|[from] brn
|upkeep
|turn|84
|
|move|p1a: Vaporeon|Haze|p1a: Vaporeon
|-clearallboost
|move|p2a: Aromatisse|Moonblast|p1a: Vaporeon
|-damage|p1a: Vaporeon|20/100
|
|-heal|p1a: Vaporeon|70/100|[from] move: Wish|[wisher] Vaporeon
|-damage|p2a: Aromatisse|80/100 brn|[from] brn
|upkeep
|turn|85
|
|move|p1a: Vaporeon|Wish|p1a: Vaporeon
|move|p2a: Aromatisse|Wish|p2a: Aromatisse
|
|-damage|p2a: Aromatisse|73/100 brn|[from] brn
|upkeep
|turn|86
|
|switch|p2a: Accelgor|Accelgor, F|100/100
|-damage|p2a: Accelgor|76/100|[from] Stealth Rock
|move|p1a: Vaporeon|Scald|p2a: Accelgor
|-damage|p2a: Accelgor|24/100
|
|-heal|p2a: Accelgor|92/100|[from] move: Wish|[wisher] Aromatisse
|-heal|p1a: Vaporeon|100/100|[from] move: Wish|[wisher] Vaporeon
|upkeep
|turn|87
|
|move|p1a: Vaporeon|Protect|p1a: Vaporeon
|-singleturn|p1a: Vaporeon|Protect
|move|p2a: Accelgor|Energy Ball|p1a: Vaporeon
|-activate|p1a: Vaporeon|move: Protect
|
|upkeep
|turn|88
|
|switch|p1a: Salazzle|Salazzle, F|59/100
|move|p2a: Accelgor|Energy Ball|p1a: Salazzle
|-resisted|p1a: Salazzle
|-damage|p1a: Salazzle|44/100
|
|upkeep
|turn|89
|
|switch|p2a: Goodra|Goodra, F|94/100
|-damage|p2a: Goodra|82/100|[from] Stealth Rock
|move|p1a: Salazzle|Flamethrower|p2a: Goodra
|-resisted|p2a: Goodra
|-damage|p2a: Goodra|70/100
|
|upkeep
|turn|90
|
|switch|p1a: Vaporeon|Vaporeon, M|100/100
|-damage|p1a: Vaporeon|88/100|[from] Stealth Rock
|move|p2a: Goodra|Dragon Pulse|p1a: Vaporeon
|-damage|p1a: Vaporeon|66/100
|
|upkeep
|turn|91
|
|move|p1a: Vaporeon|Protect|p1a: Vaporeon
|-singleturn|p1a: Vaporeon|Protect
|move|p2a: Goodra|Fire Blast|p1a: Vaporeon
|-activate|p1a: Vaporeon|move: Protect
|
|upkeep
|turn|92
|
|move|p2a: Goodra|Fire Blast|p1a: Vaporeon
|-resisted|p1a: Vaporeon
|-damage|p1a: Vaporeon|55/100
|move|p1a: Vaporeon|Wish|p1a: Vaporeon
|
|upkeep
|turn|93
|
|move|p2a: Goodra|Fire Blast|p1a: Vaporeon|[miss]
|-miss|p2a: Goodra|p1a: Vaporeon
|move|p1a: Vaporeon|Haze|p1a: Vaporeon
|-clearallboost
|
|-heal|p1a: Vaporeon|100/100|[from] move: Wish|[wisher] Vaporeon
|upkeep
|turn|94
|
|move|p2a: Goodra|Fire Blast|p1a: Vaporeon|[miss]
|-miss|p2a: Goodra|p1a: Vaporeon
|move|p1a: Vaporeon|Haze|p1a: Vaporeon
|-clearallboost
|
|upkeep
|turn|95
|
|move|p2a: Goodra|Fire Blast|p1a: Vaporeon
|-resisted|p1a: Vaporeon
|-damage|p1a: Vaporeon|91/100
|move|p1a: Vaporeon|Haze|p1a: Vaporeon
|-clearallboost
|
|upkeep
|turn|96
|
|move|p1a: Vaporeon|Protect|p1a: Vaporeon
|-singleturn|p1a: Vaporeon|Protect
|move|p2a: Goodra|Rest|p2a: Goodra
|-status|p2a: Goodra|slp|[from] move: Rest
|-heal|p2a: Goodra|100/100 slp|[silent]
|
|upkeep
|turn|97
|
|cant|p2a: Goodra|slp
|move|p1a: Vaporeon|Wish|p1a: Vaporeon
|
|upkeep
|turn|98
|
|switch|p1a: Gigalith|Gigalith, M|63/100 brn
|-damage|p1a: Gigalith|50/100 brn|[from] Stealth Rock
|-weather|Sandstorm|[from] ability: Sand Stream|[of] p1a: Gigalith
|cant|p2a: Goodra|slp
|move|p2a: Goodra|Sleep Talk|p2a: Goodra
|move|p2a: Goodra|Fire Blast|p1a: Gigalith|[from]Sleep Talk
|-resisted|p1a: Gigalith
|-damage|p1a: Gigalith|36/100 brn
|
|-weather|Sandstorm|[upkeep]
|-damage|p2a: Goodra|94/100 slp|[from] Sandstorm
|-heal|p1a: Gigalith|98/100 brn|[from] move: Wish|[wisher] Vaporeon
|-heal|p1a: Gigalith|100/100 brn|[from] item: Leftovers
|-damage|p1a: Gigalith|94/100 brn|[from] brn
|upkeep
|turn|99
|
|move|p1a: Gigalith|Protect|p1a: Gigalith
|-singleturn|p1a: Gigalith|Protect
|-curestatus|p2a: Goodra|slp|[msg]
|move|p2a: Goodra|Dragon Pulse|p1a: Gigalith
|-activate|p1a: Gigalith|move: Protect
|
|-weather|Sandstorm|[upkeep]
|-damage|p2a: Goodra|88/100|[from] Sandstorm
|-heal|p1a: Gigalith|100/100 brn|[from] item: Leftovers
|-damage|p1a: Gigalith|94/100 brn|[from] brn
|upkeep
|turn|100
|
|switch|p1a: Vaporeon|Vaporeon, M|91/100
|-damage|p1a: Vaporeon|78/100|[from] Stealth Rock
|move|p2a: Goodra|Rest|p2a: Goodra
|-status|p2a: Goodra|slp|[from] move: Rest
|-heal|p2a: Goodra|100/100 slp|[silent]
|
|-weather|Sandstorm|[upkeep]
|-damage|p2a: Goodra|94/100 slp|[from] Sandstorm
|-damage|p1a: Vaporeon|72/100|[from] Sandstorm
|upkeep
|turn|101
|
|cant|p2a: Goodra|slp
|move|p1a: Vaporeon|Haze|p1a: Vaporeon
|-clearallboost
|
|-weather|Sandstorm|[upkeep]
|-damage|p2a: Goodra|88/100 slp|[from] Sandstorm
|-damage|p1a: Vaporeon|66/100|[from] Sandstorm
|upkeep
|turn|102
|
|cant|p2a: Goodra|slp
|move|p1a: Vaporeon|Wish|p1a: Vaporeon
|
|-weather|none
|upkeep
|turn|103
|
|switch|p1a: Salazzle|Salazzle, F|44/100
|-curestatus|p2a: Goodra|slp|[msg]
|move|p2a: Goodra|Rest|p2a: Goodra
|-status|p2a: Goodra|slp|[from] move: Rest
|-heal|p2a: Goodra|100/100 slp|[silent]
|
|-heal|p1a: Salazzle|100/100|[from] move: Wish|[wisher] Vaporeon
|upkeep
|turn|104
|
|move|p1a: Salazzle|Substitute|p1a: Salazzle
|-start|p1a: Salazzle|Substitute
|-damage|p1a: Salazzle|76/100
|cant|p2a: Goodra|slp
|
|upkeep
|turn|105
|
|move|p1a: Salazzle|Flamethrower|p2a: Goodra
|-resisted|p2a: Goodra
|-damage|p2a: Goodra|90/100 slp
|cant|p2a: Goodra|slp
|
|upkeep
|turn|106
|
|move|p1a: Salazzle|Flamethrower|p2a: Goodra
|-resisted|p2a: Goodra
|-damage|p2a: Goodra|80/100 slp
|-curestatus|p2a: Goodra|slp|[msg]
|move|p2a: Goodra|Dragon Pulse|p1a: Salazzle
|-end|p1a: Salazzle|Substitute
|
|upkeep
|turn|107
|
|move|p1a: Salazzle|Protect|p1a: Salazzle
|-singleturn|p1a: Salazzle|Protect
|move|p2a: Goodra|Fire Blast|p1a: Salazzle
|-activate|p1a: Salazzle|move: Protect
|
|upkeep
|turn|108
|
|switch|p1a: Sableye|Sableye, M|100/100
|-damage|p1a: Sableye|88/100|[from] Stealth Rock
|move|p2a: Goodra|Dragon Pulse|p1a: Sableye
|-damage|p1a: Sableye|43/100
|
|-heal|p1a: Sableye|49/100|[from] item: Leftovers
|upkeep
|turn|109
|
|switch|p2a: Aromatisse|Aromatisse, F|73/100 brn
|-damage|p2a: Aromatisse|61/100 brn|[from] Stealth Rock
|move|p1a: Sableye|Recover|p1a: Sableye
|-heal|p1a: Sableye|99/100
|
|-heal|p1a: Sableye|100/100|[from] item: Leftovers
|-damage|p2a: Aromatisse|55/100 brn|[from] brn
|upkeep
|turn|110
|
|switch|p1a: Salazzle|Salazzle, F|76/100
|move|p2a: Aromatisse|Wish|p2a: Aromatisse
|
|-damage|p2a: Aromatisse|49/100 brn|[from] brn
|upkeep
|turn|111
|
|move|p2a: Aromatisse|Protect|p2a: Aromatisse
|-singleturn|p2a: Aromatisse|Protect
|move|p1a: Salazzle|Flamethrower|p2a: Aromatisse
|-activate|p2a: Aromatisse|move: Protect
|
|-heal|p2a: Aromatisse|99/100 brn|[from] move: Wish|[wisher] Aromatisse
|-damage|p2a: Aromatisse|93/100 brn|[from] brn
|upkeep
|turn|112
|
|switch|p1a: Sableye|Sableye, M|100/100
|-damage|p1a: Sableye|88/100|[from] Stealth Rock
|switch|p2a: Goodra|Goodra, F|80/100
|-damage|p2a: Goodra|68/100|[from] Stealth Rock
|
|-heal|p1a: Sableye|94/100|[from] item: Leftovers
|upkeep
|turn|113
|inactive|Habak has 120 seconds left.
|
|switch|p2a: Aromatisse|Aromatisse, F|93/100 brn
|-damage|p2a: Aromatisse|80/100 brn|[from] Stealth Rock
|move|p1a: Sableye|Knock Off|p2a: Aromatisse
|-resisted|p2a: Aromatisse
|-damage|p2a: Aromatisse|74/100 brn
|
|-heal|p1a: Sableye|100/100|[from] item: Leftovers
|-damage|p2a: Aromatisse|68/100 brn|[from] brn
|upkeep
|turn|114
|inactive|Habak has 120 seconds left.
|
|move|p1a: Sableye|Knock Off|p2a: Aromatisse
|-resisted|p2a: Aromatisse
|-damage|p2a: Aromatisse|61/100 brn
|move|p2a: Aromatisse|Moonblast|p1a: Sableye
|-supereffective|p1a: Sableye
|-damage|p1a: Sableye|25/100
|-unboost|p1a: Sableye|spa|1
|
|-heal|p1a: Sableye|32/100|[from] item: Leftovers
|-damage|p2a: Aromatisse|55/100 brn|[from] brn
|upkeep
|turn|115
|inactive|Habak has 120 seconds left.
|
|switch|p1a: Salazzle|Salazzle, F|76/100
|move|p2a: Aromatisse|Wish|p2a: Aromatisse
|
|-damage|p2a: Aromatisse|49/100 brn|[from] brn
|upkeep
|turn|116
|
|move|p2a: Aromatisse|Protect|p2a: Aromatisse
|-singleturn|p2a: Aromatisse|Protect
|move|p1a: Salazzle|Flamethrower|p2a: Aromatisse
|-activate|p2a: Aromatisse|move: Protect
|
|-heal|p2a: Aromatisse|99/100 brn|[from] move: Wish|[wisher] Aromatisse
|-damage|p2a: Aromatisse|93/100 brn|[from] brn
|upkeep
|turn|117
|
|switch|p1a: Vaporeon|Vaporeon, M|66/100
|-damage|p1a: Vaporeon|54/100|[from] Stealth Rock
|switch|p2a: Goodra|Goodra, F|68/100
|-damage|p2a: Goodra|55/100|[from] Stealth Rock
|
|upkeep
|turn|118
|
|move|p2a: Goodra|Dragon Pulse|p1a: Vaporeon
|-damage|p1a: Vaporeon|31/100
|move|p1a: Vaporeon|Wish|p1a: Vaporeon
|
|upkeep
|turn|119
|inactive|Habak has 120 seconds left.
|
|move|p1a: Vaporeon|Protect|p1a: Vaporeon
|-singleturn|p1a: Vaporeon|Protect
|move|p2a: Goodra|Dragon Pulse|p1a: Vaporeon
|-activate|p1a: Vaporeon|move: Protect
|
|-heal|p1a: Vaporeon|81/100|[from] move: Wish|[wisher] Vaporeon
|upkeep
|turn|120
|inactive|Habak has 120 seconds left.
|
|switch|p1a: Gigalith|Gigalith, M|94/100 brn
|-damage|p1a: Gigalith|82/100 brn|[from] Stealth Rock
|-weather|Sandstorm|[from] ability: Sand Stream|[of] p1a: Gigalith
|move|p2a: Goodra|Rest|p2a: Goodra
|-status|p2a: Goodra|slp|[from] move: Rest
|-heal|p2a: Goodra|100/100 slp|[silent]
|
|-weather|Sandstorm|[upkeep]
|-damage|p2a: Goodra|94/100 slp|[from] Sandstorm
|-heal|p1a: Gigalith|88/100 brn|[from] item: Leftovers
|-damage|p1a: Gigalith|82/100 brn|[from] brn
|upkeep
|turn|121
|inactive|Habak has 120 seconds left.
|
|switch|p1a: Sableye|Sableye, M|32/100
|-damage|p1a: Sableye|19/100|[from] Stealth Rock
|cant|p2a: Goodra|slp
|move|p2a: Goodra|Sleep Talk|p2a: Goodra
|move|p2a: Goodra|Dragon Pulse|p1a: Sableye|[from]Sleep Talk
|-damage|p1a: Sableye|0 fnt
|faint|p1a: Sableye
|
|-weather|Sandstorm|[upkeep]
|-damage|p2a: Goodra|88/100 slp|[from] Sandstorm
|upkeep
|inactive|Habak has 120 seconds left.
|c|☆Habak|lucker
|
|switch|p1a: Gigalith|Gigalith, M|82/100 brn
|-damage|p1a: Gigalith|70/100 brn|[from] Stealth Rock
|turn|122
|
|cant|p2a: Goodra|slp
|move|p2a: Goodra|Sleep Talk|p2a: Goodra
|move|p2a: Goodra|Rest|p2a: Goodra|[from]Sleep Talk
|-fail|p2a: Goodra
|move|p1a: Gigalith|Rock Blast|p2a: Goodra
|-damage|p2a: Goodra|81/100 slp
|-damage|p2a: Goodra|75/100 slp
|-hitcount|p2a: Goodra|2
|
|-weather|Sandstorm|[upkeep]
|-damage|p2a: Goodra|69/100 slp|[from] Sandstorm
|-heal|p1a: Gigalith|76/100 brn|[from] item: Leftovers
|-damage|p1a: Gigalith|70/100 brn|[from] brn
|upkeep
|turn|123
|
|switch|p1a: Vaporeon|Vaporeon, M|81/100
|-damage|p1a: Vaporeon|69/100|[from] Stealth Rock
|-curestatus|p2a: Goodra|slp|[msg]
|move|p2a: Goodra|Dragon Pulse|p1a: Vaporeon
|-damage|p1a: Vaporeon|47/100
|
|-weather|Sandstorm|[upkeep]
|-damage|p2a: Goodra|63/100|[from] Sandstorm
|-damage|p1a: Vaporeon|41/100|[from] Sandstorm
|upkeep
|turn|124
|
|move|p2a: Goodra|Dragon Pulse|p1a: Vaporeon
|-damage|p1a: Vaporeon|16/100
|move|p1a: Vaporeon|Wish|p1a: Vaporeon
|
|-weather|none
|upkeep
|turn|125
|
|move|p1a: Vaporeon|Protect|p1a: Vaporeon
|-singleturn|p1a: Vaporeon|Protect
|move|p2a: Goodra|Rest|p2a: Goodra
|-status|p2a: Goodra|slp|[from] move: Rest
|-heal|p2a: Goodra|100/100 slp|[silent]
|
|-heal|p1a: Vaporeon|66/100|[from] move: Wish|[wisher] Vaporeon
|upkeep
|turn|126
|inactive|Habak has 120 seconds left.
|
|cant|p2a: Goodra|slp
|move|p2a: Goodra|Sleep Talk|p2a: Goodra
|move|p2a: Goodra|Rest|p2a: Goodra|[from]Sleep Talk
|-fail|p2a: Goodra|heal
|move|p1a: Vaporeon|Haze|p1a: Vaporeon
|-clearallboost
|
|upkeep
|turn|127
|
|cant|p2a: Goodra|slp
|move|p2a: Goodra|Sleep Talk|p2a: Goodra
|move|p2a: Goodra|Fire Blast|p1a: Vaporeon|[from]Sleep Talk
|-resisted|p1a: Vaporeon
|-damage|p1a: Vaporeon|56/100
|move|p1a: Vaporeon|Haze|p1a: Vaporeon
|-clearallboost
|
|upkeep
|turn|128
|inactive|Habak has 120 seconds left.
|
|switch|p2a: Accelgor|Accelgor, F|92/100
|-damage|p2a: Accelgor|67/100|[from] Stealth Rock
|move|p1a: Vaporeon|Haze|p1a: Vaporeon
|-clearallboost
|
|upkeep
|turn|129
|
|move|p1a: Vaporeon|Protect|p1a: Vaporeon
|-singleturn|p1a: Vaporeon|Protect
|move|p2a: Accelgor|Energy Ball|p1a: Vaporeon
|-activate|p1a: Vaporeon|move: Protect
|
|upkeep
|turn|130
|
|switch|p1a: Salazzle|Salazzle, F|76/100
|move|p2a: Accelgor|Energy Ball|p1a: Salazzle
|-resisted|p1a: Salazzle
|-damage|p1a: Salazzle|62/100
|
|upkeep
|turn|131
|
|switch|p2a: Goodra|Goodra, F|100/100 slp
|-damage|p2a: Goodra|88/100 slp|[from] Stealth Rock
|switch|p1a: Vaporeon|Vaporeon, M|56/100
|-damage|p1a: Vaporeon|43/100|[from] Stealth Rock
|
|upkeep
|turn|132
|
|-curestatus|p2a: Goodra|slp|[msg]
|move|p2a: Goodra|Rest|p2a: Goodra
|-status|p2a: Goodra|slp|[from] move: Rest
|-heal|p2a: Goodra|100/100 slp|[silent]
|move|p1a: Vaporeon|Wish|p1a: Vaporeon
|
|upkeep
|turn|133
|
|cant|p2a: Goodra|slp
|move|p2a: Goodra|Sleep Talk|p2a: Goodra
|move|p2a: Goodra|Fire Blast|p1a: Vaporeon|[from]Sleep Talk
|-resisted|p1a: Vaporeon
|-damage|p1a: Vaporeon|34/100
|move|p1a: Vaporeon|Haze|p1a: Vaporeon
|-clearallboost
|
|-heal|p1a: Vaporeon|83/100|[from] move: Wish|[wisher] Vaporeon
|upkeep
|turn|134
|
|switch|p2a: Aromatisse|Aromatisse, F|93/100 brn
|-damage|p2a: Aromatisse|80/100 brn|[from] Stealth Rock
|move|p1a: Vaporeon|Scald|p2a: Aromatisse
|-damage|p2a: Aromatisse|50/100 brn
|
|-damage|p2a: Aromatisse|44/100 brn|[from] brn
|upkeep
|turn|135
|
|move|p1a: Vaporeon|Scald|p2a: Aromatisse
|-damage|p2a: Aromatisse|16/100 brn
|move|p2a: Aromatisse|Wish|p2a: Aromatisse
|
|-damage|p2a: Aromatisse|9/100 brn|[from] brn
|upkeep
|turn|136
|
|move|p2a: Aromatisse|Protect|p2a: Aromatisse
|-singleturn|p2a: Aromatisse|Protect
|move|p1a: Vaporeon|Scald|p2a: Aromatisse
|-activate|p2a: Aromatisse|move: Protect
|
|-heal|p2a: Aromatisse|59/100 brn|[from] move: Wish|[wisher] Aromatisse
|-damage|p2a: Aromatisse|53/100 brn|[from] brn
|upkeep
|turn|137
|
|move|p1a: Vaporeon|Scald|p2a: Aromatisse
|-damage|p2a: Aromatisse|24/100 brn
|move|p2a: Aromatisse|Wish|p2a: Aromatisse
|
|-damage|p2a: Aromatisse|17/100 brn|[from] brn
|upkeep
|turn|138
|
|move|p2a: Aromatisse|Protect|p2a: Aromatisse
|-singleturn|p2a: Aromatisse|Protect
|move|p1a: Vaporeon|Haze|p1a: Vaporeon
|-clearallboost
|
|-heal|p2a: Aromatisse|67/100 brn|[from] move: Wish|[wisher] Aromatisse
|-damage|p2a: Aromatisse|61/100 brn|[from] brn
|upkeep
|turn|139
|
|move|p1a: Vaporeon|Scald|p2a: Aromatisse
|-damage|p2a: Aromatisse|33/100 brn
|move|p2a: Aromatisse|Wish|p2a: Aromatisse
|
|-damage|p2a: Aromatisse|27/100 brn|[from] brn
|upkeep
|turn|140
|
|move|p2a: Aromatisse|Protect|p2a: Aromatisse
|-singleturn|p2a: Aromatisse|Protect
|move|p1a: Vaporeon|Haze|p1a: Vaporeon
|-clearallboost
|
|-heal|p2a: Aromatisse|77/100 brn|[from] move: Wish|[wisher] Aromatisse
|-damage|p2a: Aromatisse|71/100 brn|[from] brn
|upkeep
|turn|141
|
|switch|p2a: Steelix|Steelix, F|38/100
|-damage|p2a: Steelix|35/100|[from] Stealth Rock
|move|p1a: Vaporeon|Haze|p1a: Vaporeon
|-clearallboost
|
|-heal|p2a: Steelix|41/100|[from] item: Leftovers
|upkeep
|turn|142
|
|move|p1a: Vaporeon|Scald|p2a: Steelix
|-supereffective|p2a: Steelix
|-damage|p2a: Steelix|0 fnt
|faint|p2a: Steelix
|
|upkeep
|
|switch|p2a: Accelgor|Accelgor, F|67/100
|-damage|p2a: Accelgor|42/100|[from] Stealth Rock
|turn|143
|
|move|p1a: Vaporeon|Protect|p1a: Vaporeon
|-singleturn|p1a: Vaporeon|Protect
|move|p2a: Accelgor|Energy Ball|p1a: Vaporeon
|-activate|p1a: Vaporeon|move: Protect
|
|upkeep
|turn|144
|
|switch|p1a: Salazzle|Salazzle, F|62/100
|move|p2a: Accelgor|Energy Ball|p1a: Salazzle
|-resisted|p1a: Salazzle
|-damage|p1a: Salazzle|48/100
|-unboost|p1a: Salazzle|spd|1
|
|upkeep
|turn|145
|
|switch|p2a: Goodra|Goodra, F|100/100 slp
|-damage|p2a: Goodra|88/100 slp|[from] Stealth Rock
|move|p1a: Salazzle|Flamethrower|p2a: Goodra
|-resisted|p2a: Goodra
|-damage|p2a: Goodra|78/100 slp
|
|upkeep
|turn|146
|
|switch|p1a: Vaporeon|Vaporeon, M|83/100
|-damage|p1a: Vaporeon|71/100|[from] Stealth Rock
|cant|p2a: Goodra|slp
|move|p2a: Goodra|Sleep Talk|p2a: Goodra
|move|p2a: Goodra|Fire Blast|p1a: Vaporeon|[from]Sleep Talk
|-resisted|p1a: Vaporeon
|-damage|p1a: Vaporeon|61/100
|
|upkeep
|turn|147
|
|switch|p2a: Accelgor|Accelgor, F|42/100
|-damage|p2a: Accelgor|17/100|[from] Stealth Rock
|move|p1a: Vaporeon|Haze|p1a: Vaporeon
|-clearallboost
|
|upkeep
|turn|148
|
|move|p1a: Vaporeon|Protect|p1a: Vaporeon
|-singleturn|p1a: Vaporeon|Protect
|move|p2a: Accelgor|Energy Ball|p1a: Vaporeon
|-activate|p1a: Vaporeon|move: Protect
|
|upkeep
|turn|149
|
|switch|p1a: Salazzle|Salazzle, F|48/100
|move|p2a: Accelgor|Energy Ball|p1a: Salazzle
|-resisted|p1a: Salazzle
|-damage|p1a: Salazzle|32/100
|
|upkeep
|turn|150
|
|switch|p2a: Goodra|Goodra, F|78/100 slp
|-damage|p2a: Goodra|66/100 slp|[from] Stealth Rock
|move|p1a: Salazzle|Flamethrower|p2a: Goodra
|-resisted|p2a: Goodra
|-damage|p2a: Goodra|55/100 slp
|
|upkeep
|turn|151
|
|switch|p1a: Vaporeon|Vaporeon, M|61/100
|-damage|p1a: Vaporeon|48/100|[from] Stealth Rock
|-curestatus|p2a: Goodra|slp|[msg]
|move|p2a: Goodra|Dragon Pulse|p1a: Vaporeon
|-damage|p1a: Vaporeon|26/100
|
|upkeep
|turn|152
|
|move|p2a: Goodra|Dragon Pulse|p1a: Vaporeon
|-damage|p1a: Vaporeon|4/100
|move|p1a: Vaporeon|Wish|p1a: Vaporeon
|
|upkeep
|turn|153
|
|move|p2a: Goodra|Rest|p2a: Goodra
|-status|p2a: Goodra|slp|[from] move: Rest
|-heal|p2a: Goodra|100/100 slp|[silent]
|move|p1a: Vaporeon|Haze|p1a: Vaporeon
|-clearallboost
|
|-heal|p1a: Vaporeon|54/100|[from] move: Wish|[wisher] Vaporeon
|upkeep
|turn|154
|
|switch|p2a: Accelgor|Accelgor, F|17/100
|-damage|p2a: Accelgor|0 fnt|[from] Stealth Rock
|faint|p2a: Accelgor
|move|p1a: Vaporeon|Haze|p1a: Vaporeon
|-clearallboost
|
|upkeep
|
|switch|p2a: Aromatisse|Aromatisse, F|71/100 brn
|-damage|p2a: Aromatisse|58/100 brn|[from] Stealth Rock
|turn|155
|
|move|p1a: Vaporeon|Scald|p2a: Aromatisse
|-damage|p2a: Aromatisse|31/100 brn
|move|p2a: Aromatisse|Moonblast|p1a: Vaporeon
|-damage|p1a: Vaporeon|37/100
|
|-damage|p2a: Aromatisse|25/100 brn|[from] brn
|upkeep
|turn|156
|
|move|p1a: Vaporeon|Scald|p2a: Aromatisse
|-damage|p2a: Aromatisse|0 fnt
|faint|p2a: Aromatisse
|
|upkeep
|j| 4G3NC KIck
|
|switch|p2a: Goodra|Goodra, F|100/100 slp
|-damage|p2a: Goodra|88/100 slp|[from] Stealth Rock
|turn|157
|
|cant|p2a: Goodra|slp
|move|p2a: Goodra|Sleep Talk|p2a: Goodra
|move|p2a: Goodra|Dragon Pulse|p1a: Vaporeon|[from]Sleep Talk
|-damage|p1a: Vaporeon|12/100
|move|p1a: Vaporeon|Haze|p1a: Vaporeon
|-clearallboost
|
|upkeep
|turn|158
|
|move|p1a: Vaporeon|Protect|p1a: Vaporeon
|-singleturn|p1a: Vaporeon|Protect
|cant|p2a: Goodra|slp
|move|p2a: Goodra|Sleep Talk|p2a: Goodra
|move|p2a: Goodra|Rest|p2a: Goodra|[from]Sleep Talk
|-fail|p2a: Goodra
|
|upkeep
|turn|159
|
|-curestatus|p2a: Goodra|slp|[msg]
|move|p2a: Goodra|Rest|p2a: Goodra
|-status|p2a: Goodra|slp|[from] move: Rest
|-heal|p2a: Goodra|100/100 slp|[silent]
|move|p1a: Vaporeon|Scald|p2a: Goodra
|-resisted|p2a: Goodra
|-damage|p2a: Goodra|90/100 slp
|
|upkeep
|turn|160
|
|cant|p2a: Goodra|slp
|move|p2a: Goodra|Sleep Talk|p2a: Goodra
|move|p2a: Goodra|Dragon Pulse|p1a: Vaporeon|[from]Sleep Talk
|-damage|p1a: Vaporeon|0 fnt
|faint|p1a: Vaporeon
|
|upkeep
|inactive|Habak has 120 seconds left.
|
|switch|p1a: Salazzle|Salazzle, F|32/100
|turn|161
|n| kickassin666|4g3nckick
|
|move|p1a: Salazzle|Substitute|p1a: Salazzle
|-start|p1a: Salazzle|Substitute
|-damage|p1a: Salazzle|7/100
|cant|p2a: Goodra|slp
|
|upkeep
|turn|162
|
|move|p1a: Salazzle|Flamethrower|p2a: Goodra
|-resisted|p2a: Goodra
|-damage|p2a: Goodra|79/100 slp
|-curestatus|p2a: Goodra|slp|[msg]
|move|p2a: Goodra|Rest|p2a: Goodra
|-status|p2a: Goodra|slp|[from] move: Rest
|-heal|p2a: Goodra|100/100 slp|[silent]
|
|upkeep
|turn|163
|-message|monotypewhat forfeited.
|
|win|Habak
|l|☆monotypewhat
|raw|Habak's rating: 1456 &rarr; <strong>1481</strong><br />(+25 for winning)
|raw|monotypewhat's rating: 1552 &rarr; <strong>1527</strong><br />(-25 for losing)
