|j|☆Eddy
|j|☆Everybo-D
|t:|1605390342
|player|p1|Eddy|palmer|1403
|player|p2|Everybo-D|266|1495
|teamsize|p1|6
|teamsize|p2|6
|gametype|singles
|gen|8
|tier|[Gen 8] RU
|rated|
|clearpoke
|poke|p1|Thwackey, M|
|poke|p1|Sceptile, M|
|poke|p1|Swoobat, M|
|poke|p1|Slowking, M|
|poke|p1|Xurkitree|
|poke|p1|Porygon2|
|poke|p2|Crustle, M|
|poke|p2|Jellicent, M|
|poke|p2|Whimsicott, M|
|poke|p2|Braviary, M|
|poke|p2|Stunfisk-Galar, F|
|poke|p2|Hitmonlee, M|
|rule|Sleep Clause Mod: Limit one foe put to sleep
|rule|Species Clause: Limit one of each Pokémon
|rule|OHKO Clause: OHKO moves are banned
|rule|Evasion Moves Clause: Evasion moves are banned
|rule|Endless Battle Clause: Forcing endless battles is banned
|rule|HP Percentage Mod: HP is shown in percentages
|rule|Dynamax Clause: You cannot dynamax
|teampreview
|inactive|Battle timer is ON: inactive players will automatically lose when time's up. (requested by Everybo-D)
|
|t:|1605390352
|start
|switch|p1a: Thwackey|Thwackey, M|100/100
|switch|p2a: Crustle|Crustle, M|100/100
|-fieldstart|move: Grassy Terrain|[from] ability: Grassy Surge|[of] p1a: Thwackey
|turn|1
|
|t:|1605390361
|move|p1a: Thwackey|U-turn|p2a: Crustle
|-damage|p2a: Crustle|82/100
|inactive|Eddy has 120 seconds left.
|
|t:|1605390395
|switch|p1a: WC Ente|Porygon2|100/100|[from]move: U-turn
|-ability|p1a: WC Ente|Download|boost
|-boost|p1a: WC Ente|spa|1
|move|p2a: Crustle|Stealth Rock|p1a: WC Ente
|-sidestart|p1: Eddy|move: Stealth Rock
|
|-heal|p2a: Crustle|88/100|[from] Grassy Terrain
|upkeep
|turn|2
|inactive|Eddy has 120 seconds left.
|
|t:|1605390410
|move|p2a: Crustle|Spikes|p1a: WC Ente
|-sidestart|p1: Eddy|Spikes
|move|p1a: WC Ente|Teleport|p1a: WC Ente
|
|t:|1605390417
|switch|p1a: Xurkitree|Xurkitree|100/100|[from]move: Teleport
|-damage|p1a: Xurkitree|88/100|[from] Spikes
|-damage|p1a: Xurkitree|76/100|[from] Stealth Rock
|
|-heal|p1a: Xurkitree|82/100|[from] Grassy Terrain
|-heal|p2a: Crustle|94/100|[from] Grassy Terrain
|upkeep
|turn|3
|inactive|Eddy has 120 seconds left.
|
|t:|1605390435
|switch|p2a: Stunfisk|Stunfisk-Galar, F|100/100
|-start|p2a: Stunfisk|typechange|Grass|[from] ability: Mimicry
|move|p1a: Xurkitree|Thunderbolt|p2a: Stunfisk
|-resisted|p2a: Stunfisk
|-damage|p2a: Stunfisk|77/100
|-damage|p1a: Xurkitree|72/100|[from] item: Life Orb
|
|-heal|p1a: Xurkitree|78/100|[from] Grassy Terrain
|-heal|p2a: Stunfisk|84/100|[from] item: Leftovers
|-heal|p2a: Stunfisk|90/100|[from] Grassy Terrain
|upkeep
|turn|4
|inactive|Eddy has 120 seconds left.
|
|t:|1605390452
|switch|p2a: Crustle|Crustle, M|94/100
|move|p1a: Xurkitree|Calm Mind|p1a: Xurkitree
|-boost|p1a: Xurkitree|spa|1
|-boost|p1a: Xurkitree|spd|1
|
|-heal|p1a: Xurkitree|85/100|[from] Grassy Terrain
|-heal|p2a: Crustle|99/100|[from] Grassy Terrain
|upkeep
|turn|5
|inactive|Eddy has 120 seconds left.
|
|t:|1605390462
|switch|p2a: Stunfisk|Stunfisk-Galar, F|90/100
|-start|p2a: Stunfisk|typechange|Grass|[from] ability: Mimicry
|move|p1a: Xurkitree|Thunderbolt|p2a: Stunfisk
|-resisted|p2a: Stunfisk
|-damage|p2a: Stunfisk|52/100
|-damage|p1a: Xurkitree|75/100|[from] item: Life Orb
|
|-heal|p1a: Xurkitree|81/100|[from] Grassy Terrain
|-heal|p2a: Stunfisk|58/100|[from] item: Leftovers
|-heal|p2a: Stunfisk|64/100|[from] Grassy Terrain
|upkeep
|turn|6
|inactive|Eddy has 120 seconds left.
|
|t:|1605390478
|move|p1a: Xurkitree|Dazzling Gleam|p2a: Stunfisk
|-damage|p2a: Stunfisk|20/100
|-damage|p1a: Xurkitree|71/100|[from] item: Life Orb
|move|p2a: Stunfisk|Earthquake|p1a: Xurkitree
|-supereffective|p1a: Xurkitree
|-crit|p1a: Xurkitree
|-damage|p1a: Xurkitree|29/100
|
|-heal|p1a: Xurkitree|36/100|[from] Grassy Terrain
|-heal|p2a: Stunfisk|26/100|[from] item: Leftovers
|-heal|p2a: Stunfisk|32/100|[from] Grassy Terrain
|upkeep
|turn|7
|inactive|Eddy has 120 seconds left.
|inactive|Everybo-D has 120 seconds left.
|
|t:|1605390494
|move|p2a: Stunfisk|Sucker Punch|p1a: Xurkitree
|-damage|p1a: Xurkitree|15/100
|move|p1a: Xurkitree|Thunderbolt|p2a: Stunfisk
|-resisted|p2a: Stunfisk
|-damage|p2a: Stunfisk|0 fnt
|-damage|p1a: Xurkitree|5/100|[from] item: Life Orb
|faint|p2a: Stunfisk
|-ability|p1a: Xurkitree|Beast Boost|boost
|-boost|p1a: Xurkitree|spa|1
|
|-heal|p1a: Xurkitree|11/100|[from] Grassy Terrain
|upkeep
|inactive|Everybo-D has 120 seconds left.
|
|t:|1605390519
|switch|p2a: Braviary|Braviary, M|100/100
|turn|8
|
|t:|1605390525
|move|p2a: Braviary|U-turn|p1a: Xurkitree
|-damage|p1a: Xurkitree|0 fnt
|faint|p1a: Xurkitree
|
|t:|1605390528
|switch|p2a: Crustle|Crustle, M|99/100|[from]move: U-turn
|
|-heal|p2a: Crustle|100/100|[from] Grassy Terrain
|-fieldend|move: Grassy Terrain
|upkeep
|inactive|Eddy has 120 seconds left.
|
|t:|1605390569
|switch|p1a: Thwackey|Thwackey, M|100/100
|-damage|p1a: Thwackey|88/100|[from] Stealth Rock
|-damage|p1a: Thwackey|76/100|[from] Spikes
|-fieldstart|move: Grassy Terrain|[from] ability: Grassy Surge|[of] p1a: Thwackey
|turn|9
|
|t:|1605390579
|move|p1a: Thwackey|Wood Hammer|p2a: Crustle
|-damage|p2a: Crustle|29/100
|-damage|p1a: Thwackey|52/100|[from] Recoil
|move|p2a: Crustle|Rock Blast|p1a: Thwackey
|-damage|p1a: Thwackey|30/100
|-damage|p1a: Thwackey|9/100
|-hitcount|p1a: Thwackey|2
|
|-heal|p1a: Thwackey|15/100|[from] Grassy Terrain
|-heal|p2a: Crustle|35/100|[from] Grassy Terrain
|upkeep
|turn|10
|
|t:|1605390594
|move|p1a: Thwackey|Grassy Glide|p2a: Crustle
|-damage|p2a: Crustle|0 fnt
|faint|p2a: Crustle
|
|-heal|p1a: Thwackey|21/100|[from] Grassy Terrain
|upkeep
|inactive|Everybo-D has 120 seconds left.
|
|t:|1605390623
|switch|p2a: Braviary|Braviary, M|100/100
|turn|11
|
|t:|1605390629
|move|p1a: Thwackey|Grassy Glide|p2a: Braviary
|-resisted|p2a: Braviary
|-damage|p2a: Braviary|74/100
|move|p2a: Braviary|U-turn|p1a: Thwackey
|-supereffective|p1a: Thwackey
|-damage|p1a: Thwackey|0 fnt
|faint|p1a: Thwackey
|
|t:|1605390637
|switch|p2a: Jellicent|Jellicent, M|100/100|[from]move: U-turn
|
|upkeep
|inactive|Eddy has 120 seconds left.
|
|t:|1605390663
|switch|p1a: Sceptile|Sceptile, M|100/100
|-damage|p1a: Sceptile|88/100|[from] Stealth Rock
|-damage|p1a: Sceptile|76/100|[from] Spikes
|-enditem|p1a: Sceptile|Grassy Seed
|-boost|p1a: Sceptile|def|1|[from] item: Grassy Seed
|turn|12
|
|t:|1605390672
|switch|p2a: Whimsicott|Whimsicott, M|100/100
|move|p1a: Sceptile|Swords Dance|p1a: Sceptile
|-boost|p1a: Sceptile|atk|2
|
|-heal|p1a: Sceptile|82/100|[from] Grassy Terrain
|upkeep
|turn|13
|
|t:|1605390687
|move|p2a: Whimsicott|Encore|p1a: Sceptile
|-start|p1a: Sceptile|Encore
|move|p1a: Sceptile|Swords Dance|p1a: Sceptile
|-boost|p1a: Sceptile|atk|2
|
|-heal|p1a: Sceptile|88/100|[from] Grassy Terrain
|upkeep
|turn|14
|
|t:|1605390696
|move|p1a: Sceptile|Swords Dance|p1a: Sceptile
|-boost|p1a: Sceptile|atk|2
|move|p2a: Whimsicott|Moonblast|p1a: Sceptile
|-damage|p1a: Sceptile|23/100
|-damage|p2a: Whimsicott|91/100|[from] item: Life Orb
|
|-heal|p1a: Sceptile|29/100|[from] Grassy Terrain
|-heal|p2a: Whimsicott|97/100|[from] Grassy Terrain
|upkeep
|turn|15
|inactive|Eddy has 90 seconds left.
|
|t:|1605390728
|move|p1a: Sceptile|Swords Dance|p1a: Sceptile
|-boost|p1a: Sceptile|atk|0
|move|p2a: Whimsicott|Moonblast|p1a: Sceptile
|-damage|p1a: Sceptile|0 fnt
|-damage|p2a: Whimsicott|87/100|[from] item: Life Orb
|faint|p1a: Sceptile
|
|-heal|p2a: Whimsicott|93/100|[from] Grassy Terrain
|upkeep
|inactive|Eddy has 90 seconds left.
|
|t:|1605390742
|switch|p1a: Swoobat|Swoobat, M|100/100
|-damage|p1a: Swoobat|76/100|[from] Stealth Rock
|-enditem|p1a: Swoobat|Grassy Seed
|-boost|p1a: Swoobat|def|2|[from] item: Grassy Seed
|turn|16
|inactive|Eddy has 90 seconds left.
|
|t:|1605390752
|move|p2a: Whimsicott|Moonblast|p1a: Swoobat
|-damage|p1a: Swoobat|0 fnt
|-damage|p2a: Whimsicott|83/100|[from] item: Life Orb
|faint|p1a: Swoobat
|
|-heal|p2a: Whimsicott|89/100|[from] Grassy Terrain
|-fieldend|move: Grassy Terrain
|upkeep
|
|t:|1605390762
|switch|p1a: WC Ente|Porygon2|100/100
|-damage|p1a: WC Ente|88/100|[from] Spikes
|-damage|p1a: WC Ente|76/100|[from] Stealth Rock
|-ability|p1a: WC Ente|Download|boost
|-boost|p1a: WC Ente|spa|1
|turn|17
|inactive|Eddy has 90 seconds left.
|
|t:|1605390793
|move|p2a: Whimsicott|Moonblast|p1a: WC Ente
|-damage|p1a: WC Ente|56/100
|-damage|p2a: Whimsicott|79/100|[from] item: Life Orb
|move|p1a: WC Ente|Ice Beam|p2a: Whimsicott
|-supereffective|p2a: Whimsicott
|-damage|p2a: Whimsicott|0 fnt
|faint|p2a: Whimsicott
|
|upkeep
|
|t:|1605390806
|switch|p2a: Hitmonlee|Hitmonlee, M|100/100
|turn|18
|
|t:|1605390811
|move|p2a: Hitmonlee|Knock Off|p1a: WC Ente
|-damage|p1a: WC Ente|35/100
|-enditem|p1a: WC Ente|Eviolite|[from] move: Knock Off|[of] p2a: Hitmonlee
|move|p1a: WC Ente|Recover|p1a: WC Ente
|-heal|p1a: WC Ente|85/100
|
|upkeep
|turn|19
|
|t:|1605390827
|switch|p1a: Slowking|Slowking, M|100/100
|move|p2a: Hitmonlee|Mach Punch|p1a: Slowking
|-resisted|p1a: Slowking
|-crit|p1a: Slowking
|-damage|p1a: Slowking|88/100
|
|upkeep
|turn|20
|inactive|Eddy has 90 seconds left.
|
|t:|1605390834
|move|p2a: Hitmonlee|Knock Off|p1a: Slowking
|-supereffective|p1a: Slowking
|-damage|p1a: Slowking|34/100
|-enditem|p1a: Slowking|Heavy-Duty Boots|[from] move: Knock Off|[of] p2a: Hitmonlee
|move|p1a: Slowking|Future Sight|p2a: Hitmonlee
|-start|p1a: Slowking|move: Future Sight
|
|upkeep
|turn|21
|
|t:|1605390850
|move|p2a: Hitmonlee|Knock Off|p1a: Slowking
|-supereffective|p1a: Slowking
|-damage|p1a: Slowking|0 fnt
|faint|p1a: Slowking
|
|upkeep
|
|t:|1605390855
|switch|p1a: WC Ente|Porygon2|85/100
|-damage|p1a: WC Ente|72/100|[from] Stealth Rock
|-damage|p1a: WC Ente|60/100|[from] Spikes
|-ability|p1a: WC Ente|Download|boost
|-boost|p1a: WC Ente|atk|1
|turn|22
|
|t:|1605390867
|move|p2a: Hitmonlee|Endure|p2a: Hitmonlee
|-singleturn|p2a: Hitmonlee|move: Endure
|move|p1a: WC Ente|Recover|p1a: WC Ente
|-heal|p1a: WC Ente|100/100
|
|-end|p2a: Hitmonlee|move: Future Sight
|-supereffective|p2a: Hitmonlee
|-damage|p2a: Hitmonlee|0 fnt
|faint|p2a: Hitmonlee
|upkeep
|
|t:|1605390880
|switch|p2a: Braviary|Braviary, M|74/100
|turn|23
|
|t:|1605390883
|move|p2a: Braviary|Close Combat|p1a: WC Ente
|-supereffective|p1a: WC Ente
|-damage|p1a: WC Ente|14/100
|-unboost|p2a: Braviary|def|1
|-unboost|p2a: Braviary|spd|1
|move|p1a: WC Ente|Ice Beam|p2a: Braviary
|-supereffective|p2a: Braviary
|-damage|p2a: Braviary|0 fnt
|faint|p2a: Braviary
|
|upkeep
|
|t:|1605390888
|switch|p2a: Jellicent|Jellicent, M|100/100
|turn|24
|
|t:|1605390895
|move|p2a: Jellicent|Scald|p1a: WC Ente
|-damage|p1a: WC Ente|0 fnt
|faint|p1a: WC Ente
|
|win|Everybo-D
|c|☆Everybo-D|Gg
||Ladder (probably) updated, but score could not be retrieved (Request timeout).
|c|☆Everybo-D|Good to know endure doesnt work on future sight
