|j|☆rult3ro gray
|j|☆Zeoro
|t:|1598163171
|player|p1|rult3ro gray|youngster-gen1rb|1606
|player|p2|Zeoro|cyclist-gen4|1282
|teamsize|p1|6
|teamsize|p2|6
|gametype|singles
|gen|8
|tier|[Gen 8] RU
|rated|
|clearpoke
|poke|p1|Gardevoir, M|
|poke|p1|Bewear, F|
|poke|p1|Golisopod, F|
|poke|p1|Gigalith, M|
|poke|p1|Rotom-Mow|
|poke|p1|Salazzle, F|
|poke|p2|Indeedee-F, F|
|poke|p2|Passimian, F|
|poke|p2|Drapion, F|
|poke|p2|Steelix, F|
|poke|p2|Mantine, M|
|poke|p2|Silvally-*|
|rule|Sleep Clause Mod: Limit one foe put to sleep
|rule|Species Clause: Limit one of each Pokémon
|rule|OHKO Clause: OHKO moves are banned
|rule|Evasion Moves Clause: Evasion moves are banned
|rule|Endless Battle Clause: Forcing endless battles is banned
|rule|HP Percentage Mod: HP is shown in percentages
|rule|Dynamax Clause: You cannot dynamax
|teampreview
|j| K302
|l| K302
|
|t:|1598163206
|start
|switch|p1a: Rotom|Rotom-Mow|100/100
|switch|p2a: Steelix|Steelix, F|100/100
|turn|1
|
|t:|1598163219
|switch|p2a: Drapion|Drapion, F|100/100
|move|p1a: Rotom|Trick|p2a: Drapion
|-activate|p1a: Rotom|move: Trick|[of] p2a: Drapion
|-item|p2a: Drapion|Choice Scarf|[from] move: Trick
|-item|p1a: Rotom|Black Sludge|[from] move: Trick
|
|-damage|p1a: Rotom|88/100|[from] item: Black Sludge
|upkeep
|turn|2
|
|t:|1598163247
|switch|p2a: Silvally|Silvally-Fairy|100/100
|switch|p1a: Bewear|Bewear, F|100/100
|
|upkeep
|turn|3
|
|t:|1598163256
|move|p2a: Silvally|Swords Dance|p2a: Silvally
|-boost|p2a: Silvally|atk|2
|move|p1a: Bewear|Double-Edge|p2a: Silvally
|-damage|p2a: Silvally|36/100
|-damage|p1a: Bewear|82/100|[from] Recoil
|
|upkeep
|turn|4
|
|t:|1598163259
|switch|p1a: Salazzle|Salazzle, F|100/100
|move|p2a: Silvally|Flame Charge|p1a: Salazzle
|-resisted|p1a: Salazzle
|-damage|p1a: Salazzle|74/100
|-boost|p2a: Silvally|spe|1
|
|upkeep
|turn|5
|
|t:|1598163262
|switch|p1a: Golisopod|Golisopod, F|100/100
|move|p2a: Silvally|Psychic Fangs|p1a: Golisopod
|-damage|p1a: Golisopod|64/100
|
|upkeep
|turn|6
|
|t:|1598163265
|move|p1a: Golisopod|First Impression|p2a: Silvally
|-resisted|p2a: Silvally
|-damage|p2a: Silvally|10/100
|move|p2a: Silvally|Multi-Attack|p1a: Golisopod
|-damage|p1a: Golisopod|0 fnt
|faint|p1a: Golisopod
|
|upkeep
|
|t:|1598163270
|switch|p1a: Gigalith|Gigalith, M|100/100
|-weather|Sandstorm|[from] ability: Sand Stream|[of] p1a: Gigalith
|turn|7
|
|t:|1598163279
|move|p2a: Silvally|Multi-Attack|p1a: Gigalith
|-damage|p1a: Gigalith|30/100
|move|p1a: Gigalith|Earthquake|p2a: Silvally
|-damage|p2a: Silvally|0 fnt
|faint|p2a: Silvally
|
|-weather|Sandstorm|[upkeep]
|-heal|p1a: Gigalith|36/100|[from] item: Leftovers
|upkeep
|
|t:|1598163295
|switch|p2a: Drapion|Drapion, F|100/100
|turn|8
|
|t:|1598163304
|switch|p1a: Rotom|Rotom-Mow|88/100
|move|p2a: Drapion|Earthquake|p1a: Rotom
|-immune|p1a: Rotom|[from] ability: Levitate
|
|-weather|Sandstorm|[upkeep]
|-damage|p2a: Drapion|94/100|[from] Sandstorm
|-damage|p1a: Rotom|82/100|[from] Sandstorm
|-damage|p1a: Rotom|69/100|[from] item: Black Sludge
|upkeep
|turn|9
|
|t:|1598163320
|switch|p2a: Steelix|Steelix, F|100/100
|move|p1a: Rotom|Trick|p2a: Steelix
|-activate|p1a: Rotom|move: Trick|[of] p2a: Steelix
|-item|p2a: Steelix|Black Sludge|[from] move: Trick
|-item|p1a: Rotom|Leftovers|[from] move: Trick
|
|-weather|Sandstorm|[upkeep]
|-damage|p1a: Rotom|63/100|[from] Sandstorm
|-heal|p1a: Rotom|69/100|[from] item: Leftovers
|-damage|p2a: Steelix|88/100|[from] item: Black Sludge
|upkeep
|turn|10
|
|t:|1598163324
|move|p1a: Rotom|Leaf Storm|p2a: Steelix
|-damage|p2a: Steelix|35/100
|-unboost|p1a: Rotom|spa|2
|move|p2a: Steelix|Toxic|p1a: Rotom
|-status|p1a: Rotom|tox
|
|-weather|Sandstorm|[upkeep]
|-damage|p1a: Rotom|63/100 tox|[from] Sandstorm
|-heal|p1a: Rotom|69/100 tox|[from] item: Leftovers
|-damage|p2a: Steelix|23/100|[from] item: Black Sludge
|-damage|p1a: Rotom|63/100 tox|[from] psn
|upkeep
|turn|11
|
|t:|1598163328
|move|p1a: Rotom|Leaf Storm|p2a: Steelix
|-damage|p2a: Steelix|0 fnt
|-unboost|p1a: Rotom|spa|2
|faint|p2a: Steelix
|
|-weather|none
|-heal|p1a: Rotom|69/100 tox|[from] item: Leftovers
|-damage|p1a: Rotom|57/100 tox|[from] psn
|upkeep
|
|t:|1598163338
|switch|p2a: Drapion|Drapion, F|94/100
|turn|12
|
|t:|1598163346
|switch|p2a: Indeedee|Indeedee-F, F|100/100
|-fieldstart|move: Psychic Terrain|[from] ability: Psychic Surge|[of] p2a: Indeedee
|switch|p1a: Bewear|Bewear, F|82/100
|
|upkeep
|turn|13
|
|t:|1598163353
|switch|p1a: Gigalith|Gigalith, M|36/100
|-weather|Sandstorm|[from] ability: Sand Stream|[of] p1a: Gigalith
|move|p2a: Indeedee|Expanding Force|p1a: Gigalith
|-crit|p1a: Gigalith
|-damage|p1a: Gigalith|0 fnt
|faint|p1a: Gigalith
|
|-weather|Sandstorm|[upkeep]
|-damage|p2a: Indeedee|94/100|[from] Sandstorm
|upkeep
|
|t:|1598163355
|switch|p1a: Gardevoir|Gardevoir, M|100/100
|-ability|p1a: Gardevoir|Psychic Surge|[from] ability: Trace|[of] p2a: Indeedee
|turn|14
|
|t:|1598163361
|switch|p2a: Mantine|Mantine, M|100/100
|move|p1a: Gardevoir|Moonblast|p2a: Mantine
|-damage|p2a: Mantine|51/100
|
|-weather|Sandstorm|[upkeep]
|-damage|p1a: Gardevoir|94/100|[from] Sandstorm
|-damage|p2a: Mantine|45/100|[from] Sandstorm
|upkeep
|turn|15
|
|t:|1598163365
|move|p1a: Gardevoir|Moonblast|p2a: Mantine
|-damage|p2a: Mantine|0 fnt
|faint|p2a: Mantine
|
|-weather|Sandstorm|[upkeep]
|-damage|p1a: Gardevoir|88/100|[from] Sandstorm
|upkeep
|inactive|Battle timer is ON: inactive players will automatically lose when time's up. (requested by rult3ro gray)
|
|t:|1598163384
|switch|p2a: Drapion|Drapion, F|94/100
|turn|16
|
|t:|1598163388
|switch|p2a: Indeedee|Indeedee-F, F|94/100
|switch|p1a: Bewear|Bewear, F|82/100
|
|-weather|Sandstorm|[upkeep]
|-damage|p2a: Indeedee|88/100|[from] Sandstorm
|-damage|p1a: Bewear|76/100|[from] Sandstorm
|-fieldend|move: Psychic Terrain
|upkeep
|turn|17
|
|t:|1598163400
|switch|p1a: Gardevoir|Gardevoir, M|88/100
|-ability|p1a: Gardevoir|Psychic Surge|[from] ability: Trace|[of] p2a: Indeedee
|-fieldstart|move: Psychic Terrain|[from] ability: Psychic Surge|[of] p1a: Gardevoir
|move|p2a: Indeedee|Expanding Force|p1a: Gardevoir
|-resisted|p1a: Gardevoir
|-damage|p1a: Gardevoir|32/100
|
|-weather|none
|upkeep
|turn|18
|
|t:|1598163406
|move|p2a: Indeedee|Expanding Force|p1a: Gardevoir
|-resisted|p1a: Gardevoir
|-damage|p1a: Gardevoir|0 fnt
|faint|p1a: Gardevoir
|
|upkeep
|inactive|rult3ro gray has 120 seconds left.
|
|t:|1598163439
|switch|p1a: Salazzle|Salazzle, F|74/100
|turn|19
|
|t:|1598163444
|move|p1a: Salazzle|Sludge Wave|p2a: Indeedee
|-damage|p2a: Indeedee|36/100
|move|p2a: Indeedee|Expanding Force|p1a: Salazzle
|-supereffective|p1a: Salazzle
|-damage|p1a: Salazzle|0 fnt
|faint|p1a: Salazzle
|
|upkeep
|
|t:|1598163445
|switch|p1a: Rotom|Rotom-Mow|57/100 tox
|turn|20
|
|t:|1598163449
|switch|p2a: Passimian|Passimian, F|100/100
|move|p1a: Rotom|Volt Switch|p2a: Passimian
|-damage|p2a: Passimian|51/100
|
|t:|1598163451
|switch|p1a: Bewear|Bewear, F|76/100|[from]move: Volt Switch
|
|upkeep
|turn|21
|
|t:|1598163456
|move|p2a: Passimian|Close Combat|p1a: Bewear
|-supereffective|p1a: Bewear
|-enditem|p1a: Bewear|Chople Berry|[eat]
|-enditem|p1a: Bewear|Chople Berry|[weaken]
|-damage|p1a: Bewear|47/100
|-unboost|p2a: Passimian|def|1
|-unboost|p2a: Passimian|spd|1
|move|p1a: Bewear|Double-Edge|p2a: Passimian
|-damage|p2a: Passimian|0 fnt
|-damage|p1a: Bewear|32/100|[from] Recoil
|faint|p2a: Passimian
|
|-fieldend|move: Psychic Terrain
|upkeep
|
|t:|1598163461
|switch|p2a: Indeedee|Indeedee-F, F|36/100
|-fieldstart|move: Psychic Terrain|[from] ability: Psychic Surge|[of] p2a: Indeedee
|turn|22
|
|t:|1598163463
|move|p2a: Indeedee|Expanding Force|p1a: Bewear
|-supereffective|p1a: Bewear
|-damage|p1a: Bewear|0 fnt
|faint|p1a: Bewear
|
|upkeep
|
|t:|1598163464
|switch|p1a: Rotom|Rotom-Mow|57/100 tox
|turn|23
|
|t:|1598163466
|move|p1a: Rotom|Volt Switch|p2a: Indeedee
|-damage|p2a: Indeedee|0 fnt
|faint|p2a: Indeedee
|
|-heal|p1a: Rotom|63/100 tox|[from] item: Leftovers
|-damage|p1a: Rotom|57/100 tox|[from] psn
|upkeep
|
|t:|1598163467
|switch|p2a: Drapion|Drapion, F|94/100
|turn|24
|
|t:|1598163469
|move|p2a: Drapion|Poison Jab|p1a: Rotom
|-supereffective|p1a: Rotom
|-damage|p1a: Rotom|0 fnt
|faint|p1a: Rotom
|
|win|Zeoro
|l|☆rult3ro gray
|raw|rult3ro gray's rating: 1606 &rarr; <strong>1571</strong><br />(-35 for losing)
|raw|Zeoro's rating: 1283 &rarr; <strong>1326</strong><br />(+43 for winning)
|c|☆Zeoro|gg
|j| Zorocario18
|l| Zorocario18
|c|☆Zeoro|hab gegen einen unter to9 20 gewonnen
|j| Zorocario18
|c|☆Zeoro|das war der fight btw
|c| Zorocario18|ok
|c| Zorocario18|schaue mir gleich an habe grad ein UU battle
