|j|☆KesslerMacGrath
|j|☆Ren19
|t:|1661544068
|gametype|singles
|player|p1|KesslerMacGrath|unknown|1466
|player|p2|Ren19|gentleman-gen4|1485
|teamsize|p1|6
|teamsize|p2|6
|gen|8
|tier|[Gen 8] RU
|rated|
|rule|Sleep Clause Mod: Limit one foe put to sleep
|rule|Species Clause: Limit one of each Pokémon
|rule|OHKO Clause: OHKO moves are banned
|rule|Evasion Items Clause: Evasion items are banned
|rule|Evasion Moves Clause: Evasion moves are banned
|rule|Endless Battle Clause: Forcing endless battles is banned
|rule|HP Percentage Mod: HP is shown in percentages
|rule|Dynamax Clause: You cannot dynamax
|clearpoke
|poke|p1|Flygon, F|
|poke|p1|Sneasel, F|
|poke|p1|Sigilyph, M|
|poke|p1|Registeel|
|poke|p1|Xurkitree|
|poke|p1|Milotic, F|
|poke|p2|Crobat, M|
|poke|p2|Umbreon, M|
|poke|p2|Kingdra, F|
|poke|p2|Reuniclus, M|
|poke|p2|Rhyperior, F|
|poke|p2|Porygon-Z|
|teampreview
|inactive|Battle timer is ON: inactive players will automatically lose when time's up. (requested by KesslerMacGrath)
|c|☆KesslerMacGrath|oh i know this is already gonna be an L for me
|
|t:|1661544090
|start
|switch|p1a: Lando|Flygon, F, shiny|100/100
|switch|p2a: Porygon-Z|Porygon-Z|100/100
|turn|1
|
|t:|1661544098
|switch|p1a: Minecraft Golem|Registeel, shiny|100/100
|move|p2a: Porygon-Z|Trick|p1a: Minecraft Golem
|-activate|p2a: Porygon-Z|move: Trick|[of] p1a: Minecraft Golem
|-item|p1a: Minecraft Golem|Choice Scarf|[from] move: Trick
|-item|p2a: Porygon-Z|Leftovers|[from] move: Trick
|
|upkeep
|turn|2
|c|☆KesslerMacGrath|yep
|c|☆KesslerMacGrath|that's game lmao
|
|t:|1661544112
|switch|p2a: Rhyperior|Rhyperior, F|100/100
|move|p1a: Minecraft Golem|Body Press|p2a: Rhyperior
|-supereffective|p2a: Rhyperior
|-damage|p2a: Rhyperior|75/100
|-damage|p1a: Minecraft Golem|84/100|[from] item: Rocky Helmet|[of] p2a: Rhyperior
|
|upkeep
|turn|3
|
|t:|1661544117
|move|p1a: Minecraft Golem|Body Press|p2a: Rhyperior
|-supereffective|p2a: Rhyperior
|-damage|p2a: Rhyperior|50/100
|-damage|p1a: Minecraft Golem|68/100|[from] item: Rocky Helmet|[of] p2a: Rhyperior
|move|p2a: Rhyperior|Stealth Rock|p1a: Minecraft Golem
|-sidestart|p1: KesslerMacGrath|move: Stealth Rock
|
|upkeep
|turn|4
|
|t:|1661544122
|switch|p2a: Crobat|Crobat, M|100/100
|move|p1a: Minecraft Golem|Body Press|p2a: Crobat
|-resisted|p2a: Crobat
|-damage|p2a: Crobat|92/100
|
|upkeep
|turn|5
|
|t:|1661544126
|move|p2a: Crobat|U-turn|p1a: Minecraft Golem
|-resisted|p1a: Minecraft Golem
|-damage|p1a: Minecraft Golem|58/100
|
|t:|1661544128
|switch|p2a: Reuniclus|Reuniclus, M|100/100|[from]move: U-turn
|move|p1a: Minecraft Golem|Body Press|p2a: Reuniclus
|-resisted|p2a: Reuniclus
|-damage|p2a: Reuniclus|92/100
|
|-heal|p2a: Reuniclus|98/100|[from] item: Leftovers
|upkeep
|turn|6
|
|t:|1661544130
|switch|p1a: HDB or MagicGuard?|Sigilyph, M, shiny|100/100
|move|p2a: Reuniclus|Calm Mind|p2a: Reuniclus
|-boost|p2a: Reuniclus|spa|1
|-boost|p2a: Reuniclus|spd|1
|
|-heal|p2a: Reuniclus|100/100|[from] item: Leftovers
|upkeep
|turn|7
|
|t:|1661544134
|move|p1a: HDB or MagicGuard?|Thunder Wave|p2a: Reuniclus
|-status|p2a: Reuniclus|par
|move|p2a: Reuniclus|Psyshock|p1a: HDB or MagicGuard?
|-resisted|p1a: HDB or MagicGuard?
|-damage|p1a: HDB or MagicGuard?|74/100
|
|upkeep
|turn|8
|
|t:|1661544142
|move|p1a: HDB or MagicGuard?|Defog|p2a: Reuniclus
|-unboost|p2a: Reuniclus|evasion|1
|-sideend|p1: KesslerMacGrath|Stealth Rock|[from] move: Defog|[of] p1a: HDB or MagicGuard?
|move|p2a: Reuniclus|Calm Mind|p2a: Reuniclus
|-boost|p2a: Reuniclus|spa|1
|-boost|p2a: Reuniclus|spd|1
|
|upkeep
|turn|9
|
|t:|1661544147
|switch|p1a: LC Uber|Sneasel, F, shiny|100/100
|move|p2a: Reuniclus|Focus Blast|p1a: LC Uber
|-supereffective|p1a: LC Uber
|-damage|p1a: LC Uber|0 fnt
|faint|p1a: LC Uber
|
|upkeep
|
|t:|1661544151
|switch|p1a: Lando|Flygon, F, shiny|100/100
|turn|10
|c|☆Ren19|got em
|
|t:|1661544156
|move|p1a: Lando|U-turn|p2a: Reuniclus
|-supereffective|p2a: Reuniclus
|-damage|p2a: Reuniclus|72/100 par
|c|☆KesslerMacGrath|this is game already bro that didnt even matter haha
|c|☆KesslerMacGrath|probs had a cobur berry, right?
|
|t:|1661544173
|switch|p1a: Paldean Gyrados|Milotic, F, shiny|100/100|[from]move: U-turn
|move|p2a: Reuniclus|Psyshock|p1a: Paldean Gyrados
|-damage|p1a: Paldean Gyrados|51/100
|
|-heal|p2a: Reuniclus|78/100 par|[from] item: Leftovers
|-status|p1a: Paldean Gyrados|brn|[from] item: Flame Orb
|upkeep
|turn|11
|c|☆Ren19|still proud of myself for that predict
|
|t:|1661544182
|move|p1a: Paldean Gyrados|Haze|p1a: Paldean Gyrados
|-clearallboost
|move|p2a: Reuniclus|Psyshock|p1a: Paldean Gyrados
|-damage|p1a: Paldean Gyrados|35/100 brn
|
|-heal|p2a: Reuniclus|84/100 par|[from] item: Leftovers
|-damage|p1a: Paldean Gyrados|29/100 brn|[from] brn
|upkeep
|turn|12
|
|t:|1661544193
|switch|p2a: Hydra|Kingdra, F|100/100
|move|p1a: Paldean Gyrados|Recover|p1a: Paldean Gyrados
|-heal|p1a: Paldean Gyrados|79/100 brn
|
|-damage|p1a: Paldean Gyrados|73/100 brn|[from] brn
|upkeep
|turn|13
|c|☆KesslerMacGrath|wanna hear something funny tho
|c|☆Ren19|sure
|c|☆KesslerMacGrath|without fail
|c|☆KesslerMacGrath|my sneasel will OHKO an enemy incineroar with focus punch
|inactive|KesslerMacGrath has 120 seconds left.
|c|☆Ren19|even after intimidate?
|c|☆Ren19|are you banded?
|c|☆KesslerMacGrath|Inner Focus
|c|☆KesslerMacGrath|and yes
|
|t:|1661544238
|move|p2a: Hydra|Substitute|p2a: Hydra
|-start|p2a: Hydra|Substitute
|-damage|p2a: Hydra|76/100
|move|p1a: Paldean Gyrados|Toxic||[still]
|-fail|p1a: Paldean Gyrados
|
|-damage|p1a: Paldean Gyrados|67/100 brn|[from] brn
|upkeep
|turn|14
|c|☆Ren19|neat
|
|t:|1661544245
|move|p2a: Hydra|Dragon Dance|p2a: Hydra
|-boost|p2a: Hydra|atk|1
|-boost|p2a: Hydra|spe|1
|move|p1a: Paldean Gyrados|Haze|p1a: Paldean Gyrados
|-clearallboost
|
|-damage|p1a: Paldean Gyrados|61/100 brn|[from] brn
|upkeep
|turn|15
|c|☆KesslerMacGrath|it's great bait
|inactive|KesslerMacGrath has 120 seconds left.
|c|☆KesslerMacGrath|esp since people often lead with flygon and they're deathly afraid of ice shard
|
|t:|1661544273
|switch|p1a: Minecraft Golem|Registeel, shiny|58/100
|move|p2a: Hydra|Dragon Dance|p2a: Hydra
|-boost|p2a: Hydra|atk|1
|-boost|p2a: Hydra|spe|1
|
|upkeep
|turn|16
|c|☆Ren19|well from my part absolutely noone expects sub dd kingra so i always get to set up for free
|
|t:|1661544283
|move|p2a: Hydra|Liquidation|p1a: Minecraft Golem
|-damage|p1a: Minecraft Golem|19/100
|move|p1a: Minecraft Golem|Body Press|p2a: Hydra
|-end|p2a: Hydra|Substitute
|
|upkeep
|turn|17
|
|t:|1661544289
|move|p2a: Hydra|Liquidation|p1a: Minecraft Golem
|-damage|p1a: Minecraft Golem|0 fnt
|faint|p1a: Minecraft Golem
|
|upkeep
|c|☆KesslerMacGrath|this is true
|
|t:|1661544293
|switch|p1a: HDB or MagicGuard?|Sigilyph, M, shiny|74/100
|turn|18
|
|t:|1661544296
|move|p2a: Hydra|Liquidation|p1a: HDB or MagicGuard?
|-damage|p1a: HDB or MagicGuard?|16/100
|move|p1a: HDB or MagicGuard?|Psychic|p2a: Hydra
|-damage|p2a: Hydra|41/100
|-unboost|p2a: Hydra|spd|1
|
|upkeep
|turn|19
|j| Nicmi27
|
|t:|1661544303
|move|p2a: Hydra|Liquidation|p1a: HDB or MagicGuard?
|-damage|p1a: HDB or MagicGuard?|0 fnt
|faint|p1a: HDB or MagicGuard?
|
|upkeep
|
|t:|1661544306
|switch|p1a: Paldean Gyrados|Milotic, F, shiny|61/100 brn
|turn|20
|
|t:|1661544309
|move|p2a: Hydra|Substitute|p2a: Hydra
|-start|p2a: Hydra|Substitute
|-damage|p2a: Hydra|16/100
|move|p1a: Paldean Gyrados|Recover|p1a: Paldean Gyrados
|-heal|p1a: Paldean Gyrados|100/100 brn
|
|-damage|p1a: Paldean Gyrados|94/100 brn|[from] brn
|upkeep
|turn|21
|c|☆KesslerMacGrath|this is game tho, i knew it was gonna trick me yet i panic switched to registeel anyways
|c|☆KesslerMacGrath|skill difference i suppose
|
|t:|1661544331
|move|p2a: Hydra|Outrage|p1a: Paldean Gyrados
|-damage|p1a: Paldean Gyrados|53/100 brn
|move|p1a: Paldean Gyrados|Scald|p2a: Hydra
|-resisted|p2a: Hydra
|-crit|p2a: Hydra
|-activate|p2a: Hydra|move: Substitute|[damage]
|
|-damage|p1a: Paldean Gyrados|47/100 brn|[from] brn
|upkeep
|turn|22
|c|☆Ren19|ggs my dude
|c|☆KesslerMacGrath|ggs
|
|t:|1661544339
|move|p2a: Hydra|Outrage|p1a: Paldean Gyrados|[from]lockedmove
|-damage|p1a: Paldean Gyrados|4/100 brn
|-start|p2a: Hydra|confusion|[fatigue]
|-enditem|p2a: Hydra|Lum Berry|[eat]
|-end|p2a: Hydra|confusion
|move|p1a: Paldean Gyrados|Recover|p1a: Paldean Gyrados
|-heal|p1a: Paldean Gyrados|54/100 brn
|
|-damage|p1a: Paldean Gyrados|48/100 brn|[from] brn
|upkeep
|turn|23
|l| Nicmi27
|
|t:|1661544348
|move|p2a: Hydra|Outrage|p1a: Paldean Gyrados
|-damage|p1a: Paldean Gyrados|7/100 brn
|move|p1a: Paldean Gyrados|Recover|p1a: Paldean Gyrados
|-heal|p1a: Paldean Gyrados|57/100 brn
|
|-damage|p1a: Paldean Gyrados|50/100 brn|[from] brn
|upkeep
|turn|24
|
|t:|1661544355
|move|p2a: Hydra|Outrage|p1a: Paldean Gyrados|[from]lockedmove
|-damage|p1a: Paldean Gyrados|12/100 brn
|move|p1a: Paldean Gyrados|Recover|p1a: Paldean Gyrados
|-heal|p1a: Paldean Gyrados|62/100 brn
|
|-damage|p1a: Paldean Gyrados|56/100 brn|[from] brn
|upkeep
|turn|25
|
|t:|1661544361
|move|p2a: Hydra|Outrage|p1a: Paldean Gyrados|[from]lockedmove
|-damage|p1a: Paldean Gyrados|17/100 brn
|-start|p2a: Hydra|confusion|[fatigue]
|move|p1a: Paldean Gyrados|Recover|p1a: Paldean Gyrados
|-heal|p1a: Paldean Gyrados|67/100 brn
|
|-damage|p1a: Paldean Gyrados|61/100 brn|[from] brn
|upkeep
|turn|26
|
|t:|1661544367
|-activate|p2a: Hydra|confusion
|-damage|p2a: Hydra|0 fnt|[from] confusion
|faint|p2a: Hydra
|move|p1a: Paldean Gyrados|Recover|p1a: Paldean Gyrados
|-heal|p1a: Paldean Gyrados|100/100 brn
|
|-damage|p1a: Paldean Gyrados|94/100 brn|[from] brn
|upkeep
|c|☆KesslerMacGrath|must.... not.... give in.....
|
|t:|1661544374
|switch|p2a: Porygon-Z|Porygon-Z|100/100
|turn|27
|
|t:|1661544377
|move|p2a: Porygon-Z|Tri Attack|p1a: Paldean Gyrados
|-damage|p1a: Paldean Gyrados|52/100 brn
|move|p1a: Paldean Gyrados|Scald|p2a: Porygon-Z
|-crit|p2a: Porygon-Z
|-damage|p2a: Porygon-Z|46/100
|
|-heal|p2a: Porygon-Z|52/100|[from] item: Leftovers
|-damage|p1a: Paldean Gyrados|46/100 brn|[from] brn
|upkeep
|turn|28
|
|t:|1661544387
|move|p2a: Porygon-Z|Tri Attack|p1a: Paldean Gyrados
|-damage|p1a: Paldean Gyrados|8/100 brn
|move|p1a: Paldean Gyrados|Scald|p2a: Porygon-Z
|-damage|p2a: Porygon-Z|13/100
|
|-heal|p2a: Porygon-Z|19/100|[from] item: Leftovers
|-damage|p1a: Paldean Gyrados|2/100 brn|[from] brn
|upkeep
|turn|29
|
|t:|1661544394
|move|p2a: Porygon-Z|Tri Attack|p1a: Paldean Gyrados
|-damage|p1a: Paldean Gyrados|0 fnt
|faint|p1a: Paldean Gyrados
|
|-heal|p2a: Porygon-Z|25/100|[from] item: Leftovers
|upkeep
|
|t:|1661544396
|switch|p1a: Haywire|Xurkitree, shiny|100/100
|turn|30
|
|t:|1661544406
|move|p2a: Porygon-Z|Tri Attack|p1a: Haywire
|-crit|p1a: Haywire
|-damage|p1a: Haywire|0 fnt
|faint|p1a: Haywire
|
|-heal|p2a: Porygon-Z|31/100|[from] item: Leftovers
|upkeep
|c|☆KesslerMacGrath|NOOOOO
|c|☆Ren19|oh
|c|☆Ren19|unfort
|c|☆KesslerMacGrath|i legit could've won bro
|c|☆Ren19|were you energy bal
|c|☆KesslerMacGrath|LOL
|c|☆KesslerMacGrath|no
|c|☆KesslerMacGrath|blunder policy
|
|t:|1661544425
|switch|p1a: Lando|Flygon, F, shiny|100/100
|turn|31
|c|☆Ren19|i dont think +2 dazzling kills spedef rypheriror tho
|inactive|Ren19 has 120 seconds left.
|c|☆KesslerMacGrath|hypnosis + thunderbolt + energy ball + hypnosis
|
|t:|1661544457
|move|p1a: Lando|Earthquake|p2a: Porygon-Z
|-damage|p2a: Porygon-Z|0 fnt
|faint|p2a: Porygon-Z
|
|upkeep
|inactive|Ren19 has 120 seconds left.
|c|☆KesslerMacGrath|i should've specified
|c|☆Ren19|so you were energy ball
|c|☆Ren19|lol
|c|☆KesslerMacGrath|yea but not scarf
|
|t:|1661544473
|switch|p2a: Crobat|Crobat, M|92/100
|turn|32
|c|☆Ren19|i see
|c|☆Ren19|i think banded crobat still took it tho
|
|t:|1661544487
|move|p2a: Crobat|Brave Bird|p1a: Lando
|-damage|p1a: Lando|4/100
|-damage|p2a: Crobat|62/100|[from] Recoil
|move|p1a: Lando|Dragon Dance|p1a: Lando
|-boost|p1a: Lando|atk|1
|-boost|p1a: Lando|spe|1
|
|upkeep
|turn|33
|
|t:|1661544493
|move|p1a: Lando|Outrage|p2a: Crobat
|-damage|p2a: Crobat|0 fnt
|faint|p2a: Crobat
|
|upkeep
|c|☆KesslerMacGrath|psh
|
|t:|1661544496
|switch|p2a: Reuniclus|Reuniclus, M|84/100 par
|turn|34
|c|☆KesslerMacGrath|i just need to crit 3 times
|c|☆KesslerMacGrath|ez pz
|
|t:|1661544503
|move|p1a: Lando|Outrage|p2a: Reuniclus|[from]lockedmove
|-damage|p2a: Reuniclus|34/100 par
|-start|p1a: Lando|confusion|[fatigue]
|-enditem|p1a: Lando|Lum Berry|[eat]
|-end|p1a: Lando|confusion
|move|p2a: Reuniclus|Psyshock|p1a: Lando
|-damage|p1a: Lando|0 fnt
|faint|p1a: Lando
|
|win|Ren19
|raw|KesslerMacGrath's rating: 1466 &rarr; <strong>1447</strong><br />(-19 for losing)
|raw|Ren19's rating: 1485 &rarr; <strong>1504</strong><br />(+19 for winning)
|c|☆Ren19|gg
|c|☆KesslerMacGrath|rigged smh
|c|☆KesslerMacGrath|ggs lol
|c|☆Ren19|wooo
|c|☆Ren19|1500
|c|☆KesslerMacGrath|congrats on top 100 bro
|c|☆KesslerMacGrath|deserved
|c|☆Ren19|thanks m8
