|j|☆Leffen stan
|j|☆Xander Uzi
|player|p1|Leffen stan|swimmerf|1472
|player|p2|Xander Uzi|benga|1146
|teamsize|p1|6
|teamsize|p2|6
|gametype|singles
|gen|8
|tier|[Gen 8] RU
|rated|
|clearpoke
|poke|p1|Mudsdale, M|
|poke|p1|Goodra, F|
|poke|p1|Escavalier, M|
|poke|p1|Snorlax, M|
|poke|p1|Aromatisse, F|
|poke|p1|Rotom|
|poke|p2|Bewear, F|
|poke|p2|Goodra, F|
|poke|p2|Aromatisse, F|
|poke|p2|Silvally-*|
|poke|p2|Drifblim, F|
|poke|p2|Salazzle, F|
|rule|Sleep Clause Mod: Limit one foe put to sleep
|rule|Species Clause: Limit one of each Pokémon
|rule|OHKO Clause: OHKO moves are banned
|rule|Evasion Moves Clause: Evasion moves are banned
|rule|Endless Battle Clause: Forcing endless battles is banned
|rule|HP Percentage Mod: HP is shown in percentages
|rule|Dynamax Clause: You cannot dynamax
|teampreview
|inactive|Battle timer is ON: inactive players will automatically lose when time's up. (requested by Xander Uzi)
|
|start
|switch|p1a: Goodra|Goodra, F|100/100
|switch|p2a: Salazzle|Salazzle, F|100/100
|turn|1
|
|move|p2a: Salazzle|Substitute|p2a: Salazzle
|-start|p2a: Salazzle|Substitute
|-damage|p2a: Salazzle|76/100
|move|p1a: Goodra|Sludge Bomb|p2a: Salazzle
|-resisted|p2a: Salazzle
|-end|p2a: Salazzle|Substitute
|
|-heal|p2a: Salazzle|82/100|[from] item: Black Sludge
|upkeep
|turn|2
|
|switch|p2a: Goodra|Goodra, F|100/100
|switch|p1a: Snorlax|Snorlax, M|100/100
|
|upkeep
|turn|3
|
|switch|p2a: Silvally|Silvally-Steel|100/100
|move|p1a: Snorlax|Curse|p1a: Snorlax
|-unboost|p1a: Snorlax|spe|1
|-boost|p1a: Snorlax|atk|1
|-boost|p1a: Snorlax|def|1
|
|upkeep
|turn|4
|
|move|p2a: Silvally|Swords Dance|p2a: Silvally
|-boost|p2a: Silvally|atk|2
|move|p1a: Snorlax|Curse|p1a: Snorlax
|-unboost|p1a: Snorlax|spe|1
|-boost|p1a: Snorlax|atk|1
|-boost|p1a: Snorlax|def|1
|
|upkeep
|turn|5
|
|move|p2a: Silvally|Multi-Attack|p1a: Snorlax
|-damage|p1a: Snorlax|61/100
|move|p1a: Snorlax|Body Slam|p2a: Silvally
|-resisted|p2a: Silvally
|-damage|p2a: Silvally|67/100
|
|-heal|p1a: Snorlax|67/100|[from] item: Leftovers
|upkeep
|turn|6
|
|move|p2a: Silvally|Multi-Attack|p1a: Snorlax
|-damage|p1a: Snorlax|31/100
|move|p1a: Snorlax|Body Slam|p2a: Silvally
|-resisted|p2a: Silvally
|-damage|p2a: Silvally|35/100
|
|-heal|p1a: Snorlax|37/100|[from] item: Leftovers
|upkeep
|turn|7
|
|switch|p1a: Mudsdale|Mudsdale, M|100/100
|move|p2a: Silvally|Multi-Attack|p1a: Mudsdale
|-damage|p1a: Mudsdale|35/100
|-ability|p1a: Mudsdale|Stamina|boost
|-boost|p1a: Mudsdale|def|1
|
|-heal|p1a: Mudsdale|41/100|[from] item: Leftovers
|upkeep
|turn|8
|
|move|p2a: Silvally|Multi-Attack|p1a: Mudsdale
|-damage|p1a: Mudsdale|0 fnt
|faint|p1a: Mudsdale
|
|upkeep
|
|switch|p1a: Rotom|Rotom|100/100
|turn|9
|
|move|p1a: Rotom|Volt Switch|p2a: Silvally
|-damage|p2a: Silvally|5/100
|
|switch|p1a: Snorlax|Snorlax, M|37/100|[from]move: Volt Switch
|move|p2a: Silvally|Multi-Attack|p1a: Snorlax
|-damage|p1a: Snorlax|0 fnt
|faint|p1a: Snorlax
|
|upkeep
|
|switch|p1a: Rotom|Rotom|100/100
|turn|10
|
|switch|p2a: Goodra|Goodra, F|100/100
|move|p1a: Rotom|Volt Switch|p2a: Goodra
|-resisted|p2a: Goodra
|-damage|p2a: Goodra|89/100
|
|switch|p1a: Pimme|Aromatisse, F|100/100|[from]move: Volt Switch
|
|upkeep
|turn|11
|
|switch|p2a: Silvally|Silvally-Steel|5/100
|switch|p1a: Goodra|Goodra, F|100/100
|
|upkeep
|turn|12
|
|move|p2a: Silvally|U-turn|p1a: Goodra
|-damage|p1a: Goodra|71/100
|
|switch|p2a: Aromatisse|Aromatisse, F|100/100|[from]move: U-turn
|move|p1a: Goodra|Dragon Pulse|p2a: Aromatisse
|-immune|p2a: Aromatisse
|
|upkeep
|turn|13
|
|switch|p1a: Escavalier|Escavalier, M|100/100
|move|p2a: Aromatisse|Wish|p2a: Aromatisse
|
|upkeep
|turn|14
|
|switch|p2a: Bewear|Bewear, F|100/100
|move|p1a: Escavalier|Knock Off|p2a: Bewear
|-resisted|p2a: Bewear
|-damage|p2a: Bewear|88/100
|-enditem|p2a: Bewear|Leftovers|[from] move: Knock Off|[of] p1a: Escavalier
|
|-heal|p2a: Bewear|100/100|[from] move: Wish|[wisher] Aromatisse
|upkeep
|turn|15
|
|switch|p2a: Silvally|Silvally-Steel|5/100
|switch|p1a: Goodra|Goodra, F|71/100
|
|upkeep
|turn|16
|
|move|p2a: Silvally|Multi-Attack|p1a: Goodra
|-damage|p1a: Goodra|0 fnt
|faint|p1a: Goodra
|
|upkeep
|
|switch|p1a: Rotom|Rotom|100/100
|turn|17
|
|switch|p2a: Goodra|Goodra, F|89/100
|move|p1a: Rotom|Volt Switch|p2a: Goodra
|-resisted|p2a: Goodra
|-damage|p2a: Goodra|77/100
|
|switch|p1a: Pimme|Aromatisse, F|100/100|[from]move: Volt Switch
|
|upkeep
|turn|18
|
|move|p2a: Goodra|Sludge Wave|p1a: Pimme
|-supereffective|p1a: Pimme
|-damage|p1a: Pimme|22/100
|move|p1a: Pimme|Moonblast|p2a: Goodra
|-supereffective|p2a: Goodra
|-damage|p2a: Goodra|30/100
|
|-heal|p1a: Pimme|28/100|[from] item: Leftovers
|upkeep
|turn|19
|
|switch|p1a: Escavalier|Escavalier, M|100/100
|move|p2a: Goodra|Sludge Wave|p1a: Escavalier
|-immune|p1a: Escavalier
|
|upkeep
|turn|20
|
|switch|p2a: Bewear|Bewear, F|100/100
|move|p1a: Escavalier|Knock Off|p2a: Bewear
|-resisted|p2a: Bewear
|-damage|p2a: Bewear|91/100
|
|upkeep
|turn|21
|
|switch|p1a: Rotom|Rotom|100/100
|move|p2a: Bewear|Substitute|p2a: Bewear
|-start|p2a: Bewear|Substitute
|-damage|p2a: Bewear|66/100
|
|upkeep
|turn|22
|
|switch|p2a: Aromatisse|Aromatisse, F|100/100
|move|p1a: Rotom|Volt Switch|p2a: Aromatisse
|-damage|p2a: Aromatisse|73/100
|
|switch|p1a: Escavalier|Escavalier, M|100/100|[from]move: Volt Switch
|
|-heal|p2a: Aromatisse|79/100|[from] item: Leftovers
|upkeep
|turn|23
|
|move|p2a: Aromatisse|Protect|p2a: Aromatisse
|-singleturn|p2a: Aromatisse|Protect
|move|p1a: Escavalier|Iron Head|p2a: Aromatisse
|-activate|p2a: Aromatisse|move: Protect
|
|-heal|p2a: Aromatisse|85/100|[from] item: Leftovers
|upkeep
|turn|24
|
|switch|p2a: Silvally|Silvally-Steel|5/100
|move|p1a: Escavalier|Iron Head|p2a: Silvally
|-resisted|p2a: Silvally
|-damage|p2a: Silvally|0 fnt
|faint|p2a: Silvally
|
|upkeep
|
|switch|p2a: Salazzle|Salazzle, F|82/100
|turn|25
|
|switch|p1a: Rotom|Rotom|100/100
|move|p2a: Salazzle|Substitute|p2a: Salazzle
|-start|p2a: Salazzle|Substitute
|-damage|p2a: Salazzle|57/100
|
|-heal|p2a: Salazzle|63/100|[from] item: Black Sludge
|upkeep
|turn|26
|
|move|p2a: Salazzle|Protect|p2a: Salazzle
|-singleturn|p2a: Salazzle|Protect
|move|p1a: Rotom|Volt Switch|p2a: Salazzle
|-activate|p2a: Salazzle|move: Protect
|
|-heal|p2a: Salazzle|69/100|[from] item: Black Sludge
|upkeep
|turn|27
|
|move|p1a: Rotom|Volt Switch|p2a: Salazzle
|-end|p2a: Salazzle|Substitute
|
|switch|p1a: Escavalier|Escavalier, M|100/100|[from]move: Volt Switch
|move|p2a: Salazzle|Flamethrower|p1a: Escavalier
|-supereffective|p1a: Escavalier
|-damage|p1a: Escavalier|0 fnt
|faint|p1a: Escavalier
|
|-heal|p2a: Salazzle|75/100|[from] item: Black Sludge
|upkeep
|c|☆Leffen stan|re tard
|l|☆Leffen stan
|inactive|Leffen stan disconnected and has a minute to reconnect!
|player|p1|
|inactive|Leffen stan has 30 seconds to reconnect!
|inactive|Leffen stan has 20 seconds to reconnect!
|inactive|Leffen stan has 15 seconds to reconnect!
|inactive|Leffen stan has 10 seconds to reconnect!
|inactive|Leffen stan has 5 seconds to reconnect!
|-message|Leffen stan lost due to inactivity.
|
|win|Xander Uzi
|raw|Leffen stan's rating: 1485 &rarr; <strong>1451</strong><br />(-34 for losing)
|raw|Xander Uzi's rating: 1161 &rarr; <strong>1205</strong><br />(+44 for winning)
