|raw|<div class="broadcast-blue"><strong>This battle is required to be public due to a player having a name starting with 'rult70'.</div>
|j|☆Dancanmanfan
|j|☆RULT70A YWT
|t:|1626660605
|gametype|singles
|player|p1|Dancanmanfan|bugcatcher-gen4dp|1346
|player|p2|RULT70A YWT|hiker-gen4|1405
|teamsize|p1|6
|teamsize|p2|6
|gen|8
|tier|[Gen 8] RU
|rated|
|rule|Sleep Clause Mod: Limit one foe put to sleep
|rule|Species Clause: Limit one of each Pokémon
|rule|OHKO Clause: OHKO moves are banned
|rule|Evasion Moves Clause: Evasion moves are banned
|rule|Endless Battle Clause: Forcing endless battles is banned
|rule|HP Percentage Mod: HP is shown in percentages
|rule|Dynamax Clause: You cannot dynamax
|clearpoke
|poke|p1|Regidrago|
|poke|p1|Metagross|
|poke|p1|Porygon2|
|poke|p1|Togekiss, M|
|poke|p1|Obstagoon, F|
|poke|p1|Golurk|
|poke|p2|Crobat, F|
|poke|p2|Mienshao, F|
|poke|p2|Xurkitree|
|poke|p2|Umbreon, M|
|poke|p2|Milotic, M|
|poke|p2|Steelix, M|
|teampreview
|j| Pult61a dani
|
|t:|1626660615
|start
|switch|p1a: Golurk|Golurk|100/100
|switch|p2a: Xurkitree|Xurkitree|100/100
|turn|1
|
|t:|1626660619
|move|p2a: Xurkitree|Energy Ball|p1a: Golurk
|-supereffective|p1a: Golurk
|-damage|p1a: Golurk|0 fnt
|faint|p1a: Golurk
|-ability|p2a: Xurkitree|Beast Boost|boost
|-boost|p2a: Xurkitree|spa|1
|
|upkeep
|
|t:|1626660624
|switch|p1a: Regidrago|Regidrago|100/100
|turn|2
|
|t:|1626660627
|move|p1a: Regidrago|Dragon Energy|p2a: Xurkitree
|-damage|p2a: Xurkitree|0 fnt
|faint|p2a: Xurkitree
|
|upkeep
|
|t:|1626660630
|switch|p2a: Steelix|Steelix, M|100/100
|turn|3
|
|t:|1626660634
|switch|p1a: Metagross|Metagross|100/100
|move|p2a: Steelix|Stealth Rock|p1a: Metagross
|-sidestart|p1: Dancanmanfan|move: Stealth Rock
|
|upkeep
|turn|4
|
|t:|1626660639
|move|p1a: Metagross|Earthquake|p2a: Steelix
|-supereffective|p2a: Steelix
|-damage|p2a: Steelix|63/100
|move|p2a: Steelix|Earthquake|p1a: Metagross
|-supereffective|p1a: Metagross
|-damage|p1a: Metagross|59/100
|
|-heal|p1a: Metagross|65/100|[from] item: Leftovers
|-heal|p2a: Steelix|69/100|[from] item: Leftovers
|upkeep
|turn|5
|
|t:|1626660647
|move|p2a: Steelix|Protect|p2a: Steelix
|-singleturn|p2a: Steelix|Protect
|move|p1a: Metagross|Stealth Rock|p2a: Steelix
|-sidestart|p2: RULT70A YWT|move: Stealth Rock
|
|-heal|p1a: Metagross|71/100|[from] item: Leftovers
|-heal|p2a: Steelix|76/100|[from] item: Leftovers
|upkeep
|turn|6
|
|t:|1626660651
|switch|p2a: Milotic|Milotic, M|100/100
|move|p1a: Metagross|Earthquake|p2a: Milotic
|-damage|p2a: Milotic|75/100
|
|-heal|p1a: Metagross|77/100|[from] item: Leftovers
|upkeep
|turn|7
|
|t:|1626660656
|switch|p1a: Porygon2|Porygon2|100/100
|-damage|p1a: Porygon2|88/100|[from] Stealth Rock
|move|p2a: Milotic|Scald|p1a: Porygon2
|-damage|p1a: Porygon2|76/100
|-status|p1a: Porygon2|brn
|
|-damage|p1a: Porygon2|70/100 brn|[from] brn
|upkeep
|turn|8
|
|t:|1626660666
|switch|p2a: Steelix|Steelix, M|76/100
|-damage|p2a: Steelix|73/100|[from] Stealth Rock
|move|p1a: Porygon2|Teleport|p1a: Porygon2
|l| Pult61a dani
|
|t:|1626660682
|switch|p1a: Metagross|Metagross|77/100|[from]move: Teleport
|-damage|p1a: Metagross|71/100|[from] Stealth Rock
|
|-heal|p1a: Metagross|77/100|[from] item: Leftovers
|-heal|p2a: Steelix|79/100|[from] item: Leftovers
|upkeep
|turn|9
|
|t:|1626660688
|move|p2a: Steelix|Protect|p2a: Steelix
|-singleturn|p2a: Steelix|Protect
|move|p1a: Metagross|Meteor Mash|p2a: Steelix
|-activate|p2a: Steelix|move: Protect
|
|-heal|p1a: Metagross|83/100|[from] item: Leftovers
|-heal|p2a: Steelix|85/100|[from] item: Leftovers
|upkeep
|turn|10
|
|t:|1626660692
|switch|p2a: Umbreon|Umbreon, M|100/100
|move|p1a: Metagross|Meteor Mash|p2a: Umbreon
|-damage|p2a: Umbreon|67/100
|
|-heal|p1a: Metagross|89/100|[from] item: Leftovers
|upkeep
|turn|11
|
|t:|1626660698
|switch|p1a: Togekiss|Togekiss, M|100/100
|move|p2a: Umbreon|Toxic|p1a: Togekiss
|-status|p1a: Togekiss|tox
|
|-damage|p1a: Togekiss|94/100 tox|[from] psn
|upkeep
|turn|12
|
|t:|1626660707
|switch|p1a: Obstagoon|Obstagoon, F|100/100
|-damage|p1a: Obstagoon|88/100|[from] Stealth Rock
|move|p2a: Umbreon|Moonlight|p2a: Umbreon
|-heal|p2a: Umbreon|100/100
|
|-status|p1a: Obstagoon|brn|[from] item: Flame Orb
|upkeep
|turn|13
|
|t:|1626660723
|switch|p2a: Mienshao|Mienshao, F|100/100
|-damage|p2a: Mienshao|95/100|[from] Stealth Rock
|move|p1a: Obstagoon|Switcheroo|p2a: Mienshao
|-activate|p1a: Obstagoon|move: Trick|[of] p2a: Mienshao
|-item|p2a: Mienshao|Flame Orb|[from] move: Switcheroo
|-item|p1a: Obstagoon|Choice Scarf|[from] move: Switcheroo
|
|-damage|p1a: Obstagoon|82/100 brn|[from] brn
|-status|p2a: Mienshao|brn|[from] item: Flame Orb
|upkeep
|turn|14
|
|t:|1626660733
|move|p1a: Obstagoon|Facade|p2a: Mienshao
|-damage|p2a: Mienshao|0 fnt
|faint|p2a: Mienshao
|
|-damage|p1a: Obstagoon|76/100 brn|[from] brn
|upkeep
|
|t:|1626660740
|switch|p2a: Steelix|Steelix, M|85/100
|-damage|p2a: Steelix|82/100|[from] Stealth Rock
|turn|15
|j| turtledoggo1
|
|t:|1626660747
|switch|p1a: Porygon2|Porygon2|70/100 brn
|-damage|p1a: Porygon2|57/100 brn|[from] Stealth Rock
|move|p2a: Steelix|Earthquake|p1a: Porygon2
|-damage|p1a: Porygon2|37/100 brn
|
|-heal|p2a: Steelix|88/100|[from] item: Leftovers
|-damage|p1a: Porygon2|30/100 brn|[from] brn
|upkeep
|turn|16
|l| turtledoggo1
|
|t:|1626660756
|move|p1a: Porygon2|Recover|p1a: Porygon2
|-heal|p1a: Porygon2|80/100 brn
|move|p2a: Steelix|Earthquake|p1a: Porygon2
|-damage|p1a: Porygon2|62/100 brn
|
|-heal|p2a: Steelix|94/100|[from] item: Leftovers
|-damage|p1a: Porygon2|55/100 brn|[from] brn
|upkeep
|turn|17
|
|t:|1626660763
|move|p1a: Porygon2|Recover|p1a: Porygon2
|-heal|p1a: Porygon2|100/100 brn
|move|p2a: Steelix|Earthquake|p1a: Porygon2
|-damage|p1a: Porygon2|81/100 brn
|
|-heal|p2a: Steelix|100/100|[from] item: Leftovers
|-damage|p1a: Porygon2|75/100 brn|[from] brn
|upkeep
|turn|18
|
|t:|1626660774
|move|p2a: Steelix|Protect|p2a: Steelix
|-singleturn|p2a: Steelix|Protect
|move|p1a: Porygon2|Teleport|p1a: Porygon2
|
|t:|1626660782
|switch|p1a: Metagross|Metagross|89/100|[from]move: Teleport
|-damage|p1a: Metagross|83/100|[from] Stealth Rock
|
|-heal|p1a: Metagross|89/100|[from] item: Leftovers
|upkeep
|turn|19
|
|t:|1626660789
|switch|p2a: Umbreon|Umbreon, M|100/100
|move|p1a: Metagross|Meteor Mash|p2a: Umbreon
|-damage|p2a: Umbreon|66/100
|
|-heal|p1a: Metagross|95/100|[from] item: Leftovers
|upkeep
|turn|20
|
|t:|1626660793
|switch|p1a: Porygon2|Porygon2|75/100 brn
|-damage|p1a: Porygon2|62/100 brn|[from] Stealth Rock
|move|p2a: Umbreon|Foul Play|p1a: Porygon2
|-damage|p1a: Porygon2|48/100 brn
|
|-damage|p1a: Porygon2|42/100 brn|[from] brn
|upkeep
|turn|21
|
|t:|1626660804
|move|p2a: Umbreon|Foul Play|p1a: Porygon2
|-damage|p1a: Porygon2|29/100 brn
|move|p1a: Porygon2|Recover|p1a: Porygon2
|-heal|p1a: Porygon2|79/100 brn
|
|-damage|p1a: Porygon2|73/100 brn|[from] brn
|upkeep
|turn|22
|
|t:|1626660811
|move|p2a: Umbreon|Foul Play|p1a: Porygon2
|-crit|p1a: Porygon2
|-damage|p1a: Porygon2|54/100 brn
|move|p1a: Porygon2|Toxic|p2a: Umbreon
|-status|p2a: Umbreon|tox
|
|-damage|p2a: Umbreon|60/100 tox|[from] psn
|-damage|p1a: Porygon2|48/100 brn|[from] brn
|upkeep
|turn|23
|
|t:|1626660817
|move|p2a: Umbreon|Heal Bell|p2a: Umbreon
|-activate|p2a: Umbreon|move: Heal Bell
|-curestatus|p2a: Umbreon|tox|[msg]
|move|p1a: Porygon2|Recover|p1a: Porygon2
|-heal|p1a: Porygon2|98/100 brn
|
|-damage|p1a: Porygon2|91/100 brn|[from] brn
|upkeep
|turn|24
|
|t:|1626660820
|switch|p2a: Steelix|Steelix, M|100/100
|-damage|p2a: Steelix|97/100|[from] Stealth Rock
|move|p1a: Porygon2|Toxic|p2a: Steelix
|-immune|p2a: Steelix
|
|-heal|p2a: Steelix|100/100|[from] item: Leftovers
|-damage|p1a: Porygon2|85/100 brn|[from] brn
|upkeep
|turn|25
|
|t:|1626660828
|switch|p2a: Crobat|Crobat, F|100/100
|move|p1a: Porygon2|Teleport|p1a: Porygon2
|
|t:|1626660830
|switch|p1a: Obstagoon|Obstagoon, F|76/100 brn|[from]move: Teleport
|-damage|p1a: Obstagoon|63/100 brn|[from] Stealth Rock
|
|-damage|p1a: Obstagoon|57/100 brn|[from] brn
|upkeep
|turn|26
|
|t:|1626660848
|move|p1a: Obstagoon|Knock Off|p2a: Crobat
|-damage|p2a: Crobat|26/100
|-enditem|p2a: Crobat|Heavy-Duty Boots|[from] move: Knock Off|[of] p1a: Obstagoon
|move|p2a: Crobat|Brave Bird|p1a: Obstagoon
|-damage|p1a: Obstagoon|5/100 brn
|-damage|p2a: Crobat|8/100|[from] Recoil
|
|-damage|p1a: Obstagoon|0 fnt|[from] brn
|faint|p1a: Obstagoon
|upkeep
|
|t:|1626660857
|switch|p1a: Metagross|Metagross|95/100
|-damage|p1a: Metagross|89/100|[from] Stealth Rock
|turn|27
|
|t:|1626660866
|move|p1a: Metagross|Bullet Punch|p2a: Crobat
|-damage|p2a: Crobat|0 fnt
|faint|p2a: Crobat
|
|-heal|p1a: Metagross|95/100|[from] item: Leftovers
|upkeep
|
|t:|1626660873
|switch|p2a: Umbreon|Umbreon, M|60/100
|turn|28
|
|t:|1626660880
|switch|p1a: Porygon2|Porygon2|85/100 brn
|-damage|p1a: Porygon2|73/100 brn|[from] Stealth Rock
|move|p2a: Umbreon|Moonlight|p2a: Umbreon
|-heal|p2a: Umbreon|100/100
|
|-damage|p1a: Porygon2|66/100 brn|[from] brn
|upkeep
|turn|29
|
|t:|1626660884
|switch|p2a: Steelix|Steelix, M|100/100
|-damage|p2a: Steelix|97/100|[from] Stealth Rock
|move|p1a: Porygon2|Recover|p1a: Porygon2
|-heal|p1a: Porygon2|100/100 brn
|
|-heal|p2a: Steelix|100/100|[from] item: Leftovers
|-damage|p1a: Porygon2|94/100 brn|[from] brn
|upkeep
|turn|30
|
|t:|1626660895
|switch|p2a: Milotic|Milotic, M|75/100
|move|p1a: Porygon2|Tri Attack|p2a: Milotic
|-damage|p2a: Milotic|49/100
|
|-damage|p1a: Porygon2|88/100 brn|[from] brn
|upkeep
|turn|31
|
|t:|1626660902
|move|p2a: Milotic|Recover|p2a: Milotic
|-heal|p2a: Milotic|99/100
|move|p1a: Porygon2|Toxic|p2a: Milotic
|-status|p2a: Milotic|tox
|
|-damage|p2a: Milotic|93/100 tox|[from] psn
|-damage|p1a: Porygon2|82/100 brn|[from] brn
|upkeep
|turn|32
|
|t:|1626660913
|switch|p2a: Umbreon|Umbreon, M|100/100
|move|p1a: Porygon2|Tri Attack|p2a: Umbreon
|-damage|p2a: Umbreon|78/100
|
|-damage|p1a: Porygon2|76/100 brn|[from] brn
|upkeep
|turn|33
|
|t:|1626660919
|move|p2a: Umbreon|Foul Play|p1a: Porygon2
|-damage|p1a: Porygon2|62/100 brn
|move|p1a: Porygon2|Toxic|p2a: Umbreon|[miss]
|-miss|p1a: Porygon2|p2a: Umbreon
|
|-damage|p1a: Porygon2|55/100 brn|[from] brn
|upkeep
|turn|34
|
|t:|1626660925
|move|p2a: Umbreon|Foul Play|p1a: Porygon2
|-crit|p1a: Porygon2
|-damage|p1a: Porygon2|36/100 brn
|move|p1a: Porygon2|Toxic|p2a: Umbreon
|-status|p2a: Umbreon|tox
|
|-damage|p2a: Umbreon|72/100 tox|[from] psn
|-damage|p1a: Porygon2|30/100 brn|[from] brn
|upkeep
|turn|35
|
|t:|1626660935
|move|p2a: Umbreon|Heal Bell|p2a: Umbreon
|-activate|p2a: Umbreon|move: Heal Bell
|-curestatus|p2a: Umbreon|tox|[msg]
|-curestatus|p2: Milotic|tox|[msg]
|move|p1a: Porygon2|Recover|p1a: Porygon2
|-heal|p1a: Porygon2|80/100 brn
|
|-damage|p1a: Porygon2|74/100 brn|[from] brn
|upkeep
|turn|36
|
|t:|1626660941
|switch|p2a: Steelix|Steelix, M|100/100
|-damage|p2a: Steelix|97/100|[from] Stealth Rock
|move|p1a: Porygon2|Toxic|p2a: Steelix
|-immune|p2a: Steelix
|
|-heal|p2a: Steelix|100/100|[from] item: Leftovers
|-damage|p1a: Porygon2|68/100 brn|[from] brn
|upkeep
|turn|37
|j| THEREALCRISTIANOR7
|
|t:|1626660951
|switch|p1a: Togekiss|Togekiss, M|94/100 tox
|move|p2a: Steelix|Earthquake|p1a: Togekiss
|-immune|p1a: Togekiss
|
|-damage|p1a: Togekiss|88/100 tox|[from] psn
|upkeep
|turn|38
|
|t:|1626660957
|switch|p1a: Porygon2|Porygon2|68/100 brn
|-damage|p1a: Porygon2|55/100 brn|[from] Stealth Rock
|switch|p2a: Milotic|Milotic, M|93/100
|
|-damage|p1a: Porygon2|49/100 brn|[from] brn
|upkeep
|turn|39
|
|t:|1626660965
|switch|p2a: Steelix|Steelix, M|100/100
|-damage|p2a: Steelix|97/100|[from] Stealth Rock
|move|p1a: Porygon2|Recover|p1a: Porygon2
|-heal|p1a: Porygon2|99/100 brn
|
|-heal|p2a: Steelix|100/100|[from] item: Leftovers
|-damage|p1a: Porygon2|93/100 brn|[from] brn
|upkeep
|turn|40
|
|t:|1626660978
|switch|p2a: Milotic|Milotic, M|93/100
|move|p1a: Porygon2|Teleport|p1a: Porygon2
|
|t:|1626660984
|switch|p1a: Regidrago|Regidrago|100/100|[from]move: Teleport
|-damage|p1a: Regidrago|88/100|[from] Stealth Rock
|
|upkeep
|turn|41
|
|t:|1626660989
|switch|p1a: Porygon2|Porygon2|93/100 brn
|-damage|p1a: Porygon2|80/100 brn|[from] Stealth Rock
|move|p2a: Milotic|Toxic||[still]
|-fail|p2a: Milotic
|
|-damage|p1a: Porygon2|74/100 brn|[from] brn
|upkeep
|turn|42
|
|t:|1626660997
|switch|p2a: Steelix|Steelix, M|100/100
|-damage|p2a: Steelix|97/100|[from] Stealth Rock
|move|p1a: Porygon2|Teleport|p1a: Porygon2
|
|t:|1626661000
|switch|p1a: Metagross|Metagross|95/100|[from]move: Teleport
|-damage|p1a: Metagross|89/100|[from] Stealth Rock
|
|-heal|p1a: Metagross|95/100|[from] item: Leftovers
|-heal|p2a: Steelix|100/100|[from] item: Leftovers
|upkeep
|turn|43
|
|t:|1626661011
|switch|p2a: Milotic|Milotic, M|93/100
|move|p1a: Metagross|Meteor Mash|p2a: Milotic
|-resisted|p2a: Milotic
|-damage|p2a: Milotic|76/100
|
|-heal|p1a: Metagross|100/100|[from] item: Leftovers
|upkeep
|turn|44
|
|t:|1626661016
|switch|p1a: Porygon2|Porygon2|74/100 brn
|-damage|p1a: Porygon2|62/100 brn|[from] Stealth Rock
|move|p2a: Milotic|Scald|p1a: Porygon2
|-damage|p1a: Porygon2|49/100 brn
|
|-damage|p1a: Porygon2|42/100 brn|[from] brn
|upkeep
|turn|45
|
|t:|1626661024
|switch|p2a: Steelix|Steelix, M|100/100
|-damage|p2a: Steelix|97/100|[from] Stealth Rock
|move|p1a: Porygon2|Toxic|p2a: Steelix
|-immune|p2a: Steelix
|
|-heal|p2a: Steelix|100/100|[from] item: Leftovers
|-damage|p1a: Porygon2|36/100 brn|[from] brn
|upkeep
|turn|46
|
|t:|1626661042
|move|p1a: Porygon2|Recover|p1a: Porygon2
|-heal|p1a: Porygon2|86/100 brn
|move|p2a: Steelix|Earthquake|p1a: Porygon2
|-damage|p1a: Porygon2|65/100 brn
|
|-damage|p1a: Porygon2|59/100 brn|[from] brn
|upkeep
|turn|47
|
|t:|1626661055
|move|p1a: Porygon2|Tri Attack|p2a: Steelix
|-resisted|p2a: Steelix
|-damage|p2a: Steelix|87/100
|-status|p2a: Steelix|frz
|cant|p2a: Steelix|frz
|
|-heal|p2a: Steelix|93/100 frz|[from] item: Leftovers
|-damage|p1a: Porygon2|52/100 brn|[from] brn
|upkeep
|turn|48
|
|t:|1626661060
|move|p1a: Porygon2|Recover|p1a: Porygon2
|-heal|p1a: Porygon2|100/100 brn
|-curestatus|p2a: Steelix|frz|[msg]
|move|p2a: Steelix|Earthquake|p1a: Porygon2
|-damage|p1a: Porygon2|80/100 brn
|
|-heal|p2a: Steelix|99/100|[from] item: Leftovers
|-damage|p1a: Porygon2|74/100 brn|[from] brn
|upkeep
|turn|49
|
|t:|1626661065
|move|p2a: Steelix|Protect|p2a: Steelix
|-singleturn|p2a: Steelix|Protect
|move|p1a: Porygon2|Tri Attack|p2a: Steelix
|-activate|p2a: Steelix|move: Protect
|
|-heal|p2a: Steelix|100/100|[from] item: Leftovers
|-damage|p1a: Porygon2|68/100 brn|[from] brn
|upkeep
|turn|50
|
|t:|1626661084
|move|p1a: Porygon2|Tri Attack|p2a: Steelix
|-resisted|p2a: Steelix
|-damage|p2a: Steelix|86/100
|move|p2a: Steelix|Earthquake|p1a: Porygon2
|-damage|p1a: Porygon2|48/100 brn
|
|-heal|p2a: Steelix|93/100|[from] item: Leftovers
|-damage|p1a: Porygon2|42/100 brn|[from] brn
|upkeep
|turn|51
|
|t:|1626661101
|switch|p2a: Milotic|Milotic, M|76/100
|move|p1a: Porygon2|Recover|p1a: Porygon2
|-heal|p1a: Porygon2|92/100 brn
|
|-damage|p1a: Porygon2|86/100 brn|[from] brn
|upkeep
|turn|52
|
|t:|1626661106
|switch|p2a: Steelix|Steelix, M|93/100
|-damage|p2a: Steelix|89/100|[from] Stealth Rock
|move|p1a: Porygon2|Teleport|p1a: Porygon2
|
|t:|1626661113
|switch|p1a: Metagross|Metagross|100/100|[from]move: Teleport
|-damage|p1a: Metagross|94/100|[from] Stealth Rock
|
|-heal|p1a: Metagross|100/100|[from] item: Leftovers
|-heal|p2a: Steelix|96/100|[from] item: Leftovers
|upkeep
|turn|53
|
|t:|1626661120
|switch|p2a: Milotic|Milotic, M|76/100
|move|p1a: Metagross|Stealth Rock||[still]
|-fail|p1a: Metagross
|
|upkeep
|turn|54
|
|t:|1626661128
|switch|p1a: Porygon2|Porygon2|86/100 brn
|-damage|p1a: Porygon2|73/100 brn|[from] Stealth Rock
|move|p2a: Milotic|Scald|p1a: Porygon2
|-damage|p1a: Porygon2|61/100 brn
|
|-damage|p1a: Porygon2|55/100 brn|[from] brn
|upkeep
|turn|55
|l| THEREALCRISTIANOR7
|inactive|Battle timer is ON: inactive players will automatically lose when time's up. (requested by Dancanmanfan)
|
|t:|1626661160
|switch|p2a: Steelix|Steelix, M|96/100
|-damage|p2a: Steelix|93/100|[from] Stealth Rock
|move|p1a: Porygon2|Teleport|p1a: Porygon2
|
|t:|1626661166
|switch|p1a: Metagross|Metagross|100/100|[from]move: Teleport
|-damage|p1a: Metagross|94/100|[from] Stealth Rock
|
|-heal|p1a: Metagross|100/100|[from] item: Leftovers
|-heal|p2a: Steelix|99/100|[from] item: Leftovers
|upkeep
|turn|56
|inactive|RULT70A YWT has 120 seconds left.
|inactive|RULT70A YWT has 90 seconds left.
|
|t:|1626661228
|switch|p2a: Milotic|Milotic, M|76/100
|move|p1a: Metagross|Earthquake|p2a: Milotic
|-crit|p2a: Milotic
|-damage|p2a: Milotic|39/100
|
|upkeep
|turn|57
|
|t:|1626661239
|move|p2a: Milotic|Recover|p2a: Milotic
|-heal|p2a: Milotic|89/100
|move|p1a: Metagross|Earthquake|p2a: Milotic
|-damage|p2a: Milotic|65/100
|
|upkeep
|turn|58
|inactive|RULT70A YWT has 90 seconds left.
|inactive|RULT70A YWT has 60 seconds left.
|
|t:|1626661299
|switch|p1a: Porygon2|Porygon2|55/100 brn
|-damage|p1a: Porygon2|42/100 brn|[from] Stealth Rock
|move|p2a: Milotic|Scald|p1a: Porygon2
|-damage|p1a: Porygon2|29/100 brn
|
|-damage|p1a: Porygon2|23/100 brn|[from] brn
|upkeep
|turn|59
|
|t:|1626661305
|move|p2a: Milotic|Scald|p1a: Porygon2
|-crit|p1a: Porygon2
|-damage|p1a: Porygon2|2/100 brn
|move|p1a: Porygon2|Recover|p1a: Porygon2
|-heal|p1a: Porygon2|52/100 brn
|
|-damage|p1a: Porygon2|46/100 brn|[from] brn
|upkeep
|turn|60
|inactive|RULT70A YWT has 60 seconds left.
|
|t:|1626661321
|move|p2a: Milotic|Scald|p1a: Porygon2
|-damage|p1a: Porygon2|34/100 brn
|move|p1a: Porygon2|Toxic|p2a: Milotic
|-status|p2a: Milotic|tox
|
|-damage|p2a: Milotic|59/100 tox|[from] psn
|-damage|p1a: Porygon2|28/100 brn|[from] brn
|upkeep
|turn|61
|
|t:|1626661325
|switch|p2a: Umbreon|Umbreon, M|72/100
|move|p1a: Porygon2|Recover|p1a: Porygon2
|-heal|p1a: Porygon2|78/100 brn
|
|-damage|p1a: Porygon2|72/100 brn|[from] brn
|upkeep
|turn|62
|
|t:|1626661329
|move|p2a: Umbreon|Foul Play|p1a: Porygon2
|-damage|p1a: Porygon2|58/100 brn
|move|p1a: Porygon2|Toxic|p2a: Umbreon
|-status|p2a: Umbreon|tox
|
|-damage|p2a: Umbreon|66/100 tox|[from] psn
|-damage|p1a: Porygon2|52/100 brn|[from] brn
|upkeep
|turn|63
|
|t:|1626661343
|move|p2a: Umbreon|Heal Bell|p2a: Umbreon
|-activate|p2a: Umbreon|move: Heal Bell
|-curestatus|p2a: Umbreon|tox|[msg]
|-curestatus|p2: Milotic|tox|[msg]
|move|p1a: Porygon2|Teleport|p1a: Porygon2
|
|t:|1626661345
|switch|p1a: Regidrago|Regidrago|88/100|[from]move: Teleport
|-damage|p1a: Regidrago|76/100|[from] Stealth Rock
|
|upkeep
|turn|64
|
|t:|1626661349
|switch|p2a: Steelix|Steelix, M|99/100
|-damage|p2a: Steelix|96/100|[from] Stealth Rock
|move|p1a: Regidrago|Dragon Energy|p2a: Steelix
|-resisted|p2a: Steelix
|-damage|p2a: Steelix|63/100
|
|-heal|p2a: Steelix|69/100|[from] item: Leftovers
|upkeep
|turn|65
|
|t:|1626661357
|move|p2a: Steelix|Protect|p2a: Steelix
|-singleturn|p2a: Steelix|Protect
|move|p1a: Regidrago|Dragon Energy|p2a: Steelix
|-activate|p2a: Steelix|move: Protect
|
|-heal|p2a: Steelix|75/100|[from] item: Leftovers
|upkeep
|turn|66
|
|t:|1626661362
|move|p1a: Regidrago|Dragon Energy|p2a: Steelix
|-resisted|p2a: Steelix
|-damage|p2a: Steelix|43/100
|move|p2a: Steelix|Earthquake|p1a: Regidrago
|-damage|p1a: Regidrago|40/100
|
|-heal|p2a: Steelix|49/100|[from] item: Leftovers
|upkeep
|turn|67
|
|t:|1626661370
|switch|p1a: Metagross|Metagross|100/100
|-damage|p1a: Metagross|94/100|[from] Stealth Rock
|move|p2a: Steelix|Protect||[still]
|-fail|p2a: Steelix
|
|-heal|p1a: Metagross|100/100|[from] item: Leftovers
|-heal|p2a: Steelix|55/100|[from] item: Leftovers
|upkeep
|turn|68
|inactive|RULT70A YWT has 90 seconds left.
|inactive|RULT70A YWT has 60 seconds left.
|
|t:|1626661441
|switch|p2a: Milotic|Milotic, M|59/100
|move|p1a: Metagross|Meteor Mash|p2a: Milotic
|-resisted|p2a: Milotic
|-damage|p2a: Milotic|42/100
|
|upkeep
|turn|69
|inactive|Dancanmanfan has 120 seconds left.
|
|t:|1626661498
|move|p2a: Milotic|Recover|p2a: Milotic
|-heal|p2a: Milotic|92/100
|move|p1a: Metagross|Earthquake|p2a: Milotic
|-damage|p2a: Milotic|65/100
|
|upkeep
|turn|70
|inactive|RULT70A YWT has 60 seconds left.
|
|t:|1626661514
|switch|p1a: Porygon2|Porygon2|52/100 brn
|-damage|p1a: Porygon2|39/100 brn|[from] Stealth Rock
|move|p2a: Milotic|Scald|p1a: Porygon2
|-damage|p1a: Porygon2|26/100 brn
|
|-damage|p1a: Porygon2|20/100 brn|[from] brn
|upkeep
|turn|71
|inactive|RULT70A YWT has 60 seconds left.
|
|t:|1626661521
|switch|p2a: Steelix|Steelix, M|55/100
|-damage|p2a: Steelix|52/100|[from] Stealth Rock
|move|p1a: Porygon2|Recover|p1a: Porygon2
|-heal|p1a: Porygon2|70/100 brn
|
|-heal|p2a: Steelix|58/100|[from] item: Leftovers
|-damage|p1a: Porygon2|63/100 brn|[from] brn
|upkeep
|turn|72
|
|t:|1626661526
|move|p2a: Steelix|Protect|p2a: Steelix
|-singleturn|p2a: Steelix|Protect
|move|p1a: Porygon2|Tri Attack|p2a: Steelix
|-activate|p2a: Steelix|move: Protect
|
|-heal|p2a: Steelix|65/100|[from] item: Leftovers
|-damage|p1a: Porygon2|57/100 brn|[from] brn
|upkeep
|turn|73
|
|t:|1626661544
|move|p1a: Porygon2|Tri Attack|p2a: Steelix
|-resisted|p2a: Steelix
|-damage|p2a: Steelix|52/100
|-status|p2a: Steelix|par
|move|p2a: Steelix|Earthquake|p1a: Porygon2
|-damage|p1a: Porygon2|37/100 brn
|
|-heal|p2a: Steelix|58/100 par|[from] item: Leftovers
|-damage|p1a: Porygon2|30/100 brn|[from] brn
|upkeep
|turn|74
|
|t:|1626661549
|switch|p2a: Umbreon|Umbreon, M|66/100
|move|p1a: Porygon2|Recover|p1a: Porygon2
|-heal|p1a: Porygon2|80/100 brn
|
|-damage|p1a: Porygon2|74/100 brn|[from] brn
|upkeep
|turn|75
|
|t:|1626661553
|move|p2a: Umbreon|Foul Play|p1a: Porygon2
|-damage|p1a: Porygon2|62/100 brn
|move|p1a: Porygon2|Toxic|p2a: Umbreon
|-status|p2a: Umbreon|tox
|
|-damage|p2a: Umbreon|60/100 tox|[from] psn
|-damage|p1a: Porygon2|56/100 brn|[from] brn
|upkeep
|turn|76
|
|t:|1626661568
|move|p2a: Umbreon|Heal Bell|p2a: Umbreon
|-activate|p2a: Umbreon|move: Heal Bell
|-curestatus|p2a: Umbreon|tox|[msg]
|-curestatus|p2: Steelix|par|[msg]
|move|p1a: Porygon2|Toxic|p2a: Umbreon
|-status|p2a: Umbreon|tox
|
|-damage|p2a: Umbreon|54/100 tox|[from] psn
|-damage|p1a: Porygon2|49/100 brn|[from] brn
|upkeep
|turn|77
|inactive|RULT70A YWT has 90 seconds left.
|inactive|RULT70A YWT has 60 seconds left.
|
|t:|1626661616
|move|p2a: Umbreon|Moonlight|p2a: Umbreon
|-heal|p2a: Umbreon|100/100 tox
|move|p1a: Porygon2|Tri Attack|p2a: Umbreon
|-damage|p2a: Umbreon|78/100 tox
|
|-damage|p2a: Umbreon|65/100 tox|[from] psn
|-damage|p1a: Porygon2|43/100 brn|[from] brn
|upkeep
|turn|78
|
|t:|1626661621
|move|p2a: Umbreon|Heal Bell|p2a: Umbreon
|-activate|p2a: Umbreon|move: Heal Bell
|-curestatus|p2a: Umbreon|tox|[msg]
|move|p1a: Porygon2|Toxic|p2a: Umbreon
|-status|p2a: Umbreon|tox
|
|-damage|p2a: Umbreon|59/100 tox|[from] psn
|-damage|p1a: Porygon2|37/100 brn|[from] brn
|upkeep
|turn|79
|
|t:|1626661635
|move|p2a: Umbreon|Heal Bell|p2a: Umbreon
|-activate|p2a: Umbreon|move: Heal Bell
|-curestatus|p2a: Umbreon|tox|[msg]
|move|p1a: Porygon2|Recover|p1a: Porygon2
|-heal|p1a: Porygon2|87/100 brn
|
|-damage|p1a: Porygon2|81/100 brn|[from] brn
|upkeep
|turn|80
|
|t:|1626661639
|switch|p2a: Steelix|Steelix, M|58/100
|-damage|p2a: Steelix|55/100|[from] Stealth Rock
|move|p1a: Porygon2|Teleport|p1a: Porygon2
|
|t:|1626661642
|switch|p1a: Metagross|Metagross|100/100|[from]move: Teleport
|-damage|p1a: Metagross|94/100|[from] Stealth Rock
|
|-heal|p1a: Metagross|100/100|[from] item: Leftovers
|-heal|p2a: Steelix|61/100|[from] item: Leftovers
|upkeep
|turn|81
|
|t:|1626661662
|switch|p2a: Milotic|Milotic, M|65/100
|move|p1a: Metagross|Meteor Mash|p2a: Milotic
|-resisted|p2a: Milotic
|-damage|p2a: Milotic|49/100
|
|upkeep
|turn|82
|
|t:|1626661673
|switch|p1a: Togekiss|Togekiss, M|88/100 tox
|move|p2a: Milotic|Recover|p2a: Milotic
|-heal|p2a: Milotic|99/100
|
|-damage|p1a: Togekiss|82/100 tox|[from] psn
|upkeep
|turn|83
|inactive|RULT70A YWT has 90 seconds left.
|
|t:|1626661681
|move|p1a: Togekiss|Air Slash|p2a: Milotic
|-crit|p2a: Milotic
|-damage|p2a: Milotic|66/100
|move|p2a: Milotic|Scald|p1a: Togekiss
|-damage|p1a: Togekiss|59/100 tox
|
|-damage|p1a: Togekiss|47/100 tox|[from] psn
|upkeep
|turn|84
|
|t:|1626661686
|switch|p2a: Steelix|Steelix, M|61/100
|-damage|p2a: Steelix|58/100|[from] Stealth Rock
|move|p1a: Togekiss|Thunder Wave|p2a: Steelix
|-immune|p2a: Steelix
|
|-heal|p2a: Steelix|64/100|[from] item: Leftovers
|-damage|p1a: Togekiss|28/100 tox|[from] psn
|upkeep
|turn|85
|
|t:|1626661693
|move|p2a: Steelix|Protect|p2a: Steelix
|-singleturn|p2a: Steelix|Protect
|move|p1a: Togekiss|Air Slash|p2a: Steelix
|-activate|p2a: Steelix|move: Protect
|
|-heal|p2a: Steelix|71/100|[from] item: Leftovers
|-damage|p1a: Togekiss|3/100 tox|[from] psn
|upkeep
|turn|86
|
|t:|1626661701
|move|p1a: Togekiss|Air Slash|p2a: Steelix
|-resisted|p2a: Steelix
|-damage|p2a: Steelix|57/100
|cant|p2a: Steelix|flinch
|
|-heal|p2a: Steelix|63/100|[from] item: Leftovers
|-damage|p1a: Togekiss|0 fnt|[from] psn
|faint|p1a: Togekiss
|upkeep
|
|t:|1626661708
|switch|p1a: Metagross|Metagross|100/100
|-damage|p1a: Metagross|94/100|[from] Stealth Rock
|turn|87
|
|t:|1626661732
|move|p2a: Steelix|Protect|p2a: Steelix
|-singleturn|p2a: Steelix|Protect
|move|p1a: Metagross|Meteor Mash|p2a: Steelix
|-activate|p2a: Steelix|move: Protect
|
|-heal|p1a: Metagross|100/100|[from] item: Leftovers
|-heal|p2a: Steelix|70/100|[from] item: Leftovers
|upkeep
|turn|88
|inactive|RULT70A YWT has 90 seconds left.
|
|t:|1626661746
|move|p1a: Metagross|Meteor Mash|p2a: Steelix
|-resisted|p2a: Steelix
|-damage|p2a: Steelix|58/100
|move|p2a: Steelix|Earthquake|p1a: Metagross
|-supereffective|p1a: Metagross
|-damage|p1a: Metagross|56/100
|
|-heal|p1a: Metagross|62/100|[from] item: Leftovers
|-heal|p2a: Steelix|64/100|[from] item: Leftovers
|upkeep
|turn|89
|
|t:|1626661750
|switch|p2a: Milotic|Milotic, M|66/100
|move|p1a: Metagross|Meteor Mash|p2a: Milotic
|-resisted|p2a: Milotic
|-damage|p2a: Milotic|48/100
|
|-heal|p1a: Metagross|68/100|[from] item: Leftovers
|upkeep
|turn|90
|
|t:|1626661761
|switch|p1a: Porygon2|Porygon2|81/100 brn
|-damage|p1a: Porygon2|68/100 brn|[from] Stealth Rock
|move|p2a: Milotic|Recover|p2a: Milotic
|-heal|p2a: Milotic|98/100
|
|-damage|p1a: Porygon2|62/100 brn|[from] brn
|upkeep
|turn|91
|inactive|RULT70A YWT has 90 seconds left.
|
|t:|1626661779
|switch|p2a: Steelix|Steelix, M|64/100
|-damage|p2a: Steelix|61/100|[from] Stealth Rock
|move|p1a: Porygon2|Teleport|p1a: Porygon2
|
|t:|1626661782
|switch|p1a: Metagross|Metagross|68/100|[from]move: Teleport
|-damage|p1a: Metagross|62/100|[from] Stealth Rock
|
|-heal|p1a: Metagross|68/100|[from] item: Leftovers
|-heal|p2a: Steelix|67/100|[from] item: Leftovers
|upkeep
|turn|92
|inactive|RULT70A YWT has 90 seconds left.
|
|t:|1626661799
|switch|p2a: Milotic|Milotic, M|98/100
|move|p1a: Metagross|Earthquake|p2a: Milotic
|-damage|p2a: Milotic|70/100
|
|-heal|p1a: Metagross|74/100|[from] item: Leftovers
|upkeep
|turn|93
|
|t:|1626661803
|move|p2a: Milotic|Scald|p1a: Metagross
|-damage|p1a: Metagross|50/100
|-status|p1a: Metagross|brn
|move|p1a: Metagross|Meteor Mash|p2a: Milotic|[miss]
|-miss|p1a: Metagross|p2a: Milotic
|
|-heal|p1a: Metagross|56/100 brn|[from] item: Leftovers
|-damage|p1a: Metagross|50/100 brn|[from] brn
|upkeep
|turn|94
|inactive|RULT70A YWT has 90 seconds left.
|
|t:|1626661815
|move|p2a: Milotic|Scald|p1a: Metagross
|-crit|p1a: Metagross
|-damage|p1a: Metagross|15/100 brn
|move|p1a: Metagross|Meteor Mash|p2a: Milotic
|-resisted|p2a: Milotic
|-damage|p2a: Milotic|61/100
|
|-heal|p1a: Metagross|21/100 brn|[from] item: Leftovers
|-damage|p1a: Metagross|15/100 brn|[from] brn
|upkeep
|turn|95
|inactive|RULT70A YWT has 90 seconds left.
|
|t:|1626661841
|switch|p1a: Porygon2|Porygon2|62/100 brn
|-damage|p1a: Porygon2|50/100 brn|[from] Stealth Rock
|move|p2a: Milotic|Scald|p1a: Porygon2
|-damage|p1a: Porygon2|37/100 brn
|
|-damage|p1a: Porygon2|30/100 brn|[from] brn
|upkeep
|turn|96
|
|t:|1626661846
|switch|p2a: Steelix|Steelix, M|67/100
|-damage|p2a: Steelix|64/100|[from] Stealth Rock
|move|p1a: Porygon2|Recover|p1a: Porygon2
|-heal|p1a: Porygon2|80/100 brn
|
|-heal|p2a: Steelix|70/100|[from] item: Leftovers
|-damage|p1a: Porygon2|74/100 brn|[from] brn
|upkeep
|turn|97
|
|t:|1626661864
|move|p2a: Steelix|Protect|p2a: Steelix
|-singleturn|p2a: Steelix|Protect
|move|p1a: Porygon2|Teleport|p1a: Porygon2
|
|t:|1626661867
|switch|p1a: Metagross|Metagross|15/100 brn|[from]move: Teleport
|-damage|p1a: Metagross|9/100 brn|[from] Stealth Rock
|
|-heal|p1a: Metagross|15/100 brn|[from] item: Leftovers
|-heal|p2a: Steelix|76/100|[from] item: Leftovers
|-damage|p1a: Metagross|9/100 brn|[from] brn
|upkeep
|turn|98
|
|t:|1626661881
|switch|p1a: Porygon2|Porygon2|74/100 brn
|-damage|p1a: Porygon2|62/100 brn|[from] Stealth Rock
|switch|p2a: Milotic|Milotic, M|61/100
|
|-damage|p1a: Porygon2|56/100 brn|[from] brn
|upkeep
|turn|99
|
|t:|1626661885
|switch|p2a: Steelix|Steelix, M|76/100
|-damage|p2a: Steelix|73/100|[from] Stealth Rock
|move|p1a: Porygon2|Toxic|p2a: Steelix
|-immune|p2a: Steelix
|
|-heal|p2a: Steelix|79/100|[from] item: Leftovers
|-damage|p1a: Porygon2|49/100 brn|[from] brn
|upkeep
|turn|100
|
|t:|1626661897
|move|p1a: Porygon2|Tri Attack|p2a: Steelix
|-resisted|p2a: Steelix
|-damage|p2a: Steelix|65/100
|move|p2a: Steelix|Stealth Rock||[still]
|-fail|p2a: Steelix
|
|-heal|p2a: Steelix|71/100|[from] item: Leftovers
|-damage|p1a: Porygon2|43/100 brn|[from] brn
|upkeep
|turn|101
|
|t:|1626661901
|move|p2a: Steelix|Stealth Rock||[still]
|-fail|p2a: Steelix
|move|p1a: Porygon2|Teleport|p1a: Porygon2
|
|t:|1626661904
|switch|p1a: Regidrago|Regidrago|40/100|[from]move: Teleport
|-damage|p1a: Regidrago|28/100|[from] Stealth Rock
|
|-heal|p2a: Steelix|78/100|[from] item: Leftovers
|upkeep
|turn|102
|
|t:|1626661910
|move|p2a: Steelix|Protect|p2a: Steelix
|-singleturn|p2a: Steelix|Protect
|move|p1a: Regidrago|Draco Meteor|p2a: Steelix
|-activate|p2a: Steelix|move: Protect
|
|-heal|p2a: Steelix|84/100|[from] item: Leftovers
|upkeep
|turn|103
|
|t:|1626661915
|move|p1a: Regidrago|Draco Meteor|p2a: Steelix
|-resisted|p2a: Steelix
|-damage|p2a: Steelix|46/100
|-unboost|p1a: Regidrago|spa|2
|move|p2a: Steelix|Earthquake|p1a: Regidrago
|-crit|p1a: Regidrago
|-damage|p1a: Regidrago|0 fnt
|faint|p1a: Regidrago
|
|-heal|p2a: Steelix|52/100|[from] item: Leftovers
|upkeep
|-message|Dancanmanfan forfeited.
|
|win|RULT70A YWT
|raw|Dancanmanfan's rating: 1346 &rarr; <strong>1330</strong><br />(-16 for losing)
|raw|RULT70A YWT's rating: 1420 &rarr; <strong>1436</strong><br />(+16 for winning)
|l|☆Dancanmanfan
