|j|☆Polarbear1000
|j|☆Nemris
|player|p1|Polarbear1000|265|1134
|player|p2|Nemris|265|1296
|teamsize|p1|6
|teamsize|p2|6
|gametype|singles
|gen|8
|tier|[Gen 8] RU
|rated|
|clearpoke
|poke|p1|Gallade, M|
|poke|p1|Torkoal, F|
|poke|p1|Charizard, F|
|poke|p1|Exeggutor-Alola, F|
|poke|p1|Vaporeon, M|
|poke|p1|Rhydon, F|
|poke|p2|Machamp, F|
|poke|p2|Xatu, M|
|poke|p2|Porygon2|
|poke|p2|Vikavolt, M|
|poke|p2|Runerigus, F|
|poke|p2|Dhelmise|
|rule|Sleep Clause Mod: Limit one foe put to sleep
|rule|Species Clause: Limit one of each Pokémon
|rule|OHKO Clause: OHKO moves are banned
|rule|Evasion Moves Clause: Evasion moves are banned
|rule|Endless Battle Clause: Forcing endless battles is banned
|rule|HP Percentage Mod: HP is shown in percentages
|rule|Dynamax Clause: You cannot dynamax
|teampreview
|c|☆Polarbear1000|gl hf
|
|start
|switch|p1a: Exeggutor|Exeggutor-Alola, F|100/100
|switch|p2a: Runerigus|Runerigus, F|100/100
|turn|1
|j| CyclisteDress
|
|switch|p2a: Porygon2|Porygon2|100/100
|-ability|p2a: Porygon2|Harvest|[from] ability: Trace|[of] p1a: Exeggutor
|move|p1a: Exeggutor|Energy Ball|p2a: Porygon2
|-damage|p2a: Porygon2|83/100
|
|upkeep
|turn|2
|
|move|p1a: Exeggutor|Toxic|p2a: Porygon2
|-status|p2a: Porygon2|tox
|move|p2a: Porygon2|Trick Room|p2a: Porygon2
|-fieldstart|move: Trick Room|[of] p2a: Porygon2
|
|-damage|p2a: Porygon2|76/100 tox|[from] psn
|upkeep
|turn|3
|
|move|p1a: Exeggutor|Protect|p1a: Exeggutor
|-singleturn|p1a: Exeggutor|Protect
|move|p2a: Porygon2|Teleport|p2a: Porygon2
|
|switch|p2a: Machamp|Machamp, F|100/100|[from]move: Teleport
|
|upkeep
|turn|4
|
|move|p1a: Exeggutor|Toxic|p2a: Machamp
|-status|p2a: Machamp|tox
|move|p2a: Machamp|Dynamic Punch|p1a: Exeggutor
|-damage|p1a: Exeggutor|48/100
|-start|p1a: Exeggutor|confusion
|-enditem|p1a: Exeggutor|Sitrus Berry|[eat]
|-heal|p1a: Exeggutor|73/100|[from] item: Sitrus Berry
|
|-damage|p2a: Machamp|94/100 tox|[from] psn
|upkeep
|turn|5
|
|-activate|p1a: Exeggutor|confusion
|move|p1a: Exeggutor|Protect|p1a: Exeggutor
|-singleturn|p1a: Exeggutor|Protect
|move|p2a: Machamp|Knock Off|p1a: Exeggutor
|-activate|p1a: Exeggutor|move: Protect
|
|-damage|p2a: Machamp|82/100 tox|[from] psn
|-item|p1a: Exeggutor|Sitrus Berry|[from] ability: Harvest
|upkeep
|turn|6
|
|switch|p1a: Charizard|Charizard, F|100/100
|move|p2a: Machamp|Knock Off|p1a: Charizard
|-damage|p1a: Charizard|49/100
|-enditem|p1a: Charizard|Heavy-Duty Boots|[from] move: Knock Off|[of] p2a: Machamp
|
|-damage|p2a: Machamp|64/100 tox|[from] psn
|-fieldend|move: Trick Room
|upkeep
|turn|7
|
|switch|p2a: Porygon2|Porygon2|76/100 tox
|-ability|p2a: Porygon2|Solar Power|[from] ability: Trace|[of] p1a: Charizard
|move|p1a: Charizard|Flamethrower|p2a: Porygon2
|-damage|p2a: Porygon2|58/100 tox
|
|-damage|p2a: Porygon2|52/100 tox|[from] psn
|upkeep
|turn|8
|
|switch|p1a: Torkoal|Torkoal, F|100/100
|-weather|SunnyDay|[from] ability: Drought|[of] p1a: Torkoal
|move|p2a: Porygon2|Trick Room|p2a: Porygon2
|-fieldstart|move: Trick Room|[of] p2a: Porygon2
|
|-weather|SunnyDay|[upkeep]
|-damage|p2a: Porygon2|40/100 tox|[from] ability: Solar Power|[of] p2a: Porygon2
|-damage|p2a: Porygon2|27/100 tox|[from] psn
|upkeep
|turn|9
|
|switch|p2a: Xatu|Xatu, M, shiny|100/100
|move|p1a: Torkoal|Flamethrower|p2a: Xatu
|-damage|p2a: Xatu|49/100
|
|-weather|SunnyDay|[upkeep]
|-heal|p2a: Xatu|55/100|[from] item: Leftovers
|upkeep
|turn|10
|
|move|p1a: Torkoal|Flamethrower|p2a: Xatu
|-damage|p2a: Xatu|0 fnt
|faint|p2a: Xatu
|
|-weather|SunnyDay|[upkeep]
|upkeep
|
|switch|p2a: Machamp|Machamp, F|64/100 tox
|turn|11
|
|move|p1a: Torkoal|Flamethrower|p2a: Machamp
|-damage|p2a: Machamp|3/100 tox
|move|p2a: Machamp|Dynamic Punch|p1a: Torkoal
|-damage|p1a: Torkoal|49/100
|-start|p1a: Torkoal|confusion
|
|-weather|SunnyDay|[upkeep]
|-damage|p2a: Machamp|0 fnt|[from] psn
|faint|p2a: Machamp
|upkeep
|
|switch|p2a: Dhelmise|Dhelmise|100/100
|turn|12
|
|-activate|p1a: Torkoal|confusion
|-damage|p1a: Torkoal|44/100|[from] confusion
|move|p2a: Dhelmise|Poltergeist|p1a: Torkoal
|-activate|p1a: Torkoal|move: Poltergeist|Heat Rock
|-damage|p1a: Torkoal|0 fnt
|faint|p1a: Torkoal
|
|-weather|SunnyDay|[upkeep]
|-fieldend|move: Trick Room
|upkeep
|
|switch|p1a: Rhydon|Rhydon, F|100/100
|turn|13
|
|move|p1a: Rhydon|Megahorn|p2a: Dhelmise|[miss]
|-miss|p1a: Rhydon|p2a: Dhelmise
|move|p2a: Dhelmise|Poltergeist|p1a: Rhydon
|-activate|p1a: Rhydon|move: Poltergeist|Eviolite
|-damage|p1a: Rhydon|59/100
|
|-weather|SunnyDay|[upkeep]
|upkeep
|turn|14
|
|move|p1a: Rhydon|Megahorn|p2a: Dhelmise
|-damage|p2a: Dhelmise|69/100
|move|p2a: Dhelmise|Poltergeist|p1a: Rhydon
|-activate|p1a: Rhydon|move: Poltergeist|Eviolite
|-damage|p1a: Rhydon|12/100
|
|-weather|SunnyDay|[upkeep]
|upkeep
|turn|15
|
|switch|p1a: Exeggutor|Exeggutor-Alola, F|73/100
|move|p2a: Dhelmise|Poltergeist|p1a: Exeggutor|[miss]
|-miss|p2a: Dhelmise|p1a: Exeggutor
|
|-weather|none
|upkeep
|turn|16
|
|switch|p2a: Porygon2|Porygon2|27/100 tox
|-ability|p2a: Porygon2|Harvest|[from] ability: Trace|[of] p1a: Exeggutor
|move|p1a: Exeggutor|Toxic|p2a: Porygon2
|-fail|p2a: Porygon2|tox
|
|-damage|p2a: Porygon2|21/100 tox|[from] psn
|upkeep
|turn|17
|
|move|p2a: Porygon2|Recover|p2a: Porygon2
|-heal|p2a: Porygon2|71/100 tox
|move|p1a: Exeggutor|Synthesis|p1a: Exeggutor
|-heal|p1a: Exeggutor|100/100
|
|-damage|p2a: Porygon2|59/100 tox|[from] psn
|upkeep
|turn|18
|
|move|p1a: Exeggutor|Energy Ball|p2a: Porygon2
|-damage|p2a: Porygon2|40/100 tox
|move|p2a: Porygon2|Trick Room|p2a: Porygon2
|-fieldstart|move: Trick Room|[of] p2a: Porygon2
|
|-damage|p2a: Porygon2|22/100 tox|[from] psn
|upkeep
|turn|19
|
|move|p1a: Exeggutor|Energy Ball|p2a: Porygon2
|-damage|p2a: Porygon2|5/100 tox
|move|p2a: Porygon2|Tri Attack|p1a: Exeggutor
|-damage|p1a: Exeggutor|70/100
|
|-damage|p2a: Porygon2|0 fnt|[from] psn
|faint|p2a: Porygon2
|upkeep
|
|switch|p2a: Vikavolt|Vikavolt, M|100/100
|turn|20
|
|move|p1a: Exeggutor|Protect|p1a: Exeggutor
|-singleturn|p1a: Exeggutor|Protect
|move|p2a: Vikavolt|Bug Buzz|p1a: Exeggutor
|-activate|p1a: Exeggutor|move: Protect
|
|upkeep
|turn|21
|
|switch|p1a: Rhydon|Rhydon, F|12/100
|move|p2a: Vikavolt|Bug Buzz|p1a: Rhydon
|-damage|p1a: Rhydon|0 fnt
|faint|p1a: Rhydon
|
|upkeep
|
|switch|p1a: Vaporeon|Vaporeon, M|100/100
|turn|22
|
|move|p2a: Vikavolt|Volt Switch|p1a: Vaporeon
|-supereffective|p1a: Vaporeon
|-damage|p1a: Vaporeon|55/100
|
|switch|p2a: Runerigus|Runerigus, F|100/100|[from]move: Volt Switch
|move|p1a: Vaporeon|Wish|p1a: Vaporeon
|
|-heal|p1a: Vaporeon|61/100|[from] item: Leftovers
|-fieldend|move: Trick Room
|upkeep
|turn|23
|
|move|p1a: Vaporeon|Protect|p1a: Vaporeon
|-singleturn|p1a: Vaporeon|Protect
|move|p2a: Runerigus|Stealth Rock|p1a: Vaporeon
|-sidestart|p1: Polarbear1000|move: Stealth Rock
|
|-heal|p1a: Vaporeon|100/100|[from] move: Wish|[wisher] Vaporeon
|upkeep
|turn|24
|
|move|p1a: Vaporeon|Toxic|p2a: Runerigus
|-status|p2a: Runerigus|tox
|move|p2a: Runerigus|Trick Room|p2a: Runerigus
|-fieldstart|move: Trick Room|[of] p2a: Runerigus
|
|-damage|p2a: Runerigus|94/100 tox|[from] psn
|upkeep
|turn|25
|
|switch|p2a: Dhelmise|Dhelmise|69/100
|move|p1a: Vaporeon|Protect||[still]
|-fail|p1a: Vaporeon
|
|upkeep
|turn|26
|
|move|p2a: Dhelmise|Switcheroo|p1a: Vaporeon
|-activate|p2a: Dhelmise|move: Trick|[of] p1a: Vaporeon
|-item|p1a: Vaporeon|Choice Band|[from] move: Switcheroo
|-item|p2a: Dhelmise|Leftovers|[from] move: Switcheroo
|move|p1a: Vaporeon|Wish|p1a: Vaporeon
|
|-heal|p2a: Dhelmise|75/100|[from] item: Leftovers
|upkeep
|turn|27
|
|switch|p1a: Charizard|Charizard, F|49/100
|-damage|p1a: Charizard|0 fnt|[from] Stealth Rock
|faint|p1a: Charizard
|move|p2a: Dhelmise|Poltergeist|p1: Charizard|[notarget]
|-fail|p2a: Dhelmise
|
|-heal|p2a: Dhelmise|81/100|[from] item: Leftovers
|upkeep
|
|switch|p1a: Exeggutor|Exeggutor-Alola, F|70/100
|-damage|p1a: Exeggutor|57/100|[from] Stealth Rock
|turn|28
|
|move|p2a: Dhelmise|Poltergeist|p1a: Exeggutor
|-activate|p1a: Exeggutor|move: Poltergeist|Sitrus Berry
|-damage|p1a: Exeggutor|9/100
|-enditem|p1a: Exeggutor|Sitrus Berry|[eat]
|-heal|p1a: Exeggutor|34/100|[from] item: Sitrus Berry
|move|p1a: Exeggutor|Synthesis|p1a: Exeggutor
|-heal|p1a: Exeggutor|84/100
|
|-heal|p2a: Dhelmise|87/100|[from] item: Leftovers
|-fieldend|move: Trick Room
|upkeep
|turn|29
|
|switch|p2a: Runerigus|Runerigus, F|94/100 tox
|move|p1a: Exeggutor|Toxic|p2a: Runerigus
|-fail|p2a: Runerigus|tox
|
|-heal|p2a: Runerigus|100/100 tox|[from] item: Leftovers
|-damage|p2a: Runerigus|94/100 tox|[from] psn
|-item|p1a: Exeggutor|Sitrus Berry|[from] ability: Harvest
|upkeep
|turn|30
|
|move|p1a: Exeggutor|Energy Ball|p2a: Runerigus
|-supereffective|p2a: Runerigus
|-damage|p2a: Runerigus|11/100 tox
|move|p2a: Runerigus|Trick Room|p2a: Runerigus
|-fieldstart|move: Trick Room|[of] p2a: Runerigus
|
|-heal|p2a: Runerigus|17/100 tox|[from] item: Leftovers
|-damage|p2a: Runerigus|5/100 tox|[from] psn
|upkeep
|turn|31
|
|move|p2a: Runerigus|Destiny Bond|p2a: Runerigus
|-singlemove|p2a: Runerigus|Destiny Bond
|move|p1a: Exeggutor|Energy Ball|p2a: Runerigus
|-supereffective|p2a: Runerigus
|-damage|p2a: Runerigus|0 fnt
|faint|p2a: Runerigus
|-activate|p2a: Runerigus|move: Destiny Bond
|faint|p1a: Exeggutor
|
|upkeep
|
|switch|p2a: Vikavolt|Vikavolt, M|100/100
|switch|p1a: Vaporeon|Vaporeon, M|100/100
|-damage|p1a: Vaporeon|88/100|[from] Stealth Rock
|turn|32
|
|move|p2a: Vikavolt|Thunderbolt|p1a: Vaporeon
|-supereffective|p1a: Vaporeon
|-damage|p1a: Vaporeon|30/100
|move|p1a: Vaporeon|Wish|p1a: Vaporeon
|
|upkeep
|turn|33
|
|move|p2a: Vikavolt|Volt Switch|p1a: Vaporeon
|-supereffective|p1a: Vaporeon
|-damage|p1a: Vaporeon|0 fnt
|faint|p1a: Vaporeon
|
|switch|p2a: Dhelmise|Dhelmise|87/100|[from]move: Volt Switch
|
|-heal|p2a: Dhelmise|93/100|[from] item: Leftovers
|upkeep
|
|switch|p1a: Gallade|Gallade, M|100/100
|-damage|p1a: Gallade|94/100|[from] Stealth Rock
|turn|34
|
|move|p2a: Dhelmise|Poltergeist|p1a: Gallade
|-activate|p1a: Gallade|move: Poltergeist|Blunder Policy
|-supereffective|p1a: Gallade
|-damage|p1a: Gallade|0 fnt
|faint|p1a: Gallade
|
|win|Nemris
|raw|Polarbear1000's rating: 1134 &rarr; <strong>1119</strong><br />(-15 for losing)
|raw|Nemris's rating: 1296 &rarr; <strong>1310</strong><br />(+14 for winning)
|l|☆Polarbear1000
