|j|☆braden13579
|j|☆JLT3 oSuave
|player|p1|braden13579|190|1499
|player|p2|JLT3 oSuave|ethan-gen2c|1532
|teamsize|p1|6
|teamsize|p2|6
|gametype|singles
|gen|8
|tier|[Gen 8] RU
|rated|
|clearpoke
|poke|p1|Boltund, F|
|poke|p1|Gallade, M|
|poke|p1|Mudsdale, F|
|poke|p1|Rillaboom, M|
|poke|p1|Snorlax, F|
|poke|p1|Dhelmise|
|poke|p2|Sableye, F|
|poke|p2|Mantine, M|
|poke|p2|Snorlax, F|
|poke|p2|Steelix, F|
|poke|p2|Salazzle, F|
|poke|p2|Cramorant, F|
|rule|Sleep Clause Mod: Limit one foe put to sleep
|rule|Species Clause: Limit one of each Pokémon
|rule|OHKO Clause: OHKO moves are banned
|rule|Evasion Moves Clause: Evasion moves are banned
|rule|Endless Battle Clause: Forcing endless battles is banned
|rule|HP Percentage Mod: HP is shown in percentages
|rule|Dynamax Clause: You cannot dynamax
|teampreview
|inactive|Battle timer is ON: inactive players will automatically lose when time's up. (requested by JLT3 oSuave)
|
|start
|switch|p1a: Rillaboom|Rillaboom, M|100/100
|switch|p2a: Sableye|Sableye, F|100/100
|turn|1
|
|switch|p1a: Mudsdale|Mudsdale, F|100/100
|move|p2a: Sableye|Will-O-Wisp|p1a: Mudsdale
|-status|p1a: Mudsdale|brn
|
|-damage|p1a: Mudsdale|94/100 brn|[from] brn
|upkeep
|turn|2
|
|switch|p2a: Cramorant|Cramorant, F, shiny|100/100
|move|p1a: Mudsdale|Stealth Rock|p2a: Cramorant
|-sidestart|p2: JLT3 oSuave|move: Stealth Rock
|
|-heal|p1a: Mudsdale|100/100 brn|[from] item: Leftovers
|-damage|p1a: Mudsdale|94/100 brn|[from] brn
|upkeep
|turn|3
|
|switch|p1a: Snorlax|Snorlax, F|100/100
|move|p2a: Cramorant|Defog|p1a: Snorlax
|-unboost|p1a: Snorlax|evasion|1
|-sideend|p2: JLT3 oSuave|Stealth Rock|[from] move: Defog|[of] p2a: Cramorant
|
|upkeep
|turn|4
|
|switch|p2a: Sableye|Sableye, F|100/100
|move|p1a: Snorlax|Curse|p1a: Snorlax
|-unboost|p1a: Snorlax|spe|1
|-boost|p1a: Snorlax|atk|1
|-boost|p1a: Snorlax|def|1
|
|upkeep
|turn|5
|
|switch|p1a: Mudsdale|Mudsdale, F|94/100 brn
|move|p2a: Sableye|Encore||[still]
|-fail|p2a: Sableye
|
|-heal|p1a: Mudsdale|100/100 brn|[from] item: Leftovers
|-damage|p1a: Mudsdale|94/100 brn|[from] brn
|upkeep
|turn|6
|
|move|p2a: Sableye|Knock Off|p1a: Mudsdale
|-damage|p1a: Mudsdale|78/100 brn
|-ability|p1a: Mudsdale|Stamina|boost
|-boost|p1a: Mudsdale|def|1
|-enditem|p1a: Mudsdale|Leftovers|[from] move: Knock Off|[of] p2a: Sableye
|move|p1a: Mudsdale|Stealth Rock|p2a: Sableye
|-sidestart|p2: JLT3 oSuave|move: Stealth Rock
|
|-damage|p1a: Mudsdale|72/100 brn|[from] brn
|upkeep
|turn|7
|
|switch|p2a: Steelix|Steelix, F|100/100
|-damage|p2a: Steelix|97/100|[from] Stealth Rock
|switch|p1a: Dhelmise|Dhelmise|100/100
|
|-heal|p2a: Steelix|100/100|[from] item: Leftovers
|upkeep
|turn|8
|
|move|p1a: Dhelmise|Anchor Shot|p2a: Steelix
|-resisted|p2a: Steelix
|-damage|p2a: Steelix|89/100
|-activate|p2a: Steelix|trapped
|move|p2a: Steelix|Toxic|p1a: Dhelmise
|-status|p1a: Dhelmise|tox
|
|-heal|p2a: Steelix|95/100|[from] item: Leftovers
|-damage|p1a: Dhelmise|94/100 tox|[from] psn
|upkeep
|turn|9
|
|move|p1a: Dhelmise|Earthquake|p2a: Steelix
|-supereffective|p2a: Steelix
|-damage|p2a: Steelix|62/100
|move|p2a: Steelix|Stealth Rock|p1a: Dhelmise
|-sidestart|p1: braden13579|move: Stealth Rock
|
|-heal|p2a: Steelix|68/100|[from] item: Leftovers
|-damage|p1a: Dhelmise|82/100 tox|[from] psn
|upkeep
|turn|10
|
|move|p1a: Dhelmise|Earthquake|p2a: Steelix
|-supereffective|p2a: Steelix
|-damage|p2a: Steelix|34/100
|move|p2a: Steelix|Heavy Slam|p1a: Dhelmise
|-damage|p1a: Dhelmise|69/100 tox
|
|-heal|p2a: Steelix|40/100|[from] item: Leftovers
|-damage|p1a: Dhelmise|50/100 tox|[from] psn
|upkeep
|turn|11
|
|move|p1a: Dhelmise|Earthquake|p2a: Steelix
|-supereffective|p2a: Steelix
|-damage|p2a: Steelix|3/100
|move|p2a: Steelix|Heavy Slam|p1a: Dhelmise
|-damage|p1a: Dhelmise|37/100 tox
|
|-heal|p2a: Steelix|10/100|[from] item: Leftovers
|-damage|p1a: Dhelmise|13/100 tox|[from] psn
|upkeep
|turn|12
|
|move|p1a: Dhelmise|Earthquake|p2a: Steelix
|-supereffective|p2a: Steelix
|-damage|p2a: Steelix|0 fnt
|faint|p2a: Steelix
|
|-damage|p1a: Dhelmise|0 fnt|[from] psn
|faint|p1a: Dhelmise
|upkeep
|
|switch|p1a: Boltund|Boltund, F|100/100
|switch|p2a: Sableye|Sableye, F|100/100
|-damage|p1a: Boltund|88/100|[from] Stealth Rock
|-damage|p2a: Sableye|88/100|[from] Stealth Rock
|turn|13
|
|switch|p1a: Mudsdale|Mudsdale, F|72/100 brn
|-damage|p1a: Mudsdale|65/100 brn|[from] Stealth Rock
|move|p2a: Sableye|Will-O-Wisp|p1a: Mudsdale
|-fail|p1a: Mudsdale|brn
|
|-heal|p2a: Sableye|94/100|[from] item: Leftovers
|-damage|p1a: Mudsdale|59/100 brn|[from] brn
|upkeep
|turn|14
|
|switch|p2a: Cramorant|Cramorant, F, shiny|100/100
|move|p1a: Mudsdale|Toxic|p2a: Cramorant
|-status|p2a: Cramorant|tox
|
|-damage|p2a: Cramorant|94/100 tox|[from] psn
|-damage|p1a: Mudsdale|53/100 brn|[from] brn
|upkeep
|turn|15
|
|switch|p2a: Sableye|Sableye, F|94/100
|-damage|p2a: Sableye|82/100|[from] Stealth Rock
|switch|p1a: Rillaboom|Rillaboom, M|100/100
|-damage|p1a: Rillaboom|88/100|[from] Stealth Rock
|
|-heal|p2a: Sableye|88/100|[from] item: Leftovers
|upkeep
|turn|16
|
|switch|p1a: Mudsdale|Mudsdale, F|53/100 brn
|-damage|p1a: Mudsdale|47/100 brn|[from] Stealth Rock
|move|p2a: Sableye|Will-O-Wisp|p1a: Mudsdale|[miss]
|-miss|p2a: Sableye|p1a: Mudsdale
|
|-heal|p2a: Sableye|94/100|[from] item: Leftovers
|-damage|p1a: Mudsdale|41/100 brn|[from] brn
|upkeep
|turn|17
|
|switch|p2a: Cramorant|Cramorant, F, shiny|94/100 tox
|move|p1a: Mudsdale|Body Press|p2a: Cramorant
|-resisted|p2a: Cramorant
|-damage|p2a: Cramorant|87/100 tox
|
|-damage|p2a: Cramorant|81/100 tox|[from] psn
|-damage|p1a: Mudsdale|34/100 brn|[from] brn
|upkeep
|turn|18
|
|switch|p1a: Rillaboom|Rillaboom, M|88/100
|-damage|p1a: Rillaboom|76/100|[from] Stealth Rock
|move|p2a: Cramorant|Surf|p1a: Rillaboom
|-resisted|p1a: Rillaboom
|-formechange|p2a: Cramorant|Cramorant-Gulping|
|-damage|p1a: Rillaboom|58/100
|
|-damage|p2a: Cramorant|69/100 tox|[from] psn
|upkeep
|turn|19
|
|move|p1a: Rillaboom|Wood Hammer|p2a: Cramorant
|-damage|p2a: Cramorant|10/100 tox
|-damage|p1a: Rillaboom|33/100|[from] ability: Gulp Missile|[of] p2a: Cramorant
|-unboost|p1a: Rillaboom|def|1
|-formechange|p2a: Cramorant|Cramorant|
|-damage|p1a: Rillaboom|13/100|[from] Recoil
|move|p2a: Cramorant|Hurricane|p1a: Rillaboom|[miss]
|-miss|p2a: Cramorant|p1a: Rillaboom
|
|-damage|p2a: Cramorant|0 fnt|[from] psn
|faint|p2a: Cramorant
|upkeep
|
|switch|p2a: Sableye|Sableye, F|94/100
|-damage|p2a: Sableye|82/100|[from] Stealth Rock
|turn|20
|
|move|p2a: Sableye|Will-O-Wisp|p1a: Rillaboom
|-status|p1a: Rillaboom|brn
|move|p1a: Rillaboom|Wood Hammer|p2a: Sableye
|-crit|p2a: Sableye
|-damage|p2a: Sableye|16/100
|-damage|p1a: Rillaboom|0 fnt|[from] Recoil
|faint|p1a: Rillaboom
|
|-heal|p2a: Sableye|22/100|[from] item: Leftovers
|upkeep
|c|☆JLT3 oSuave|ok
|
|switch|p1a: Boltund|Boltund, F|88/100
|-damage|p1a: Boltund|76/100|[from] Stealth Rock
|turn|21
|inactive|JLT3 oSuave has 120 seconds left.
|
|switch|p2a: Mantine|Mantine, M, shiny|100/100
|move|p1a: Boltund|Thunder Fang|p2a: Mantine
|-supereffective|p2a: Mantine
|-damage|p2a: Mantine|0 fnt
|faint|p2a: Mantine
|
|upkeep
|
|switch|p2a: Snorlax|Snorlax, F|100/100
|-damage|p2a: Snorlax|88/100|[from] Stealth Rock
|turn|22
|
|switch|p1a: Gallade|Gallade, M|100/100
|-damage|p1a: Gallade|94/100|[from] Stealth Rock
|move|p2a: Snorlax|Curse|p2a: Snorlax
|-unboost|p2a: Snorlax|spe|1
|-boost|p2a: Snorlax|atk|1
|-boost|p2a: Snorlax|def|1
|
|-heal|p2a: Snorlax|94/100|[from] item: Leftovers
|upkeep
|turn|23
|
|move|p1a: Gallade|Close Combat|p2a: Snorlax
|-supereffective|p2a: Snorlax
|-damage|p2a: Snorlax|4/100
|-unboost|p1a: Gallade|def|1
|-unboost|p1a: Gallade|spd|1
|move|p2a: Snorlax|Body Slam|p1a: Gallade
|-damage|p1a: Gallade|0 fnt
|faint|p1a: Gallade
|
|-heal|p2a: Snorlax|10/100|[from] item: Leftovers
|upkeep
|
|switch|p1a: Boltund|Boltund, F|76/100
|-damage|p1a: Boltund|64/100|[from] Stealth Rock
|turn|24
|
|move|p1a: Boltund|Crunch|p2a: Snorlax
|-damage|p2a: Snorlax|0 fnt
|faint|p2a: Snorlax
|
|upkeep
|
|switch|p2a: Salazzle|Salazzle, F|100/100
|-damage|p2a: Salazzle|76/100|[from] Stealth Rock
|turn|25
|
|move|p1a: Boltund|Crunch|p2a: Salazzle
|-damage|p2a: Salazzle|0 fnt
|faint|p2a: Salazzle
|
|upkeep
|
|switch|p2a: Sableye|Sableye, F|22/100
|-damage|p2a: Sableye|9/100|[from] Stealth Rock
|turn|26
|
|move|p2a: Sableye|Recover|p2a: Sableye
|-heal|p2a: Sableye|59/100
|move|p1a: Boltund|Crunch|p2a: Sableye
|-damage|p2a: Sableye|9/100
|
|-heal|p2a: Sableye|15/100|[from] item: Leftovers
|upkeep
|turn|27
|
|move|p2a: Sableye|Recover|p2a: Sableye
|-heal|p2a: Sableye|65/100
|move|p1a: Boltund|Crunch|p2a: Sableye
|-damage|p2a: Sableye|16/100
|
|-heal|p2a: Sableye|22/100|[from] item: Leftovers
|upkeep
|turn|28
|
|move|p2a: Sableye|Recover|p2a: Sableye
|-heal|p2a: Sableye|72/100
|move|p1a: Boltund|Crunch|p2a: Sableye
|-damage|p2a: Sableye|26/100
|
|-heal|p2a: Sableye|32/100|[from] item: Leftovers
|upkeep
|turn|29
|
|move|p2a: Sableye|Will-O-Wisp|p1a: Boltund|[miss]
|-miss|p2a: Sableye|p1a: Boltund
|move|p1a: Boltund|Crunch|p2a: Sableye
|-damage|p2a: Sableye|0 fnt
|faint|p2a: Sableye
|
|win|braden13579
|c|☆JLT3 oSuave|lopooasdpf[l
|c|☆JLT3 oSuave|pasd
|c|☆JLT3 oSuave|[pfa
|c|☆JLT3 oSuave|[]sfdsf
|c|☆JLT3 oSuave|]\ds
|c|☆JLT3 oSuave|]f\s
|c|☆JLT3 oSuave|]\fds
|c|☆JLT3 oSuave|f
|l|☆braden13579
|c|☆JLT3 oSuave|f
|c|☆JLT3 oSuave|fuck this game
