|j|☆eclecticempiricist
|j|☆senegal
|t:|1606491100
|player|p1|eclecticempiricist|hiker-gen4|1641
|player|p2|senegal|170|1319
|teamsize|p1|6
|teamsize|p2|6
|gametype|singles
|gen|8
|tier|[Gen 8] RU
|rated|
|clearpoke
|poke|p1|Lucario, F|
|poke|p1|Ditto|
|poke|p1|Slowking, F|
|poke|p1|Crobat, F|
|poke|p1|Steelix, F|
|poke|p1|Zarude|
|poke|p2|Slowking, F|
|poke|p2|Pangoro, F|
|poke|p2|Haxorus, M|
|poke|p2|Raikou|
|poke|p2|Togekiss, F|
|poke|p2|Rhyperior, M|
|rule|Sleep Clause Mod: Limit one foe put to sleep
|rule|Species Clause: Limit one of each Pokémon
|rule|OHKO Clause: OHKO moves are banned
|rule|Evasion Moves Clause: Evasion moves are banned
|rule|Endless Battle Clause: Forcing endless battles is banned
|rule|HP Percentage Mod: HP is shown in percentages
|rule|Dynamax Clause: You cannot dynamax
|teampreview
|
|t:|1606491135
|start
|switch|p1a: Crobat|Crobat, F|100/100
|switch|p2a: Pangoro|Pangoro, F|100/100
|turn|1
|
|t:|1606491144
|switch|p2a: Rhyperior|Rhyperior, M|100/100
|move|p1a: Crobat|U-turn|p2a: Rhyperior
|-damage|p2a: Rhyperior|89/100
|
|t:|1606491177
|switch|p1a: Slowking|Slowking, F|100/100|[from]move: U-turn
|
|-heal|p2a: Rhyperior|95/100|[from] item: Leftovers
|upkeep
|turn|2
|inactive|Battle timer is ON: inactive players will automatically lose when time's up. (requested by eclecticempiricist)
|inactive|senegal has 120 seconds left.
|
|t:|1606491216
|move|p2a: Rhyperior|Stealth Rock|p1a: Slowking
|-sidestart|p1: eclecticempiricist|move: Stealth Rock
|move|p1a: Slowking|Scald|p2a: Rhyperior
|-supereffective|p2a: Rhyperior
|-damage|p2a: Rhyperior|18/100
|
|-heal|p2a: Rhyperior|24/100|[from] item: Leftovers
|upkeep
|turn|3
|j| Captain Uwasa
|
|t:|1606491227
|switch|p2a: Raikou|Raikou|100/100
|-ability|p2a: Raikou|Pressure
|move|p1a: Slowking|Future Sight|p2a: Raikou
|-start|p1a: Slowking|move: Future Sight
|
|upkeep
|turn|4
|
|t:|1606491237
|move|p2a: Raikou|Volt Switch|p1a: Slowking
|-supereffective|p1a: Slowking
|-damage|p1a: Slowking|47/100
|
|t:|1606491240
|switch|p2a: Rhyperior|Rhyperior, M|24/100|[from]move: Volt Switch
|move|p1a: Slowking|Teleport|p1a: Slowking
|j| vita1
|inactive|eclecticempiricist has 120 seconds left.
|inactive|eclecticempiricist has 90 seconds left.
|
|t:|1606491304
|switch|p1a: Lucario|Lucario, F|100/100|[from]move: Teleport
|-damage|p1a: Lucario|98/100|[from] Stealth Rock
|
|-heal|p2a: Rhyperior|30/100|[from] item: Leftovers
|upkeep
|turn|5
|inactive|eclecticempiricist has 90 seconds left.
|
|t:|1606491330
|switch|p2a: Slowking|Slowking, F|100/100
|move|p1a: Lucario|Swords Dance|p1a: Lucario
|-boost|p1a: Lucario|atk|2
|
|-end|p2a: Slowking|move: Future Sight
|-resisted|p2a: Slowking
|-damage|p2a: Slowking|86/100
|upkeep
|turn|6
|
|t:|1606491336
|move|p1a: Lucario|Crunch|p2a: Slowking
|-supereffective|p2a: Slowking
|-damage|p2a: Slowking|0 fnt
|-damage|p1a: Lucario|88/100|[from] item: Life Orb
|faint|p2a: Slowking
|
|upkeep
|
|t:|1606491346
|switch|p2a: Togekiss|Togekiss, F|100/100
|turn|7
|
|t:|1606491349
|move|p1a: Lucario|Bullet Punch|p2a: Togekiss
|-supereffective|p2a: Togekiss
|-damage|p2a: Togekiss|0 fnt
|-damage|p1a: Lucario|78/100|[from] item: Life Orb
|faint|p2a: Togekiss
|
|upkeep
|-message|senegal forfeited.
|
|win|eclecticempiricist
|l|☆senegal
|c|☆eclecticempiricist|gg
