|j|☆PokemonCestDur
|j|☆rubzez
|player|p1|PokemonCestDur|smasher|1631
|player|p2|rubzez|morty-gen2|1519
|teamsize|p1|6
|teamsize|p2|6
|gametype|singles
|gen|8
|tier|[Gen 8] RU
|rated|
|clearpoke
|poke|p1|Steelix, M|
|poke|p1|Vileplume, M|
|poke|p1|Rotom|
|poke|p1|Vaporeon, M|
|poke|p1|Decidueye, M|
|poke|p1|Drapion, F|
|poke|p2|Inteleon, F|
|poke|p2|Rotom-Mow|
|poke|p2|Mudsdale, F|
|poke|p2|Silvally-*|
|poke|p2|Drapion, M|
|poke|p2|Charizard, M|
|rule|Sleep Clause Mod: Limit one foe put to sleep
|rule|Species Clause: Limit one of each Pokémon
|rule|OHKO Clause: OHKO moves are banned
|rule|Evasion Moves Clause: Evasion moves are banned
|rule|Endless Battle Clause: Forcing endless battles is banned
|rule|HP Percentage Mod: HP is shown in percentages
|rule|Dynamax Clause: You cannot dynamax
|teampreview
|inactive|Battle timer is ON: inactive players will automatically lose when time's up. (requested by PokemonCestDur)
|
|start
|switch|p1a: Rotom|Rotom|100/100
|switch|p2a: Mudsdale|Mudsdale, F|100/100
|turn|1
|
|move|p1a: Rotom|Shadow Ball|p2a: Mudsdale
|-crit|p2a: Mudsdale
|-damage|p2a: Mudsdale|55/100
|-ability|p2a: Mudsdale|Stamina|boost
|-boost|p2a: Mudsdale|def|1
|move|p2a: Mudsdale|Stealth Rock|p1a: Rotom
|-sidestart|p1: PokemonCestDur|move: Stealth Rock
|
|-heal|p2a: Mudsdale|61/100|[from] item: Leftovers
|upkeep
|turn|2
|
|switch|p2a: Drapion|Drapion, M|100/100
|move|p1a: Rotom|Shadow Ball|p2a: Drapion
|-resisted|p2a: Drapion
|-damage|p2a: Drapion|75/100
|
|-heal|p2a: Drapion|81/100|[from] item: Black Sludge
|upkeep
|turn|3
|
|switch|p1a: Steelix|Steelix, M|100/100
|-damage|p1a: Steelix|97/100|[from] Stealth Rock
|move|p2a: Drapion|Knock Off|p1a: Steelix
|-damage|p1a: Steelix|75/100
|-enditem|p1a: Steelix|Leftovers|[from] move: Knock Off|[of] p2a: Drapion
|
|-heal|p2a: Drapion|87/100|[from] item: Black Sludge
|upkeep
|turn|4
|
|switch|p2a: Inteleon|Inteleon, F|100/100
|move|p1a: Steelix|Earthquake|p2a: Inteleon
|-damage|p2a: Inteleon|46/100
|
|upkeep
|turn|5
|
|switch|p1a: Vaporeon|Vaporeon, M|100/100
|-damage|p1a: Vaporeon|88/100|[from] Stealth Rock
|move|p2a: Inteleon|U-turn|p1a: Vaporeon
|-damage|p1a: Vaporeon|77/100
|
|switch|p2a: Rotom|Rotom-Mow|100/100|[from]move: U-turn
|
|-heal|p1a: Vaporeon|83/100|[from] item: Leftovers
|upkeep
|turn|6
|
|move|p1a: Vaporeon|Protect|p1a: Vaporeon
|-singleturn|p1a: Vaporeon|Protect
|move|p2a: Rotom|Leaf Storm|p1a: Vaporeon
|-activate|p1a: Vaporeon|move: Protect
|
|-heal|p1a: Vaporeon|90/100|[from] item: Leftovers
|upkeep
|turn|7
|
|switch|p2a: Drapion|Drapion, M|87/100
|switch|p1a: Vileplume|Vileplume, M|100/100
|-damage|p1a: Vileplume|88/100|[from] Stealth Rock
|
|-heal|p2a: Drapion|93/100|[from] item: Black Sludge
|-heal|p1a: Vileplume|94/100|[from] item: Black Sludge
|upkeep
|turn|8
|
|switch|p1a: Steelix|Steelix, M|75/100
|-damage|p1a: Steelix|72/100|[from] Stealth Rock
|move|p2a: Drapion|Aqua Tail|p1a: Steelix
|-supereffective|p1a: Steelix
|-damage|p1a: Steelix|46/100
|
|-heal|p2a: Drapion|99/100|[from] item: Black Sludge
|upkeep
|turn|9
|
|switch|p2a: Charizard|Charizard, M|100/100
|move|p1a: Steelix|Stealth Rock|p2a: Charizard
|-sidestart|p2: rubzez|move: Stealth Rock
|
|upkeep
|turn|10
|
|switch|p2a: Rotom|Rotom-Mow|100/100
|-damage|p2a: Rotom|88/100|[from] Stealth Rock
|switch|p1a: Vaporeon|Vaporeon, M|90/100
|-damage|p1a: Vaporeon|77/100|[from] Stealth Rock
|
|-heal|p1a: Vaporeon|83/100|[from] item: Leftovers
|upkeep
|turn|11
|
|move|p1a: Vaporeon|Protect|p1a: Vaporeon
|-singleturn|p1a: Vaporeon|Protect
|move|p2a: Rotom|Leaf Storm|p1a: Vaporeon
|-activate|p1a: Vaporeon|move: Protect
|
|-heal|p1a: Vaporeon|90/100|[from] item: Leftovers
|upkeep
|turn|12
|
|switch|p1a: Vileplume|Vileplume, M|94/100
|-damage|p1a: Vileplume|82/100|[from] Stealth Rock
|move|p2a: Rotom|Leaf Storm|p1a: Vileplume
|-resisted|p1a: Vileplume
|-damage|p1a: Vileplume|66/100
|-unboost|p2a: Rotom|spa|2
|
|-heal|p1a: Vileplume|73/100|[from] item: Black Sludge
|upkeep
|turn|13
|
|switch|p2a: Drapion|Drapion, M|99/100
|-damage|p2a: Drapion|87/100|[from] Stealth Rock
|switch|p1a: Steelix|Steelix, M|46/100
|-damage|p1a: Steelix|43/100|[from] Stealth Rock
|
|-heal|p2a: Drapion|93/100|[from] item: Black Sludge
|upkeep
|turn|14
|
|switch|p2a: Mudsdale|Mudsdale, F|61/100
|-damage|p2a: Mudsdale|55/100|[from] Stealth Rock
|move|p1a: Steelix|Toxic|p2a: Mudsdale
|-status|p2a: Mudsdale|tox
|
|-heal|p2a: Mudsdale|61/100 tox|[from] item: Leftovers
|-damage|p2a: Mudsdale|55/100 tox|[from] psn
|upkeep
|turn|15
|
|switch|p1a: Vaporeon|Vaporeon, M|90/100
|-damage|p1a: Vaporeon|77/100|[from] Stealth Rock
|move|p2a: Mudsdale|Earthquake|p1a: Vaporeon
|-damage|p1a: Vaporeon|30/100
|
|-heal|p1a: Vaporeon|36/100|[from] item: Leftovers
|-heal|p2a: Mudsdale|61/100 tox|[from] item: Leftovers
|-damage|p2a: Mudsdale|49/100 tox|[from] psn
|upkeep
|turn|16
|
|move|p1a: Vaporeon|Protect|p1a: Vaporeon
|-singleturn|p1a: Vaporeon|Protect
|move|p2a: Mudsdale|Earthquake|p1a: Vaporeon
|-activate|p1a: Vaporeon|move: Protect
|
|-heal|p1a: Vaporeon|43/100|[from] item: Leftovers
|-heal|p2a: Mudsdale|55/100 tox|[from] item: Leftovers
|-damage|p2a: Mudsdale|36/100 tox|[from] psn
|upkeep
|turn|17
|
|switch|p2a: Rotom|Rotom-Mow|88/100
|-damage|p2a: Rotom|76/100|[from] Stealth Rock
|move|p1a: Vaporeon|Scald|p2a: Rotom
|-resisted|p2a: Rotom
|-damage|p2a: Rotom|55/100
|
|-heal|p1a: Vaporeon|49/100|[from] item: Leftovers
|upkeep
|turn|18
|
|move|p1a: Vaporeon|Protect|p1a: Vaporeon
|-singleturn|p1a: Vaporeon|Protect
|move|p2a: Rotom|Leaf Storm|p1a: Vaporeon
|-activate|p1a: Vaporeon|move: Protect
|
|-heal|p1a: Vaporeon|55/100|[from] item: Leftovers
|upkeep
|turn|19
|
|switch|p1a: Drapion|Drapion, F|100/100
|-damage|p1a: Drapion|88/100|[from] Stealth Rock
|move|p2a: Rotom|Leaf Storm|p1a: Drapion
|-resisted|p1a: Drapion
|-damage|p1a: Drapion|55/100
|-unboost|p2a: Rotom|spa|2
|
|-heal|p1a: Drapion|61/100|[from] item: Black Sludge
|upkeep
|turn|20
|
|switch|p2a: Mudsdale|Mudsdale, F|36/100 tox
|-damage|p2a: Mudsdale|30/100 tox|[from] Stealth Rock
|move|p1a: Drapion|Knock Off|p2a: Mudsdale
|-damage|p2a: Mudsdale|6/100 tox
|-ability|p2a: Mudsdale|Stamina|boost
|-boost|p2a: Mudsdale|def|1
|-enditem|p2a: Mudsdale|Leftovers|[from] move: Knock Off|[of] p1a: Drapion
|
|-heal|p1a: Drapion|67/100|[from] item: Black Sludge
|-damage|p2a: Mudsdale|0 fnt|[from] psn
|faint|p2a: Mudsdale
|upkeep
|
|switch|p2a: Charizard|Charizard, M|100/100
|turn|21
|
|switch|p1a: Steelix|Steelix, M|43/100
|-damage|p1a: Steelix|40/100|[from] Stealth Rock
|move|p2a: Charizard|Will-O-Wisp|p1a: Steelix
|-status|p1a: Steelix|brn
|
|-damage|p1a: Steelix|34/100 brn|[from] brn
|upkeep
|turn|22
|
|move|p2a: Charizard|Flamethrower|p1a: Steelix
|-supereffective|p1a: Steelix
|-damage|p1a: Steelix|0 fnt
|faint|p1a: Steelix
|
|upkeep
|
|switch|p1a: Vaporeon|Vaporeon, M|55/100
|-damage|p1a: Vaporeon|43/100|[from] Stealth Rock
|turn|23
|
|switch|p2a: Rotom|Rotom-Mow|55/100
|-damage|p2a: Rotom|42/100|[from] Stealth Rock
|move|p1a: Vaporeon|Wish|p1a: Vaporeon
|
|-heal|p1a: Vaporeon|49/100|[from] item: Leftovers
|upkeep
|turn|24
|
|move|p1a: Vaporeon|Protect|p1a: Vaporeon
|-singleturn|p1a: Vaporeon|Protect
|move|p2a: Rotom|Thunderbolt|p1a: Vaporeon
|-activate|p1a: Vaporeon|move: Protect
|
|-heal|p1a: Vaporeon|99/100|[from] move: Wish|[wisher] Vaporeon
|-heal|p1a: Vaporeon|100/100|[from] item: Leftovers
|upkeep
|turn|25
|
|switch|p1a: Decidueye|Decidueye, M|100/100
|-damage|p1a: Decidueye|88/100|[from] Stealth Rock
|move|p2a: Rotom|Thunderbolt|p1a: Decidueye
|-resisted|p1a: Decidueye
|-damage|p1a: Decidueye|66/100
|
|-heal|p1a: Decidueye|72/100|[from] item: Leftovers
|upkeep
|turn|26
|
|switch|p2a: Charizard|Charizard, M|100/100
|move|p1a: Decidueye|Shadow Ball|p2a: Charizard
|-damage|p2a: Charizard|63/100
|
|-heal|p1a: Decidueye|78/100|[from] item: Leftovers
|upkeep
|turn|27
|
|switch|p1a: Vaporeon|Vaporeon, M|100/100
|-damage|p1a: Vaporeon|88/100|[from] Stealth Rock
|move|p2a: Charizard|Will-O-Wisp|p1a: Vaporeon
|-status|p1a: Vaporeon|brn
|
|-heal|p1a: Vaporeon|94/100 brn|[from] item: Leftovers
|-damage|p1a: Vaporeon|88/100 brn|[from] brn
|upkeep
|turn|28
|
|switch|p2a: Rotom|Rotom-Mow|42/100
|-damage|p2a: Rotom|30/100|[from] Stealth Rock
|move|p1a: Vaporeon|Scald|p2a: Rotom
|-resisted|p2a: Rotom
|-damage|p2a: Rotom|10/100
|
|-heal|p1a: Vaporeon|94/100 brn|[from] item: Leftovers
|-damage|p1a: Vaporeon|88/100 brn|[from] brn
|upkeep
|turn|29
|
|move|p1a: Vaporeon|Protect|p1a: Vaporeon
|-singleturn|p1a: Vaporeon|Protect
|move|p2a: Rotom|Volt Switch|p1a: Vaporeon
|-activate|p1a: Vaporeon|move: Protect
|
|-heal|p1a: Vaporeon|94/100 brn|[from] item: Leftovers
|-damage|p1a: Vaporeon|88/100 brn|[from] brn
|upkeep
|turn|30
|
|move|p2a: Rotom|Volt Switch|p1a: Vaporeon
|-supereffective|p1a: Vaporeon
|-damage|p1a: Vaporeon|43/100 brn
|
|switch|p2a: Drapion|Drapion, M|93/100|[from]move: Volt Switch
|-damage|p2a: Drapion|80/100|[from] Stealth Rock
|move|p1a: Vaporeon|Wish|p1a: Vaporeon
|
|-heal|p2a: Drapion|86/100|[from] item: Black Sludge
|-heal|p1a: Vaporeon|49/100 brn|[from] item: Leftovers
|-damage|p1a: Vaporeon|43/100 brn|[from] brn
|upkeep
|turn|31
|
|move|p1a: Vaporeon|Protect|p1a: Vaporeon
|-singleturn|p1a: Vaporeon|Protect
|move|p2a: Drapion|Swords Dance|p2a: Drapion
|-boost|p2a: Drapion|atk|2
|
|-heal|p1a: Vaporeon|93/100 brn|[from] move: Wish|[wisher] Vaporeon
|-heal|p2a: Drapion|92/100|[from] item: Black Sludge
|-heal|p1a: Vaporeon|99/100 brn|[from] item: Leftovers
|-damage|p1a: Vaporeon|93/100 brn|[from] brn
|upkeep
|turn|32
|
|move|p2a: Drapion|Knock Off|p1a: Vaporeon
|-damage|p1a: Vaporeon|36/100 brn
|-enditem|p1a: Vaporeon|Leftovers|[from] move: Knock Off|[of] p2a: Drapion
|move|p1a: Vaporeon|Scald|p2a: Drapion
|-damage|p2a: Drapion|50/100
|
|-heal|p2a: Drapion|56/100|[from] item: Black Sludge
|-damage|p1a: Vaporeon|30/100 brn|[from] brn
|upkeep
|turn|33
|
|move|p2a: Drapion|Poison Jab|p1a: Vaporeon
|-damage|p1a: Vaporeon|0 fnt
|faint|p1a: Vaporeon
|
|-heal|p2a: Drapion|62/100|[from] item: Black Sludge
|upkeep
|inactive|PokemonCestDur has 120 seconds left.
|
|switch|p1a: Drapion|Drapion, F|67/100
|-damage|p1a: Drapion|54/100|[from] Stealth Rock
|turn|34
|
|move|p2a: Drapion|Knock Off|p1a: Drapion
|-resisted|p1a: Drapion
|-damage|p1a: Drapion|19/100
|-enditem|p1a: Drapion|Black Sludge|[from] move: Knock Off|[of] p2a: Drapion
|move|p1a: Drapion|Knock Off|p2a: Drapion
|-resisted|p2a: Drapion
|-damage|p2a: Drapion|45/100
|-enditem|p2a: Drapion|Black Sludge|[from] move: Knock Off|[of] p1a: Drapion
|
|upkeep
|turn|35
|
|move|p2a: Drapion|Poison Jab|p1a: Drapion
|-resisted|p1a: Drapion
|-damage|p1a: Drapion|0 fnt
|faint|p1a: Drapion
|
|upkeep
|
|switch|p1a: Rotom|Rotom|100/100
|-damage|p1a: Rotom|88/100|[from] Stealth Rock
|turn|36
|
|move|p1a: Rotom|Thunderbolt|p2a: Drapion
|-damage|p2a: Drapion|0 fnt
|faint|p2a: Drapion
|
|upkeep
|
|switch|p2a: Silvally|Silvally-Fairy|100/100
|-damage|p2a: Silvally|88/100|[from] Stealth Rock
|turn|37
|
|switch|p1a: Decidueye|Decidueye, M|78/100
|-damage|p1a: Decidueye|65/100|[from] Stealth Rock
|move|p2a: Silvally|Multi-Attack|p1a: Decidueye
|-damage|p1a: Decidueye|0 fnt
|faint|p1a: Decidueye
|
|upkeep
|
|switch|p1a: Vileplume|Vileplume, M|73/100
|-damage|p1a: Vileplume|60/100|[from] Stealth Rock
|turn|38
|
|switch|p2a: Charizard|Charizard, M|63/100
|switch|p1a: Rotom|Rotom|88/100
|-damage|p1a: Rotom|76/100|[from] Stealth Rock
|
|upkeep
|turn|39
|
|move|p1a: Rotom|Volt Switch|p2a: Charizard
|-supereffective|p2a: Charizard
|-damage|p2a: Charizard|0 fnt
|faint|p2a: Charizard
|
|switch|p1a: Vileplume|Vileplume, M|60/100|[from]move: Volt Switch
|-damage|p1a: Vileplume|48/100|[from] Stealth Rock
|
|-heal|p1a: Vileplume|54/100|[from] item: Black Sludge
|upkeep
|
|switch|p2a: Inteleon|Inteleon, F|46/100
|-damage|p2a: Inteleon|34/100|[from] Stealth Rock
|turn|40
|
|move|p2a: Inteleon|Ice Beam|p1a: Vileplume
|-supereffective|p1a: Vileplume
|-damage|p1a: Vileplume|0 fnt
|faint|p1a: Vileplume
|
|upkeep
|
|switch|p1a: Rotom|Rotom|76/100
|-damage|p1a: Rotom|63/100|[from] Stealth Rock
|turn|41
|
|move|p1a: Rotom|Thunderbolt|p2a: Inteleon
|-supereffective|p2a: Inteleon
|-damage|p2a: Inteleon|0 fnt
|faint|p2a: Inteleon
|
|upkeep
|
|switch|p2a: Silvally|Silvally-Fairy|88/100
|-damage|p2a: Silvally|76/100|[from] Stealth Rock
|turn|42
|
|move|p1a: Rotom|Thunderbolt|p2a: Silvally
|-damage|p2a: Silvally|32/100
|move|p2a: Silvally|Multi-Attack|p1a: Rotom
|-damage|p1a: Rotom|0 fnt
|faint|p1a: Rotom
|
|win|rubzez
|c|☆PokemonCestDur|gg
|c|☆rubzez|gg
|l|☆PokemonCestDur
|raw|PokemonCestDur's rating: 1632 &rarr; <strong>1604</strong><br />(-28 for losing)
|raw|rubzez's rating: 1500 &rarr; <strong>1527</strong><br />(+27 for winning)
