|j|☆Glidinganteater
|j|☆TheFlawlessWin
|t:|1620916477
|gametype|singles
|player|p1|Glidinganteater|palmer|1370
|player|p2|TheFlawlessWin|lance|1622
|teamsize|p1|6
|teamsize|p2|6
|gen|8
|tier|[Gen 8] RU
|rated|
|rule|Sleep Clause Mod: Limit one foe put to sleep
|rule|Species Clause: Limit one of each Pokémon
|rule|OHKO Clause: OHKO moves are banned
|rule|Evasion Moves Clause: Evasion moves are banned
|rule|Endless Battle Clause: Forcing endless battles is banned
|rule|HP Percentage Mod: HP is shown in percentages
|rule|Dynamax Clause: You cannot dynamax
|clearpoke
|poke|p1|Dragalge, M|
|poke|p1|Zarude|
|poke|p1|Steelix, M|
|poke|p1|Mienshao, M|
|poke|p1|Togekiss, F|
|poke|p1|Volcanion|
|poke|p2|Obstagoon, F|
|poke|p2|Rhyperior, F|
|poke|p2|Golisopod, M|
|poke|p2|Eldegoss, M|
|poke|p2|Salazzle, F|
|poke|p2|Gardevoir, F|
|teampreview
|
|t:|1620916501
|start
|switch|p1a: Volcanion|Volcanion|100/100
|switch|p2a: Gardevoir|Gardevoir, F|100/100
|-ability|p2a: Gardevoir|Water Absorb|[from] ability: Trace|[of] p1a: Volcanion
|turn|1
|
|t:|1620916521
|switch|p1a: Zarude|Zarude|100/100
|move|p2a: Gardevoir|Psychic|p1a: Zarude
|-immune|p1a: Zarude
|
|upkeep
|turn|2
|
|t:|1620916529
|switch|p2a: Golisopod|Golisopod, M|100/100
|move|p1a: Zarude|U-turn|p2a: Golisopod
|-damage|p2a: Golisopod|81/100
|
|t:|1620916533
|switch|p1a: Volcanion|Volcanion|100/100|[from]move: U-turn
|
|upkeep
|turn|3
|
|t:|1620916544
|move|p2a: Golisopod|First Impression|p1a: Volcanion
|-resisted|p1a: Volcanion
|-crit|p1a: Volcanion
|-damage|p1a: Volcanion|66/100
|move|p1a: Volcanion|Flamethrower|p2a: Golisopod
|-damage|p2a: Golisopod|33/100
|-activate|p2a: Golisopod|ability: Emergency Exit
|
|t:|1620916552
|switch|p2a: Obstagoon|Obstagoon, F|100/100
|
|-status|p2a: Obstagoon|brn|[from] item: Flame Orb
|upkeep
|turn|4
|
|t:|1620916602
|switch|p1a: Togekiss|Togekiss, F|100/100
|move|p2a: Obstagoon|Knock Off|p1a: Togekiss
|-resisted|p1a: Togekiss
|-damage|p1a: Togekiss|80/100
|-enditem|p1a: Togekiss|Heavy-Duty Boots|[from] move: Knock Off|[of] p2a: Obstagoon
|
|-damage|p2a: Obstagoon|94/100 brn|[from] brn
|upkeep
|turn|5
|
|t:|1620916628
|move|p2a: Obstagoon|Parting Shot|p1a: Togekiss
|-unboost|p1a: Togekiss|atk|1
|-unboost|p1a: Togekiss|spa|1
|
|t:|1620916631
|switch|p2a: Rhyperior|Rhyperior, F|100/100|[from]move: Parting Shot
|move|p1a: Togekiss|Wish|p1a: Togekiss
|
|upkeep
|turn|6
|
|t:|1620916654
|switch|p1a: Dragalge|Dragalge, M, shiny|100/100
|move|p2a: Rhyperior|Stealth Rock|p1a: Dragalge
|-sidestart|p1: Glidinganteater|move: Stealth Rock
|
|upkeep
|turn|7
|
|t:|1620916667
|switch|p2a: Gardevoir|Gardevoir, F|100/100
|-ability|p2a: Gardevoir|Adaptability|[from] ability: Trace|[of] p1a: Dragalge
|move|p1a: Dragalge|Flip Turn|p2a: Gardevoir
|-damage|p2a: Gardevoir|84/100
|
|t:|1620916682
|switch|p1a: Steelix|Steelix, M|100/100|[from]move: Flip Turn
|-damage|p1a: Steelix|97/100|[from] Stealth Rock
|
|-heal|p1a: Steelix|100/100|[from] item: Leftovers
|upkeep
|turn|8
|
|t:|1620916698
|move|p2a: Gardevoir|Moonblast|p1a: Steelix
|-resisted|p1a: Steelix
|-damage|p1a: Steelix|72/100
|-unboost|p1a: Steelix|spa|1
|move|p1a: Steelix|Stealth Rock|p2a: Gardevoir
|-sidestart|p2: TheFlawlessWin|move: Stealth Rock
|
|-heal|p1a: Steelix|78/100|[from] item: Leftovers
|upkeep
|turn|9
|
|t:|1620916705
|switch|p2a: Eldegoss|Eldegoss, M|100/100
|move|p1a: Steelix|Heavy Slam|p2a: Eldegoss
|-damage|p2a: Eldegoss|73/100
|
|-heal|p1a: Steelix|84/100|[from] item: Leftovers
|upkeep
|turn|10
|
|t:|1620916712
|switch|p1a: Dragalge|Dragalge, M, shiny|100/100
|-damage|p1a: Dragalge|88/100|[from] Stealth Rock
|move|p2a: Eldegoss|Rapid Spin|p1a: Dragalge
|-damage|p1a: Dragalge|83/100
|-boost|p2a: Eldegoss|spe|1
|-sideend|p2: TheFlawlessWin|Stealth Rock|[from] move: Rapid Spin|[of] p2a: Eldegoss
|
|-heal|p1a: Dragalge|89/100|[from] item: Black Sludge
|upkeep
|turn|11
|
|t:|1620916715
|move|p2a: Eldegoss|Sleep Powder|p1a: Dragalge
|-status|p1a: Dragalge|slp|[from] move: Sleep Powder
|cant|p1a: Dragalge|slp
|
|-heal|p1a: Dragalge|95/100 slp|[from] item: Black Sludge
|upkeep
|turn|12
|
|t:|1620916723
|switch|p2a: Rhyperior|Rhyperior, F|100/100
|-curestatus|p1a: Dragalge|slp|[msg]
|move|p1a: Dragalge|Sludge Bomb|p2a: Rhyperior
|-resisted|p2a: Rhyperior
|-damage|p2a: Rhyperior|90/100
|
|-heal|p1a: Dragalge|100/100|[from] item: Black Sludge
|-heal|p2a: Rhyperior|96/100|[from] item: Leftovers
|upkeep
|turn|13
|
|t:|1620916743
|move|p1a: Dragalge|Flip Turn|p2a: Rhyperior
|-supereffective|p2a: Rhyperior
|-damage|p2a: Rhyperior|76/100
|
|t:|1620916747
|switch|p1a: Zarude|Zarude|100/100|[from]move: Flip Turn
|move|p2a: Rhyperior|Earthquake|p1a: Zarude
|-resisted|p1a: Zarude
|-damage|p1a: Zarude|78/100
|
|-heal|p2a: Rhyperior|83/100|[from] item: Leftovers
|upkeep
|turn|14
|
|t:|1620916762
|switch|p2a: Salazzle|Salazzle, F|100/100
|move|p1a: Zarude|Power Whip|p2a: Salazzle
|-resisted|p2a: Salazzle
|-damage|p2a: Salazzle|75/100
|
|upkeep
|turn|15
|
|t:|1620916773
|switch|p1a: Togekiss|Togekiss, F|80/100
|-damage|p1a: Togekiss|55/100|[from] Stealth Rock
|move|p2a: Salazzle|Fire Blast|p1a: Togekiss
|-damage|p1a: Togekiss|11/100
|
|upkeep
|turn|16
|
|t:|1620916784
|move|p2a: Salazzle|Sludge Wave|p1a: Togekiss
|-supereffective|p1a: Togekiss
|-damage|p1a: Togekiss|0 fnt
|faint|p1a: Togekiss
|
|upkeep
|
|t:|1620916787
|switch|p1a: Dragalge|Dragalge, M, shiny|100/100
|-damage|p1a: Dragalge|88/100|[from] Stealth Rock
|turn|17
|
|t:|1620916797
|switch|p2a: Gardevoir|Gardevoir, F|84/100
|-ability|p2a: Gardevoir|Adaptability|[from] ability: Trace|[of] p1a: Dragalge
|move|p1a: Dragalge|Sludge Bomb|p2a: Gardevoir
|-supereffective|p2a: Gardevoir
|-damage|p2a: Gardevoir|0 fnt
|faint|p2a: Gardevoir
|
|-heal|p1a: Dragalge|94/100|[from] item: Black Sludge
|upkeep
|
|t:|1620916805
|switch|p2a: Obstagoon|Obstagoon, F|94/100 brn
|turn|18
|
|t:|1620916824
|switch|p1a: Steelix|Steelix, M|84/100
|-damage|p1a: Steelix|81/100|[from] Stealth Rock
|move|p2a: Obstagoon|Knock Off|p1a: Steelix
|-damage|p1a: Steelix|53/100
|-enditem|p1a: Steelix|Leftovers|[from] move: Knock Off|[of] p2a: Obstagoon
|
|-damage|p2a: Obstagoon|88/100 brn|[from] brn
|upkeep
|turn|19
|
|t:|1620916833
|move|p2a: Obstagoon|Parting Shot|p1a: Steelix
|-unboost|p1a: Steelix|atk|1
|-unboost|p1a: Steelix|spa|1
|
|t:|1620916836
|switch|p2a: Golisopod|Golisopod, M|33/100|[from]move: Parting Shot
|move|p1a: Steelix|Heavy Slam|p2a: Golisopod
|-resisted|p2a: Golisopod
|-damage|p2a: Golisopod|27/100
|
|upkeep
|turn|20
|
|t:|1620916843
|switch|p1a: Volcanion|Volcanion|66/100
|move|p2a: Golisopod|Spikes|p1a: Volcanion
|-sidestart|p1: Glidinganteater|Spikes
|
|upkeep
|turn|21
|
|t:|1620916849
|move|p1a: Volcanion|Defog|p2a: Golisopod
|-unboost|p2a: Golisopod|evasion|1
|-sideend|p1: Glidinganteater|Spikes|[from] move: Defog|[of] p1a: Volcanion
|-sideend|p1: Glidinganteater|Stealth Rock|[from] move: Defog|[of] p1a: Volcanion
|move|p2a: Golisopod|Leech Life|p1a: Volcanion
|-resisted|p1a: Volcanion
|-damage|p1a: Volcanion|44/100
|-heal|p2a: Golisopod|37/100|[from] drain|[of] p1a: Volcanion
|
|upkeep
|turn|22
|
|t:|1620916858
|switch|p2a: Salazzle|Salazzle, F|75/100
|move|p1a: Volcanion|Flamethrower|p2a: Salazzle
|-resisted|p2a: Salazzle
|-crit|p2a: Salazzle
|-damage|p2a: Salazzle|11/100
|
|upkeep
|turn|23
|
|t:|1620916873
|switch|p2a: Rhyperior|Rhyperior, F|83/100
|switch|p1a: Dragalge|Dragalge, M, shiny|94/100
|
|-heal|p1a: Dragalge|99/100|[from] item: Black Sludge
|-heal|p2a: Rhyperior|89/100|[from] item: Leftovers
|upkeep
|turn|24
|
|t:|1620916900
|move|p1a: Dragalge|Flip Turn|p2a: Rhyperior
|-supereffective|p2a: Rhyperior
|-damage|p2a: Rhyperior|72/100
|
|t:|1620916903
|switch|p1a: Zarude|Zarude|78/100|[from]move: Flip Turn
|move|p2a: Rhyperior|Rock Blast|p1a: Zarude
|-damage|p1a: Zarude|67/100
|-damage|p1a: Zarude|55/100
|-hitcount|p1a: Zarude|2
|
|-heal|p2a: Rhyperior|78/100|[from] item: Leftovers
|upkeep
|turn|25
|
|t:|1620916913
|switch|p2a: Eldegoss|Eldegoss, M|100/100
|move|p1a: Zarude|Power Whip|p2a: Eldegoss
|-resisted|p2a: Eldegoss
|-damage|p2a: Eldegoss|78/100
|
|upkeep
|turn|26
|
|t:|1620916924
|move|p1a: Zarude|Darkest Lariat|p2a: Eldegoss
|-damage|p2a: Eldegoss|45/100
|move|p2a: Eldegoss|Rapid Spin|p1a: Zarude
|-damage|p1a: Zarude|50/100
|-boost|p2a: Eldegoss|spe|1
|
|upkeep
|turn|27
|
|t:|1620916947
|switch|p2a: Obstagoon|Obstagoon, F|88/100 brn
|move|p1a: Zarude|Darkest Lariat|p2a: Obstagoon
|-resisted|p2a: Obstagoon
|-damage|p2a: Obstagoon|68/100 brn
|
|-damage|p2a: Obstagoon|62/100 brn|[from] brn
|upkeep
|turn|28
|
|t:|1620916963
|move|p1a: Zarude|U-turn|p2a: Obstagoon
|-supereffective|p2a: Obstagoon
|-damage|p2a: Obstagoon|13/100 brn
|
|t:|1620916967
|switch|p1a: Steelix|Steelix, M|53/100|[from]move: U-turn
|move|p2a: Obstagoon|Close Combat|p1a: Steelix
|-supereffective|p1a: Steelix
|-damage|p1a: Steelix|3/100
|-unboost|p2a: Obstagoon|def|1
|-unboost|p2a: Obstagoon|spd|1
|
|-damage|p2a: Obstagoon|7/100 brn|[from] brn
|upkeep
|turn|29
|
|t:|1620916974
|move|p2a: Obstagoon|Facade|p1a: Steelix
|-resisted|p1a: Steelix
|-damage|p1a: Steelix|0 fnt
|faint|p1a: Steelix
|
|-damage|p2a: Obstagoon|1/100 brn|[from] brn
|upkeep
|
|t:|1620916979
|switch|p1a: Zarude|Zarude|50/100
|turn|30
|
|t:|1620916987
|move|p1a: Zarude|U-turn|p2a: Obstagoon
|-supereffective|p2a: Obstagoon
|-damage|p2a: Obstagoon|0 fnt
|faint|p2a: Obstagoon
|
|t:|1620916994
|switch|p1a: Mienshao|Mienshao, M|100/100|[from]move: U-turn
|
|upkeep
|
|t:|1620917005
|switch|p2a: Rhyperior|Rhyperior, F|78/100
|turn|31
|
|t:|1620917017
|move|p1a: Mienshao|U-turn|p2a: Rhyperior
|-damage|p2a: Rhyperior|62/100
|
|t:|1620917020
|switch|p1a: Zarude|Zarude|50/100|[from]move: U-turn
|move|p2a: Rhyperior|Earthquake|p1a: Zarude
|-resisted|p1a: Zarude
|-damage|p1a: Zarude|27/100
|
|-heal|p2a: Rhyperior|68/100|[from] item: Leftovers
|upkeep
|turn|32
|
|t:|1620917036
|switch|p2a: Eldegoss|Eldegoss, M|78/100
|move|p1a: Zarude|Power Whip|p2a: Eldegoss|[miss]
|-miss|p1a: Zarude|p2a: Eldegoss
|
|upkeep
|turn|33
|
|t:|1620917046
|move|p1a: Zarude|Jungle Healing|p1a: Zarude
|-heal|p1a: Zarude|52/100
|move|p2a: Eldegoss|Giga Drain|p1a: Zarude
|-resisted|p1a: Zarude
|-damage|p1a: Zarude|42/100
|-heal|p2a: Eldegoss|84/100|[from] drain|[of] p1a: Zarude
|
|upkeep
|turn|34
|
|t:|1620917052
|switch|p2a: Golisopod|Golisopod, M|37/100
|move|p1a: Zarude|Jungle Healing|p1a: Zarude
|-heal|p1a: Zarude|67/100
|
|upkeep
|turn|35
|
|t:|1620917071
|switch|p1a: Dragalge|Dragalge, M, shiny|99/100
|move|p2a: Golisopod|Spikes|p1a: Dragalge
|-sidestart|p1: Glidinganteater|Spikes
|
|-heal|p1a: Dragalge|100/100|[from] item: Black Sludge
|upkeep
|turn|36
|
|t:|1620917091
|switch|p2a: Eldegoss|Eldegoss, M|100/100
|move|p1a: Dragalge|Sludge Bomb|p2a: Eldegoss
|-supereffective|p2a: Eldegoss
|-damage|p2a: Eldegoss|17/100
|
|upkeep
|turn|37
|
|t:|1620917098
|switch|p1a: Zarude|Zarude|67/100
|move|p2a: Eldegoss|Sleep Powder|p1a: Zarude
|-immune|p1a: Zarude
|
|upkeep
|turn|38
|-message|TheFlawlessWin forfeited.
|
|win|Glidinganteater
|raw|Glidinganteater's rating: 1370 &rarr; <strong>1402</strong><br />(+32 for winning)
|raw|TheFlawlessWin's rating: 1622 &rarr; <strong>1590</strong><br />(-32 for losing)
|l|☆TheFlawlessWin
||Ladder isn't responding, score probably updated but might not have (Request timeout).
