|j|☆Nemris
|j|☆XLKaysar
|t:|1607970542
|player|p1|Nemris|102|1430
|player|p2|XLKaysar|hoopster|1328
|teamsize|p1|6
|teamsize|p2|6
|gametype|singles
|gen|8
|tier|[Gen 8] RU
|rated|
|clearpoke
|poke|p1|Obstagoon, M|
|poke|p1|Araquanid, F|
|poke|p1|Metagross|
|poke|p1|Tyrantrum, F|
|poke|p1|Mimikyu, M|
|poke|p1|Crobat, M|
|poke|p2|Metagross|
|poke|p2|Articuno-Galar|
|poke|p2|Barbaracle, F|
|poke|p2|Tsareena, F|
|poke|p2|Zygarde-10%|
|poke|p2|Mimikyu, F|
|rule|Sleep Clause Mod: Limit one foe put to sleep
|rule|Species Clause: Limit one of each Pokémon
|rule|OHKO Clause: OHKO moves are banned
|rule|Evasion Moves Clause: Evasion moves are banned
|rule|Endless Battle Clause: Forcing endless battles is banned
|rule|HP Percentage Mod: HP is shown in percentages
|rule|Dynamax Clause: You cannot dynamax
|teampreview
|c|☆XLKaysar|glhf
|
|t:|1607970568
|start
|switch|p1a: Metagross|Metagross|100/100
|switch|p2a: Articuno|Articuno-Galar|100/100
|turn|1
|
|t:|1607970579
|move|p2a: Articuno|Shadow Ball|p1a: Metagross
|-supereffective|p1a: Metagross
|-damage|p1a: Metagross|46/100
|-enditem|p1a: Metagross|Weakness Policy
|-boost|p1a: Metagross|atk|2|[from] item: Weakness Policy
|-boost|p1a: Metagross|spa|2|[from] item: Weakness Policy
|move|p1a: Metagross|Stealth Rock|p2a: Articuno
|-sidestart|p2: XLKaysar|move: Stealth Rock
|
|upkeep
|turn|2
|
|t:|1607970589
|move|p1a: Metagross|Bullet Punch|p2a: Articuno
|-damage|p2a: Articuno|47/100
|move|p2a: Articuno|Shadow Ball|p1a: Metagross
|-supereffective|p1a: Metagross
|-damage|p1a: Metagross|0 fnt
|faint|p1a: Metagross
|
|upkeep
|
|t:|1607970608
|switch|p1a: Tyrantrum|Tyrantrum, F|100/100
|turn|3
|
|t:|1607970614
|switch|p2a: Metagross|Metagross|100/100
|-damage|p2a: Metagross|94/100|[from] Stealth Rock
|move|p1a: Tyrantrum|Head Smash|p2a: Metagross
|-resisted|p2a: Metagross
|-damage|p2a: Metagross|65/100
|
|upkeep
|turn|4
|
|t:|1607970621
|switch|p1a: Araquanid|Araquanid, F|100/100
|move|p2a: Metagross|Stealth Rock|p1a: Araquanid
|-sidestart|p1: Nemris|move: Stealth Rock
|
|upkeep
|turn|5
|
|t:|1607970628
|switch|p2a: Articuno|Articuno-Galar|47/100
|-damage|p2a: Articuno|22/100|[from] Stealth Rock
|move|p1a: Araquanid|Sticky Web|p2a: Articuno
|-sidestart|p2: XLKaysar|move: Sticky Web
|
|upkeep
|turn|6
|
|t:|1607970636
|move|p2a: Articuno|Air Slash|p1a: Araquanid
|-supereffective|p1a: Araquanid
|-damage|p1a: Araquanid|29/100
|cant|p1a: Araquanid|flinch
|
|upkeep
|turn|7
|
|t:|1607970646
|switch|p1a: Tyrantrum|Tyrantrum, F|100/100
|-damage|p1a: Tyrantrum|88/100|[from] Stealth Rock
|move|p2a: Articuno|Air Slash|p1a: Tyrantrum
|-resisted|p1a: Tyrantrum
|-damage|p1a: Tyrantrum|54/100
|
|upkeep
|turn|8
|
|t:|1607970659
|switch|p2a: Metagross|Metagross|65/100
|-activate|p2a: Metagross|move: Sticky Web
|-fail|p2a: Metagross|unboost|[from] ability: Clear Body|[of] p2a: Metagross
|-damage|p2a: Metagross|59/100|[from] Stealth Rock
|move|p1a: Tyrantrum|Head Smash|p2a: Metagross|[miss]
|-miss|p1a: Tyrantrum|p2a: Metagross
|
|upkeep
|turn|9
|
|t:|1607970684
|switch|p1a: Araquanid|Araquanid, F|29/100
|move|p2a: Metagross|Bullet Punch|p1a: Araquanid
|-resisted|p1a: Araquanid
|-damage|p1a: Araquanid|13/100
|
|upkeep
|turn|10
|
|t:|1607970690
|move|p2a: Metagross|Bullet Punch|p1a: Araquanid
|-resisted|p1a: Araquanid
|-damage|p1a: Araquanid|0 fnt
|faint|p1a: Araquanid
|
|upkeep
|
|t:|1607970695
|switch|p1a: Obstagoon|Obstagoon, M|100/100
|-damage|p1a: Obstagoon|88/100|[from] Stealth Rock
|turn|11
|
|t:|1607970708
|move|p2a: Metagross|Bullet Punch|p1a: Obstagoon
|-damage|p1a: Obstagoon|65/100
|move|p1a: Obstagoon|Knock Off|p2a: Metagross
|-supereffective|p2a: Metagross
|-damage|p2a: Metagross|1/100
|-enditem|p2a: Metagross|Weakness Policy
|-boost|p2a: Metagross|atk|2|[from] item: Weakness Policy
|-boost|p2a: Metagross|spa|2|[from] item: Weakness Policy
|
|-status|p1a: Obstagoon|brn|[from] item: Flame Orb
|upkeep
|turn|12
|
|t:|1607970743
|move|p2a: Metagross|Bullet Punch|p1a: Obstagoon
|-damage|p1a: Obstagoon|15/100 brn
|move|p1a: Obstagoon|Knock Off|p2a: Metagross
|-supereffective|p2a: Metagross
|-damage|p2a: Metagross|0 fnt
|faint|p2a: Metagross
|
|-damage|p1a: Obstagoon|8/100 brn|[from] brn
|upkeep
|
|t:|1607970778
|switch|p2a: Barbaracle|Barbaracle, F|100/100
|-activate|p2a: Barbaracle|move: Sticky Web
|-unboost|p2a: Barbaracle|spe|1
|-damage|p2a: Barbaracle|88/100|[from] Stealth Rock
|-enditem|p2a: Barbaracle|White Herb
|-clearnegativeboost|p2a: Barbaracle|[silent]
|turn|13
|
|t:|1607970787
|move|p1a: Obstagoon|Close Combat|p2a: Barbaracle
|-supereffective|p2a: Barbaracle
|-damage|p2a: Barbaracle|0 fnt
|-unboost|p1a: Obstagoon|def|1
|-unboost|p1a: Obstagoon|spd|1
|faint|p2a: Barbaracle
|
|-damage|p1a: Obstagoon|2/100 brn|[from] brn
|upkeep
|
|t:|1607970796
|switch|p2a: Mimikyu|Mimikyu, F|100/100
|-damage|p2a: Mimikyu|88/100|[from] Stealth Rock
|-activate|p2a: Mimikyu|move: Sticky Web
|-unboost|p2a: Mimikyu|spe|1
|turn|14
|
|t:|1607970803
|move|p2a: Mimikyu|Shadow Sneak|p1a: Obstagoon
|-immune|p1a: Obstagoon
|move|p1a: Obstagoon|Knock Off|p2a: Mimikyu
|-activate|p2a: Mimikyu|ability: Disguise
|-damage|p2a: Mimikyu|88/100
|-enditem|p2a: Mimikyu|Red Card|[from] move: Knock Off|[of] p1a: Obstagoon
|detailschange|p2a: Mimikyu|Mimikyu-Busted, F
|-damage|p2a: Mimikyu|76/100|[from] pokemon: Mimikyu-Busted
|
|-damage|p1a: Obstagoon|0 fnt|[from] brn
|faint|p1a: Obstagoon
|upkeep
|
|t:|1607970817
|switch|p1a: Crobat|Crobat, M|100/100
|turn|15
|
|t:|1607970833
|switch|p2a: Articuno|Articuno-Galar|22/100
|-damage|p2a: Articuno|0 fnt|[from] Stealth Rock
|faint|p2a: Articuno
|move|p1a: Crobat|Brave Bird|p2: Articuno|[notarget]
|-fail|p1a: Crobat
|
|upkeep
|
|t:|1607970848
|switch|p2a: Mimikyu|Mimikyu-Busted, F|76/100
|-damage|p2a: Mimikyu|63/100|[from] Stealth Rock
|-activate|p2a: Mimikyu|move: Sticky Web
|-unboost|p2a: Mimikyu|spe|1
|turn|16
|
|t:|1607970853
|move|p1a: Crobat|Brave Bird|p2a: Mimikyu
|-damage|p2a: Mimikyu|0 fnt
|-damage|p1a: Crobat|84/100|[from] Recoil
|faint|p2a: Mimikyu
|
|upkeep
|
|t:|1607970859
|switch|p2a: Zygarde|Zygarde-10%, shiny|100/100
|-activate|p2a: Zygarde|move: Sticky Web
|-unboost|p2a: Zygarde|spe|1
|-damage|p2a: Zygarde|94/100|[from] Stealth Rock
|-ability|p2a: Zygarde|Aura Break
|turn|17
|
|t:|1607970865
|move|p1a: Crobat|Super Fang|p2a: Zygarde
|-damage|p2a: Zygarde|47/100
|move|p2a: Zygarde|Thousand Arrows|p1a: Crobat
|-damage|p1a: Crobat|18/100
|-start|p1a: Crobat|Smack Down
|
|upkeep
|turn|18
|
|t:|1607970873
|move|p2a: Zygarde|Extreme Speed|p1a: Crobat
|-damage|p1a: Crobat|0 fnt
|faint|p1a: Crobat
|
|upkeep
|
|t:|1607970880
|switch|p1a: Mimikyu|Mimikyu, M, shiny|100/100
|-damage|p1a: Mimikyu|88/100|[from] Stealth Rock
|turn|19
|
|t:|1607970884
|switch|p2a: Tsareena|Tsareena, F|100/100
|move|p1a: Mimikyu|Play Rough|p2a: Tsareena
|-damage|p2a: Tsareena|51/100
|-damage|p1a: Mimikyu|78/100|[from] item: Life Orb
|
|upkeep
|turn|20
|
|t:|1607970891
|move|p1a: Mimikyu|Swords Dance|p1a: Mimikyu
|-boost|p1a: Mimikyu|atk|2
|move|p2a: Tsareena|Knock Off|p1a: Mimikyu
|-activate|p1a: Mimikyu|ability: Disguise
|-damage|p1a: Mimikyu|78/100
|-enditem|p1a: Mimikyu|Life Orb|[from] move: Knock Off|[of] p2a: Tsareena
|detailschange|p1a: Mimikyu|Mimikyu-Busted, M, shiny
|-damage|p1a: Mimikyu|66/100|[from] pokemon: Mimikyu-Busted
|
|upkeep
|turn|21
|
|t:|1607970900
|move|p1a: Mimikyu|Shadow Claw|p2a: Tsareena
|-damage|p2a: Tsareena|0 fnt
|faint|p2a: Tsareena
|
|upkeep
|
|t:|1607970904
|switch|p2a: Zygarde|Zygarde-10%, shiny|47/100
|-damage|p2a: Zygarde|41/100|[from] Stealth Rock
|-activate|p2a: Zygarde|move: Sticky Web
|-unboost|p2a: Zygarde|spe|1
|-ability|p2a: Zygarde|Aura Break
|turn|22
|c|☆XLKaysar|gg
|
|t:|1607970910
|move|p1a: Mimikyu|Shadow Claw|p2a: Zygarde
|-damage|p2a: Zygarde|0 fnt
|faint|p2a: Zygarde
|
|win|Nemris
|l|☆XLKaysar
|c|☆Nemris|gg
||Ladder (probably) updated, but score could not be retrieved (Request timeout).
