|j|☆Enter Pls
|j|☆Edfinn
|player|p1|Enter Pls|koga|1295
|player|p2|Edfinn|101|1169
|teamsize|p1|6
|teamsize|p2|6
|gametype|singles
|gen|8
|tier|[Gen 8] RU
|rated|
|clearpoke
|poke|p1|Drapion, F|
|poke|p1|Vikavolt, M|
|poke|p1|Rillaboom, F|
|poke|p1|Whimsicott, F|
|poke|p1|Vaporeon, M|
|poke|p1|Runerigus, M|
|poke|p2|Cinccino, F|
|poke|p2|Galvantula, M|
|poke|p2|Charizard, M|
|poke|p2|Gallade, M|
|poke|p2|Scyther, M|
|poke|p2|Dhelmise|
|rule|Sleep Clause Mod: Limit one foe put to sleep
|rule|Species Clause: Limit one of each Pokémon
|rule|OHKO Clause: OHKO moves are banned
|rule|Evasion Moves Clause: Evasion moves are banned
|rule|Endless Battle Clause: Forcing endless battles is banned
|rule|HP Percentage Mod: HP is shown in percentages
|rule|Dynamax Clause: You cannot dynamax
|teampreview
|inactive|Battle timer is ON: inactive players will automatically lose when time's up. (requested by Edfinn)
|
|start
|switch|p1a: Whimsicott|Whimsicott, F|100/100
|switch|p2a: Galvantula|Galvantula, M|100/100
|turn|1
|
|move|p1a: Whimsicott|Moonblast|p2a: Galvantula
|-damage|p2a: Galvantula|11/100
|move|p2a: Galvantula|Thunder Wave|p1a: Whimsicott
|-status|p1a: Whimsicott|par
|
|upkeep
|turn|2
|
|move|p2a: Galvantula|Sticky Web|p1a: Whimsicott
|-sidestart|p1: Enter Pls|move: Sticky Web
|move|p1a: Whimsicott|Moonblast|p2a: Galvantula
|-damage|p2a: Galvantula|0 fnt
|faint|p2a: Galvantula
|
|upkeep
|
|switch|p2a: Dhelmise|Dhelmise|100/100
|turn|3
|
|switch|p1a: Vikavolt|Vikavolt, M|100/100
|move|p2a: Dhelmise|Anchor Shot|p1a: Vikavolt
|-resisted|p1a: Vikavolt
|-damage|p1a: Vikavolt|71/100
|-activate|p1a: Vikavolt|trapped
|
|upkeep
|turn|4
|
|move|p1a: Vikavolt|Sticky Web|p2a: Dhelmise
|-sidestart|p2: Edfinn|move: Sticky Web
|move|p2a: Dhelmise|Poltergeist|p1a: Vikavolt
|-activate|p1a: Vikavolt|move: Poltergeist|Heavy-Duty Boots
|-damage|p1a: Vikavolt|0 fnt
|faint|p1a: Vikavolt
|
|upkeep
|
|switch|p1a: Drapion|Drapion, F|100/100
|-activate|p1a: Drapion|move: Sticky Web
|-unboost|p1a: Drapion|spe|1
|turn|5
|
|switch|p2a: Cinccino|Cinccino, F|100/100
|-activate|p2a: Cinccino|move: Sticky Web
|-unboost|p2a: Cinccino|spe|1
|move|p1a: Drapion|Iron Defense|p1a: Drapion
|-boost|p1a: Drapion|def|2
|
|upkeep
|turn|6
|
|move|p2a: Cinccino|Tail Slap|p1a: Drapion
|-damage|p1a: Drapion|95/100
|-damage|p1a: Drapion|91/100
|-damage|p1a: Drapion|85/100
|-damage|p1a: Drapion|81/100
|-damage|p1a: Drapion|76/100
|-hitcount|p1a: Drapion|5
|move|p1a: Drapion|Acupressure|p1a: Drapion
|-boost|p1a: Drapion|spe|2
|
|upkeep
|turn|7
|
|move|p1a: Drapion|Iron Defense|p1a: Drapion
|-boost|p1a: Drapion|def|2
|move|p2a: Cinccino|Tail Slap|p1a: Drapion|[miss]
|-miss|p2a: Cinccino|p1a: Drapion
|
|upkeep
|turn|8
|-message|Edfinn forfeited.
|
|win|Enter Pls
|l|☆Edfinn
|raw|Enter Pls's rating: 1295 &rarr; <strong>1311</strong><br />(+16 for winning)
|raw|Edfinn's rating: 1170 &rarr; <strong>1153</strong><br />(-17 for losing)
