|j|☆FE6 Fir
|j|☆Soleil Et Pluie~☆
|player|p1|FE6 Fir|gentleman|1552
|player|p2|Soleil Et Pluie~☆|unknownf|1399
|teamsize|p1|6
|teamsize|p2|6
|gametype|singles
|gen|8
|tier|[Gen 8] RU
|rated|
|clearpoke
|poke|p1|Goodra, M|
|poke|p1|Escavalier, F|
|poke|p1|Snorlax, M|
|poke|p1|Aromatisse, F|
|poke|p1|Rotom|
|poke|p1|Mudsdale, M|
|poke|p2|Pyukumuku, F|
|poke|p2|Snorlax, F|
|poke|p2|Steelix, M|
|poke|p2|Aromatisse, F|
|poke|p2|Vileplume, M|
|poke|p2|Charizard, F|
|rule|Sleep Clause Mod: Limit one foe put to sleep
|rule|Species Clause: Limit one of each Pokémon
|rule|OHKO Clause: OHKO moves are banned
|rule|Evasion Moves Clause: Evasion moves are banned
|rule|Endless Battle Clause: Forcing endless battles is banned
|rule|HP Percentage Mod: HP is shown in percentages
|rule|Dynamax Clause: You cannot dynamax
|teampreview
|
|start
|switch|p1a: Mudsdale|Mudsdale, M|100/100
|switch|p2a: Charizard|Charizard, F|100/100
|turn|1
|
|move|p2a: Charizard|Will-O-Wisp|p1a: Mudsdale
|-status|p1a: Mudsdale|brn
|move|p1a: Mudsdale|Rock Slide|p2a: Charizard
|-supereffective|p2a: Charizard
|-damage|p2a: Charizard|55/100
|
|-damage|p1a: Mudsdale|94/100 brn|[from] brn
|upkeep
|turn|2
|
|move|p2a: Charizard|Flamethrower|p1a: Mudsdale
|-damage|p1a: Mudsdale|71/100 brn
|-ability|p1a: Mudsdale|Stamina|boost
|-boost|p1a: Mudsdale|def|1
|move|p1a: Mudsdale|Toxic|p2a: Charizard
|-status|p2a: Charizard|tox
|
|-heal|p1a: Mudsdale|77/100 brn|[from] item: Leftovers
|-damage|p2a: Charizard|49/100 tox|[from] psn
|-damage|p1a: Mudsdale|71/100 brn|[from] brn
|upkeep
|turn|3
|
|switch|p1a: Aromatisse|Aromatisse, F|100/100
|move|p2a: Charizard|Roost|p2a: Charizard
|-heal|p2a: Charizard|99/100 tox
|-singleturn|p2a: Charizard|move: Roost
|
|-damage|p2a: Charizard|87/100 tox|[from] psn
|upkeep
|turn|4
|
|switch|p2a: Pyukumuku|Pyukumuku, F|100/100
|move|p1a: Aromatisse|Aromatherapy|p1a: Aromatisse
|-activate|p1a: Aromatisse|move: Aromatherapy
|-curestatus|p1: Mudsdale|brn|[msg]
|
|upkeep
|turn|5
|
|switch|p1a: Escavalier|Escavalier, F|100/100
|move|p2a: Pyukumuku|Block|p1a: Escavalier
|-activate|p1a: Escavalier|trapped
|
|upkeep
|turn|6
|j| Uglymaike
|
|move|p1a: Escavalier|Megahorn|p2a: Pyukumuku
|-damage|p2a: Pyukumuku|33/100
|move|p2a: Pyukumuku|Recover|p2a: Pyukumuku
|-heal|p2a: Pyukumuku|83/100
|
|-heal|p2a: Pyukumuku|89/100|[from] item: Leftovers
|upkeep
|turn|7
|
|switch|p2a: Charizard|Charizard, F|87/100 tox
|move|p1a: Escavalier|Megahorn|p2a: Charizard
|-resisted|p2a: Charizard
|-damage|p2a: Charizard|58/100 tox
|
|-damage|p2a: Charizard|52/100 tox|[from] psn
|upkeep
|turn|8
|
|switch|p1a: Rotom|Rotom|100/100
|move|p2a: Charizard|Roost|p2a: Charizard
|-heal|p2a: Charizard|100/100 tox
|-singleturn|p2a: Charizard|move: Roost
|
|-damage|p2a: Charizard|88/100 tox|[from] psn
|upkeep
|turn|9
|
|move|p1a: Rotom|Shadow Ball|p2a: Charizard
|-damage|p2a: Charizard|50/100 tox
|move|p2a: Charizard|Flamethrower|p1a: Rotom
|-damage|p1a: Rotom|39/100
|
|-damage|p2a: Charizard|31/100 tox|[from] psn
|upkeep
|turn|10
|
|switch|p1a: Escavalier|Escavalier, F|100/100
|switch|p2a: Aromatisse|Aromatisse, F|100/100
|
|upkeep
|turn|11
|
|move|p2a: Aromatisse|Protect|p2a: Aromatisse
|-singleturn|p2a: Aromatisse|Protect
|move|p1a: Escavalier|Knock Off|p2a: Aromatisse
|-activate|p2a: Aromatisse|move: Protect
|
|upkeep
|turn|12
|
|move|p1a: Escavalier|Knock Off|p2a: Aromatisse
|-resisted|p2a: Aromatisse
|-damage|p2a: Aromatisse|69/100
|-enditem|p2a: Aromatisse|Leftovers|[from] move: Knock Off|[of] p1a: Escavalier
|move|p2a: Aromatisse|Wish|p2a: Aromatisse
|
|upkeep
|turn|13
|
|move|p1a: Escavalier|Knock Off|p2a: Aromatisse
|-resisted|p2a: Aromatisse
|-damage|p2a: Aromatisse|50/100
|move|p2a: Aromatisse|Heal Bell|p2a: Aromatisse
|-activate|p2a: Aromatisse|move: Heal Bell
|-curestatus|p2: Charizard|tox|[msg]
|
|-heal|p2a: Aromatisse|99/100|[from] move: Wish|[wisher] Aromatisse
|upkeep
|turn|14
|
|switch|p1a: Snorlax|Snorlax, M|100/100
|move|p2a: Aromatisse|Wish|p2a: Aromatisse
|
|upkeep
|turn|15
|j| jazmin<3
|
|switch|p2a: Steelix|Steelix, M|100/100
|move|p1a: Snorlax|Body Slam|p2a: Steelix
|-resisted|p2a: Steelix
|-damage|p2a: Steelix|92/100
|
|-heal|p2a: Steelix|100/100|[from] move: Wish|[wisher] Aromatisse
|upkeep
|turn|16
|
|switch|p1a: Mudsdale|Mudsdale, M|71/100
|move|p2a: Steelix|Stealth Rock|p1a: Mudsdale
|-sidestart|p1: FE6 Fir|move: Stealth Rock
|
|-heal|p1a: Mudsdale|77/100|[from] item: Leftovers
|upkeep
|turn|17
|
|move|p1a: Mudsdale|Stealth Rock|p2a: Steelix
|-sidestart|p2: Soleil Et Pluie~☆|move: Stealth Rock
|move|p2a: Steelix|Toxic|p1a: Mudsdale
|-status|p1a: Mudsdale|tox
|
|-heal|p1a: Mudsdale|84/100 tox|[from] item: Leftovers
|-damage|p1a: Mudsdale|77/100 tox|[from] psn
|upkeep
|turn|18
|
|switch|p1a: Aromatisse|Aromatisse, F|100/100
|-damage|p1a: Aromatisse|88/100|[from] Stealth Rock
|switch|p2a: Charizard|Charizard, F|31/100
|
|-heal|p1a: Aromatisse|94/100|[from] item: Leftovers
|upkeep
|turn|19
|
|move|p2a: Charizard|Roost|p2a: Charizard
|-heal|p2a: Charizard|81/100
|-singleturn|p2a: Charizard|move: Roost
|move|p1a: Aromatisse|Aromatherapy|p1a: Aromatisse
|-activate|p1a: Aromatisse|move: Aromatherapy
|-curestatus|p1: Mudsdale|tox|[msg]
|
|-heal|p1a: Aromatisse|99/100|[from] item: Leftovers
|upkeep
|turn|20
|
|move|p2a: Charizard|Will-O-Wisp|p1a: Aromatisse
|-status|p1a: Aromatisse|brn
|move|p1a: Aromatisse|Wish|p1a: Aromatisse
|
|-heal|p1a: Aromatisse|100/100 brn|[from] item: Leftovers
|-damage|p1a: Aromatisse|94/100 brn|[from] brn
|upkeep
|turn|21
|c| jazmin<3|Ola
|c| jazmin<3|de mar
|c|☆Soleil Et Pluie~☆|Ola
|c|☆Soleil Et Pluie~☆|de río
|
|switch|p1a: Goodra|Goodra, M|100/100
|-damage|p1a: Goodra|88/100|[from] Stealth Rock
|move|p2a: Charizard|Will-O-Wisp|p1a: Goodra
|-status|p1a: Goodra|brn
|
|-heal|p1a: Goodra|100/100 brn|[from] move: Wish|[wisher] Aromatisse
|-damage|p1a: Goodra|94/100 brn|[from] brn
|upkeep
|turn|22
|
|switch|p2a: Snorlax|Snorlax, F|100/100
|-damage|p2a: Snorlax|88/100|[from] Stealth Rock
|move|p1a: Goodra|Sludge Bomb|p2a: Snorlax
|-damage|p2a: Snorlax|70/100
|
|-heal|p2a: Snorlax|76/100|[from] item: Leftovers
|-damage|p1a: Goodra|88/100 brn|[from] brn
|upkeep
|turn|23
|
|switch|p1a: Escavalier|Escavalier, F|100/100
|-damage|p1a: Escavalier|88/100|[from] Stealth Rock
|switch|p2a: Charizard|Charizard, F|81/100
|
|upkeep
|turn|24
|
|switch|p1a: Snorlax|Snorlax, M|100/100
|-damage|p1a: Snorlax|88/100|[from] Stealth Rock
|move|p2a: Charizard|Flamethrower|p1a: Snorlax
|-damage|p1a: Snorlax|80/100
|
|-heal|p1a: Snorlax|86/100|[from] item: Leftovers
|upkeep
|turn|25
|
|move|p2a: Charizard|Will-O-Wisp|p1a: Snorlax
|-status|p1a: Snorlax|brn
|move|p1a: Snorlax|Body Slam|p2a: Charizard
|-damage|p2a: Charizard|62/100
|
|-heal|p1a: Snorlax|92/100 brn|[from] item: Leftovers
|-damage|p1a: Snorlax|86/100 brn|[from] brn
|upkeep
|turn|26
|
|switch|p2a: Vileplume|Vileplume, M|100/100
|-damage|p2a: Vileplume|88/100|[from] Stealth Rock
|move|p1a: Snorlax|Body Slam|p2a: Vileplume
|-crit|p2a: Vileplume
|-damage|p2a: Vileplume|69/100
|
|-heal|p2a: Vileplume|76/100|[from] item: Leftovers
|-heal|p1a: Snorlax|92/100 brn|[from] item: Leftovers
|-damage|p1a: Snorlax|86/100 brn|[from] brn
|upkeep
|turn|27
|
|switch|p1a: Escavalier|Escavalier, F|88/100
|-damage|p1a: Escavalier|76/100|[from] Stealth Rock
|move|p2a: Vileplume|Sludge Bomb|p1a: Escavalier
|-immune|p1a: Escavalier
|
|-heal|p2a: Vileplume|82/100|[from] item: Leftovers
|upkeep
|turn|28
|
|move|p2a: Vileplume|Strength Sap|p1a: Escavalier
|-unboost|p1a: Escavalier|atk|1
|-heal|p2a: Vileplume|100/100
|move|p1a: Escavalier|Knock Off|p2a: Vileplume
|-damage|p2a: Vileplume|71/100
|-enditem|p2a: Vileplume|Leftovers|[from] move: Knock Off|[of] p1a: Escavalier
|
|upkeep
|turn|29
|
|switch|p1a: Goodra|Goodra, M|88/100 brn
|-damage|p1a: Goodra|76/100 brn|[from] Stealth Rock
|move|p2a: Vileplume|Leech Seed|p1a: Goodra
|-ability|p1a: Goodra|Sap Sipper|boost
|-boost|p1a: Goodra|atk|1
|
|-damage|p1a: Goodra|69/100 brn|[from] brn
|upkeep
|turn|30
|
|switch|p1a: Aromatisse|Aromatisse, F|94/100 brn
|-damage|p1a: Aromatisse|82/100 brn|[from] Stealth Rock
|switch|p2a: Aromatisse|Aromatisse, F|99/100
|-damage|p2a: Aromatisse|88/100|[from] Stealth Rock
|
|-heal|p1a: Aromatisse|88/100 brn|[from] item: Leftovers
|-damage|p1a: Aromatisse|82/100 brn|[from] brn
|upkeep
|turn|31
|l|☆Soleil Et Pluie~☆
|player|p2|
|j| alenpa
|c| alenpa|que me perdi?
|j|☆Soleil Et Pluie~☆
|player|p2|Soleil Et Pluie~☆|unknownf
|c| alenpa|miralo al stallero
|
|move|p2a: Aromatisse|Wish|p2a: Aromatisse
|move|p1a: Aromatisse|Aromatherapy|p1a: Aromatisse
|-activate|p1a: Aromatisse|move: Aromatherapy
|-curestatus|p1a: Aromatisse|brn|[msg]
|-curestatus|p1: Snorlax|brn|[msg]
|-curestatus|p1: Goodra|brn|[msg]
|
|-heal|p1a: Aromatisse|88/100|[from] item: Leftovers
|upkeep
|turn|32
|c| jazmin<3|no ha muerto ninguno
|c| jazmin<3|nada todavia(?
|
|switch|p2a: Charizard|Charizard, F|62/100
|move|p1a: Aromatisse|Wish|p1a: Aromatisse
|
|-heal|p2a: Charizard|100/100|[from] move: Wish|[wisher] Aromatisse
|-heal|p1a: Aromatisse|94/100|[from] item: Leftovers
|upkeep
|turn|33
|
|switch|p1a: Goodra|Goodra, M|69/100
|-damage|p1a: Goodra|57/100|[from] Stealth Rock
|move|p2a: Charizard|Will-O-Wisp|p1a: Goodra
|-status|p1a: Goodra|brn
|
|-heal|p1a: Goodra|100/100 brn|[from] move: Wish|[wisher] Aromatisse
|-damage|p1a: Goodra|94/100 brn|[from] brn
|upkeep
|turn|34
|
|move|p2a: Charizard|Defog|p1a: Goodra
|-unboost|p1a: Goodra|evasion|1
|-sideend|p1: FE6 Fir|Stealth Rock|[from] move: Defog|[of] p2a: Charizard
|-sideend|p2: Soleil Et Pluie~☆|Stealth Rock|[from] move: Defog|[of] p2a: Charizard
|move|p1a: Goodra|Sludge Bomb|p2a: Charizard
|-damage|p2a: Charizard|57/100
|
|-damage|p1a: Goodra|88/100 brn|[from] brn
|upkeep
|turn|35
|
|switch|p1a: Escavalier|Escavalier, F|76/100
|move|p2a: Charizard|Will-O-Wisp|p1a: Escavalier
|-status|p1a: Escavalier|brn
|
|-damage|p1a: Escavalier|70/100 brn|[from] brn
|upkeep
|turn|36
|
|switch|p1a: Aromatisse|Aromatisse, F|94/100
|move|p2a: Charizard|Flamethrower|p1a: Aromatisse
|-damage|p1a: Aromatisse|61/100
|
|-heal|p1a: Aromatisse|67/100|[from] item: Leftovers
|upkeep
|turn|37
|
|move|p2a: Charizard|Roost|p2a: Charizard
|-heal|p2a: Charizard|100/100
|-singleturn|p2a: Charizard|move: Roost
|move|p1a: Aromatisse|Wish|p1a: Aromatisse
|
|-heal|p1a: Aromatisse|73/100|[from] item: Leftovers
|upkeep
|turn|38
|
|switch|p1a: Goodra|Goodra, M|88/100 brn
|move|p2a: Charizard|Flamethrower|p1a: Goodra
|-resisted|p1a: Goodra
|-damage|p1a: Goodra|75/100 brn
|
|-heal|p1a: Goodra|100/100 brn|[from] move: Wish|[wisher] Aromatisse
|-damage|p1a: Goodra|94/100 brn|[from] brn
|upkeep
|turn|39
|
|switch|p2a: Aromatisse|Aromatisse, F|88/100
|move|p1a: Goodra|Sludge Bomb|p2a: Aromatisse
|-supereffective|p2a: Aromatisse
|-damage|p2a: Aromatisse|29/100
|
|-damage|p1a: Goodra|88/100 brn|[from] brn
|upkeep
|turn|40
|
|switch|p1a: Escavalier|Escavalier, F|70/100 brn
|move|p2a: Aromatisse|Protect||[still]
|-fail|p2a: Aromatisse
|
|-damage|p1a: Escavalier|63/100 brn|[from] brn
|upkeep
|turn|41
|
|move|p2a: Aromatisse|Protect|p2a: Aromatisse
|-singleturn|p2a: Aromatisse|Protect
|move|p1a: Escavalier|Iron Head|p2a: Aromatisse
|-activate|p2a: Aromatisse|move: Protect
|
|-damage|p1a: Escavalier|57/100 brn|[from] brn
|upkeep
|turn|42
|
|switch|p1a: Mudsdale|Mudsdale, M|77/100
|switch|p2a: Steelix|Steelix, M|100/100
|
|-heal|p1a: Mudsdale|84/100|[from] item: Leftovers
|upkeep
|turn|43
|
|move|p1a: Mudsdale|Earthquake|p2a: Steelix
|-supereffective|p2a: Steelix
|-crit|p2a: Steelix
|-damage|p2a: Steelix|31/100
|move|p2a: Steelix|Toxic|p1a: Mudsdale
|-status|p1a: Mudsdale|tox
|
|-heal|p1a: Mudsdale|90/100 tox|[from] item: Leftovers
|-heal|p2a: Steelix|37/100|[from] item: Leftovers
|-damage|p1a: Mudsdale|84/100 tox|[from] psn
|upkeep
|turn|44
|
|switch|p2a: Vileplume|Vileplume, M|71/100
|move|p1a: Mudsdale|Earthquake|p2a: Vileplume
|-damage|p2a: Vileplume|41/100
|
|-heal|p1a: Mudsdale|90/100 tox|[from] item: Leftovers
|-damage|p1a: Mudsdale|77/100 tox|[from] psn
|upkeep
|turn|45
|
|switch|p1a: Goodra|Goodra, M|88/100 brn
|move|p2a: Vileplume|Strength Sap|p1a: Goodra
|-ability|p1a: Goodra|Sap Sipper|boost
|-boost|p1a: Goodra|atk|1
|
|-damage|p1a: Goodra|82/100 brn|[from] brn
|upkeep
|turn|46
|
|switch|p2a: Snorlax|Snorlax, F|76/100
|move|p1a: Goodra|Sludge Bomb|p2a: Snorlax
|-damage|p2a: Snorlax|55/100
|-status|p2a: Snorlax|psn
|
|-heal|p2a: Snorlax|62/100 psn|[from] item: Leftovers
|-damage|p1a: Goodra|76/100 brn|[from] brn
|-damage|p2a: Snorlax|49/100 psn|[from] psn
|upkeep
|turn|47
|
|switch|p1a: Aromatisse|Aromatisse, F|73/100
|move|p2a: Snorlax|Curse|p2a: Snorlax
|-unboost|p2a: Snorlax|spe|1
|-boost|p2a: Snorlax|atk|1
|-boost|p2a: Snorlax|def|1
|
|-heal|p1a: Aromatisse|79/100|[from] item: Leftovers
|-heal|p2a: Snorlax|55/100 psn|[from] item: Leftovers
|-damage|p2a: Snorlax|43/100 psn|[from] psn
|upkeep
|turn|48
|
|move|p1a: Aromatisse|Aromatherapy|p1a: Aromatisse
|-activate|p1a: Aromatisse|move: Aromatherapy
|-curestatus|p1: Escavalier|brn|[msg]
|-curestatus|p1: Goodra|brn|[msg]
|-curestatus|p1: Mudsdale|tox|[msg]
|move|p2a: Snorlax|Curse|p2a: Snorlax
|-unboost|p2a: Snorlax|spe|1
|-boost|p2a: Snorlax|atk|1
|-boost|p2a: Snorlax|def|1
|
|-heal|p1a: Aromatisse|85/100|[from] item: Leftovers
|-heal|p2a: Snorlax|49/100 psn|[from] item: Leftovers
|-damage|p2a: Snorlax|37/100 psn|[from] psn
|upkeep
|turn|49
|
|move|p1a: Aromatisse|Wish|p1a: Aromatisse
|move|p2a: Snorlax|Body Slam|p1a: Aromatisse
|-damage|p1a: Aromatisse|33/100
|-status|p1a: Aromatisse|par
|
|-heal|p2a: Snorlax|43/100 psn|[from] item: Leftovers
|-heal|p1a: Aromatisse|39/100 par|[from] item: Leftovers
|-damage|p2a: Snorlax|30/100 psn|[from] psn
|upkeep
|turn|50
|
|switch|p1a: Escavalier|Escavalier, F|57/100
|move|p2a: Snorlax|Darkest Lariat|p1a: Escavalier
|-damage|p1a: Escavalier|7/100
|
|-heal|p1a: Escavalier|77/100|[from] move: Wish|[wisher] Aromatisse
|-heal|p2a: Snorlax|36/100 psn|[from] item: Leftovers
|-damage|p2a: Snorlax|24/100 psn|[from] psn
|upkeep
|turn|51
|
|switch|p2a: Charizard|Charizard, F|100/100
|move|p1a: Escavalier|Close Combat|p2a: Charizard
|-resisted|p2a: Charizard
|-crit|p2a: Charizard
|-damage|p2a: Charizard|43/100
|-unboost|p1a: Escavalier|def|1
|-unboost|p1a: Escavalier|spd|1
|
|upkeep
|turn|52
|
|switch|p1a: Goodra|Goodra, M|76/100
|move|p2a: Charizard|Flamethrower|p1a: Goodra
|-resisted|p1a: Goodra
|-damage|p1a: Goodra|62/100
|
|upkeep
|turn|53
|
|move|p2a: Charizard|Roost|p2a: Charizard
|-heal|p2a: Charizard|93/100
|-singleturn|p2a: Charizard|move: Roost
|move|p1a: Goodra|Sludge Bomb|p2a: Charizard
|-crit|p2a: Charizard
|-damage|p2a: Charizard|26/100
|
|upkeep
|turn|54
|
|switch|p2a: Steelix|Steelix, M|37/100
|move|p1a: Goodra|Sludge Bomb|p2a: Steelix
|-immune|p2a: Steelix
|
|-heal|p2a: Steelix|43/100|[from] item: Leftovers
|upkeep
|turn|55
|
|switch|p1a: Escavalier|Escavalier, F|77/100
|move|p2a: Steelix|Earthquake|p1a: Escavalier
|-damage|p1a: Escavalier|40/100
|
|-heal|p2a: Steelix|50/100|[from] item: Leftovers
|upkeep
|turn|56
|
|move|p1a: Escavalier|Close Combat|p2a: Steelix
|-supereffective|p2a: Steelix
|-damage|p2a: Steelix|0 fnt
|-unboost|p1a: Escavalier|def|1
|-unboost|p1a: Escavalier|spd|1
|faint|p2a: Steelix
|
|upkeep
|
|switch|p2a: Charizard|Charizard, F|26/100
|turn|57
|
|switch|p1a: Snorlax|Snorlax, M|86/100
|move|p2a: Charizard|Flamethrower|p1a: Snorlax
|-damage|p1a: Snorlax|73/100
|
|-heal|p1a: Snorlax|79/100|[from] item: Leftovers
|upkeep
|turn|58
|
|move|p2a: Charizard|Roost|p2a: Charizard
|-heal|p2a: Charizard|77/100
|-singleturn|p2a: Charizard|move: Roost
|move|p1a: Snorlax|Body Slam|p2a: Charizard
|-damage|p2a: Charizard|41/100
|-status|p2a: Charizard|par
|
|-heal|p1a: Snorlax|85/100|[from] item: Leftovers
|upkeep
|turn|59
|
|switch|p2a: Pyukumuku|Pyukumuku, F|89/100
|switch|p1a: Goodra|Goodra, M|62/100
|
|-heal|p2a: Pyukumuku|95/100|[from] item: Leftovers
|upkeep
|turn|60
|
|move|p1a: Goodra|Draco Meteor|p2a: Pyukumuku
|-damage|p2a: Pyukumuku|15/100
|-unboost|p1a: Goodra|spa|2
|move|p2a: Pyukumuku|Toxic|p1a: Goodra
|-status|p1a: Goodra|tox
|
|-heal|p2a: Pyukumuku|21/100|[from] item: Leftovers
|-damage|p1a: Goodra|56/100 tox|[from] psn
|upkeep
|turn|61
|
|move|p1a: Goodra|Draco Meteor|p2a: Pyukumuku
|-damage|p2a: Pyukumuku|0 fnt
|-unboost|p1a: Goodra|spa|2
|faint|p2a: Pyukumuku
|
|-damage|p1a: Goodra|44/100 tox|[from] psn
|upkeep
|
|switch|p2a: Aromatisse|Aromatisse, F|29/100
|turn|62
|
|switch|p1a: Escavalier|Escavalier, F|40/100
|move|p2a: Aromatisse|Wish|p2a: Aromatisse
|
|upkeep
|turn|63
|
|move|p2a: Aromatisse|Protect|p2a: Aromatisse
|-singleturn|p2a: Aromatisse|Protect
|move|p1a: Escavalier|Iron Head|p2a: Aromatisse
|-activate|p2a: Aromatisse|move: Protect
|
|-heal|p2a: Aromatisse|79/100|[from] move: Wish|[wisher] Aromatisse
|upkeep
|turn|64
|
|switch|p2a: Charizard|Charizard, F|41/100 par
|move|p1a: Escavalier|Iron Head|p2a: Charizard
|-resisted|p2a: Charizard
|-damage|p2a: Charizard|2/100 par
|
|upkeep
|turn|65
|
|switch|p1a: Rotom|Rotom|39/100
|move|p2a: Charizard|Flamethrower|p1a: Rotom
|-damage|p1a: Rotom|0 fnt
|faint|p1a: Rotom
|
|upkeep
|c| alenpa|almenos no fue 6-0
|
|switch|p1a: Goodra|Goodra, M|44/100 tox
|turn|66
|
|move|p1a: Goodra|Sludge Bomb|p2a: Charizard
|-damage|p2a: Charizard|0 fnt
|faint|p2a: Charizard
|
|-damage|p1a: Goodra|38/100 tox|[from] psn
|upkeep
|
|switch|p2a: Aromatisse|Aromatisse, F|79/100
|turn|67
|c|☆Soleil Et Pluie~☆|Estoy jugando por terminar la battle la verdad xD
|
|switch|p1a: Aromatisse|Aromatisse, F|39/100 par
|move|p2a: Aromatisse|Moonblast|p1a: Aromatisse
|-damage|p1a: Aromatisse|12/100 par
|
|-heal|p1a: Aromatisse|18/100 par|[from] item: Leftovers
|upkeep
|turn|68
|c| jazmin<3|xxD
|c| alenpa|jajajajajajaja
|
|move|p2a: Aromatisse|Moonblast|p1a: Aromatisse
|-damage|p1a: Aromatisse|0 fnt
|faint|p1a: Aromatisse
|
|upkeep
|
|switch|p1a: Escavalier|Escavalier, F|40/100
|turn|69
|c| jazmin<3|muy mal Tou
|
|move|p1a: Escavalier|Iron Head|p2a: Aromatisse
|-supereffective|p2a: Aromatisse
|-damage|p2a: Aromatisse|0 fnt
|faint|p2a: Aromatisse
|
|upkeep
|
|switch|p2a: Vileplume|Vileplume, M|41/100
|turn|70
|c| alenpa|jaz 6-0
|
|move|p2a: Vileplume|Sludge Bomb|p1a: Escavalier
|-immune|p1a: Escavalier
|move|p1a: Escavalier|Iron Head|p2a: Vileplume
|-damage|p2a: Vileplume|0 fnt
|faint|p2a: Vileplume
|
|upkeep
|c| alenpa|tou 0-1
|
|switch|p2a: Snorlax|Snorlax, F|24/100 psn
|turn|71
|
|move|p1a: Escavalier|Iron Head|p2a: Snorlax
|-damage|p2a: Snorlax|0 fnt
|faint|p2a: Snorlax
|
|win|FE6 Fir
|l|☆Soleil Et Pluie~☆
|raw|FE6 Fir's rating: 1552 &rarr; <strong>1564</strong><br />(+12 for winning)
|raw|Soleil Et Pluie~☆'s rating: 1400 &rarr; <strong>1388</strong><br />(-12 for losing)
