|raw|<div class="broadcast-blue"><strong>This battle is required to be public due to a player having a name starting with 'rult68'.</div>
|j|☆Jelly cookie
|j|☆RULT68x metal
|t:|1656031281
|gametype|singles
|player|p1|Jelly cookie|shadowtriad|1404
|player|p2|RULT68x metal|pokemonbreederf-gen4|1396
|teamsize|p1|6
|teamsize|p2|6
|gen|8
|tier|[Gen 8] RU
|rated|
|rule|Sleep Clause Mod: Limit one foe put to sleep
|rule|Species Clause: Limit one of each Pokémon
|rule|OHKO Clause: OHKO moves are banned
|rule|Evasion Moves Clause: Evasion moves are banned
|rule|Endless Battle Clause: Forcing endless battles is banned
|rule|HP Percentage Mod: HP is shown in percentages
|rule|Dynamax Clause: You cannot dynamax
|clearpoke
|poke|p1|Xurkitree|
|poke|p1|Entei|
|poke|p1|Milotic, F|
|poke|p1|Togekiss, M|
|poke|p1|Reuniclus, F|
|poke|p1|Regidrago|
|poke|p2|Barbaracle, M|
|poke|p2|Roserade, F|
|poke|p2|Bewear, F|
|poke|p2|Flygon, M|
|poke|p2|Metagross|
|poke|p2|Mimikyu, F|
|teampreview
|inactive|Battle timer is ON: inactive players will automatically lose when time's up. (requested by RULT68x metal)
|inactive|Jelly cookie also wants the timer to be on.
|inactive|RULT68x metal has 120 seconds left.
|
|t:|1656031315
|start
|switch|p1a: Entei|Entei, shiny|100/100
|switch|p2a: Barbaracle|Barbaracle, M|100/100
|turn|1
|
|t:|1656031338
|move|p1a: Entei|Sacred Fire|p2a: Barbaracle
|-resisted|p2a: Barbaracle
|-damage|p2a: Barbaracle|87/100
|-status|p2a: Barbaracle|brn
|move|p2a: Barbaracle|Shell Smash|p2a: Barbaracle
|-unboost|p2a: Barbaracle|def|1
|-unboost|p2a: Barbaracle|spd|1
|-boost|p2a: Barbaracle|atk|2
|-boost|p2a: Barbaracle|spa|2
|-boost|p2a: Barbaracle|spe|2
|
|-damage|p2a: Barbaracle|81/100 brn|[from] brn
|upkeep
|turn|2
|
|t:|1656031352
|switch|p1a: Milotic|Milotic, F, shiny|100/100
|move|p2a: Barbaracle|Stone Edge|p1a: Milotic
|-damage|p1a: Milotic|65/100
|
|-heal|p1a: Milotic|71/100|[from] item: Leftovers
|-damage|p2a: Barbaracle|75/100 brn|[from] brn
|upkeep
|turn|3
|
|t:|1656031357
|move|p2a: Barbaracle|Stealth Rock|p1a: Milotic
|-sidestart|p1: Jelly cookie|move: Stealth Rock
|move|p1a: Milotic|Recover|p1a: Milotic
|-heal|p1a: Milotic|100/100
|
|-damage|p2a: Barbaracle|69/100 brn|[from] brn
|upkeep
|turn|4
|j| Cloak_Carton
|inactive|RULT68x metal has 120 seconds left.
|
|t:|1656031391
|move|p2a: Barbaracle|Stone Edge|p1a: Milotic|[miss]
|-miss|p2a: Barbaracle|p1a: Milotic
|move|p1a: Milotic|Scald|p2a: Barbaracle
|-damage|p2a: Barbaracle|15/100 brn
|
|-damage|p2a: Barbaracle|9/100 brn|[from] brn
|upkeep
|turn|5
|
|t:|1656031397
|move|p2a: Barbaracle|Stone Edge|p1a: Milotic
|-crit|p1a: Milotic
|-damage|p1a: Milotic|47/100
|move|p1a: Milotic|Recover|p1a: Milotic
|-heal|p1a: Milotic|97/100
|
|-heal|p1a: Milotic|100/100|[from] item: Leftovers
|-damage|p2a: Barbaracle|3/100 brn|[from] brn
|upkeep
|turn|6
|
|t:|1656031408
|move|p2a: Barbaracle|Stone Edge|p1a: Milotic|[miss]
|-miss|p2a: Barbaracle|p1a: Milotic
|move|p1a: Milotic|Recover||[still]
|-fail|p1a: Milotic|heal
|
|-damage|p2a: Barbaracle|0 fnt|[from] brn
|faint|p2a: Barbaracle
|upkeep
|
|t:|1656031411
|switch|p2a: Roserade|Roserade, F|100/100
|turn|7
|
|t:|1656031413
|move|p2a: Roserade|Sleep Powder|p1a: Milotic
|-status|p1a: Milotic|slp|[from] move: Sleep Powder
|cant|p1a: Milotic|slp
|
|upkeep
|turn|8
|
|t:|1656031418
|switch|p1a: Entei|Entei, shiny|100/100
|move|p2a: Roserade|Grass Knot|p1a: Entei
|-resisted|p1a: Entei
|-damage|p1a: Entei|72/100
|
|upkeep
|turn|9
|
|t:|1656031432
|switch|p2a: Flygon|Flygon, M|100/100
|move|p1a: Entei|Sacred Fire|p2a: Flygon
|-resisted|p2a: Flygon
|-damage|p2a: Flygon|67/100
|-status|p2a: Flygon|brn
|
|-damage|p2a: Flygon|61/100 brn|[from] brn
|upkeep
|turn|10
|
|t:|1656031438
|switch|p1a: Togekiss|Togekiss, M|100/100
|move|p2a: Flygon|Earthquake|p1a: Togekiss
|-immune|p1a: Togekiss
|
|-damage|p2a: Flygon|55/100 brn|[from] brn
|upkeep
|turn|11
|
|t:|1656031447
|switch|p2a: Metagross|Metagross|100/100
|move|p1a: Togekiss|Defog|p2a: Metagross
|-fail|p2a: Metagross|unboost|[from] ability: Clear Body|[of] p2a: Metagross
|-sideend|p1: Jelly cookie|Stealth Rock|[from] move: Defog|[of] p1a: Togekiss
|
|upkeep
|turn|12
|
|t:|1656031449
|move|p1a: Togekiss|Thunder Wave|p2a: Metagross
|-status|p2a: Metagross|par
|move|p2a: Metagross|Agility|p2a: Metagross
|-boost|p2a: Metagross|spe|2
|
|upkeep
|turn|13
|
|t:|1656031457
|switch|p1a: Entei|Entei, shiny|72/100
|move|p2a: Metagross|Meteor Mash|p1a: Entei
|-resisted|p1a: Entei
|-damage|p1a: Entei|44/100
|-boost|p2a: Metagross|atk|1
|
|upkeep
|turn|14
|
|t:|1656031473
|move|p1a: Entei|Sacred Fire|p2a: Metagross
|-supereffective|p2a: Metagross
|-damage|p2a: Metagross|16/100 par
|move|p2a: Metagross|Earthquake|p1a: Entei
|-supereffective|p1a: Entei
|-crit|p1a: Entei
|-damage|p1a: Entei|0 fnt
|faint|p1a: Entei
|
|upkeep
|
|t:|1656031485
|switch|p1a: Regidrago|Regidrago|100/100
|turn|15
|
|t:|1656031493
|move|p1a: Regidrago|Dragon Pulse|p2a: Metagross
|-resisted|p2a: Metagross
|-damage|p2a: Metagross|0 fnt
|faint|p2a: Metagross
|
|upkeep
|
|t:|1656031496
|switch|p2a: Mimikyu|Mimikyu, F|100/100
|turn|16
|
|t:|1656031498
|switch|p1a: Togekiss|Togekiss, M|100/100
|move|p2a: Mimikyu|Swords Dance|p2a: Mimikyu
|-boost|p2a: Mimikyu|atk|2
|
|upkeep
|turn|17
|
|t:|1656031500
|move|p2a: Mimikyu|Swords Dance|p2a: Mimikyu
|-boost|p2a: Mimikyu|atk|2
|move|p1a: Togekiss|Thunder Wave|p2a: Mimikyu
|-status|p2a: Mimikyu|par
|
|upkeep
|turn|18
|
|t:|1656031502
|move|p1a: Togekiss|Air Slash|p2a: Mimikyu
|-activate|p2a: Mimikyu|ability: Disguise
|-damage|p2a: Mimikyu|100/100 par
|detailschange|p2a: Mimikyu|Mimikyu-Busted, F
|-damage|p2a: Mimikyu|88/100 par|[from] pokemon: Mimikyu-Busted
|move|p2a: Mimikyu|Shadow Claw|p1a: Togekiss
|-damage|p1a: Togekiss|6/100
|-damage|p2a: Mimikyu|78/100 par|[from] item: Life Orb
|
|upkeep
|turn|19
|
|t:|1656031507
|move|p2a: Mimikyu|Shadow Sneak|p1a: Togekiss
|-damage|p1a: Togekiss|0 fnt
|faint|p1a: Togekiss
|-damage|p2a: Mimikyu|68/100 par|[from] item: Life Orb
|
|upkeep
|
|t:|1656031513
|switch|p1a: Xurkitree|Xurkitree, shiny|100/100
|turn|20
|
|t:|1656031515
|move|p2a: Mimikyu|Shadow Sneak|p1a: Xurkitree
|-crit|p1a: Xurkitree
|-damage|p1a: Xurkitree|10/100
|-damage|p2a: Mimikyu|58/100 par|[from] item: Life Orb
|move|p1a: Xurkitree|Thunderbolt|p2a: Mimikyu
|-damage|p2a: Mimikyu|0 fnt
|faint|p2a: Mimikyu
|-ability|p1a: Xurkitree|Beast Boost|boost
|-boost|p1a: Xurkitree|spa|1
|
|-heal|p1a: Xurkitree|17/100|[from] item: Leftovers
|upkeep
|
|t:|1656031518
|switch|p2a: Roserade|Roserade, F|100/100
|turn|21
|l| Cloak_Carton
|
|t:|1656031521
|move|p2a: Roserade|Grass Knot|p1a: Xurkitree
|-damage|p1a: Xurkitree|0 fnt
|faint|p1a: Xurkitree
|
|upkeep
|
|t:|1656031527
|switch|p1a: Regidrago|Regidrago|100/100
|turn|22
|
|t:|1656031531
|switch|p2a: Flygon|Flygon, M|55/100 brn
|move|p1a: Regidrago|Dragon Energy|p2a: Flygon
|-supereffective|p2a: Flygon
|-damage|p2a: Flygon|0 fnt
|faint|p2a: Flygon
|
|upkeep
|
|t:|1656031535
|switch|p2a: Roserade|Roserade, F|100/100
|turn|23
|
|t:|1656031538
|move|p1a: Regidrago|Dragon Energy|p2a: Roserade
|-enditem|p2a: Roserade|Focus Sash
|-damage|p2a: Roserade|1/100
|move|p2a: Roserade|Sludge Bomb|p1a: Regidrago
|-damage|p1a: Regidrago|54/100
|
|upkeep
|turn|24
|
|t:|1656031543
|switch|p1a: Milotic|Milotic, F, shiny|100/100 slp
|move|p2a: Roserade|Sludge Bomb|p1a: Milotic
|-damage|p1a: Milotic|69/100 slp
|
|-heal|p1a: Milotic|75/100 slp|[from] item: Leftovers
|upkeep
|turn|25
|
|t:|1656031547
|switch|p1a: Regidrago|Regidrago|54/100
|move|p2a: Roserade|Grass Knot|p1a: Regidrago
|-resisted|p1a: Regidrago
|-damage|p1a: Regidrago|21/100
|
|upkeep
|turn|26
|
|t:|1656031551
|move|p1a: Regidrago|Dragon Pulse|p2a: Roserade
|-damage|p2a: Roserade|0 fnt
|faint|p2a: Roserade
|
|upkeep
|
|t:|1656031553
|switch|p2a: Bewear|Bewear, F|100/100
|turn|27
|
|t:|1656031555
|move|p1a: Regidrago|Dragon Pulse|p2a: Bewear
|-damage|p2a: Bewear|19/100
|move|p2a: Bewear|Darkest Lariat|p1a: Regidrago
|-damage|p1a: Regidrago|0 fnt
|faint|p1a: Regidrago
|
|upkeep
|
|t:|1656031558
|switch|p1a: Reuniclus|Reuniclus, F, shiny|100/100
|turn|28
|
|t:|1656031562
|move|p2a: Bewear|Darkest Lariat|p1a: Reuniclus
|-supereffective|p1a: Reuniclus
|-enditem|p1a: Reuniclus|Colbur Berry|[eat]
|-enditem|p1a: Reuniclus|Colbur Berry|[weaken]
|-damage|p1a: Reuniclus|54/100
|move|p1a: Reuniclus|Stored Power|p2a: Bewear
|-supereffective|p2a: Bewear
|-damage|p2a: Bewear|0 fnt
|faint|p2a: Bewear
|
|win|Jelly cookie
|raw|Jelly cookie's rating: 1404 &rarr; <strong>1425</strong><br />(+21 for winning)
|raw|RULT68x metal's rating: 1413 &rarr; <strong>1392</strong><br />(-21 for losing)
|l|☆RULT68x metal
|c|☆Jelly cookie|Gg
