|j|☆Dancanmanfan
|j|☆Amino_Trap_Pkmn
|t:|1666111907
|gametype|singles
|player|p1|Dancanmanfan|clay|1499
|player|p2|Amino_Trap_Pkmn|waiter-gen4dp|1324
|teamsize|p1|6
|teamsize|p2|6
|gen|8
|tier|[Gen 8] RU
|rated|
|rule|Sleep Clause Mod: Limit one foe put to sleep
|rule|Species Clause: Limit one of each Pokémon
|rule|OHKO Clause: OHKO moves are banned
|rule|Evasion Items Clause: Evasion items are banned
|rule|Evasion Moves Clause: Evasion moves are banned
|rule|Endless Battle Clause: Forcing endless battles is banned
|rule|HP Percentage Mod: HP is shown in percentages
|rule|Dynamax Clause: You cannot dynamax
|clearpoke
|poke|p1|Corsola-Galar, F|
|poke|p1|Togekiss, F|
|poke|p1|Gastrodon, F|
|poke|p1|Reuniclus, F|
|poke|p1|Registeel|
|poke|p1|Bewear, F|
|poke|p2|Starmie|
|poke|p2|Nidoqueen, F|
|poke|p2|Porygon-Z|
|poke|p2|Decidueye, M|
|poke|p2|Incineroar, M|
|poke|p2|Scyther, M|
|teampreview
|inactive|Battle timer is ON: inactive players will automatically lose when time's up. (requested by Amino_Trap_Pkmn)
|inactive|Dancanmanfan also wants the timer to be on.
|c|☆Amino_Trap_Pkmn|omg stall
|
|t:|1666111927
|start
|switch|p1a: Corsola|Corsola-Galar, F|100/100
|switch|p2a: Incineroar|Incineroar, M|100/100
|-ability|p2a: Incineroar|Intimidate|boost
|-unboost|p1a: Corsola|atk|1
|turn|1
|
|t:|1666111930
|switch|p1a: Gastrodon|Gastrodon, F|100/100
|move|p2a: Incineroar|Knock Off|p1a: Gastrodon
|-damage|p1a: Gastrodon|74/100
|-damage|p2a: Incineroar|84/100|[from] item: Rocky Helmet|[of] p1a: Gastrodon
|-activate|p1a: Gastrodon|ability: Sticky Hold
|
|-heal|p2a: Incineroar|90/100|[from] item: Leftovers
|upkeep
|turn|2
|
|t:|1666111939
|move|p2a: Incineroar|Toxic|p1a: Gastrodon
|-status|p1a: Gastrodon|tox
|move|p1a: Gastrodon|Toxic|p2a: Incineroar
|-status|p2a: Incineroar|tox
|
|-heal|p2a: Incineroar|96/100 tox|[from] item: Leftovers
|-damage|p2a: Incineroar|90/100 tox|[from] psn
|-damage|p1a: Gastrodon|68/100 tox|[from] psn
|upkeep
|turn|3
|
|t:|1666111949
|switch|p2a: Starmie|Starmie, shiny|100/100
|move|p1a: Gastrodon|Recover|p1a: Gastrodon
|-heal|p1a: Gastrodon|100/100 tox
|
|-damage|p1a: Gastrodon|88/100 tox|[from] psn
|upkeep
|turn|4
|
|t:|1666111953
|switch|p1a: Corsola|Corsola-Galar, F|100/100
|move|p2a: Starmie|Scald|p1a: Corsola
|-damage|p1a: Corsola|88/100
|-status|p1a: Corsola|brn
|-start|p2a: Starmie|Disable|Scald|[from] ability: Cursed Body|[of] p1a: Corsola
|
|-damage|p1a: Corsola|81/100 brn|[from] brn
|upkeep
|turn|5
|
|t:|1666111957
|switch|p2a: Incineroar|Incineroar, M|90/100 tox
|-ability|p2a: Incineroar|Intimidate|boost
|-unboost|p1a: Corsola|atk|1
|move|p1a: Corsola|Stealth Rock|p2a: Incineroar
|-sidestart|p2: Amino_Trap_Pkmn|move: Stealth Rock
|
|-heal|p2a: Incineroar|96/100 tox|[from] item: Leftovers
|-damage|p2a: Incineroar|90/100 tox|[from] psn
|-damage|p1a: Corsola|75/100 brn|[from] brn
|upkeep
|turn|6
|
|t:|1666111962
|switch|p2a: Starmie|Starmie, shiny|100/100
|-damage|p2a: Starmie|88/100|[from] Stealth Rock
|switch|p1a: Gastrodon|Gastrodon, F|88/100 tox
|
|-heal|p2a: Starmie|94/100|[from] item: Leftovers
|-damage|p1a: Gastrodon|82/100 tox|[from] psn
|upkeep
|turn|7
|
|t:|1666111968
|switch|p1a: Corsola|Corsola-Galar, F|75/100 brn
|move|p2a: Starmie|Psyshock|p1a: Corsola
|-damage|p1a: Corsola|55/100 brn
|
|-heal|p2a: Starmie|100/100|[from] item: Leftovers
|-damage|p1a: Corsola|49/100 brn|[from] brn
|upkeep
|turn|8
|
|t:|1666111973
|move|p2a: Starmie|Scald|p1a: Corsola
|-damage|p1a: Corsola|35/100 brn
|move|p1a: Corsola|Strength Sap|p2a: Starmie
|-unboost|p2a: Starmie|atk|1
|-heal|p1a: Corsola|87/100 brn
|
|-damage|p1a: Corsola|81/100 brn|[from] brn
|upkeep
|turn|9
|
|t:|1666111977
|move|p2a: Starmie|Scald|p1a: Corsola
|-damage|p1a: Corsola|66/100 brn
|move|p1a: Corsola|Night Shade|p2a: Starmie
|-damage|p2a: Starmie|70/100
|
|-heal|p2a: Starmie|76/100|[from] item: Leftovers
|-damage|p1a: Corsola|59/100 brn|[from] brn
|upkeep
|turn|10
|
|t:|1666111984
|switch|p1a: Reuniclus|Reuniclus, F|100/100
|move|p2a: Starmie|Scald|p1a: Reuniclus
|-damage|p1a: Reuniclus|79/100
|
|-heal|p2a: Starmie|82/100|[from] item: Leftovers
|-heal|p1a: Reuniclus|85/100|[from] item: Leftovers
|upkeep
|turn|11
|
|t:|1666111988
|switch|p2a: Incineroar|Incineroar, M|90/100 tox
|-damage|p2a: Incineroar|65/100 tox|[from] Stealth Rock
|-ability|p2a: Incineroar|Intimidate|boost
|-unboost|p1a: Reuniclus|atk|1
|switch|p1a: Corsola|Corsola-Galar, F|59/100 brn
|
|-heal|p2a: Incineroar|71/100 tox|[from] item: Leftovers
|-damage|p2a: Incineroar|65/100 tox|[from] psn
|-damage|p1a: Corsola|53/100 brn|[from] brn
|upkeep
|turn|12
|
|t:|1666111992
|switch|p1a: Gastrodon|Gastrodon, F|82/100 tox
|move|p2a: Incineroar|Knock Off|p1a: Gastrodon
|-damage|p1a: Gastrodon|55/100 tox
|-damage|p2a: Incineroar|49/100 tox|[from] item: Rocky Helmet|[of] p1a: Gastrodon
|-activate|p1a: Gastrodon|ability: Sticky Hold
|
|-heal|p2a: Incineroar|55/100 tox|[from] item: Leftovers
|-damage|p2a: Incineroar|43/100 tox|[from] psn
|-damage|p1a: Gastrodon|49/100 tox|[from] psn
|upkeep
|turn|13
|
|t:|1666111995
|switch|p2a: Starmie|Starmie, shiny|82/100
|-damage|p2a: Starmie|70/100|[from] Stealth Rock
|move|p1a: Gastrodon|Recover|p1a: Gastrodon
|-heal|p1a: Gastrodon|99/100 tox
|
|-heal|p2a: Starmie|76/100|[from] item: Leftovers
|-damage|p1a: Gastrodon|87/100 tox|[from] psn
|upkeep
|turn|14
|
|t:|1666112001
|switch|p1a: Corsola|Corsola-Galar, F|53/100 brn
|move|p2a: Starmie|Rapid Spin|p1a: Corsola
|-immune|p1a: Corsola
|
|-heal|p2a: Starmie|82/100|[from] item: Leftovers
|-damage|p1a: Corsola|47/100 brn|[from] brn
|upkeep
|turn|15
|
|t:|1666112003
|move|p2a: Starmie|Scald|p1a: Corsola
|-damage|p1a: Corsola|33/100 brn
|-start|p2a: Starmie|Disable|Scald|[from] ability: Cursed Body|[of] p1a: Corsola
|move|p1a: Corsola|Strength Sap|p2a: Starmie
|-unboost|p2a: Starmie|atk|1
|-heal|p1a: Corsola|84/100 brn
|
|-heal|p2a: Starmie|88/100|[from] item: Leftovers
|-damage|p1a: Corsola|78/100 brn|[from] brn
|upkeep
|turn|16
|
|t:|1666112009
|move|p2a: Starmie|Psyshock|p1a: Corsola
|-damage|p1a: Corsola|60/100 brn
|move|p1a: Corsola|Night Shade|p2a: Starmie
|-damage|p2a: Starmie|57/100
|
|-heal|p2a: Starmie|63/100|[from] item: Leftovers
|-damage|p1a: Corsola|54/100 brn|[from] brn
|upkeep
|turn|17
|
|t:|1666112013
|switch|p1a: Gastrodon|Gastrodon, F|87/100 tox
|move|p2a: Starmie|Rapid Spin|p1a: Gastrodon
|-damage|p1a: Gastrodon|83/100 tox
|-boost|p2a: Starmie|spe|1
|-damage|p2a: Starmie|47/100|[from] item: Rocky Helmet|[of] p1a: Gastrodon
|-sideend|p2: Amino_Trap_Pkmn|Stealth Rock|[from] move: Rapid Spin|[of] p2a: Starmie
|
|-heal|p2a: Starmie|53/100|[from] item: Leftovers
|-damage|p1a: Gastrodon|77/100 tox|[from] psn
|upkeep
|turn|18
|
|t:|1666112020
|switch|p2a: Decidueye|Decidueye, M|100/100
|switch|p1a: Corsola|Corsola-Galar, F|54/100 brn
|
|-damage|p1a: Corsola|47/100 brn|[from] brn
|upkeep
|turn|19
|
|t:|1666112025
|switch|p1a: Bewear|Bewear, F|100/100
|move|p2a: Decidueye|Swords Dance|p2a: Decidueye
|-boost|p2a: Decidueye|atk|2
|
|upkeep
|turn|20
|
|t:|1666112031
|switch|p2a: Nidoqueen|Nidoqueen, F|100/100
|move|p1a: Bewear|Darkest Lariat|p2a: Nidoqueen
|-damage|p2a: Nidoqueen|75/100
|
|-heal|p2a: Nidoqueen|81/100|[from] item: Black Sludge
|upkeep
|turn|21
|
|t:|1666112039
|move|p2a: Nidoqueen|Stealth Rock|p1a: Bewear
|-sidestart|p1: Dancanmanfan|move: Stealth Rock
|move|p1a: Bewear|Body Slam|p2a: Nidoqueen
|-damage|p2a: Nidoqueen|45/100
|
|-heal|p2a: Nidoqueen|51/100|[from] item: Black Sludge
|upkeep
|turn|22
|
|t:|1666112046
|move|p2a: Nidoqueen|Sludge Wave|p1a: Bewear
|-damage|p1a: Bewear|55/100
|move|p1a: Bewear|Body Slam|p2a: Nidoqueen
|-damage|p2a: Nidoqueen|9/100
|-status|p2a: Nidoqueen|par
|
|-heal|p1a: Bewear|61/100|[from] item: Leftovers
|-heal|p2a: Nidoqueen|15/100 par|[from] item: Black Sludge
|upkeep
|turn|23
|
|t:|1666112051
|move|p1a: Bewear|Body Slam|p2a: Nidoqueen
|-damage|p2a: Nidoqueen|0 fnt
|faint|p2a: Nidoqueen
|
|-heal|p1a: Bewear|68/100|[from] item: Leftovers
|upkeep
|
|t:|1666112062
|switch|p2a: Incineroar|Incineroar, M|43/100 tox
|-ability|p2a: Incineroar|Intimidate|boost
|-unboost|p1a: Bewear|atk|1
|turn|24
|
|t:|1666112065
|move|p1a: Bewear|Drain Punch|p2a: Incineroar
|-supereffective|p2a: Incineroar
|-damage|p2a: Incineroar|0 fnt
|-heal|p1a: Bewear|88/100|[from] drain|[of] p2a: Incineroar
|faint|p2a: Incineroar
|
|-heal|p1a: Bewear|94/100|[from] item: Leftovers
|upkeep
|
|t:|1666112073
|switch|p2a: Scyther|Scyther, M|100/100
|turn|25
|
|t:|1666112083
|move|p2a: Scyther|Swords Dance|p2a: Scyther
|-boost|p2a: Scyther|atk|2
|move|p1a: Bewear|Body Slam|p2a: Scyther
|-damage|p2a: Scyther|72/100
|-status|p2a: Scyther|par
|
|-heal|p1a: Bewear|100/100|[from] item: Leftovers
|upkeep
|turn|26
|c|☆Amino_Trap_Pkmn|rl
|
|t:|1666112093
|switch|p1a: Gastrodon|Gastrodon, F|77/100 tox
|-damage|p1a: Gastrodon|71/100 tox|[from] Stealth Rock
|cant|p2a: Scyther|par
|
|-damage|p1a: Gastrodon|65/100 tox|[from] psn
|upkeep
|turn|27
|c|☆Amino_Trap_Pkmn|100% paralz
|
|t:|1666112100
|move|p2a: Scyther|Dual Wingbeat|p1a: Gastrodon
|-damage|p1a: Gastrodon|20/100 tox
|-damage|p2a: Scyther|56/100 par|[from] item: Rocky Helmet|[of] p1a: Gastrodon
|-damage|p1a: Gastrodon|0 fnt
|-damage|p2a: Scyther|40/100 par|[from] item: Rocky Helmet|[of] p1a: Gastrodon
|faint|p1a: Gastrodon
|-hitcount|p1: Gastrodon|2
|
|upkeep
|
|t:|1666112108
|switch|p1a: Togekiss|Togekiss, F|100/100
|turn|28
|
|t:|1666112111
|switch|p2a: Porygon-Z|Porygon-Z, shiny|100/100
|move|p1a: Togekiss|Air Slash|p2a: Porygon-Z
|-damage|p2a: Porygon-Z|62/100
|
|upkeep
|turn|29
|
|t:|1666112122
|switch|p1a: Registeel|Registeel|100/100
|-damage|p1a: Registeel|94/100|[from] Stealth Rock
|move|p2a: Porygon-Z|Trick|p1a: Registeel
|-activate|p2a: Porygon-Z|move: Trick|[of] p1a: Registeel
|-item|p1a: Registeel|Choice Scarf|[from] move: Trick
|-item|p2a: Porygon-Z|Leftovers|[from] move: Trick
|
|-heal|p2a: Porygon-Z|68/100|[from] item: Leftovers
|upkeep
|turn|30
|
|t:|1666112134
|switch|p2a: Decidueye|Decidueye, M|100/100
|move|p1a: Registeel|Body Press|p2a: Decidueye
|-immune|p2a: Decidueye
|
|upkeep
|turn|31
|
|t:|1666112142
|switch|p2a: Porygon-Z|Porygon-Z, shiny|68/100
|switch|p1a: Bewear|Bewear, F|100/100
|-damage|p1a: Bewear|94/100|[from] Stealth Rock
|
|-heal|p2a: Porygon-Z|74/100|[from] item: Leftovers
|-heal|p1a: Bewear|100/100|[from] item: Leftovers
|upkeep
|turn|32
|
|t:|1666112147
|switch|p1a: Registeel|Registeel|94/100
|-damage|p1a: Registeel|88/100|[from] Stealth Rock
|move|p2a: Porygon-Z|Tri Attack|p1a: Registeel
|-resisted|p1a: Registeel
|-damage|p1a: Registeel|74/100
|
|-heal|p2a: Porygon-Z|80/100|[from] item: Leftovers
|upkeep
|turn|33
|
|t:|1666112151
|move|p2a: Porygon-Z|Tri Attack|p1a: Registeel
|-resisted|p1a: Registeel
|-damage|p1a: Registeel|59/100
|-status|p1a: Registeel|par
|move|p1a: Registeel|Iron Head|p2a: Porygon-Z
|-damage|p2a: Porygon-Z|49/100
|
|-heal|p2a: Porygon-Z|55/100|[from] item: Leftovers
|upkeep
|turn|34
|c|☆Dancanmanfan|omg100% para
|c|☆Amino_Trap_Pkmn|:)
|
|t:|1666112169
|switch|p2a: Starmie|Starmie, shiny|53/100
|move|p1a: Registeel|Iron Head|p2a: Starmie
|-resisted|p2a: Starmie
|-damage|p2a: Starmie|40/100
|
|-heal|p2a: Starmie|46/100|[from] item: Leftovers
|upkeep
|turn|35
|
|t:|1666112179
|switch|p1a: Togekiss|Togekiss, F|100/100
|move|p2a: Starmie|Recover|p2a: Starmie
|-heal|p2a: Starmie|96/100
|
|-heal|p2a: Starmie|100/100|[from] item: Leftovers
|upkeep
|turn|36
|
|t:|1666112185
|move|p2a: Starmie|Scald|p1a: Togekiss
|-damage|p1a: Togekiss|80/100
|move|p1a: Togekiss|Nasty Plot|p1a: Togekiss
|-boost|p1a: Togekiss|spa|2
|
|upkeep
|turn|37
|
|t:|1666112196
|switch|p2a: Scyther|Scyther, M|40/100 par
|move|p1a: Togekiss|Defog|p2a: Scyther
|-unboost|p2a: Scyther|evasion|1
|-sideend|p1: Dancanmanfan|Stealth Rock|[from] move: Defog|[of] p1a: Togekiss
|
|upkeep
|turn|38
|
|t:|1666112200
|move|p1a: Togekiss|Air Slash|p2a: Scyther
|-supereffective|p2a: Scyther
|-damage|p2a: Scyther|0 fnt
|faint|p2a: Scyther
|
|upkeep
|
|t:|1666112202
|switch|p2a: Porygon-Z|Porygon-Z, shiny|55/100
|turn|39
|
|t:|1666112204
|move|p2a: Porygon-Z|Ice Beam|p1a: Togekiss
|-supereffective|p1a: Togekiss
|-damage|p1a: Togekiss|25/100
|move|p1a: Togekiss|Air Slash|p2a: Porygon-Z|[miss]
|-miss|p1a: Togekiss|p2a: Porygon-Z
|
|-heal|p2a: Porygon-Z|61/100|[from] item: Leftovers
|upkeep
|turn|40
|c|☆Dancanmanfan|nice
|
|t:|1666112213
|switch|p1a: Registeel|Registeel|59/100 par
|move|p2a: Porygon-Z|Tri Attack|p1a: Registeel
|-resisted|p1a: Registeel
|-damage|p1a: Registeel|44/100 par
|
|-heal|p2a: Porygon-Z|67/100|[from] item: Leftovers
|upkeep
|turn|41
|c|☆Amino_Trap_Pkmn|Ahahahaa
|
|t:|1666112219
|switch|p1a: Corsola|Corsola-Galar, F|47/100 brn
|move|p2a: Porygon-Z|Shadow Ball|p1a: Corsola
|-supereffective|p1a: Corsola
|-crit|p1a: Corsola
|-damage|p1a: Corsola|5/100 brn
|-unboost|p1a: Corsola|spd|1
|
|-heal|p2a: Porygon-Z|73/100|[from] item: Leftovers
|-damage|p1a: Corsola|0 fnt|[from] brn
|faint|p1a: Corsola
|upkeep
|
|t:|1666112230
|switch|p1a: Bewear|Bewear, F|100/100
|turn|42
|
|t:|1666112238
|switch|p2a: Starmie|Starmie, shiny|100/100
|move|p1a: Bewear|Drain Punch|p2a: Starmie
|-resisted|p2a: Starmie
|-damage|p2a: Starmie|78/100
|
|-heal|p2a: Starmie|84/100|[from] item: Leftovers
|upkeep
|turn|43
|
|t:|1666112253
|move|p2a: Starmie|Scald|p1a: Bewear
|-damage|p1a: Bewear|68/100
|move|p1a: Bewear|Swords Dance|p1a: Bewear
|-boost|p1a: Bewear|atk|2
|
|-heal|p2a: Starmie|91/100|[from] item: Leftovers
|-heal|p1a: Bewear|75/100|[from] item: Leftovers
|upkeep
|turn|44
|
|t:|1666112258
|move|p2a: Starmie|Psyshock|p1a: Bewear
|-supereffective|p1a: Bewear
|-damage|p1a: Bewear|26/100
|move|p1a: Bewear|Darkest Lariat|p2a: Starmie
|-supereffective|p2a: Starmie
|-damage|p2a: Starmie|0 fnt
|faint|p2a: Starmie
|
|-heal|p1a: Bewear|33/100|[from] item: Leftovers
|upkeep
|
|t:|1666112265
|switch|p2a: Porygon-Z|Porygon-Z, shiny|73/100
|turn|45
|
|t:|1666112272
|switch|p1a: Registeel|Registeel|44/100 par
|move|p2a: Porygon-Z|Tri Attack|p1a: Registeel
|-resisted|p1a: Registeel
|-damage|p1a: Registeel|30/100 par
|
|-heal|p2a: Porygon-Z|80/100|[from] item: Leftovers
|upkeep
|turn|46
|
|t:|1666112277
|switch|p1a: Bewear|Bewear, F|33/100
|move|p2a: Porygon-Z|Shadow Ball|p1a: Bewear
|-immune|p1a: Bewear
|
|-heal|p2a: Porygon-Z|86/100|[from] item: Leftovers
|-heal|p1a: Bewear|39/100|[from] item: Leftovers
|upkeep
|turn|47
|
|t:|1666112282
|switch|p1a: Registeel|Registeel|30/100 par
|move|p2a: Porygon-Z|Tri Attack|p1a: Registeel
|-resisted|p1a: Registeel
|-damage|p1a: Registeel|15/100 par
|
|-heal|p2a: Porygon-Z|92/100|[from] item: Leftovers
|upkeep
|turn|48
|
|t:|1666112285
|move|p2a: Porygon-Z|Tri Attack|p1a: Registeel
|-resisted|p1a: Registeel
|-damage|p1a: Registeel|0 fnt
|faint|p1a: Registeel
|
|-heal|p2a: Porygon-Z|98/100|[from] item: Leftovers
|upkeep
|
|t:|1666112291
|switch|p1a: Reuniclus|Reuniclus, F|85/100
|turn|49
|
|t:|1666112294
|move|p2a: Porygon-Z|Shadow Ball|p1a: Reuniclus
|-supereffective|p1a: Reuniclus
|-damage|p1a: Reuniclus|41/100
|-unboost|p1a: Reuniclus|spd|1
|move|p1a: Reuniclus|Calm Mind|p1a: Reuniclus
|-boost|p1a: Reuniclus|spa|1
|-boost|p1a: Reuniclus|spd|1
|
|-heal|p2a: Porygon-Z|100/100|[from] item: Leftovers
|-heal|p1a: Reuniclus|47/100|[from] item: Leftovers
|upkeep
|turn|50
|
|t:|1666112297
|move|p2a: Porygon-Z|Tri Attack|p1a: Reuniclus
|-damage|p1a: Reuniclus|4/100
|move|p1a: Reuniclus|Recover|p1a: Reuniclus
|-heal|p1a: Reuniclus|54/100
|
|-heal|p1a: Reuniclus|60/100|[from] item: Leftovers
|upkeep
|turn|51
|
|t:|1666112302
|switch|p2a: Decidueye|Decidueye, M|100/100
|move|p1a: Reuniclus|Recover|p1a: Reuniclus
|-heal|p1a: Reuniclus|100/100
|
|upkeep
|turn|52
|
|t:|1666112309
|switch|p1a: Bewear|Bewear, F|39/100
|move|p2a: Decidueye|Leaf Blade|p1a: Bewear
|-damage|p1a: Bewear|1/100
|
|-heal|p1a: Bewear|7/100|[from] item: Leftovers
|upkeep
|turn|53
|
|t:|1666112313
|move|p2a: Decidueye|Leaf Blade|p1a: Bewear
|-damage|p1a: Bewear|0 fnt
|faint|p1a: Bewear
|
|upkeep
|
|t:|1666112316
|switch|p1a: Togekiss|Togekiss, F|25/100
|turn|54
|
|t:|1666112318
|move|p2a: Decidueye|Shadow Sneak|p1a: Togekiss
|-damage|p1a: Togekiss|3/100
|move|p1a: Togekiss|Air Slash|p2a: Decidueye
|-supereffective|p2a: Decidueye
|-damage|p2a: Decidueye|32/100
|
|upkeep
|turn|55
|
|t:|1666112321
|move|p2a: Decidueye|Shadow Sneak|p1a: Togekiss
|-damage|p1a: Togekiss|0 fnt
|faint|p1a: Togekiss
|
|upkeep
|
|t:|1666112323
|switch|p1a: Reuniclus|Reuniclus, F|100/100
|turn|56
|
|t:|1666112326
|move|p2a: Decidueye|Poltergeist|p1a: Reuniclus
|-activate|p1a: Reuniclus|move: Poltergeist|Leftovers
|-supereffective|p1a: Reuniclus
|-damage|p1a: Reuniclus|0 fnt
|faint|p1a: Reuniclus
|
|win|Amino_Trap_Pkmn
|raw|Dancanmanfan's rating: 1499 &rarr; <strong>1470</strong><br />(-29 for losing)
|raw|Amino_Trap_Pkmn's rating: 1324 &rarr; <strong>1353</strong><br />(+29 for winning)
|l|☆Dancanmanfan
|c|☆Amino_Trap_Pkmn|Ez
|c|☆Amino_Trap_Pkmn|Ez
|c|☆Amino_Trap_Pkmn|Ez
|c|☆Amino_Trap_Pkmn|Go Touch Grass!
||Ladder isn't responding, score probably updated but might not have (Request timeout).
