|j|☆troublebubble
|j|☆MacBong
|t:|1607014072
|player|p1|troublebubble|70|1332
|player|p2|MacBong|unknown|1238
|teamsize|p1|6
|teamsize|p2|6
|gametype|singles
|gen|8
|tier|[Gen 8] RU
|rated|
|clearpoke
|poke|p1|Conkeldurr, M|
|poke|p1|Registeel|
|poke|p1|Slowking, M|
|poke|p1|Crobat, M|
|poke|p1|Suicune|
|poke|p1|Zygarde-10%|
|poke|p2|Conkeldurr, M|
|poke|p2|Haxorus, F|
|poke|p2|Grimmsnarl, M|
|poke|p2|Gardevoir, M|
|poke|p2|Raikou|
|poke|p2|Vileplume, M|
|rule|Sleep Clause Mod: Limit one foe put to sleep
|rule|Species Clause: Limit one of each Pokémon
|rule|OHKO Clause: OHKO moves are banned
|rule|Evasion Moves Clause: Evasion moves are banned
|rule|Endless Battle Clause: Forcing endless battles is banned
|rule|HP Percentage Mod: HP is shown in percentages
|rule|Dynamax Clause: You cannot dynamax
|teampreview
|inactive|Battle timer is ON: inactive players will automatically lose when time's up. (requested by MacBong)
|
|t:|1607014087
|start
|switch|p1a: Conkeldurr|Conkeldurr, M|100/100
|switch|p2a: Raikou|Raikou|100/100
|-ability|p2a: Raikou|Pressure
|turn|1
|
|t:|1607014092
|move|p2a: Raikou|Volt Switch|p1a: Conkeldurr
|-damage|p1a: Conkeldurr|33/100
|
|t:|1607014095
|switch|p2a: Vileplume|Vileplume, M|100/100|[from]move: Volt Switch
|move|p1a: Conkeldurr|Knock Off|p2a: Vileplume
|-damage|p2a: Vileplume|68/100
|-enditem|p2a: Vileplume|Black Sludge|[from] move: Knock Off|[of] p1a: Conkeldurr
|
|-status|p1a: Conkeldurr|brn|[from] item: Flame Orb
|upkeep
|turn|2
|
|t:|1607014099
|move|p1a: Conkeldurr|Facade|p2a: Vileplume
|-damage|p2a: Vileplume|5/100
|move|p2a: Vileplume|Strength Sap|p1a: Conkeldurr
|-unboost|p1a: Conkeldurr|atk|1
|-heal|p2a: Vileplume|100/100
|
|-damage|p1a: Conkeldurr|27/100 brn|[from] brn
|upkeep
|turn|3
|
|t:|1607014110
|switch|p1a: Registeel|Registeel|100/100
|move|p2a: Vileplume|Leech Seed|p1a: Registeel
|-start|p1a: Registeel|move: Leech Seed
|
|-damage|p1a: Registeel|88/100|[from] Leech Seed|[of] p2a: Vileplume
|upkeep
|turn|4
|
|t:|1607014123
|switch|p2a: Conkeldurr|Conkeldurr, M|100/100
|move|p1a: Registeel|Stealth Rock|p2a: Conkeldurr
|-sidestart|p2: MacBong|move: Stealth Rock
|
|-heal|p1a: Registeel|94/100|[from] item: Leftovers
|-damage|p1a: Registeel|82/100|[from] Leech Seed|[of] p2a: Conkeldurr
|-status|p2a: Conkeldurr|brn|[from] item: Flame Orb
|upkeep
|turn|5
|
|t:|1607014131
|switch|p1a: Crobat|Crobat, M|100/100
|move|p2a: Conkeldurr|Knock Off|p1a: Crobat
|-damage|p1a: Crobat|27/100
|-enditem|p1a: Crobat|Heavy-Duty Boots|[from] move: Knock Off|[of] p2a: Conkeldurr
|
|-damage|p2a: Conkeldurr|94/100 brn|[from] brn
|upkeep
|turn|6
|inactive|MacBong has 120 seconds left.
|
|t:|1607014186
|switch|p2a: Raikou|Raikou|100/100
|-damage|p2a: Raikou|88/100|[from] Stealth Rock
|-ability|p2a: Raikou|Pressure
|move|p1a: Crobat|Roost|p1a: Crobat
|-heal|p1a: Crobat|77/100
|-singleturn|p1a: Crobat|move: Roost
|
|upkeep
|turn|7
|
|t:|1607014191
|move|p1a: Crobat|U-turn|p2a: Raikou
|-damage|p2a: Raikou|61/100
|
|t:|1607014194
|switch|p1a: Registeel|Registeel|82/100|[from]move: U-turn
|move|p2a: Raikou|Volt Switch|p1a: Registeel
|-damage|p1a: Registeel|55/100
|
|t:|1607014200
|switch|p2a: Conkeldurr|Conkeldurr, M|94/100 brn|[from]move: Volt Switch
|-damage|p2a: Conkeldurr|88/100 brn|[from] Stealth Rock
|
|-heal|p1a: Registeel|61/100|[from] item: Leftovers
|-damage|p2a: Conkeldurr|82/100 brn|[from] brn
|upkeep
|turn|8
|
|t:|1607014204
|move|p1a: Registeel|Protect|p1a: Registeel
|-singleturn|p1a: Registeel|Protect
|move|p2a: Conkeldurr|Drain Punch|p1a: Registeel
|-activate|p1a: Registeel|move: Protect
|
|-heal|p1a: Registeel|67/100|[from] item: Leftovers
|-damage|p2a: Conkeldurr|76/100 brn|[from] brn
|upkeep
|turn|9
|
|t:|1607014213
|move|p1a: Registeel|Heavy Slam|p2a: Conkeldurr
|-damage|p2a: Conkeldurr|61/100 brn
|move|p2a: Conkeldurr|Facade|p1a: Registeel
|-resisted|p1a: Registeel
|-damage|p1a: Registeel|38/100
|
|-heal|p1a: Registeel|44/100|[from] item: Leftovers
|-damage|p2a: Conkeldurr|55/100 brn|[from] brn
|upkeep
|turn|10
|
|t:|1607014217
|move|p1a: Registeel|Protect|p1a: Registeel
|-singleturn|p1a: Registeel|Protect
|move|p2a: Conkeldurr|Drain Punch|p1a: Registeel
|-activate|p1a: Registeel|move: Protect
|
|-heal|p1a: Registeel|50/100|[from] item: Leftovers
|-damage|p2a: Conkeldurr|49/100 brn|[from] brn
|upkeep
|turn|11
|
|t:|1607014220
|switch|p1a: Crobat|Crobat, M|77/100
|move|p2a: Conkeldurr|Drain Punch|p1a: Crobat
|-resisted|p1a: Crobat
|-damage|p1a: Crobat|54/100
|-heal|p2a: Conkeldurr|58/100 brn|[from] drain|[of] p1a: Crobat
|
|-damage|p2a: Conkeldurr|52/100 brn|[from] brn
|upkeep
|turn|12
|inactive|MacBong has 120 seconds left.
|
|t:|1607014251
|switch|p2a: Grimmsnarl|Grimmsnarl, M|100/100
|-damage|p2a: Grimmsnarl|88/100|[from] Stealth Rock
|move|p1a: Crobat|Brave Bird|p2a: Grimmsnarl
|-damage|p2a: Grimmsnarl|25/100
|-damage|p1a: Crobat|29/100|[from] Recoil
|
|upkeep
|turn|13
|
|t:|1607014265
|move|p2a: Grimmsnarl|Reflect|p2a: Grimmsnarl
|-sidestart|p2: MacBong|Reflect
|move|p1a: Crobat|Roost|p1a: Crobat
|-heal|p1a: Crobat|79/100
|-singleturn|p1a: Crobat|move: Roost
|
|upkeep
|turn|14
|
|t:|1607014272
|switch|p1a: Registeel|Registeel|50/100
|move|p2a: Grimmsnarl|Light Screen|p2a: Grimmsnarl
|-sidestart|p2: MacBong|move: Light Screen
|
|-heal|p1a: Registeel|57/100|[from] item: Leftovers
|upkeep
|turn|15
|
|t:|1607014275
|move|p2a: Grimmsnarl|Taunt|p1a: Registeel
|-start|p1a: Registeel|move: Taunt
|cant|p1a: Registeel|move: Taunt|Toxic
|
|-heal|p1a: Registeel|63/100|[from] item: Leftovers
|upkeep
|turn|16
|
|t:|1607014303
|switch|p2a: Haxorus|Haxorus, F|100/100
|-damage|p2a: Haxorus|88/100|[from] Stealth Rock
|-ability|p2a: Haxorus|Mold Breaker
|move|p1a: Registeel|Heavy Slam|p2a: Haxorus
|-damage|p2a: Haxorus|82/100
|
|-heal|p1a: Registeel|69/100|[from] item: Leftovers
|upkeep
|turn|17
|
|t:|1607014313
|switch|p1a: Slowking|Slowking, M|100/100
|move|p2a: Haxorus|Dragon Dance|p2a: Haxorus
|-boost|p2a: Haxorus|atk|1
|-boost|p2a: Haxorus|spe|1
|
|upkeep
|turn|18
|
|t:|1607014320
|move|p2a: Haxorus|Dragon Dance|p2a: Haxorus
|-boost|p2a: Haxorus|atk|1
|-boost|p2a: Haxorus|spe|1
|move|p1a: Slowking|Future Sight|p2a: Haxorus
|-start|p1a: Slowking|move: Future Sight
|
|upkeep
|turn|19
|
|t:|1607014325
|move|p2a: Haxorus|Earthquake|p1a: Slowking
|-damage|p1a: Slowking|46/100
|move|p1a: Slowking|Scald|p2a: Haxorus
|-resisted|p2a: Haxorus
|-damage|p2a: Haxorus|70/100
|
|upkeep
|turn|20
|
|t:|1607014330
|switch|p1a: Registeel|Registeel|69/100
|move|p2a: Haxorus|Earthquake|p1a: Registeel
|-supereffective|p1a: Registeel
|-damage|p1a: Registeel|0 fnt
|faint|p1a: Registeel
|
|-end|p2a: Haxorus|move: Future Sight
|-damage|p2a: Haxorus|6/100
|-sideend|p2: MacBong|Reflect
|upkeep
|
|t:|1607014334
|switch|p1a: Crobat|Crobat, M|79/100
|turn|21
|
|t:|1607014345
|switch|p1a: Slowking|Slowking, M|79/100
|move|p2a: Haxorus|Dragon Claw|p1a: Slowking
|-damage|p1a: Slowking|15/100
|
|-sideend|p2: MacBong|move: Light Screen
|upkeep
|turn|22
|
|t:|1607014352
|move|p2a: Haxorus|Dragon Claw|p1a: Slowking
|-damage|p1a: Slowking|0 fnt
|faint|p1a: Slowking
|
|upkeep
|
|t:|1607014359
|switch|p1a: Crobat|Crobat, M|79/100
|turn|23
|c|☆troublebubble|why
|c|☆troublebubble|misclick again
|
|t:|1607014368
|move|p2a: Haxorus|Dragon Claw|p1a: Crobat
|-damage|p1a: Crobat|0 fnt
|faint|p1a: Crobat
|
|upkeep
|
|t:|1607014370
|switch|p1a: Conkeldurr|Conkeldurr, M|27/100 brn
|turn|24
|
|t:|1607014375
|switch|p2a: Vileplume|Vileplume, M|100/100
|-damage|p2a: Vileplume|88/100|[from] Stealth Rock
|move|p1a: Conkeldurr|Mach Punch|p2a: Vileplume
|-resisted|p2a: Vileplume
|-damage|p2a: Vileplume|74/100
|
|-damage|p1a: Conkeldurr|21/100 brn|[from] brn
|upkeep
|turn|25
|
|t:|1607014377
|move|p1a: Conkeldurr|Facade|p2a: Vileplume
|-damage|p2a: Vileplume|10/100
|move|p2a: Vileplume|Strength Sap|p1a: Conkeldurr
|-unboost|p1a: Conkeldurr|atk|1
|-heal|p2a: Vileplume|100/100
|
|-damage|p1a: Conkeldurr|15/100 brn|[from] brn
|upkeep
|turn|26
|
|t:|1607014383
|move|p1a: Conkeldurr|Facade|p2a: Vileplume
|-damage|p2a: Vileplume|57/100
|move|p2a: Vileplume|Strength Sap|p1a: Conkeldurr
|-unboost|p1a: Conkeldurr|atk|1
|-heal|p2a: Vileplume|100/100
|
|-damage|p1a: Conkeldurr|9/100 brn|[from] brn
|upkeep
|turn|27
|
|t:|1607014389
|move|p1a: Conkeldurr|Facade|p2a: Vileplume
|-damage|p2a: Vileplume|66/100
|move|p2a: Vileplume|Strength Sap|p1a: Conkeldurr
|-unboost|p1a: Conkeldurr|atk|1
|-heal|p2a: Vileplume|100/100
|
|-damage|p1a: Conkeldurr|3/100 brn|[from] brn
|upkeep
|turn|28
|
|t:|1607014395
|move|p1a: Conkeldurr|Facade|p2a: Vileplume
|-damage|p2a: Vileplume|76/100
|move|p2a: Vileplume|Strength Sap|p1a: Conkeldurr
|-unboost|p1a: Conkeldurr|atk|1
|-heal|p2a: Vileplume|100/100
|
|-damage|p1a: Conkeldurr|0 fnt|[from] brn
|faint|p1a: Conkeldurr
|upkeep
|
|t:|1607014397
|switch|p1a: Suicune|Suicune|100/100
|-ability|p1a: Suicune|Pressure
|turn|29
|
|t:|1607014401
|move|p1a: Suicune|Substitute|p1a: Suicune
|-start|p1a: Suicune|Substitute
|-damage|p1a: Suicune|75/100
|move|p2a: Vileplume|Giga Drain|p1a: Suicune
|-supereffective|p1a: Suicune
|-end|p1a: Suicune|Substitute
|
|-heal|p1a: Suicune|82/100|[from] item: Leftovers
|upkeep
|turn|30
|
|t:|1607014405
|move|p1a: Suicune|Calm Mind|p1a: Suicune
|-boost|p1a: Suicune|spa|1
|-boost|p1a: Suicune|spd|1
|move|p2a: Vileplume|Giga Drain|p1a: Suicune
|-supereffective|p1a: Suicune
|-damage|p1a: Suicune|53/100
|
|-heal|p1a: Suicune|60/100|[from] item: Leftovers
|upkeep
|turn|31
|
|t:|1607014420
|move|p1a: Suicune|Substitute|p1a: Suicune
|-start|p1a: Suicune|Substitute
|-damage|p1a: Suicune|35/100
|move|p2a: Vileplume|Giga Drain|p1a: Suicune
|-supereffective|p1a: Suicune
|-end|p1a: Suicune|Substitute
|
|-heal|p1a: Suicune|41/100|[from] item: Leftovers
|upkeep
|turn|32
|
|t:|1607014424
|move|p1a: Suicune|Calm Mind|p1a: Suicune
|-boost|p1a: Suicune|spa|1
|-boost|p1a: Suicune|spd|1
|move|p2a: Vileplume|Giga Drain|p1a: Suicune
|-supereffective|p1a: Suicune
|-damage|p1a: Suicune|22/100
|
|-heal|p1a: Suicune|28/100|[from] item: Leftovers
|upkeep
|turn|33
|
|t:|1607014426
|move|p1a: Suicune|Substitute|p1a: Suicune
|-start|p1a: Suicune|Substitute
|-damage|p1a: Suicune|3/100
|move|p2a: Vileplume|Giga Drain|p1a: Suicune
|-supereffective|p1a: Suicune
|-activate|p1a: Suicune|move: Substitute|[damage]
|
|-heal|p1a: Suicune|9/100|[from] item: Leftovers
|upkeep
|turn|34
|
|t:|1607014428
|move|p1a: Suicune|Protect|p1a: Suicune
|-singleturn|p1a: Suicune|Protect
|move|p2a: Vileplume|Giga Drain|p1a: Suicune
|-activate|p1a: Suicune|move: Protect
|
|-heal|p1a: Suicune|15/100|[from] item: Leftovers
|upkeep
|turn|35
|
|t:|1607014430
|move|p1a: Suicune|Calm Mind|p1a: Suicune
|-boost|p1a: Suicune|spa|1
|-boost|p1a: Suicune|spd|1
|move|p2a: Vileplume|Giga Drain|p1a: Suicune
|-supereffective|p1a: Suicune
|-end|p1a: Suicune|Substitute
|
|-heal|p1a: Suicune|21/100|[from] item: Leftovers
|upkeep
|turn|36
|
|t:|1607014433
|move|p1a: Suicune|Protect|p1a: Suicune
|-singleturn|p1a: Suicune|Protect
|move|p2a: Vileplume|Giga Drain|p1a: Suicune
|-activate|p1a: Suicune|move: Protect
|
|-heal|p1a: Suicune|27/100|[from] item: Leftovers
|upkeep
|turn|37
|
|t:|1607014436
|move|p1a: Suicune|Substitute|p1a: Suicune
|-start|p1a: Suicune|Substitute
|-damage|p1a: Suicune|2/100
|move|p2a: Vileplume|Strength Sap||[still]
|-fail|p2a: Vileplume
|
|-heal|p1a: Suicune|9/100|[from] item: Leftovers
|upkeep
|turn|38
|
|t:|1607014438
|move|p1a: Suicune|Protect|p1a: Suicune
|-singleturn|p1a: Suicune|Protect
|move|p2a: Vileplume|Leech Seed|p1a: Suicune
|-activate|p1a: Suicune|move: Protect
|
|-heal|p1a: Suicune|15/100|[from] item: Leftovers
|upkeep
|turn|39
|
|t:|1607014440
|move|p1a: Suicune|Calm Mind|p1a: Suicune
|-boost|p1a: Suicune|spa|1
|-boost|p1a: Suicune|spd|1
|move|p2a: Vileplume|Sludge Bomb|p1a: Suicune
|-activate|p1a: Suicune|move: Substitute|[damage]
|
|-heal|p1a: Suicune|21/100|[from] item: Leftovers
|upkeep
|turn|40
|
|t:|1607014443
|move|p1a: Suicune|Protect|p1a: Suicune
|-singleturn|p1a: Suicune|Protect
|move|p2a: Vileplume|Sludge Bomb|p1a: Suicune
|-activate|p1a: Suicune|move: Protect
|
|-heal|p1a: Suicune|27/100|[from] item: Leftovers
|upkeep
|turn|41
|
|t:|1607014450
|switch|p2a: Raikou|Raikou|61/100
|-damage|p2a: Raikou|48/100|[from] Stealth Rock
|-ability|p2a: Raikou|Pressure
|move|p1a: Suicune|Calm Mind|p1a: Suicune
|-boost|p1a: Suicune|spa|1
|-boost|p1a: Suicune|spd|1
|
|-heal|p1a: Suicune|33/100|[from] item: Leftovers
|upkeep
|turn|42
|
|t:|1607014453
|move|p1a: Suicune|Protect|p1a: Suicune
|-singleturn|p1a: Suicune|Protect
|move|p2a: Raikou|Volt Switch|p1a: Suicune
|-activate|p1a: Suicune|move: Protect
|
|-heal|p1a: Suicune|40/100|[from] item: Leftovers
|upkeep
|turn|43
|
|t:|1607014457
|move|p2a: Raikou|Volt Switch|p1a: Suicune
|-supereffective|p1a: Suicune
|-end|p1a: Suicune|Substitute
|
|t:|1607014464
|switch|p2a: Grimmsnarl|Grimmsnarl, M|25/100|[from]move: Volt Switch
|-damage|p2a: Grimmsnarl|13/100|[from] Stealth Rock
|move|p1a: Suicune|Substitute|p1a: Suicune
|-start|p1a: Suicune|Substitute
|-damage|p1a: Suicune|15/100
|
|-heal|p1a: Suicune|21/100|[from] item: Leftovers
|upkeep
|turn|44
|
|t:|1607014473
|move|p2a: Grimmsnarl|Light Screen|p2a: Grimmsnarl
|-sidestart|p2: MacBong|move: Light Screen
|move|p1a: Suicune|Scald|p2a: Grimmsnarl
|-damage|p2a: Grimmsnarl|0 fnt
|faint|p2a: Grimmsnarl
|
|-heal|p1a: Suicune|27/100|[from] item: Leftovers
|upkeep
|
|t:|1607014477
|switch|p2a: Raikou|Raikou|48/100
|-damage|p2a: Raikou|36/100|[from] Stealth Rock
|-ability|p2a: Raikou|Pressure
|turn|45
|
|t:|1607014482
|move|p1a: Suicune|Protect|p1a: Suicune
|-singleturn|p1a: Suicune|Protect
|move|p2a: Raikou|Volt Switch|p1a: Suicune
|-activate|p1a: Suicune|move: Protect
|
|-heal|p1a: Suicune|33/100|[from] item: Leftovers
|upkeep
|turn|46
|
|t:|1607014489
|move|p2a: Raikou|Volt Switch|p1a: Suicune
|-supereffective|p1a: Suicune
|-activate|p1a: Suicune|move: Substitute|[damage]
|
|t:|1607014494
|switch|p2a: Vileplume|Vileplume, M|100/100|[from]move: Volt Switch
|-damage|p2a: Vileplume|88/100|[from] Stealth Rock
|move|p1a: Suicune|Scald|p2a: Vileplume
|-resisted|p2a: Vileplume
|-damage|p2a: Vileplume|65/100
|
|-heal|p1a: Suicune|39/100|[from] item: Leftovers
|upkeep
|turn|47
|
|t:|1607014503
|move|p1a: Suicune|Protect|p1a: Suicune
|-singleturn|p1a: Suicune|Protect
|move|p2a: Vileplume|Sludge Bomb|p1a: Suicune
|-activate|p1a: Suicune|move: Protect
|
|-heal|p1a: Suicune|46/100|[from] item: Leftovers
|upkeep
|turn|48
|
|t:|1607014508
|move|p1a: Suicune|Calm Mind|p1a: Suicune
|-boost|p1a: Suicune|spa|1
|-boost|p1a: Suicune|spd|1
|move|p2a: Vileplume|Sludge Bomb|p1a: Suicune
|-end|p1a: Suicune|Substitute
|
|-heal|p1a: Suicune|52/100|[from] item: Leftovers
|upkeep
|turn|49
|
|t:|1607014524
|switch|p2a: Raikou|Raikou|36/100
|-damage|p2a: Raikou|24/100|[from] Stealth Rock
|-ability|p2a: Raikou|Pressure
|move|p1a: Suicune|Substitute|p1a: Suicune
|-start|p1a: Suicune|Substitute
|-damage|p1a: Suicune|27/100
|
|-heal|p1a: Suicune|33/100|[from] item: Leftovers
|upkeep
|turn|50
|
|t:|1607014529
|move|p1a: Suicune|Protect|p1a: Suicune
|-singleturn|p1a: Suicune|Protect
|move|p2a: Raikou|Thunderbolt|p1a: Suicune
|-activate|p1a: Suicune|move: Protect
|
|-heal|p1a: Suicune|39/100|[from] item: Leftovers
|upkeep
|turn|51
|
|t:|1607014534
|move|p2a: Raikou|Thunderbolt|p1a: Suicune
|-supereffective|p1a: Suicune
|-activate|p1a: Suicune|move: Substitute|[damage]
|move|p1a: Suicune|Scald|p2a: Raikou
|-damage|p2a: Raikou|0 fnt
|faint|p2a: Raikou
|
|-heal|p1a: Suicune|45/100|[from] item: Leftovers
|-sideend|p2: MacBong|move: Light Screen
|upkeep
|
|t:|1607014540
|switch|p2a: Gardevoir|Gardevoir, M|100/100
|-damage|p2a: Gardevoir|88/100|[from] Stealth Rock
|-ability|p2a: Gardevoir|Pressure|[from] ability: Trace|[of] p1a: Suicune
|-ability|p2a: Gardevoir|Pressure
|turn|52
|
|t:|1607014544
|move|p1a: Suicune|Protect|p1a: Suicune
|-singleturn|p1a: Suicune|Protect
|move|p2a: Gardevoir|Moonblast|p1a: Suicune
|-activate|p1a: Suicune|move: Protect
|
|-heal|p1a: Suicune|51/100|[from] item: Leftovers
|upkeep
|turn|53
|-message|MacBong forfeited.
|
|win|troublebubble
|l|☆MacBong
||Ladder (probably) updated, but score could not be retrieved (Request timeout).
