|raw|<div class="broadcast-blue"><strong>This battle is required to be public due to a player having a name starting with 'rult70'.</div>
|j|☆rult70m MAc3 ✝
|j|‽tropic2
|t:|1626857056
|gametype|singles
|player|p1|rult70m MAc3 ✝|roxie|1560
|player|p2|tropic2|beauty-gen4dp|1428
|teamsize|p1|6
|teamsize|p2|6
|gen|8
|tier|[Gen 8] RU
|rated|
|rule|Sleep Clause Mod: Limit one foe put to sleep
|rule|Species Clause: Limit one of each Pokémon
|rule|OHKO Clause: OHKO moves are banned
|rule|Evasion Moves Clause: Evasion moves are banned
|rule|Endless Battle Clause: Forcing endless battles is banned
|rule|HP Percentage Mod: HP is shown in percentages
|rule|Dynamax Clause: You cannot dynamax
|clearpoke
|poke|p1|Reuniclus, M|
|poke|p1|Xurkitree|
|poke|p1|Talonflame, F|
|poke|p1|Steelix, M|
|poke|p1|Vileplume, M|
|poke|p1|Golisopod, M|
|poke|p2|Roserade, F|
|poke|p2|Golisopod, M|
|poke|p2|Incineroar, M|
|poke|p2|Xurkitree|
|poke|p2|Flygon, F|
|poke|p2|Cobalion|
|teampreview
|inactive|Battle timer is ON: inactive players will automatically lose when time's up. (requested by tropic2)
|j| Rult70d ani
|j| Wedjene
|
|t:|1626857086
|start
|switch|p1a: Talonflame|Talonflame, F|100/100
|switch|p2a: Flygon|Flygon, F|100/100
|turn|1
|
|t:|1626857093
|switch|p2a: Incineroar|Incineroar, M|100/100
|-ability|p2a: Incineroar|Intimidate|boost
|-unboost|p1a: Talonflame|atk|1
|switch|p1a: Steelix|Steelix, M|100/100
|
|upkeep
|turn|2
|
|t:|1626857101
|move|p2a: Incineroar|Knock Off|p1a: Steelix
|-damage|p1a: Steelix|81/100
|-enditem|p1a: Steelix|Leftovers|[from] move: Knock Off|[of] p2a: Incineroar
|move|p1a: Steelix|Toxic|p2a: Incineroar
|-status|p2a: Incineroar|tox
|
|-damage|p2a: Incineroar|94/100 tox|[from] psn
|upkeep
|turn|3
|j| Togkey
|
|t:|1626857114
|switch|p1a: Talonflame|Talonflame, F|100/100
|move|p2a: Incineroar|Parting Shot|p1a: Talonflame
|-unboost|p1a: Talonflame|atk|1
|-unboost|p1a: Talonflame|spa|1
|
|t:|1626857120
|switch|p2a: Xurkitree|Xurkitree|100/100|[from]move: Parting Shot
|
|upkeep
|turn|4
|
|t:|1626857132
|switch|p1a: Vileplume|Vileplume, M|100/100
|move|p2a: Xurkitree|Energy Ball|p1a: Vileplume
|-resisted|p1a: Vileplume
|-damage|p1a: Vileplume|90/100
|
|-heal|p1a: Vileplume|97/100|[from] item: Black Sludge
|upkeep
|turn|5
|l| Wedjene
|
|t:|1626857140
|switch|p2a: Roserade|Roserade, F|100/100
|move|p1a: Vileplume|Corrosive Gas|p2a: Roserade
|-enditem|p2a: Roserade|Black Sludge|[from] move: Corrosive Gas|[of] p1a: Vileplume
|
|-heal|p1a: Vileplume|100/100|[from] item: Black Sludge
|upkeep
|turn|6
|
|t:|1626857148
|switch|p1a: Talonflame|Talonflame, F|100/100
|move|p2a: Roserade|Spikes|p1a: Talonflame
|-sidestart|p1: rult70m MAc3 ✝|Spikes
|
|upkeep
|turn|7
|
|t:|1626857153
|move|p1a: Talonflame|U-turn|p2a: Roserade
|-damage|p2a: Roserade|71/100
|
|t:|1626857157
|switch|p1a: Reuniclus|Reuniclus, M|100/100|[from]move: U-turn
|move|p2a: Roserade|Sleep Powder|p1a: Reuniclus
|-status|p1a: Reuniclus|slp|[from] move: Sleep Powder
|
|upkeep
|turn|8
|
|t:|1626857164
|switch|p2a: Golisopod|Golisopod, M|100/100
|switch|p1a: Talonflame|Talonflame, F|100/100
|
|upkeep
|turn|9
|
|t:|1626857168
|move|p1a: Talonflame|Toxic|p2a: Golisopod
|-status|p2a: Golisopod|tox
|move|p2a: Golisopod|Knock Off|p1a: Talonflame
|-damage|p1a: Talonflame|52/100
|-enditem|p1a: Talonflame|Heavy-Duty Boots|[from] move: Knock Off|[of] p2a: Golisopod
|
|-damage|p2a: Golisopod|94/100 tox|[from] psn
|upkeep
|turn|10
|
|t:|1626857180
|switch|p2a: Xurkitree|Xurkitree|100/100
|move|p1a: Talonflame|U-turn|p2a: Xurkitree
|-damage|p2a: Xurkitree|79/100
|
|t:|1626857187
|switch|p1a: Vileplume|Vileplume, M|100/100|[from]move: U-turn
|-damage|p1a: Vileplume|88/100|[from] Spikes
|
|-heal|p1a: Vileplume|94/100|[from] item: Black Sludge
|upkeep
|turn|11
|
|t:|1626857193
|move|p2a: Xurkitree|Volt Switch|p1a: Vileplume
|-resisted|p1a: Vileplume
|-damage|p1a: Vileplume|70/100
|
|t:|1626857195
|switch|p2a: Cobalion|Cobalion|100/100|[from]move: Volt Switch
|move|p1a: Vileplume|Sludge Bomb|p2a: Cobalion
|-immune|p2a: Cobalion
|
|-heal|p1a: Vileplume|76/100|[from] item: Black Sludge
|upkeep
|turn|12
|
|t:|1626857201
|move|p2a: Cobalion|Stealth Rock|p1a: Vileplume
|-sidestart|p1: rult70m MAc3 ✝|move: Stealth Rock
|move|p1a: Vileplume|Strength Sap|p2a: Cobalion
|-unboost|p2a: Cobalion|atk|1
|-heal|p1a: Vileplume|100/100
|
|upkeep
|turn|13
|
|t:|1626857204
|move|p2a: Cobalion|Volt Switch|p1a: Vileplume
|-resisted|p1a: Vileplume
|-damage|p1a: Vileplume|94/100
|
|t:|1626857212
|switch|p2a: Roserade|Roserade, F|71/100|[from]move: Volt Switch
|move|p1a: Vileplume|Sludge Bomb|p2a: Roserade
|-damage|p2a: Roserade|32/100
|
|-heal|p1a: Vileplume|99/100|[from] item: Black Sludge
|upkeep
|turn|14
|
|t:|1626857223
|move|p2a: Roserade|Spikes|p1a: Vileplume
|-sidestart|p1: rult70m MAc3 ✝|Spikes
|move|p1a: Vileplume|Sludge Bomb|p2a: Roserade
|-damage|p2a: Roserade|0 fnt
|faint|p2a: Roserade
|
|-heal|p1a: Vileplume|100/100|[from] item: Black Sludge
|upkeep
|
|t:|1626857233
|switch|p2a: Golisopod|Golisopod, M|94/100 tox
|turn|15
|
|t:|1626857236
|switch|p1a: Golisopod|Golisopod, M|100/100
|move|p2a: Golisopod|Knock Off|p1a: Golisopod
|-damage|p1a: Golisopod|74/100
|-enditem|p1a: Golisopod|Heavy-Duty Boots|[from] move: Knock Off|[of] p2a: Golisopod
|
|-damage|p2a: Golisopod|88/100 tox|[from] psn
|upkeep
|turn|16
|
|t:|1626857243
|switch|p2a: Incineroar|Incineroar, M|94/100 tox
|-ability|p2a: Incineroar|Intimidate|boost
|-unboost|p1a: Golisopod|atk|1
|move|p1a: Golisopod|Spikes|p2a: Incineroar
|-sidestart|p2: tropic2|Spikes
|
|-damage|p2a: Incineroar|88/100 tox|[from] psn
|upkeep
|turn|17
|
|t:|1626857252
|move|p2a: Incineroar|Overheat|p1a: Golisopod
|-damage|p1a: Golisopod|34/100
|-unboost|p2a: Incineroar|spa|2
|-activate|p1a: Golisopod|ability: Emergency Exit
|
|t:|1626857266
|switch|p1a: Xurkitree|Xurkitree|100/100
|
|-damage|p2a: Incineroar|76/100 tox|[from] psn
|upkeep
|turn|18
|
|t:|1626857273
|move|p1a: Xurkitree|Dazzling Gleam|p2a: Incineroar
|-damage|p2a: Incineroar|41/100 tox
|move|p2a: Incineroar|Parting Shot|p1a: Xurkitree
|-unboost|p1a: Xurkitree|atk|1
|-unboost|p1a: Xurkitree|spa|1
|
|t:|1626857276
|switch|p2a: Flygon|Flygon, F|100/100|[from]move: Parting Shot
|
|upkeep
|turn|19
|
|t:|1626857281
|switch|p1a: Talonflame|Talonflame, F|52/100
|-damage|p1a: Talonflame|2/100|[from] Stealth Rock
|move|p2a: Flygon|U-turn|p1a: Talonflame
|-resisted|p1a: Talonflame
|-damage|p1a: Talonflame|0 fnt
|faint|p1a: Talonflame
|
|t:|1626857290
|switch|p2a: Cobalion|Cobalion|100/100|[from]move: U-turn
|-damage|p2a: Cobalion|88/100|[from] Spikes
|
|upkeep
|
|t:|1626857303
|switch|p1a: Reuniclus|Reuniclus, M|100/100 slp
|turn|20
|
|t:|1626857317
|move|p2a: Cobalion|Volt Switch|p1a: Reuniclus
|-damage|p1a: Reuniclus|89/100 slp
|
|t:|1626857320
|switch|p2a: Golisopod|Golisopod, M|88/100 tox|[from]move: Volt Switch
|cant|p1a: Reuniclus|slp
|
|-heal|p1a: Reuniclus|95/100 slp|[from] item: Leftovers
|-damage|p2a: Golisopod|82/100 tox|[from] psn
|upkeep
|turn|21
|
|t:|1626857335
|switch|p1a: Vileplume|Vileplume, M|100/100
|-damage|p1a: Vileplume|84/100|[from] Spikes
|-damage|p1a: Vileplume|71/100|[from] Stealth Rock
|move|p2a: Golisopod|Knock Off|p1a: Vileplume
|-damage|p1a: Vileplume|44/100
|-enditem|p1a: Vileplume|Black Sludge|[from] move: Knock Off|[of] p2a: Golisopod
|
|-damage|p2a: Golisopod|70/100 tox|[from] psn
|upkeep
|turn|22
|l|☆rult70m MAc3 ✝
|inactive|rult70m MAc3 ✝ disconnected and has a minute to reconnect!
|player|p1|
|j| click and collect
|inactive|rult70m MAc3 ✝ has 30 seconds to reconnect!
|inactive|tropic2 has 120 seconds left.
|c| Rult70d ani|Click and collect
|inactive|rult70m MAc3 ✝ has 20 seconds to reconnect!
|c| Rult70d ani|is this another rav alt
|inactive|rult70m MAc3 ✝ has 15 seconds to reconnect!
|inactive|rult70m MAc3 ✝ has 10 seconds to reconnect!
|inactive|rult70m MAc3 ✝ has 5 seconds to reconnect!
|-message|rult70m MAc3 ✝ lost due to inactivity.
|
|win|tropic2
|raw|rult70m MAc3 ✝'s rating: 1560 &rarr; <strong>1533</strong><br />(-27 for losing)
|raw|tropic2's rating: 1428 &rarr; <strong>1455</strong><br />(+27 for winning)
