|j|☆Satvikstudiesalot
|j|☆DDD Reveal
|t:|1600006459
|player|p1|Satvikstudiesalot|101|
|player|p2|DDD Reveal|boarder|
|teamsize|p1|6
|teamsize|p2|6
|gametype|singles
|gen|8
|tier|[Gen 8] RU
|rated|Tournament battle
|clearpoke
|poke|p1|Centiskorch, M|
|poke|p1|Escavalier, F|
|poke|p1|Seismitoad, M|
|poke|p1|Silvally-*|
|poke|p1|Dhelmise|
|poke|p1|Slowbro-Galar, F|
|poke|p2|Exploud, M|
|poke|p2|Barraskewda, F|
|poke|p2|Vikavolt, F|
|poke|p2|Passimian, F|
|poke|p2|Bronzong|
|poke|p2|Blastoise, M|
|rule|Sleep Clause Mod: Limit one foe put to sleep
|rule|Species Clause: Limit one of each Pokémon
|rule|OHKO Clause: OHKO moves are banned
|rule|Evasion Moves Clause: Evasion moves are banned
|rule|Endless Battle Clause: Forcing endless battles is banned
|rule|HP Percentage Mod: HP is shown in percentages
|rule|Dynamax Clause: You cannot dynamax
|teampreview
|j|*Lady Monita
|j| Marvin Mudkip
|j| nosdog13
|j| babassss
|j| blishround
|j| Dhoninitesh
|
|t:|1600006480
|start
|switch|p1a: Escavalier|Escavalier, F, shiny|100/100
|switch|p2a: Vikavolt|Vikavolt, F|100/100
|turn|1
|l| blishround
|
|t:|1600006492
|move|p2a: Vikavolt|Sticky Web|p1a: Escavalier
|-sidestart|p1: Satvikstudiesalot|move: Sticky Web
|move|p1a: Escavalier|Toxic|p2a: Vikavolt
|-status|p2a: Vikavolt|tox
|
|-damage|p2a: Vikavolt|94/100 tox|[from] psn
|upkeep
|turn|2
|
|t:|1600006501
|switch|p1a: Seismitoad|Seismitoad, M, shiny|100/100
|-activate|p1a: Seismitoad|move: Sticky Web
|-unboost|p1a: Seismitoad|spe|1
|move|p2a: Vikavolt|Volt Switch|p1a: Seismitoad
|-immune|p1a: Seismitoad
|
|-damage|p2a: Vikavolt|82/100 tox|[from] psn
|upkeep
|turn|3
|j| actuarily
|j| Operationcats
|
|t:|1600006511
|move|p2a: Vikavolt|Bug Buzz|p1a: Seismitoad
|-damage|p1a: Seismitoad|44/100
|move|p1a: Seismitoad|Stealth Rock|p2a: Vikavolt
|-sidestart|p2: DDD Reveal|move: Stealth Rock
|
|-heal|p1a: Seismitoad|50/100|[from] item: Leftovers
|-damage|p2a: Vikavolt|63/100 tox|[from] psn
|upkeep
|turn|4
|l| Operationcats
|j| dubwool5
|l| dubwool5
|j| FatFighter2
|l| actuarily
|j| JAKIB101
|l| FatFighter2
|
|t:|1600006541
|switch|p2a: Exploud|Exploud, M|100/100
|-damage|p2a: Exploud|88/100|[from] Stealth Rock
|switch|p1a: Centiskorch|Centiskorch, M, shiny|100/100
|
|upkeep
|turn|5
|j| Senor Ronald
|
|t:|1600006568
|move|p2a: Exploud|Hydro Pump|p1a: Centiskorch
|-supereffective|p1a: Centiskorch
|-damage|p1a: Centiskorch|8/100
|move|p1a: Centiskorch|Fire Lash|p2a: Exploud
|-damage|p2a: Exploud|28/100
|-unboost|p2a: Exploud|def|1
|
|upkeep
|turn|6
|
|t:|1600006579
|switch|p2a: Vikavolt|Vikavolt, F|63/100 tox
|move|p1a: Centiskorch|Knock Off|p2a: Vikavolt
|-damage|p2a: Vikavolt|24/100 tox
|-enditem|p2a: Vikavolt|Heavy-Duty Boots|[from] move: Knock Off|[of] p1a: Centiskorch
|
|-damage|p2a: Vikavolt|18/100 tox|[from] psn
|upkeep
|turn|7
|j| Arnav_73
|
|t:|1600006612
|switch|p1a: Escavalier|Escavalier, F, shiny|100/100
|-activate|p1a: Escavalier|move: Sticky Web
|-unboost|p1a: Escavalier|spe|1
|switch|p2a: Passimian|Passimian, F|100/100
|-damage|p2a: Passimian|94/100|[from] Stealth Rock
|
|upkeep
|turn|8
|
|t:|1600006630
|move|p2a: Passimian|Knock Off|p1a: Escavalier
|-damage|p1a: Escavalier|68/100
|-enditem|p1a: Escavalier|Leftovers|[from] move: Knock Off|[of] p2a: Passimian
|move|p1a: Escavalier|Counter|p2a: Passimian
|-damage|p2a: Passimian|30/100
|
|upkeep
|turn|9
|l| babassss
|j| ZosHaDe(ITA)
|
|t:|1600006644
|switch|p2a: Blastoise|Blastoise, M|100/100
|move|p1a: Escavalier|Megahorn|p2a: Blastoise
|-damage|p2a: Blastoise|58/100
|
|upkeep
|turn|10
|
|t:|1600006655
|move|p2a: Blastoise|Flip Turn|p1a: Escavalier
|-damage|p1a: Escavalier|52/100
|
|t:|1600006664
|switch|p2a: Vikavolt|Vikavolt, F|18/100 tox|[from]move: Flip Turn
|-damage|p2a: Vikavolt|0 fnt|[from] Stealth Rock
|faint|p2a: Vikavolt
|move|p1a: Escavalier|Toxic|p2: Vikavolt|[notarget]
|-fail|p1a: Escavalier
|
|upkeep
|
|t:|1600006666
|switch|p2a: Exploud|Exploud, M|28/100
|-damage|p2a: Exploud|15/100|[from] Stealth Rock
|turn|11
|j| reenath
|
|t:|1600006673
|move|p2a: Exploud|Boomburst|p1a: Escavalier
|-resisted|p1a: Escavalier
|-damage|p1a: Escavalier|19/100
|move|p1a: Escavalier|Drill Run|p2a: Exploud
|-damage|p2a: Exploud|0 fnt
|faint|p2a: Exploud
|
|upkeep
|
|t:|1600006680
|switch|p2a: Barraskewda|Barraskewda, F|100/100
|-damage|p2a: Barraskewda|88/100|[from] Stealth Rock
|turn|12
|j| Xx_Pabs_xX
|j| Gabezacian45
|
|t:|1600006691
|switch|p1a: Seismitoad|Seismitoad, M, shiny|50/100
|-activate|p1a: Seismitoad|move: Sticky Web
|-unboost|p1a: Seismitoad|spe|1
|move|p2a: Barraskewda|Crunch|p1a: Seismitoad
|-damage|p1a: Seismitoad|18/100
|-unboost|p1a: Seismitoad|def|1
|
|-heal|p1a: Seismitoad|24/100|[from] item: Leftovers
|upkeep
|turn|13
|
|t:|1600006704
|move|p2a: Barraskewda|Crunch|p1a: Seismitoad
|-crit|p1a: Seismitoad
|-damage|p1a: Seismitoad|0 fnt
|faint|p1a: Seismitoad
|
|upkeep
|j| BladeGallade
|j| babassss
|
|t:|1600006732
|switch|p1a: Slowbro|Slowbro-Galar, F, shiny|100/100
|-activate|p1a: Slowbro|move: Sticky Web
|-unboost|p1a: Slowbro|spe|1
|turn|14
|j| AsmitPokeM
|l| Gabezacian45
|
|t:|1600006763
|move|p2a: Barraskewda|Crunch|p1a: Slowbro
|-supereffective|p1a: Slowbro
|-damage|p1a: Slowbro|13/100
|move|p1a: Slowbro|Sludge Bomb|p2a: Barraskewda
|-damage|p2a: Barraskewda|0 fnt
|faint|p2a: Barraskewda
|
|upkeep
|
|t:|1600006773
|switch|p2a: Passimian|Passimian, F|30/100
|-damage|p2a: Passimian|24/100|[from] Stealth Rock
|turn|15
|
|t:|1600006780
|move|p2a: Passimian|Knock Off|p1a: Slowbro
|-supereffective|p1a: Slowbro
|-damage|p1a: Slowbro|0 fnt
|-enditem|p1a: Slowbro|Quick Claw|[from] move: Knock Off|[of] p2a: Passimian
|faint|p1a: Slowbro
|
|upkeep
|
|t:|1600006788
|switch|p1a: Silvally|Silvally-Fairy, shiny|100/100
|-activate|p1a: Silvally|move: Sticky Web
|-unboost|p1a: Silvally|spe|1
|turn|16
|
|t:|1600006794
|switch|p2a: Bronzong|Bronzong|100/100
|-damage|p2a: Bronzong|94/100|[from] Stealth Rock
|move|p1a: Silvally|Flame Charge|p2a: Bronzong
|-supereffective|p2a: Bronzong
|-damage|p2a: Bronzong|67/100
|-boost|p1a: Silvally|spe|1
|
|-heal|p2a: Bronzong|73/100|[from] item: Leftovers
|upkeep
|turn|17
|l| babassss
|
|t:|1600006811
|move|p1a: Silvally|Parting Shot|p2a: Bronzong
|-unboost|p2a: Bronzong|atk|1
|-unboost|p2a: Bronzong|spa|1
|
|t:|1600006814
|switch|p1a: Dhelmise|Dhelmise, shiny|100/100|[from]move: Parting Shot
|move|p2a: Bronzong|Toxic|p1a: Dhelmise
|-status|p1a: Dhelmise|tox
|
|-heal|p2a: Bronzong|79/100|[from] item: Leftovers
|-damage|p1a: Dhelmise|94/100 tox|[from] psn
|upkeep
|turn|18
|
|t:|1600006827
|switch|p2a: Blastoise|Blastoise, M|58/100
|move|p1a: Dhelmise|Rapid Spin|p2a: Blastoise
|-damage|p2a: Blastoise|44/100
|-boost|p1a: Dhelmise|spe|1
|-sideend|p1: Satvikstudiesalot|Sticky Web|[from] move: Rapid Spin|[of] p1a: Dhelmise
|
|-damage|p1a: Dhelmise|82/100 tox|[from] psn
|upkeep
|turn|19
|
|t:|1600006835
|move|p1a: Dhelmise|Power Whip|p2a: Blastoise
|-supereffective|p2a: Blastoise
|-damage|p2a: Blastoise|0 fnt
|faint|p2a: Blastoise
|
|-damage|p1a: Dhelmise|64/100 tox|[from] psn
|upkeep
|
|t:|1600006838
|switch|p2a: Passimian|Passimian, F|24/100
|-damage|p2a: Passimian|18/100|[from] Stealth Rock
|turn|20
|
|t:|1600006851
|move|p2a: Passimian|Knock Off|p1a: Dhelmise
|-supereffective|p1a: Dhelmise
|-damage|p1a: Dhelmise|0 fnt
|-enditem|p1a: Dhelmise|Heavy-Duty Boots|[from] move: Knock Off|[of] p2a: Passimian
|faint|p1a: Dhelmise
|
|upkeep
|
|t:|1600006864
|switch|p1a: Silvally|Silvally-Fairy, shiny|100/100
|turn|21
|j| dubwool5
|inactive|Battle timer is ON: inactive players will automatically lose when time's up. (requested by DDD Reveal)
|l| dubwool5
|l| BladeGallade
|
|t:|1600006909
|switch|p2a: Bronzong|Bronzong|79/100
|-damage|p2a: Bronzong|73/100|[from] Stealth Rock
|move|p1a: Silvally|Swords Dance|p1a: Silvally
|-boost|p1a: Silvally|atk|2
|
|-heal|p2a: Bronzong|79/100|[from] item: Leftovers
|upkeep
|turn|22
|
|t:|1600006915
|move|p1a: Silvally|Flame Charge|p2a: Bronzong
|-supereffective|p2a: Bronzong
|-damage|p2a: Bronzong|28/100
|-boost|p1a: Silvally|spe|1
|move|p2a: Bronzong|Toxic|p1a: Silvally
|-status|p1a: Silvally|tox
|
|-heal|p2a: Bronzong|34/100|[from] item: Leftovers
|-damage|p1a: Silvally|94/100 tox|[from] psn
|upkeep
|turn|23
|-message|DDD Reveal forfeited.
|
|win|Satvikstudiesalot
