|j|☆linlinzhu
|j|☆LarsoTubeJeanLouis
|t:|1625545263
|gametype|singles
|player|p1|linlinzhu|bianca|1402
|player|p2|LarsoTubeJeanLouis|zinnia|1326
|teamsize|p1|6
|teamsize|p2|6
|gen|8
|tier|[Gen 8] RU
|rated|
|rule|Sleep Clause Mod: Limit one foe put to sleep
|rule|Species Clause: Limit one of each Pokémon
|rule|OHKO Clause: OHKO moves are banned
|rule|Evasion Moves Clause: Evasion moves are banned
|rule|Endless Battle Clause: Forcing endless battles is banned
|rule|HP Percentage Mod: HP is shown in percentages
|rule|Dynamax Clause: You cannot dynamax
|clearpoke
|poke|p1|Ninetales-Alola, M|
|poke|p1|Necrozma|
|poke|p1|Tyrantrum, M|
|poke|p1|Arctozolt|
|poke|p1|Doublade, M|
|poke|p1|Togekiss, M|
|poke|p2|Quagsire, M|
|poke|p2|Toxicroak, M|
|poke|p2|Registeel|
|poke|p2|Celebi|
|poke|p2|Exploud, F|
|poke|p2|Flygon, F|
|teampreview
|inactive|Battle timer is ON: inactive players will automatically lose when time's up. (requested by LarsoTubeJeanLouis)
|
|t:|1625545283
|start
|switch|p1a: Ninetales|Ninetales-Alola, M|100/100
|switch|p2a: Registeel|Registeel|100/100
|-weather|Hail|[from] ability: Snow Warning|[of] p1a: Ninetales
|turn|1
|j| lydia's chlamydia
|
|t:|1625545298
|move|p1a: Ninetales|Aurora Veil|p1a: Ninetales
|-sidestart|p1: linlinzhu|move: Aurora Veil
|move|p2a: Registeel|Toxic|p1a: Ninetales
|-status|p1a: Ninetales|tox
|
|-weather|Hail|[upkeep]
|-damage|p2a: Registeel|94/100|[from] Hail
|-heal|p2a: Registeel|100/100|[from] item: Leftovers
|-damage|p1a: Ninetales|94/100 tox|[from] psn
|upkeep
|turn|2
|
|t:|1625545309
|move|p1a: Ninetales|Hypnosis|p2a: Registeel
|-status|p2a: Registeel|slp|[from] move: Hypnosis
|cant|p2a: Registeel|slp
|
|-weather|Hail|[upkeep]
|-damage|p2a: Registeel|94/100 slp|[from] Hail
|-heal|p2a: Registeel|100/100 slp|[from] item: Leftovers
|-damage|p1a: Ninetales|82/100 tox|[from] psn
|upkeep
|turn|3
|
|t:|1625545324
|switch|p1a: Togekiss|Togekiss, M|100/100
|switch|p2a: Quagsire|Quagsire, M|100/100
|
|-weather|Hail|[upkeep]
|-damage|p1a: Togekiss|94/100|[from] Hail
|-damage|p2a: Quagsire|94/100|[from] Hail
|upkeep
|turn|4
|inactive|LarsoTubeJeanLouis has 120 seconds left.
|
|t:|1625545363
|move|p1a: Togekiss|Air Slash|p2a: Quagsire
|-damage|p2a: Quagsire|50/100
|move|p2a: Quagsire|Toxic|p1a: Togekiss
|-status|p1a: Togekiss|tox
|
|-weather|Hail|[upkeep]
|-damage|p1a: Togekiss|88/100 tox|[from] Hail
|-damage|p2a: Quagsire|44/100|[from] Hail
|-damage|p1a: Togekiss|82/100 tox|[from] psn
|upkeep
|turn|5
|inactive|LarsoTubeJeanLouis has 120 seconds left.
|
|t:|1625545383
|switch|p2a: Registeel|Registeel|100/100 slp
|move|p1a: Togekiss|Air Slash|p2a: Registeel
|-resisted|p2a: Registeel
|-damage|p2a: Registeel|92/100 slp
|
|-weather|none
|-heal|p2a: Registeel|98/100 slp|[from] item: Leftovers
|-damage|p1a: Togekiss|70/100 tox|[from] psn
|-sideend|p1: linlinzhu|move: Aurora Veil
|upkeep
|turn|6
|
|t:|1625545393
|move|p1a: Togekiss|Nasty Plot|p1a: Togekiss
|-boost|p1a: Togekiss|spa|2
|-curestatus|p2a: Registeel|slp|[msg]
|move|p2a: Registeel|Seismic Toss|p1a: Togekiss
|-damage|p1a: Togekiss|38/100 tox
|
|-heal|p2a: Registeel|100/100|[from] item: Leftovers
|-damage|p1a: Togekiss|19/100 tox|[from] psn
|upkeep
|turn|7
|
|t:|1625545403
|move|p2a: Registeel|Protect|p2a: Registeel
|-singleturn|p2a: Registeel|Protect
|move|p1a: Togekiss|Flamethrower|p2a: Registeel
|-activate|p2a: Registeel|move: Protect
|
|-damage|p1a: Togekiss|0 fnt|[from] psn
|faint|p1a: Togekiss
|upkeep
|
|t:|1625545419
|switch|p1a: Ninetales|Ninetales-Alola, M|82/100 tox
|-weather|Hail|[from] ability: Snow Warning|[of] p1a: Ninetales
|turn|8
|inactive|LarsoTubeJeanLouis has 120 seconds left.
|
|t:|1625545426
|switch|p2a: Young Beats|Toxicroak, M, shiny|100/100
|move|p1a: Ninetales|Aurora Veil|p1a: Ninetales
|-sidestart|p1: linlinzhu|move: Aurora Veil
|
|-weather|Hail|[upkeep]
|-damage|p2a: Young Beats|94/100|[from] Hail
|-damage|p1a: Ninetales|76/100 tox|[from] psn
|upkeep
|turn|9
|
|t:|1625545435
|move|p1a: Ninetales|Hypnosis|p2a: Young Beats|[miss]
|-miss|p1a: Ninetales|p2a: Young Beats
|move|p2a: Young Beats|Sleep Talk||[still]
|-fail|p2a: Young Beats
|
|-weather|Hail|[upkeep]
|-damage|p2a: Young Beats|88/100|[from] Hail
|-damage|p1a: Ninetales|64/100 tox|[from] psn
|upkeep
|turn|10
|c|☆LarsoTubeJeanLouis|crazy
|
|t:|1625545444
|switch|p1a: Doublade|Doublade, M|100/100
|move|p2a: Young Beats|Venoshock|p1a: Doublade
|-immune|p1a: Doublade
|
|-weather|Hail|[upkeep]
|-damage|p2a: Young Beats|82/100|[from] Hail
|-damage|p1a: Doublade|95/100|[from] Hail
|upkeep
|turn|11
|
|t:|1625545452
|switch|p2a: BIG BURTHA|Exploud, F, shiny|100/100
|move|p1a: Doublade|Swords Dance|p1a: Doublade
|-boost|p1a: Doublade|atk|2
|
|-weather|Hail|[upkeep]
|-damage|p2a: BIG BURTHA|94/100|[from] Hail
|-damage|p1a: Doublade|89/100|[from] Hail
|upkeep
|turn|12
|
|t:|1625545460
|move|p2a: BIG BURTHA|Overheat|p1a: Doublade
|-supereffective|p1a: Doublade
|-damage|p1a: Doublade|13/100
|-unboost|p2a: BIG BURTHA|spa|2
|move|p1a: Doublade|Close Combat|p2a: BIG BURTHA
|-supereffective|p2a: BIG BURTHA
|-damage|p2a: BIG BURTHA|0 fnt
|-unboost|p1a: Doublade|def|1
|-unboost|p1a: Doublade|spd|1
|faint|p2a: BIG BURTHA
|
|-weather|none
|-sideend|p1: linlinzhu|move: Aurora Veil
|upkeep
|
|t:|1625545472
|switch|p2a: Flygon|Flygon, F|100/100
|turn|13
|
|t:|1625545477
|switch|p2a: Quagsire|Quagsire, M|44/100
|move|p1a: Doublade|Shadow Sneak|p2a: Quagsire
|-damage|p2a: Quagsire|30/100
|-damage|p1a: Doublade|0 fnt|[from] item: Rocky Helmet|[of] p2a: Quagsire
|faint|p1a: Doublade
|
|upkeep
|c|☆LarsoTubeJeanLouis|i threw
|c|☆LarsoTubeJeanLouis|crazy
|
|t:|1625545495
|switch|p1a: Ninetales|Ninetales-Alola, M|64/100 tox
|-weather|Hail|[from] ability: Snow Warning|[of] p1a: Ninetales
|turn|14
|
|t:|1625545502
|move|p1a: Ninetales|Moonblast|p2a: Quagsire
|-damage|p2a: Quagsire|0 fnt
|faint|p2a: Quagsire
|
|-weather|Hail|[upkeep]
|-damage|p1a: Ninetales|58/100 tox|[from] psn
|upkeep
|
|t:|1625545511
|switch|p2a: Young Beats|Toxicroak, M, shiny|82/100
|turn|15
|
|t:|1625545517
|move|p1a: Ninetales|Aurora Veil|p1a: Ninetales
|-sidestart|p1: linlinzhu|move: Aurora Veil
|move|p2a: Young Beats|Venoshock|p1a: Ninetales
|-supereffective|p1a: Ninetales
|-damage|p1a: Ninetales|0 fnt
|faint|p1a: Ninetales
|-damage|p2a: Young Beats|72/100|[from] item: Life Orb
|
|-weather|Hail|[upkeep]
|-damage|p2a: Young Beats|66/100|[from] Hail
|upkeep
|
|t:|1625545538
|switch|p1a: Necrozma|Necrozma|100/100
|turn|16
|
|t:|1625545542
|switch|p2a: Registeel|Registeel|100/100
|move|p1a: Necrozma|Dragon Dance|p1a: Necrozma
|-boost|p1a: Necrozma|atk|1
|-boost|p1a: Necrozma|spe|1
|
|-weather|Hail|[upkeep]
|-damage|p1a: Necrozma|95/100|[from] Hail
|-damage|p2a: Registeel|94/100|[from] Hail
|-heal|p2a: Registeel|100/100|[from] item: Leftovers
|upkeep
|turn|17
|
|t:|1625545552
|move|p1a: Necrozma|Earthquake|p2a: Registeel
|-supereffective|p2a: Registeel
|-damage|p2a: Registeel|40/100
|move|p2a: Registeel|Toxic|p1a: Necrozma
|-status|p1a: Necrozma|tox
|-enditem|p1a: Necrozma|Lum Berry|[eat]
|-curestatus|p1a: Necrozma|tox|[msg]
|
|-weather|Hail|[upkeep]
|-damage|p1a: Necrozma|89/100|[from] Hail
|-damage|p2a: Registeel|33/100|[from] Hail
|-heal|p2a: Registeel|40/100|[from] item: Leftovers
|upkeep
|turn|18
|
|t:|1625545581
|switch|p2a: Flygon|Flygon, F|100/100
|move|p1a: Necrozma|Earthquake|p2a: Flygon
|-immune|p2a: Flygon|[from] ability: Levitate
|
|-weather|none
|upkeep
|turn|19
|
|t:|1625545590
|switch|p2a: Celebi|Celebi|100/100
|move|p1a: Necrozma|Dragon Dance|p1a: Necrozma
|-boost|p1a: Necrozma|atk|1
|-boost|p1a: Necrozma|spe|1
|
|-sideend|p1: linlinzhu|move: Aurora Veil
|upkeep
|turn|20
|
|t:|1625545599
|move|p1a: Necrozma|Knock Off|p2a: Celebi
|-supereffective|p2a: Celebi
|-damage|p2a: Celebi|0 fnt
|-enditem|p2a: Celebi|Heavy-Duty Boots|[from] move: Knock Off|[of] p1a: Necrozma
|faint|p2a: Celebi
|
|upkeep
|
|t:|1625545606
|switch|p2a: Young Beats|Toxicroak, M, shiny|66/100
|turn|21
|c|☆LarsoTubeJeanLouis|gg
|
|t:|1625545612
|move|p1a: Necrozma|Photon Geyser|p2a: Young Beats
|-supereffective|p2a: Young Beats
|-damage|p2a: Young Beats|0 fnt
|faint|p2a: Young Beats
|
|upkeep
|
|t:|1625545614
|switch|p2a: Flygon|Flygon, F|100/100
|turn|22
|
|t:|1625545620
|move|p1a: Necrozma|Photon Geyser|p2a: Flygon
|-damage|p2a: Flygon|0 fnt
|faint|p2a: Flygon
|
|upkeep
|
|t:|1625545622
|switch|p2a: Registeel|Registeel|40/100
|turn|23
|
|t:|1625545627
|move|p1a: Necrozma|Earthquake|p2a: Registeel
|-supereffective|p2a: Registeel
|-damage|p2a: Registeel|0 fnt
|faint|p2a: Registeel
|
|win|linlinzhu
|raw|linlinzhu's rating: 1402 &rarr; <strong>1418</strong><br />(+16 for winning)
|raw|LarsoTubeJeanLouis's rating: 1326 &rarr; <strong>1310</strong><br />(-16 for losing)
|l|☆LarsoTubeJeanLouis
