|j|☆Day  Healer
|j|☆troublebubble
|t:|1607807869
|player|p1|Day  Healer|morty|1444
|player|p2|troublebubble|70|1531
|teamsize|p1|6
|teamsize|p2|6
|gametype|singles
|gen|8
|tier|[Gen 8] RU
|rated|
|clearpoke
|poke|p1|Runerigus, M|
|poke|p1|Cresselia, F|
|poke|p1|Porygon2|
|poke|p1|Copperajah, F|
|poke|p1|Drampa, F|
|poke|p1|Vikavolt, F|
|poke|p2|Registeel|
|poke|p2|Slowking, M|
|poke|p2|Crobat, M|
|poke|p2|Suicune|
|poke|p2|Mimikyu, F|
|poke|p2|Diggersby, M|
|rule|Sleep Clause Mod: Limit one foe put to sleep
|rule|Species Clause: Limit one of each Pokémon
|rule|OHKO Clause: OHKO moves are banned
|rule|Evasion Moves Clause: Evasion moves are banned
|rule|Endless Battle Clause: Forcing endless battles is banned
|rule|HP Percentage Mod: HP is shown in percentages
|rule|Dynamax Clause: You cannot dynamax
|teampreview
|inactive|Battle timer is ON: inactive players will automatically lose when time's up. (requested by troublebubble)
|
|t:|1607807891
|start
|switch|p1a: Runerigus|Runerigus, M|100/100
|switch|p2a: Registeel|Registeel|100/100
|turn|1
|
|t:|1607807899
|move|p2a: Registeel|Toxic|p1a: Runerigus
|-status|p1a: Runerigus|tox
|move|p1a: Runerigus|Stealth Rock|p2a: Registeel
|-sidestart|p2: troublebubble|move: Stealth Rock
|
|-damage|p1a: Runerigus|94/100 tox|[from] psn
|upkeep
|turn|2
|
|t:|1607807905
|switch|p1a: Copperajah|Copperajah, F|100/100
|move|p2a: Registeel|Stealth Rock|p1a: Copperajah
|-sidestart|p1: Day  Healer|move: Stealth Rock
|
|upkeep
|turn|3
|
|t:|1607807915
|move|p2a: Registeel|Protect|p2a: Registeel
|-singleturn|p2a: Registeel|Protect
|move|p1a: Copperajah|Earthquake|p2a: Registeel
|-activate|p2a: Registeel|move: Protect
|
|upkeep
|turn|4
|
|t:|1607807919
|switch|p2a: Crobat|Crobat, M|100/100
|move|p1a: Copperajah|Power Whip|p2a: Crobat
|-resisted|p2a: Crobat
|-damage|p2a: Crobat|83/100
|-damage|p1a: Copperajah|91/100|[from] item: Life Orb
|
|upkeep
|turn|5
|
|t:|1607807926
|move|p2a: Crobat|U-turn|p1a: Copperajah
|-resisted|p1a: Copperajah
|-damage|p1a: Copperajah|81/100
|
|t:|1607807928
|switch|p2a: Slowking|Slowking, M|100/100|[from]move: U-turn
|move|p1a: Copperajah|Power Whip|p2a: Slowking
|-supereffective|p2a: Slowking
|-damage|p2a: Slowking|11/100
|-damage|p1a: Copperajah|72/100|[from] item: Life Orb
|
|upkeep
|turn|6
|
|t:|1607807937
|switch|p2a: Registeel|Registeel|100/100
|-damage|p2a: Registeel|94/100|[from] Stealth Rock
|move|p1a: Copperajah|Heavy Slam|p2a: Registeel
|-resisted|p2a: Registeel
|-damage|p2a: Registeel|67/100
|-damage|p1a: Copperajah|62/100|[from] item: Life Orb
|
|-heal|p2a: Registeel|73/100|[from] item: Leftovers
|upkeep
|turn|7
|
|t:|1607807943
|move|p2a: Registeel|Protect|p2a: Registeel
|-singleturn|p2a: Registeel|Protect
|move|p1a: Copperajah|Earthquake|p2a: Registeel
|-activate|p2a: Registeel|move: Protect
|
|-heal|p2a: Registeel|79/100|[from] item: Leftovers
|upkeep
|turn|8
|
|t:|1607807948
|move|p2a: Registeel|Heavy Slam|p1a: Copperajah
|-resisted|p1a: Copperajah
|-damage|p1a: Copperajah|56/100
|move|p1a: Copperajah|Earthquake|p2a: Registeel
|-supereffective|p2a: Registeel
|-damage|p2a: Registeel|13/100
|-damage|p1a: Copperajah|47/100|[from] item: Life Orb
|
|-heal|p2a: Registeel|19/100|[from] item: Leftovers
|upkeep
|turn|9
|
|t:|1607807953
|move|p2a: Registeel|Protect|p2a: Registeel
|-singleturn|p2a: Registeel|Protect
|move|p1a: Copperajah|Heat Crash|p2a: Registeel
|-activate|p2a: Registeel|move: Protect
|
|-heal|p2a: Registeel|25/100|[from] item: Leftovers
|upkeep
|turn|10
|
|t:|1607807957
|move|p2a: Registeel|Heavy Slam|p1a: Copperajah
|-resisted|p1a: Copperajah
|-damage|p1a: Copperajah|41/100
|move|p1a: Copperajah|Heat Crash|p2a: Registeel
|-supereffective|p2a: Registeel
|-damage|p2a: Registeel|0 fnt
|-damage|p1a: Copperajah|31/100|[from] item: Life Orb
|faint|p2a: Registeel
|
|upkeep
|
|t:|1607807961
|switch|p2a: Diggersby|Diggersby, M|100/100
|-damage|p2a: Diggersby|94/100|[from] Stealth Rock
|turn|11
|
|t:|1607807980
|switch|p1a: Runerigus|Runerigus, M|94/100 tox
|-damage|p1a: Runerigus|88/100 tox|[from] Stealth Rock
|move|p2a: Diggersby|Knock Off|p1a: Runerigus
|-supereffective|p1a: Runerigus
|-crit|p1a: Runerigus
|-damage|p1a: Runerigus|8/100 tox
|-activate|p1a: Runerigus|ability: Wandering Spirit|Huge Power|Wandering Spirit|[of] p2a: Diggersby
|-enditem|p1a: Runerigus|Mental Herb|[from] move: Knock Off|[of] p2a: Diggersby
|
|-damage|p1a: Runerigus|2/100 tox|[from] psn
|upkeep
|turn|12
|
|t:|1607807988
|move|p2a: Diggersby|Knock Off|p1a: Runerigus
|-supereffective|p1a: Runerigus
|-damage|p1a: Runerigus|0 fnt
|faint|p1a: Runerigus
|
|upkeep
|
|t:|1607807999
|switch|p1a: Cresselia|Cresselia, F|100/100
|-damage|p1a: Cresselia|88/100|[from] Stealth Rock
|turn|13
|
|t:|1607808002
|move|p2a: Diggersby|Knock Off|p1a: Cresselia
|-supereffective|p1a: Cresselia
|-crit|p1a: Cresselia
|-damage|p1a: Cresselia|61/100
|-enditem|p1a: Cresselia|Leftovers|[from] move: Knock Off|[of] p2a: Diggersby
|move|p1a: Cresselia|Moonlight|p1a: Cresselia
|-heal|p1a: Cresselia|100/100
|
|upkeep
|turn|14
|
|t:|1607808011
|switch|p2a: Slowking|Slowking, M|44/100
|move|p1a: Cresselia|Trick Room|p1a: Cresselia
|-fieldstart|move: Trick Room|[of] p1a: Cresselia
|
|upkeep
|turn|15
|
|t:|1607808016
|switch|p1a: Vikavolt|Vikavolt, F|100/100
|-damage|p1a: Vikavolt|75/100|[from] Stealth Rock
|move|p2a: Slowking|Teleport|p2a: Slowking
|
|t:|1607808034
|switch|p2a: Diggersby|Diggersby, M|94/100|[from]move: Teleport
|-damage|p2a: Diggersby|88/100|[from] Stealth Rock
|
|upkeep
|turn|16
|
|t:|1607808043
|move|p1a: Vikavolt|Bug Buzz|p2a: Diggersby
|-damage|p2a: Diggersby|0 fnt
|faint|p2a: Diggersby
|
|upkeep
|
|t:|1607808054
|switch|p2a: Crobat|Crobat, M|83/100
|turn|17
|
|t:|1607808064
|switch|p1a: Porygon2|Porygon2|100/100
|-damage|p1a: Porygon2|88/100|[from] Stealth Rock
|-ability|p1a: Porygon2|Download|boost
|-boost|p1a: Porygon2|spa|1
|move|p2a: Crobat|U-turn|p1a: Porygon2
|-damage|p1a: Porygon2|77/100
|
|t:|1607808071
|switch|p2a: Slowking|Slowking, M|77/100|[from]move: U-turn
|
|upkeep
|turn|18
|
|t:|1607808076
|move|p1a: Porygon2|Discharge|p2a: Slowking
|-supereffective|p2a: Slowking
|-damage|p2a: Slowking|28/100
|move|p2a: Slowking|Teleport|p2a: Slowking
|
|t:|1607808081
|switch|p2a: Suicune|Suicune|100/100|[from]move: Teleport
|-damage|p2a: Suicune|88/100|[from] Stealth Rock
|-ability|p2a: Suicune|Pressure
|
|-heal|p2a: Suicune|94/100|[from] item: Leftovers
|-fieldend|move: Trick Room
|upkeep
|turn|19
|
|t:|1607808085
|move|p2a: Suicune|Calm Mind|p2a: Suicune
|-boost|p2a: Suicune|spa|1
|-boost|p2a: Suicune|spd|1
|move|p1a: Porygon2|Discharge|p2a: Suicune
|-supereffective|p2a: Suicune
|-damage|p2a: Suicune|65/100
|
|-heal|p2a: Suicune|71/100|[from] item: Leftovers
|upkeep
|turn|20
|
|t:|1607808089
|move|p2a: Suicune|Substitute|p2a: Suicune
|-start|p2a: Suicune|Substitute
|-damage|p2a: Suicune|46/100
|move|p1a: Porygon2|Trick Room|p1a: Porygon2
|-fieldstart|move: Trick Room|[of] p1a: Porygon2
|
|-heal|p2a: Suicune|52/100|[from] item: Leftovers
|upkeep
|turn|21
|
|t:|1607808093
|move|p1a: Porygon2|Discharge|p2a: Suicune
|-supereffective|p2a: Suicune
|-crit|p2a: Suicune
|-end|p2a: Suicune|Substitute
|move|p2a: Suicune|Calm Mind|p2a: Suicune
|-boost|p2a: Suicune|spa|1
|-boost|p2a: Suicune|spd|1
|
|-heal|p2a: Suicune|59/100|[from] item: Leftovers
|upkeep
|turn|22
|
|t:|1607808100
|switch|p1a: Vikavolt|Vikavolt, F|75/100
|-damage|p1a: Vikavolt|50/100|[from] Stealth Rock
|move|p2a: Suicune|Protect||[still]
|-fail|p2a: Suicune
|
|-heal|p2a: Suicune|65/100|[from] item: Leftovers
|upkeep
|turn|23
|
|t:|1607808107
|move|p2a: Suicune|Protect|p2a: Suicune
|-singleturn|p2a: Suicune|Protect
|move|p1a: Vikavolt|Thunderbolt|p2a: Suicune
|-activate|p2a: Suicune|move: Protect
|
|-heal|p2a: Suicune|71/100|[from] item: Leftovers
|upkeep
|turn|24
|
|t:|1607808114
|move|p1a: Vikavolt|Thunderbolt|p2a: Suicune
|-supereffective|p2a: Suicune
|-damage|p2a: Suicune|12/100
|move|p2a: Suicune|Calm Mind|p2a: Suicune
|-boost|p2a: Suicune|spa|1
|-boost|p2a: Suicune|spd|1
|
|-heal|p2a: Suicune|18/100|[from] item: Leftovers
|-fieldend|move: Trick Room
|upkeep
|turn|25
|
|t:|1607808119
|move|p2a: Suicune|Scald|p1a: Vikavolt
|-damage|p1a: Vikavolt|0 fnt
|faint|p1a: Vikavolt
|
|-heal|p2a: Suicune|24/100|[from] item: Leftovers
|upkeep
|
|t:|1607808122
|switch|p1a: Drampa|Drampa, F|100/100
|-damage|p1a: Drampa|88/100|[from] Stealth Rock
|turn|26
|
|t:|1607808130
|move|p2a: Suicune|Protect|p2a: Suicune
|-singleturn|p2a: Suicune|Protect
|move|p1a: Drampa|Hyper Voice|p2a: Suicune
|-activate|p2a: Suicune|move: Protect
|
|-heal|p2a: Suicune|30/100|[from] item: Leftovers
|upkeep
|turn|27
|
|t:|1607808133
|move|p2a: Suicune|Scald|p1a: Drampa
|-resisted|p1a: Drampa
|-damage|p1a: Drampa|59/100
|move|p1a: Drampa|Hyper Voice|p2a: Suicune
|-damage|p2a: Suicune|10/100
|
|-heal|p2a: Suicune|16/100|[from] item: Leftovers
|upkeep
|turn|28
|
|t:|1607808138
|move|p2a: Suicune|Protect|p2a: Suicune
|-singleturn|p2a: Suicune|Protect
|move|p1a: Drampa|Hyper Voice|p2a: Suicune
|-activate|p2a: Suicune|move: Protect
|
|-heal|p2a: Suicune|22/100|[from] item: Leftovers
|upkeep
|turn|29
|
|t:|1607808141
|move|p2a: Suicune|Scald|p1a: Drampa
|-resisted|p1a: Drampa
|-damage|p1a: Drampa|24/100
|-ability|p1a: Drampa|Berserk|boost
|-boost|p1a: Drampa|spa|1
|move|p1a: Drampa|Hyper Voice|p2a: Suicune
|-crit|p2a: Suicune
|-damage|p2a: Suicune|0 fnt
|faint|p2a: Suicune
|
|upkeep
|
|t:|1607808150
|switch|p2a: Mimikyu|Mimikyu, F|100/100
|-damage|p2a: Mimikyu|88/100|[from] Stealth Rock
|turn|30
|
|t:|1607808153
|switch|p1a: Porygon2|Porygon2|77/100
|-damage|p1a: Porygon2|64/100|[from] Stealth Rock
|-ability|p1a: Porygon2|Download|boost
|-boost|p1a: Porygon2|atk|1
|move|p2a: Mimikyu|Swords Dance|p2a: Mimikyu
|-boost|p2a: Mimikyu|atk|2
|
|upkeep
|turn|31
|
|t:|1607808156
|move|p2a: Mimikyu|Drain Punch|p1a: Porygon2
|-supereffective|p1a: Porygon2
|-damage|p1a: Porygon2|7/100
|-heal|p2a: Mimikyu|100/100|[from] drain|[of] p1a: Porygon2
|-damage|p2a: Mimikyu|91/100|[from] item: Life Orb
|move|p1a: Porygon2|Trick Room|p1a: Porygon2
|-fieldstart|move: Trick Room|[of] p1a: Porygon2
|
|upkeep
|turn|32
|
|t:|1607808165
|move|p1a: Porygon2|Ice Beam|p2a: Mimikyu
|-activate|p2a: Mimikyu|ability: Disguise
|-damage|p2a: Mimikyu|91/100
|detailschange|p2a: Mimikyu|Mimikyu-Busted, F
|-damage|p2a: Mimikyu|78/100|[from] pokemon: Mimikyu-Busted
|move|p2a: Mimikyu|Swords Dance|p2a: Mimikyu
|-boost|p2a: Mimikyu|atk|2
|
|upkeep
|turn|33
|
|t:|1607808176
|switch|p2a: Slowking|Slowking, M|61/100
|move|p1a: Porygon2|Discharge|p2a: Slowking
|-supereffective|p2a: Slowking
|-damage|p2a: Slowking|33/100
|
|upkeep
|turn|34
|
|t:|1607808182
|move|p1a: Porygon2|Discharge|p2a: Slowking
|-supereffective|p2a: Slowking
|-damage|p2a: Slowking|0 fnt
|faint|p2a: Slowking
|
|upkeep
|
|t:|1607808185
|switch|p2a: Mimikyu|Mimikyu-Busted, F|78/100
|-damage|p2a: Mimikyu|66/100|[from] Stealth Rock
|turn|35
|
|t:|1607808189
|move|p1a: Porygon2|Recover|p1a: Porygon2
|-heal|p1a: Porygon2|57/100
|move|p2a: Mimikyu|Swords Dance|p2a: Mimikyu
|-boost|p2a: Mimikyu|atk|2
|
|-fieldend|move: Trick Room
|upkeep
|turn|36
|
|t:|1607808195
|move|p2a: Mimikyu|Drain Punch|p1a: Porygon2
|-supereffective|p1a: Porygon2
|-damage|p1a: Porygon2|0 fnt
|-heal|p2a: Mimikyu|100/100|[from] drain|[of] p1a: Porygon2
|-damage|p2a: Mimikyu|91/100|[from] item: Life Orb
|faint|p1a: Porygon2
|
|upkeep
|
|t:|1607808204
|switch|p1a: Cresselia|Cresselia, F|100/100
|-damage|p1a: Cresselia|88/100|[from] Stealth Rock
|turn|37
|
|t:|1607808207
|move|p2a: Mimikyu|Play Rough|p1a: Cresselia
|-damage|p1a: Cresselia|40/100
|-damage|p2a: Mimikyu|81/100|[from] item: Life Orb
|move|p1a: Cresselia|Trick Room|p1a: Cresselia
|-fieldstart|move: Trick Room|[of] p1a: Cresselia
|
|upkeep
|turn|38
|
|t:|1607808216
|move|p1a: Cresselia|Lunar Dance|p1a: Cresselia
|faint|p1a: Cresselia
|move|p2a: Mimikyu|Swords Dance|p2a: Mimikyu
|-boost|p2a: Mimikyu|atk|2
|
|upkeep
|
|t:|1607808225
|switch|p1a: Copperajah|Copperajah, F|31/100
|-heal|p1a: Copperajah|100/100|[from] move: Lunar Dance
|-damage|p1a: Copperajah|94/100|[from] Stealth Rock
|turn|39
|
|t:|1607808234
|move|p2a: Mimikyu|Shadow Sneak|p1a: Copperajah
|-damage|p1a: Copperajah|32/100
|-damage|p2a: Mimikyu|71/100|[from] item: Life Orb
|move|p1a: Copperajah|Heavy Slam|p2a: Mimikyu
|-supereffective|p2a: Mimikyu
|-damage|p2a: Mimikyu|0 fnt
|-damage|p1a: Copperajah|22/100|[from] item: Life Orb
|faint|p2a: Mimikyu
|
|upkeep
|
|t:|1607808236
|switch|p2a: Crobat|Crobat, M|83/100
|turn|40
|
|t:|1607808240
|move|p1a: Copperajah|Heavy Slam|p2a: Crobat
|-damage|p2a: Crobat|0 fnt
|-damage|p1a: Copperajah|13/100|[from] item: Life Orb
|faint|p2a: Crobat
|
|win|Day  Healer
|l|☆troublebubble
|c|☆Day  Healer|gg
