|j|☆Hilda is viscous
|j|☆benni2
|t:|1665307684
|gametype|singles
|player|p1|Hilda is viscous|hilda-wonderlauncher|1280
|player|p2|benni2|red|1395
|teamsize|p1|6
|teamsize|p2|6
|gen|8
|tier|[Gen 8] RU
|rated|
|rule|Sleep Clause Mod: Limit one foe put to sleep
|rule|Species Clause: Limit one of each Pokémon
|rule|OHKO Clause: OHKO moves are banned
|rule|Evasion Items Clause: Evasion items are banned
|rule|Evasion Moves Clause: Evasion moves are banned
|rule|Endless Battle Clause: Forcing endless battles is banned
|rule|HP Percentage Mod: HP is shown in percentages
|rule|Dynamax Clause: You cannot dynamax
|clearpoke
|poke|p1|Seismitoad, M|
|poke|p1|Marowak-Alola, M|
|poke|p1|Metagross|
|poke|p1|Noivern, M|
|poke|p1|Rotom-Mow|
|poke|p1|Goodra, M|
|poke|p2|Ninetales, F|
|poke|p2|Machamp, M|
|poke|p2|Porygon2|
|poke|p2|Leafeon, M|
|poke|p2|Comfey, M|
|poke|p2|Golisopod, M|
|teampreview
|
|t:|1665307697
|start
|switch|p1a: Rotom|Rotom-Mow|100/100
|switch|p2a: Machamp|Machamp, M|100/100
|turn|1
|
|t:|1665307704
|move|p1a: Rotom|Volt Switch|p2a: Machamp
|-damage|p2a: Machamp|75/100
|
|t:|1665307706
|switch|p1a: Noivern|Noivern, M|100/100|[from]move: Volt Switch
|-item|p2a: Machamp|Lum Berry|[from] ability: Frisk|[of] p1a: Noivern|[identify]
|move|p2a: Machamp|Dynamic Punch|p1a: Noivern
|-resisted|p1a: Noivern
|-damage|p1a: Noivern|60/100
|-start|p1a: Noivern|confusion
|
|upkeep
|turn|2
|
|t:|1665307715
|-activate|p1a: Noivern|confusion
|-damage|p1a: Noivern|53/100|[from] confusion
|move|p2a: Machamp|Stone Edge|p1a: Noivern
|-supereffective|p1a: Noivern
|-damage|p1a: Noivern|0 fnt
|faint|p1a: Noivern
|
|upkeep
|
|t:|1665307723
|switch|p1a: Marowak|Marowak-Alola, M|100/100
|turn|3
|
|t:|1665307727
|move|p1a: Marowak|Poltergeist|p2a: Machamp
|-activate|p2a: Machamp|move: Poltergeist|Lum Berry
|-damage|p2a: Machamp|0 fnt
|faint|p2a: Machamp
|
|upkeep
|
|t:|1665307733
|switch|p2a: Porygon2|Porygon2|100/100
|turn|4
|
|t:|1665307736
|move|p1a: Marowak|Swords Dance|p1a: Marowak
|-boost|p1a: Marowak|atk|2
|move|p2a: Porygon2|Shadow Ball|p1a: Marowak
|-supereffective|p1a: Marowak
|-damage|p1a: Marowak|0 fnt
|faint|p1a: Marowak
|
|upkeep
|j| Flayer32
|
|t:|1665307742
|switch|p1a: Seismitoad|Seismitoad, M|100/100
|turn|5
|
|t:|1665307746
|switch|p2a: Comfey|Comfey, M|100/100
|move|p1a: Seismitoad|Knock Off|p2a: Comfey
|-resisted|p2a: Comfey
|-damage|p2a: Comfey|73/100
|-enditem|p2a: Comfey|Focus Sash|[from] move: Knock Off|[of] p1a: Seismitoad
|
|upkeep
|turn|6
|
|t:|1665307767
|switch|p1a: Metagross|Metagross|100/100
|move|p2a: Comfey|Calm Mind|p2a: Comfey
|-boost|p2a: Comfey|spa|1
|-boost|p2a: Comfey|spd|1
|
|upkeep
|turn|7
|
|t:|1665307773
|move|p2a: Comfey|Draining Kiss|p1a: Metagross
|-resisted|p1a: Metagross
|-damage|p1a: Metagross|85/100
|-heal|p2a: Comfey|91/100|[from] drain|[of] p1a: Metagross
|move|p1a: Metagross|Trick|p2a: Comfey
|-activate|p1a: Metagross|move: Trick|[of] p2a: Comfey
|-item|p2a: Comfey|Lagging Tail|[from] move: Trick
|-enditem|p1a: Metagross|Lagging Tail|[silent]|[from] move: Trick
|
|upkeep
|turn|8
|
|t:|1665307783
|move|p1a: Metagross|Stealth Rock|p2a: Comfey
|-sidestart|p2: benni2|move: Stealth Rock
|move|p2a: Comfey|Calm Mind|p2a: Comfey
|-boost|p2a: Comfey|spa|1
|-boost|p2a: Comfey|spd|1
|
|upkeep
|turn|9
|
|t:|1665307788
|move|p2a: Comfey|Draining Kiss|p1a: Metagross
|-resisted|p1a: Metagross
|-damage|p1a: Metagross|64/100
|-heal|p2a: Comfey|100/100|[from] drain|[of] p1a: Metagross
|move|p1a: Metagross|Meteor Mash|p2a: Comfey
|-supereffective|p2a: Comfey
|-damage|p2a: Comfey|0 fnt
|faint|p2a: Comfey
|
|upkeep
|
|t:|1665307798
|switch|p2a: Porygon2|Porygon2|100/100
|-damage|p2a: Porygon2|88/100|[from] Stealth Rock
|turn|10
|
|t:|1665307802
|switch|p1a: Rotom|Rotom-Mow|100/100
|move|p2a: Porygon2|Shadow Ball|p1a: Rotom
|-damage|p1a: Rotom|61/100
|-unboost|p1a: Rotom|spd|1
|
|upkeep
|turn|11
|
|t:|1665307809
|move|p1a: Rotom|Trick|p2a: Porygon2
|-activate|p1a: Rotom|move: Trick|[of] p2a: Porygon2
|-item|p2a: Porygon2|Choice Scarf|[from] move: Trick
|-item|p1a: Rotom|Eviolite|[from] move: Trick
|move|p2a: Porygon2|Ice Beam|p1a: Rotom
|-supereffective|p1a: Rotom
|-damage|p1a: Rotom|0 fnt
|faint|p1a: Rotom
|
|upkeep
|l| Flayer32
|
|t:|1665307822
|switch|p1a: Metagross|Metagross|64/100
|turn|12
|
|t:|1665307825
|switch|p2a: Golisopod|Golisopod, M|100/100
|-damage|p2a: Golisopod|76/100|[from] Stealth Rock
|move|p1a: Metagross|Reflect|p1a: Metagross
|-sidestart|p1: Hilda is viscous|Reflect
|
|upkeep
|turn|13
|
|t:|1665307831
|move|p2a: Golisopod|First Impression|p1a: Metagross
|-damage|p1a: Metagross|44/100
|-damage|p2a: Golisopod|66/100|[from] item: Life Orb
|move|p1a: Metagross|Meteor Mash|p2a: Golisopod
|-resisted|p2a: Golisopod
|-damage|p2a: Golisopod|51/100
|
|upkeep
|turn|14
|
|t:|1665307839
|move|p2a: Golisopod|Sucker Punch|p1a: Metagross
|-supereffective|p1a: Metagross
|-damage|p1a: Metagross|26/100
|-damage|p2a: Golisopod|41/100|[from] item: Life Orb
|-activate|p2a: Golisopod|ability: Emergency Exit
|
|t:|1665307846
|switch|p2a: Porygon2|Porygon2|88/100
|-damage|p2a: Porygon2|76/100|[from] Stealth Rock
|move|p1a: Metagross|Meteor Mash|p2a: Porygon2
|-crit|p2a: Porygon2
|-damage|p2a: Porygon2|11/100
|
|upkeep
|turn|15
|
|t:|1665307854
|switch|p1a: Goodra|Goodra, M|100/100
|move|p2a: Porygon2|Shadow Ball|p1a: Goodra
|-damage|p1a: Goodra|80/100
|
|upkeep
|turn|16
|
|t:|1665307860
|move|p2a: Porygon2|Shadow Ball|p1a: Goodra
|-damage|p1a: Goodra|65/100
|move|p1a: Goodra|Body Press|p2a: Porygon2
|-supereffective|p2a: Porygon2
|-damage|p2a: Porygon2|0 fnt
|faint|p2a: Porygon2
|
|-sideend|p1: Hilda is viscous|Reflect
|upkeep
|
|t:|1665307869
|switch|p2a: Ninetales|Ninetales, F|100/100
|-damage|p2a: Ninetales|75/100|[from] Stealth Rock
|-weather|SunnyDay|[from] ability: Drought|[of] p2a: Ninetales
|turn|17
|
|t:|1665307874
|move|p2a: Ninetales|Nasty Plot|p2a: Ninetales
|-boost|p2a: Ninetales|spa|2
|move|p1a: Goodra|Toxic|p2a: Ninetales
|-status|p2a: Ninetales|tox
|
|-weather|SunnyDay|[upkeep]
|-damage|p2a: Ninetales|69/100 tox|[from] psn
|upkeep
|turn|18
|
|t:|1665307883
|move|p2a: Ninetales|Flamethrower|p1a: Goodra
|-resisted|p1a: Goodra
|-damage|p1a: Goodra|32/100
|-enditem|p1a: Goodra|Sitrus Berry|[eat]
|-heal|p1a: Goodra|57/100|[from] item: Sitrus Berry
|move|p1a: Goodra|Draco Meteor|p2a: Ninetales
|-damage|p2a: Ninetales|12/100 tox
|-unboost|p1a: Goodra|spa|2
|
|-weather|SunnyDay|[upkeep]
|-damage|p2a: Ninetales|0 fnt|[from] psn
|faint|p2a: Ninetales
|upkeep
|
|t:|1665307895
|switch|p2a: Leafeon|Leafeon, M|100/100
|-damage|p2a: Leafeon|88/100|[from] Stealth Rock
|turn|19
|
|t:|1665307911
|switch|p1a: Metagross|Metagross|26/100
|move|p2a: Leafeon|Knock Off|p1a: Metagross
|-supereffective|p1a: Metagross
|-damage|p1a: Metagross|0 fnt
|faint|p1a: Metagross
|-damage|p2a: Leafeon|78/100|[from] item: Life Orb
|
|-weather|SunnyDay|[upkeep]
|upkeep
|
|t:|1665307915
|switch|p1a: Seismitoad|Seismitoad, M|100/100
|turn|20
|
|t:|1665307920
|switch|p1a: Goodra|Goodra, M|57/100
|move|p2a: Leafeon|Solar Blade||[still]
|-prepare|p2a: Leafeon|Solar Blade
|-anim|p2a: Leafeon|Solar Blade|p1a: Goodra
|-ability|p1a: Goodra|Sap Sipper|boost
|-boost|p1a: Goodra|atk|1
|
|-weather|SunnyDay|[upkeep]
|upkeep
|turn|21
|
|t:|1665307930
|move|p2a: Leafeon|Swords Dance|p2a: Leafeon
|-boost|p2a: Leafeon|atk|2
|move|p1a: Goodra|Draco Meteor|p2a: Leafeon
|-damage|p2a: Leafeon|17/100
|-unboost|p1a: Goodra|spa|2
|
|-weather|SunnyDay|[upkeep]
|upkeep
|turn|22
|
|t:|1665307937
|move|p2a: Leafeon|Knock Off|p1a: Goodra
|-damage|p1a: Goodra|9/100
|-damage|p2a: Leafeon|7/100|[from] item: Life Orb
|move|p1a: Goodra|Body Press|p2a: Leafeon
|-damage|p2a: Leafeon|0 fnt
|faint|p2a: Leafeon
|
|-weather|SunnyDay|[upkeep]
|upkeep
|
|t:|1665307945
|switch|p2a: Golisopod|Golisopod, M|41/100
|-damage|p2a: Golisopod|17/100|[from] Stealth Rock
|turn|23
|
|t:|1665307949
|move|p2a: Golisopod|First Impression|p1a: Goodra
|-damage|p1a: Goodra|0 fnt
|faint|p1a: Goodra
|-damage|p2a: Golisopod|7/100|[from] item: Life Orb
|
|-weather|SunnyDay|[upkeep]
|upkeep
|
|t:|1665307951
|switch|p1a: Seismitoad|Seismitoad, M|100/100
|turn|24
|
|t:|1665307960
|move|p2a: Golisopod|Sucker Punch|p1a: Seismitoad
|-damage|p1a: Seismitoad|58/100
|-damage|p2a: Golisopod|0 fnt|[from] item: Life Orb
|faint|p2a: Golisopod
|
|win|Hilda is viscous
|raw|Hilda is viscous's rating: 1280 &rarr; <strong>1313</strong><br />(+33 for winning)
|raw|benni2's rating: 1395 &rarr; <strong>1369</strong><br />(-26 for losing)
|c|☆Hilda is viscous|gg
|c|☆benni2|gg
