|j|☆velvetquills
|j|☆Nemris
|t:|1607993243
|player|p1|velvetquills|marley|1364
|player|p2|Nemris|102|1462
|teamsize|p1|6
|teamsize|p2|6
|gametype|singles
|gen|8
|tier|[Gen 8] RU
|rated|
|clearpoke
|poke|p1|Palossand, M|
|poke|p1|Vikavolt, F|
|poke|p1|Golisopod, F|
|poke|p1|Polteageist|
|poke|p1|Diggersby, M|
|poke|p1|Drapion, M|
|poke|p2|Obstagoon, F|
|poke|p2|Araquanid, M|
|poke|p2|Metagross|
|poke|p2|Tyrantrum, F|
|poke|p2|Mimikyu, F|
|poke|p2|Crobat, M|
|rule|Sleep Clause Mod: Limit one foe put to sleep
|rule|Species Clause: Limit one of each Pokémon
|rule|OHKO Clause: OHKO moves are banned
|rule|Evasion Moves Clause: Evasion moves are banned
|rule|Endless Battle Clause: Forcing endless battles is banned
|rule|HP Percentage Mod: HP is shown in percentages
|rule|Dynamax Clause: You cannot dynamax
|teampreview
|inactive|Battle timer is ON: inactive players will automatically lose when time's up. (requested by velvetquills)
|j|+lord death man
|inactive|velvetquills has 120 seconds left.
|
|t:|1607993277
|start
|switch|p1a: Golisopod|Golisopod, F|100/100
|switch|p2a: Metagross|Metagross|100/100
|turn|1
|
|t:|1607993282
|move|p1a: Golisopod|First Impression|p2a: Metagross
|-damage|p2a: Metagross|64/100
|move|p2a: Metagross|Stealth Rock|p1a: Golisopod
|-sidestart|p1: velvetquills|move: Stealth Rock
|
|upkeep
|turn|2
|
|t:|1607993288
|move|p2a: Metagross|Zen Headbutt|p1a: Golisopod
|-damage|p1a: Golisopod|65/100
|move|p1a: Golisopod|Spikes|p2a: Metagross
|-sidestart|p2: Nemris|Spikes
|
|upkeep
|turn|3
|
|t:|1607993299
|switch|p1a: Drapion|Drapion, M|100/100
|-damage|p1a: Drapion|88/100|[from] Stealth Rock
|move|p2a: Metagross|Zen Headbutt|p1a: Drapion
|-immune|p1a: Drapion
|
|upkeep
|turn|4
|
|t:|1607993306
|move|p1a: Drapion|Knock Off|p2a: Metagross
|-supereffective|p2a: Metagross
|-damage|p2a: Metagross|0 fnt
|-enditem|p2a: Metagross|Weakness Policy|[from] move: Knock Off|[of] p1a: Drapion
|faint|p2a: Metagross
|
|upkeep
|
|t:|1607993312
|switch|p2a: Araquanid|Araquanid, M|100/100
|turn|5
|
|t:|1607993314
|move|p1a: Drapion|Knock Off|p2a: Araquanid
|-damage|p2a: Araquanid|42/100
|-enditem|p2a: Araquanid|Heavy-Duty Boots|[from] move: Knock Off|[of] p1a: Drapion
|move|p2a: Araquanid|Sticky Web|p1a: Drapion
|-sidestart|p1: velvetquills|move: Sticky Web
|
|upkeep
|turn|6
|
|t:|1607993321
|switch|p1a: Vikavolt|Vikavolt, F, shiny|100/100
|move|p2a: Araquanid|Surf|p1a: Vikavolt
|-damage|p1a: Vikavolt|18/100
|
|upkeep
|turn|7
|
|t:|1607993328
|move|p1a: Vikavolt|Volt Switch|p2a: Araquanid
|-supereffective|p2a: Araquanid
|-damage|p2a: Araquanid|0 fnt
|faint|p2a: Araquanid
|
|t:|1607993339
|switch|p1a: Drapion|Drapion, M|88/100|[from]move: Volt Switch
|-damage|p1a: Drapion|76/100|[from] Stealth Rock
|-activate|p1a: Drapion|move: Sticky Web
|-unboost|p1a: Drapion|spe|1
|
|upkeep
|
|t:|1607993353
|switch|p2a: Tyrantrum|Tyrantrum, F|100/100
|-damage|p2a: Tyrantrum|88/100|[from] Spikes
|turn|8
|j| Tm6
|
|t:|1607993357
|move|p2a: Tyrantrum|Head Smash|p1a: Drapion
|-damage|p1a: Drapion|0 fnt
|faint|p1a: Drapion
|
|upkeep
|
|t:|1607993364
|switch|p1a: Palossand|Palossand, M, shiny|100/100
|-damage|p1a: Palossand|94/100|[from] Stealth Rock
|-activate|p1a: Palossand|move: Sticky Web
|-unboost|p1a: Palossand|spe|1
|turn|9
|
|t:|1607993371
|switch|p2a: Crobat|Crobat, M|100/100
|move|p1a: Palossand|Stealth Rock|p2a: Crobat
|-sidestart|p2: Nemris|move: Stealth Rock
|
|upkeep
|turn|10
|
|t:|1607993380
|switch|p1a: Vikavolt|Vikavolt, F, shiny|18/100
|move|p2a: Crobat|Brave Bird|p1a: Vikavolt
|-damage|p1a: Vikavolt|0 fnt
|-damage|p2a: Crobat|95/100|[from] Recoil
|faint|p1a: Vikavolt
|
|upkeep
|
|t:|1607993388
|switch|p1a: Diggersby|Diggersby, M, shiny|100/100
|-damage|p1a: Diggersby|94/100|[from] Stealth Rock
|-activate|p1a: Diggersby|move: Sticky Web
|-unboost|p1a: Diggersby|spe|1
|turn|11
|
|t:|1607993394
|move|p2a: Crobat|Super Fang|p1a: Diggersby
|-damage|p1a: Diggersby|47/100
|move|p1a: Diggersby|Body Slam|p2a: Crobat
|-damage|p2a: Crobat|4/100
|-damage|p1a: Diggersby|37/100|[from] item: Life Orb
|
|upkeep
|turn|12
|
|t:|1607993407
|switch|p2a: Tyrantrum|Tyrantrum, F|88/100
|-damage|p2a: Tyrantrum|76/100|[from] Spikes
|-damage|p2a: Tyrantrum|63/100|[from] Stealth Rock
|move|p1a: Diggersby|Earthquake|p2a: Tyrantrum
|-supereffective|p2a: Tyrantrum
|-damage|p2a: Tyrantrum|0 fnt
|-damage|p1a: Diggersby|28/100|[from] item: Life Orb
|faint|p2a: Tyrantrum
|
|upkeep
|
|t:|1607993417
|switch|p2a: Obstagoon|Obstagoon, F|100/100
|-damage|p2a: Obstagoon|88/100|[from] Stealth Rock
|-damage|p2a: Obstagoon|76/100|[from] Spikes
|turn|13
|l| Tm6
|
|t:|1607993422
|move|p1a: Diggersby|Quick Attack|p2a: Obstagoon
|-damage|p2a: Obstagoon|39/100
|-damage|p1a: Diggersby|18/100|[from] item: Life Orb
|move|p2a: Obstagoon|Knock Off|p1a: Diggersby
|-crit|p1a: Diggersby
|-damage|p1a: Diggersby|0 fnt
|-enditem|p1a: Diggersby|Life Orb|[from] move: Knock Off|[of] p2a: Obstagoon
|faint|p1a: Diggersby
|
|-status|p2a: Obstagoon|brn|[from] item: Flame Orb
|upkeep
|
|t:|1607993432
|switch|p1a: Golisopod|Golisopod, F|65/100
|turn|14
|
|t:|1607993436
|move|p2a: Obstagoon|Obstruct|p2a: Obstagoon
|-singleturn|p2a: Obstagoon|Protect
|move|p1a: Golisopod|Liquidation|p2a: Obstagoon
|-activate|p2a: Obstagoon|move: Protect
|-unboost|p1a: Golisopod|def|2
|
|-damage|p2a: Obstagoon|33/100 brn|[from] brn
|upkeep
|turn|15
|
|t:|1607993462
|switch|p1a: Palossand|Palossand, M, shiny|94/100
|-activate|p1a: Palossand|move: Sticky Web
|-unboost|p1a: Palossand|spe|1
|-damage|p1a: Palossand|88/100|[from] Stealth Rock
|move|p2a: Obstagoon|Knock Off|p1a: Palossand
|-supereffective|p1a: Palossand
|-enditem|p1a: Palossand|Colbur Berry|[eat]
|-enditem|p1a: Palossand|Colbur Berry|[weaken]
|-damage|p1a: Palossand|53/100
|
|-damage|p2a: Obstagoon|27/100 brn|[from] brn
|upkeep
|turn|16
|
|t:|1607993474
|move|p2a: Obstagoon|Knock Off|p1a: Palossand
|-supereffective|p1a: Palossand
|-damage|p1a: Palossand|2/100
|move|p1a: Palossand|Scorching Sands|p2a: Obstagoon
|-damage|p2a: Obstagoon|0 fnt
|faint|p2a: Obstagoon
|
|upkeep
|
|t:|1607993490
|switch|p2a: Crobat|Crobat, M|4/100
|turn|17
|
|t:|1607993495
|move|p2a: Crobat|Roost|p2a: Crobat
|-heal|p2a: Crobat|54/100
|-singleturn|p2a: Crobat|move: Roost
|move|p1a: Palossand|Shore Up|p1a: Palossand
|-heal|p1a: Palossand|52/100
|
|upkeep
|turn|18
|
|t:|1607993503
|move|p2a: Crobat|Brave Bird|p1a: Palossand
|-crit|p1a: Palossand
|-damage|p1a: Palossand|10/100
|-damage|p2a: Crobat|37/100|[from] Recoil
|move|p1a: Palossand|Scorching Sands|p2a: Crobat
|-immune|p2a: Crobat
|
|upkeep
|turn|19
|
|t:|1607993510
|move|p2a: Crobat|Brave Bird|p1a: Palossand
|-damage|p1a: Palossand|0 fnt
|-damage|p2a: Crobat|34/100|[from] Recoil
|faint|p1a: Palossand
|
|upkeep
|
|t:|1607993517
|switch|p1a: Polteageist|Polteageist|100/100
|-activate|p1a: Polteageist|move: Sticky Web
|-unboost|p1a: Polteageist|spe|1
|-damage|p1a: Polteageist|88/100|[from] Stealth Rock
|turn|20
|
|t:|1607993522
|move|p2a: Crobat|Brave Bird|p1a: Polteageist
|-damage|p1a: Polteageist|0 fnt
|-damage|p2a: Crobat|9/100|[from] Recoil
|faint|p1a: Polteageist
|
|upkeep
|
|t:|1607993525
|switch|p1a: Golisopod|Golisopod, F|65/100
|turn|21
|
|t:|1607993528
|move|p1a: Golisopod|First Impression|p2a: Crobat
|-resisted|p2a: Crobat
|-damage|p2a: Crobat|0 fnt
|faint|p2a: Crobat
|
|upkeep
|l|+lord death man
|
|t:|1607993532
|switch|p2a: Mimikyu|Mimikyu, F, shiny|100/100
|-damage|p2a: Mimikyu|88/100|[from] Stealth Rock
|-damage|p2a: Mimikyu|76/100|[from] Spikes
|turn|22
|inactive|Nemris has 120 seconds left.
|
|t:|1607993578
|move|p2a: Mimikyu|Play Rough|p1a: Golisopod
|-damage|p1a: Golisopod|29/100
|-damage|p2a: Mimikyu|66/100|[from] item: Life Orb
|move|p1a: Golisopod|Liquidation|p2a: Mimikyu
|-activate|p2a: Mimikyu|ability: Disguise
|-damage|p2a: Mimikyu|66/100
|detailschange|p2a: Mimikyu|Mimikyu-Busted, F, shiny
|-damage|p2a: Mimikyu|53/100|[from] pokemon: Mimikyu-Busted
|
|upkeep
|turn|23
|
|t:|1607993588
|move|p2a: Mimikyu|Play Rough|p1a: Golisopod
|-damage|p1a: Golisopod|0 fnt
|-damage|p2a: Mimikyu|44/100|[from] item: Life Orb
|faint|p1a: Golisopod
|
|win|Nemris
|l|☆velvetquills
|raw|velvetquills's rating: 1339 &rarr; <strong>1324</strong><br />(-15 for losing)
|raw|Nemris's rating: 1440 &rarr; <strong>1455</strong><br />(+15 for winning)
