|j|☆screaminbeaver
|j|☆Shanubiki
|t:|1621500062
|gametype|singles
|player|p1|screaminbeaver|crasherwake|1195
|player|p2|Shanubiki|koga|1335
|teamsize|p1|6
|teamsize|p2|6
|gen|8
|tier|[Gen 8] RU
|rated|
|rule|Sleep Clause Mod: Limit one foe put to sleep
|rule|Species Clause: Limit one of each Pokémon
|rule|OHKO Clause: OHKO moves are banned
|rule|Evasion Moves Clause: Evasion moves are banned
|rule|Endless Battle Clause: Forcing endless battles is banned
|rule|HP Percentage Mod: HP is shown in percentages
|rule|Dynamax Clause: You cannot dynamax
|clearpoke
|poke|p1|Snorlax, M|
|poke|p1|Milotic, F|
|poke|p1|Duraludon, M|
|poke|p1|Porygon2|
|poke|p1|Togekiss, F|
|poke|p1|Porygon-Z|
|poke|p2|Registeel|
|poke|p2|Volcanion|
|poke|p2|Noivern, M|
|poke|p2|Zarude|
|poke|p2|Sharpedo, M|
|poke|p2|Marowak-Alola, F|
|teampreview
|
|t:|1621500085
|start
|switch|p1a: Snorlax|Snorlax, M|100/100
|switch|p2a: requin.|Sharpedo, M|100/100
|turn|1
|inactive|Battle timer is ON: inactive players will automatically lose when time's up. (requested by Shanubiki)
|
|t:|1621500092
|move|p2a: requin.|Flip Turn|p1a: Snorlax
|-damage|p1a: Snorlax|64/100
|
|t:|1621500097
|switch|p2a: de type acier|Registeel|100/100|[from]move: Flip Turn
|move|p1a: Snorlax|Curse|p1a: Snorlax
|-unboost|p1a: Snorlax|spe|1
|-boost|p1a: Snorlax|atk|1
|-boost|p1a: Snorlax|def|1
|
|-heal|p1a: Snorlax|70/100|[from] item: Leftovers
|upkeep
|turn|2
|
|t:|1621500115
|switch|p2a: chaleur latente|Volcanion|100/100
|move|p1a: Snorlax|Curse|p1a: Snorlax
|-unboost|p1a: Snorlax|spe|1
|-boost|p1a: Snorlax|atk|1
|-boost|p1a: Snorlax|def|1
|
|-heal|p1a: Snorlax|77/100|[from] item: Leftovers
|upkeep
|turn|3
|
|t:|1621500125
|move|p2a: chaleur latente|Haze|p2a: chaleur latente
|-clearallboost
|move|p1a: Snorlax|Earthquake|p2a: chaleur latente
|-supereffective|p2a: chaleur latente
|-damage|p2a: chaleur latente|51/100
|
|-heal|p1a: Snorlax|83/100|[from] item: Leftovers
|upkeep
|turn|4
|
|t:|1621500135
|move|p2a: chaleur latente|Steam Eruption|p1a: Snorlax
|-damage|p1a: Snorlax|56/100
|move|p1a: Snorlax|Body Slam|p2a: chaleur latente
|-damage|p2a: chaleur latente|17/100
|
|-heal|p1a: Snorlax|62/100|[from] item: Leftovers
|upkeep
|turn|5
|
|t:|1621500144
|move|p2a: chaleur latente|Steam Eruption|p1a: Snorlax
|-damage|p1a: Snorlax|32/100
|move|p1a: Snorlax|Body Slam|p2a: chaleur latente
|-damage|p2a: chaleur latente|0 fnt
|faint|p2a: chaleur latente
|
|-heal|p1a: Snorlax|38/100|[from] item: Leftovers
|upkeep
|
|t:|1621500147
|switch|p2a: requin.|Sharpedo, M|100/100
|turn|6
|
|t:|1621500160
|switch|p1a: Duraludon|Duraludon, M|100/100
|move|p2a: requin.|Liquidation|p1a: Duraludon
|-resisted|p1a: Duraludon
|-damage|p1a: Duraludon|61/100
|
|-ability|p2a: requin.|Speed Boost|boost
|-boost|p2a: requin.|spe|1
|upkeep
|turn|7
|
|t:|1621500170
|switch|p2a: de type acier|Registeel|100/100
|move|p1a: Duraludon|Thunderbolt|p2a: de type acier
|-damage|p2a: de type acier|86/100
|
|-heal|p2a: de type acier|92/100|[from] item: Leftovers
|upkeep
|turn|8
|
|t:|1621500191
|switch|p1a: Snorlax|Snorlax, M|38/100
|move|p2a: de type acier|Stealth Rock|p1a: Snorlax
|-sidestart|p1: screaminbeaver|move: Stealth Rock
|
|-heal|p2a: de type acier|98/100|[from] item: Leftovers
|-heal|p1a: Snorlax|45/100|[from] item: Leftovers
|upkeep
|turn|9
|
|t:|1621500200
|switch|p2a: requin.|Sharpedo, M|100/100
|move|p1a: Snorlax|Curse|p1a: Snorlax
|-unboost|p1a: Snorlax|spe|1
|-boost|p1a: Snorlax|atk|1
|-boost|p1a: Snorlax|def|1
|
|-heal|p1a: Snorlax|51/100|[from] item: Leftovers
|upkeep
|turn|10
|
|t:|1621500214
|move|p2a: requin.|Close Combat|p1a: Snorlax
|-supereffective|p1a: Snorlax
|-damage|p1a: Snorlax|0 fnt
|-unboost|p2a: requin.|def|1
|-unboost|p2a: requin.|spd|1
|faint|p1a: Snorlax
|
|-ability|p2a: requin.|Speed Boost|boost
|-boost|p2a: requin.|spe|1
|upkeep
|inactive|screaminbeaver has 120 seconds left.
|
|t:|1621500248
|switch|p1a: Porygon2|Porygon2|100/100
|-damage|p1a: Porygon2|88/100|[from] Stealth Rock
|turn|11
|
|t:|1621500266
|move|p2a: requin.|Close Combat|p1a: Porygon2
|-supereffective|p1a: Porygon2
|-damage|p1a: Porygon2|1/100
|-unboost|p2a: requin.|def|1
|-unboost|p2a: requin.|spd|1
|move|p1a: Porygon2|Shadow Ball|p2a: requin.
|-resisted|p2a: requin.
|-damage|p2a: requin.|44/100
|
|-ability|p2a: requin.|Speed Boost|boost
|-boost|p2a: requin.|spe|1
|upkeep
|turn|12
|
|t:|1621500279
|switch|p1a: Togekiss|Togekiss, F|100/100
|move|p2a: requin.|Close Combat|p1a: Togekiss
|-resisted|p1a: Togekiss
|-damage|p1a: Togekiss|88/100
|-unboost|p2a: requin.|def|1
|-unboost|p2a: requin.|spd|1
|
|-ability|p2a: requin.|Speed Boost|boost
|-boost|p2a: requin.|spe|1
|upkeep
|turn|13
|
|t:|1621500291
|switch|p2a: de type acier|Registeel|98/100
|move|p1a: Togekiss|Air Slash|p2a: de type acier
|-resisted|p2a: de type acier
|-damage|p2a: de type acier|90/100
|
|-heal|p2a: de type acier|96/100|[from] item: Leftovers
|upkeep
|turn|14
|
|t:|1621500300
|move|p1a: Togekiss|Defog|p2a: de type acier
|-fail|p2a: de type acier|unboost|[from] ability: Clear Body|[of] p2a: de type acier
|-sideend|p1: screaminbeaver|Stealth Rock|[from] move: Defog|[of] p1a: Togekiss
|move|p2a: de type acier|Toxic|p1a: Togekiss
|-status|p1a: Togekiss|tox
|
|-heal|p2a: de type acier|100/100|[from] item: Leftovers
|-damage|p1a: Togekiss|82/100 tox|[from] psn
|upkeep
|turn|15
|inactive|screaminbeaver has 120 seconds left.
|
|t:|1621500312
|move|p1a: Togekiss|Air Slash|p2a: de type acier
|-resisted|p2a: de type acier
|-damage|p2a: de type acier|92/100
|cant|p2a: de type acier|flinch
|
|-heal|p2a: de type acier|98/100|[from] item: Leftovers
|-damage|p1a: Togekiss|70/100 tox|[from] psn
|upkeep
|turn|16
|inactive|screaminbeaver has 120 seconds left.
|
|t:|1621500321
|move|p1a: Togekiss|Air Slash|p2a: de type acier
|-resisted|p2a: de type acier
|-damage|p2a: de type acier|91/100
|cant|p2a: de type acier|flinch
|
|-heal|p2a: de type acier|97/100|[from] item: Leftovers
|-damage|p1a: Togekiss|51/100 tox|[from] psn
|upkeep
|turn|17
|
|t:|1621500330
|move|p1a: Togekiss|Heal Bell|p1a: Togekiss
|-activate|p1a: Togekiss|move: Heal Bell
|-curestatus|p1a: Togekiss|tox|[msg]
|move|p2a: de type acier|Stealth Rock|p1a: Togekiss
|-sidestart|p1: screaminbeaver|move: Stealth Rock
|
|-heal|p2a: de type acier|100/100|[from] item: Leftovers
|upkeep
|turn|18
|
|t:|1621500339
|move|p1a: Togekiss|Defog|p2a: de type acier
|-fail|p2a: de type acier|unboost|[from] ability: Clear Body|[of] p2a: de type acier
|-sideend|p1: screaminbeaver|Stealth Rock|[from] move: Defog|[of] p1a: Togekiss
|move|p2a: de type acier|Toxic|p1a: Togekiss
|-status|p1a: Togekiss|tox
|
|-damage|p1a: Togekiss|45/100 tox|[from] psn
|upkeep
|turn|19
|
|t:|1621500349
|move|p1a: Togekiss|Heal Bell|p1a: Togekiss
|-activate|p1a: Togekiss|move: Heal Bell
|-curestatus|p1a: Togekiss|tox|[msg]
|move|p2a: de type acier|Stealth Rock|p1a: Togekiss
|-sidestart|p1: screaminbeaver|move: Stealth Rock
|
|upkeep
|turn|20
|
|t:|1621500357
|move|p1a: Togekiss|Roost|p1a: Togekiss
|-heal|p1a: Togekiss|95/100
|-singleturn|p1a: Togekiss|move: Roost
|move|p2a: de type acier|Toxic|p1a: Togekiss
|-status|p1a: Togekiss|tox
|
|-damage|p1a: Togekiss|89/100 tox|[from] psn
|upkeep
|turn|21
|c|☆screaminbeaver|This is fucking gay
|
|t:|1621500368
|move|p1a: Togekiss|Heal Bell|p1a: Togekiss
|-activate|p1a: Togekiss|move: Heal Bell
|-curestatus|p1a: Togekiss|tox|[msg]
|move|p2a: de type acier|Seismic Toss|p1a: Togekiss
|-damage|p1a: Togekiss|62/100
|
|upkeep
|turn|22
|c|☆Shanubiki|why you keep trying?
|c|☆screaminbeaver|Why are you being a f4g
|c|☆Shanubiki|you cant win the 1v1
|
|t:|1621500391
|move|p1a: Togekiss|Roost|p1a: Togekiss
|-heal|p1a: Togekiss|100/100
|-singleturn|p1a: Togekiss|move: Roost
|move|p2a: de type acier|Toxic|p1a: Togekiss
|-status|p1a: Togekiss|tox
|
|-damage|p1a: Togekiss|94/100 tox|[from] psn
|upkeep
|turn|23
|n|‽screaminbeaver|screaminbeaver
|inactive|screaminbeaver has 120 seconds left.
|inactive|screaminbeaver has 90 seconds left.
|inactive|screaminbeaver has 60 seconds left.
|inactive|screaminbeaver has 30 seconds left.
|inactive|screaminbeaver has 20 seconds left.
|inactive|screaminbeaver has 15 seconds left.
|inactive|screaminbeaver has 10 seconds left.
|
|t:|1621500522
|move|p1a: Togekiss|Defog|p2a: de type acier
|-fail|p2a: de type acier|unboost|[from] ability: Clear Body|[of] p2a: de type acier
|-sideend|p1: screaminbeaver|Stealth Rock|[from] move: Defog|[of] p1a: Togekiss
|move|p2a: de type acier|Seismic Toss|p1a: Togekiss
|-damage|p1a: Togekiss|68/100 tox
|
|-damage|p1a: Togekiss|55/100 tox|[from] psn
|upkeep
|turn|24
|inactive|screaminbeaver has 20 seconds left this turn.
|inactive|screaminbeaver has 15 seconds left.
|inactive|screaminbeaver has 10 seconds left.
|inactive|screaminbeaver has 5 seconds left.
|
|t:|1621500548
|move|p1a: Togekiss|Heal Bell|p1a: Togekiss
|-activate|p1a: Togekiss|move: Heal Bell
|-curestatus|p1a: Togekiss|tox|[msg]
|move|p2a: de type acier|Stealth Rock|p1a: Togekiss
|-sidestart|p1: screaminbeaver|move: Stealth Rock
|
|upkeep
|turn|25
|inactive|screaminbeaver has 15 seconds left this turn.
|inactive|screaminbeaver has 10 seconds left.
|inactive|screaminbeaver has 5 seconds left.
|
|t:|1621500562
|move|p1a: Togekiss|Roost|p1a: Togekiss
|-heal|p1a: Togekiss|100/100
|-singleturn|p1a: Togekiss|move: Roost
|move|p2a: de type acier|Toxic|p1a: Togekiss
|-status|p1a: Togekiss|tox
|
|-damage|p1a: Togekiss|94/100 tox|[from] psn
|upkeep
|turn|26
|inactive|screaminbeaver has 15 seconds left this turn.
|inactive|screaminbeaver has 10 seconds left.
|inactive|screaminbeaver has 5 seconds left.
|
|t:|1621500576
|move|p1a: Togekiss|Defog|p2a: de type acier
|-fail|p2a: de type acier|unboost|[from] ability: Clear Body|[of] p2a: de type acier
|-sideend|p1: screaminbeaver|Stealth Rock|[from] move: Defog|[of] p1a: Togekiss
|move|p2a: de type acier|Seismic Toss|p1a: Togekiss
|-damage|p1a: Togekiss|68/100 tox
|
|-damage|p1a: Togekiss|55/100 tox|[from] psn
|upkeep
|turn|27
|inactive|screaminbeaver has 15 seconds left this turn.
|inactive|screaminbeaver has 10 seconds left.
|inactive|screaminbeaver has 5 seconds left.
|
|t:|1621500588
|move|p1a: Togekiss|Heal Bell|p1a: Togekiss
|-activate|p1a: Togekiss|move: Heal Bell
|-curestatus|p1a: Togekiss|tox|[msg]
|move|p2a: de type acier|Stealth Rock|p1a: Togekiss
|-sidestart|p1: screaminbeaver|move: Stealth Rock
|
|upkeep
|turn|28
|inactive|screaminbeaver has 15 seconds left this turn.
|inactive|screaminbeaver has 10 seconds left.
|inactive|screaminbeaver has 5 seconds left.
|c|☆Shanubiki|are you really with a chrono to lasts the longer?
|
|t:|1621500600
|move|p1a: Togekiss|Roost|p1a: Togekiss
|-heal|p1a: Togekiss|100/100
|-singleturn|p1a: Togekiss|move: Roost
|move|p2a: de type acier|Toxic|p1a: Togekiss
|-status|p1a: Togekiss|tox
|
|-damage|p1a: Togekiss|94/100 tox|[from] psn
|upkeep
|turn|29
|inactive|screaminbeaver has 15 seconds left this turn.
|inactive|screaminbeaver has 10 seconds left.
|c|☆Shanubiki|so sad
|inactive|screaminbeaver has 5 seconds left.
|
|t:|1621500613
|move|p1a: Togekiss|Defog|p2a: de type acier
|-fail|p2a: de type acier|unboost|[from] ability: Clear Body|[of] p2a: de type acier
|-sideend|p1: screaminbeaver|Stealth Rock|[from] move: Defog|[of] p1a: Togekiss
|move|p2a: de type acier|Seismic Toss|p1a: Togekiss
|-damage|p1a: Togekiss|68/100 tox
|
|-damage|p1a: Togekiss|55/100 tox|[from] psn
|upkeep
|turn|30
|inactive|screaminbeaver has 15 seconds left this turn.
|inactive|screaminbeaver has 10 seconds left.
|
|t:|1621500621
|move|p1a: Togekiss|Heal Bell|p1a: Togekiss
|-activate|p1a: Togekiss|move: Heal Bell
|-curestatus|p1a: Togekiss|tox|[msg]
|move|p2a: de type acier|Stealth Rock|p1a: Togekiss
|-sidestart|p1: screaminbeaver|move: Stealth Rock
|
|upkeep
|turn|31
|inactive|screaminbeaver has 20 seconds left this turn.
|inactive|screaminbeaver has 15 seconds left.
|inactive|screaminbeaver has 10 seconds left.
|inactive|screaminbeaver has 5 seconds left.
|
|t:|1621500639
|move|p1a: Togekiss|Defog|p2a: de type acier
|-fail|p2a: de type acier|unboost|[from] ability: Clear Body|[of] p2a: de type acier
|-sideend|p1: screaminbeaver|Stealth Rock|[from] move: Defog|[of] p1a: Togekiss
|move|p2a: de type acier|Toxic|p1a: Togekiss
|-status|p1a: Togekiss|tox
|
|-damage|p1a: Togekiss|49/100 tox|[from] psn
|upkeep
|turn|32
|inactive|screaminbeaver has 15 seconds left this turn.
|inactive|screaminbeaver has 10 seconds left.
|inactive|screaminbeaver has 5 seconds left.
|
|t:|1621500653
|move|p1a: Togekiss|Roost|p1a: Togekiss
|-heal|p1a: Togekiss|99/100 tox
|-singleturn|p1a: Togekiss|move: Roost
|move|p2a: de type acier|Stealth Rock|p1a: Togekiss
|-sidestart|p1: screaminbeaver|move: Stealth Rock
|
|-damage|p1a: Togekiss|87/100 tox|[from] psn
|upkeep
|turn|33
|inactive|screaminbeaver has 15 seconds left this turn.
|inactive|screaminbeaver has 10 seconds left.
|inactive|screaminbeaver has 5 seconds left.
|
|t:|1621500667
|move|p1a: Togekiss|Heal Bell|p1a: Togekiss
|-activate|p1a: Togekiss|move: Heal Bell
|-curestatus|p1a: Togekiss|tox|[msg]
|move|p2a: de type acier|Seismic Toss|p1a: Togekiss
|-damage|p1a: Togekiss|60/100
|
|upkeep
|turn|34
|inactive|screaminbeaver has 15 seconds left this turn.
|inactive|screaminbeaver has 10 seconds left.
|inactive|screaminbeaver has 5 seconds left.
|-message|screaminbeaver lost due to inactivity.
|
|win|Shanubiki
|raw|screaminbeaver's rating: 1195 &rarr; <strong>1178</strong><br />(-17 for losing)
|raw|Shanubiki's rating: 1305 &rarr; <strong>1319</strong><br />(+14 for winning)
|l|‽screaminbeaver
