|j|☆Crissafe
|j|☆Dancanmanfan
|t:|1668132704
|gametype|singles
|player|p1|Crissafe|102|1203
|player|p2|Dancanmanfan|clay|1461
|teamsize|p1|6
|teamsize|p2|6
|gen|8
|tier|[Gen 8] RU
|rated|
|rule|Sleep Clause Mod: Limit one foe put to sleep
|rule|Species Clause: Limit one of each Pokémon
|rule|OHKO Clause: OHKO moves are banned
|rule|Evasion Items Clause: Evasion items are banned
|rule|Evasion Moves Clause: Evasion moves are banned
|rule|Endless Battle Clause: Forcing endless battles is banned
|rule|HP Percentage Mod: HP is shown in percentages
|rule|Dynamax Clause: You cannot dynamax
|clearpoke
|poke|p1|Galvantula, M|
|poke|p1|Xurkitree|
|poke|p1|Togekiss, F|
|poke|p1|Mimikyu, F|
|poke|p1|Bronzong|
|poke|p1|Crobat, M|
|poke|p2|Toxtricity, F|
|poke|p2|Umbreon, M|
|poke|p2|Metagross|
|poke|p2|Bewear, F|
|poke|p2|Raikou|
|poke|p2|Togekiss, M|
|teampreview
|inactive|Battle timer is ON: inactive players will automatically lose when time's up. (requested by Dancanmanfan)
|c|☆Dancanmanfan|hf
|
|t:|1668132722
|start
|switch|p1a: Galvantula|Galvantula, M|100/100
|switch|p2a: MF Boom|Toxtricity, F|100/100
|turn|1
|
|t:|1668132730
|move|p1a: Galvantula|Sticky Web|p2a: MF Boom
|-sidestart|p2: Dancanmanfan|move: Sticky Web
|move|p2a: MF Boom|Overdrive|p1a: Galvantula
|-resisted|p1a: Galvantula
|-damage|p1a: Galvantula|27/100
|
|upkeep
|turn|2
|
|t:|1668132742
|move|p1a: Galvantula|Bug Buzz|p2a: MF Boom
|-resisted|p2a: MF Boom
|-damage|p2a: MF Boom|85/100
|move|p2a: MF Boom|Overdrive|p1a: Galvantula
|-resisted|p1a: Galvantula
|-damage|p1a: Galvantula|0 fnt
|faint|p1a: Galvantula
|
|upkeep
|
|t:|1668132749
|switch|p1a: Bronzódia|Bronzong|100/100
|turn|3
|
|t:|1668132752
|move|p2a: MF Boom|Overdrive|p1a: Bronzódia
|-damage|p1a: Bronzódia|34/100
|move|p1a: Bronzódia|Earthquake|p2a: MF Boom
|-supereffective|p2a: MF Boom
|-damage|p2a: MF Boom|0 fnt
|faint|p2a: MF Boom
|
|-heal|p1a: Bronzódia|40/100|[from] item: Leftovers
|upkeep
|
|t:|1668132764
|switch|p2a: Togekiss|Togekiss, M|100/100
|turn|4
|
|t:|1668132767
|move|p1a: Bronzódia|Protect|p1a: Bronzódia
|-singleturn|p1a: Bronzódia|Protect
|move|p2a: Togekiss|Defog|p1a: Bronzódia
|-activate|p1a: Bronzódia|move: Protect
|
|-heal|p1a: Bronzódia|46/100|[from] item: Leftovers
|upkeep
|turn|5
|
|t:|1668132775
|move|p2a: Togekiss|Defog|p1a: Bronzódia
|-unboost|p1a: Bronzódia|evasion|1
|-sideend|p2: Dancanmanfan|Sticky Web|[from] move: Defog|[of] p2a: Togekiss
|move|p1a: Bronzódia|Toxic|p2a: Togekiss
|-status|p2a: Togekiss|tox
|
|-heal|p1a: Bronzódia|52/100|[from] item: Leftovers
|-damage|p2a: Togekiss|94/100 tox|[from] psn
|upkeep
|turn|6
|
|t:|1668132785
|move|p1a: Bronzódia|Protect|p1a: Bronzódia
|-singleturn|p1a: Bronzódia|Protect
|move|p2a: Togekiss|Roost|p2a: Togekiss
|-heal|p2a: Togekiss|100/100 tox
|-singleturn|p2a: Togekiss|move: Roost
|
|-heal|p1a: Bronzódia|58/100|[from] item: Leftovers
|-damage|p2a: Togekiss|88/100 tox|[from] psn
|upkeep
|turn|7
|
|t:|1668132793
|move|p2a: Togekiss|Flamethrower|p1a: Bronzódia
|-supereffective|p1a: Bronzódia
|-damage|p1a: Bronzódia|21/100
|move|p1a: Bronzódia|Stealth Rock|p2a: Togekiss
|-sidestart|p2: Dancanmanfan|move: Stealth Rock
|
|-heal|p1a: Bronzódia|27/100|[from] item: Leftovers
|-damage|p2a: Togekiss|70/100 tox|[from] psn
|upkeep
|turn|8
|
|t:|1668132808
|switch|p2a: YSL Luna|Umbreon, M|100/100
|-damage|p2a: YSL Luna|88/100|[from] Stealth Rock
|switch|p1a: Crozódia|Crobat, M|100/100
|
|-heal|p2a: YSL Luna|94/100|[from] item: Leftovers
|upkeep
|turn|9
|
|t:|1668132822
|move|p1a: Crozódia|U-turn|p2a: YSL Luna
|-supereffective|p2a: YSL Luna
|-damage|p2a: YSL Luna|57/100
|
|t:|1668132825
|switch|p1a: Mimikyu|Mimikyu, F|100/100|[from]move: U-turn
|move|p2a: YSL Luna|Heal Bell|p2a: YSL Luna
|-activate|p2a: YSL Luna|move: Heal Bell
|-curestatus|p2: Togekiss|tox|[msg]
|
|-heal|p2a: YSL Luna|63/100|[from] item: Leftovers
|upkeep
|turn|10
|
|t:|1668132834
|move|p1a: Mimikyu|Swords Dance|p1a: Mimikyu
|-boost|p1a: Mimikyu|atk|2
|move|p2a: YSL Luna|Foul Play|p1a: Mimikyu
|-activate|p1a: Mimikyu|ability: Disguise
|-damage|p1a: Mimikyu|100/100
|detailschange|p1a: Mimikyu|Mimikyu-Busted, F
|-damage|p1a: Mimikyu|88/100|[from] pokemon: Mimikyu-Busted
|
|-heal|p2a: YSL Luna|69/100|[from] item: Leftovers
|upkeep
|turn|11
|
|t:|1668132843
|switch|p2a: Bout that action|Metagross|100/100
|-damage|p2a: Bout that action|94/100|[from] Stealth Rock
|move|p1a: Mimikyu|Swords Dance|p1a: Mimikyu
|-boost|p1a: Mimikyu|atk|2
|
|-heal|p2a: Bout that action|100/100|[from] item: Leftovers
|upkeep
|turn|12
|
|t:|1668132851
|move|p1a: Mimikyu|Shadow Sneak|p2a: Bout that action
|-supereffective|p2a: Bout that action
|-damage|p2a: Bout that action|0 fnt
|faint|p2a: Bout that action
|-damage|p1a: Mimikyu|78/100|[from] item: Life Orb
|
|upkeep
|
|t:|1668132854
|switch|p2a: ASAP Shocky|Raikou|100/100
|-damage|p2a: ASAP Shocky|88/100|[from] Stealth Rock
|-ability|p2a: ASAP Shocky|Pressure
|turn|13
|
|t:|1668132860
|move|p1a: Mimikyu|Shadow Sneak|p2a: ASAP Shocky
|-damage|p2a: ASAP Shocky|0 fnt
|faint|p2a: ASAP Shocky
|-damage|p1a: Mimikyu|68/100|[from] item: Life Orb
|
|upkeep
|
|t:|1668132866
|switch|p2a: YSL Luna|Umbreon, M|69/100
|-damage|p2a: YSL Luna|57/100|[from] Stealth Rock
|turn|14
|
|t:|1668132870
|move|p1a: Mimikyu|Drain Punch|p2a: YSL Luna
|-supereffective|p2a: YSL Luna
|-damage|p2a: YSL Luna|0 fnt
|-heal|p1a: Mimikyu|100/100|[from] drain|[of] p2a: YSL Luna
|faint|p2a: YSL Luna
|-damage|p1a: Mimikyu|91/100|[from] item: Life Orb
|
|upkeep
|c|☆Dancanmanfan|gg
|
|t:|1668132874
|switch|p2a: Togekiss|Togekiss, M|70/100
|turn|15
|
|t:|1668132880
|move|p1a: Mimikyu|Play Rough|p2a: Togekiss
|-damage|p2a: Togekiss|0 fnt
|faint|p2a: Togekiss
|-damage|p1a: Mimikyu|81/100|[from] item: Life Orb
|
|upkeep
|-message|Dancanmanfan forfeited.
|
|win|Crissafe
|raw|Crissafe's rating: 1203 &rarr; <strong>1244</strong><br />(+41 for winning)
|raw|Dancanmanfan's rating: 1461 &rarr; <strong>1428</strong><br />(-33 for losing)
|l|☆Dancanmanfan
||Ladder isn't responding, score probably updated but might not have (Request timeout).
