|j|☆RULT50A hjkhj
|j|☆zS
|inactive|Battle timer is ON: inactive players will automatically lose when time's up.
|t:|1626054304
|gametype|singles
|player|p1|RULT50A hjkhj|infielder|
|player|p2|zS|dawn-gen4pt|
|teamsize|p1|6
|teamsize|p2|6
|gen|8
|tier|[Gen 8] RU
|rated|Tournament battle
|rule|Sleep Clause Mod: Limit one foe put to sleep
|rule|Species Clause: Limit one of each Pokémon
|rule|OHKO Clause: OHKO moves are banned
|rule|Evasion Moves Clause: Evasion moves are banned
|rule|Endless Battle Clause: Forcing endless battles is banned
|rule|HP Percentage Mod: HP is shown in percentages
|rule|Dynamax Clause: You cannot dynamax
|clearpoke
|poke|p1|Obstagoon, M|
|poke|p1|Crobat, M|
|poke|p1|Vaporeon, M|
|poke|p1|Chandelure, M|
|poke|p1|Steelix, M|
|poke|p1|Reuniclus, F|
|poke|p2|Ninjask, M|
|poke|p2|Togekiss, M|
|poke|p2|Rotom-Mow|
|poke|p2|Steelix, M|
|poke|p2|Milotic, M|
|poke|p2|Incineroar, M|
|teampreview
|inactive|RULT50A hjkhj also wants the timer to be on.
|c|☆zS|hf
|c|☆RULT50A hjkhj|u2
|j|+yourwelcomethank
|j|@Kableye
|j|+Oathkeepre
|c|+Oathkeepre|look at zS in RU!
|inactive|zS has 120 seconds left.
|c|☆zS|that's me
|c|☆zS|'-'
|
|t:|1626054364
|start
|switch|p1a: Reuniclus|Reuniclus, F|100/100
|switch|p2a: left right there|Incineroar, M|100/100
|-ability|p2a: left right there|Intimidate|boost
|-unboost|p1a: Reuniclus|atk|1
|turn|1
|
|t:|1626054369
|switch|p1a: Vaporeon|Vaporeon, M|100/100
|move|p2a: left right there|Knock Off|p1a: Vaporeon
|-damage|p1a: Vaporeon|73/100
|-enditem|p1a: Vaporeon|Leftovers|[from] move: Knock Off|[of] p2a: left right there
|
|upkeep
|turn|2
|
|t:|1626054382
|move|p1a: Vaporeon|Flip Turn|p2a: left right there
|-supereffective|p2a: left right there
|-damage|p2a: left right there|73/100
|
|t:|1626054388
|switch|p1a: Crobat|Crobat, M|100/100|[from]move: Flip Turn
|move|p2a: left right there|Toxic|p1a: Crobat
|-immune|p1a: Crobat
|
|upkeep
|turn|3
|
|t:|1626054398
|move|p1a: Crobat|U-turn|p2a: left right there
|-damage|p2a: left right there|59/100
|
|t:|1626054401
|switch|p1a: Vaporeon|Vaporeon, M|73/100|[from]move: U-turn
|move|p2a: left right there|U-turn|p1a: Vaporeon
|-damage|p1a: Vaporeon|60/100
|
|t:|1626054419
|switch|p2a: hollow streets|Rotom-Mow|100/100|[from]move: U-turn
|
|upkeep
|turn|4
|
|t:|1626054442
|switch|p1a: Steelix|Steelix, M|100/100
|move|p2a: hollow streets|Volt Switch|p1a: Steelix
|-immune|p1a: Steelix
|
|upkeep
|turn|5
|
|t:|1626054450
|switch|p2a: once upon a time|Milotic, M|100/100
|move|p1a: Steelix|Toxic|p2a: once upon a time
|-status|p2a: once upon a time|tox
|
|-damage|p2a: once upon a time|94/100 tox|[from] psn
|upkeep
|turn|6
|
|t:|1626054456
|switch|p2a: hollow streets|Rotom-Mow|100/100
|switch|p1a: Vaporeon|Vaporeon, M|60/100
|
|upkeep
|turn|7
|
|t:|1626054461
|move|p1a: Vaporeon|Protect|p1a: Vaporeon
|-singleturn|p1a: Vaporeon|Protect
|move|p2a: hollow streets|Trick|p1a: Vaporeon
|-activate|p1a: Vaporeon|move: Protect
|
|upkeep
|turn|8
|
|t:|1626054467
|switch|p2a: left right there|Incineroar, M|59/100
|-ability|p2a: left right there|Intimidate|boost
|-unboost|p1a: Vaporeon|atk|1
|move|p1a: Vaporeon|Flip Turn|p2a: left right there
|-supereffective|p2a: left right there
|-damage|p2a: left right there|42/100
|
|t:|1626054470
|switch|p1a: Obstagoon|Obstagoon, M|100/100|[from]move: Flip Turn
|
|-status|p1a: Obstagoon|brn|[from] item: Flame Orb
|upkeep
|turn|9
|
|t:|1626054474
|switch|p2a: somebody to love|Steelix, M|100/100
|move|p1a: Obstagoon|Close Combat|p2a: somebody to love
|-supereffective|p2a: somebody to love
|-damage|p2a: somebody to love|46/100
|-unboost|p1a: Obstagoon|def|1
|-unboost|p1a: Obstagoon|spd|1
|
|-heal|p2a: somebody to love|52/100|[from] item: Leftovers
|-damage|p1a: Obstagoon|94/100 brn|[from] brn
|upkeep
|turn|10
|
|t:|1626054482
|switch|p1a: Steelix|Steelix, M|100/100
|switch|p2a: bite the dust|Togekiss, M|100/100
|
|upkeep
|turn|11
|
|t:|1626054486
|move|p2a: bite the dust|Aura Sphere|p1a: Steelix
|-supereffective|p1a: Steelix
|-damage|p1a: Steelix|63/100
|move|p1a: Steelix|Stealth Rock|p2a: bite the dust
|-sidestart|p2: zS|move: Stealth Rock
|
|-heal|p1a: Steelix|69/100|[from] item: Leftovers
|upkeep
|turn|12
|c|+Oathkeepre|still love Goon
|
|t:|1626054489
|move|p2a: bite the dust|Aura Sphere|p1a: Steelix
|-supereffective|p1a: Steelix
|-damage|p1a: Steelix|33/100
|move|p1a: Steelix|Heavy Slam|p2a: bite the dust
|-supereffective|p2a: bite the dust
|-damage|p2a: bite the dust|44/100
|
|-heal|p1a: Steelix|39/100|[from] item: Leftovers
|upkeep
|turn|13
|
|t:|1626054495
|switch|p1a: Chandelure|Chandelure, M|100/100
|move|p2a: bite the dust|Aura Sphere|p1a: Chandelure
|-immune|p1a: Chandelure
|
|upkeep
|turn|14
|
|t:|1626054506
|switch|p2a: left right there|Incineroar, M|42/100
|-ability|p2a: left right there|Intimidate|boost
|-unboost|p1a: Chandelure|atk|1
|move|p1a: Chandelure|Flamethrower|p2a: left right there
|-resisted|p2a: left right there
|-damage|p2a: left right there|23/100
|
|upkeep
|turn|15
|
|t:|1626054515
|switch|p1a: Vaporeon|Vaporeon, M|60/100
|move|p2a: left right there|U-turn|p1a: Vaporeon
|-damage|p1a: Vaporeon|48/100
|
|t:|1626054519
|switch|p2a: hollow streets|Rotom-Mow|100/100|[from]move: U-turn
|-damage|p2a: hollow streets|88/100|[from] Stealth Rock
|
|upkeep
|turn|16
|
|t:|1626054526
|move|p1a: Vaporeon|Protect|p1a: Vaporeon
|-singleturn|p1a: Vaporeon|Protect
|move|p2a: hollow streets|Leaf Storm|p1a: Vaporeon
|-activate|p1a: Vaporeon|move: Protect
|
|upkeep
|turn|17
|
|t:|1626054533
|switch|p2a: bite the dust|Togekiss, M|44/100
|switch|p1a: Reuniclus|Reuniclus, F|100/100
|
|upkeep
|turn|18
|
|t:|1626054537
|move|p2a: bite the dust|Roost|p2a: bite the dust
|-heal|p2a: bite the dust|94/100
|-singleturn|p2a: bite the dust|move: Roost
|move|p1a: Reuniclus|Future Sight|p2a: bite the dust
|-start|p1a: Reuniclus|move: Future Sight
|
|upkeep
|turn|19
|
|t:|1626054546
|move|p2a: bite the dust|Air Slash|p1a: Reuniclus
|-damage|p1a: Reuniclus|86/100
|move|p1a: Reuniclus|Knock Off|p2a: bite the dust
|-resisted|p2a: bite the dust
|-damage|p2a: bite the dust|88/100
|-enditem|p2a: bite the dust|Heavy-Duty Boots|[from] move: Knock Off|[of] p1a: Reuniclus
|
|upkeep
|turn|20
|
|t:|1626054555
|switch|p1a: Chandelure|Chandelure, M|100/100
|move|p2a: bite the dust|Defog|p1a: Chandelure
|-unboost|p1a: Chandelure|evasion|1
|-sideend|p2: zS|Stealth Rock|[from] move: Defog|[of] p2a: bite the dust
|
|-end|p2a: bite the dust|move: Future Sight
|-damage|p2a: bite the dust|45/100
|upkeep
|turn|21
|
|t:|1626054565
|switch|p2a: once upon a time|Milotic, M|94/100 tox
|move|p1a: Chandelure|Shadow Ball|p2a: once upon a time
|-damage|p2a: once upon a time|61/100 tox
|-unboost|p2a: once upon a time|spd|1
|
|-damage|p2a: once upon a time|55/100 tox|[from] psn
|upkeep
|turn|22
|
|t:|1626054571
|switch|p1a: Vaporeon|Vaporeon, M|48/100
|move|p2a: once upon a time|Flip Turn|p1a: Vaporeon
|-heal|p1a: Vaporeon|73/100|[from] ability: Water Absorb|[of] p2a: once upon a time
|
|-damage|p2a: once upon a time|43/100 tox|[from] psn
|upkeep
|turn|23
|
|t:|1626054575
|move|p2a: once upon a time|Recover|p2a: once upon a time
|-heal|p2a: once upon a time|93/100 tox
|move|p1a: Vaporeon|Wish|p1a: Vaporeon
|
|-damage|p2a: once upon a time|74/100 tox|[from] psn
|upkeep
|turn|24
|
|t:|1626054581
|switch|p2a: hollow streets|Rotom-Mow|88/100
|move|p1a: Vaporeon|Flip Turn|p2a: hollow streets
|-resisted|p2a: hollow streets
|-damage|p2a: hollow streets|78/100
|
|t:|1626054584
|switch|p1a: Steelix|Steelix, M|39/100|[from]move: Flip Turn
|
|-heal|p1a: Steelix|100/100|[from] move: Wish|[wisher] Vaporeon
|upkeep
|turn|25
|
|t:|1626054588
|move|p2a: hollow streets|Volt Switch|p1a: Steelix
|-immune|p1a: Steelix
|move|p1a: Steelix|Stealth Rock|p2a: hollow streets
|-sidestart|p2: zS|move: Stealth Rock
|
|upkeep
|turn|26
|
|t:|1626054592
|switch|p2a: once upon a time|Milotic, M|74/100 tox
|switch|p1a: Reuniclus|Reuniclus, F|100/100
|
|-damage|p2a: once upon a time|68/100 tox|[from] psn
|upkeep
|turn|27
|
|t:|1626054597
|switch|p1a: Vaporeon|Vaporeon, M|73/100
|move|p2a: once upon a time|Flip Turn|p1a: Vaporeon
|-heal|p1a: Vaporeon|97/100|[from] ability: Water Absorb|[of] p2a: once upon a time
|
|-damage|p2a: once upon a time|56/100 tox|[from] psn
|upkeep
|turn|28
|
|t:|1626054604
|switch|p1a: Reuniclus|Reuniclus, F|100/100
|move|p2a: once upon a time|Recover|p2a: once upon a time
|-heal|p2a: once upon a time|100/100 tox
|
|-damage|p2a: once upon a time|82/100 tox|[from] psn
|upkeep
|turn|29
|
|t:|1626054608
|move|p2a: once upon a time|Flip Turn|p1a: Reuniclus
|-damage|p1a: Reuniclus|87/100
|
|t:|1626054610
|switch|p2a: left right there|Incineroar, M|23/100|[from]move: Flip Turn
|-ability|p2a: left right there|Intimidate|boost
|-unboost|p1a: Reuniclus|atk|1
|move|p1a: Reuniclus|Future Sight|p2a: left right there
|-start|p1a: Reuniclus|move: Future Sight
|
|upkeep
|turn|30
|
|t:|1626054617
|switch|p1a: Crobat|Crobat, M|100/100
|move|p2a: left right there|Toxic|p1a: Crobat
|-immune|p1a: Crobat
|
|upkeep
|turn|31
|
|t:|1626054621
|switch|p2a: somebody to love|Steelix, M|52/100
|-damage|p2a: somebody to love|49/100|[from] Stealth Rock
|move|p1a: Crobat|Brave Bird|p2a: somebody to love
|-resisted|p2a: somebody to love
|-damage|p2a: somebody to love|40/100
|-damage|p1a: Crobat|98/100|[from] Recoil
|
|-end|p2a: somebody to love|move: Future Sight
|-resisted|p2a: somebody to love
|-damage|p2a: somebody to love|12/100
|-heal|p2a: somebody to love|19/100|[from] item: Leftovers
|upkeep
|turn|32
|
|t:|1626054629
|move|p1a: Crobat|U-turn|p2a: somebody to love
|-resisted|p2a: somebody to love
|-damage|p2a: somebody to love|15/100
|
|t:|1626054632
|switch|p1a: Vaporeon|Vaporeon, M|97/100|[from]move: U-turn
|move|p2a: somebody to love|Toxic|p1a: Vaporeon
|-status|p1a: Vaporeon|tox
|
|-heal|p2a: somebody to love|21/100|[from] item: Leftovers
|-damage|p1a: Vaporeon|91/100 tox|[from] psn
|upkeep
|turn|33
|
|t:|1626054637
|switch|p2a: once upon a time|Milotic, M|82/100 tox
|move|p1a: Vaporeon|Flip Turn|p2a: once upon a time
|-resisted|p2a: once upon a time
|-damage|p2a: once upon a time|79/100 tox
|
|t:|1626054643
|switch|p1a: Chandelure|Chandelure, M|100/100|[from]move: Flip Turn
|
|-damage|p2a: once upon a time|73/100 tox|[from] psn
|upkeep
|turn|34
|
|t:|1626054648
|switch|p1a: Vaporeon|Vaporeon, M|91/100 tox
|switch|p2a: hollow streets|Rotom-Mow|78/100
|-damage|p2a: hollow streets|66/100|[from] Stealth Rock
|
|-damage|p1a: Vaporeon|85/100 tox|[from] psn
|upkeep
|turn|35
|
|t:|1626054655
|switch|p1a: Reuniclus|Reuniclus, F|100/100
|move|p2a: hollow streets|Defog|p1a: Reuniclus
|-unboost|p1a: Reuniclus|evasion|1
|-sideend|p2: zS|Stealth Rock|[from] move: Defog|[of] p2a: hollow streets
|
|upkeep
|turn|36
|
|t:|1626054661
|switch|p2a: bite the dust|Togekiss, M|45/100
|move|p1a: Reuniclus|Focus Blast|p2a: bite the dust
|-resisted|p2a: bite the dust
|-damage|p2a: bite the dust|37/100
|
|upkeep
|turn|37
|
|t:|1626054665
|switch|p1a: Steelix|Steelix, M|100/100
|move|p2a: bite the dust|Roost|p2a: bite the dust
|-heal|p2a: bite the dust|87/100
|-singleturn|p2a: bite the dust|move: Roost
|
|upkeep
|turn|38
|
|t:|1626054668
|move|p2a: bite the dust|Aura Sphere|p1a: Steelix
|-supereffective|p1a: Steelix
|-damage|p1a: Steelix|61/100
|move|p1a: Steelix|Stealth Rock|p2a: bite the dust
|-sidestart|p2: zS|move: Stealth Rock
|
|-heal|p1a: Steelix|68/100|[from] item: Leftovers
|upkeep
|turn|39
|
|t:|1626054671
|move|p2a: bite the dust|Aura Sphere|p1a: Steelix
|-supereffective|p1a: Steelix
|-damage|p1a: Steelix|27/100
|move|p1a: Steelix|Heavy Slam|p2a: bite the dust
|-supereffective|p2a: bite the dust
|-damage|p2a: bite the dust|36/100
|
|-heal|p1a: Steelix|33/100|[from] item: Leftovers
|upkeep
|turn|40
|
|t:|1626054677
|switch|p1a: Chandelure|Chandelure, M|100/100
|move|p2a: bite the dust|Roost|p2a: bite the dust
|-heal|p2a: bite the dust|86/100
|-singleturn|p2a: bite the dust|move: Roost
|
|upkeep
|turn|41
|
|t:|1626054680
|move|p1a: Chandelure|Trick|p2a: bite the dust
|-activate|p1a: Chandelure|move: Trick|[of] p2a: bite the dust
|-item|p2a: bite the dust|Choice Scarf|[from] move: Trick
|-enditem|p1a: Chandelure|Choice Scarf|[silent]|[from] move: Trick
|move|p2a: bite the dust|Defog|p1a: Chandelure
|-unboost|p1a: Chandelure|evasion|1
|-sideend|p2: zS|Stealth Rock|[from] move: Defog|[of] p2a: bite the dust
|
|upkeep
|turn|42
|
|t:|1626054687
|switch|p2a: left right there|Incineroar, M|23/100
|-ability|p2a: left right there|Intimidate|boost
|-unboost|p1a: Chandelure|atk|1
|switch|p1a: Steelix|Steelix, M|33/100
|
|-heal|p1a: Steelix|39/100|[from] item: Leftovers
|upkeep
|turn|43
|
|t:|1626054694
|switch|p1a: Crobat|Crobat, M|98/100
|move|p2a: left right there|Overheat|p1a: Crobat
|-damage|p1a: Crobat|52/100
|-unboost|p2a: left right there|spa|2
|
|upkeep
|turn|44
|
|t:|1626054699
|move|p1a: Crobat|U-turn|p2a: left right there
|-damage|p2a: left right there|9/100
|
|t:|1626054705
|switch|p1a: Vaporeon|Vaporeon, M|85/100 tox|[from]move: U-turn
|move|p2a: left right there|U-turn|p1a: Vaporeon
|-damage|p1a: Vaporeon|72/100 tox
|
|t:|1626054709
|switch|p2a: hollow streets|Rotom-Mow|66/100|[from]move: U-turn
|
|-damage|p1a: Vaporeon|66/100 tox|[from] psn
|upkeep
|turn|45
|
|t:|1626054713
|switch|p1a: Reuniclus|Reuniclus, F|100/100
|move|p2a: hollow streets|Volt Switch|p1a: Reuniclus
|-damage|p1a: Reuniclus|86/100
|
|t:|1626054716
|switch|p2a: rise up|Ninjask, M|100/100|[from]move: Volt Switch
|
|upkeep
|turn|46
|
|t:|1626054724
|switch|p1a: Steelix|Steelix, M|39/100
|move|p2a: rise up|U-turn|p1a: Steelix
|-resisted|p1a: Steelix
|-damage|p1a: Steelix|31/100
|
|t:|1626054727
|switch|p2a: bite the dust|Togekiss, M|86/100|[from]move: U-turn
|
|-heal|p1a: Steelix|37/100|[from] item: Leftovers
|upkeep
|turn|47
|
|t:|1626054734
|switch|p1a: Reuniclus|Reuniclus, F|100/100
|move|p2a: bite the dust|Air Slash|p1a: Reuniclus
|-damage|p1a: Reuniclus|87/100
|
|upkeep
|turn|48
|
|t:|1626054741
|move|p2a: bite the dust|Air Slash|p1a: Reuniclus
|-damage|p1a: Reuniclus|73/100
|cant|p1a: Reuniclus|flinch
|
|upkeep
|turn|49
|
|t:|1626054744
|move|p2a: bite the dust|Air Slash|p1a: Reuniclus
|-damage|p1a: Reuniclus|58/100
|cant|p1a: Reuniclus|flinch
|
|upkeep
|turn|50
|
|t:|1626054748
|move|p2a: bite the dust|Air Slash|p1a: Reuniclus
|-damage|p1a: Reuniclus|45/100
|move|p1a: Reuniclus|Future Sight|p2a: bite the dust
|-start|p1a: Reuniclus|move: Future Sight
|
|upkeep
|turn|51
|
|t:|1626054751
|switch|p1a: Steelix|Steelix, M|37/100
|move|p2a: bite the dust|Air Slash|p1a: Steelix
|-resisted|p1a: Steelix
|-damage|p1a: Steelix|23/100
|
|-heal|p1a: Steelix|29/100|[from] item: Leftovers
|upkeep
|turn|52
|
|t:|1626054756
|move|p2a: bite the dust|Air Slash|p1a: Steelix
|-resisted|p1a: Steelix
|-damage|p1a: Steelix|16/100
|cant|p1a: Steelix|flinch
|
|-end|p2a: bite the dust|move: Future Sight
|-damage|p2a: bite the dust|40/100
|-heal|p1a: Steelix|22/100|[from] item: Leftovers
|upkeep
|turn|53
|
|t:|1626054760
|move|p2a: bite the dust|Air Slash|p1a: Steelix
|-resisted|p1a: Steelix
|-damage|p1a: Steelix|8/100
|move|p1a: Steelix|Heavy Slam|p2a: bite the dust
|-supereffective|p2a: bite the dust
|-damage|p2a: bite the dust|0 fnt
|faint|p2a: bite the dust
|
|-heal|p1a: Steelix|14/100|[from] item: Leftovers
|upkeep
|
|t:|1626054770
|switch|p2a: hollow streets|Rotom-Mow|66/100
|turn|54
|
|t:|1626054775
|switch|p1a: Reuniclus|Reuniclus, F|78/100
|move|p2a: hollow streets|Trick|p1a: Reuniclus
|-activate|p2a: hollow streets|move: Trick|[of] p1a: Reuniclus
|-item|p1a: Reuniclus|Choice Scarf|[from] move: Trick
|-item|p2a: hollow streets|Assault Vest|[from] move: Trick
|
|upkeep
|turn|55
|
|t:|1626054781
|move|p2a: hollow streets|Leaf Storm|p1a: Reuniclus
|-damage|p1a: Reuniclus|38/100
|-unboost|p2a: hollow streets|spa|2
|move|p1a: Reuniclus|Shadow Ball|p2a: hollow streets
|-damage|p2a: hollow streets|44/100
|
|upkeep
|turn|56
|
|t:|1626054785
|switch|p1a: Steelix|Steelix, M|14/100
|move|p2a: hollow streets|Volt Switch|p1a: Steelix
|-immune|p1a: Steelix
|
|-heal|p1a: Steelix|21/100|[from] item: Leftovers
|upkeep
|turn|57
|
|t:|1626054788
|switch|p1a: Reuniclus|Reuniclus, F|71/100
|move|p2a: hollow streets|Volt Switch|p1a: Reuniclus
|-damage|p1a: Reuniclus|59/100
|
|t:|1626054790
|switch|p2a: rise up|Ninjask, M|100/100|[from]move: Volt Switch
|
|upkeep
|turn|58
|
|t:|1626054795
|switch|p1a: Chandelure|Chandelure, M|100/100
|move|p2a: rise up|Acrobatics|p1a: Chandelure
|-damage|p1a: Chandelure|31/100
|
|-ability|p2a: rise up|Speed Boost|boost
|-boost|p2a: rise up|spe|1
|upkeep
|turn|59
|
|t:|1626054800
|move|p2a: rise up|Acrobatics|p1a: Chandelure
|-damage|p1a: Chandelure|0 fnt
|faint|p1a: Chandelure
|
|-ability|p2a: rise up|Speed Boost|boost
|-boost|p2a: rise up|spe|1
|upkeep
|
|t:|1626054801
|switch|p1a: Crobat|Crobat, M|52/100
|turn|60
|
|t:|1626054817
|move|p2a: rise up|Acrobatics|p1a: Crobat
|-damage|p1a: Crobat|0 fnt
|faint|p1a: Crobat
|
|-ability|p2a: rise up|Speed Boost|boost
|-boost|p2a: rise up|spe|1
|upkeep
|
|t:|1626054824
|switch|p1a: Steelix|Steelix, M|21/100
|turn|61
|
|t:|1626054829
|move|p2a: rise up|U-turn|p1a: Steelix
|-resisted|p1a: Steelix
|-damage|p1a: Steelix|12/100
|
|t:|1626054832
|switch|p2a: hollow streets|Rotom-Mow|44/100|[from]move: U-turn
|move|p1a: Steelix|Stealth Rock|p2a: hollow streets
|-sidestart|p2: zS|move: Stealth Rock
|
|-heal|p1a: Steelix|18/100|[from] item: Leftovers
|upkeep
|turn|62
|
|t:|1626054836
|switch|p1a: Reuniclus|Reuniclus, F|92/100
|move|p2a: hollow streets|Leaf Storm|p1a: Reuniclus
|-damage|p1a: Reuniclus|47/100
|-unboost|p2a: hollow streets|spa|2
|
|upkeep
|turn|63
|
|t:|1626054840
|move|p2a: hollow streets|Leaf Storm|p1a: Reuniclus
|-damage|p1a: Reuniclus|26/100
|-unboost|p2a: hollow streets|spa|2
|move|p1a: Reuniclus|Future Sight|p2a: hollow streets
|-start|p1a: Reuniclus|move: Future Sight
|
|upkeep
|turn|64
|
|t:|1626054856
|switch|p1a: Steelix|Steelix, M|18/100
|move|p2a: hollow streets|Leaf Storm|p1a: Steelix
|-damage|p1a: Steelix|0 fnt
|-unboost|p2a: hollow streets|spa|2
|faint|p1a: Steelix
|
|upkeep
|
|t:|1626054861
|switch|p1a: Obstagoon|Obstagoon, M|94/100 brn
|turn|65
|
|t:|1626054865
|switch|p2a: somebody to love|Steelix, M|21/100
|-damage|p2a: somebody to love|18/100|[from] Stealth Rock
|move|p1a: Obstagoon|Facade|p2a: somebody to love
|-resisted|p2a: somebody to love
|-damage|p2a: somebody to love|0 fnt
|faint|p2a: somebody to love
|
|-hint|Future Sight did not hit because the target is fainted.
|-damage|p1a: Obstagoon|88/100 brn|[from] brn
|upkeep
|
|t:|1626054870
|switch|p2a: once upon a time|Milotic, M|73/100 tox
|turn|66
|
|t:|1626054875
|switch|p1a: Vaporeon|Vaporeon, M|66/100 tox
|switch|p2a: hollow streets|Rotom-Mow|44/100
|-damage|p2a: hollow streets|32/100|[from] Stealth Rock
|
|-damage|p1a: Vaporeon|60/100 tox|[from] psn
|upkeep
|turn|67
|
|t:|1626054879
|switch|p1a: Reuniclus|Reuniclus, F|60/100
|move|p2a: hollow streets|Leaf Storm|p1a: Reuniclus|[miss]
|-miss|p2a: hollow streets|p1a: Reuniclus
|
|upkeep
|turn|68
|l|☆zS
|inactive|zS disconnected and has a minute to reconnect!
|player|p2|
|inactive|zS has 30 seconds to reconnect!
|inactive|zS has 20 seconds to reconnect!
|inactive|zS has 15 seconds to reconnect!
|inactive|zS has 10 seconds to reconnect!
|inactive|zS has 5 seconds to reconnect!
|c|+Oathkeepre|welp
|-message|zS lost due to inactivity.
|
|win|RULT50A hjkhj
|n|☆RULT50A hjkhj|rult50ahjkhj
|n| yourwelcomethank|yourwelcomethank
|n| Kableye|kableye
|n|+Oathkeepre|oathkeepre
