|j|☆literallyfreemoney
|j|☆discardedcash
|t:|1629339550
|gametype|singles
|player|p1|literallyfreemoney|17|1310
|player|p2|discardedcash|jasmine|1382
|teamsize|p1|6
|teamsize|p2|6
|gen|8
|tier|[Gen 8] RU
|rated|
|rule|Sleep Clause Mod: Limit one foe put to sleep
|rule|Species Clause: Limit one of each Pokémon
|rule|OHKO Clause: OHKO moves are banned
|rule|Evasion Moves Clause: Evasion moves are banned
|rule|Endless Battle Clause: Forcing endless battles is banned
|rule|HP Percentage Mod: HP is shown in percentages
|rule|Dynamax Clause: You cannot dynamax
|clearpoke
|poke|p1|Flygon, M|
|poke|p1|Togekiss, F|
|poke|p1|Haunter, F|
|poke|p1|Pikachu, F|
|poke|p1|Stakataka|
|poke|p1|Lurantis, F|
|poke|p2|Blastoise, M|
|poke|p2|Snorlax, M|
|poke|p2|Volcanion|
|poke|p2|Steelix, M|
|poke|p2|Togekiss, M|
|poke|p2|Rotom-Mow|
|teampreview
|
|t:|1629339571
|start
|switch|p1a: It is time|Pikachu, F|100/100
|switch|p2a: Steelix|Steelix, M|100/100
|turn|1
|
|t:|1629339581
|switch|p1a: PU Black Magics|Lurantis, F|100/100
|move|p2a: Steelix|Earthquake|p1a: PU Black Magics
|-resisted|p1a: PU Black Magics
|-damage|p1a: PU Black Magics|73/100
|
|-heal|p1a: PU Black Magics|79/100|[from] item: Leftovers
|upkeep
|turn|2
|
|t:|1629339588
|switch|p2a: Rotom|Rotom-Mow|100/100
|move|p1a: PU Black Magics|Knock Off|p2a: Rotom
|-damage|p2a: Rotom|72/100
|-enditem|p2a: Rotom|Choice Scarf|[from] move: Knock Off|[of] p1a: PU Black Magics
|
|-heal|p1a: PU Black Magics|85/100|[from] item: Leftovers
|upkeep
|turn|3
|inactive|Battle timer is ON: inactive players will automatically lose when time's up. (requested by discardedcash)
|
|t:|1629339602
|switch|p1a: Togekiss|Togekiss, F|100/100
|move|p2a: Rotom|Trick|p1a: Togekiss
|-activate|p2a: Rotom|move: Trick|[of] p1a: Togekiss
|-enditem|p1a: Togekiss|Heavy-Duty Boots|[silent]|[from] move: Trick
|-item|p2a: Rotom|Heavy-Duty Boots|[from] move: Trick
|
|upkeep
|turn|4
|
|t:|1629339615
|switch|p1a: PU Black Magics|Lurantis, F|85/100
|move|p2a: Rotom|Volt Switch|p1a: PU Black Magics
|-resisted|p1a: PU Black Magics
|-damage|p1a: PU Black Magics|70/100
|
|t:|1629339627
|switch|p2a: Togekiss|Togekiss, M|100/100|[from]move: Volt Switch
|
|-heal|p1a: PU Black Magics|76/100|[from] item: Leftovers
|upkeep
|turn|5
|
|t:|1629339630
|switch|p1a: Stakataka|Stakataka|100/100
|move|p2a: Togekiss|Air Slash|p1a: Stakataka
|-resisted|p1a: Stakataka
|-damage|p1a: Stakataka|95/100
|
|-heal|p1a: Stakataka|100/100|[from] item: Leftovers
|upkeep
|turn|6
|
|t:|1629339635
|switch|p2a: Rotom|Rotom-Mow|72/100
|move|p1a: Stakataka|Stealth Rock|p2a: Rotom
|-sidestart|p2: discardedcash|move: Stealth Rock
|
|upkeep
|turn|7
|
|t:|1629339642
|move|p2a: Rotom|Will-O-Wisp|p1a: Stakataka
|-status|p1a: Stakataka|brn
|move|p1a: Stakataka|Stone Edge|p2a: Rotom
|-damage|p2a: Rotom|44/100
|
|-damage|p1a: Stakataka|94/100 brn|[from] brn
|upkeep
|turn|8
|
|t:|1629339651
|switch|p1a: PU Black Magics|Lurantis, F|76/100
|move|p2a: Rotom|Volt Switch|p1a: PU Black Magics
|-resisted|p1a: PU Black Magics
|-damage|p1a: PU Black Magics|62/100
|
|t:|1629339666
|switch|p2a: Volcanion|Volcanion|100/100|[from]move: Volt Switch
|
|-heal|p1a: PU Black Magics|68/100|[from] item: Leftovers
|upkeep
|turn|9
|
|t:|1629339679
|move|p1a: PU Black Magics|Leaf Storm|p2a: Volcanion
|-damage|p2a: Volcanion|65/100
|-boost|p1a: PU Black Magics|spa|2
|move|p2a: Volcanion|Fire Blast|p1a: PU Black Magics
|-supereffective|p1a: PU Black Magics
|-crit|p1a: PU Black Magics
|-damage|p1a: PU Black Magics|0 fnt
|faint|p1a: PU Black Magics
|
|upkeep
|
|t:|1629339686
|switch|p1a: It is time|Pikachu, F|100/100
|turn|10
|
|t:|1629339695
|-singleturn|p1a: It is time|move: Focus Punch
|switch|p2a: Snorlax|Snorlax, M|100/100
|-damage|p2a: Snorlax|88/100|[from] Stealth Rock
|move|p1a: It is time|Focus Punch|p2a: Snorlax
|-supereffective|p2a: Snorlax
|-damage|p2a: Snorlax|0 fnt
|faint|p2a: Snorlax
|
|upkeep
|
|t:|1629339706
|switch|p2a: Steelix|Steelix, M|100/100
|-damage|p2a: Steelix|97/100|[from] Stealth Rock
|turn|11
|
|t:|1629339723
|switch|p1a: Haunter|Haunter, F|100/100
|move|p2a: Steelix|Stealth Rock|p1a: Haunter
|-sidestart|p1: literallyfreemoney|move: Stealth Rock
|
|-heal|p2a: Steelix|100/100|[from] item: Leftovers
|upkeep
|turn|12
|
|t:|1629339727
|move|p1a: Haunter|Shadow Ball|p2a: Steelix
|-damage|p2a: Steelix|48/100
|move|p2a: Steelix|Gyro Ball|p1a: Haunter
|-damage|p1a: Haunter|0 fnt
|faint|p1a: Haunter
|
|-heal|p2a: Steelix|54/100|[from] item: Leftovers
|upkeep
|
|t:|1629339734
|switch|p1a: Just U-turn 5head|Flygon, M|100/100
|-damage|p1a: Just U-turn 5head|95/100|[from] Stealth Rock
|turn|13
|
|t:|1629339741
|switch|p2a: Rotom|Rotom-Mow|44/100
|move|p1a: Just U-turn 5head|U-turn|p2a: Rotom
|-supereffective|p2a: Rotom
|-damage|p2a: Rotom|0 fnt
|faint|p2a: Rotom
|
|t:|1629339750
|switch|p1a: It is time|Pikachu, F|100/100|[from]move: U-turn
|-damage|p1a: It is time|88/100|[from] Stealth Rock
|
|upkeep
|
|t:|1629339755
|switch|p2a: Steelix|Steelix, M|54/100
|-damage|p2a: Steelix|51/100|[from] Stealth Rock
|turn|14
|
|t:|1629339758
|move|p1a: It is time|Surf|p2a: Steelix
|-supereffective|p2a: Steelix
|-damage|p2a: Steelix|0 fnt
|faint|p2a: Steelix
|
|upkeep
|
|t:|1629339767
|switch|p2a: Blastoise|Blastoise, M|100/100
|-damage|p2a: Blastoise|88/100|[from] Stealth Rock
|turn|15
|
|t:|1629339769
|move|p1a: It is time|Volt Tackle|p2a: Blastoise
|-supereffective|p2a: Blastoise
|-damage|p2a: Blastoise|0 fnt
|faint|p2a: Blastoise
|-damage|p1a: It is time|47/100|[from] Recoil
|
|upkeep
|
|t:|1629339777
|switch|p2a: Volcanion|Volcanion|65/100
|turn|16
|
|t:|1629339779
|move|p1a: It is time|Volt Tackle|p2a: Volcanion
|-supereffective|p2a: Volcanion
|-damage|p2a: Volcanion|0 fnt
|faint|p2a: Volcanion
|-damage|p1a: It is time|11/100|[from] Recoil
|
|upkeep
|
|t:|1629339782
|switch|p2a: Togekiss|Togekiss, M|100/100
|-damage|p2a: Togekiss|76/100|[from] Stealth Rock
|turn|17
|
|t:|1629339785
|move|p1a: It is time|Volt Tackle|p2a: Togekiss
|-supereffective|p2a: Togekiss
|-damage|p2a: Togekiss|0 fnt
|faint|p2a: Togekiss
|-damage|p1a: It is time|0 fnt|[from] Recoil
|faint|p1a: It is time
|
|win|literallyfreemoney
|raw|literallyfreemoney's rating: 1310 &rarr; <strong>1334</strong><br />(+24 for winning)
|raw|discardedcash's rating: 1382 &rarr; <strong>1358</strong><br />(-24 for losing)
|l|☆discardedcash
