|j|☆Sub.L_Lime
|j|☆Ill Leave
|t:|1668180832
|gametype|singles
|player|p1|Sub.L_Lime|misty-lgpe|1332
|player|p2|Ill Leave|102|1503
|teamsize|p1|6
|teamsize|p2|6
|gen|8
|tier|[Gen 8] RU
|rated|
|rule|Sleep Clause Mod: Limit one foe put to sleep
|rule|Species Clause: Limit one of each Pokémon
|rule|OHKO Clause: OHKO moves are banned
|rule|Evasion Items Clause: Evasion items are banned
|rule|Evasion Moves Clause: Evasion moves are banned
|rule|Endless Battle Clause: Forcing endless battles is banned
|rule|HP Percentage Mod: HP is shown in percentages
|rule|Dynamax Clause: You cannot dynamax
|clearpoke
|poke|p1|Ferroseed, M|
|poke|p1|Braviary, M|
|poke|p1|Sneasel, M|
|poke|p1|Crobat, M|
|poke|p1|Umbreon, M|
|poke|p1|Suicune|
|poke|p2|Weezing-Galar, M|
|poke|p2|Suicune|
|poke|p2|Metagross|
|poke|p2|Steelix, F|
|poke|p2|Pangoro, M|
|poke|p2|Tentacruel, F|
|teampreview
|inactive|Battle timer is ON: inactive players will automatically lose when time's up. (requested by Sub.L_Lime)
|
|t:|1668180860
|start
|switch|p1a: You Will|Ferroseed, M, shiny|100/100
|switch|p2a: Pangoro|Pangoro, M|100/100
|turn|1
|
|t:|1668180869
|switch|p1a: Do you|Crobat, M, shiny|100/100
|move|p2a: Pangoro|Knock Off|p1a: Do you
|-damage|p1a: Do you|25/100
|-enditem|p1a: Do you|Heavy-Duty Boots|[from] move: Knock Off|[of] p2a: Pangoro
|
|upkeep
|turn|2
|
|t:|1668180878
|switch|p2a: Steelix|Steelix, F|100/100
|move|p1a: Do you|Roost|p1a: Do you
|-heal|p1a: Do you|76/100
|-singleturn|p1a: Do you|move: Roost
|
|upkeep
|turn|3
|
|t:|1668180901
|switch|p1a: You Will|Ferroseed, M, shiny|100/100
|move|p2a: Steelix|Stealth Rock|p1a: You Will
|-sidestart|p1: Sub.L_Lime|move: Stealth Rock
|
|upkeep
|turn|4
|
|t:|1668180907
|switch|p2a: Pangoro|Pangoro, M|100/100
|move|p1a: You Will|Spikes|p2a: Pangoro
|-sidestart|p2: Ill Leave|Spikes
|
|upkeep
|turn|5
|
|t:|1668180914
|switch|p1a: Do you|Crobat, M, shiny|76/100
|-damage|p1a: Do you|51/100|[from] Stealth Rock
|move|p2a: Pangoro|Close Combat|p1a: Do you
|-resisted|p1a: Do you
|-damage|p1a: Do you|29/100
|-unboost|p2a: Pangoro|def|1
|-unboost|p2a: Pangoro|spd|1
|
|upkeep
|turn|6
|
|t:|1668180926
|switch|p2a: Tentacruel|Tentacruel, F|100/100
|-damage|p2a: Tentacruel|88/100|[from] Spikes
|move|p1a: Do you|Roost|p1a: Do you
|-heal|p1a: Do you|79/100
|-singleturn|p1a: Do you|move: Roost
|
|-heal|p2a: Tentacruel|94/100|[from] item: Black Sludge
|upkeep
|turn|7
|
|t:|1668180940
|move|p1a: Do you|Defog|p2a: Tentacruel
|-unboost|p2a: Tentacruel|evasion|1
|-sideend|p2: Ill Leave|Spikes|[from] move: Defog|[of] p1a: Do you
|-sideend|p1: Sub.L_Lime|Stealth Rock|[from] move: Defog|[of] p1a: Do you
|move|p2a: Tentacruel|Scald|p1a: Do you
|-damage|p1a: Do you|49/100
|
|-heal|p2a: Tentacruel|99/100|[from] item: Black Sludge
|upkeep
|turn|8
|
|t:|1668180951
|move|p1a: Do you|Roost|p1a: Do you
|-heal|p1a: Do you|99/100
|-singleturn|p1a: Do you|move: Roost
|move|p2a: Tentacruel|Scald|p1a: Do you
|-damage|p1a: Do you|71/100
|-status|p1a: Do you|brn
|
|-heal|p2a: Tentacruel|100/100|[from] item: Black Sludge
|-damage|p1a: Do you|65/100 brn|[from] brn
|upkeep
|turn|9
|
|t:|1668180966
|switch|p1a: understand me|Umbreon, M, shiny|100/100
|move|p2a: Tentacruel|Scald|p1a: understand me
|-damage|p1a: understand me|89/100
|
|-heal|p1a: understand me|95/100|[from] item: Leftovers
|upkeep
|turn|10
|
|t:|1668180978
|move|p2a: Tentacruel|Sludge Bomb|p1a: understand me
|-damage|p1a: understand me|82/100
|move|p1a: understand me|Heal Bell|p1a: understand me
|-activate|p1a: understand me|move: Heal Bell
|-curestatus|p1: Do you|brn|[msg]
|
|-heal|p1a: understand me|88/100|[from] item: Leftovers
|upkeep
|turn|11
|
|t:|1668180987
|switch|p2a: Pangoro|Pangoro, M|100/100
|move|p1a: understand me|Foul Play|p2a: Pangoro
|-resisted|p2a: Pangoro
|-damage|p2a: Pangoro|85/100
|
|-heal|p1a: understand me|94/100|[from] item: Leftovers
|upkeep
|turn|12
|
|t:|1668180996
|move|p1a: understand me|Protect|p1a: understand me
|-singleturn|p1a: understand me|Protect
|move|p2a: Pangoro|Knock Off|p1a: understand me
|-activate|p1a: understand me|move: Protect
|
|-heal|p1a: understand me|99/100|[from] item: Leftovers
|upkeep
|turn|13
|
|t:|1668181014
|switch|p1a: Do you|Crobat, M, shiny|65/100
|move|p2a: Pangoro|Knock Off|p1a: Do you
|-damage|p1a: Do you|12/100
|
|upkeep
|turn|14
|
|t:|1668181021
|move|p1a: Do you|Roost|p1a: Do you
|-heal|p1a: Do you|62/100
|-singleturn|p1a: Do you|move: Roost
|move|p2a: Pangoro|Knock Off|p1a: Do you
|-damage|p1a: Do you|15/100
|
|upkeep
|turn|15
|
|t:|1668181029
|move|p1a: Do you|Roost|p1a: Do you
|-heal|p1a: Do you|66/100
|-singleturn|p1a: Do you|move: Roost
|move|p2a: Pangoro|Knock Off|p1a: Do you
|-damage|p1a: Do you|16/100
|
|upkeep
|turn|16
|
|t:|1668181037
|switch|p2a: Weezing|Weezing-Galar, M|100/100
|move|p1a: Do you|Roost|p1a: Do you
|-heal|p1a: Do you|66/100
|-singleturn|p1a: Do you|move: Roost
|
|upkeep
|turn|17
|
|t:|1668181051
|switch|p1a: You can|Suicune, shiny|100/100
|-ability|p1a: You can|Pressure
|move|p2a: Weezing|Toxic Spikes|p1a: You can
|-sidestart|p1: Sub.L_Lime|move: Toxic Spikes
|
|upkeep
|turn|18
|
|t:|1668181058
|switch|p2a: Tentacruel|Tentacruel, F|100/100
|move|p1a: You can|Calm Mind|p1a: You can
|-boost|p1a: You can|spa|1
|-boost|p1a: You can|spd|1
|
|upkeep
|turn|19
|
|t:|1668181066
|move|p2a: Tentacruel|Sludge Bomb|p1a: You can
|-damage|p1a: You can|86/100
|-status|p1a: You can|psn
|move|p1a: You can|Calm Mind|p1a: You can
|-boost|p1a: You can|spa|1
|-boost|p1a: You can|spd|1
|
|-heal|p1a: You can|93/100 psn|[from] item: Leftovers
|-damage|p1a: You can|80/100 psn|[from] psn
|upkeep
|turn|20
|
|t:|1668181079
|move|p2a: Tentacruel|Haze|p2a: Tentacruel
|-clearallboost
|move|p1a: You can|Calm Mind|p1a: You can
|-boost|p1a: You can|spa|1
|-boost|p1a: You can|spd|1
|
|-heal|p1a: You can|86/100 psn|[from] item: Leftovers
|-damage|p1a: You can|74/100 psn|[from] psn
|upkeep
|turn|21
|
|t:|1668181093
|move|p2a: Tentacruel|Sludge Bomb|p1a: You can
|-damage|p1a: You can|61/100 psn
|move|p1a: You can|Scald|p2a: Tentacruel
|-resisted|p2a: Tentacruel
|-damage|p2a: Tentacruel|89/100
|-status|p2a: Tentacruel|brn
|
|-heal|p2a: Tentacruel|95/100 brn|[from] item: Black Sludge
|-heal|p1a: You can|68/100 psn|[from] item: Leftovers
|-damage|p1a: You can|55/100 psn|[from] psn
|-damage|p2a: Tentacruel|89/100 brn|[from] brn
|upkeep
|turn|22
|
|t:|1668181107
|move|p2a: Tentacruel|Haze|p2a: Tentacruel
|-clearallboost
|move|p1a: You can|Rest|p1a: You can
|-status|p1a: You can|slp|[from] move: Rest
|-heal|p1a: You can|100/100 slp|[silent]
|
|-heal|p2a: Tentacruel|95/100 brn|[from] item: Black Sludge
|-damage|p2a: Tentacruel|89/100 brn|[from] brn
|upkeep
|turn|23
|
|t:|1668181122
|switch|p2a: Pangoro|Pangoro, M|85/100
|switch|p1a: understand me|Umbreon, M, shiny|99/100
|-status|p1a: understand me|psn
|
|-heal|p1a: understand me|100/100 psn|[from] item: Leftovers
|-damage|p1a: understand me|88/100 psn|[from] psn
|upkeep
|turn|24
|
|t:|1668181133
|switch|p1a: Do you|Crobat, M, shiny|66/100
|move|p2a: Pangoro|Knock Off|p1a: Do you
|-damage|p1a: Do you|15/100
|
|upkeep
|turn|25
|
|t:|1668181150
|move|p1a: Do you|Roost|p1a: Do you
|-heal|p1a: Do you|65/100
|-singleturn|p1a: Do you|move: Roost
|move|p2a: Pangoro|Knock Off|p1a: Do you
|-damage|p1a: Do you|15/100
|
|upkeep
|turn|26
|
|t:|1668181158
|move|p1a: Do you|Brave Bird|p2a: Pangoro
|-supereffective|p2a: Pangoro
|-damage|p2a: Pangoro|0 fnt
|faint|p2a: Pangoro
|-damage|p1a: Do you|0 fnt|[from] Recoil
|faint|p1a: Do you
|
|upkeep
|
|t:|1668181170
|switch|p1a: You Will|Ferroseed, M, shiny|100/100
|switch|p2a: Steelix|Steelix, F|100/100
|turn|27
|
|t:|1668181176
|move|p2a: Steelix|Stealth Rock|p1a: You Will
|-sidestart|p1: Sub.L_Lime|move: Stealth Rock
|move|p1a: You Will|Leech Seed|p2a: Steelix|[miss]
|-miss|p1a: You Will|p2a: Steelix
|
|upkeep
|turn|28
|
|t:|1668181182
|switch|p2a: Tentacruel|Tentacruel, F|89/100 brn
|move|p1a: You Will|Leech Seed|p2a: Tentacruel
|-start|p2a: Tentacruel|move: Leech Seed
|
|-heal|p2a: Tentacruel|95/100 brn|[from] item: Black Sludge
|-damage|p2a: Tentacruel|82/100 brn|[from] Leech Seed|[of] p1a: You Will
|-damage|p1a: You Will|85/100|[from] ability: Liquid Ooze|[of] p2a: Tentacruel
|-damage|p2a: Tentacruel|76/100 brn|[from] brn
|upkeep
|turn|29
|
|t:|1668181196
|switch|p1a: understand me|Umbreon, M, shiny|88/100 psn
|-damage|p1a: understand me|76/100 psn|[from] Stealth Rock
|move|p2a: Tentacruel|Scald|p1a: understand me
|-damage|p1a: understand me|64/100 psn
|
|-heal|p2a: Tentacruel|82/100 brn|[from] item: Black Sludge
|-heal|p1a: understand me|70/100 psn|[from] item: Leftovers
|-damage|p2a: Tentacruel|70/100 brn|[from] Leech Seed|[of] p1a: understand me
|-damage|p1a: understand me|59/100 psn|[from] ability: Liquid Ooze|[of] p2a: Tentacruel
|-damage|p1a: understand me|46/100 psn|[from] psn
|-damage|p2a: Tentacruel|64/100 brn|[from] brn
|upkeep
|turn|30
|
|t:|1668181213
|move|p2a: Tentacruel|Sludge Bomb|p1a: understand me
|-crit|p1a: understand me
|-damage|p1a: understand me|27/100 psn
|move|p1a: understand me|Heal Bell|p1a: understand me
|-activate|p1a: understand me|move: Heal Bell
|-curestatus|p1a: understand me|psn|[msg]
|-curestatus|p1: You can|slp|[msg]
|
|-heal|p2a: Tentacruel|70/100 brn|[from] item: Black Sludge
|-heal|p1a: understand me|33/100|[from] item: Leftovers
|-damage|p2a: Tentacruel|57/100 brn|[from] Leech Seed|[of] p1a: understand me
|-damage|p1a: understand me|22/100|[from] ability: Liquid Ooze|[of] p2a: Tentacruel
|-damage|p2a: Tentacruel|51/100 brn|[from] brn
|upkeep
|turn|31
|
|t:|1668181236
|switch|p1a: You can|Suicune, shiny|100/100
|-status|p1a: You can|psn
|-damage|p1a: You can|88/100 psn|[from] Stealth Rock
|-ability|p1a: You can|Pressure
|move|p2a: Tentacruel|Sludge Bomb|p1a: You can
|-damage|p1a: You can|67/100 psn
|
|-heal|p2a: Tentacruel|57/100 brn|[from] item: Black Sludge
|-heal|p1a: You can|73/100 psn|[from] item: Leftovers
|-damage|p2a: Tentacruel|45/100 brn|[from] Leech Seed|[of] p1a: You can
|-damage|p1a: You can|62/100 psn|[from] ability: Liquid Ooze|[of] p2a: Tentacruel
|-damage|p1a: You can|50/100 psn|[from] psn
|-damage|p2a: Tentacruel|39/100 brn|[from] brn
|upkeep
|turn|32
|inactive|Sub.L_Lime has 120 seconds left.
|
|t:|1668181254
|switch|p2a: Suicune|Suicune|100/100
|-ability|p2a: Suicune|Pressure
|move|p1a: You can|Rest|p1a: You can
|-status|p1a: You can|slp|[from] move: Rest
|-heal|p1a: You can|100/100 slp|[silent]
|
|upkeep
|turn|33
|
|t:|1668181264
|switch|p1a: You Will|Ferroseed, M, shiny|85/100
|-damage|p1a: You Will|79/100|[from] Stealth Rock
|move|p2a: Suicune|Calm Mind|p2a: Suicune
|-boost|p2a: Suicune|spa|1
|-boost|p2a: Suicune|spd|1
|
|upkeep
|turn|34
|
|t:|1668181271
|switch|p2a: Weezing|Weezing-Galar, M|100/100
|move|p1a: You Will|Leech Seed|p2a: Weezing
|-start|p2a: Weezing|move: Leech Seed
|
|-damage|p2a: Weezing|88/100|[from] Leech Seed|[of] p1a: You Will
|-heal|p1a: You Will|93/100|[silent]
|upkeep
|turn|35
|
|t:|1668181280
|move|p1a: You Will|Protect|p1a: You Will
|-singleturn|p1a: You Will|Protect
|move|p2a: Weezing|Flamethrower|p1a: You Will
|-activate|p1a: You Will|move: Protect
|
|-damage|p2a: Weezing|76/100|[from] Leech Seed|[of] p1a: You Will
|-heal|p1a: You Will|100/100|[silent]
|upkeep
|turn|36
|
|t:|1668181289
|move|p2a: Weezing|Toxic Spikes|p1a: You Will
|-sidestart|p1: Sub.L_Lime|move: Toxic Spikes
|move|p1a: You Will|Spikes|p2a: Weezing
|-sidestart|p2: Ill Leave|Spikes
|
|-damage|p2a: Weezing|64/100|[from] Leech Seed|[of] p1a: You Will
|upkeep
|turn|37
|
|t:|1668181298
|switch|p2a: Tentacruel|Tentacruel, F|39/100 brn
|-damage|p2a: Tentacruel|26/100 brn|[from] Spikes
|move|p1a: You Will|Spikes|p2a: Tentacruel
|-sidestart|p2: Ill Leave|Spikes
|
|-heal|p2a: Tentacruel|33/100 brn|[from] item: Black Sludge
|-damage|p2a: Tentacruel|26/100 brn|[from] brn
|upkeep
|turn|38
|
|t:|1668181307
|move|p2a: Tentacruel|Rapid Spin|p1a: You Will
|-resisted|p1a: You Will
|-damage|p1a: You Will|99/100
|-boost|p2a: Tentacruel|spe|1
|-damage|p2a: Tentacruel|14/100 brn|[from] ability: Iron Barbs|[of] p1a: You Will
|-sideend|p2: Ill Leave|Spikes|[from] move: Rapid Spin|[of] p2a: Tentacruel
|move|p1a: You Will|Spikes|p2a: Tentacruel
|-sidestart|p2: Ill Leave|Spikes
|
|-heal|p2a: Tentacruel|20/100 brn|[from] item: Black Sludge
|-damage|p2a: Tentacruel|14/100 brn|[from] brn
|upkeep
|turn|39
|
|t:|1668181319
|move|p2a: Tentacruel|Scald|p1a: You Will
|-resisted|p1a: You Will
|-damage|p1a: You Will|92/100
|-status|p1a: You Will|brn
|move|p1a: You Will|Spikes|p2a: Tentacruel
|-sidestart|p2: Ill Leave|Spikes
|
|-heal|p2a: Tentacruel|20/100 brn|[from] item: Black Sludge
|-damage|p2a: Tentacruel|14/100 brn|[from] brn
|-damage|p1a: You Will|85/100 brn|[from] brn
|upkeep
|turn|40
|
|t:|1668181331
|move|p2a: Tentacruel|Rapid Spin|p1a: You Will
|-resisted|p1a: You Will
|-damage|p1a: You Will|84/100 brn
|-boost|p2a: Tentacruel|spe|1
|-damage|p2a: Tentacruel|2/100 brn|[from] ability: Iron Barbs|[of] p1a: You Will
|-sideend|p2: Ill Leave|Spikes|[from] move: Rapid Spin|[of] p2a: Tentacruel
|move|p1a: You Will|Leech Seed|p2a: Tentacruel
|-start|p2a: Tentacruel|move: Leech Seed
|
|-heal|p2a: Tentacruel|8/100 brn|[from] item: Black Sludge
|-damage|p2a: Tentacruel|0 fnt|[from] Leech Seed|[of] p1a: You Will
|-damage|p1a: You Will|75/100 brn|[from] ability: Liquid Ooze|[of] p2a: Tentacruel
|faint|p2a: Tentacruel
|-damage|p1a: You Will|69/100 brn|[from] brn
|upkeep
|
|t:|1668181353
|switch|p2a: Weezing|Weezing-Galar, M|64/100
|turn|41
|
|t:|1668181364
|switch|p1a: You can|Suicune, shiny|100/100 slp
|-damage|p1a: You can|88/100 slp|[from] Stealth Rock
|-ability|p1a: You can|Pressure
|move|p2a: Weezing|Flamethrower|p1a: You can
|-resisted|p1a: You can
|-damage|p1a: You can|82/100 slp
|
|-heal|p1a: You can|88/100 slp|[from] item: Leftovers
|upkeep
|turn|42
|
|t:|1668181378
|switch|p2a: Suicune|Suicune|100/100
|-ability|p2a: Suicune|Pressure
|cant|p1a: You can|slp
|
|-heal|p1a: You can|94/100 slp|[from] item: Leftovers
|upkeep
|turn|43
|
|t:|1668181388
|switch|p1a: You Will|Ferroseed, M, shiny|69/100 brn
|-damage|p1a: You Will|62/100 brn|[from] Stealth Rock
|move|p2a: Suicune|Calm Mind|p2a: Suicune
|-boost|p2a: Suicune|spa|1
|-boost|p2a: Suicune|spd|1
|
|-damage|p1a: You Will|56/100 brn|[from] brn
|upkeep
|turn|44
|
|t:|1668181398
|switch|p2a: Steelix|Steelix, F|100/100
|move|p1a: You Will|Leech Seed|p2a: Steelix
|-start|p2a: Steelix|move: Leech Seed
|
|-damage|p2a: Steelix|88/100|[from] Leech Seed|[of] p1a: You Will
|-heal|p1a: You Will|71/100 brn|[silent]
|-damage|p1a: You Will|65/100 brn|[from] brn
|upkeep
|turn|45
|
|t:|1668181407
|move|p1a: You Will|Protect|p1a: You Will
|-singleturn|p1a: You Will|Protect
|move|p2a: Steelix|Earthquake|p1a: You Will
|-activate|p1a: You Will|move: Protect
|
|-heal|p2a: Steelix|94/100|[from] item: Leftovers
|-damage|p2a: Steelix|82/100|[from] Leech Seed|[of] p1a: You Will
|-heal|p1a: You Will|80/100 brn|[silent]
|-damage|p1a: You Will|74/100 brn|[from] brn
|upkeep
|turn|46
|
|t:|1668181418
|move|p2a: Steelix|Earthquake|p1a: You Will
|-damage|p1a: You Will|48/100 brn
|move|p1a: You Will|Spikes|p2a: Steelix
|-sidestart|p2: Ill Leave|Spikes
|
|-heal|p2a: Steelix|88/100|[from] item: Leftovers
|-damage|p2a: Steelix|75/100|[from] Leech Seed|[of] p1a: You Will
|-heal|p1a: You Will|63/100 brn|[silent]
|-damage|p1a: You Will|57/100 brn|[from] brn
|upkeep
|turn|47
|
|t:|1668181437
|switch|p2a: Weezing|Weezing-Galar, M|64/100
|move|p1a: You Will|Spikes|p2a: Weezing
|-sidestart|p2: Ill Leave|Spikes
|
|-damage|p1a: You Will|51/100 brn|[from] brn
|upkeep
|turn|48
|
|t:|1668181446
|switch|p1a: You can|Suicune, shiny|94/100 slp
|-damage|p1a: You can|82/100 slp|[from] Stealth Rock
|-ability|p1a: You can|Pressure
|move|p2a: Weezing|Strange Steam|p1a: You can
|-damage|p1a: You can|62/100 slp
|
|-heal|p1a: You can|69/100 slp|[from] item: Leftovers
|upkeep
|turn|49
|
|t:|1668181469
|switch|p2a: Suicune|Suicune|100/100
|-damage|p2a: Suicune|84/100|[from] Spikes
|-ability|p2a: Suicune|Pressure
|cant|p1a: You can|slp
|
|-heal|p2a: Suicune|90/100|[from] item: Leftovers
|-heal|p1a: You can|75/100 slp|[from] item: Leftovers
|upkeep
|turn|50
|
|t:|1668181482
|switch|p1a: You dont|Sneasel, M, shiny|100/100
|-status|p1a: You dont|tox
|-damage|p1a: You dont|76/100 tox|[from] Stealth Rock
|move|p2a: Suicune|Calm Mind|p2a: Suicune
|-boost|p2a: Suicune|spa|1
|-boost|p2a: Suicune|spd|1
|
|-heal|p2a: Suicune|96/100|[from] item: Leftovers
|-damage|p1a: You dont|70/100 tox|[from] psn
|upkeep
|turn|51
|
|t:|1668181494
|move|p1a: You dont|Knock Off|p2a: Suicune
|-damage|p2a: Suicune|62/100
|-enditem|p2a: Suicune|Leftovers|[from] move: Knock Off|[of] p1a: You dont
|move|p2a: Suicune|Scald|p1a: You dont
|-damage|p1a: You dont|2/100 tox
|
|-damage|p1a: You dont|0 fnt|[from] psn
|faint|p1a: You dont
|upkeep
|
|t:|1668181506
|switch|p1a: You Will|Ferroseed, M, shiny|51/100 brn
|-damage|p1a: You Will|45/100 brn|[from] Stealth Rock
|turn|52
|
|t:|1668181512
|switch|p2a: Steelix|Steelix, F|75/100
|-damage|p2a: Steelix|59/100|[from] Spikes
|move|p1a: You Will|Leech Seed|p2a: Steelix
|-start|p2a: Steelix|move: Leech Seed
|
|-heal|p2a: Steelix|65/100|[from] item: Leftovers
|-damage|p2a: Steelix|53/100|[from] Leech Seed|[of] p1a: You Will
|-heal|p1a: You Will|60/100 brn|[silent]
|-damage|p1a: You Will|54/100 brn|[from] brn
|upkeep
|turn|53
|
|t:|1668181523
|switch|p2a: Weezing|Weezing-Galar, M|64/100
|move|p1a: You Will|Protect||[still]
|-fail|p1a: You Will
|
|-damage|p1a: You Will|47/100 brn|[from] brn
|upkeep
|turn|54
|
|t:|1668181538
|switch|p1a: You can|Suicune, shiny|75/100 slp
|-damage|p1a: You can|62/100 slp|[from] Stealth Rock
|-ability|p1a: You can|Pressure
|move|p2a: Weezing|Flamethrower|p1a: You can
|-resisted|p1a: You can
|-damage|p1a: You can|55/100 slp
|
|-heal|p1a: You can|61/100 slp|[from] item: Leftovers
|upkeep
|turn|55
|
|t:|1668181551
|switch|p2a: Suicune|Suicune|62/100
|-damage|p2a: Suicune|46/100|[from] Spikes
|-ability|p2a: Suicune|Pressure
|-curestatus|p1a: You can|slp|[msg]
|move|p1a: You can|Scald|p2a: Suicune
|-resisted|p2a: Suicune
|-damage|p2a: Suicune|36/100
|-status|p2a: Suicune|brn
|
|-heal|p1a: You can|68/100|[from] item: Leftovers
|-damage|p2a: Suicune|29/100 brn|[from] brn
|upkeep
|turn|56
|
|t:|1668181566
|switch|p1a: You can't|Braviary, M, shiny|100/100
|move|p2a: Suicune|Calm Mind|p2a: Suicune
|-boost|p2a: Suicune|spa|1
|-boost|p2a: Suicune|spd|1
|
|-damage|p2a: Suicune|23/100 brn|[from] brn
|upkeep
|turn|57
|
|t:|1668181575
|switch|p2a: Weezing|Weezing-Galar, M|64/100
|move|p1a: You can't|Brave Bird|p2a: Weezing
|-damage|p2a: Weezing|24/100
|-damage|p1a: You can't|84/100|[from] item: Rocky Helmet|[of] p2a: Weezing
|-damage|p1a: You can't|73/100|[from] Recoil
|
|upkeep
|turn|58
|
|t:|1668181585
|switch|p2a: Steelix|Steelix, F|53/100
|-damage|p2a: Steelix|36/100|[from] Spikes
|move|p1a: You can't|Brave Bird|p2a: Steelix
|-resisted|p2a: Steelix
|-damage|p2a: Steelix|20/100
|-damage|p1a: You can't|68/100|[from] Recoil
|
|-heal|p2a: Steelix|26/100|[from] item: Leftovers
|upkeep
|turn|59
|
|t:|1668181596
|move|p1a: You can't|Close Combat|p2a: Steelix
|-supereffective|p2a: Steelix
|-damage|p2a: Steelix|0 fnt
|-unboost|p1a: You can't|def|1
|-unboost|p1a: You can't|spd|1
|faint|p2a: Steelix
|
|upkeep
|
|t:|1668181600
|switch|p2a: Metagross|Metagross|100/100
|-damage|p2a: Metagross|84/100|[from] Spikes
|turn|60
|
|t:|1668181615
|switch|p1a: You can|Suicune, shiny|68/100
|-status|p1a: You can|tox
|-damage|p1a: You can|55/100 tox|[from] Stealth Rock
|-ability|p1a: You can|Pressure
|move|p2a: Metagross|Meteor Mash|p1a: You can
|-resisted|p1a: You can
|-damage|p1a: You can|43/100 tox
|
|-heal|p1a: You can|49/100 tox|[from] item: Leftovers
|-damage|p1a: You can|43/100 tox|[from] psn
|upkeep
|turn|61
|
|t:|1668181629
|move|p2a: Metagross|Zen Headbutt|p1a: You can
|-damage|p1a: You can|17/100 tox
|move|p1a: You can|Rest|p1a: You can
|-status|p1a: You can|slp|[from] move: Rest
|-heal|p1a: You can|100/100 slp|[silent]
|
|upkeep
|turn|62
|
|t:|1668181638
|switch|p2a: Suicune|Suicune|23/100 brn
|-damage|p2a: Suicune|7/100 brn|[from] Spikes
|-ability|p2a: Suicune|Pressure
|switch|p1a: You can't|Braviary, M, shiny|68/100
|
|-damage|p2a: Suicune|0 fnt|[from] brn
|faint|p2a: Suicune
|upkeep
|
|t:|1668181643
|switch|p2a: Metagross|Metagross|84/100
|-damage|p2a: Metagross|67/100|[from] Spikes
|turn|63
|
|t:|1668181655
|switch|p1a: You can|Suicune, shiny|100/100 slp
|-damage|p1a: You can|88/100 slp|[from] Stealth Rock
|-ability|p1a: You can|Pressure
|move|p2a: Metagross|Meteor Mash|p1a: You can
|-resisted|p1a: You can
|-damage|p1a: You can|75/100 slp
|
|-heal|p1a: You can|82/100 slp|[from] item: Leftovers
|upkeep
|turn|64
|
|t:|1668181667
|move|p2a: Metagross|Meteor Mash|p1a: You can|[miss]
|-miss|p2a: Metagross|p1a: You can
|cant|p1a: You can|slp
|
|-heal|p1a: You can|88/100 slp|[from] item: Leftovers
|upkeep
|turn|65
|
|t:|1668181675
|move|p2a: Metagross|Meteor Mash|p1a: You can
|-resisted|p1a: You can
|-damage|p1a: You can|75/100 slp
|cant|p1a: You can|slp
|
|-heal|p1a: You can|82/100 slp|[from] item: Leftovers
|upkeep
|turn|66
|
|t:|1668181684
|move|p2a: Metagross|Zen Headbutt|p1a: You can|[miss]
|-miss|p2a: Metagross|p1a: You can
|-curestatus|p1a: You can|slp|[msg]
|move|p1a: You can|Calm Mind|p1a: You can
|-boost|p1a: You can|spa|1
|-boost|p1a: You can|spd|1
|
|-heal|p1a: You can|88/100|[from] item: Leftovers
|upkeep
|turn|67
|
|t:|1668181696
|move|p2a: Metagross|Zen Headbutt|p1a: You can
|-damage|p1a: You can|64/100
|move|p1a: You can|Scald|p2a: Metagross
|-damage|p2a: Metagross|16/100
|
|-heal|p1a: You can|70/100|[from] item: Leftovers
|upkeep
|turn|68
|
|t:|1668181705
|move|p2a: Metagross|Zen Headbutt|p1a: You can
|-damage|p1a: You can|48/100
|cant|p1a: You can|flinch
|
|-heal|p1a: You can|54/100|[from] item: Leftovers
|upkeep
|turn|69
|
|t:|1668181713
|move|p2a: Metagross|Zen Headbutt|p1a: You can
|-damage|p1a: You can|32/100
|move|p1a: You can|Scald|p2a: Metagross
|-damage|p2a: Metagross|0 fnt
|faint|p2a: Metagross
|
|-heal|p1a: You can|38/100|[from] item: Leftovers
|upkeep
|
|t:|1668181718
|switch|p2a: Weezing|Weezing-Galar, M|24/100
|turn|70
|c|☆Sub.L_Lime|ggwp
|-message|Ill Leave forfeited.
|
|win|Sub.L_Lime
|raw|Sub.L_Lime's rating: 1332 &rarr; <strong>1361</strong><br />(+29 for winning)
|raw|Ill Leave's rating: 1503 &rarr; <strong>1474</strong><br />(-29 for losing)
|l|☆Ill Leave
||Ladder isn't responding, score probably updated but might not have (Request timeout).
