|j|☆Nemris
|j|☆NebbyGetOutTheBag
|player|p1|Nemris|265|1331
|player|p2|NebbyGetOutTheBag|96|1272
|teamsize|p1|6
|teamsize|p2|6
|gametype|singles
|gen|8
|tier|[Gen 8] RU
|rated|
|clearpoke
|poke|p1|Machamp, F|
|poke|p1|Xatu, M|
|poke|p1|Porygon2|
|poke|p1|Vikavolt, F|
|poke|p1|Runerigus, M|
|poke|p1|Dhelmise|
|poke|p2|Klinklang|
|poke|p2|Dhelmise|
|poke|p2|Ribombee, M|
|poke|p2|Mudsdale, F|
|poke|p2|Kingler, M|
|poke|p2|Jolteon, M|
|rule|Sleep Clause Mod: Limit one foe put to sleep
|rule|Species Clause: Limit one of each Pokémon
|rule|OHKO Clause: OHKO moves are banned
|rule|Evasion Moves Clause: Evasion moves are banned
|rule|Endless Battle Clause: Forcing endless battles is banned
|rule|HP Percentage Mod: HP is shown in percentages
|rule|Dynamax Clause: You cannot dynamax
|teampreview
|
|start
|switch|p1a: Porygon2|Porygon2|100/100
|switch|p2a: Jolteon|Jolteon, M|100/100
|-ability|p1a: Porygon2|Volt Absorb|[from] ability: Trace|[of] p2a: Jolteon
|turn|1
|
|switch|p2a: Dhelmise|Dhelmise|100/100
|move|p1a: Porygon2|Trick Room|p1a: Porygon2
|-fieldstart|move: Trick Room|[of] p1a: Porygon2
|
|upkeep
|turn|2
|
|move|p2a: Dhelmise|Knock Off|p1a: Porygon2
|-damage|p1a: Porygon2|77/100
|-enditem|p1a: Porygon2|Eviolite|[from] move: Knock Off|[of] p2a: Dhelmise
|move|p1a: Porygon2|Teleport|p1a: Porygon2
|
|switch|p1a: Dhelmise|Dhelmise|100/100|[from]move: Teleport
|
|upkeep
|turn|3
|
|switch|p2a: Klinklang|Klinklang|100/100
|move|p1a: Dhelmise|Poltergeist|p2a: Klinklang
|-activate|p2a: Klinklang|move: Poltergeist|Leftovers
|-damage|p2a: Klinklang|0 fnt
|faint|p2a: Klinklang
|
|upkeep
|
|switch|p2a: Mudsdale|Mudsdale, F|100/100
|turn|4
|
|move|p1a: Dhelmise|Poltergeist|p2a: Mudsdale
|-activate|p2a: Mudsdale|move: Poltergeist|Leftovers
|-damage|p2a: Mudsdale|39/100
|-ability|p2a: Mudsdale|Stamina|boost
|-boost|p2a: Mudsdale|def|1
|move|p2a: Mudsdale|Toxic|p1a: Dhelmise
|-status|p1a: Dhelmise|tox
|
|-heal|p2a: Mudsdale|46/100|[from] item: Leftovers
|-damage|p1a: Dhelmise|94/100 tox|[from] psn
|upkeep
|turn|5
|
|move|p1a: Dhelmise|Poltergeist|p2a: Mudsdale
|-activate|p2a: Mudsdale|move: Poltergeist|Leftovers
|-damage|p2a: Mudsdale|5/100
|-ability|p2a: Mudsdale|Stamina|boost
|-boost|p2a: Mudsdale|def|1
|move|p2a: Mudsdale|Stealth Rock|p1a: Dhelmise
|-sidestart|p1: Nemris|move: Stealth Rock
|
|-heal|p2a: Mudsdale|12/100|[from] item: Leftovers
|-damage|p1a: Dhelmise|82/100 tox|[from] psn
|-fieldend|move: Trick Room
|upkeep
|turn|6
|
|move|p2a: Mudsdale|Body Press|p1a: Dhelmise
|-immune|p1a: Dhelmise
|move|p1a: Dhelmise|Poltergeist|p2a: Mudsdale
|-activate|p2a: Mudsdale|move: Poltergeist|Leftovers
|-damage|p2a: Mudsdale|0 fnt
|faint|p2a: Mudsdale
|
|-damage|p1a: Dhelmise|64/100 tox|[from] psn
|upkeep
|
|switch|p2a: Kingler|Kingler, M|100/100
|turn|7
|
|switch|p1a: Porygon2|Porygon2|77/100
|-damage|p1a: Porygon2|65/100|[from] Stealth Rock
|-ability|p1a: Porygon2|Sheer Force|[from] ability: Trace|[of] p2a: Kingler
|move|p2a: Kingler|Liquidation|p1a: Porygon2
|-damage|p1a: Porygon2|3/100
|
|upkeep
|turn|8
|
|move|p2a: Kingler|Liquidation|p1a: Porygon2
|-damage|p1a: Porygon2|0 fnt
|faint|p1a: Porygon2
|
|upkeep
|
|switch|p1a: Runerigus|Runerigus, M|100/100
|-damage|p1a: Runerigus|94/100|[from] Stealth Rock
|turn|9
|
|move|p2a: Kingler|Liquidation|p1a: Runerigus
|-supereffective|p1a: Runerigus
|-damage|p1a: Runerigus|26/100
|-activate|p1a: Runerigus|ability: Wandering Spirit|Sheer Force|Wandering Spirit|[of] p2a: Kingler
|move|p1a: Runerigus|Trick Room|p1a: Runerigus
|-fieldstart|move: Trick Room|[of] p1a: Runerigus
|
|-heal|p1a: Runerigus|32/100|[from] item: Leftovers
|upkeep
|turn|10
|
|switch|p2a: Dhelmise|Dhelmise|100/100
|move|p1a: Runerigus|Destiny Bond|p1a: Runerigus
|-singlemove|p1a: Runerigus|Destiny Bond
|
|-heal|p1a: Runerigus|39/100|[from] item: Leftovers
|upkeep
|turn|11
|
|move|p1a: Runerigus|Stealth Rock|p2a: Dhelmise
|-sidestart|p2: NebbyGetOutTheBag|move: Stealth Rock
|move|p2a: Dhelmise|Anchor Shot|p1a: Runerigus
|-damage|p1a: Runerigus|11/100
|
|-heal|p1a: Runerigus|17/100|[from] item: Leftovers
|upkeep
|turn|12
|
|move|p1a: Runerigus|Destiny Bond|p1a: Runerigus
|-singlemove|p1a: Runerigus|Destiny Bond
|move|p2a: Dhelmise|Rapid Spin|p1a: Runerigus
|-immune|p1a: Runerigus
|
|-heal|p1a: Runerigus|23/100|[from] item: Leftovers
|upkeep
|turn|13
|
|move|p1a: Runerigus|Destiny Bond||[still]
|-fail|p1a: Runerigus
|move|p2a: Dhelmise|Rapid Spin|p1a: Runerigus
|-immune|p1a: Runerigus
|
|-heal|p1a: Runerigus|30/100|[from] item: Leftovers
|-fieldend|move: Trick Room
|upkeep
|turn|14
|
|move|p2a: Dhelmise|Knock Off|p1a: Runerigus
|-supereffective|p1a: Runerigus
|-damage|p1a: Runerigus|0 fnt
|-enditem|p1a: Runerigus|Leftovers|[from] move: Knock Off|[of] p2a: Dhelmise
|faint|p1a: Runerigus
|
|upkeep
|
|switch|p1a: Xatu|Xatu, M, shiny|100/100
|-damage|p1a: Xatu|76/100|[from] Stealth Rock
|turn|15
|
|move|p2a: Dhelmise|Rapid Spin|p1a: Xatu
|-damage|p1a: Xatu|49/100
|-boost|p2a: Dhelmise|spe|1
|-sideend|p2: NebbyGetOutTheBag|Stealth Rock|[from] move: Rapid Spin|[of] p2a: Dhelmise
|move|p1a: Xatu|Trick Room|p1a: Xatu
|-fieldstart|move: Trick Room|[of] p1a: Xatu
|
|-heal|p1a: Xatu|55/100|[from] item: Leftovers
|upkeep
|turn|16
|
|move|p2a: Dhelmise|Knock Off|p1a: Xatu
|-supereffective|p1a: Xatu
|-damage|p1a: Xatu|0 fnt
|-enditem|p1a: Xatu|Leftovers|[from] move: Knock Off|[of] p2a: Dhelmise
|faint|p1a: Xatu
|
|upkeep
|
|switch|p1a: Dhelmise|Dhelmise|64/100 tox
|-damage|p1a: Dhelmise|51/100 tox|[from] Stealth Rock
|turn|17
|
|move|p1a: Dhelmise|Poltergeist|p2a: Dhelmise
|-activate|p2a: Dhelmise|move: Poltergeist|Assault Vest
|-supereffective|p2a: Dhelmise
|-damage|p2a: Dhelmise|0 fnt
|faint|p2a: Dhelmise
|
|-damage|p1a: Dhelmise|45/100 tox|[from] psn
|upkeep
|
|switch|p2a: Kingler|Kingler, M|100/100
|turn|18
|
|move|p1a: Dhelmise|Poltergeist|p2a: Kingler
|-activate|p2a: Kingler|move: Poltergeist|Choice Scarf
|-damage|p2a: Kingler|0 fnt
|faint|p2a: Kingler
|
|-damage|p1a: Dhelmise|33/100 tox|[from] psn
|upkeep
|
|switch|p2a: Ribombee|Ribombee, M|100/100
|turn|19
|
|move|p1a: Dhelmise|Poltergeist|p2a: Ribombee
|-activate|p2a: Ribombee|move: Poltergeist|Choice Specs
|-damage|p2a: Ribombee|0 fnt
|faint|p2a: Ribombee
|
|-damage|p1a: Dhelmise|15/100 tox|[from] psn
|-fieldend|move: Trick Room
|upkeep
|
|switch|p2a: Jolteon|Jolteon, M|100/100
|turn|20
|j| Xeirou
|
|move|p2a: Jolteon|Thunderbolt|p1a: Dhelmise
|-resisted|p1a: Dhelmise
|-damage|p1a: Dhelmise|0 fnt
|-damage|p2a: Jolteon|91/100|[from] item: Life Orb
|faint|p1a: Dhelmise
|
|upkeep
|
|switch|p1a: Machamp|Machamp, F|100/100
|-damage|p1a: Machamp|94/100|[from] Stealth Rock
|turn|21
|
|move|p2a: Jolteon|Thunderbolt|p1a: Machamp
|-damage|p1a: Machamp|43/100
|-damage|p2a: Jolteon|81/100|[from] item: Life Orb
|move|p1a: Machamp|Dynamic Punch|p2a: Jolteon
|-damage|p2a: Jolteon|0 fnt
|faint|p2a: Jolteon
|
|win|Nemris
|l|☆NebbyGetOutTheBag
|l| Xeirou
|raw|Nemris's rating: 1331 &rarr; <strong>1349</strong><br />(+18 for winning)
|raw|NebbyGetOutTheBag's rating: 1300 &rarr; <strong>1282</strong><br />(-18 for losing)
