|j|☆LibraThemis
|j|☆Glidinganteater
|t:|1619799029
|gametype|singles
|player|p1|LibraThemis|barry|1158
|player|p2|Glidinganteater|palmer|1344
|teamsize|p1|6
|teamsize|p2|6
|gen|8
|tier|[Gen 8] RU
|rated|
|clearpoke
|poke|p1|Regidrago|
|poke|p1|Polteageist|
|poke|p1|Barraskewda, F|
|poke|p1|Crobat, M|
|poke|p1|Gastrodon, F|
|poke|p1|Darmanitan, M|
|poke|p2|Dragalge, M|
|poke|p2|Zarude|
|poke|p2|Steelix, M|
|poke|p2|Mienshao, M|
|poke|p2|Togekiss, F|
|poke|p2|Volcanion|
|rule|Sleep Clause Mod: Limit one foe put to sleep
|rule|Species Clause: Limit one of each Pokémon
|rule|OHKO Clause: OHKO moves are banned
|rule|Evasion Moves Clause: Evasion moves are banned
|rule|Endless Battle Clause: Forcing endless battles is banned
|rule|HP Percentage Mod: HP is shown in percentages
|rule|Dynamax Clause: You cannot dynamax
|teampreview
|inactive|Battle timer is ON: inactive players will automatically lose when time's up. (requested by LibraThemis)
|
|t:|1619799044
|start
|switch|p1a: Crobat|Crobat, M|100/100
|switch|p2a: Volcanion|Volcanion|100/100
|turn|1
|
|t:|1619799047
|move|p1a: Crobat|U-turn|p2a: Volcanion
|-resisted|p2a: Volcanion
|-damage|p2a: Volcanion|94/100
|
|t:|1619799052
|switch|p1a: Gastrodon|Gastrodon, F|100/100|[from]move: U-turn
|move|p2a: Volcanion|Toxic|p1a: Gastrodon
|-status|p1a: Gastrodon|tox
|
|-damage|p1a: Gastrodon|94/100 tox|[from] psn
|upkeep
|turn|2
|
|t:|1619799057
|switch|p2a: Zarude|Zarude|100/100
|move|p1a: Gastrodon|Toxic|p2a: Zarude
|-status|p2a: Zarude|tox
|
|-heal|p1a: Gastrodon|100/100 tox|[from] item: Leftovers
|-damage|p2a: Zarude|95/100 tox|[from] psn
|-damage|p1a: Gastrodon|88/100 tox|[from] psn
|upkeep
|turn|3
|
|t:|1619799063
|switch|p1a: Crobat|Crobat, M|100/100
|move|p2a: Zarude|U-turn|p1a: Crobat
|-resisted|p1a: Crobat
|-damage|p1a: Crobat|95/100
|
|t:|1619799067
|switch|p2a: Steelix|Steelix, M|100/100|[from]move: U-turn
|
|upkeep
|turn|4
|
|t:|1619799071
|move|p1a: Crobat|U-turn|p2a: Steelix
|-resisted|p2a: Steelix
|-damage|p2a: Steelix|97/100
|
|t:|1619799075
|switch|p1a: Gastrodon|Gastrodon, F|88/100 tox|[from]move: U-turn
|move|p2a: Steelix|Stealth Rock|p1a: Gastrodon
|-sidestart|p1: LibraThemis|move: Stealth Rock
|
|-heal|p1a: Gastrodon|94/100 tox|[from] item: Leftovers
|-heal|p2a: Steelix|100/100|[from] item: Leftovers
|-damage|p1a: Gastrodon|88/100 tox|[from] psn
|upkeep
|turn|5
|
|t:|1619799080
|switch|p2a: Zarude|Zarude|95/100 tox
|move|p1a: Gastrodon|Scald|p2a: Zarude
|-resisted|p2a: Zarude
|-damage|p2a: Zarude|81/100 tox
|
|-heal|p1a: Gastrodon|94/100 tox|[from] item: Leftovers
|-damage|p2a: Zarude|75/100 tox|[from] psn
|-damage|p1a: Gastrodon|82/100 tox|[from] psn
|upkeep
|turn|6
|
|t:|1619799084
|switch|p1a: Crobat|Crobat, M|95/100
|move|p2a: Zarude|U-turn|p1a: Crobat
|-resisted|p1a: Crobat
|-damage|p1a: Crobat|88/100
|
|t:|1619799091
|switch|p2a: Togekiss|Togekiss, F|100/100|[from]move: U-turn
|
|upkeep
|turn|7
|
|t:|1619799095
|move|p1a: Crobat|Poison Fang|p2a: Togekiss
|-supereffective|p2a: Togekiss
|-damage|p2a: Togekiss|78/100
|-status|p2a: Togekiss|tox
|move|p2a: Togekiss|Thunder Wave|p1a: Crobat
|-status|p1a: Crobat|par
|
|-damage|p2a: Togekiss|72/100 tox|[from] psn
|upkeep
|turn|8
|
|t:|1619799101
|move|p2a: Togekiss|Air Slash|p1a: Crobat
|-damage|p1a: Crobat|57/100 par
|cant|p1a: Crobat|flinch
|
|-damage|p2a: Togekiss|60/100 tox|[from] psn
|upkeep
|turn|9
|
|t:|1619799106
|move|p2a: Togekiss|Air Slash|p1a: Crobat|[miss]
|-miss|p2a: Togekiss|p1a: Crobat
|move|p1a: Crobat|Defog|p2a: Togekiss
|-unboost|p2a: Togekiss|evasion|1
|-sideend|p1: LibraThemis|Stealth Rock|[from] move: Defog|[of] p1a: Crobat
|
|-damage|p2a: Togekiss|41/100 tox|[from] psn
|upkeep
|turn|10
|
|t:|1619799115
|switch|p2a: Steelix|Steelix, M|100/100
|move|p1a: Crobat|Roost|p1a: Crobat
|-heal|p1a: Crobat|100/100 par
|-singleturn|p1a: Crobat|move: Roost
|
|upkeep
|turn|11
|
|t:|1619799118
|move|p1a: Crobat|U-turn|p2a: Steelix
|-resisted|p2a: Steelix
|-damage|p2a: Steelix|97/100
|
|t:|1619799122
|switch|p1a: Gastrodon|Gastrodon, F|82/100 tox|[from]move: U-turn
|move|p2a: Steelix|Stealth Rock|p1a: Gastrodon
|-sidestart|p1: LibraThemis|move: Stealth Rock
|
|-heal|p1a: Gastrodon|88/100 tox|[from] item: Leftovers
|-heal|p2a: Steelix|100/100|[from] item: Leftovers
|-damage|p1a: Gastrodon|82/100 tox|[from] psn
|upkeep
|turn|12
|
|t:|1619799132
|switch|p1a: Regidrago|Regidrago|100/100
|-damage|p1a: Regidrago|88/100|[from] Stealth Rock
|switch|p2a: Zarude|Zarude|75/100 tox
|
|-damage|p2a: Zarude|69/100 tox|[from] psn
|upkeep
|turn|13
|
|t:|1619799138
|switch|p2a: Steelix|Steelix, M|100/100
|move|p1a: Regidrago|Dragon Dance|p1a: Regidrago
|-boost|p1a: Regidrago|atk|1
|-boost|p1a: Regidrago|spe|1
|
|upkeep
|turn|14
|
|t:|1619799146
|move|p1a: Regidrago|Dragon Energy|p2a: Steelix
|-resisted|p2a: Steelix
|-damage|p2a: Steelix|54/100
|-damage|p1a: Regidrago|78/100|[from] item: Life Orb
|move|p2a: Steelix|Roar|p1a: Regidrago
|drag|p1a: Darmanitan|Darmanitan, M|100/100
|-damage|p1a: Darmanitan|75/100|[from] Stealth Rock
|
|-heal|p2a: Steelix|60/100|[from] item: Leftovers
|upkeep
|turn|15
|
|t:|1619799154
|switch|p2a: Volcanion|Volcanion|94/100
|move|p1a: Darmanitan|Flare Blitz|p2a: Volcanion
|-resisted|p2a: Volcanion
|-damage|p2a: Volcanion|70/100
|-damage|p1a: Darmanitan|69/100|[from] Recoil
|
|upkeep
|turn|16
|
|t:|1619799161
|switch|p1a: Gastrodon|Gastrodon, F|82/100 tox
|-damage|p1a: Gastrodon|76/100 tox|[from] Stealth Rock
|move|p2a: Volcanion|Flamethrower|p1a: Gastrodon
|-resisted|p1a: Gastrodon
|-damage|p1a: Gastrodon|60/100 tox
|
|-heal|p1a: Gastrodon|66/100 tox|[from] item: Leftovers
|-damage|p1a: Gastrodon|60/100 tox|[from] psn
|upkeep
|turn|17
|
|t:|1619799169
|move|p2a: Volcanion|Flamethrower|p1a: Gastrodon
|-resisted|p1a: Gastrodon
|-damage|p1a: Gastrodon|44/100 tox
|move|p1a: Gastrodon|Earth Power|p2a: Volcanion
|-supereffective|p2a: Volcanion
|-damage|p2a: Volcanion|0 fnt
|faint|p2a: Volcanion
|
|-heal|p1a: Gastrodon|50/100 tox|[from] item: Leftovers
|-damage|p1a: Gastrodon|38/100 tox|[from] psn
|upkeep
|
|t:|1619799184
|switch|p2a: Mienshao|Mienshao, M|100/100
|turn|18
|
|t:|1619799189
|move|p2a: Mienshao|Knock Off|p1a: Gastrodon
|-damage|p1a: Gastrodon|1/100 tox
|-enditem|p1a: Gastrodon|Leftovers|[from] move: Knock Off|[of] p2a: Mienshao
|move|p1a: Gastrodon|Scald|p2a: Mienshao
|-damage|p2a: Mienshao|56/100
|-status|p2a: Mienshao|brn
|
|-damage|p2a: Mienshao|50/100 brn|[from] brn
|-damage|p1a: Gastrodon|0 fnt|[from] psn
|faint|p1a: Gastrodon
|upkeep
|
|t:|1619799194
|switch|p1a: Barraskewda|Barraskewda, F|100/100
|-damage|p1a: Barraskewda|88/100|[from] Stealth Rock
|turn|19
|
|t:|1619799201
|switch|p2a: Dragalge|Dragalge, M, shiny|100/100
|move|p1a: Barraskewda|Flip Turn|p2a: Dragalge
|-resisted|p2a: Dragalge
|-damage|p2a: Dragalge|73/100
|
|t:|1619799209
|switch|p1a: Regidrago|Regidrago|78/100|[from]move: Flip Turn
|-damage|p1a: Regidrago|66/100|[from] Stealth Rock
|
|-heal|p2a: Dragalge|79/100|[from] item: Black Sludge
|upkeep
|turn|20
|
|t:|1619799217
|switch|p1a: Crobat|Crobat, M|100/100 par
|move|p2a: Dragalge|Draco Meteor|p1a: Crobat
|-damage|p1a: Crobat|20/100 par
|-unboost|p2a: Dragalge|spa|2
|
|-heal|p2a: Dragalge|85/100|[from] item: Black Sludge
|upkeep
|turn|21
|
|t:|1619799222
|move|p1a: Crobat|Defog|p2a: Dragalge
|-unboost|p2a: Dragalge|evasion|1
|-sideend|p1: LibraThemis|Stealth Rock|[from] move: Defog|[of] p1a: Crobat
|move|p2a: Dragalge|Draco Meteor|p1a: Crobat
|-damage|p1a: Crobat|0 fnt
|-unboost|p2a: Dragalge|spa|2
|faint|p1a: Crobat
|
|-heal|p2a: Dragalge|91/100|[from] item: Black Sludge
|upkeep
|
|t:|1619799226
|switch|p1a: Polteageist|Polteageist|100/100
|turn|22
|
|t:|1619799231
|move|p1a: Polteageist|Shell Smash|p1a: Polteageist
|-unboost|p1a: Polteageist|def|1
|-unboost|p1a: Polteageist|spd|1
|-boost|p1a: Polteageist|atk|2
|-boost|p1a: Polteageist|spa|2
|-boost|p1a: Polteageist|spe|2
|move|p2a: Dragalge|Haze|p2a: Dragalge
|-clearallboost
|
|-heal|p2a: Dragalge|97/100|[from] item: Black Sludge
|upkeep
|turn|23
|
|t:|1619799244
|switch|p1a: Regidrago|Regidrago|66/100
|move|p2a: Dragalge|Sludge Bomb|p1a: Regidrago
|-damage|p1a: Regidrago|7/100
|-status|p1a: Regidrago|psn
|
|-heal|p2a: Dragalge|100/100|[from] item: Black Sludge
|-damage|p1a: Regidrago|0 fnt|[from] psn
|faint|p1a: Regidrago
|upkeep
|
|t:|1619799250
|switch|p1a: Darmanitan|Darmanitan, M|69/100
|turn|24
|
|t:|1619799259
|switch|p2a: Togekiss|Togekiss, F|41/100 tox
|move|p1a: Darmanitan|Zen Headbutt|p2a: Togekiss
|-damage|p2a: Togekiss|13/100 tox
|
|-damage|p2a: Togekiss|7/100 tox|[from] psn
|upkeep
|turn|25
|
|t:|1619799269
|move|p1a: Darmanitan|Zen Headbutt|p2a: Togekiss
|-damage|p2a: Togekiss|0 fnt
|faint|p2a: Togekiss
|
|upkeep
|
|t:|1619799271
|switch|p2a: Zarude|Zarude|69/100 tox
|turn|26
|
|t:|1619799278
|switch|p1a: Barraskewda|Barraskewda, F|88/100
|move|p2a: Zarude|Jungle Healing|p2a: Zarude
|-heal|p2a: Zarude|95/100 tox
|-curestatus|p2a: Zarude|tox|[msg]
|
|upkeep
|turn|27
|
|t:|1619799283
|switch|p2a: Dragalge|Dragalge, M, shiny|100/100
|move|p1a: Barraskewda|Close Combat|p2a: Dragalge
|-resisted|p2a: Dragalge
|-damage|p2a: Dragalge|66/100
|-unboost|p1a: Barraskewda|def|1
|-unboost|p1a: Barraskewda|spd|1
|
|-heal|p2a: Dragalge|72/100|[from] item: Black Sludge
|upkeep
|turn|28
|
|t:|1619799288
|switch|p1a: Polteageist|Polteageist|100/100
|move|p2a: Dragalge|Sludge Bomb|p1a: Polteageist
|-resisted|p1a: Polteageist
|-damage|p1a: Polteageist|69/100
|-status|p1a: Polteageist|psn
|
|-heal|p2a: Dragalge|78/100|[from] item: Black Sludge
|-damage|p1a: Polteageist|56/100 psn|[from] psn
|upkeep
|turn|29
|
|t:|1619799295
|switch|p1a: Darmanitan|Darmanitan, M|69/100
|move|p2a: Dragalge|Flip Turn|p1a: Darmanitan
|-supereffective|p1a: Darmanitan
|-crit|p1a: Darmanitan
|-damage|p1a: Darmanitan|26/100
|
|t:|1619799306
|switch|p2a: Mienshao|Mienshao, M|83/100 brn|[from]move: Flip Turn
|
|-damage|p2a: Mienshao|77/100 brn|[from] brn
|upkeep
|turn|30
|
|t:|1619799313
|move|p2a: Mienshao|Knock Off|p1a: Darmanitan
|-damage|p1a: Darmanitan|0 fnt
|-enditem|p1a: Darmanitan|Choice Scarf|[from] move: Knock Off|[of] p2a: Mienshao
|faint|p1a: Darmanitan
|
|-damage|p2a: Mienshao|71/100 brn|[from] brn
|upkeep
|-message|LibraThemis forfeited.
|
|win|Glidinganteater
|l|☆LibraThemis
|raw|LibraThemis's rating: 1158 &rarr; <strong>1145</strong><br />(-13 for losing)
|raw|Glidinganteater's rating: 1344 &rarr; <strong>1354</strong><br />(+10 for winning)
||Ladder isn't responding, score probably updated but might not have (Request timeout).
