|j|☆Dahaka336
|j|☆crecerelle
|t:|1658088717
|gametype|singles
|player|p1|Dahaka336|lenora|
|player|p2|crecerelle|aaron|
|teamsize|p1|6
|teamsize|p2|6
|gen|8
|tier|[Gen 8] RU
|rule|Sleep Clause Mod: Limit one foe put to sleep
|rule|Species Clause: Limit one of each Pokémon
|rule|OHKO Clause: OHKO moves are banned
|rule|Evasion Moves Clause: Evasion moves are banned
|rule|Endless Battle Clause: Forcing endless battles is banned
|rule|HP Percentage Mod: HP is shown in percentages
|rule|Dynamax Clause: You cannot dynamax
|clearpoke
|poke|p1|Toxtricity, F|
|poke|p1|Noivern, F|
|poke|p1|Metagross|
|poke|p1|Cloyster, F|
|poke|p1|Marowak-Alola, F|
|poke|p1|Heracross, F|
|poke|p2|Regidrago|
|poke|p2|Nidoqueen, F|
|poke|p2|Bewear, F|
|poke|p2|Milotic, F|
|poke|p2|Incineroar, M|
|poke|p2|Togekiss, F|
|teampreview
|
|t:|1658088730
|start
|switch|p1a: Metagross|Metagross|100/100
|switch|p2a: Lambert|Incineroar, M|100/100
|-ability|p2a: Lambert|Intimidate|boost
|-fail|p1a: Metagross|unboost|[from] ability: Clear Body|[of] p1a: Metagross
|turn|1
|j| Poney666
|j| AastadorDL
|j| Just-Silverr
|
|t:|1658088758
|move|p1a: Metagross|Stealth Rock|p2a: Lambert
|-sidestart|p2: crecerelle|move: Stealth Rock
|move|p2a: Lambert|Knock Off|p1a: Metagross
|-supereffective|p1a: Metagross
|-damage|p1a: Metagross|41/100
|-enditem|p1a: Metagross|Leftovers|[from] move: Knock Off|[of] p2a: Lambert
|
|upkeep
|turn|2
|j| SpeedyBlu
|
|t:|1658088771
|switch|p1a: Cloyster|Cloyster, F|100/100
|switch|p2a: Bella CiaEau|Milotic, F|100/100
|-damage|p2a: Bella CiaEau|88/100|[from] Stealth Rock
|
|upkeep
|turn|3
|
|t:|1658088782
|move|p1a: Cloyster|Shell Smash|p1a: Cloyster
|-unboost|p1a: Cloyster|def|1
|-unboost|p1a: Cloyster|spd|1
|-boost|p1a: Cloyster|atk|2
|-boost|p1a: Cloyster|spa|2
|-boost|p1a: Cloyster|spe|2
|move|p2a: Bella CiaEau|Scald|p1a: Cloyster
|-resisted|p1a: Cloyster
|-damage|p1a: Cloyster|42/100
|
|-heal|p1a: Cloyster|49/100|[from] item: Leftovers
|upkeep
|turn|4
|
|t:|1658088795
|move|p1a: Cloyster|Rock Blast|p2a: Bella CiaEau
|-damage|p2a: Bella CiaEau|76/100
|-damage|p2a: Bella CiaEau|65/100
|-damage|p2a: Bella CiaEau|53/100
|-damage|p2a: Bella CiaEau|41/100
|-damage|p2a: Bella CiaEau|28/100
|-hitcount|p2a: Bella CiaEau|5
|move|p2a: Bella CiaEau|Scald|p1a: Cloyster
|-resisted|p1a: Cloyster
|-damage|p1a: Cloyster|0 fnt
|faint|p1a: Cloyster
|
|upkeep
|
|t:|1658088813
|switch|p1a: Toxtricity|Toxtricity, F|100/100
|turn|5
|c|☆crecerelle|C'etait lefto cloyster
|
|t:|1658088822
|move|p2a: Bella CiaEau|Flip Turn|p1a: Toxtricity
|-damage|p1a: Toxtricity|86/100
|
|t:|1658088828
|switch|p2a: Jolie Madame|Nidoqueen, F|100/100|[from]move: Flip Turn
|-damage|p2a: Jolie Madame|94/100|[from] Stealth Rock
|move|p1a: Toxtricity|Boomburst|p2a: Jolie Madame
|-crit|p2a: Jolie Madame
|-damage|p2a: Jolie Madame|0 fnt
|faint|p2a: Jolie Madame
|
|-heal|p1a: Toxtricity|92/100|[from] item: Leftovers
|upkeep
|c|☆crecerelle|Ah
|c|☆crecerelle|Pas mal
|c| Just-Silverr|PTDRR
|c| AastadorDL|sans bavure
|c|☆crecerelle|Je pensais ca tankais mdr
|c| Just-Silverr|il est lefto ça joue jpense
|
|t:|1658088859
|switch|p2a: DorsAvecToi|Bewear, F|100/100
|-damage|p2a: DorsAvecToi|94/100|[from] Stealth Rock
|turn|6
|
|t:|1658088864
|switch|p1a: Marowak|Marowak-Alola, F|100/100
|move|p2a: DorsAvecToi|Double-Edge|p1a: Marowak
|-immune|p1a: Marowak
|
|upkeep
|turn|7
|
|t:|1658088872
|switch|p2a: Bella CiaEau|Milotic, F|28/100
|-damage|p2a: Bella CiaEau|16/100|[from] Stealth Rock
|move|p1a: Marowak|Flame Charge|p2a: Bella CiaEau
|-resisted|p2a: Bella CiaEau
|-damage|p2a: Bella CiaEau|2/100
|-boost|p1a: Marowak|spe|1
|-damage|p1a: Marowak|84/100|[from] item: Rocky Helmet|[of] p2a: Bella CiaEau
|
|upkeep
|turn|8
|
|t:|1658088883
|move|p1a: Marowak|Poltergeist|p2a: Bella CiaEau
|-activate|p2a: Bella CiaEau|move: Poltergeist|Rocky Helmet
|-damage|p2a: Bella CiaEau|0 fnt
|faint|p2a: Bella CiaEau
|
|upkeep
|
|t:|1658088890
|switch|p2a: MoonBlast plz|Togekiss, F|100/100
|-damage|p2a: MoonBlast plz|76/100|[from] Stealth Rock
|turn|9
|
|t:|1658088896
|move|p2a: MoonBlast plz|Air Slash|p1a: Marowak
|-damage|p1a: Marowak|25/100
|move|p1a: Marowak|Poltergeist|p2a: MoonBlast plz
|-activate|p2a: MoonBlast plz|move: Poltergeist|Choice Scarf
|-damage|p2a: MoonBlast plz|0 fnt
|faint|p2a: MoonBlast plz
|
|upkeep
|c|☆crecerelle|Allez
|c|☆crecerelle|Mais j'ai le pire togekiss
|c|☆crecerelle|De l'histoire
|
|t:|1658088918
|switch|p2a: Lambert|Incineroar, M|100/100
|-ability|p2a: Lambert|Intimidate|boost
|-unboost|p1a: Marowak|atk|1
|turn|10
|
|t:|1658088925
|move|p1a: Marowak|Earthquake|p2a: Lambert
|-supereffective|p2a: Lambert
|-damage|p2a: Lambert|39/100
|move|p2a: Lambert|Knock Off|p1a: Marowak
|-supereffective|p1a: Marowak
|-damage|p1a: Marowak|0 fnt
|-enditem|p1a: Marowak|Thick Club|[from] move: Knock Off|[of] p2a: Lambert
|faint|p1a: Marowak
|
|upkeep
|
|t:|1658088935
|switch|p1a: Noivern|Noivern, F|100/100
|turn|11
|
|t:|1658088941
|move|p1a: Noivern|Air Slash|p2a: Lambert
|-damage|p2a: Lambert|17/100
|move|p2a: Lambert|Parting Shot|p1a: Noivern
|-unboost|p1a: Noivern|atk|1
|-unboost|p1a: Noivern|spa|1
|
|t:|1658088950
|switch|p2a: Croc Mou|Regidrago|100/100|[from]move: Parting Shot
|-damage|p2a: Croc Mou|88/100|[from] Stealth Rock
|
|-heal|p2a: Croc Mou|94/100|[from] item: Leftovers
|upkeep
|turn|12
|j| MXF
|
|t:|1658088956
|switch|p2a: Lambert|Incineroar, M|17/100
|-ability|p2a: Lambert|Intimidate|boost
|-unboost|p1a: Noivern|atk|1
|move|p1a: Noivern|U-turn|p2a: Lambert
|-damage|p2a: Lambert|12/100
|
|t:|1658088967
|switch|p1a: Metagross|Metagross|41/100|[from]move: U-turn
|
|upkeep
|turn|13
|
|t:|1658088975
|move|p1a: Metagross|Earthquake|p2a: Lambert
|-supereffective|p2a: Lambert
|-damage|p2a: Lambert|0 fnt
|faint|p2a: Lambert
|
|upkeep
|
|t:|1658088990
|switch|p2a: Croc Mou|Regidrago|94/100
|-damage|p2a: Croc Mou|82/100|[from] Stealth Rock
|turn|14
|
|t:|1658088997
|move|p2a: Croc Mou|Dragon Dance|p2a: Croc Mou
|-boost|p2a: Croc Mou|atk|1
|-boost|p2a: Croc Mou|spe|1
|move|p1a: Metagross|Meteor Mash|p2a: Croc Mou
|-damage|p2a: Croc Mou|24/100
|
|-heal|p2a: Croc Mou|30/100|[from] item: Leftovers
|upkeep
|turn|15
|
|t:|1658089005
|move|p2a: Croc Mou|Outrage|p1a: Metagross
|-resisted|p1a: Metagross
|-damage|p1a: Metagross|0 fnt
|faint|p1a: Metagross
|
|-heal|p2a: Croc Mou|36/100|[from] item: Leftovers
|upkeep
|
|t:|1658089016
|switch|p1a: Toxtricity|Toxtricity, F|92/100
|turn|16
|
|t:|1658089023
|move|p2a: Croc Mou|Outrage|p1a: Toxtricity|[from]lockedmove
|-damage|p1a: Toxtricity|0 fnt
|faint|p1a: Toxtricity
|-start|p2a: Croc Mou|confusion|[fatigue]
|
|-heal|p2a: Croc Mou|42/100|[from] item: Leftovers
|upkeep
|
|t:|1658089030
|switch|p1a: Noivern|Noivern, F|100/100
|turn|17
|
|t:|1658089034
|-activate|p2a: Croc Mou|confusion
|move|p2a: Croc Mou|Outrage|p1a: Noivern
|-supereffective|p1a: Noivern
|-crit|p1a: Noivern
|-damage|p1a: Noivern|0 fnt
|faint|p1a: Noivern
|
|-heal|p2a: Croc Mou|49/100|[from] item: Leftovers
|upkeep
|
|t:|1658089040
|switch|p1a: Heracross|Heracross, F|100/100
|turn|18
|c|☆crecerelle|C'est pas fini
|
|t:|1658089048
|-activate|p2a: Croc Mou|confusion
|move|p2a: Croc Mou|Outrage|p1a: Heracross|[from]lockedmove
|-damage|p1a: Heracross|0 fnt
|faint|p1a: Heracross
|
|win|crecerelle
|l| MXF
|l| Just-Silverr
|l| SpeedyBlu
|c|☆crecerelle|Regidrago
|c|☆crecerelle|Gg
|l| AastadorDL
|l| Poney666
|l|☆Dahaka336
|l|☆crecerelle
|j|☆crecerelle
|player|p2|crecerelle|aaron
