|j|☆Kairak
|j|☆Dancanmanfan
|t:|1599006580
|player|p1|Kairak|roughneck-gen4|1443
|player|p2|Dancanmanfan|clay|1244
|teamsize|p1|6
|teamsize|p2|6
|gametype|singles
|gen|8
|tier|[Gen 8] RU
|rated|
|clearpoke
|poke|p1|Drapion, F|
|poke|p1|Gardevoir, M|
|poke|p1|Vikavolt, F|
|poke|p1|Seismitoad, M|
|poke|p1|Coalossal, F|
|poke|p1|Decidueye, F|
|poke|p2|Slowbro-Galar, F|
|poke|p2|Klefki, F|
|poke|p2|Rotom-Mow|
|poke|p2|Blastoise, F|
|poke|p2|Cinccino, F|
|poke|p2|Mudsdale, F|
|rule|Sleep Clause Mod: Limit one foe put to sleep
|rule|Species Clause: Limit one of each Pokémon
|rule|OHKO Clause: OHKO moves are banned
|rule|Evasion Moves Clause: Evasion moves are banned
|rule|Endless Battle Clause: Forcing endless battles is banned
|rule|HP Percentage Mod: HP is shown in percentages
|rule|Dynamax Clause: You cannot dynamax
|teampreview
|inactive|Battle timer is ON: inactive players will automatically lose when time's up. (requested by Dancanmanfan)
|
|t:|1599006616
|start
|switch|p1a: Decidueye|Decidueye, F|100/100
|switch|p2a: Cinccino|Cinccino, F|100/100
|turn|1
|
|t:|1599006624
|move|p2a: Cinccino|U-turn|p1a: Decidueye
|-damage|p1a: Decidueye|54/100
|
|t:|1599006633
|switch|p2a: Rotom|Rotom-Mow|100/100|[from]move: U-turn
|move|p1a: Decidueye|Giga Drain|p2a: Rotom
|-resisted|p2a: Rotom
|-damage|p2a: Rotom|83/100
|-heal|p1a: Decidueye|63/100|[from] drain|[of] p2a: Rotom
|
|upkeep
|turn|2
|
|t:|1599006638
|move|p2a: Rotom|Leaf Storm|p1a: Decidueye
|-resisted|p1a: Decidueye
|-damage|p1a: Decidueye|35/100
|-unboost|p2a: Rotom|spa|2
|move|p1a: Decidueye|Nasty Plot|p1a: Decidueye
|-boost|p1a: Decidueye|spa|2
|
|upkeep
|turn|3
|
|t:|1599006643
|switch|p2a: Slowbro|Slowbro-Galar, F|100/100
|move|p1a: Decidueye|Giga Drain|p2a: Slowbro
|-resisted|p2a: Slowbro
|-damage|p2a: Slowbro|62/100
|-heal|p1a: Decidueye|60/100|[from] drain|[of] p2a: Slowbro
|
|upkeep
|turn|4
|-activate|p2a: Slowbro|ability: Quick Draw
|
|t:|1599006647
|move|p2a: Slowbro|Shell Side Arm|p1a: Decidueye
|-damage|p1a: Decidueye|14/100
|-hint|Special Shell Side Arm
|move|p1a: Decidueye|Shadow Ball|p2a: Slowbro
|-supereffective|p2a: Slowbro
|-damage|p2a: Slowbro|0 fnt
|faint|p2a: Slowbro
|
|upkeep
|
|t:|1599006650
|switch|p2a: Cinccino|Cinccino, F|100/100
|turn|5
|
|t:|1599006653
|move|p2a: Cinccino|U-turn|p1a: Decidueye
|-damage|p1a: Decidueye|0 fnt
|faint|p1a: Decidueye
|
|t:|1599006663
|switch|p2a: Rotom|Rotom-Mow|83/100|[from]move: U-turn
|
|upkeep
|
|t:|1599006668
|switch|p1a: Coalossal|Coalossal, F|100/100
|turn|6
|
|t:|1599006672
|move|p2a: Rotom|Volt Switch|p1a: Coalossal
|-damage|p1a: Coalossal|83/100
|
|t:|1599006675
|switch|p2a: Mudsdale|Mudsdale, F|100/100|[from]move: Volt Switch
|move|p1a: Coalossal|Will-O-Wisp|p2a: Mudsdale
|-status|p2a: Mudsdale|brn
|
|-damage|p2a: Mudsdale|94/100 brn|[from] brn
|upkeep
|turn|7
|
|t:|1599006680
|switch|p1a: Vikavolt|Vikavolt, F, shiny|100/100
|move|p2a: Mudsdale|Stealth Rock|p1a: Vikavolt
|-sidestart|p1: Kairak|move: Stealth Rock
|
|-damage|p2a: Mudsdale|88/100 brn|[from] brn
|upkeep
|turn|8
|
|t:|1599006685
|move|p1a: Vikavolt|Sticky Web|p2a: Mudsdale
|-sidestart|p2: Dancanmanfan|move: Sticky Web
|move|p2a: Mudsdale|Roar|p1a: Vikavolt
|drag|p1a: Gardevoir|Gardevoir, M|100/100
|-damage|p1a: Gardevoir|88/100|[from] Stealth Rock
|-ability|p1a: Gardevoir|Stamina|[from] ability: Trace|[of] p2a: Mudsdale
|
|-damage|p2a: Mudsdale|82/100 brn|[from] brn
|upkeep
|turn|9
|
|t:|1599006693
|move|p1a: Gardevoir|Trick|p2a: Mudsdale
|-activate|p1a: Gardevoir|move: Trick|[of] p2a: Mudsdale
|-item|p2a: Mudsdale|Choice Scarf|[from] move: Trick
|-item|p1a: Gardevoir|Chesto Berry|[from] move: Trick
|move|p2a: Mudsdale|Roar|p1a: Gardevoir
|drag|p1a: Drapion|Drapion, F|100/100
|-damage|p1a: Drapion|88/100|[from] Stealth Rock
|
|-damage|p2a: Mudsdale|76/100 brn|[from] brn
|upkeep
|turn|10
|
|t:|1599006703
|switch|p1a: Coalossal|Coalossal, F|83/100
|move|p2a: Mudsdale|Roar|p1a: Coalossal
|drag|p1a: Seismitoad|Seismitoad, M|100/100
|-damage|p1a: Seismitoad|94/100|[from] Stealth Rock
|
|-heal|p1a: Seismitoad|100/100|[from] item: Leftovers
|-damage|p2a: Mudsdale|70/100 brn|[from] brn
|upkeep
|turn|11
|j| Burger King CEO
|
|t:|1599006712
|switch|p1a: Coalossal|Coalossal, F|83/100
|switch|p2a: Rotom|Rotom-Mow|83/100
|
|upkeep
|turn|12
|
|t:|1599006717
|move|p2a: Rotom|Trick|p1a: Coalossal
|-activate|p2a: Rotom|move: Trick|[of] p1a: Coalossal
|-item|p1a: Coalossal|Choice Scarf|[from] move: Trick
|-item|p2a: Rotom|Heavy-Duty Boots|[from] move: Trick
|move|p1a: Coalossal|Rapid Spin|p2a: Rotom
|-damage|p2a: Rotom|73/100
|-boost|p1a: Coalossal|spe|1
|-sideend|p1: Kairak|Stealth Rock|[from] move: Rapid Spin|[of] p1a: Coalossal
|
|upkeep
|turn|13
|
|t:|1599006723
|switch|p1a: Vikavolt|Vikavolt, F, shiny|100/100
|move|p2a: Rotom|Volt Switch|p1a: Vikavolt
|-resisted|p1a: Vikavolt
|-crit|p1a: Vikavolt
|-damage|p1a: Vikavolt|78/100
|
|t:|1599006728
|switch|p2a: Cinccino|Cinccino, F|100/100|[from]move: Volt Switch
|-activate|p2a: Cinccino|move: Sticky Web
|-unboost|p2a: Cinccino|spe|1
|
|upkeep
|turn|14
|
|t:|1599006731
|move|p2a: Cinccino|Rock Blast|p1a: Vikavolt
|-supereffective|p1a: Vikavolt
|-damage|p1a: Vikavolt|60/100
|-supereffective|p1a: Vikavolt
|-damage|p1a: Vikavolt|46/100
|-supereffective|p1a: Vikavolt
|-damage|p1a: Vikavolt|30/100
|-supereffective|p1a: Vikavolt
|-damage|p1a: Vikavolt|13/100
|-supereffective|p1a: Vikavolt
|-damage|p1a: Vikavolt|0 fnt
|-hitcount|p1a: Vikavolt|5
|faint|p1a: Vikavolt
|
|upkeep
|
|t:|1599006735
|switch|p1a: Drapion|Drapion, F|88/100
|turn|15
|
|t:|1599006739
|switch|p2a: Mudsdale|Mudsdale, F|70/100 brn
|-activate|p2a: Mudsdale|move: Sticky Web
|-unboost|p2a: Mudsdale|spe|1
|move|p1a: Drapion|Swords Dance|p1a: Drapion
|-boost|p1a: Drapion|atk|2
|
|-damage|p2a: Mudsdale|63/100 brn|[from] brn
|upkeep
|turn|16
|
|t:|1599006743
|move|p1a: Drapion|Knock Off|p2a: Mudsdale
|-damage|p2a: Mudsdale|16/100 brn
|-ability|p2a: Mudsdale|Stamina|boost
|-boost|p2a: Mudsdale|def|1
|-enditem|p2a: Mudsdale|Choice Scarf|[from] move: Knock Off|[of] p1a: Drapion
|move|p2a: Mudsdale|Roar|p1a: Drapion
|drag|p1a: Seismitoad|Seismitoad, M|100/100
|
|-damage|p2a: Mudsdale|10/100 brn|[from] brn
|upkeep
|turn|17
|
|t:|1599006750
|move|p1a: Seismitoad|Stealth Rock|p2a: Mudsdale
|-sidestart|p2: Dancanmanfan|move: Stealth Rock
|move|p2a: Mudsdale|Rest|p2a: Mudsdale
|-status|p2a: Mudsdale|slp|[from] move: Rest
|-heal|p2a: Mudsdale|100/100 slp|[silent]
|
|upkeep
|turn|18
|
|t:|1599006762
|switch|p1a: Gardevoir|Gardevoir, M|88/100
|-ability|p1a: Gardevoir|Stamina|[from] ability: Trace|[of] p2a: Mudsdale
|cant|p2a: Mudsdale|slp
|
|upkeep
|turn|19
|
|t:|1599006770
|move|p1a: Gardevoir|Moonblast|p2a: Mudsdale
|-damage|p2a: Mudsdale|55/100 slp
|-ability|p2a: Mudsdale|Stamina|boost
|-boost|p2a: Mudsdale|def|1
|cant|p2a: Mudsdale|slp
|
|upkeep
|turn|20
|
|t:|1599006776
|move|p1a: Gardevoir|Moonblast|p2a: Mudsdale
|-damage|p2a: Mudsdale|11/100 slp
|-ability|p2a: Mudsdale|Stamina|boost
|-boost|p2a: Mudsdale|def|1
|-curestatus|p2a: Mudsdale|slp|[msg]
|move|p2a: Mudsdale|Roar|p1a: Gardevoir
|drag|p1a: Coalossal|Coalossal, F|83/100
|
|upkeep
|turn|21
|
|t:|1599006785
|move|p1a: Coalossal|Heat Crash|p2a: Mudsdale
|-damage|p2a: Mudsdale|8/100
|-ability|p2a: Mudsdale|Stamina|boost
|-boost|p2a: Mudsdale|def|1
|move|p2a: Mudsdale|Stealth Rock|p1a: Coalossal
|-sidestart|p1: Kairak|move: Stealth Rock
|
|upkeep
|turn|22
|
|t:|1599006791
|switch|p1a: Seismitoad|Seismitoad, M|100/100
|-damage|p1a: Seismitoad|94/100|[from] Stealth Rock
|move|p2a: Mudsdale|Rest|p2a: Mudsdale
|-status|p2a: Mudsdale|slp|[from] move: Rest
|-heal|p2a: Mudsdale|100/100 slp|[silent]
|
|-heal|p1a: Seismitoad|100/100|[from] item: Leftovers
|upkeep
|turn|23
|
|t:|1599006797
|switch|p1a: Coalossal|Coalossal, F|83/100
|-damage|p1a: Coalossal|58/100|[from] Stealth Rock
|switch|p2a: Rotom|Rotom-Mow|73/100
|
|upkeep
|turn|24
|
|t:|1599006805
|move|p2a: Rotom|Volt Switch|p1a: Coalossal
|-damage|p1a: Coalossal|40/100
|
|t:|1599006808
|switch|p2a: Mudsdale|Mudsdale, F|100/100 slp|[from]move: Volt Switch
|-activate|p2a: Mudsdale|move: Sticky Web
|-unboost|p2a: Mudsdale|spe|1
|-damage|p2a: Mudsdale|94/100 slp|[from] Stealth Rock
|move|p1a: Coalossal|Rapid Spin|p2a: Mudsdale
|-damage|p2a: Mudsdale|88/100 slp
|-boost|p1a: Coalossal|spe|1
|-ability|p2a: Mudsdale|Stamina|boost
|-boost|p2a: Mudsdale|def|1
|-sideend|p1: Kairak|Stealth Rock|[from] move: Rapid Spin|[of] p1a: Coalossal
|
|upkeep
|turn|25
|
|t:|1599006814
|switch|p1a: Gardevoir|Gardevoir, M|88/100
|-ability|p1a: Gardevoir|Stamina|[from] ability: Trace|[of] p2a: Mudsdale
|cant|p2a: Mudsdale|slp
|
|upkeep
|turn|26
|
|t:|1599006818
|switch|p2a: Klefki|Klefki, F|100/100
|-activate|p2a: Klefki|move: Sticky Web
|-unboost|p2a: Klefki|spe|1
|-damage|p2a: Klefki|95/100|[from] Stealth Rock
|move|p1a: Gardevoir|Moonblast|p2a: Klefki
|-resisted|p2a: Klefki
|-damage|p2a: Klefki|73/100
|-unboost|p2a: Klefki|spa|1
|
|-heal|p2a: Klefki|79/100|[from] item: Leftovers
|upkeep
|turn|27
|
|t:|1599006821
|switch|p1a: Drapion|Drapion, F|88/100
|move|p2a: Klefki|Thunder Wave|p1a: Drapion
|-hint|Since gen 7, Dark is immune to Prankster moves.
|-immune|p1a: Drapion
|
|-heal|p2a: Klefki|85/100|[from] item: Leftovers
|upkeep
|turn|28
|
|t:|1599006829
|switch|p2a: Mudsdale|Mudsdale, F|88/100 slp
|-activate|p2a: Mudsdale|move: Sticky Web
|-unboost|p2a: Mudsdale|spe|1
|-damage|p2a: Mudsdale|82/100 slp|[from] Stealth Rock
|move|p1a: Drapion|Swords Dance|p1a: Drapion
|-boost|p1a: Drapion|atk|2
|
|upkeep
|turn|29
|
|t:|1599006833
|move|p1a: Drapion|Cross Poison|p2a: Mudsdale
|-resisted|p2a: Mudsdale
|-damage|p2a: Mudsdale|64/100 slp
|-ability|p2a: Mudsdale|Stamina|boost
|-boost|p2a: Mudsdale|def|1
|cant|p2a: Mudsdale|slp
|
|upkeep
|turn|30
|
|t:|1599006838
|move|p1a: Drapion|Earthquake|p2a: Mudsdale
|-damage|p2a: Mudsdale|41/100 slp
|-ability|p2a: Mudsdale|Stamina|boost
|-boost|p2a: Mudsdale|def|1
|-curestatus|p2a: Mudsdale|slp|[msg]
|move|p2a: Mudsdale|Roar|p1a: Drapion
|drag|p1a: Coalossal|Coalossal, F|40/100
|
|upkeep
|turn|31
|
|t:|1599006844
|switch|p1a: Gardevoir|Gardevoir, M|88/100
|-ability|p1a: Gardevoir|Stamina|[from] ability: Trace|[of] p2a: Mudsdale
|move|p2a: Mudsdale|Stealth Rock|p1a: Gardevoir
|-sidestart|p1: Kairak|move: Stealth Rock
|
|upkeep
|turn|32
|
|t:|1599006852
|switch|p2a: Klefki|Klefki, F|85/100
|-damage|p2a: Klefki|79/100|[from] Stealth Rock
|-activate|p2a: Klefki|move: Sticky Web
|-unboost|p2a: Klefki|spe|1
|move|p1a: Gardevoir|Moonblast|p2a: Klefki
|-resisted|p2a: Klefki
|-damage|p2a: Klefki|56/100
|-unboost|p2a: Klefki|spa|1
|
|-heal|p2a: Klefki|62/100|[from] item: Leftovers
|upkeep
|turn|33
|
|t:|1599006858
|switch|p2a: Rotom|Rotom-Mow|73/100
|move|p1a: Gardevoir|Trick|p2a: Rotom
|-activate|p1a: Gardevoir|move: Trick|[of] p2a: Rotom
|-item|p2a: Rotom|Chesto Berry|[from] move: Trick
|-item|p1a: Gardevoir|Heavy-Duty Boots|[from] move: Trick
|
|upkeep
|turn|34
|
|t:|1599006871
|switch|p1a: Coalossal|Coalossal, F|40/100
|-damage|p1a: Coalossal|15/100|[from] Stealth Rock
|move|p2a: Rotom|Leaf Storm|p1a: Coalossal
|-damage|p1a: Coalossal|0 fnt
|-unboost|p2a: Rotom|spa|2
|faint|p1a: Coalossal
|
|upkeep
|
|t:|1599006877
|switch|p1a: Drapion|Drapion, F|88/100
|-damage|p1a: Drapion|76/100|[from] Stealth Rock
|turn|35
|
|t:|1599006881
|switch|p2a: Klefki|Klefki, F|62/100
|-damage|p2a: Klefki|56/100|[from] Stealth Rock
|-activate|p2a: Klefki|move: Sticky Web
|-unboost|p2a: Klefki|spe|1
|move|p1a: Drapion|Swords Dance|p1a: Drapion
|-boost|p1a: Drapion|atk|2
|
|-heal|p2a: Klefki|62/100|[from] item: Leftovers
|upkeep
|turn|36
|
|t:|1599006885
|move|p1a: Drapion|Swords Dance|p1a: Drapion
|-boost|p1a: Drapion|atk|2
|move|p2a: Klefki|Foul Play|p1a: Drapion
|-resisted|p1a: Drapion
|-damage|p1a: Drapion|31/100
|
|-heal|p2a: Klefki|67/100|[from] item: Leftovers
|upkeep
|turn|37
|
|t:|1599006890
|move|p1a: Drapion|Earthquake|p2a: Klefki
|-supereffective|p2a: Klefki
|-damage|p2a: Klefki|0 fnt
|faint|p2a: Klefki
|
|upkeep
|
|t:|1599006895
|switch|p2a: Cinccino|Cinccino, F|100/100
|-activate|p2a: Cinccino|move: Sticky Web
|-unboost|p2a: Cinccino|spe|1
|-damage|p2a: Cinccino|88/100|[from] Stealth Rock
|turn|38
|
|t:|1599006900
|move|p1a: Drapion|Knock Off|p2a: Cinccino
|-damage|p2a: Cinccino|0 fnt
|-enditem|p2a: Cinccino|Choice Band|[from] move: Knock Off|[of] p1a: Drapion
|faint|p2a: Cinccino
|
|upkeep
|c|☆Dancanmanfan|i forgot about the webs lol gg
|
|t:|1599006927
|switch|p2a: Mudsdale|Mudsdale, F|41/100
|-activate|p2a: Mudsdale|move: Sticky Web
|-unboost|p2a: Mudsdale|spe|1
|-damage|p2a: Mudsdale|35/100|[from] Stealth Rock
|turn|39
|
|t:|1599006931
|move|p1a: Drapion|Earthquake|p2a: Mudsdale
|-damage|p2a: Mudsdale|0 fnt
|faint|p2a: Mudsdale
|
|upkeep
|
|t:|1599006933
|switch|p2a: Rotom|Rotom-Mow|73/100
|-damage|p2a: Rotom|60/100|[from] Stealth Rock
|turn|40
|
|t:|1599006937
|move|p1a: Drapion|Knock Off|p2a: Rotom
|-damage|p2a: Rotom|0 fnt
|-enditem|p2a: Rotom|Chesto Berry|[from] move: Knock Off|[of] p1a: Drapion
|faint|p2a: Rotom
|
|upkeep
|
|t:|1599006938
|switch|p2a: Blastoise|Blastoise, F|100/100
|-damage|p2a: Blastoise|88/100|[from] Stealth Rock
|-activate|p2a: Blastoise|move: Sticky Web
|-unboost|p2a: Blastoise|spe|1
|-enditem|p2a: Blastoise|White Herb
|-clearnegativeboost|p2a: Blastoise|[silent]
|turn|41
|
|t:|1599006941
|move|p1a: Drapion|Cross Poison|p2a: Blastoise
|-crit|p2a: Blastoise
|-damage|p2a: Blastoise|0 fnt
|faint|p2a: Blastoise
|
|win|Kairak
|l|☆Dancanmanfan
|raw|Kairak's rating: 1443 &rarr; <strong>1454</strong><br />(+11 for winning)
|raw|Dancanmanfan's rating: 1275 &rarr; <strong>1261</strong><br />(-14 for losing)
