|j|☆pandatwink
|j|☆Gchcgn
|player|p1|pandatwink|237|1355
|player|p2|Gchcgn|2|1272
|teamsize|p1|6
|teamsize|p2|6
|gametype|singles
|gen|8
|tier|[Gen 8] RU
|rated|
|clearpoke
|poke|p1|Gigalith, M|
|poke|p1|Sigilyph, F|
|poke|p1|Goodra, M|
|poke|p1|Galvantula, M|
|poke|p1|Pangoro, F|
|poke|p1|Dhelmise|
|poke|p2|Vanilluxe, M|
|poke|p2|Kingler, M|
|poke|p2|Jolteon, F|
|poke|p2|Gigalith, M|
|poke|p2|Drifblim, M|
|poke|p2|Hitmontop, M|
|rule|Sleep Clause Mod: Limit one foe put to sleep
|rule|Species Clause: Limit one of each Pokémon
|rule|OHKO Clause: OHKO moves are banned
|rule|Evasion Moves Clause: Evasion moves are banned
|rule|Endless Battle Clause: Forcing endless battles is banned
|rule|HP Percentage Mod: HP is shown in percentages
|rule|Dynamax Clause: You cannot dynamax
|teampreview
|
|start
|switch|p1a: Luna Paws|Pangoro, F|100/100
|switch|p2a: Kingler|Kingler, M|100/100
|turn|1
|
|switch|p2a: Hitmontop|Hitmontop, M|100/100
|-ability|p2a: Hitmontop|Intimidate|boost
|-immune|p1a: Luna Paws|[from] ability: Scrappy
|switch|p1a: Anchor Arms|Dhelmise|100/100
|
|upkeep
|turn|2
|
|switch|p2a: Drifblim|Drifblim, M|100/100
|move|p1a: Anchor Arms|Power Whip|p2a: Drifblim
|-resisted|p2a: Drifblim
|-damage|p2a: Drifblim|58/100
|
|upkeep
|turn|3
|
|switch|p1a: T h i c c|Goodra, M|100/100
|move|p2a: Drifblim|Will-O-Wisp|p1a: T h i c c
|-status|p1a: T h i c c|brn
|
|-damage|p1a: T h i c c|94/100 brn|[from] brn
|upkeep
|turn|4
|
|switch|p2a: Hitmontop|Hitmontop, M|100/100
|-ability|p2a: Hitmontop|Intimidate|boost
|-unboost|p1a: T h i c c|atk|1
|move|p1a: T h i c c|Draco Meteor|p2a: Hitmontop|[miss]
|-miss|p1a: T h i c c|p2a: Hitmontop
|
|-damage|p1a: T h i c c|88/100 brn|[from] brn
|upkeep
|turn|5
|
|move|p1a: T h i c c|Draco Meteor|p2a: Hitmontop
|-damage|p2a: Hitmontop|33/100
|-unboost|p1a: T h i c c|spa|2
|move|p2a: Hitmontop|Stone Edge|p1a: T h i c c
|-damage|p1a: T h i c c|43/100 brn
|
|-damage|p1a: T h i c c|36/100 brn|[from] brn
|upkeep
|turn|6
|
|switch|p1a: Anchor Arms|Dhelmise|100/100
|move|p2a: Hitmontop|Stone Edge|p1a: Anchor Arms
|-damage|p1a: Anchor Arms|70/100
|
|upkeep
|turn|7
|
|switch|p2a: Drifblim|Drifblim, M|58/100
|move|p1a: Anchor Arms|Anchor Shot|p2a: Drifblim
|-damage|p2a: Drifblim|0 fnt
|-damage|p1a: Anchor Arms|46/100|[from] ability: Aftermath|[of] p2a: Drifblim
|faint|p2a: Drifblim
|
|upkeep
|
|switch|p2a: Jolteon|Jolteon, F|100/100
|turn|8
|
|switch|p1a: Luna Paws|Pangoro, F|100/100
|move|p2a: Jolteon|Shadow Ball|p1a: Luna Paws
|-resisted|p1a: Luna Paws
|-damage|p1a: Luna Paws|77/100
|-damage|p2a: Jolteon|91/100|[from] item: Life Orb
|
|upkeep
|turn|9
|
|switch|p1a: Dwayne Johnson|Gigalith, M|100/100
|-weather|Sandstorm|[from] ability: Sand Stream|[of] p1a: Dwayne Johnson
|move|p2a: Jolteon|Volt Switch|p1a: Dwayne Johnson
|-damage|p1a: Dwayne Johnson|73/100
|-damage|p2a: Jolteon|81/100|[from] item: Life Orb
|
|switch|p2a: Kingler|Kingler, M|100/100|[from]move: Volt Switch
|
|-weather|Sandstorm|[upkeep]
|-damage|p2a: Kingler|95/100|[from] Sandstorm
|-heal|p1a: Dwayne Johnson|79/100|[from] item: Leftovers
|upkeep
|turn|10
|
|move|p2a: Kingler|Agility|p2a: Kingler
|-boost|p2a: Kingler|spe|2
|move|p1a: Dwayne Johnson|Stealth Rock|p2a: Kingler
|-sidestart|p2: Gchcgn|move: Stealth Rock
|
|-weather|Sandstorm|[upkeep]
|-damage|p2a: Kingler|89/100|[from] Sandstorm
|-heal|p1a: Dwayne Johnson|85/100|[from] item: Leftovers
|upkeep
|turn|11
|
|move|p2a: Kingler|Swords Dance|p2a: Kingler
|-boost|p2a: Kingler|atk|2
|move|p1a: Dwayne Johnson|Rock Blast|p2a: Kingler
|-damage|p2a: Kingler|73/100
|-damage|p2a: Kingler|57/100
|-damage|p2a: Kingler|42/100
|-damage|p2a: Kingler|27/100
|-damage|p2a: Kingler|11/100
|-hitcount|p2a: Kingler|5
|
|-weather|Sandstorm|[upkeep]
|-damage|p2a: Kingler|5/100|[from] Sandstorm
|-heal|p1a: Dwayne Johnson|91/100|[from] item: Leftovers
|upkeep
|turn|12
|
|move|p1a: Dwayne Johnson|Protect|p1a: Dwayne Johnson
|-singleturn|p1a: Dwayne Johnson|Protect
|move|p2a: Kingler|Liquidation|p1a: Dwayne Johnson
|-activate|p1a: Dwayne Johnson|move: Protect
|
|-weather|Sandstorm|[upkeep]
|-damage|p2a: Kingler|0 fnt|[from] Sandstorm
|faint|p2a: Kingler
|-heal|p1a: Dwayne Johnson|98/100|[from] item: Leftovers
|upkeep
|-message|Gchcgn forfeited.
|
|win|pandatwink
|l|☆Gchcgn
|raw|pandatwink's rating: 1356 &rarr; <strong>1371</strong><br />(+15 for winning)
|raw|Gchcgn's rating: 1272 &rarr; <strong>1253</strong><br />(-19 for losing)
