|j|☆captain_siix
|j|☆eyes_eyes
|t:|1651202776
|gametype|singles
|player|p1|captain_siix|1|1168
|player|p2|eyes_eyes|winona|1234
|teamsize|p1|6
|teamsize|p2|6
|gen|8
|tier|[Gen 8] RU
|rated|
|rule|Sleep Clause Mod: Limit one foe put to sleep
|rule|Species Clause: Limit one of each Pokémon
|rule|OHKO Clause: OHKO moves are banned
|rule|Evasion Moves Clause: Evasion moves are banned
|rule|Endless Battle Clause: Forcing endless battles is banned
|rule|HP Percentage Mod: HP is shown in percentages
|rule|Dynamax Clause: You cannot dynamax
|clearpoke
|poke|p1|Rhyperior, F|
|poke|p1|Starmie|
|poke|p1|Roserade, M|
|poke|p1|Togekiss, F|
|poke|p1|Bronzong|
|poke|p1|Gardevoir, F|
|poke|p2|Porygon2|
|poke|p2|Gardevoir, M|
|poke|p2|Metagross|
|poke|p2|Virizion|
|poke|p2|Milotic, M|
|poke|p2|Heracross, F|
|teampreview
|
|t:|1651202802
|start
|switch|p1a: Rhyperior|Rhyperior, F|100/100
|switch|p2a: Milotic|Milotic, M|100/100
|turn|1
|
|t:|1651202813
|switch|p1a: Roserade|Roserade, M|100/100
|move|p2a: Milotic|Flip Turn|p1a: Roserade
|-resisted|p1a: Roserade
|-damage|p1a: Roserade|93/100
|-damage|p2a: Milotic|84/100|[from] item: Rocky Helmet|[of] p1a: Roserade
|
|t:|1651202829
|switch|p2a: Metagross|Metagross|100/100|[from]move: Flip Turn
|
|upkeep
|turn|2
|
|t:|1651202836
|switch|p2a: Gardevoir|Gardevoir, M|100/100
|-ability|p2a: Gardevoir|Poison Point|[from] ability: Trace|[of] p1a: Roserade
|move|p1a: Roserade|Spikes|p2a: Gardevoir
|-sidestart|p2: eyes_eyes|Spikes
|
|upkeep
|turn|3
|
|t:|1651202843
|switch|p1a: Bronzong|Bronzong|100/100
|move|p2a: Gardevoir|Psychic|p1a: Bronzong
|-resisted|p1a: Bronzong
|-damage|p1a: Bronzong|93/100
|
|-heal|p1a: Bronzong|99/100|[from] item: Leftovers
|upkeep
|turn|4
|
|t:|1651202855
|switch|p2a: Heracross|Heracross, F|100/100
|-damage|p2a: Heracross|88/100|[from] Spikes
|move|p1a: Bronzong|Stealth Rock|p2a: Heracross
|-sidestart|p2: eyes_eyes|move: Stealth Rock
|
|-heal|p1a: Bronzong|100/100|[from] item: Leftovers
|-status|p2a: Heracross|brn|[from] item: Flame Orb
|upkeep
|turn|5
|
|t:|1651202863
|switch|p1a: Roserade|Roserade, M|93/100
|move|p2a: Heracross|Knock Off|p1a: Roserade
|-damage|p1a: Roserade|25/100
|-damage|p2a: Heracross|72/100 brn|[from] item: Rocky Helmet|[of] p1a: Roserade
|-enditem|p1a: Roserade|Rocky Helmet|[from] move: Knock Off|[of] p2a: Heracross
|
|-damage|p2a: Heracross|66/100 brn|[from] brn
|upkeep
|turn|6
|
|t:|1651202882
|switch|p2a: Metagross|Metagross|100/100
|-damage|p2a: Metagross|94/100|[from] Stealth Rock
|-damage|p2a: Metagross|82/100|[from] Spikes
|move|p1a: Roserade|Synthesis|p1a: Roserade
|-heal|p1a: Roserade|75/100
|
|upkeep
|turn|7
|
|t:|1651202893
|move|p1a: Roserade|Spikes|p2a: Metagross
|-sidestart|p2: eyes_eyes|Spikes
|move|p2a: Metagross|Zen Headbutt|p1a: Roserade
|-supereffective|p1a: Roserade
|-damage|p1a: Roserade|0 fnt
|faint|p1a: Roserade
|
|upkeep
|
|t:|1651202908
|switch|p1a: Gardevoir|Gardevoir, F|100/100
|-ability|p1a: Gardevoir|Clear Body|[from] ability: Trace|[of] p2a: Metagross
|turn|8
|
|t:|1651202917
|switch|p2a: Porygon2|Porygon2|100/100
|-damage|p2a: Porygon2|88/100|[from] Stealth Rock
|-damage|p2a: Porygon2|72/100|[from] Spikes
|move|p1a: Gardevoir|Mystical Fire|p2a: Porygon2
|-damage|p2a: Porygon2|45/100
|-unboost|p2a: Porygon2|spa|1
|
|upkeep
|turn|9
|
|t:|1651202925
|switch|p1a: Bronzong|Bronzong|100/100
|move|p2a: Porygon2|Recover|p2a: Porygon2
|-heal|p2a: Porygon2|95/100
|
|upkeep
|turn|10
|
|t:|1651202933
|switch|p2a: Heracross|Heracross, F|66/100 brn
|-damage|p2a: Heracross|49/100 brn|[from] Spikes
|-damage|p2a: Heracross|37/100 brn|[from] Stealth Rock
|move|p1a: Bronzong|Toxic||[still]
|-fail|p1a: Bronzong
|
|-damage|p2a: Heracross|31/100 brn|[from] brn
|upkeep
|turn|11
|
|t:|1651202942
|switch|p1a: Rhyperior|Rhyperior, F|100/100
|move|p2a: Heracross|Knock Off|p1a: Rhyperior
|-damage|p1a: Rhyperior|69/100
|-enditem|p1a: Rhyperior|Leftovers|[from] move: Knock Off|[of] p2a: Heracross
|
|-damage|p2a: Heracross|25/100 brn|[from] brn
|upkeep
|turn|12
|
|t:|1651202955
|switch|p1a: Togekiss|Togekiss, F|100/100
|move|p2a: Heracross|Close Combat|p1a: Togekiss
|-resisted|p1a: Togekiss
|-damage|p1a: Togekiss|72/100
|-unboost|p2a: Heracross|def|1
|-unboost|p2a: Heracross|spd|1
|
|-damage|p2a: Heracross|19/100 brn|[from] brn
|upkeep
|turn|13
|
|t:|1651202978
|move|p1a: Togekiss|Air Slash|p2a: Heracross
|-supereffective|p2a: Heracross
|-damage|p2a: Heracross|0 fnt
|faint|p2a: Heracross
|
|upkeep
|
|t:|1651202991
|switch|p2a: Porygon2|Porygon2|95/100
|-damage|p2a: Porygon2|79/100|[from] Spikes
|-damage|p2a: Porygon2|67/100|[from] Stealth Rock
|turn|14
|
|t:|1651202999
|move|p1a: Togekiss|Air Slash|p2a: Porygon2|[miss]
|-miss|p1a: Togekiss|p2a: Porygon2
|move|p2a: Porygon2|Shadow Ball|p1a: Togekiss
|-damage|p1a: Togekiss|42/100
|
|upkeep
|turn|15
|
|t:|1651203004
|move|p1a: Togekiss|Air Slash|p2a: Porygon2
|-crit|p2a: Porygon2
|-damage|p2a: Porygon2|31/100
|cant|p2a: Porygon2|flinch
|
|upkeep
|turn|16
|
|t:|1651203008
|move|p1a: Togekiss|Air Slash|p2a: Porygon2
|-damage|p2a: Porygon2|8/100
|move|p2a: Porygon2|Recover|p2a: Porygon2
|-heal|p2a: Porygon2|58/100
|
|upkeep
|turn|17
|
|t:|1651203013
|move|p1a: Togekiss|Air Slash|p2a: Porygon2
|-damage|p2a: Porygon2|35/100
|cant|p2a: Porygon2|flinch
|
|upkeep
|turn|18
|
|t:|1651203017
|switch|p1a: Rhyperior|Rhyperior, F|69/100
|move|p2a: Porygon2|Recover|p2a: Porygon2
|-heal|p2a: Porygon2|85/100
|
|upkeep
|turn|19
|
|t:|1651203025
|switch|p2a: Metagross|Metagross|82/100
|-damage|p2a: Metagross|76/100|[from] Stealth Rock
|-damage|p2a: Metagross|60/100|[from] Spikes
|move|p1a: Rhyperior|Earthquake|p2a: Metagross
|-supereffective|p2a: Metagross
|-enditem|p2a: Metagross|Shuca Berry|[eat]
|-enditem|p2a: Metagross|Shuca Berry|[weaken]
|-damage|p2a: Metagross|16/100
|
|upkeep
|turn|20
|
|t:|1651203034
|move|p2a: Metagross|Stealth Rock|p1a: Rhyperior
|-sidestart|p1: captain_siix|move: Stealth Rock
|move|p1a: Rhyperior|Earthquake|p2a: Metagross
|-supereffective|p2a: Metagross
|-damage|p2a: Metagross|0 fnt
|faint|p2a: Metagross
|
|upkeep
|
|t:|1651203052
|switch|p2a: Milotic|Milotic, M|84/100
|-damage|p2a: Milotic|68/100|[from] Spikes
|-damage|p2a: Milotic|55/100|[from] Stealth Rock
|turn|21
|
|t:|1651203060
|switch|p1a: Bronzong|Bronzong|100/100
|-damage|p1a: Bronzong|94/100|[from] Stealth Rock
|move|p2a: Milotic|Scald|p1a: Bronzong
|-damage|p1a: Bronzong|76/100
|
|-heal|p1a: Bronzong|82/100|[from] item: Leftovers
|-status|p2a: Milotic|brn|[from] item: Flame Orb
|upkeep
|turn|22
|
|t:|1651203071
|move|p2a: Milotic|Scald|p1a: Bronzong
|-crit|p1a: Bronzong
|-damage|p1a: Bronzong|51/100
|-status|p1a: Bronzong|brn
|move|p1a: Bronzong|Earthquake|p2a: Milotic
|-damage|p2a: Milotic|50/100 brn
|
|-heal|p1a: Bronzong|57/100 brn|[from] item: Leftovers
|-damage|p2a: Milotic|44/100 brn|[from] brn
|-damage|p1a: Bronzong|51/100 brn|[from] brn
|upkeep
|turn|23
|
|t:|1651203081
|move|p2a: Milotic|Recover|p2a: Milotic
|-heal|p2a: Milotic|94/100 brn
|move|p1a: Bronzong|Earthquake|p2a: Milotic
|-damage|p2a: Milotic|89/100 brn
|
|-heal|p1a: Bronzong|57/100 brn|[from] item: Leftovers
|-damage|p2a: Milotic|83/100 brn|[from] brn
|-damage|p1a: Bronzong|51/100 brn|[from] brn
|upkeep
|turn|24
|
|t:|1651203103
|move|p2a: Milotic|Scald|p1a: Bronzong
|-damage|p1a: Bronzong|30/100 brn
|move|p1a: Bronzong|Toxic||[still]
|-fail|p1a: Bronzong
|
|-heal|p1a: Bronzong|37/100 brn|[from] item: Leftovers
|-damage|p2a: Milotic|77/100 brn|[from] brn
|-damage|p1a: Bronzong|30/100 brn|[from] brn
|upkeep
|turn|25
|
|t:|1651203123
|move|p2a: Milotic|Scald|p1a: Bronzong
|-damage|p1a: Bronzong|11/100 brn
|move|p1a: Bronzong|Toxic||[still]
|-fail|p1a: Bronzong
|
|-heal|p1a: Bronzong|17/100 brn|[from] item: Leftovers
|-damage|p2a: Milotic|71/100 brn|[from] brn
|-damage|p1a: Bronzong|11/100 brn|[from] brn
|upkeep
|turn|26
|
|t:|1651203133
|move|p2a: Milotic|Recover|p2a: Milotic
|-heal|p2a: Milotic|100/100 brn
|move|p1a: Bronzong|Toxic||[still]
|-fail|p1a: Bronzong
|
|-heal|p1a: Bronzong|17/100 brn|[from] item: Leftovers
|-damage|p2a: Milotic|94/100 brn|[from] brn
|-damage|p1a: Bronzong|11/100 brn|[from] brn
|upkeep
|turn|27
|
|t:|1651203140
|move|p2a: Milotic|Scald|p1a: Bronzong
|-damage|p1a: Bronzong|0 fnt
|faint|p1a: Bronzong
|
|-damage|p2a: Milotic|88/100 brn|[from] brn
|upkeep
|
|t:|1651203144
|switch|p1a: Gardevoir|Gardevoir, F|100/100
|-damage|p1a: Gardevoir|88/100|[from] Stealth Rock
|-ability|p1a: Gardevoir|Marvel Scale|[from] ability: Trace|[of] p2a: Milotic
|turn|28
|
|t:|1651203157
|switch|p2a: Virizion|Virizion|100/100
|-damage|p2a: Virizion|94/100|[from] Stealth Rock
|-damage|p2a: Virizion|78/100|[from] Spikes
|move|p1a: Gardevoir|Grass Knot|p2a: Virizion
|-resisted|p2a: Virizion
|-crit|p2a: Virizion
|-damage|p2a: Virizion|42/100
|
|upkeep
|turn|29
|
|t:|1651203175
|switch|p1a: Rhyperior|Rhyperior, F|69/100
|-damage|p1a: Rhyperior|62/100|[from] Stealth Rock
|move|p2a: Virizion|Megahorn|p1a: Rhyperior
|-damage|p1a: Rhyperior|36/100
|-damage|p2a: Virizion|32/100|[from] item: Life Orb
|
|upkeep
|turn|30
|
|t:|1651203187
|move|p2a: Virizion|Close Combat|p1a: Rhyperior
|-supereffective|p1a: Rhyperior
|-damage|p1a: Rhyperior|0 fnt
|-unboost|p2a: Virizion|def|1
|-unboost|p2a: Virizion|spd|1
|faint|p1a: Rhyperior
|-damage|p2a: Virizion|22/100|[from] item: Life Orb
|
|upkeep
|
|t:|1651203202
|switch|p1a: Togekiss|Togekiss, F|42/100
|-damage|p1a: Togekiss|17/100|[from] Stealth Rock
|turn|31
|
|t:|1651203211
|move|p1a: Togekiss|Air Slash|p2a: Virizion
|-supereffective|p2a: Virizion
|-damage|p2a: Virizion|0 fnt
|faint|p2a: Virizion
|
|upkeep
|
|t:|1651203223
|switch|p2a: Gardevoir|Gardevoir, M|100/100
|-damage|p2a: Gardevoir|84/100|[from] Spikes
|-damage|p2a: Gardevoir|72/100|[from] Stealth Rock
|-ability|p2a: Gardevoir|Serene Grace|[from] ability: Trace|[of] p1a: Togekiss
|turn|32
|
|t:|1651203230
|move|p1a: Togekiss|Air Slash|p2a: Gardevoir
|-damage|p2a: Gardevoir|33/100
|move|p2a: Gardevoir|Moonblast|p1a: Togekiss
|-damage|p1a: Togekiss|0 fnt
|faint|p1a: Togekiss
|
|upkeep
|
|t:|1651203240
|switch|p1a: Starmie|Starmie|100/100
|-damage|p1a: Starmie|88/100|[from] Stealth Rock
|turn|33
|
|t:|1651203244
|move|p2a: Gardevoir|Moonblast|p1a: Starmie
|-damage|p1a: Starmie|21/100
|-unboost|p1a: Starmie|spa|1
|move|p1a: Starmie|Scald|p2a: Gardevoir
|-damage|p2a: Gardevoir|0 fnt
|faint|p2a: Gardevoir
|-damage|p1a: Starmie|11/100|[from] item: Life Orb
|
|upkeep
|
|t:|1651203259
|switch|p2a: Milotic|Milotic, M|88/100 brn
|-damage|p2a: Milotic|72/100 brn|[from] Spikes
|-damage|p2a: Milotic|59/100 brn|[from] Stealth Rock
|turn|34
|
|t:|1651203265
|move|p1a: Starmie|Recover|p1a: Starmie
|-heal|p1a: Starmie|61/100
|move|p2a: Milotic|Recover|p2a: Milotic
|-heal|p2a: Milotic|100/100 brn
|
|-damage|p2a: Milotic|94/100 brn|[from] brn
|upkeep
|turn|35
|
|t:|1651203278
|move|p1a: Starmie|Recover|p1a: Starmie
|-heal|p1a: Starmie|100/100
|move|p2a: Milotic|Flip Turn|p1a: Starmie
|-resisted|p1a: Starmie
|-damage|p1a: Starmie|96/100
|
|t:|1651203283
|switch|p2a: Porygon2|Porygon2|85/100|[from]move: Flip Turn
|-damage|p2a: Porygon2|73/100|[from] Stealth Rock
|-damage|p2a: Porygon2|56/100|[from] Spikes
|
|upkeep
|turn|36
|
|t:|1651203289
|switch|p1a: Gardevoir|Gardevoir, F|88/100
|-damage|p1a: Gardevoir|76/100|[from] Stealth Rock
|-ability|p1a: Gardevoir|Analytic|[from] ability: Trace|[of] p2a: Porygon2
|move|p2a: Porygon2|Shadow Ball|p1a: Gardevoir
|-supereffective|p1a: Gardevoir
|-damage|p1a: Gardevoir|2/100
|
|upkeep
|turn|37
|
|t:|1651203304
|move|p1a: Gardevoir|Moonblast|p2a: Porygon2
|-damage|p2a: Porygon2|7/100
|move|p2a: Porygon2|Recover|p2a: Porygon2
|-heal|p2a: Porygon2|57/100
|
|upkeep
|turn|38
|
|t:|1651203312
|move|p1a: Gardevoir|Moonblast|p2a: Porygon2
|-damage|p2a: Porygon2|13/100
|-unboost|p2a: Porygon2|spa|1
|move|p2a: Porygon2|Recover|p2a: Porygon2
|-heal|p2a: Porygon2|63/100
|
|upkeep
|turn|39
|
|t:|1651203318
|move|p1a: Gardevoir|Moonblast|p2a: Porygon2
|-damage|p2a: Porygon2|17/100
|move|p2a: Porygon2|Recover|p2a: Porygon2
|-heal|p2a: Porygon2|67/100
|
|upkeep
|turn|40
|
|t:|1651203324
|move|p1a: Gardevoir|Moonblast|p2a: Porygon2
|-damage|p2a: Porygon2|21/100
|-unboost|p2a: Porygon2|spa|1
|move|p2a: Porygon2|Recover|p2a: Porygon2
|-heal|p2a: Porygon2|71/100
|
|upkeep
|turn|41
|
|t:|1651203330
|move|p1a: Gardevoir|Moonblast|p2a: Porygon2
|-damage|p2a: Porygon2|23/100
|move|p2a: Porygon2|Recover|p2a: Porygon2
|-heal|p2a: Porygon2|73/100
|
|upkeep
|turn|42
|
|t:|1651203345
|move|p1a: Gardevoir|Moonblast|p2a: Porygon2
|-crit|p2a: Porygon2
|-damage|p2a: Porygon2|7/100
|move|p2a: Porygon2|Recover|p2a: Porygon2
|-heal|p2a: Porygon2|57/100
|
|upkeep
|turn|43
|
|t:|1651203350
|move|p1a: Gardevoir|Moonblast|p2a: Porygon2
|-damage|p2a: Porygon2|15/100
|move|p2a: Porygon2|Recover|p2a: Porygon2
|-heal|p2a: Porygon2|65/100
|
|upkeep
|turn|44
|
|t:|1651203356
|move|p1a: Gardevoir|Moonblast|p2a: Porygon2
|-damage|p2a: Porygon2|23/100
|move|p2a: Porygon2|Recover|p2a: Porygon2
|-heal|p2a: Porygon2|73/100
|
|upkeep
|turn|45
|
|t:|1651203361
|move|p1a: Gardevoir|Moonblast|p2a: Porygon2
|-damage|p2a: Porygon2|25/100
|move|p2a: Porygon2|Recover|p2a: Porygon2
|-heal|p2a: Porygon2|75/100
|
|upkeep
|turn|46
|
|t:|1651203368
|switch|p2a: Milotic|Milotic, M|94/100 brn
|-damage|p2a: Milotic|82/100 brn|[from] Stealth Rock
|-damage|p2a: Milotic|65/100 brn|[from] Spikes
|move|p1a: Gardevoir|Moonblast|p2a: Milotic
|-damage|p2a: Milotic|1/100 brn
|-unboost|p2a: Milotic|spa|1
|
|-damage|p2a: Milotic|0 fnt|[from] brn
|faint|p2a: Milotic
|upkeep
|
|t:|1651203377
|switch|p2a: Porygon2|Porygon2|75/100
|-damage|p2a: Porygon2|62/100|[from] Stealth Rock
|-damage|p2a: Porygon2|46/100|[from] Spikes
|turn|47
|
|t:|1651203384
|move|p1a: Gardevoir|Moonblast|p2a: Porygon2
|-damage|p2a: Porygon2|0 fnt
|faint|p2a: Porygon2
|
|win|captain_siix
|raw|captain_siix's rating: 1168 &rarr; <strong>1198</strong><br />(+30 for winning)
|raw|eyes_eyes's rating: 1234 &rarr; <strong>1204</strong><br />(-30 for losing)
|c|☆eyes_eyes|gg
|c|☆captain_siix|gg
|l|☆eyes_eyes
