|j|☆Testinganteater
|j|☆Kyerndo
|t:|1645776146
|gametype|singles
|player|p1|Testinganteater|juggler|1354
|player|p2|Kyerndo|psychic|1330
|teamsize|p1|6
|teamsize|p2|6
|gen|8
|tier|[Gen 8] RU
|rated|
|rule|Sleep Clause Mod: Limit one foe put to sleep
|rule|Species Clause: Limit one of each Pokémon
|rule|OHKO Clause: OHKO moves are banned
|rule|Evasion Moves Clause: Evasion moves are banned
|rule|Endless Battle Clause: Forcing endless battles is banned
|rule|HP Percentage Mod: HP is shown in percentages
|rule|Dynamax Clause: You cannot dynamax
|clearpoke
|poke|p1|Registeel|
|poke|p1|Noivern, M|
|poke|p1|Flygon, M|
|poke|p1|Jellicent, M|
|poke|p1|Celebi|
|poke|p1|Bewear, M|
|poke|p2|Marowak-Alola, F|
|poke|p2|Dragalge, M|
|poke|p2|Copperajah, F|
|poke|p2|Bronzong|
|poke|p2|Cresselia, F|
|poke|p2|Diancie|
|teampreview
|
|t:|1645776168
|start
|switch|p1a: Jellicent|Jellicent, M|100/100
|switch|p2a: Marowak|Marowak-Alola, F|100/100
|turn|1
|
|t:|1645776193
|switch|p1a: Flygon|Flygon, M, shiny|100/100
|move|p2a: Marowak|Poltergeist|p1a: Flygon
|-activate|p1a: Flygon|move: Poltergeist|Leftovers
|-damage|p1a: Flygon|0 fnt
|faint|p1a: Flygon
|
|upkeep
|
|t:|1645776201
|switch|p1a: Celebi|Celebi|100/100
|turn|2
|
|t:|1645776204
|move|p1a: Celebi|Earth Power|p2a: Marowak
|-supereffective|p2a: Marowak
|-damage|p2a: Marowak|35/100
|move|p2a: Marowak|Flare Blitz|p1a: Celebi
|-supereffective|p1a: Celebi
|-damage|p1a: Celebi|0 fnt
|faint|p1a: Celebi
|
|upkeep
|
|t:|1645776209
|switch|p1a: Bewear|Bewear, M|100/100
|turn|3
|
|t:|1645776214
|switch|p2a: Diancie|Diancie|100/100
|move|p1a: Bewear|Darkest Lariat|p2a: Diancie
|-resisted|p2a: Diancie
|-damage|p2a: Diancie|89/100
|
|upkeep
|turn|4
|
|t:|1645776221
|switch|p1a: Jellicent|Jellicent, M|100/100
|switch|p2a: Marowak|Marowak-Alola, F|35/100
|
|upkeep
|turn|5
|
|t:|1645776234
|switch|p2a: Cresselia|Cresselia, F|100/100
|move|p1a: Jellicent|Hex|p2a: Cresselia
|-supereffective|p2a: Cresselia
|-damage|p2a: Cresselia|79/100
|
|upkeep
|turn|6
|
|t:|1645776237
|move|p1a: Jellicent|Taunt|p2a: Cresselia
|-start|p2a: Cresselia|move: Taunt
|-enditem|p2a: Cresselia|Mental Herb
|-end|p2a: Cresselia|move: Taunt
|move|p2a: Cresselia|Trick Room|p2a: Cresselia
|-fieldstart|move: Trick Room|[of] p2a: Cresselia
|
|upkeep
|turn|7
|
|t:|1645776250
|switch|p1a: Noivern|Noivern, M|100/100
|move|p2a: Cresselia|Lunar Dance|p2a: Cresselia
|faint|p2a: Cresselia
|
|upkeep
|
|t:|1645776256
|switch|p2a: Marowak|Marowak-Alola, F|35/100
|-heal|p2a: Marowak|100/100|[from] move: Lunar Dance
|turn|8
|
|t:|1645776267
|switch|p1a: Bewear|Bewear, M|100/100
|move|p2a: Marowak|Poltergeist|p1a: Bewear
|-immune|p1a: Bewear
|
|upkeep
|turn|9
|
|t:|1645776273
|move|p2a: Marowak|Flare Blitz|p1a: Bewear
|-damage|p1a: Bewear|2/100
|move|p1a: Bewear|Darkest Lariat|p2a: Marowak
|-supereffective|p2a: Marowak
|-damage|p2a: Marowak|42/100
|
|upkeep
|turn|10
|
|t:|1645776280
|move|p2a: Marowak|Flare Blitz|p1a: Bewear
|-damage|p1a: Bewear|0 fnt
|faint|p1a: Bewear
|
|-fieldend|move: Trick Room
|upkeep
|
|t:|1645776283
|switch|p1a: Jellicent|Jellicent, M|100/100
|turn|11
|
|t:|1645776287
|switch|p2a: Dragalge|Dragalge, M|100/100
|move|p1a: Jellicent|Hex|p2a: Dragalge
|-damage|p2a: Dragalge|83/100
|
|upkeep
|turn|12
|
|t:|1645776293
|move|p1a: Jellicent|Will-O-Wisp|p2a: Dragalge
|-status|p2a: Dragalge|brn
|move|p2a: Dragalge|Draco Meteor|p1a: Jellicent
|-damage|p1a: Jellicent|0 fnt
|-unboost|p2a: Dragalge|spa|2
|faint|p1a: Jellicent
|
|-damage|p2a: Dragalge|77/100 brn|[from] brn
|upkeep
|-message|Testinganteater forfeited.
|
|win|Kyerndo
|raw|Testinganteater's rating: 1354 &rarr; <strong>1333</strong><br />(-21 for losing)
|raw|Kyerndo's rating: 1330 &rarr; <strong>1351</strong><br />(+21 for winning)
|l|☆Testinganteater
