|j|☆monotypewhat
|j|☆ohaihuman
|t:|1595659172
|player|p1|monotypewhat|170|1650
|player|p2|ohaihuman|volkner|1434
|teamsize|p1|6
|teamsize|p2|6
|gametype|singles
|gen|8
|tier|[Gen 8] RU
|rated|
|clearpoke
|poke|p1|Vileplume, F|
|poke|p1|Coalossal, F|
|poke|p1|Passimian, F|
|poke|p1|Vaporeon, M|
|poke|p1|Tauros, M|
|poke|p1|Vikavolt, M|
|poke|p2|Bewear, F|
|poke|p2|Dhelmise|
|poke|p2|Ribombee, M|
|poke|p2|Rhydon, M|
|poke|p2|Vaporeon, F|
|poke|p2|Salazzle, F|
|rule|Sleep Clause Mod: Limit one foe put to sleep
|rule|Species Clause: Limit one of each Pokémon
|rule|OHKO Clause: OHKO moves are banned
|rule|Evasion Moves Clause: Evasion moves are banned
|rule|Endless Battle Clause: Forcing endless battles is banned
|rule|HP Percentage Mod: HP is shown in percentages
|rule|Dynamax Clause: You cannot dynamax
|teampreview
|inactive|Battle timer is ON: inactive players will automatically lose when time's up. (requested by monotypewhat)
|
|t:|1595659187
|start
|switch|p1a: Tauros|Tauros, M|100/100
|switch|p2a: Salazzle|Salazzle, F|100/100
|turn|1
|
|t:|1595659195
|switch|p2a: Rhydon|Rhydon, M|100/100
|move|p1a: Tauros|Body Slam|p2a: Rhydon
|-resisted|p2a: Rhydon
|-damage|p2a: Rhydon|84/100
|
|upkeep
|turn|2
|
|t:|1595659201
|move|p1a: Tauros|Iron Head|p2a: Rhydon
|-supereffective|p2a: Rhydon
|-damage|p2a: Rhydon|39/100
|move|p2a: Rhydon|Rock Blast|p1a: Tauros
|-damage|p1a: Tauros|84/100
|-damage|p1a: Tauros|65/100
|-hitcount|p1a: Tauros|2
|
|upkeep
|turn|3
|
|t:|1595659212
|move|p1a: Tauros|Close Combat|p2a: Rhydon
|-supereffective|p2a: Rhydon
|-damage|p2a: Rhydon|0 fnt
|-unboost|p1a: Tauros|def|1
|-unboost|p1a: Tauros|spd|1
|-damage|p1a: Tauros|55/100|[from] item: Life Orb
|faint|p2a: Rhydon
|
|upkeep
|
|t:|1595659221
|switch|p2a: Bewear|Bewear, F|100/100
|turn|4
|
|t:|1595659226
|switch|p1a: Vileplume|Vileplume, F|100/100
|move|p2a: Bewear|Swords Dance|p2a: Bewear
|-boost|p2a: Bewear|atk|2
|
|upkeep
|turn|5
|
|t:|1595659241
|move|p2a: Bewear|Double-Edge|p1a: Vileplume
|-damage|p1a: Vileplume|11/100
|-damage|p2a: Bewear|73/100|[from] Recoil
|move|p1a: Vileplume|Sludge Bomb|p2a: Bewear
|-damage|p2a: Bewear|25/100
|-status|p2a: Bewear|psn
|-enditem|p2a: Bewear|Lum Berry|[eat]
|-curestatus|p2a: Bewear|psn|[msg]
|
|-heal|p1a: Vileplume|17/100|[from] item: Black Sludge
|upkeep
|turn|6
|
|t:|1595659249
|move|p2a: Bewear|Drain Punch|p1a: Vileplume
|-resisted|p1a: Vileplume
|-damage|p1a: Vileplume|0 fnt
|-heal|p2a: Bewear|33/100|[from] drain|[of] p1a: Vileplume
|faint|p1a: Vileplume
|
|upkeep
|
|t:|1595659252
|switch|p1a: Tauros|Tauros, M|55/100
|turn|7
|
|t:|1595659266
|move|p1a: Tauros|Close Combat|p2a: Bewear
|-supereffective|p2a: Bewear
|-damage|p2a: Bewear|0 fnt
|-unboost|p1a: Tauros|def|1
|-unboost|p1a: Tauros|spd|1
|-damage|p1a: Tauros|46/100|[from] item: Life Orb
|faint|p2a: Bewear
|
|upkeep
|
|t:|1595659273
|switch|p2a: Salazzle|Salazzle, F|100/100
|turn|8
|
|t:|1595659277
|switch|p1a: Coalossal|Coalossal, F|100/100
|move|p2a: Salazzle|Sludge Wave|p1a: Coalossal
|-resisted|p1a: Coalossal
|-damage|p1a: Coalossal|88/100
|
|upkeep
|turn|9
|
|t:|1595659281
|move|p2a: Salazzle|Toxic|p1a: Coalossal
|-status|p1a: Coalossal|tox
|move|p1a: Coalossal|Stealth Rock|p2a: Salazzle
|-sidestart|p2: ohaihuman|move: Stealth Rock
|
|-damage|p1a: Coalossal|82/100 tox|[from] psn
|upkeep
|turn|10
|
|t:|1595659286
|switch|p2a: Vaporeon|Vaporeon, F|100/100
|-damage|p2a: Vaporeon|88/100|[from] Stealth Rock
|move|p1a: Coalossal|Rock Blast|p2a: Vaporeon
|-damage|p2a: Vaporeon|83/100
|-damage|p2a: Vaporeon|77/100
|-damage|p2a: Vaporeon|71/100
|-hitcount|p2a: Vaporeon|3
|
|-heal|p2a: Vaporeon|77/100|[from] item: Leftovers
|-damage|p1a: Coalossal|69/100 tox|[from] psn
|upkeep
|turn|11
|
|t:|1595659293
|switch|p1a: Vikavolt|Vikavolt, M|100/100
|move|p2a: Vaporeon|Toxic|p1a: Vikavolt
|-status|p1a: Vikavolt|tox
|
|-heal|p2a: Vaporeon|84/100|[from] item: Leftovers
|-damage|p1a: Vikavolt|94/100 tox|[from] psn
|upkeep
|turn|12
|
|t:|1595659299
|move|p2a: Vaporeon|Protect|p2a: Vaporeon
|-singleturn|p2a: Vaporeon|Protect
|move|p1a: Vikavolt|Volt Switch|p2a: Vaporeon
|-activate|p2a: Vaporeon|move: Protect
|
|-heal|p2a: Vaporeon|90/100|[from] item: Leftovers
|-damage|p1a: Vikavolt|82/100 tox|[from] psn
|upkeep
|turn|13
|
|t:|1595659303
|move|p2a: Vaporeon|Wish|p2a: Vaporeon
|move|p1a: Vikavolt|Volt Switch|p2a: Vaporeon
|-supereffective|p2a: Vaporeon
|-damage|p2a: Vaporeon|19/100
|
|t:|1595659310
|switch|p1a: Tauros|Tauros, M|46/100|[from]move: Volt Switch
|
|-heal|p2a: Vaporeon|25/100|[from] item: Leftovers
|upkeep
|turn|14
|
|t:|1595659316
|move|p2a: Vaporeon|Protect|p2a: Vaporeon
|-singleturn|p2a: Vaporeon|Protect
|move|p1a: Tauros|Body Slam|p2a: Vaporeon
|-activate|p2a: Vaporeon|move: Protect
|
|-heal|p2a: Vaporeon|75/100|[from] move: Wish|[wisher] Vaporeon
|-heal|p2a: Vaporeon|81/100|[from] item: Leftovers
|upkeep
|turn|15
|
|t:|1595659326
|move|p1a: Tauros|Body Slam|p2a: Vaporeon
|-damage|p2a: Vaporeon|38/100
|move|p2a: Vaporeon|Scald|p1a: Tauros
|-damage|p1a: Tauros|0 fnt
|faint|p1a: Tauros
|
|-heal|p2a: Vaporeon|44/100|[from] item: Leftovers
|upkeep
|
|t:|1595659332
|switch|p1a: Vikavolt|Vikavolt, M|82/100 tox
|turn|16
|
|t:|1595659335
|move|p2a: Vaporeon|Protect|p2a: Vaporeon
|-singleturn|p2a: Vaporeon|Protect
|move|p1a: Vikavolt|Volt Switch|p2a: Vaporeon
|-activate|p2a: Vaporeon|move: Protect
|
|-heal|p2a: Vaporeon|50/100|[from] item: Leftovers
|-damage|p1a: Vikavolt|76/100 tox|[from] psn
|upkeep
|turn|17
|
|t:|1595659339
|switch|p2a: Dhelmise|Dhelmise|100/100
|-damage|p2a: Dhelmise|88/100|[from] Stealth Rock
|move|p1a: Vikavolt|Volt Switch|p2a: Dhelmise
|-resisted|p2a: Dhelmise
|-damage|p2a: Dhelmise|72/100
|
|t:|1595659348
|switch|p1a: Passimian|Passimian, F|100/100|[from]move: Volt Switch
|
|upkeep
|turn|18
|
|t:|1595659359
|switch|p2a: Ribombee|Ribombee, M|100/100
|move|p1a: Passimian|Knock Off|p2a: Ribombee
|-resisted|p2a: Ribombee
|-damage|p2a: Ribombee|71/100
|-enditem|p2a: Ribombee|Heavy-Duty Boots|[from] move: Knock Off|[of] p1a: Passimian
|
|upkeep
|turn|19
|
|t:|1595659366
|switch|p1a: Coalossal|Coalossal, F|69/100 tox
|move|p2a: Ribombee|Psychic|p1a: Coalossal
|-damage|p1a: Coalossal|52/100 tox
|
|-damage|p1a: Coalossal|46/100 tox|[from] psn
|upkeep
|turn|20
|
|t:|1595659376
|switch|p2a: Vaporeon|Vaporeon, F|50/100
|-damage|p2a: Vaporeon|38/100|[from] Stealth Rock
|switch|p1a: Vikavolt|Vikavolt, M|76/100 tox
|
|-heal|p2a: Vaporeon|44/100|[from] item: Leftovers
|-damage|p1a: Vikavolt|70/100 tox|[from] psn
|upkeep
|turn|21
|
|t:|1595659380
|move|p2a: Vaporeon|Protect|p2a: Vaporeon
|-singleturn|p2a: Vaporeon|Protect
|move|p1a: Vikavolt|Sticky Web|p2a: Vaporeon
|-sidestart|p2: ohaihuman|move: Sticky Web
|
|-heal|p2a: Vaporeon|50/100|[from] item: Leftovers
|-damage|p1a: Vikavolt|58/100 tox|[from] psn
|upkeep
|turn|22
|
|t:|1595659399
|move|p2a: Vaporeon|Wish|p2a: Vaporeon
|move|p1a: Vikavolt|Volt Switch|p2a: Vaporeon
|-supereffective|p2a: Vaporeon
|-damage|p2a: Vaporeon|0 fnt
|faint|p2a: Vaporeon
|
|t:|1595659406
|switch|p1a: Passimian|Passimian, F|100/100|[from]move: Volt Switch
|
|upkeep
|
|t:|1595659414
|switch|p2a: Dhelmise|Dhelmise|72/100
|-activate|p2a: Dhelmise|move: Sticky Web
|-unboost|p2a: Dhelmise|spe|1
|-damage|p2a: Dhelmise|59/100|[from] Stealth Rock
|turn|23
|
|t:|1595659417
|move|p1a: Passimian|Knock Off|p2a: Dhelmise
|-supereffective|p2a: Dhelmise
|-damage|p2a: Dhelmise|0 fnt
|-enditem|p2a: Dhelmise|Assault Vest|[from] move: Knock Off|[of] p1a: Passimian
|faint|p2a: Dhelmise
|
|upkeep
|
|t:|1595659421
|switch|p2a: Ribombee|Ribombee, M|71/100
|-activate|p2a: Ribombee|move: Sticky Web
|-unboost|p2a: Ribombee|spe|1
|-damage|p2a: Ribombee|46/100|[from] Stealth Rock
|turn|24
|
|t:|1595659427
|switch|p1a: Coalossal|Coalossal, F|46/100 tox
|move|p2a: Ribombee|Quiver Dance|p2a: Ribombee
|-boost|p2a: Ribombee|spa|1
|-boost|p2a: Ribombee|spd|1
|-boost|p2a: Ribombee|spe|1
|
|-damage|p1a: Coalossal|40/100 tox|[from] psn
|upkeep
|turn|25
|
|t:|1595659435
|move|p2a: Ribombee|Quiver Dance|p2a: Ribombee
|-boost|p2a: Ribombee|spa|1
|-boost|p2a: Ribombee|spd|1
|-boost|p2a: Ribombee|spe|1
|move|p1a: Coalossal|Flamethrower|p2a: Ribombee
|-supereffective|p2a: Ribombee
|-damage|p2a: Ribombee|1/100
|
|-damage|p1a: Coalossal|28/100 tox|[from] psn
|upkeep
|turn|26
|
|t:|1595659445
|move|p2a: Ribombee|Psychic|p1a: Coalossal
|-damage|p1a: Coalossal|0 fnt
|faint|p1a: Coalossal
|
|upkeep
|
|t:|1595659448
|switch|p1a: Vaporeon|Vaporeon, M|100/100
|turn|27
|
|t:|1595659454
|move|p2a: Ribombee|Moonblast|p1a: Vaporeon
|-damage|p1a: Vaporeon|43/100
|move|p1a: Vaporeon|Flip Turn|p2a: Ribombee
|-damage|p2a: Ribombee|0 fnt
|faint|p2a: Ribombee
|
|t:|1595659456
|switch|p1a: Passimian|Passimian, F|100/100|[from]move: Flip Turn
|
|upkeep
|
|t:|1595659459
|switch|p2a: Salazzle|Salazzle, F|100/100
|turn|28
|
|t:|1595659471
|move|p1a: Passimian|Knock Off|p2a: Salazzle
|-damage|p2a: Salazzle|46/100
|-enditem|p2a: Salazzle|Heavy-Duty Boots|[from] move: Knock Off|[of] p1a: Passimian
|move|p2a: Salazzle|Fire Blast|p1a: Passimian
|-damage|p1a: Passimian|21/100
|
|upkeep
|turn|29
|
|t:|1595659478
|move|p1a: Passimian|Knock Off|p2a: Salazzle
|-damage|p2a: Salazzle|3/100
|move|p2a: Salazzle|Sludge Wave|p1a: Passimian
|-damage|p1a: Passimian|0 fnt
|faint|p1a: Passimian
|
|upkeep
|
|t:|1595659481
|switch|p1a: Vaporeon|Vaporeon, M|43/100
|turn|30
|
|t:|1595659487
|move|p2a: Salazzle|Sludge Wave|p1a: Vaporeon
|-damage|p1a: Vaporeon|10/100
|move|p1a: Vaporeon|Flip Turn|p2a: Salazzle
|-supereffective|p2a: Salazzle
|-damage|p2a: Salazzle|0 fnt
|faint|p2a: Salazzle
|
|win|monotypewhat
|raw|monotypewhat's rating: 1650 &rarr; <strong>1659</strong><br />(+9 for winning)
|raw|ohaihuman's rating: 1434 &rarr; <strong>1425</strong><br />(-9 for losing)
|l|☆ohaihuman
|l|☆monotypewhat
|j|☆ohaihuman
|player|p2|ohaihuman|volkner
