|j|☆R3d_VGC
|j|☆Dridri457
|t:|1664488451
|gametype|singles
|player|p1|R3d_VGC|2|1278
|player|p2|Dridri457|artist-gen4|1426
|teamsize|p1|6
|teamsize|p2|6
|gen|8
|tier|[Gen 8] RU
|rated|
|rule|Sleep Clause Mod: Limit one foe put to sleep
|rule|Species Clause: Limit one of each Pokémon
|rule|OHKO Clause: OHKO moves are banned
|rule|Evasion Items Clause: Evasion items are banned
|rule|Evasion Moves Clause: Evasion moves are banned
|rule|Endless Battle Clause: Forcing endless battles is banned
|rule|HP Percentage Mod: HP is shown in percentages
|rule|Dynamax Clause: You cannot dynamax
|clearpoke
|poke|p1|Lucario, M|
|poke|p1|Slurpuff, M|
|poke|p1|Incineroar, F|
|poke|p1|Milotic, F|
|poke|p1|Tsareena, F|
|poke|p1|Polteageist|
|poke|p2|Cinccino, M|
|poke|p2|Magneton|
|poke|p2|Metagross|
|poke|p2|Incineroar, F|
|poke|p2|Heracross, F|
|poke|p2|Rotom-Mow|
|teampreview
|
|t:|1664488462
|start
|switch|p1a: Lucario|Lucario, M|100/100
|switch|p2a: Rotom|Rotom-Mow|100/100
|turn|1
|
|t:|1664488468
|switch|p1a: Tsareena|Tsareena, F|100/100
|move|p2a: Rotom|Volt Switch|p1a: Tsareena
|-resisted|p1a: Tsareena
|-damage|p1a: Tsareena|86/100
|
|t:|1664488474
|switch|p2a: Metagross|Metagross|100/100|[from]move: Volt Switch
|
|upkeep
|turn|2
|
|t:|1664488480
|switch|p1a: Incineroar|Incineroar, F|100/100
|-ability|p1a: Incineroar|Intimidate|boost
|-fail|p2a: Metagross|unboost|[from] ability: Clear Body|[of] p2a: Metagross
|move|p2a: Metagross|Stealth Rock|p1a: Incineroar
|-sidestart|p1: R3d_VGC|move: Stealth Rock
|
|upkeep
|turn|3
|
|t:|1664488483
|move|p1a: Incineroar|Will-O-Wisp|p2a: Metagross
|-status|p2a: Metagross|brn
|move|p2a: Metagross|Toxic|p1a: Incineroar
|-status|p1a: Incineroar|tox
|
|-damage|p1a: Incineroar|94/100 tox|[from] psn
|-damage|p2a: Metagross|94/100 brn|[from] brn
|upkeep
|turn|4
|inactive|Battle timer is ON: inactive players will automatically lose when time's up. (requested by R3d_VGC)
|
|t:|1664488508
|move|p2a: Metagross|Protect|p2a: Metagross
|-singleturn|p2a: Metagross|Protect
|move|p1a: Incineroar|Knock Off|p2a: Metagross
|-activate|p2a: Metagross|move: Protect
|
|-heal|p1a: Incineroar|100/100 tox|[from] item: Leftovers
|-heal|p2a: Metagross|100/100 brn|[from] item: Leftovers
|-damage|p1a: Incineroar|88/100 tox|[from] psn
|-damage|p2a: Metagross|94/100 brn|[from] brn
|upkeep
|turn|5
|
|t:|1664488517
|switch|p2a: Incineroar|Incineroar, F|100/100
|-ability|p2a: Incineroar|Intimidate|boost
|-unboost|p1a: Incineroar|atk|1
|move|p1a: Incineroar|Knock Off|p2a: Incineroar
|-resisted|p2a: Incineroar
|-damage|p2a: Incineroar|84/100
|-enditem|p2a: Incineroar|Heavy-Duty Boots|[from] move: Knock Off|[of] p1a: Incineroar
|
|-heal|p1a: Incineroar|94/100 tox|[from] item: Leftovers
|-damage|p1a: Incineroar|76/100 tox|[from] psn
|upkeep
|turn|6
|
|t:|1664488528
|move|p1a: Incineroar|Parting Shot|p2a: Incineroar
|-unboost|p2a: Incineroar|atk|1
|-unboost|p2a: Incineroar|spa|1
|
|t:|1664488531
|switch|p1a: Milotic|Milotic, F|100/100|[from]move: Parting Shot
|-damage|p1a: Milotic|88/100|[from] Stealth Rock
|move|p2a: Incineroar|Knock Off|p1a: Milotic
|-damage|p1a: Milotic|60/100
|-damage|p2a: Incineroar|67/100|[from] item: Rocky Helmet|[of] p1a: Milotic
|-enditem|p1a: Milotic|Rocky Helmet|[from] move: Knock Off|[of] p2a: Incineroar
|
|upkeep
|turn|7
|
|t:|1664488541
|move|p1a: Milotic|Ice Beam|p2a: Incineroar
|-resisted|p2a: Incineroar
|-damage|p2a: Incineroar|57/100
|-status|p2a: Incineroar|frz
|cant|p2a: Incineroar|frz
|
|upkeep
|turn|8
|
|t:|1664488547
|move|p1a: Milotic|Recover|p1a: Milotic
|-heal|p1a: Milotic|100/100
|-curestatus|p2a: Incineroar|frz|[from] move: Flare Blitz
|move|p2a: Incineroar|Flare Blitz|p1a: Milotic
|-resisted|p1a: Milotic
|-damage|p1a: Milotic|82/100
|-damage|p2a: Incineroar|50/100|[from] Recoil
|
|upkeep
|turn|9
|
|t:|1664488551
|move|p1a: Milotic|Scald|p2a: Incineroar
|-supereffective|p2a: Incineroar
|-damage|p2a: Incineroar|0 fnt
|faint|p2a: Incineroar
|
|upkeep
|
|t:|1664488562
|switch|p2a: Magneton|Magneton|100/100
|turn|10
|
|t:|1664488565
|move|p2a: Magneton|Substitute|p2a: Magneton
|-start|p2a: Magneton|Substitute
|-damage|p2a: Magneton|76/100
|move|p1a: Milotic|Scald|p2a: Magneton
|-end|p2a: Magneton|Substitute
|
|upkeep
|turn|11
|
|t:|1664488572
|switch|p1a: Tsareena|Tsareena, F|86/100
|move|p2a: Magneton|Charge Beam|p1a: Tsareena
|-resisted|p1a: Tsareena
|-crit|p1a: Tsareena
|-damage|p1a: Tsareena|69/100
|-boost|p2a: Magneton|spa|1
|
|upkeep
|turn|12
|
|t:|1664488577
|move|p2a: Magneton|Substitute|p2a: Magneton
|-start|p2a: Magneton|Substitute
|-damage|p2a: Magneton|51/100
|move|p1a: Tsareena|Rapid Spin|p2a: Magneton
|-resisted|p2a: Magneton
|-activate|p2a: Magneton|move: Substitute|[damage]
|-sideend|p1: R3d_VGC|Stealth Rock|[from] move: Rapid Spin|[of] p1a: Tsareena
|-boost|p1a: Tsareena|spe|1
|
|upkeep
|turn|13
|
|t:|1664488586
|move|p1a: Tsareena|Power Whip|p2a: Magneton
|-resisted|p2a: Magneton
|-end|p2a: Magneton|Substitute
|move|p2a: Magneton|Flash Cannon|p1a: Tsareena
|-damage|p1a: Tsareena|10/100
|
|upkeep
|turn|14
|
|t:|1664488591
|move|p1a: Tsareena|Power Whip|p2a: Magneton
|-resisted|p2a: Magneton
|-damage|p2a: Magneton|9/100
|-enditem|p2a: Magneton|Salac Berry|[eat]
|-boost|p2a: Magneton|spe|1|[from] item: Salac Berry
|move|p2a: Magneton|Flash Cannon|p1a: Tsareena
|-damage|p1a: Tsareena|0 fnt
|faint|p1a: Tsareena
|
|upkeep
|
|t:|1664488606
|switch|p1a: Slurpuff|Slurpuff, M|100/100
|turn|15
|
|t:|1664488612
|switch|p1a: Milotic|Milotic, F|82/100
|move|p2a: Magneton|Flash Cannon|p1a: Milotic
|-resisted|p1a: Milotic
|-damage|p1a: Milotic|61/100
|
|upkeep
|turn|16
|
|t:|1664488617
|move|p2a: Magneton|Thunderbolt|p1a: Milotic
|-supereffective|p1a: Milotic
|-damage|p1a: Milotic|0 fnt
|faint|p1a: Milotic
|
|upkeep
|
|t:|1664488621
|switch|p1a: Incineroar|Incineroar, F|76/100 tox
|-ability|p1a: Incineroar|Intimidate|boost
|-unboost|p2a: Magneton|atk|1
|turn|17
|
|t:|1664488625
|move|p2a: Magneton|Thunderbolt|p1a: Incineroar
|-damage|p1a: Incineroar|10/100 tox
|move|p1a: Incineroar|Knock Off|p2a: Magneton
|-damage|p2a: Magneton|0 fnt
|faint|p2a: Magneton
|
|-heal|p1a: Incineroar|16/100 tox|[from] item: Leftovers
|-damage|p1a: Incineroar|10/100 tox|[from] psn
|upkeep
|
|t:|1664488631
|switch|p2a: Metagross|Metagross|94/100 brn
|turn|18
|
|t:|1664488637
|switch|p1a: Slurpuff|Slurpuff, M|100/100
|move|p2a: Metagross|Stealth Rock|p1a: Slurpuff
|-sidestart|p1: R3d_VGC|move: Stealth Rock
|
|-heal|p2a: Metagross|100/100 brn|[from] item: Leftovers
|-damage|p2a: Metagross|94/100 brn|[from] brn
|upkeep
|turn|19
|
|t:|1664488640
|move|p1a: Slurpuff|Sticky Web|p2a: Metagross
|-sidestart|p2: Dridri457|move: Sticky Web
|move|p2a: Metagross|Toxic|p1a: Slurpuff
|-status|p1a: Slurpuff|tox
|
|-heal|p2a: Metagross|100/100 brn|[from] item: Leftovers
|-damage|p1a: Slurpuff|94/100 tox|[from] psn
|-damage|p2a: Metagross|94/100 brn|[from] brn
|upkeep
|turn|20
|
|t:|1664488658
|switch|p2a: Cinccino|Cinccino, M|100/100
|-activate|p2a: Cinccino|move: Sticky Web
|-unboost|p2a: Cinccino|spe|1
|move|p1a: Slurpuff|Belly Drum|p1a: Slurpuff
|-damage|p1a: Slurpuff|44/100 tox
|-setboost|p1a: Slurpuff|atk|6|[from] move: Belly Drum
|-enditem|p1a: Slurpuff|Sitrus Berry|[eat]
|-heal|p1a: Slurpuff|69/100 tox|[from] item: Sitrus Berry
|
|-damage|p1a: Slurpuff|57/100 tox|[from] psn
|upkeep
|turn|21
|
|t:|1664488668
|move|p1a: Slurpuff|Drain Punch|p2a: Cinccino
|-supereffective|p2a: Cinccino
|-damage|p2a: Cinccino|0 fnt
|-heal|p1a: Slurpuff|100/100 tox|[from] drain|[of] p2a: Cinccino
|faint|p2a: Cinccino
|
|-damage|p1a: Slurpuff|82/100 tox|[from] psn
|upkeep
|
|t:|1664488673
|switch|p2a: Rotom|Rotom-Mow|100/100
|turn|22
|
|t:|1664488679
|move|p1a: Slurpuff|Play Rough|p2a: Rotom
|-crit|p2a: Rotom
|-damage|p2a: Rotom|0 fnt
|faint|p2a: Rotom
|
|-damage|p1a: Slurpuff|57/100 tox|[from] psn
|upkeep
|
|t:|1664488682
|switch|p2a: Metagross|Metagross|94/100 brn
|-activate|p2a: Metagross|move: Sticky Web
|-fail|p2a: Metagross|unboost|[from] ability: Clear Body|[of] p2a: Metagross
|turn|23
|
|t:|1664488685
|move|p2a: Metagross|Protect|p2a: Metagross
|-singleturn|p2a: Metagross|Protect
|move|p1a: Slurpuff|Drain Punch|p2a: Metagross
|-activate|p2a: Metagross|move: Protect
|
|-heal|p2a: Metagross|100/100 brn|[from] item: Leftovers
|-damage|p1a: Slurpuff|26/100 tox|[from] psn
|-damage|p2a: Metagross|94/100 brn|[from] brn
|upkeep
|turn|24
|
|t:|1664488690
|move|p1a: Slurpuff|Drain Punch|p2a: Metagross
|-damage|p2a: Metagross|56/100 brn
|-heal|p1a: Slurpuff|46/100 tox|[from] drain|[of] p2a: Metagross
|move|p2a: Metagross|Meteor Mash|p1a: Slurpuff
|-supereffective|p1a: Slurpuff
|-damage|p1a: Slurpuff|5/100 tox
|
|-heal|p2a: Metagross|62/100 brn|[from] item: Leftovers
|-damage|p1a: Slurpuff|0 fnt|[from] psn
|faint|p1a: Slurpuff
|-damage|p2a: Metagross|56/100 brn|[from] brn
|upkeep
|
|t:|1664488699
|switch|p1a: Polteageist|Polteageist|100/100
|-damage|p1a: Polteageist|88/100|[from] Stealth Rock
|turn|25
|
|t:|1664488703
|move|p1a: Polteageist|Shadow Ball|p2a: Metagross
|-supereffective|p2a: Metagross
|-damage|p2a: Metagross|0 fnt
|faint|p2a: Metagross
|
|upkeep
|
|t:|1664488706
|switch|p2a: Heracross|Heracross, F|100/100
|-activate|p2a: Heracross|move: Sticky Web
|-unboost|p2a: Heracross|spe|1
|turn|26
|
|t:|1664488709
|move|p1a: Polteageist|Shadow Ball|p2a: Heracross
|-damage|p2a: Heracross|40/100
|move|p2a: Heracross|Knock Off|p1a: Polteageist
|-supereffective|p1a: Polteageist
|-damage|p1a: Polteageist|0 fnt
|-enditem|p1a: Polteageist|Focus Sash|[from] move: Knock Off|[of] p2a: Heracross
|faint|p1a: Polteageist
|
|-status|p2a: Heracross|brn|[from] item: Flame Orb
|upkeep
|
|t:|1664488715
|switch|p1a: Lucario|Lucario, M|100/100
|-damage|p1a: Lucario|98/100|[from] Stealth Rock
|turn|27
|-message|Dridri457 forfeited.
|
|win|R3d_VGC
|raw|R3d_VGC's rating: 1278 &rarr; <strong>1313</strong><br />(+35 for winning)
|raw|Dridri457's rating: 1426 &rarr; <strong>1398</strong><br />(-28 for losing)
|l|☆Dridri457
