|j|☆sparkyouts
|j|☆Enter Pls
|t:|1595469223
|player|p1|sparkyouts|aetherfoundation|1475
|player|p2|Enter Pls|koga|1468
|teamsize|p1|6
|teamsize|p2|6
|gametype|singles
|gen|8
|tier|[Gen 8] RU
|rated|
|clearpoke
|poke|p1|Rhydon, M|
|poke|p1|Espeon, M|
|poke|p1|Sableye, F|
|poke|p1|Porygon2|
|poke|p1|Charizard, F|
|poke|p1|Drapion, F|
|poke|p2|Drapion, F|
|poke|p2|Vikavolt, M|
|poke|p2|Xatu, F|
|poke|p2|Whimsicott, M|
|poke|p2|Vaporeon, F|
|poke|p2|Runerigus, M|
|rule|Sleep Clause Mod: Limit one foe put to sleep
|rule|Species Clause: Limit one of each Pokémon
|rule|OHKO Clause: OHKO moves are banned
|rule|Evasion Moves Clause: Evasion moves are banned
|rule|Endless Battle Clause: Forcing endless battles is banned
|rule|HP Percentage Mod: HP is shown in percentages
|rule|Dynamax Clause: You cannot dynamax
|teampreview
|
|t:|1595469259
|start
|switch|p1a: Sableye|Sableye, F|100/100
|switch|p2a: Whimsicott|Whimsicott, M|100/100
|turn|1
|inactive|Battle timer is ON: inactive players will automatically lose when time's up. (requested by sparkyouts)
|j| cossenza
|
|t:|1595469266
|switch|p1a: Porygon2|Porygon2|100/100
|-ability|p1a: Porygon2|Download|boost
|-boost|p1a: Porygon2|spa|1
|move|p2a: Whimsicott|Moonblast|p1a: Porygon2
|-damage|p1a: Porygon2|75/100
|
|upkeep
|turn|2
|
|t:|1595469272
|switch|p2a: Runerigus|Runerigus, M|100/100
|move|p1a: Porygon2|Ice Beam|p2a: Runerigus
|-supereffective|p2a: Runerigus
|-damage|p2a: Runerigus|50/100
|
|-heal|p2a: Runerigus|56/100|[from] item: Leftovers
|upkeep
|turn|3
|
|t:|1595469277
|switch|p2a: Vaporeon|Vaporeon, F|100/100
|move|p1a: Porygon2|Ice Beam|p2a: Vaporeon
|-resisted|p2a: Vaporeon
|-damage|p2a: Vaporeon|88/100
|
|-heal|p2a: Vaporeon|94/100|[from] item: Leftovers
|upkeep
|turn|4
|
|t:|1595469283
|move|p2a: Vaporeon|Wish|p2a: Vaporeon
|move|p1a: Porygon2|Toxic|p2a: Vaporeon
|-status|p2a: Vaporeon|tox
|
|-heal|p2a: Vaporeon|100/100 tox|[from] item: Leftovers
|-damage|p2a: Vaporeon|94/100 tox|[from] psn
|upkeep
|turn|5
|
|t:|1595469288
|switch|p2a: Runerigus|Runerigus, M|56/100
|move|p1a: Porygon2|Ice Beam|p2a: Runerigus
|-supereffective|p2a: Runerigus
|-damage|p2a: Runerigus|6/100
|-status|p2a: Runerigus|frz
|
|-heal|p2a: Runerigus|79/100 frz|[from] move: Wish|[wisher] Vaporeon
|-heal|p2a: Runerigus|85/100 frz|[from] item: Leftovers
|upkeep
|turn|6
|
|t:|1595469293
|switch|p2a: Vaporeon|Vaporeon, F|94/100 tox
|move|p1a: Porygon2|Ice Beam|p2a: Vaporeon
|-resisted|p2a: Vaporeon
|-damage|p2a: Vaporeon|83/100 tox
|
|-heal|p2a: Vaporeon|89/100 tox|[from] item: Leftovers
|-damage|p2a: Vaporeon|83/100 tox|[from] psn
|upkeep
|turn|7
|c|☆sparkyouts|lk
|c|☆sparkyouts|so
|c|☆sparkyouts|ur able
|c|☆sparkyouts|to gain 70 from a wish
|c|☆sparkyouts|while im doing 50 and putting u at  hp
|c|☆sparkyouts|6 hp*
|inactive|sparkyouts has 120 seconds left.
|c|☆Enter Pls|smart
|
|t:|1595469326
|move|p2a: Vaporeon|Scald|p1a: Porygon2
|-damage|p1a: Porygon2|62/100
|move|p1a: Porygon2|Recover|p1a: Porygon2
|-heal|p1a: Porygon2|100/100
|
|-heal|p2a: Vaporeon|89/100 tox|[from] item: Leftovers
|-damage|p2a: Vaporeon|76/100 tox|[from] psn
|upkeep
|turn|8
|c|☆sparkyouts|god i hate this shitty game
|inactive|sparkyouts has 120 seconds left.
|
|t:|1595469338
|switch|p1a: Espeon|Espeon, M|100/100
|move|p2a: Vaporeon|Wish|p2a: Vaporeon
|
|-heal|p2a: Vaporeon|83/100 tox|[from] item: Leftovers
|-damage|p2a: Vaporeon|64/100 tox|[from] psn
|upkeep
|turn|9
|
|t:|1595469355
|switch|p2a: Whimsicott|Whimsicott, M|100/100
|move|p1a: Espeon|Dazzling Gleam|p2a: Whimsicott
|-damage|p2a: Whimsicott|62/100
|
|-heal|p2a: Whimsicott|100/100|[from] move: Wish|[wisher] Vaporeon
|upkeep
|turn|10
|
|t:|1595469362
|switch|p1a: Charizard|Charizard, F|100/100
|move|p2a: Whimsicott|Switcheroo|p1a: Charizard
|-activate|p2a: Whimsicott|move: Trick|[of] p1a: Charizard
|-item|p1a: Charizard|Choice Specs|[from] move: Switcheroo
|-item|p2a: Whimsicott|Heavy-Duty Boots|[from] move: Switcheroo
|
|upkeep
|turn|11
|c|☆sparkyouts|that was so obvious
|c|☆Enter Pls|yeah
|
|t:|1595469381
|switch|p2a: Runerigus|Runerigus, M|85/100 frz
|move|p1a: Charizard|Flamethrower|p2a: Runerigus
|-damage|p2a: Runerigus|48/100 frz
|-curestatus|p2a: Runerigus|frz|[msg]
|
|-heal|p2a: Runerigus|55/100|[from] item: Leftovers
|upkeep
|turn|12
|
|t:|1595469387
|switch|p1a: Espeon|Espeon, M|100/100
|switch|p2a: Vaporeon|Vaporeon, F|64/100 tox
|
|-heal|p2a: Vaporeon|70/100 tox|[from] item: Leftovers
|-damage|p2a: Vaporeon|64/100 tox|[from] psn
|upkeep
|turn|13
|
|t:|1595469398
|move|p2a: Vaporeon|Protect|p2a: Vaporeon
|-singleturn|p2a: Vaporeon|Protect
|move|p1a: Espeon|Calm Mind|p1a: Espeon
|-boost|p1a: Espeon|spa|1
|-boost|p1a: Espeon|spd|1
|
|-heal|p2a: Vaporeon|70/100 tox|[from] item: Leftovers
|-damage|p2a: Vaporeon|58/100 tox|[from] psn
|upkeep
|turn|14
|
|t:|1595469403
|switch|p2a: Drapion|Drapion, F|100/100
|move|p1a: Espeon|Dazzling Gleam|p2a: Drapion
|-damage|p2a: Drapion|73/100
|
|upkeep
|turn|15
|c|☆sparkyouts|k
|c|☆sparkyouts|AV
|c|☆sparkyouts|huh
|
|t:|1595469417
|switch|p1a: Rhydon|Rhydon, M|100/100
|move|p2a: Drapion|Knock Off|p1a: Rhydon
|-damage|p1a: Rhydon|83/100
|-enditem|p1a: Rhydon|Eviolite|[from] move: Knock Off|[of] p2a: Drapion
|
|upkeep
|turn|16
|
|t:|1595469425
|switch|p2a: Xatu|Xatu, F|100/100
|move|p1a: Rhydon|Rock Blast|p2a: Xatu
|-supereffective|p2a: Xatu
|-damage|p2a: Xatu|76/100
|-supereffective|p2a: Xatu
|-damage|p2a: Xatu|52/100
|-supereffective|p2a: Xatu
|-damage|p2a: Xatu|28/100
|-hitcount|p2a: Xatu|3
|
|upkeep
|turn|17
|
|t:|1595469431
|move|p2a: Xatu|Roost|p2a: Xatu
|-heal|p2a: Xatu|79/100
|-singleturn|p2a: Xatu|move: Roost
|move|p1a: Rhydon|Rock Blast|p2a: Xatu
|-damage|p2a: Xatu|66/100
|-damage|p2a: Xatu|53/100
|-hitcount|p2a: Xatu|2
|
|upkeep
|turn|18
|
|t:|1595469437
|move|p2a: Xatu|Roost|p2a: Xatu
|-heal|p2a: Xatu|100/100
|-singleturn|p2a: Xatu|move: Roost
|move|p1a: Rhydon|Rock Blast|p2a: Xatu
|-damage|p2a: Xatu|88/100
|-damage|p2a: Xatu|75/100
|-hitcount|p2a: Xatu|2
|
|upkeep
|turn|19
|
|t:|1595469445
|switch|p2a: Vaporeon|Vaporeon, F|58/100 tox
|move|p1a: Rhydon|Rock Blast|p2a: Vaporeon
|-damage|p2a: Vaporeon|48/100 tox
|-crit|p2a: Vaporeon
|-damage|p2a: Vaporeon|33/100 tox
|-hitcount|p2a: Vaporeon|2
|
|-heal|p2a: Vaporeon|39/100 tox|[from] item: Leftovers
|-damage|p2a: Vaporeon|33/100 tox|[from] psn
|upkeep
|turn|20
|
|t:|1595469451
|move|p1a: Rhydon|Earthquake|p2a: Vaporeon
|-damage|p2a: Vaporeon|0 fnt
|faint|p2a: Vaporeon
|
|upkeep
|c|☆sparkyouts|um
|c|☆sparkyouts|?
|c|☆sparkyouts|l
|c|☆Enter Pls|why
|c|☆Enter Pls|are you speedy
|c|☆Enter Pls|lmao
|c|☆sparkyouts|cuz
|
|t:|1595469463
|switch|p2a: Whimsicott|Whimsicott, M|100/100
|turn|21
|c|☆sparkyouts|ik
|c|☆sparkyouts|ppl
|c|☆sparkyouts|would run
|c|☆sparkyouts|speed to out run
|c|☆Enter Pls|ok
|c|☆sparkyouts|rhydon on vap
|c|☆sparkyouts|but clearly
|c|☆sparkyouts|jolly always outspeeds
|
|t:|1595469485
|switch|p1a: Charizard|Charizard, F|100/100
|move|p2a: Whimsicott|Moonblast|p1a: Charizard
|-resisted|p1a: Charizard
|-damage|p1a: Charizard|86/100
|-unboost|p1a: Charizard|spa|1
|
|upkeep
|turn|22
|inactive|Enter Pls has 120 seconds left.
|
|t:|1595469519
|move|p2a: Whimsicott|Moonblast|p1a: Charizard
|-resisted|p1a: Charizard
|-damage|p1a: Charizard|71/100
|move|p1a: Charizard|Flamethrower|p2a: Whimsicott
|-supereffective|p2a: Whimsicott
|-damage|p2a: Whimsicott|0 fnt
|faint|p2a: Whimsicott
|
|upkeep
|inactive|Enter Pls has 120 seconds left.
|
|t:|1595469529
|switch|p2a: Xatu|Xatu, F|75/100
|turn|23
|
|t:|1595469535
|switch|p1a: Drapion|Drapion, F|100/100
|move|p2a: Xatu|Calm Mind|p2a: Xatu
|-boost|p2a: Xatu|spa|1
|-boost|p2a: Xatu|spd|1
|
|upkeep
|turn|24
|
|t:|1595469542
|move|p1a: Drapion|Knock Off|p2a: Xatu
|-supereffective|p2a: Xatu
|-enditem|p2a: Xatu|Colbur Berry|[eat]
|-enditem|p2a: Xatu|Colbur Berry|[weaken]
|-damage|p2a: Xatu|36/100
|move|p2a: Xatu|Heat Wave|p1a: Drapion
|-damage|p1a: Drapion|50/100
|
|upkeep
|turn|25
|c|☆sparkyouts|oh
|
|t:|1595469555
|move|p1a: Drapion|Knock Off|p2a: Xatu
|-supereffective|p2a: Xatu
|-damage|p2a: Xatu|0 fnt
|faint|p2a: Xatu
|
|upkeep
|
|t:|1595469557
|switch|p2a: Vikavolt|Vikavolt, M|100/100
|turn|26
|
|t:|1595469561
|switch|p1a: Porygon2|Porygon2|100/100
|-ability|p1a: Porygon2|Download|boost
|-boost|p1a: Porygon2|spa|1
|move|p2a: Vikavolt|Volt Switch|p1a: Porygon2
|-damage|p1a: Porygon2|83/100
|
|t:|1595469566
|switch|p2a: Drapion|Drapion, F|73/100|[from]move: Volt Switch
|
|upkeep
|turn|27
|
|t:|1595469579
|switch|p1a: Charizard|Charizard, F|71/100
|move|p2a: Drapion|Knock Off|p1a: Charizard
|-crit|p1a: Charizard
|-damage|p1a: Charizard|21/100
|-enditem|p1a: Charizard|Choice Specs|[from] move: Knock Off|[of] p2a: Drapion
|
|upkeep
|turn|28
|
|t:|1595469586
|move|p1a: Charizard|Roost|p1a: Charizard
|-heal|p1a: Charizard|71/100
|-singleturn|p1a: Charizard|move: Roost
|move|p2a: Drapion|Acupressure|p2a: Drapion
|-boost|p2a: Drapion|spa|2
|
|upkeep
|turn|29
|c|☆sparkyouts|k
|
|t:|1595469592
|move|p1a: Charizard|Flamethrower|p2a: Drapion
|-damage|p2a: Drapion|47/100
|move|p2a: Drapion|Acupressure|p2a: Drapion
|-boost|p2a: Drapion|spd|2
|
|upkeep
|turn|30
|
|t:|1595469600
|switch|p1a: Rhydon|Rhydon, M|83/100
|move|p2a: Drapion|Acupressure|p2a: Drapion
|-boost|p2a: Drapion|def|2
|
|upkeep
|turn|31
|
|t:|1595469605
|move|p2a: Drapion|Iron Defense|p2a: Drapion
|-boost|p2a: Drapion|def|2
|move|p1a: Rhydon|Earthquake|p2a: Drapion
|-supereffective|p2a: Drapion
|-damage|p2a: Drapion|14/100
|
|upkeep
|turn|32
|
|t:|1595469610
|move|p2a: Drapion|Rest|p2a: Drapion
|-status|p2a: Drapion|slp|[from] move: Rest
|-heal|p2a: Drapion|100/100 slp|[silent]
|-enditem|p2a: Drapion|Chesto Berry|[eat]
|-curestatus|p2a: Drapion|slp|[msg]
|move|p1a: Rhydon|Earthquake|p2a: Drapion
|-supereffective|p2a: Drapion
|-damage|p2a: Drapion|69/100
|
|upkeep
|turn|33
|
|t:|1595469613
|move|p2a: Drapion|Iron Defense|p2a: Drapion
|-boost|p2a: Drapion|def|2
|move|p1a: Rhydon|Earthquake|p2a: Drapion
|-supereffective|p2a: Drapion
|-damage|p2a: Drapion|45/100
|
|upkeep
|turn|34
|
|t:|1595469617
|move|p2a: Drapion|Acupressure|p2a: Drapion
|-boost|p2a: Drapion|atk|2
|move|p1a: Rhydon|Earthquake|p2a: Drapion
|-supereffective|p2a: Drapion
|-damage|p2a: Drapion|19/100
|
|upkeep
|turn|35
|
|t:|1595469622
|move|p2a: Drapion|Rest|p2a: Drapion
|-status|p2a: Drapion|slp|[from] move: Rest
|-heal|p2a: Drapion|100/100 slp|[silent]
|move|p1a: Rhydon|Earthquake|p2a: Drapion
|-supereffective|p2a: Drapion
|-damage|p2a: Drapion|76/100 slp
|
|upkeep
|turn|36
|
|t:|1595469625
|cant|p2a: Drapion|slp
|move|p1a: Rhydon|Earthquake|p2a: Drapion
|-supereffective|p2a: Drapion
|-damage|p2a: Drapion|51/100 slp
|
|upkeep
|turn|37
|
|t:|1595469628
|cant|p2a: Drapion|slp
|move|p1a: Rhydon|Earthquake|p2a: Drapion
|-supereffective|p2a: Drapion
|-damage|p2a: Drapion|27/100 slp
|
|upkeep
|turn|38
|
|t:|1595469632
|-curestatus|p2a: Drapion|slp|[msg]
|move|p2a: Drapion|Rest|p2a: Drapion
|-status|p2a: Drapion|slp|[from] move: Rest
|-heal|p2a: Drapion|100/100 slp|[silent]
|move|p1a: Rhydon|Earthquake|p2a: Drapion
|-supereffective|p2a: Drapion
|-damage|p2a: Drapion|75/100 slp
|
|upkeep
|turn|39
|
|t:|1595469638
|cant|p2a: Drapion|slp
|move|p1a: Rhydon|Earthquake|p2a: Drapion
|-supereffective|p2a: Drapion
|-damage|p2a: Drapion|53/100 slp
|
|upkeep
|turn|40
|
|t:|1595469642
|cant|p2a: Drapion|slp
|move|p1a: Rhydon|Earthquake|p2a: Drapion
|-supereffective|p2a: Drapion
|-damage|p2a: Drapion|28/100 slp
|
|upkeep
|turn|41
|c|☆sparkyouts|no crit
|c|☆sparkyouts|yay
|
|t:|1595469648
|-curestatus|p2a: Drapion|slp|[msg]
|move|p2a: Drapion|Rest|p2a: Drapion
|-status|p2a: Drapion|slp|[from] move: Rest
|-heal|p2a: Drapion|100/100 slp|[silent]
|move|p1a: Rhydon|Earthquake|p2a: Drapion
|-supereffective|p2a: Drapion
|-damage|p2a: Drapion|77/100 slp
|
|upkeep
|turn|42
|
|t:|1595469651
|cant|p2a: Drapion|slp
|move|p1a: Rhydon|Earthquake|p2a: Drapion
|-supereffective|p2a: Drapion
|-damage|p2a: Drapion|53/100 slp
|
|upkeep
|turn|43
|
|t:|1595469654
|cant|p2a: Drapion|slp
|move|p1a: Rhydon|Earthquake|p2a: Drapion
|-supereffective|p2a: Drapion
|-damage|p2a: Drapion|30/100 slp
|
|upkeep
|turn|44
|
|t:|1595469659
|-curestatus|p2a: Drapion|slp|[msg]
|move|p2a: Drapion|Rest|p2a: Drapion
|-status|p2a: Drapion|slp|[from] move: Rest
|-heal|p2a: Drapion|100/100 slp|[silent]
|move|p1a: Rhydon|Stealth Rock|p2a: Drapion
|-sidestart|p2: Enter Pls|move: Stealth Rock
|
|upkeep
|turn|45
|
|t:|1595469662
|cant|p2a: Drapion|slp
|move|p1a: Rhydon|Earthquake|p2a: Drapion
|-supereffective|p2a: Drapion
|-damage|p2a: Drapion|74/100 slp
|
|upkeep
|turn|46
|
|t:|1595469666
|cant|p2a: Drapion|slp
|move|p1a: Rhydon|Earthquake|p2a: Drapion
|-supereffective|p2a: Drapion
|-damage|p2a: Drapion|48/100 slp
|
|upkeep
|turn|47
|c|☆sparkyouts|pls
|c|☆sparkyouts|lord
|c|☆sparkyouts|why
|
|t:|1595469671
|-curestatus|p2a: Drapion|slp|[msg]
|move|p2a: Drapion|Acupressure|p2a: Drapion
|-boost|p2a: Drapion|accuracy|2
|move|p1a: Rhydon|Ice Punch|p2a: Drapion
|-damage|p2a: Drapion|41/100
|
|upkeep
|turn|48
|c|☆Enter Pls|unf
|
|t:|1595469678
|move|p2a: Drapion|Rest|p2a: Drapion
|-status|p2a: Drapion|slp|[from] move: Rest
|-heal|p2a: Drapion|100/100 slp|[silent]
|move|p1a: Rhydon|Ice Punch|p2a: Drapion
|-damage|p2a: Drapion|94/100 slp
|
|upkeep
|turn|49
|c|☆sparkyouts|dude
|
|t:|1595469686
|switch|p1a: Drapion|Drapion, F|50/100
|cant|p2a: Drapion|slp
|
|upkeep
|turn|50
|
|t:|1595469689
|move|p1a: Drapion|Earthquake|p2a: Drapion
|-supereffective|p2a: Drapion
|-damage|p2a: Drapion|80/100 slp
|cant|p2a: Drapion|slp
|
|upkeep
|turn|51
|c|☆sparkyouts|omg
|c|☆sparkyouts|this is just
|c|☆sparkyouts|bs
|
|t:|1595469698
|switch|p1a: Charizard|Charizard, F|71/100
|-curestatus|p2a: Drapion|slp|[msg]
|move|p2a: Drapion|Acupressure|p2a: Drapion
|-boost|p2a: Drapion|spd|2
|
|upkeep
|turn|52
|
|t:|1595469702
|move|p1a: Charizard|Air Slash|p2a: Drapion
|-damage|p2a: Drapion|72/100
|cant|p2a: Drapion|flinch
|
|upkeep
|turn|53
|
|t:|1595469706
|move|p1a: Charizard|Air Slash|p2a: Drapion
|-damage|p2a: Drapion|63/100
|move|p2a: Drapion|Acupressure|p2a: Drapion
|-boost|p2a: Drapion|spd|2
|
|upkeep
|turn|54
|
|t:|1595469709
|move|p1a: Charizard|Air Slash|p2a: Drapion
|-damage|p2a: Drapion|57/100
|move|p2a: Drapion|Acupressure|p2a: Drapion
|-boost|p2a: Drapion|accuracy|2
|
|upkeep
|turn|55
|
|t:|1595469713
|move|p1a: Charizard|Air Slash|p2a: Drapion
|-damage|p2a: Drapion|51/100
|move|p2a: Drapion|Acupressure|p2a: Drapion
|-boost|p2a: Drapion|evasion|2
|
|upkeep
|turn|56
|c|☆sparkyouts|hey
|c|☆sparkyouts|i love
|c|☆sparkyouts|not gettin a flinch
|c|☆sparkyouts|and not even a crit
|
|t:|1595469726
|move|p1a: Charizard|Defog|p2a: Drapion
|-unboost|p2a: Drapion|evasion|1
|-sideend|p2: Enter Pls|Stealth Rock|[from] move: Defog|[of] p1a: Charizard
|move|p2a: Drapion|Acupressure|p2a: Drapion
|-boost|p2a: Drapion|spa|2
|
|upkeep
|turn|57
|c|☆sparkyouts|cuz
|
|t:|1595469731
|move|p1a: Charizard|Air Slash|p2a: Drapion
|-damage|p2a: Drapion|44/100
|move|p2a: Drapion|Acupressure|p2a: Drapion
|-boost|p2a: Drapion|evasion|2
|
|upkeep
|turn|58
|c|☆sparkyouts|thats how shitty
|c|☆sparkyouts|this game
|c|☆sparkyouts|is
|c|☆Enter Pls|yeah
|
|t:|1595469738
|move|p1a: Charizard|Air Slash|p2a: Drapion
|-damage|p2a: Drapion|38/100
|move|p2a: Drapion|Acupressure|p2a: Drapion
|-boost|p2a: Drapion|accuracy|2
|
|upkeep
|turn|59
|j| hjkhj1 ㋛
|c|☆sparkyouts|give
|c|☆sparkyouts|me a crit
|
|t:|1595469743
|move|p1a: Charizard|Air Slash|p2a: Drapion
|-damage|p2a: Drapion|31/100
|move|p2a: Drapion|Rest|p2a: Drapion
|-status|p2a: Drapion|slp|[from] move: Rest
|-heal|p2a: Drapion|100/100 slp|[silent]
|
|upkeep
|turn|60
|c|☆sparkyouts|for the love of god
|
|t:|1595469751
|switch|p1a: Espeon|Espeon, M|100/100
|cant|p2a: Drapion|slp
|
|upkeep
|turn|61
|
|t:|1595469756
|move|p1a: Espeon|Calm Mind|p1a: Espeon
|-boost|p1a: Espeon|spa|1
|-boost|p1a: Espeon|spd|1
|cant|p2a: Drapion|slp
|
|upkeep
|turn|62
|
|t:|1595469759
|move|p1a: Espeon|Calm Mind|p1a: Espeon
|-boost|p1a: Espeon|spa|1
|-boost|p1a: Espeon|spd|1
|-curestatus|p2a: Drapion|slp|[msg]
|move|p2a: Drapion|Acupressure|p2a: Drapion
|-boost|p2a: Drapion|spe|2
|
|upkeep
|turn|63
|
|t:|1595469764
|move|p2a: Drapion|Knock Off|p1a: Espeon
|-supereffective|p1a: Espeon
|-damage|p1a: Espeon|0 fnt
|-enditem|p1a: Espeon|Kee Berry|[from] move: Knock Off|[of] p2a: Drapion
|faint|p1a: Espeon
|
|upkeep
|c|☆sparkyouts|yep
|c|☆sparkyouts|fk this
|c|☆sparkyouts|shity
|c|☆sparkyouts|ass
|c|☆sparkyouts|game
|c|☆Enter Pls|gg
|c|☆sparkyouts|neer
|c|☆sparkyouts|never
|c|☆sparkyouts|give me anything
|c|☆sparkyouts|cuz
|c|☆sparkyouts|of how shit
|c|☆sparkyouts|this game
|c|☆sparkyouts|is
|-message|sparkyouts forfeited.
|
|win|Enter Pls
|l|☆sparkyouts
