|j|☆forgettasaurus15
|j|☆Splashinganteater
|t:|1663356067
|gametype|singles
|player|p1|forgettasaurus15|102|1319
|player|p2|Splashinganteater|harlequin|1415
|teamsize|p1|6
|teamsize|p2|6
|gen|8
|tier|[Gen 8] RU
|rated|
|rule|Sleep Clause Mod: Limit one foe put to sleep
|rule|Species Clause: Limit one of each Pokémon
|rule|OHKO Clause: OHKO moves are banned
|rule|Evasion Items Clause: Evasion items are banned
|rule|Evasion Moves Clause: Evasion moves are banned
|rule|Endless Battle Clause: Forcing endless battles is banned
|rule|HP Percentage Mod: HP is shown in percentages
|rule|Dynamax Clause: You cannot dynamax
|clearpoke
|poke|p1|Mimikyu, F|
|poke|p1|Flygon, F|
|poke|p1|Sharpedo, F|
|poke|p1|Weezing-Galar, M|
|poke|p1|Raikou|
|poke|p1|Marowak-Alola, F|
|poke|p2|Gardevoir, F|
|poke|p2|Heracross, M|
|poke|p2|Flygon, M|
|poke|p2|Bronzong|
|poke|p2|Heliolisk, M|
|poke|p2|Golisopod, M|
|teampreview
|
|t:|1663356086
|start
|switch|p1a: Marowak|Marowak-Alola, F|100/100
|switch|p2a: Heracross|Heracross, M|100/100
|turn|1
|
|t:|1663356112
|move|p2a: Heracross|Knock Off|p1a: Marowak
|-supereffective|p1a: Marowak
|-damage|p1a: Marowak|15/100
|-enditem|p1a: Marowak|Thick Club|[from] move: Knock Off|[of] p2a: Heracross
|move|p1a: Marowak|Fire Punch|p2a: Heracross
|-supereffective|p2a: Heracross
|-damage|p2a: Heracross|19/100
|
|-status|p2a: Heracross|brn|[from] item: Flame Orb
|upkeep
|turn|2
|
|t:|1663356122
|switch|p1a: Weezing|Weezing-Galar, M|100/100
|-fieldstart|move: Misty Terrain|[from] ability: Misty Surge|[of] p1a: Weezing
|move|p2a: Heracross|Knock Off|p1a: Weezing
|-resisted|p1a: Weezing
|-damage|p1a: Weezing|84/100
|-damage|p2a: Heracross|2/100 brn|[from] item: Rocky Helmet|[of] p1a: Weezing
|-enditem|p1a: Weezing|Rocky Helmet|[from] move: Knock Off|[of] p2a: Heracross
|
|-damage|p2a: Heracross|0 fnt|[from] brn
|faint|p2a: Heracross
|upkeep
|
|t:|1663356134
|switch|p2a: Gardevoir|Gardevoir, F, shiny|100/100
|-ability|p2a: Gardevoir|Misty Surge|[from] ability: Trace|[of] p1a: Weezing
|turn|3
|
|t:|1663356141
|switch|p1a: Marowak|Marowak-Alola, F|15/100
|move|p2a: Gardevoir|Moonblast|p1a: Marowak
|-resisted|p1a: Marowak
|-damage|p1a: Marowak|0 fnt
|faint|p1a: Marowak
|
|upkeep
|
|t:|1663356148
|switch|p1a: Mimikyu|Mimikyu, F|100/100
|turn|4
|
|t:|1663356155
|move|p2a: Gardevoir|Moonblast|p1a: Mimikyu
|-activate|p1a: Mimikyu|ability: Disguise
|-damage|p1a: Mimikyu|100/100
|detailschange|p1a: Mimikyu|Mimikyu-Busted, F
|-damage|p1a: Mimikyu|88/100|[from] pokemon: Mimikyu-Busted
|move|p1a: Mimikyu|Shadow Claw|p2a: Gardevoir
|-supereffective|p2a: Gardevoir
|-crit|p2a: Gardevoir
|-damage|p2a: Gardevoir|0 fnt
|faint|p2a: Gardevoir
|-damage|p1a: Mimikyu|78/100|[from] item: Life Orb
|
|upkeep
|
|t:|1663356159
|switch|p2a: Flygon|Flygon, M, shiny|100/100
|turn|5
|
|t:|1663356166
|switch|p1a: Weezing|Weezing-Galar, M|84/100
|move|p2a: Flygon|U-turn|p1a: Weezing
|-resisted|p1a: Weezing
|-damage|p1a: Weezing|81/100
|
|t:|1663356171
|switch|p2a: Heliolisk|Heliolisk, M|100/100|[from]move: U-turn
|
|upkeep
|turn|6
|
|t:|1663356177
|move|p2a: Heliolisk|Hyper Voice|p1a: Weezing
|-damage|p1a: Weezing|20/100
|move|p1a: Weezing|Corrosive Gas|p2a: Heliolisk
|-enditem|p2a: Heliolisk|Heavy-Duty Boots|[from] move: Corrosive Gas|[of] p1a: Weezing
|
|-fieldend|Misty Terrain
|upkeep
|turn|7
|
|t:|1663356185
|switch|p1a: Mimikyu|Mimikyu-Busted, F|78/100
|move|p2a: Heliolisk|Thunderbolt|p1a: Mimikyu
|-damage|p1a: Mimikyu|22/100
|
|upkeep
|turn|8
|
|t:|1663356196
|move|p2a: Heliolisk|Thunderbolt|p1a: Mimikyu
|-damage|p1a: Mimikyu|0 fnt
|faint|p1a: Mimikyu
|
|upkeep
|
|t:|1663356197
|switch|p1a: Raikou|Raikou|100/100
|turn|9
|
|t:|1663356203
|move|p1a: Raikou|Calm Mind|p1a: Raikou
|-boost|p1a: Raikou|spa|1
|-boost|p1a: Raikou|spd|1
|move|p2a: Heliolisk|U-turn|p1a: Raikou
|-damage|p1a: Raikou|88/100
|
|t:|1663356210
|switch|p2a: Flygon|Flygon, M, shiny|100/100|[from]move: U-turn
|
|-heal|p1a: Raikou|95/100|[from] item: Leftovers
|upkeep
|turn|10
|
|t:|1663356217
|switch|p1a: Weezing|Weezing-Galar, M|20/100
|-fieldstart|move: Misty Terrain|[from] ability: Misty Surge|[of] p1a: Weezing
|move|p2a: Flygon|Earthquake|p1a: Weezing
|-supereffective|p1a: Weezing
|-damage|p1a: Weezing|0 fnt
|faint|p1a: Weezing
|
|upkeep
|
|t:|1663356226
|switch|p1a: Flygon|Flygon, F|100/100
|turn|11
|
|t:|1663356235
|switch|p2a: Bronzong|Bronzong|100/100
|move|p1a: Flygon|U-turn|p2a: Bronzong
|-damage|p2a: Bronzong|82/100
|
|t:|1663356238
|switch|p1a: Sharpedo|Sharpedo, F|100/100|[from]move: U-turn
|
|-heal|p2a: Bronzong|88/100|[from] item: Leftovers
|upkeep
|turn|12
|
|t:|1663356254
|move|p1a: Sharpedo|Dark Pulse|p2a: Bronzong
|-supereffective|p2a: Bronzong
|-damage|p2a: Bronzong|25/100
|-damage|p1a: Sharpedo|91/100|[from] item: Life Orb
|move|p2a: Bronzong|Earthquake|p1a: Sharpedo
|-damage|p1a: Sharpedo|39/100
|
|-heal|p2a: Bronzong|31/100|[from] item: Leftovers
|-ability|p1a: Sharpedo|Speed Boost|boost
|-boost|p1a: Sharpedo|spe|1
|upkeep
|turn|13
|
|t:|1663356309
|switch|p2a: Heliolisk|Heliolisk, M|100/100
|move|p1a: Sharpedo|Dark Pulse|p2a: Heliolisk
|-damage|p2a: Heliolisk|39/100
|-damage|p1a: Sharpedo|29/100|[from] item: Life Orb
|
|-ability|p1a: Sharpedo|Speed Boost|boost
|-boost|p1a: Sharpedo|spe|1
|upkeep
|turn|14
|
|t:|1663356319
|move|p1a: Sharpedo|Dark Pulse|p2a: Heliolisk
|-damage|p2a: Heliolisk|0 fnt
|faint|p2a: Heliolisk
|-damage|p1a: Sharpedo|19/100|[from] item: Life Orb
|
|-fieldend|Misty Terrain
|-ability|p1a: Sharpedo|Speed Boost|boost
|-boost|p1a: Sharpedo|spe|1
|upkeep
|
|t:|1663356324
|switch|p2a: Golisopod|Golisopod, M|100/100
|turn|15
|
|t:|1663356329
|move|p1a: Sharpedo|Protect|p1a: Sharpedo
|-singleturn|p1a: Sharpedo|Protect
|move|p2a: Golisopod|Spikes|p1a: Sharpedo
|-sidestart|p1: forgettasaurus15|Spikes
|
|-ability|p1a: Sharpedo|Speed Boost|boost
|-boost|p1a: Sharpedo|spe|1
|upkeep
|turn|16
|
|t:|1663356333
|move|p2a: Golisopod|Aqua Jet|p1a: Sharpedo
|-resisted|p1a: Sharpedo
|-damage|p1a: Sharpedo|0 fnt
|faint|p1a: Sharpedo
|
|upkeep
|
|t:|1663356337
|switch|p1a: Raikou|Raikou|95/100
|-damage|p1a: Raikou|82/100|[from] Spikes
|turn|17
|
|t:|1663356343
|move|p1a: Raikou|Calm Mind|p1a: Raikou
|-boost|p1a: Raikou|spa|1
|-boost|p1a: Raikou|spd|1
|move|p2a: Golisopod|Leech Life|p1a: Raikou
|-damage|p1a: Raikou|26/100
|
|-heal|p1a: Raikou|32/100|[from] item: Leftovers
|upkeep
|turn|18
|
|t:|1663356355
|switch|p2a: Flygon|Flygon, M, shiny|100/100
|move|p1a: Raikou|Shadow Ball|p2a: Flygon
|-damage|p2a: Flygon|55/100
|-unboost|p2a: Flygon|spd|1
|
|-heal|p1a: Raikou|39/100|[from] item: Leftovers
|upkeep
|turn|19
|
|t:|1663356363
|switch|p1a: Flygon|Flygon, F|100/100
|move|p2a: Flygon|U-turn|p1a: Flygon
|-damage|p1a: Flygon|75/100
|
|t:|1663356369
|switch|p2a: Bronzong|Bronzong|31/100|[from]move: U-turn
|
|-heal|p2a: Bronzong|37/100|[from] item: Leftovers
|upkeep
|turn|20
|
|t:|1663356377
|move|p1a: Flygon|Outrage|p2a: Bronzong
|-resisted|p2a: Bronzong
|-damage|p2a: Bronzong|14/100
|move|p2a: Bronzong|Toxic|p1a: Flygon
|-status|p1a: Flygon|tox
|
|-heal|p2a: Bronzong|20/100|[from] item: Leftovers
|-damage|p1a: Flygon|69/100 tox|[from] psn
|upkeep
|turn|21
|
|t:|1663356393
|move|p1a: Flygon|Outrage|p2a: Bronzong|[from]lockedmove
|-resisted|p2a: Bronzong
|-damage|p2a: Bronzong|0 fnt
|faint|p2a: Bronzong
|-start|p1a: Flygon|confusion|[fatigue]
|
|-damage|p1a: Flygon|57/100 tox|[from] psn
|upkeep
|
|t:|1663356397
|switch|p2a: Golisopod|Golisopod, M|100/100
|turn|22
|
|t:|1663356400
|move|p2a: Golisopod|First Impression|p1a: Flygon
|-damage|p1a: Flygon|0 fnt
|faint|p1a: Flygon
|
|upkeep
|c|☆forgettasaurus15|gg
|-message|forgettasaurus15 forfeited.
|
|win|Splashinganteater
|raw|forgettasaurus15's rating: 1319 &rarr; <strong>1304</strong><br />(-15 for losing)
|raw|Splashinganteater's rating: 1415 &rarr; <strong>1430</strong><br />(+15 for winning)
|l|☆forgettasaurus15
||Ladder isn't responding, score probably updated but might not have (Request timeout).
