|j|☆ASSOLO IL RE
|j|☆whistling
|player|p1|ASSOLO IL RE|biker-gen2|1590
|player|p2|whistling|proton|1570
|teamsize|p1|6
|teamsize|p2|6
|gametype|singles
|gen|8
|tier|[Gen 8] RU
|rated|
|clearpoke
|poke|p1|Goodra, M|
|poke|p1|Scrafty, M|
|poke|p1|Vileplume, F|
|poke|p1|Steelix, M|
|poke|p1|Mantine, M|
|poke|p1|Indeedee, M|
|poke|p2|Steelix, M|
|poke|p2|Passimian, M|
|poke|p2|Xatu, M|
|poke|p2|Flapple, M|
|poke|p2|Jellicent, M|
|poke|p2|Snorlax, M|
|rule|Sleep Clause Mod: Limit one foe put to sleep
|rule|Species Clause: Limit one of each Pokémon
|rule|OHKO Clause: OHKO moves are banned
|rule|Evasion Moves Clause: Evasion moves are banned
|rule|Endless Battle Clause: Forcing endless battles is banned
|rule|HP Percentage Mod: HP is shown in percentages
|rule|Dynamax Clause: You cannot dynamax
|teampreview
|inactive|Battle timer is ON: inactive players will automatically lose when time's up. (requested by whistling)
|
|start
|switch|p1a: Indeedee|Indeedee, M|100/100
|switch|p2a: Passimian|Passimian, M|100/100
|-fieldstart|move: Psychic Terrain|[from] ability: Psychic Surge|[of] p1a: Indeedee
|turn|1
|
|switch|p2a: Snorlax|Snorlax, M|100/100
|move|p1a: Indeedee|Psychic|p2a: Snorlax
|-damage|p2a: Snorlax|76/100
|
|-heal|p2a: Snorlax|82/100|[from] item: Leftovers
|upkeep
|turn|2
|
|switch|p1a: Steelix|Steelix, M|100/100
|move|p2a: Snorlax|Curse|p2a: Snorlax
|-unboost|p2a: Snorlax|spe|1
|-boost|p2a: Snorlax|atk|1
|-boost|p2a: Snorlax|def|1
|
|-heal|p2a: Snorlax|88/100|[from] item: Leftovers
|upkeep
|turn|3
|
|switch|p2a: Xatu|Xatu, M|100/100
|move|p1a: Steelix|Heavy Slam|p2a: Xatu
|-damage|p2a: Xatu|52/100
|-damage|p1a: Steelix|84/100|[from] item: Rocky Helmet|[of] p2a: Xatu
|
|-heal|p1a: Steelix|90/100|[from] item: Leftovers
|upkeep
|turn|4
|
|move|p2a: Xatu|Roost|p2a: Xatu
|-heal|p2a: Xatu|100/100
|-singleturn|p2a: Xatu|move: Roost
|move|p1a: Steelix|Earthquake|p2a: Xatu
|-damage|p2a: Xatu|60/100
|
|-heal|p1a: Steelix|96/100|[from] item: Leftovers
|upkeep
|turn|5
|
|move|p2a: Xatu|Heat Wave|p1a: Steelix
|-supereffective|p1a: Steelix
|-damage|p1a: Steelix|60/100
|move|p1a: Steelix|Heavy Slam|p2a: Xatu
|-damage|p2a: Xatu|12/100
|-damage|p1a: Steelix|43/100|[from] item: Rocky Helmet|[of] p2a: Xatu
|
|-heal|p1a: Steelix|50/100|[from] item: Leftovers
|-fieldend|move: Psychic Terrain
|upkeep
|turn|6
|
|switch|p1a: Scrafty|Scrafty, M|100/100
|move|p2a: Xatu|Heat Wave|p1a: Scrafty|[miss]
|-miss|p2a: Xatu|p1a: Scrafty
|
|upkeep
|turn|7
|
|switch|p2a: Passimian|Passimian, M|100/100
|move|p1a: Scrafty|Knock Off|p2a: Passimian
|-resisted|p2a: Passimian
|-damage|p2a: Passimian|83/100
|-enditem|p2a: Passimian|Choice Scarf|[from] move: Knock Off|[of] p1a: Scrafty
|
|upkeep
|turn|8
|
|switch|p1a: Vileplume|Vileplume, F|100/100
|move|p2a: Passimian|Knock Off|p1a: Vileplume
|-damage|p1a: Vileplume|72/100
|-enditem|p1a: Vileplume|Black Sludge|[from] move: Knock Off|[of] p2a: Passimian
|
|upkeep
|turn|9
|
|move|p2a: Passimian|U-turn|p1a: Vileplume
|-damage|p1a: Vileplume|52/100
|
|switch|p2a: Steelix|Steelix, M|100/100|[from]move: U-turn
|move|p1a: Vileplume|Sludge Bomb|p2a: Steelix
|-immune|p2a: Steelix
|
|upkeep
|turn|10
|
|move|p1a: Vileplume|Strength Sap|p2a: Steelix
|-unboost|p2a: Steelix|atk|1
|-heal|p1a: Vileplume|100/100
|move|p2a: Steelix|Stealth Rock|p1a: Vileplume
|-sidestart|p1: ASSOLO IL RE|move: Stealth Rock
|
|upkeep
|turn|11
|
|move|p1a: Vileplume|Growth|p1a: Vileplume
|-boost|p1a: Vileplume|atk|1
|-boost|p1a: Vileplume|spa|1
|move|p2a: Steelix|Heavy Slam|p1a: Vileplume
|-damage|p1a: Vileplume|76/100
|
|upkeep
|turn|12
|
|move|p1a: Vileplume|Giga Drain|p2a: Steelix
|-damage|p2a: Steelix|59/100
|-heal|p1a: Vileplume|97/100|[from] drain|[of] p2a: Steelix
|move|p2a: Steelix|Heavy Slam|p1a: Vileplume
|-damage|p1a: Vileplume|73/100
|
|-heal|p2a: Steelix|65/100|[from] item: Leftovers
|upkeep
|turn|13
|
|switch|p2a: Snorlax|Snorlax, M|88/100
|move|p1a: Vileplume|Giga Drain|p2a: Snorlax
|-damage|p2a: Snorlax|67/100
|-heal|p1a: Vileplume|88/100|[from] drain|[of] p2a: Snorlax
|
|-heal|p2a: Snorlax|73/100|[from] item: Leftovers
|upkeep
|turn|14
|
|switch|p2a: Xatu|Xatu, M|12/100
|move|p1a: Vileplume|Sludge Bomb|p2a: Xatu
|-damage|p2a: Xatu|0 fnt
|faint|p2a: Xatu
|
|upkeep
|
|switch|p2a: Flapple|Flapple, M|100/100
|turn|15
|
|move|p2a: Flapple|Outrage|p1a: Vileplume
|-damage|p1a: Vileplume|9/100
|move|p1a: Vileplume|Sludge Bomb|p2a: Flapple
|-supereffective|p2a: Flapple
|-damage|p2a: Flapple|0 fnt
|faint|p2a: Flapple
|
|upkeep
|
|switch|p2a: Passimian|Passimian, M|83/100
|turn|16
|
|switch|p1a: Mantine|Mantine, M|100/100
|move|p2a: Passimian|Close Combat|p1a: Mantine
|-resisted|p1a: Mantine
|-crit|p1a: Mantine
|-damage|p1a: Mantine|65/100
|-unboost|p2a: Passimian|def|1
|-unboost|p2a: Passimian|spd|1
|
|upkeep
|turn|17
|
|move|p2a: Passimian|Knock Off|p1a: Mantine
|-damage|p1a: Mantine|37/100
|-enditem|p1a: Mantine|Heavy-Duty Boots|[from] move: Knock Off|[of] p2a: Passimian
|move|p1a: Mantine|Roost|p1a: Mantine
|-heal|p1a: Mantine|87/100
|-singleturn|p1a: Mantine|move: Roost
|
|upkeep
|turn|18
|
|move|p2a: Passimian|Rock Slide|p1a: Mantine
|-supereffective|p1a: Mantine
|-damage|p1a: Mantine|45/100
|move|p1a: Mantine|Defog|p2a: Passimian
|-unboost|p2a: Passimian|evasion|1
|-ability|p2a: Passimian|Defiant
|-boost|p2a: Passimian|atk|2
|-sideend|p1: ASSOLO IL RE|Stealth Rock|[from] move: Defog|[of] p1a: Mantine
|
|upkeep
|turn|19
|c|☆ASSOLO IL RE|fuck
|
|switch|p1a: Vileplume|Vileplume, F|9/100
|move|p2a: Passimian|Close Combat|p1a: Vileplume
|-resisted|p1a: Vileplume
|-damage|p1a: Vileplume|0 fnt
|-unboost|p2a: Passimian|def|1
|-unboost|p2a: Passimian|spd|1
|faint|p1a: Vileplume
|
|upkeep
|
|switch|p1a: Indeedee|Indeedee, M|100/100
|-fieldstart|move: Psychic Terrain|[from] ability: Psychic Surge|[of] p1a: Indeedee
|turn|20
|
|move|p1a: Indeedee|Psyshock|p2a: Passimian
|-supereffective|p2a: Passimian
|-damage|p2a: Passimian|0 fnt
|faint|p2a: Passimian
|
|upkeep
|
|switch|p2a: Steelix|Steelix, M|65/100
|turn|21
|
|switch|p1a: Scrafty|Scrafty, M|100/100
|move|p2a: Steelix|Stealth Rock|p1a: Scrafty
|-sidestart|p1: ASSOLO IL RE|move: Stealth Rock
|
|-heal|p2a: Steelix|71/100|[from] item: Leftovers
|upkeep
|turn|22
|
|switch|p2a: Jellicent|Jellicent, M|100/100
|move|p1a: Scrafty|Bulk Up|p1a: Scrafty
|-boost|p1a: Scrafty|atk|1
|-boost|p1a: Scrafty|def|1
|
|upkeep
|turn|23
|
|move|p2a: Jellicent|Will-O-Wisp|p1a: Scrafty
|-status|p1a: Scrafty|brn
|move|p1a: Scrafty|Knock Off|p2a: Jellicent
|-supereffective|p2a: Jellicent
|-enditem|p2a: Jellicent|Colbur Berry|[eat]
|-enditem|p2a: Jellicent|Colbur Berry|[weaken]
|-damage|p2a: Jellicent|80/100
|
|-activate|p1a: Scrafty|ability: Shed Skin
|-curestatus|p1a: Scrafty|brn|[msg]
|upkeep
|turn|24
|
|move|p1a: Scrafty|Knock Off|p2a: Jellicent
|-supereffective|p2a: Jellicent
|-damage|p2a: Jellicent|33/100
|move|p2a: Jellicent|Will-O-Wisp|p1a: Scrafty
|-status|p1a: Scrafty|brn
|
|-activate|p1a: Scrafty|ability: Shed Skin
|-curestatus|p1a: Scrafty|brn|[msg]
|-fieldend|move: Psychic Terrain
|upkeep
|turn|25
|
|move|p2a: Jellicent|Will-O-Wisp|p1a: Scrafty
|-status|p1a: Scrafty|brn
|move|p1a: Scrafty|Knock Off|p2a: Jellicent
|-supereffective|p2a: Jellicent
|-damage|p2a: Jellicent|5/100
|
|-activate|p1a: Scrafty|ability: Shed Skin
|-curestatus|p1a: Scrafty|brn|[msg]
|upkeep
|turn|26
|
|move|p2a: Jellicent|Taunt|p1a: Scrafty
|-start|p1a: Scrafty|move: Taunt
|move|p1a: Scrafty|Knock Off|p2a: Jellicent
|-supereffective|p2a: Jellicent
|-damage|p2a: Jellicent|0 fnt
|faint|p2a: Jellicent
|
|upkeep
|-message|whistling forfeited.
|
|win|ASSOLO IL RE
|l|☆whistling
|raw|ASSOLO IL RE's rating: 1561 &rarr; <strong>1581</strong><br />(+20 for winning)
|raw|whistling's rating: 1570 &rarr; <strong>1550</strong><br />(-20 for losing)
