|j|☆doodieray
|j|☆Kla0Trixx
|t:|1659045846
|gametype|singles
|player|p1|doodieray|riley|1248
|player|p2|Kla0Trixx|2|1555
|teamsize|p1|6
|teamsize|p2|6
|gen|8
|tier|[Gen 8] RU
|rated|
|rule|Sleep Clause Mod: Limit one foe put to sleep
|rule|Species Clause: Limit one of each Pokémon
|rule|OHKO Clause: OHKO moves are banned
|rule|Evasion Moves Clause: Evasion moves are banned
|rule|Endless Battle Clause: Forcing endless battles is banned
|rule|HP Percentage Mod: HP is shown in percentages
|rule|Dynamax Clause: You cannot dynamax
|clearpoke
|poke|p1|Sceptile, F|
|poke|p1|Xurkitree|
|poke|p1|Incineroar, F|
|poke|p1|Indeedee, M|
|poke|p1|Bronzong|
|poke|p1|Sylveon, M|
|poke|p2|Incineroar, M|
|poke|p2|Gastrodon, F|
|poke|p2|Raikou|
|poke|p2|Togekiss, M|
|poke|p2|Weezing-Galar, M|
|poke|p2|Celebi|
|teampreview
|inactive|Battle timer is ON: inactive players will automatically lose when time's up. (requested by doodieray)
|inactive|doodieray has 120 seconds left.
|
|t:|1659045877
|start
|switch|p1a: Xurkitree|Xurkitree|100/100
|switch|p2a: Raikou|Raikou|100/100
|-ability|p2a: Raikou|Pressure
|turn|1
|
|t:|1659045882
|move|p1a: Xurkitree|Energy Ball|p2a: Raikou
|-damage|p2a: Raikou|59/100
|move|p2a: Raikou|Volt Switch|p1a: Xurkitree
|-resisted|p1a: Xurkitree
|-damage|p1a: Xurkitree|66/100
|
|t:|1659045889
|switch|p2a: Celebi|Celebi|100/100|[from]move: Volt Switch
|
|upkeep
|turn|2
|
|t:|1659045909
|switch|p1a: Incineroar|Incineroar, F|100/100
|-ability|p1a: Incineroar|Intimidate|boost
|-unboost|p2a: Celebi|atk|1
|move|p2a: Celebi|Stealth Rock|p1a: Incineroar
|-sidestart|p1: doodieray|move: Stealth Rock
|
|upkeep
|turn|3
|
|t:|1659045926
|move|p2a: Celebi|U-turn|p1a: Incineroar
|-damage|p1a: Incineroar|89/100
|
|t:|1659045929
|switch|p2a: Gastrodon|Gastrodon, F|100/100|[from]move: U-turn
|move|p1a: Incineroar|U-turn|p2a: Gastrodon
|-damage|p2a: Gastrodon|81/100
|
|t:|1659045940
|switch|p1a: Indeedee|Indeedee, M|100/100|[from]move: U-turn
|-damage|p1a: Indeedee|88/100|[from] Stealth Rock
|-fieldstart|move: Psychic Terrain|[from] ability: Psychic Surge|[of] p1a: Indeedee
|
|-heal|p2a: Gastrodon|87/100|[from] item: Leftovers
|upkeep
|turn|4
|
|t:|1659045946
|switch|p1a: Xurkitree|Xurkitree|66/100
|-damage|p1a: Xurkitree|54/100|[from] Stealth Rock
|switch|p2a: Incineroar|Incineroar, M|100/100
|-ability|p2a: Incineroar|Intimidate|boost
|-unboost|p1a: Xurkitree|atk|1
|
|upkeep
|turn|5
|
|t:|1659045950
|move|p1a: Xurkitree|Volt Switch|p2a: Incineroar
|-damage|p2a: Incineroar|76/100
|
|t:|1659045953
|switch|p1a: Incineroar|Incineroar, F|89/100|[from]move: Volt Switch
|-ability|p1a: Incineroar|Intimidate|boost
|-unboost|p2a: Incineroar|atk|1
|move|p2a: Incineroar|U-turn|p1a: Incineroar
|-damage|p1a: Incineroar|74/100
|
|t:|1659045958
|switch|p2a: Raikou|Raikou|59/100|[from]move: U-turn
|-ability|p2a: Raikou|Pressure
|
|upkeep
|turn|6
|
|t:|1659045964
|move|p2a: Raikou|Volt Switch|p1a: Incineroar
|-damage|p1a: Incineroar|29/100
|
|t:|1659045967
|switch|p2a: Gastrodon|Gastrodon, F|87/100|[from]move: Volt Switch
|move|p1a: Incineroar|U-turn|p2a: Gastrodon
|-damage|p2a: Gastrodon|67/100
|
|t:|1659045973
|switch|p1a: Sceptile|Sceptile, F|100/100|[from]move: U-turn
|-damage|p1a: Sceptile|88/100|[from] Stealth Rock
|-enditem|p1a: Sceptile|Psychic Seed
|-boost|p1a: Sceptile|spd|1|[from] item: Psychic Seed
|
|-heal|p2a: Gastrodon|73/100|[from] item: Leftovers
|upkeep
|turn|7
|
|t:|1659045983
|switch|p2a: Incineroar|Incineroar, M|76/100
|-ability|p2a: Incineroar|Intimidate|boost
|-unboost|p1a: Sceptile|atk|1
|move|p1a: Sceptile|Swords Dance|p1a: Sceptile
|-boost|p1a: Sceptile|atk|2
|
|upkeep
|turn|8
|
|t:|1659045990
|switch|p2a: Weezing|Weezing-Galar, M|100/100
|move|p1a: Sceptile|Earthquake|p2a: Weezing
|-immune|p2a: Weezing|[from] ability: Levitate
|
|upkeep
|turn|9
|
|t:|1659045995
|move|p1a: Sceptile|Rock Slide|p2a: Weezing
|-damage|p2a: Weezing|78/100
|move|p2a: Weezing|Strange Steam|p1a: Sceptile
|-damage|p1a: Sceptile|64/100
|
|-heal|p2a: Weezing|84/100|[from] item: Black Sludge
|upkeep
|turn|10
|
|t:|1659046007
|move|p1a: Sceptile|Swords Dance|p1a: Sceptile
|-boost|p1a: Sceptile|atk|2
|move|p2a: Weezing|Strange Steam|p1a: Sceptile
|-damage|p1a: Sceptile|38/100
|
|-heal|p2a: Weezing|90/100|[from] item: Black Sludge
|-fieldend|move: Psychic Terrain
|upkeep
|turn|11
|inactive|doodieray has 120 seconds left.
|
|t:|1659046040
|move|p1a: Sceptile|Rock Slide|p2a: Weezing
|-damage|p2a: Weezing|53/100
|cant|p2a: Weezing|flinch
|
|-heal|p2a: Weezing|59/100|[from] item: Black Sludge
|upkeep
|turn|12
|inactive|Kla0Trixx has 120 seconds left.
|
|t:|1659046074
|move|p2a: Weezing|Protect|p2a: Weezing
|-singleturn|p2a: Weezing|Protect
|move|p1a: Sceptile|Rock Slide|p2a: Weezing
|-activate|p2a: Weezing|move: Protect
|
|-heal|p2a: Weezing|65/100|[from] item: Black Sludge
|upkeep
|turn|13
|
|t:|1659046081
|move|p1a: Sceptile|Rock Slide|p2a: Weezing
|-damage|p2a: Weezing|29/100
|cant|p2a: Weezing|flinch
|
|-heal|p2a: Weezing|35/100|[from] item: Black Sludge
|upkeep
|turn|14
|
|t:|1659046097
|switch|p2a: Incineroar|Incineroar, M|76/100
|-ability|p2a: Incineroar|Intimidate|boost
|-unboost|p1a: Sceptile|atk|1
|move|p1a: Sceptile|Swords Dance|p1a: Sceptile
|-boost|p1a: Sceptile|atk|2
|
|upkeep
|turn|15
|
|t:|1659046108
|switch|p2a: Celebi|Celebi|100/100
|move|p1a: Sceptile|Rock Slide|p2a: Celebi
|-damage|p2a: Celebi|37/100
|
|-heal|p2a: Celebi|43/100|[from] item: Leftovers
|upkeep
|turn|16
|
|t:|1659046113
|move|p1a: Sceptile|Leaf Blade|p2a: Celebi
|-resisted|p2a: Celebi
|-damage|p2a: Celebi|0 fnt
|faint|p2a: Celebi
|
|upkeep
|
|t:|1659046117
|switch|p2a: Incineroar|Incineroar, M|76/100
|-ability|p2a: Incineroar|Intimidate|boost
|-unboost|p1a: Sceptile|atk|1
|turn|17
|
|t:|1659046129
|switch|p2a: Raikou|Raikou|59/100
|-ability|p2a: Raikou|Pressure
|move|p1a: Sceptile|Rock Slide|p2a: Raikou
|-damage|p2a: Raikou|0 fnt
|faint|p2a: Raikou
|
|upkeep
|
|t:|1659046131
|switch|p2a: Weezing|Weezing-Galar, M|35/100
|turn|18
|
|t:|1659046133
|move|p2a: Weezing|Protect|p2a: Weezing
|-singleturn|p2a: Weezing|Protect
|move|p1a: Sceptile|Rock Slide|p2a: Weezing
|-activate|p2a: Weezing|move: Protect
|
|-heal|p2a: Weezing|41/100|[from] item: Black Sludge
|upkeep
|turn|19
|
|t:|1659046137
|move|p1a: Sceptile|Leaf Blade|p2a: Weezing
|-resisted|p2a: Weezing
|-damage|p2a: Weezing|10/100
|move|p2a: Weezing|Strange Steam|p1a: Sceptile
|-damage|p1a: Sceptile|12/100
|
|-heal|p2a: Weezing|16/100|[from] item: Black Sludge
|upkeep
|turn|20
|
|t:|1659046146
|switch|p2a: Incineroar|Incineroar, M|76/100
|-ability|p2a: Incineroar|Intimidate|boost
|-unboost|p1a: Sceptile|atk|1
|move|p1a: Sceptile|Leaf Blade|p2a: Incineroar
|-resisted|p2a: Incineroar
|-damage|p2a: Incineroar|34/100
|
|upkeep
|turn|21
|
|t:|1659046155
|move|p1a: Sceptile|Leaf Blade|p2a: Incineroar
|-resisted|p2a: Incineroar
|-damage|p2a: Incineroar|0 fnt
|faint|p2a: Incineroar
|
|upkeep
|
|t:|1659046156
|switch|p2a: Togekiss|Togekiss, M|100/100
|turn|22
|
|t:|1659046161
|move|p1a: Sceptile|Rock Slide|p2a: Togekiss
|-supereffective|p2a: Togekiss
|-damage|p2a: Togekiss|0 fnt
|faint|p2a: Togekiss
|
|upkeep
|
|t:|1659046164
|switch|p2a: Weezing|Weezing-Galar, M|16/100
|turn|23
|
|t:|1659046169
|move|p2a: Weezing|Protect|p2a: Weezing
|-singleturn|p2a: Weezing|Protect
|move|p1a: Sceptile|Leaf Blade|p2a: Weezing
|-activate|p2a: Weezing|move: Protect
|
|-heal|p2a: Weezing|22/100|[from] item: Black Sludge
|upkeep
|turn|24
|
|t:|1659046173
|move|p1a: Sceptile|Leaf Blade|p2a: Weezing
|-resisted|p2a: Weezing
|-damage|p2a: Weezing|0 fnt
|faint|p2a: Weezing
|
|upkeep
|
|t:|1659046176
|switch|p2a: Gastrodon|Gastrodon, F|73/100
|turn|25
|
|t:|1659046178
|move|p1a: Sceptile|Leaf Blade|p2a: Gastrodon
|-supereffective|p2a: Gastrodon
|-damage|p2a: Gastrodon|0 fnt
|faint|p2a: Gastrodon
|
|win|doodieray
|raw|doodieray's rating: 1248 &rarr; <strong>1291</strong><br />(+43 for winning)
|raw|Kla0Trixx's rating: 1555 &rarr; <strong>1521</strong><br />(-34 for losing)
|l|☆Kla0Trixx
||Ladder isn't responding, score probably updated but might not have (Request timeout).
