|j|☆Waterser
|j|☆eyes_eyes
|t:|1646884130
|gametype|singles
|player|p1|Waterser|pokekid|1410
|player|p2|eyes_eyes|winona|1314
|teamsize|p1|6
|teamsize|p2|6
|gen|8
|tier|[Gen 8] RU
|rated|
|rule|Sleep Clause Mod: Limit one foe put to sleep
|rule|Species Clause: Limit one of each Pokémon
|rule|OHKO Clause: OHKO moves are banned
|rule|Evasion Moves Clause: Evasion moves are banned
|rule|Endless Battle Clause: Forcing endless battles is banned
|rule|HP Percentage Mod: HP is shown in percentages
|rule|Dynamax Clause: You cannot dynamax
|clearpoke
|poke|p1|Lucario, M|
|poke|p1|Noivern, M|
|poke|p1|Toxtricity, M|
|poke|p1|Golisopod, M|
|poke|p1|Reuniclus, M|
|poke|p1|Porygon2|
|poke|p2|Celebi|
|poke|p2|Raikou|
|poke|p2|Crobat, F|
|poke|p2|Nidoqueen, F|
|poke|p2|Entei|
|poke|p2|Mimikyu, M|
|teampreview
|inactive|Battle timer is ON: inactive players will automatically lose when time's up. (requested by Waterser)
|inactive|Waterser has 120 seconds left.
|
|t:|1646884165
|start
|switch|p1a: Reuniclus|Reuniclus, M|100/100
|switch|p2a: Raikou|Raikou|100/100
|turn|1
|
|t:|1646884187
|move|p2a: Raikou|Volt Switch|p1a: Reuniclus
|-crit|p1a: Reuniclus
|-damage|p1a: Reuniclus|78/100
|inactive|eyes_eyes has 120 seconds left.
|
|t:|1646884218
|switch|p2a: Celebi|Celebi|100/100|[from]move: Volt Switch
|move|p1a: Reuniclus|Future Sight|p2a: Celebi
|-start|p1a: Reuniclus|move: Future Sight
|
|upkeep
|turn|2
|inactive|eyes_eyes has 90 seconds left.
|inactive|eyes_eyes has 60 seconds left.
|
|t:|1646884280
|move|p2a: Celebi|Nasty Plot|p2a: Celebi
|-boost|p2a: Celebi|spa|2
|move|p1a: Reuniclus|Shadow Ball|p2a: Celebi
|-supereffective|p2a: Celebi
|-damage|p2a: Celebi|46/100
|-unboost|p2a: Celebi|spd|1
|
|upkeep
|turn|3
|inactive|eyes_eyes has 60 seconds left.
|
|t:|1646884290
|move|p2a: Celebi|Shadow Ball|p1a: Reuniclus
|-supereffective|p1a: Reuniclus
|-damage|p1a: Reuniclus|21/100
|-damage|p2a: Celebi|36/100|[from] item: Life Orb
|move|p1a: Reuniclus|Shadow Ball|p2a: Celebi
|-supereffective|p2a: Celebi
|-crit|p2a: Celebi
|-damage|p2a: Celebi|0 fnt
|faint|p2a: Celebi
|
|-hint|Future Sight did not hit because the target is fainted.
|upkeep
|inactive|eyes_eyes has 60 seconds left.
|
|t:|1646884314
|switch|p2a: Entei|Entei|100/100
|turn|4
|
|t:|1646884330
|switch|p1a: Porygon2|Porygon2, shiny|100/100
|-ability|p1a: Porygon2|Inner Focus|[from] ability: Trace|[of] p2a: Entei
|move|p2a: Entei|Sacred Fire|p1a: Porygon2|[miss]
|-miss|p2a: Entei|p1a: Porygon2
|
|upkeep
|turn|5
|inactive|eyes_eyes has 60 seconds left.
|
|t:|1646884355
|move|p2a: Entei|Toxic|p1a: Porygon2
|-status|p1a: Porygon2|tox
|move|p1a: Porygon2|Toxic|p2a: Entei
|-status|p2a: Entei|tox
|
|-damage|p2a: Entei|94/100 tox|[from] psn
|-damage|p1a: Porygon2|94/100 tox|[from] psn
|upkeep
|turn|6
|inactive|eyes_eyes has 60 seconds left.
|
|t:|1646884370
|switch|p2a: Nidoqueen|Nidoqueen, F|100/100
|move|p1a: Porygon2|Teleport|p1a: Porygon2
|
|t:|1646884374
|switch|p1a: Reuniclus|Reuniclus, M|54/100|[from]move: Teleport
|
|upkeep
|turn|7
|inactive|eyes_eyes has 60 seconds left.
|
|t:|1646884391
|move|p2a: Nidoqueen|Sludge Wave|p1a: Reuniclus
|-damage|p1a: Reuniclus|26/100
|move|p1a: Reuniclus|Future Sight|p2a: Nidoqueen
|-start|p1a: Reuniclus|move: Future Sight
|
|upkeep
|turn|8
|inactive|eyes_eyes has 60 seconds left.
|
|t:|1646884405
|switch|p1a: Porygon2|Porygon2, shiny|94/100 tox
|-ability|p1a: Porygon2|Sheer Force|[from] ability: Trace|[of] p2a: Nidoqueen
|move|p2a: Nidoqueen|Sludge Wave|p1a: Porygon2
|-damage|p1a: Porygon2|56/100 tox
|
|-damage|p1a: Porygon2|50/100 tox|[from] psn
|upkeep
|turn|9
|inactive|eyes_eyes has 60 seconds left.
|
|t:|1646884416
|switch|p2a: Raikou|Raikou|100/100
|move|p1a: Porygon2|Recover|p1a: Porygon2
|-heal|p1a: Porygon2|99/100 tox
|
|-end|p2a: Raikou|move: Future Sight
|-damage|p2a: Raikou|41/100
|-damage|p1a: Porygon2|87/100 tox|[from] psn
|upkeep
|turn|10
|inactive|eyes_eyes has 60 seconds left.
|
|t:|1646884442
|switch|p1a: Reuniclus|Reuniclus, M|60/100
|move|p2a: Raikou|Volt Switch|p1a: Reuniclus
|-damage|p1a: Reuniclus|44/100
|
|t:|1646884449
|switch|p2a: Mimikyu|Mimikyu, M|100/100|[from]move: Volt Switch
|
|upkeep
|turn|11
|inactive|eyes_eyes has 30 seconds left.
|
|t:|1646884485
|switch|p1a: Golisopod|Golisopod, M|100/100
|move|p2a: Mimikyu|Swords Dance|p2a: Mimikyu
|-boost|p2a: Mimikyu|atk|2
|
|upkeep
|turn|12
|inactive|eyes_eyes has 30 seconds left.
|
|t:|1646884494
|move|p1a: Golisopod|First Impression|p2a: Mimikyu
|-activate|p2a: Mimikyu|ability: Disguise
|-damage|p2a: Mimikyu|100/100
|detailschange|p2a: Mimikyu|Mimikyu-Busted, M
|-damage|p2a: Mimikyu|88/100|[from] pokemon: Mimikyu-Busted
|move|p2a: Mimikyu|Shadow Claw|p1a: Golisopod
|-damage|p1a: Golisopod|48/100
|-activate|p1a: Golisopod|ability: Emergency Exit
|-damage|p2a: Mimikyu|78/100|[from] item: Life Orb
|
|t:|1646884513
|switch|p1a: Noivern|Noivern, M|100/100
|
|upkeep
|turn|13
|l|☆Waterser
|inactive|Waterser disconnected and has a minute to reconnect!
|player|p1|
|j|☆Waterser
|inactive|Waterser reconnected and has 115 seconds left.
|player|p1|Waterser|pokekid
|inactive|eyes_eyes has 30 seconds left.
|
|t:|1646884561
|move|p1a: Noivern|Flamethrower|p2a: Mimikyu
|-damage|p2a: Mimikyu|46/100
|move|p2a: Mimikyu|Play Rough|p1a: Noivern
|-supereffective|p1a: Noivern
|-damage|p1a: Noivern|0 fnt
|faint|p1a: Noivern
|-damage|p2a: Mimikyu|36/100|[from] item: Life Orb
|
|upkeep
|inactive|eyes_eyes has 30 seconds left this turn.
|
|t:|1646884579
|switch|p1a: Golisopod|Golisopod, M|48/100
|turn|14
|inactive|eyes_eyes has 30 seconds left.
|
|t:|1646884599
|switch|p2a: Entei|Entei|94/100 tox
|move|p1a: Golisopod|First Impression|p2a: Entei
|-resisted|p2a: Entei
|-damage|p2a: Entei|67/100 tox
|
|-damage|p2a: Entei|61/100 tox|[from] psn
|upkeep
|turn|15
|inactive|eyes_eyes has 30 seconds left.
|inactive|Waterser has 90 seconds left.
|
|t:|1646884651
|move|p1a: Golisopod|Aqua Jet|p2a: Entei
|-supereffective|p2a: Entei
|-damage|p2a: Entei|10/100 tox
|move|p2a: Entei|Sacred Fire|p1a: Golisopod
|-damage|p1a: Golisopod|9/100
|
|-damage|p2a: Entei|0 fnt|[from] psn
|faint|p2a: Entei
|upkeep
|inactive|eyes_eyes has 30 seconds left this turn.
|inactive|eyes_eyes has 20 seconds left.
|
|t:|1646884665
|switch|p2a: Raikou|Raikou|41/100
|turn|16
|inactive|eyes_eyes has 30 seconds left this turn.
|
|t:|1646884671
|switch|p1a: Reuniclus|Reuniclus, M|77/100
|move|p2a: Raikou|Volt Switch|p1a: Reuniclus
|-damage|p1a: Reuniclus|61/100
|
|t:|1646884676
|switch|p2a: Mimikyu|Mimikyu-Busted, M|36/100|[from]move: Volt Switch
|
|upkeep
|turn|17
|inactive|Waterser has 90 seconds left.
|
|t:|1646884684
|move|p2a: Mimikyu|Shadow Claw|p1a: Reuniclus
|-supereffective|p1a: Reuniclus
|-damage|p1a: Reuniclus|0 fnt
|faint|p1a: Reuniclus
|-damage|p2a: Mimikyu|26/100|[from] item: Life Orb
|
|upkeep
|
|t:|1646884687
|switch|p1a: Golisopod|Golisopod, M|9/100
|turn|18
|
|t:|1646884692
|switch|p2a: Crobat|Crobat, F|100/100
|move|p1a: Golisopod|First Impression|p2a: Crobat
|-resisted|p2a: Crobat
|-damage|p2a: Crobat|86/100
|
|upkeep
|turn|19
|inactive|eyes_eyes has 60 seconds left.
|
|t:|1646884700
|switch|p1a: Porygon2|Porygon2, shiny|87/100 tox
|-ability|p1a: Porygon2|Infiltrator|[from] ability: Trace|[of] p2a: Crobat
|move|p2a: Crobat|Brave Bird|p1a: Porygon2
|-damage|p1a: Porygon2|69/100 tox
|-damage|p2a: Crobat|80/100|[from] Recoil
|
|-damage|p1a: Porygon2|63/100 tox|[from] psn
|upkeep
|turn|20
|
|t:|1646884710
|move|p2a: Crobat|Taunt|p1a: Porygon2
|-start|p1a: Porygon2|move: Taunt
|move|p1a: Porygon2|Ice Beam|p2a: Crobat
|-supereffective|p2a: Crobat
|-damage|p2a: Crobat|34/100
|
|-damage|p1a: Porygon2|51/100 tox|[from] psn
|upkeep
|turn|21
|inactive|Waterser has 120 seconds left.
|
|t:|1646884718
|switch|p1a: Toxtricity|Toxtricity, M, shiny|100/100
|move|p2a: Crobat|Roost|p2a: Crobat
|-heal|p2a: Crobat|84/100
|-singleturn|p2a: Crobat|move: Roost
|
|upkeep
|turn|22
|inactive|Waterser has 120 seconds left.
|inactive|eyes_eyes has 60 seconds left.
|
|t:|1646884757
|switch|p2a: Nidoqueen|Nidoqueen, F|100/100
|move|p1a: Toxtricity|Overdrive|p2a: Nidoqueen
|-immune|p2a: Nidoqueen
|
|upkeep
|turn|23
|inactive|Waterser has 120 seconds left.
|
|t:|1646884766
|switch|p1a: Porygon2|Porygon2, shiny|51/100 tox
|-ability|p1a: Porygon2|Sheer Force|[from] ability: Trace|[of] p2a: Nidoqueen
|move|p2a: Nidoqueen|Earth Power|p1a: Porygon2
|-damage|p1a: Porygon2|15/100 tox
|
|-damage|p1a: Porygon2|9/100 tox|[from] psn
|upkeep
|turn|24
|
|t:|1646884780
|move|p2a: Nidoqueen|Earth Power|p1a: Porygon2
|-damage|p1a: Porygon2|0 fnt
|faint|p1a: Porygon2
|
|upkeep
|
|t:|1646884783
|switch|p1a: Golisopod|Golisopod, M|9/100
|turn|25
|
|t:|1646884793
|switch|p2a: Crobat|Crobat, F|84/100
|move|p1a: Golisopod|First Impression|p2a: Crobat
|-resisted|p2a: Crobat
|-crit|p2a: Crobat
|-damage|p2a: Crobat|65/100
|
|upkeep
|turn|26
|
|t:|1646884801
|move|p2a: Crobat|Brave Bird|p1a: Golisopod
|-supereffective|p1a: Golisopod
|-damage|p1a: Golisopod|0 fnt
|faint|p1a: Golisopod
|-damage|p2a: Crobat|62/100|[from] Recoil
|
|upkeep
|
|t:|1646884808
|switch|p1a: Toxtricity|Toxtricity, M, shiny|100/100
|turn|27
|
|t:|1646884812
|move|p2a: Crobat|Brave Bird|p1a: Toxtricity
|-resisted|p1a: Toxtricity
|-damage|p1a: Toxtricity|71/100
|-damage|p2a: Crobat|55/100|[from] Recoil
|move|p1a: Toxtricity|Boomburst|p2a: Crobat
|-damage|p2a: Crobat|0 fnt
|faint|p2a: Crobat
|
|upkeep
|
|t:|1646884820
|switch|p2a: Nidoqueen|Nidoqueen, F|100/100
|turn|28
|
|t:|1646884824
|move|p2a: Nidoqueen|Earth Power|p1a: Toxtricity
|-supereffective|p1a: Toxtricity
|-damage|p1a: Toxtricity|0 fnt
|faint|p1a: Toxtricity
|
|upkeep
|
|t:|1646884826
|switch|p1a: Lucario|Lucario, M|100/100
|turn|29
|
|t:|1646884829
|move|p1a: Lucario|Meteor Mash|p2a: Nidoqueen
|-damage|p2a: Nidoqueen|27/100
|move|p2a: Nidoqueen|Earth Power|p1a: Lucario
|-supereffective|p1a: Lucario
|-damage|p1a: Lucario|0 fnt
|faint|p1a: Lucario
|
|win|eyes_eyes
|raw|Waterser's rating: 1410 &rarr; <strong>1385</strong><br />(-25 for losing)
|raw|eyes_eyes's rating: 1314 &rarr; <strong>1339</strong><br />(+25 for winning)
|c|☆eyes_eyes|gg
|l|☆Waterser
||Ladder isn't responding, score probably updated but might not have (Request timeout).
