|html|<div class="broadcast-blue"><strong>[Gen 8] RU is currently suspecting Thundurus! For information on how to participate check out the <a href="https://www.smogon.com/forums/threads/np-ru-stage-5-electric-feel-thundurus-suspect.3676870/">suspect thread</a>.</strong></div>
|j|☆purple mountains
|j|☆RUT8 Zenadark
|t:|1611522532
|player|p1|purple mountains|teammagmagruntf-gen3|1377
|player|p2|RUT8 Zenadark|cyrus|1118
|teamsize|p1|6
|teamsize|p2|6
|gametype|singles
|gen|8
|tier|[Gen 8] RU
|rated|
|clearpoke
|poke|p1|Metagross|
|poke|p1|Zygarde-10%|
|poke|p1|Thundurus, M|
|poke|p1|Snorlax, F|
|poke|p1|Golisopod, F|
|poke|p1|Togekiss, F|
|poke|p2|Necrozma|
|poke|p2|Klefki, M|
|poke|p2|Sharpedo, M|
|poke|p2|Zygarde-10%|
|poke|p2|Thundurus, M|
|poke|p2|Mimikyu, M|
|rule|Sleep Clause Mod: Limit one foe put to sleep
|rule|Species Clause: Limit one of each Pokémon
|rule|OHKO Clause: OHKO moves are banned
|rule|Evasion Moves Clause: Evasion moves are banned
|rule|Endless Battle Clause: Forcing endless battles is banned
|rule|HP Percentage Mod: HP is shown in percentages
|rule|Dynamax Clause: You cannot dynamax
|teampreview
|
|t:|1611522545
|start
|switch|p1a: Zygarde|Zygarde-10%|100/100
|switch|p2a: Necrozma|Necrozma|100/100
|-ability|p1a: Zygarde|Aura Break
|turn|1
|
|t:|1611522564
|move|p1a: Zygarde|Thousand Arrows|p2a: Necrozma
|-damage|p2a: Necrozma|46/100
|move|p2a: Necrozma|Photon Geyser|p1a: Zygarde
|-damage|p1a: Zygarde|13/100
|
|upkeep
|turn|2
|
|t:|1611522574
|move|p1a: Zygarde|Thousand Arrows|p2a: Necrozma
|-damage|p2a: Necrozma|0 fnt
|faint|p2a: Necrozma
|
|upkeep
|
|t:|1611522585
|switch|p2a: Sharpedo|Sharpedo, M, shiny|100/100
|turn|3
|
|t:|1611522625
|switch|p1a: Togekiss|Togekiss, F|100/100
|move|p2a: Sharpedo|Protect||[still]
|-fail|p2a: Sharpedo
|
|-ability|p2a: Sharpedo|Speed Boost|boost
|-boost|p2a: Sharpedo|spe|1
|upkeep
|turn|4
|
|t:|1611522632
|switch|p2a: Thundurus|Thundurus, M|100/100
|move|p1a: Togekiss|Air Slash|p2a: Thundurus
|-resisted|p2a: Thundurus
|-damage|p2a: Thundurus|80/100
|
|upkeep
|turn|5
|
|t:|1611522641
|switch|p1a: Snorlax|Snorlax, F|100/100
|move|p2a: Thundurus|Grass Knot|p1a: Snorlax
|-damage|p1a: Snorlax|81/100
|
|-heal|p1a: Snorlax|87/100|[from] item: Leftovers
|upkeep
|turn|6
|
|t:|1611522655
|switch|p1a: Zygarde|Zygarde-10%|13/100
|-ability|p1a: Zygarde|Aura Break
|move|p2a: Thundurus|Taunt|p1a: Zygarde
|-start|p1a: Zygarde|move: Taunt
|
|upkeep
|turn|7
|
|t:|1611522671
|move|p1a: Zygarde|Thousand Arrows|p2a: Thundurus
|-damage|p2a: Thundurus|0 fnt
|faint|p2a: Thundurus
|
|upkeep
|
|t:|1611522683
|switch|p2a: Mimikyu|Mimikyu, M|100/100
|turn|8
|
|t:|1611522694
|switch|p1a: Snorlax|Snorlax, F|87/100
|move|p2a: Mimikyu|Shadow Sneak|p1a: Snorlax
|-immune|p1a: Snorlax
|
|-heal|p1a: Snorlax|93/100|[from] item: Leftovers
|upkeep
|turn|9
|
|t:|1611522702
|move|p2a: Mimikyu|Swords Dance|p2a: Mimikyu
|-boost|p2a: Mimikyu|atk|2
|move|p1a: Snorlax|Darkest Lariat|p2a: Mimikyu
|-activate|p2a: Mimikyu|ability: Disguise
|-damage|p2a: Mimikyu|100/100
|detailschange|p2a: Mimikyu|Mimikyu-Busted, M
|-damage|p2a: Mimikyu|88/100|[from] pokemon: Mimikyu-Busted
|
|-heal|p1a: Snorlax|99/100|[from] item: Leftovers
|upkeep
|turn|10
|
|t:|1611522729
|move|p2a: Mimikyu|Play Rough|p1a: Snorlax
|-damage|p1a: Snorlax|19/100
|-damage|p2a: Mimikyu|78/100|[from] item: Life Orb
|move|p1a: Snorlax|Darkest Lariat|p2a: Mimikyu
|-crit|p2a: Mimikyu
|-damage|p2a: Mimikyu|26/100
|
|-heal|p1a: Snorlax|25/100|[from] item: Leftovers
|upkeep
|turn|11
|
|t:|1611522765
|move|p2a: Mimikyu|Play Rough|p1a: Snorlax
|-crit|p1a: Snorlax
|-damage|p1a: Snorlax|0 fnt
|-damage|p2a: Mimikyu|16/100|[from] item: Life Orb
|faint|p1a: Snorlax
|
|upkeep
|
|t:|1611522773
|switch|p1a: Golisopod|Golisopod, F|100/100
|turn|12
|
|t:|1611522779
|switch|p2a: Klefki|Klefki, M|100/100
|move|p1a: Golisopod|First Impression|p2a: Klefki
|-resisted|p2a: Klefki
|-damage|p2a: Klefki|91/100
|
|-heal|p2a: Klefki|97/100|[from] item: Leftovers
|upkeep
|turn|13
|
|t:|1611522800
|move|p2a: Klefki|Spikes|p1a: Golisopod
|-sidestart|p1: purple mountains|Spikes
|move|p1a: Golisopod|Knock Off|p2a: Klefki
|-resisted|p2a: Klefki
|-damage|p2a: Klefki|82/100
|-enditem|p2a: Klefki|Leftovers|[from] move: Knock Off|[of] p1a: Golisopod
|
|upkeep
|turn|14
|
|t:|1611522824
|move|p2a: Klefki|Toxic|p1a: Golisopod|[miss]
|-miss|p2a: Klefki|p1a: Golisopod
|move|p1a: Golisopod|Liquidation|p2a: Klefki
|-damage|p2a: Klefki|45/100
|-unboost|p2a: Klefki|def|1
|
|upkeep
|turn|15
|
|t:|1611522845
|move|p2a: Klefki|Spikes|p1a: Golisopod
|-sidestart|p1: purple mountains|Spikes
|move|p1a: Golisopod|Spikes|p2a: Klefki
|-sidestart|p2: RUT8 Zenadark|Spikes
|
|upkeep
|turn|16
|
|t:|1611522855
|move|p2a: Klefki|Dazzling Gleam|p1a: Golisopod
|-damage|p1a: Golisopod|73/100
|move|p1a: Golisopod|Spikes|p2a: Klefki
|-sidestart|p2: RUT8 Zenadark|Spikes
|
|upkeep
|turn|17
|
|t:|1611522863
|move|p2a: Klefki|Dazzling Gleam|p1a: Golisopod
|-damage|p1a: Golisopod|46/100
|-activate|p1a: Golisopod|ability: Emergency Exit
|
|t:|1611522871
|switch|p1a: Thundurus|Thundurus, M|100/100
|
|upkeep
|turn|18
|
|t:|1611522893
|move|p2a: Klefki|Toxic|p1a: Thundurus
|-status|p1a: Thundurus|tox
|move|p1a: Thundurus|Thunderbolt|p2a: Klefki
|-damage|p2a: Klefki|0 fnt
|faint|p2a: Klefki
|
|-damage|p1a: Thundurus|94/100 tox|[from] psn
|upkeep
|
|t:|1611522898
|switch|p2a: Mimikyu|Mimikyu-Busted, M|16/100
|-damage|p2a: Mimikyu|0 fnt|[from] Spikes
|faint|p2a: Mimikyu
|
|t:|1611522901
|switch|p2a: Zygarde|Zygarde-10%|100/100
|-damage|p2a: Zygarde|84/100|[from] Spikes
|-ability|p2a: Zygarde|Aura Break
|turn|19
|
|t:|1611522943
|switch|p1a: Zygarde|Zygarde-10%|13/100
|-damage|p1a: Zygarde|0 fnt|[from] Spikes
|faint|p1a: Zygarde
|move|p2a: Zygarde|Thousand Arrows|p1: Zygarde|[notarget]
|-fail|p2a: Zygarde
|
|upkeep
|
|t:|1611522952
|switch|p1a: Golisopod|Golisopod, F|46/100
|turn|20
|
|t:|1611522962
|move|p1a: Golisopod|First Impression|p2a: Zygarde
|-damage|p2a: Zygarde|0 fnt
|faint|p2a: Zygarde
|
|upkeep
|
|t:|1611522965
|switch|p2a: Sharpedo|Sharpedo, M, shiny|100/100
|-damage|p2a: Sharpedo|84/100|[from] Spikes
|turn|21
|
|t:|1611522971
|move|p2a: Sharpedo|Crunch|p1a: Golisopod
|-damage|p1a: Golisopod|0 fnt
|-damage|p2a: Sharpedo|74/100|[from] item: Life Orb
|faint|p1a: Golisopod
|
|-ability|p2a: Sharpedo|Speed Boost|boost
|-boost|p2a: Sharpedo|spe|1
|upkeep
|
|t:|1611522975
|switch|p1a: Togekiss|Togekiss, F|100/100
|turn|22
|
|t:|1611522980
|move|p2a: Sharpedo|Liquidation|p1a: Togekiss
|-damage|p1a: Togekiss|50/100
|-damage|p2a: Sharpedo|64/100|[from] item: Life Orb
|move|p1a: Togekiss|Air Slash|p2a: Sharpedo
|-damage|p2a: Sharpedo|0 fnt
|faint|p2a: Sharpedo
|
|win|purple mountains
|c|☆purple mountains|gg
|l|☆RUT8 Zenadark
||Ladder (probably) updated, but score could not be retrieved (Request timeout).
