|j|☆Spongebob1203
|j|☆one step from eden
|player|p1|Spongebob1203|101|1300
|player|p2|one step from eden|morty-gen2|1423
|teamsize|p1|6
|teamsize|p2|6
|gametype|singles
|gen|8
|tier|[Gen 8] RU
|rated|
|clearpoke
|poke|p1|Jellicent, F|
|poke|p1|Whimsicott, F|
|poke|p1|Snorlax, F|
|poke|p1|Xatu, M|
|poke|p1|Mudsdale, M|
|poke|p1|Gallade, M|
|poke|p2|Virizion|
|poke|p2|Lanturn, M|
|poke|p2|Silvally-*|
|poke|p2|Mudsdale, F|
|poke|p2|Turtonator, M|
|poke|p2|Toxicroak, M|
|rule|Sleep Clause Mod: Limit one foe put to sleep
|rule|Species Clause: Limit one of each Pokémon
|rule|OHKO Clause: OHKO moves are banned
|rule|Evasion Moves Clause: Evasion moves are banned
|rule|Endless Battle Clause: Forcing endless battles is banned
|rule|HP Percentage Mod: HP is shown in percentages
|rule|Dynamax Clause: You cannot dynamax
|teampreview
|
|start
|switch|p1a: Jellicent|Jellicent, F|100/100
|switch|p2a: Virizion|Virizion|100/100
|turn|1
|
|switch|p1a: Xatu|Xatu, M|100/100
|move|p2a: Virizion|Leaf Storm|p1a: Xatu
|-resisted|p1a: Xatu
|-damage|p1a: Xatu|45/100
|-unboost|p2a: Virizion|spa|2
|
|upkeep
|turn|2
|
|switch|p2a: Lanturn|Lanturn, M|100/100
|move|p1a: Xatu|U-turn|p2a: Lanturn
|-damage|p2a: Lanturn|87/100
|
|switch|p1a: Whimsicott|Whimsicott, F|100/100|[from]move: U-turn
|
|-heal|p2a: Lanturn|93/100|[from] item: Leftovers
|upkeep
|turn|3
|
|move|p2a: Lanturn|Protect|p2a: Lanturn
|-singleturn|p2a: Lanturn|Protect
|move|p1a: Whimsicott|Moonblast|p2a: Lanturn
|-activate|p2a: Lanturn|move: Protect
|
|-heal|p2a: Lanturn|99/100|[from] item: Leftovers
|upkeep
|turn|4
|
|switch|p1a: Xatu|Xatu, M|45/100
|move|p2a: Lanturn|Volt Switch|p1a: Xatu
|-supereffective|p1a: Xatu
|-damage|p1a: Xatu|0 fnt
|faint|p1a: Xatu
|
|switch|p2a: Virizion|Virizion|100/100|[from]move: Volt Switch
|
|upkeep
|
|switch|p1a: Whimsicott|Whimsicott, F|100/100
|turn|5
|
|switch|p1a: Snorlax|Snorlax, F|100/100
|switch|p2a: Silvally|Silvally-Steel|100/100
|
|upkeep
|turn|6
|
|move|p2a: Silvally|Multi-Attack|p1a: Snorlax
|-damage|p1a: Snorlax|50/100
|move|p1a: Snorlax|Earthquake|p2a: Silvally
|-supereffective|p2a: Silvally
|-damage|p2a: Silvally|0 fnt
|faint|p2a: Silvally
|
|upkeep
|
|switch|p2a: Virizion|Virizion|100/100
|turn|7
|
|switch|p1a: Whimsicott|Whimsicott, F|100/100
|move|p2a: Virizion|Air Slash|p1a: Whimsicott
|-supereffective|p1a: Whimsicott
|-damage|p1a: Whimsicott|0 fnt
|faint|p1a: Whimsicott
|
|upkeep
|
|switch|p1a: Snorlax|Snorlax, F|50/100
|turn|8
|
|switch|p2a: Mudsdale|Mudsdale, F|100/100
|move|p1a: Snorlax|Body Slam|p2a: Mudsdale
|-damage|p2a: Mudsdale|59/100
|-ability|p2a: Mudsdale|Stamina|boost
|-boost|p2a: Mudsdale|def|1
|
|-heal|p2a: Mudsdale|65/100|[from] item: Leftovers
|upkeep
|turn|9
|
|switch|p1a: Jellicent|Jellicent, F|100/100
|move|p2a: Mudsdale|Stealth Rock|p1a: Jellicent
|-sidestart|p1: Spongebob1203|move: Stealth Rock
|
|-heal|p2a: Mudsdale|71/100|[from] item: Leftovers
|upkeep
|turn|10
|
|switch|p2a: Virizion|Virizion|100/100
|move|p1a: Jellicent|Will-O-Wisp|p2a: Virizion
|-status|p2a: Virizion|brn
|
|-damage|p2a: Virizion|94/100 brn|[from] brn
|upkeep
|turn|11
|
|move|p2a: Virizion|Giga Drain|p1a: Jellicent
|-supereffective|p1a: Jellicent
|-damage|p1a: Jellicent|22/100
|-heal|p2a: Virizion|100/100 brn|[from] drain|[of] p1a: Jellicent
|move|p1a: Jellicent|Recover|p1a: Jellicent
|-heal|p1a: Jellicent|72/100
|
|-heal|p1a: Jellicent|78/100|[from] item: Leftovers
|-damage|p2a: Virizion|94/100 brn|[from] brn
|upkeep
|turn|12
|
|move|p2a: Virizion|Giga Drain|p1a: Jellicent
|-supereffective|p1a: Jellicent
|-damage|p1a: Jellicent|8/100
|-heal|p2a: Virizion|100/100 brn|[from] drain|[of] p1a: Jellicent
|move|p1a: Jellicent|Scald|p2a: Virizion
|-resisted|p2a: Virizion
|-damage|p2a: Virizion|91/100 brn
|
|-heal|p1a: Jellicent|14/100|[from] item: Leftovers
|-damage|p2a: Virizion|85/100 brn|[from] brn
|upkeep
|turn|13
|
|move|p2a: Virizion|Giga Drain|p1a: Jellicent
|-supereffective|p1a: Jellicent
|-damage|p1a: Jellicent|0 fnt
|-heal|p2a: Virizion|93/100 brn|[from] drain|[of] p1a: Jellicent
|faint|p1a: Jellicent
|
|-damage|p2a: Virizion|87/100 brn|[from] brn
|upkeep
|
|switch|p1a: Gallade|Gallade, M|100/100
|-damage|p1a: Gallade|94/100|[from] Stealth Rock
|turn|14
|
|switch|p2a: Mudsdale|Mudsdale, F|71/100
|move|p1a: Gallade|Swords Dance|p1a: Gallade
|-boost|p1a: Gallade|atk|2
|
|-heal|p2a: Mudsdale|77/100|[from] item: Leftovers
|upkeep
|turn|15
|
|move|p1a: Gallade|Swords Dance|p1a: Gallade
|-boost|p1a: Gallade|atk|2
|move|p2a: Mudsdale|Earthquake|p1a: Gallade
|-damage|p1a: Gallade|26/100
|
|-heal|p2a: Mudsdale|84/100|[from] item: Leftovers
|upkeep
|turn|16
|
|move|p1a: Gallade|Drain Punch|p2a: Mudsdale
|-damage|p2a: Mudsdale|0 fnt
|-heal|p1a: Gallade|86/100|[from] drain|[of] p2a: Mudsdale
|-damage|p1a: Gallade|77/100|[from] item: Life Orb
|faint|p2a: Mudsdale
|
|upkeep
|
|switch|p2a: Toxicroak|Toxicroak, M|100/100
|turn|17
|
|move|p1a: Gallade|Shadow Sneak|p2a: Toxicroak
|-damage|p2a: Toxicroak|20/100
|-damage|p1a: Gallade|67/100|[from] item: Life Orb
|move|p2a: Toxicroak|Knock Off|p1a: Gallade
|-damage|p1a: Gallade|19/100
|-ability|p1a: Gallade|Justified|boost
|-boost|p1a: Gallade|atk|1
|-enditem|p1a: Gallade|Life Orb|[from] move: Knock Off|[of] p2a: Toxicroak
|
|upkeep
|turn|18
|
|move|p2a: Toxicroak|Knock Off|p1a: Gallade
|-damage|p1a: Gallade|0 fnt
|faint|p1a: Gallade
|
|upkeep
|-message|Spongebob1203 forfeited.
|
|win|one step from eden
|l|☆Spongebob1203
|l|☆one step from eden
|j|☆one step from eden
|player|p2|one step from eden|morty-gen2
