|j|☆JLT3 oSuave
|j|☆Gatorboy
|player|p1|JLT3 oSuave|ethan-gen2c|1561
|player|p2|Gatorboy|darach|1369
|teamsize|p1|6
|teamsize|p2|6
|gametype|singles
|gen|8
|tier|[Gen 8] RU
|rated|
|clearpoke
|poke|p1|Sableye, F|
|poke|p1|Mantine, F|
|poke|p1|Snorlax, M|
|poke|p1|Steelix, M|
|poke|p1|Salazzle, F|
|poke|p1|Cramorant, F|
|poke|p2|Indeedee, M|
|poke|p2|Jellicent, M|
|poke|p2|Rhydon, F|
|poke|p2|Silvally-*|
|poke|p2|Passimian, M|
|poke|p2|Rotom-Fan|
|rule|Sleep Clause Mod: Limit one foe put to sleep
|rule|Species Clause: Limit one of each Pokémon
|rule|OHKO Clause: OHKO moves are banned
|rule|Evasion Moves Clause: Evasion moves are banned
|rule|Endless Battle Clause: Forcing endless battles is banned
|rule|HP Percentage Mod: HP is shown in percentages
|rule|Dynamax Clause: You cannot dynamax
|teampreview
|inactive|Battle timer is ON: inactive players will automatically lose when time's up. (requested by Gatorboy)
|
|start
|switch|p1a: Sableye|Sableye, F|100/100
|switch|p2a: Rhydon|Rhydon, F|100/100
|turn|1
|
|move|p1a: Sableye|Will-O-Wisp|p2a: Rhydon
|-status|p2a: Rhydon|brn
|move|p2a: Rhydon|Earthquake|p1a: Sableye
|-damage|p1a: Sableye|72/100
|
|-heal|p1a: Sableye|78/100|[from] item: Leftovers
|-damage|p2a: Rhydon|94/100 brn|[from] brn
|upkeep
|turn|2
|
|move|p1a: Sableye|Encore|p2a: Rhydon
|-start|p2a: Rhydon|Encore
|move|p2a: Rhydon|Earthquake|p1a: Sableye
|-damage|p1a: Sableye|51/100
|
|-heal|p1a: Sableye|57/100|[from] item: Leftovers
|-damage|p2a: Rhydon|88/100 brn|[from] brn
|upkeep
|turn|3
|
|switch|p2a: Rotom|Rotom-Fan|100/100
|move|p1a: Sableye|Knock Off|p2a: Rotom
|-damage|p2a: Rotom|68/100
|-enditem|p2a: Rotom|Heavy-Duty Boots|[from] move: Knock Off|[of] p1a: Sableye
|
|-heal|p1a: Sableye|64/100|[from] item: Leftovers
|upkeep
|turn|4
|
|switch|p1a: Steelix|Steelix, M|100/100
|move|p2a: Rotom|Volt Switch|p1a: Steelix
|-immune|p1a: Steelix
|
|upkeep
|turn|5
|
|switch|p2a: Jellicent|Jellicent, M|100/100
|move|p1a: Steelix|Stealth Rock|p2a: Jellicent
|-sidestart|p2: Gatorboy|move: Stealth Rock
|
|upkeep
|turn|6
|
|move|p2a: Jellicent|Taunt|p1a: Steelix
|-start|p1a: Steelix|move: Taunt
|cant|p1a: Steelix|move: Taunt|Toxic
|
|upkeep
|turn|7
|
|switch|p1a: Snorlax|Snorlax, M|100/100
|move|p2a: Jellicent|Will-O-Wisp|p1a: Snorlax
|-status|p1a: Snorlax|brn
|
|-damage|p1a: Snorlax|94/100 brn|[from] brn
|upkeep
|turn|8
|
|switch|p1a: Sableye|Sableye, F|64/100
|move|p2a: Jellicent|Taunt|p1a: Sableye
|-start|p1a: Sableye|move: Taunt
|
|-heal|p1a: Sableye|70/100|[from] item: Leftovers
|upkeep
|turn|9
|
|switch|p2a: Rhydon|Rhydon, F|88/100 brn
|-damage|p2a: Rhydon|82/100 brn|[from] Stealth Rock
|move|p1a: Sableye|Knock Off|p2a: Rhydon
|-damage|p2a: Rhydon|68/100 brn
|-enditem|p2a: Rhydon|Eviolite|[from] move: Knock Off|[of] p1a: Sableye
|
|-heal|p1a: Sableye|76/100|[from] item: Leftovers
|-damage|p2a: Rhydon|62/100 brn|[from] brn
|upkeep
|turn|10
|
|switch|p1a: Mantine|Mantine, F, shiny|100/100
|move|p2a: Rhydon|Swords Dance|p2a: Rhydon
|-boost|p2a: Rhydon|atk|2
|
|-damage|p2a: Rhydon|55/100 brn|[from] brn
|upkeep
|turn|11
|
|move|p2a: Rhydon|Rock Blast|p1a: Mantine
|-supereffective|p1a: Mantine
|-damage|p1a: Mantine|75/100
|-supereffective|p1a: Mantine
|-damage|p1a: Mantine|52/100
|-hitcount|p1a: Mantine|2
|move|p1a: Mantine|Scald|p2a: Rhydon
|-supereffective|p2a: Rhydon
|-damage|p2a: Rhydon|0 fnt
|faint|p2a: Rhydon
|
|upkeep
|-message|Gatorboy forfeited.
|
|win|JLT3 oSuave
|l|☆Gatorboy
||Ladder (probably) updated, but score could not be retrieved (Response not received).
