|j|☆zeeLitium
|j|☆JamieIsOver
|t:|1661041411
|gametype|singles
|player|p1|zeeLitium|anabel|1426
|player|p2|JamieIsOver|acetrainersnowf|1332
|teamsize|p1|6
|teamsize|p2|6
|gen|8
|tier|[Gen 8] RU
|rated|
|rule|Sleep Clause Mod: Limit one foe put to sleep
|rule|Species Clause: Limit one of each Pokémon
|rule|OHKO Clause: OHKO moves are banned
|rule|Evasion Items Clause: Evasion items are banned
|rule|Evasion Moves Clause: Evasion moves are banned
|rule|Endless Battle Clause: Forcing endless battles is banned
|rule|HP Percentage Mod: HP is shown in percentages
|rule|Dynamax Clause: You cannot dynamax
|clearpoke
|poke|p1|Aerodactyl, M|
|poke|p1|Salazzle, F|
|poke|p1|Lucario, F|
|poke|p1|Flygon, M|
|poke|p1|Polteageist|
|poke|p1|Celebi|
|poke|p2|Snorlax, F|
|poke|p2|Nidoqueen, F|
|poke|p2|Suicune|
|poke|p2|Tsareena, F|
|poke|p2|Flygon, M|
|poke|p2|Gardevoir, F|
|teampreview
|inactive|Battle timer is ON: inactive players will automatically lose when time's up. (requested by JamieIsOver)
|
|t:|1661041419
|start
|switch|p1a: Aerodactyl|Aerodactyl, M|100/100
|switch|p2a: Flygon|Flygon, M|100/100
|-ability|p1a: Aerodactyl|Pressure
|turn|1
|
|t:|1661041425
|move|p2a: Flygon|U-turn|p1a: Aerodactyl
|-resisted|p1a: Aerodactyl
|-damage|p1a: Aerodactyl|84/100
|
|t:|1661041427
|switch|p2a: Tsareena|Tsareena, F|100/100|[from]move: U-turn
|move|p1a: Aerodactyl|Stealth Rock|p2a: Tsareena
|-sidestart|p2: JamieIsOver|move: Stealth Rock
|
|upkeep
|turn|2
|
|t:|1661041432
|move|p1a: Aerodactyl|Rock Blast|p2a: Tsareena
|-damage|p2a: Tsareena|89/100
|-damage|p2a: Tsareena|75/100
|-damage|p2a: Tsareena|62/100
|-hitcount|p2a: Tsareena|3
|move|p2a: Tsareena|Triple Axel|p1a: Aerodactyl
|-supereffective|p1a: Aerodactyl
|-damage|p1a: Aerodactyl|61/100
|-supereffective|p1a: Aerodactyl
|-damage|p1a: Aerodactyl|10/100
|-supereffective|p1a: Aerodactyl
|-damage|p1a: Aerodactyl|0 fnt
|faint|p1a: Aerodactyl
|-hitcount|p1: Aerodactyl|3
|
|upkeep
|
|t:|1661041436
|switch|p1a: Salazzle|Salazzle, F|100/100
|turn|3
|
|t:|1661041441
|move|p1a: Salazzle|Fire Blast|p2a: Tsareena
|-supereffective|p2a: Tsareena
|-damage|p2a: Tsareena|0 fnt
|faint|p2a: Tsareena
|
|upkeep
|
|t:|1661041447
|switch|p2a: Snorlax|Snorlax, F|100/100
|-damage|p2a: Snorlax|88/100|[from] Stealth Rock
|turn|4
|
|t:|1661041453
|move|p1a: Salazzle|Nasty Plot|p1a: Salazzle
|-boost|p1a: Salazzle|spa|2
|move|p2a: Snorlax|Body Slam|p1a: Salazzle
|-damage|p1a: Salazzle|18/100
|-status|p1a: Salazzle|par
|
|upkeep
|turn|5
|
|t:|1661041458
|move|p1a: Salazzle|Fire Blast|p2a: Snorlax
|-damage|p2a: Snorlax|45/100
|move|p2a: Snorlax|Body Slam|p1a: Salazzle
|-damage|p1a: Salazzle|0 fnt
|faint|p1a: Salazzle
|
|upkeep
|
|t:|1661041463
|switch|p1a: Lucario|Lucario, F|100/100
|turn|6
|c|☆JamieIsOver|I forgot thick fat
|
|t:|1661041473
|move|p1a: Lucario|Close Combat|p2a: Snorlax
|-supereffective|p2a: Snorlax
|-damage|p2a: Snorlax|0 fnt
|-unboost|p1a: Lucario|def|1
|-unboost|p1a: Lucario|spd|1
|faint|p2a: Snorlax
|
|upkeep
|
|t:|1661041485
|switch|p2a: Suicune|Suicune|100/100
|-damage|p2a: Suicune|88/100|[from] Stealth Rock
|-ability|p2a: Suicune|Pressure
|turn|7
|
|t:|1661041491
|switch|p1a: Celebi|Celebi, shiny|100/100
|move|p2a: Suicune|Scald|p1a: Celebi
|-resisted|p1a: Celebi
|-damage|p1a: Celebi|88/100
|-status|p1a: Celebi|brn
|
|-heal|p1a: Celebi|94/100 brn|[from] item: Leftovers
|-heal|p2a: Suicune|94/100|[from] item: Leftovers
|-damage|p1a: Celebi|88/100 brn|[from] brn
|upkeep
|turn|8
|
|t:|1661041494
|move|p1a: Celebi|Nasty Plot|p1a: Celebi
|-boost|p1a: Celebi|spa|2
|move|p2a: Suicune|Substitute|p2a: Suicune
|-start|p2a: Suicune|Substitute
|-damage|p2a: Suicune|69/100
|
|-heal|p1a: Celebi|94/100 brn|[from] item: Leftovers
|-heal|p2a: Suicune|76/100|[from] item: Leftovers
|-damage|p1a: Celebi|88/100 brn|[from] brn
|upkeep
|turn|9
|
|t:|1661041508
|move|p1a: Celebi|Giga Drain|p2a: Suicune
|-supereffective|p2a: Suicune
|-end|p2a: Suicune|Substitute
|-heal|p1a: Celebi|100/100 brn|[from] drain|[of] p2a: Suicune
|move|p2a: Suicune|Scald|p1a: Celebi
|-resisted|p1a: Celebi
|-damage|p1a: Celebi|87/100 brn
|
|-heal|p1a: Celebi|93/100 brn|[from] item: Leftovers
|-heal|p2a: Suicune|82/100|[from] item: Leftovers
|-damage|p1a: Celebi|87/100 brn|[from] brn
|upkeep
|turn|10
|
|t:|1661041512
|switch|p2a: Nidoqueen|Nidoqueen, F|100/100
|-damage|p2a: Nidoqueen|94/100|[from] Stealth Rock
|move|p1a: Celebi|Giga Drain|p2a: Nidoqueen
|-damage|p2a: Nidoqueen|18/100
|-heal|p1a: Celebi|100/100 brn|[from] drain|[of] p2a: Nidoqueen
|
|-damage|p1a: Celebi|94/100 brn|[from] brn
|upkeep
|turn|11
|
|t:|1661041517
|move|p1a: Celebi|Giga Drain|p2a: Nidoqueen
|-damage|p2a: Nidoqueen|0 fnt
|-heal|p1a: Celebi|100/100 brn|[from] drain|[of] p2a: Nidoqueen
|faint|p2a: Nidoqueen
|
|-damage|p1a: Celebi|94/100 brn|[from] brn
|upkeep
|
|t:|1661041520
|switch|p2a: Flygon|Flygon, M|100/100
|-damage|p2a: Flygon|95/100|[from] Stealth Rock
|turn|12
|
|t:|1661041524
|move|p2a: Flygon|U-turn|p1a: Celebi
|-supereffective|p1a: Celebi
|-damage|p1a: Celebi|8/100 brn
|
|t:|1661041531
|switch|p2a: Gardevoir|Gardevoir, F|100/100|[from]move: U-turn
|-damage|p2a: Gardevoir|88/100|[from] Stealth Rock
|-ability|p2a: Gardevoir|Natural Cure|[from] ability: Trace|[of] p1a: Celebi
|move|p1a: Celebi|Giga Drain|p2a: Gardevoir
|-damage|p2a: Gardevoir|12/100
|-heal|p1a: Celebi|39/100 brn|[from] drain|[of] p2a: Gardevoir
|
|-heal|p1a: Celebi|45/100 brn|[from] item: Leftovers
|-damage|p1a: Celebi|39/100 brn|[from] brn
|upkeep
|turn|13
|
|t:|1661041538
|move|p1a: Celebi|Giga Drain|p2a: Gardevoir
|-damage|p2a: Gardevoir|0 fnt
|-heal|p1a: Celebi|43/100 brn|[from] drain|[of] p2a: Gardevoir
|faint|p2a: Gardevoir
|
|-heal|p1a: Celebi|50/100 brn|[from] item: Leftovers
|-damage|p1a: Celebi|43/100 brn|[from] brn
|upkeep
|
|t:|1661041540
|switch|p2a: Flygon|Flygon, M|95/100
|-damage|p2a: Flygon|89/100|[from] Stealth Rock
|turn|14
|
|t:|1661041557
|move|p2a: Flygon|U-turn|p1a: Celebi
|-supereffective|p1a: Celebi
|-damage|p1a: Celebi|0 fnt
|faint|p1a: Celebi
|
|t:|1661041559
|switch|p2a: Suicune|Suicune|82/100|[from]move: U-turn
|-damage|p2a: Suicune|69/100|[from] Stealth Rock
|-ability|p2a: Suicune|Pressure
|
|-heal|p2a: Suicune|76/100|[from] item: Leftovers
|upkeep
|
|t:|1661041565
|switch|p1a: Polteageist|Polteageist|100/100
|turn|15
|
|t:|1661041572
|move|p1a: Polteageist|Shell Smash|p1a: Polteageist
|-unboost|p1a: Polteageist|def|1
|-unboost|p1a: Polteageist|spd|1
|-boost|p1a: Polteageist|atk|2
|-boost|p1a: Polteageist|spa|2
|-boost|p1a: Polteageist|spe|2
|move|p2a: Suicune|Substitute|p2a: Suicune
|-start|p2a: Suicune|Substitute
|-damage|p2a: Suicune|51/100
|
|-heal|p2a: Suicune|57/100|[from] item: Leftovers
|upkeep
|turn|16
|
|t:|1661041578
|move|p1a: Polteageist|Giga Drain|p2a: Suicune
|-supereffective|p2a: Suicune
|-end|p2a: Suicune|Substitute
|move|p2a: Suicune|Calm Mind|p2a: Suicune
|-boost|p2a: Suicune|spa|1
|-boost|p2a: Suicune|spd|1
|
|-heal|p2a: Suicune|63/100|[from] item: Leftovers
|upkeep
|turn|17
|
|t:|1661041582
|move|p2a: Suicune|Protect|p2a: Suicune
|-singleturn|p2a: Suicune|Protect
|move|p1a: Polteageist|Giga Drain|p2a: Suicune
|-activate|p2a: Suicune|move: Protect
|
|-heal|p2a: Suicune|69/100|[from] item: Leftovers
|upkeep
|turn|18
|
|t:|1661041586
|move|p1a: Polteageist|Giga Drain|p2a: Suicune
|-supereffective|p2a: Suicune
|-damage|p2a: Suicune|13/100
|move|p2a: Suicune|Scald|p1a: Polteageist
|-damage|p1a: Polteageist|39/100
|-start|p2a: Suicune|Disable|Scald|[from] ability: Cursed Body|[of] p1a: Polteageist
|
|-heal|p2a: Suicune|20/100|[from] item: Leftovers
|upkeep
|turn|19
|
|t:|1661041591
|move|p2a: Suicune|Protect|p2a: Suicune
|-singleturn|p2a: Suicune|Protect
|move|p1a: Polteageist|Giga Drain|p2a: Suicune
|-activate|p2a: Suicune|move: Protect
|
|-heal|p2a: Suicune|26/100|[from] item: Leftovers
|upkeep
|turn|20
|
|t:|1661041596
|move|p1a: Polteageist|Giga Drain|p2a: Suicune
|-supereffective|p2a: Suicune
|-damage|p2a: Suicune|0 fnt
|-heal|p1a: Polteageist|58/100|[from] drain|[of] p2a: Suicune
|faint|p2a: Suicune
|
|upkeep
|
|t:|1661041598
|switch|p2a: Flygon|Flygon, M|89/100
|-damage|p2a: Flygon|83/100|[from] Stealth Rock
|turn|21
|c|☆zeeLitium|gg
|
|t:|1661041606
|move|p1a: Polteageist|Shadow Ball|p2a: Flygon
|-damage|p2a: Flygon|0 fnt
|faint|p2a: Flygon
|
|win|zeeLitium
|raw|zeeLitium's rating: 1426 &rarr; <strong>1441</strong><br />(+15 for winning)
|raw|JamieIsOver's rating: 1332 &rarr; <strong>1317</strong><br />(-15 for losing)
|l|☆JamieIsOver
|l|☆zeeLitium
||Ladder isn't responding, score probably updated but might not have (Request timeout).
|j|☆zeeLitium
|player|p1|zeeLitium|anabel
