|raw|<div class="broadcast-blue"><strong>This battle is required to be public due to a player having a name starting with 'rult50'.</div>
|j|☆all noivern
|j|☆RULT50M Luna
|t:|1626180203
|gametype|singles
|player|p1|all noivern|102|1534
|player|p2|RULT50M Luna|kahili|1479
|teamsize|p1|6
|teamsize|p2|6
|gen|8
|tier|[Gen 8] RU
|rated|
|rule|Sleep Clause Mod: Limit one foe put to sleep
|rule|Species Clause: Limit one of each Pokémon
|rule|OHKO Clause: OHKO moves are banned
|rule|Evasion Moves Clause: Evasion moves are banned
|rule|Endless Battle Clause: Forcing endless battles is banned
|rule|HP Percentage Mod: HP is shown in percentages
|rule|Dynamax Clause: You cannot dynamax
|clearpoke
|poke|p1|Bronzong|
|poke|p1|Golisopod, M|
|poke|p1|Umbreon, M|
|poke|p1|Seismitoad, M|
|poke|p1|Raikou|
|poke|p1|Weezing-Galar, F|
|poke|p2|Inteleon, F|
|poke|p2|Crobat, F|
|poke|p2|Stakataka|
|poke|p2|Gastrodon, M|
|poke|p2|Raikou|
|poke|p2|Golisopod, M|
|teampreview
|
|t:|1626180261
|start
|switch|p1a: Seismitoad|Seismitoad, M|100/100
|switch|p2a: Golisopod|Golisopod, M|100/100
|turn|1
|
|t:|1626180264
|move|p1a: Seismitoad|Knock Off|p2a: Golisopod
|-damage|p2a: Golisopod|81/100
|-enditem|p2a: Golisopod|Heavy-Duty Boots|[from] move: Knock Off|[of] p1a: Seismitoad
|move|p2a: Golisopod|Knock Off|p1a: Seismitoad
|-damage|p1a: Seismitoad|55/100
|-enditem|p1a: Seismitoad|Leftovers|[from] move: Knock Off|[of] p2a: Golisopod
|
|upkeep
|turn|2
|
|t:|1626180270
|move|p1a: Seismitoad|Stealth Rock|p2a: Golisopod
|-sidestart|p2: RULT50M Luna|move: Stealth Rock
|move|p2a: Golisopod|Spikes|p1a: Seismitoad
|-sidestart|p1: all noivern|Spikes
|
|upkeep
|turn|3
|
|t:|1626180311
|switch|p1a: Weezing|Weezing-Galar, F|100/100
|-ability|p1a: Weezing|Neutralizing Gas
|-damage|p1a: Weezing|88/100|[from] Spikes
|move|p2a: Golisopod|Knock Off|p1a: Weezing
|-resisted|p1a: Weezing
|-damage|p1a: Weezing|77/100
|-damage|p2a: Golisopod|65/100|[from] item: Rocky Helmet|[of] p1a: Weezing
|-enditem|p1a: Weezing|Rocky Helmet|[from] move: Knock Off|[of] p2a: Golisopod
|
|upkeep
|turn|4
|
|t:|1626180316
|switch|p2a: Raikou|Raikou|100/100
|move|p1a: Weezing|Toxic Spikes|p2a: Raikou
|-sidestart|p2: RULT50M Luna|move: Toxic Spikes
|
|upkeep
|turn|5
|j| abejas
|
|t:|1626180323
|-end|p1a: Weezing|ability: Neutralizing Gas
|-ability|p2a: Raikou|Pressure
|switch|p1a: Umbreon|Umbreon, M|100/100
|-damage|p1a: Umbreon|88/100|[from] Spikes
|move|p2a: Raikou|Aura Sphere|p1a: Umbreon
|-supereffective|p1a: Umbreon
|-damage|p1a: Umbreon|57/100
|
|-heal|p1a: Umbreon|63/100|[from] item: Leftovers
|upkeep
|turn|6
|
|t:|1626180327
|move|p2a: Raikou|Volt Switch|p1a: Umbreon
|-damage|p1a: Umbreon|41/100
|
|t:|1626180329
|switch|p2a: Crobat|Crobat, F|100/100|[from]move: Volt Switch
|move|p1a: Umbreon|Wish|p1a: Umbreon
|
|-heal|p1a: Umbreon|47/100|[from] item: Leftovers
|upkeep
|turn|7
|j| le bleury
|
|t:|1626180334
|move|p2a: Crobat|Defog|p1a: Umbreon
|-unboost|p1a: Umbreon|evasion|1
|-sideend|p1: all noivern|Spikes|[from] move: Defog|[of] p2a: Crobat
|-sideend|p2: RULT50M Luna|Toxic Spikes|[from] move: Defog|[of] p2a: Crobat
|-sideend|p2: RULT50M Luna|Stealth Rock|[from] move: Defog|[of] p2a: Crobat
|move|p1a: Umbreon|Foul Play|p2a: Crobat
|-damage|p2a: Crobat|52/100
|
|-heal|p1a: Umbreon|97/100|[from] move: Wish|[wisher] Umbreon
|-heal|p1a: Umbreon|100/100|[from] item: Leftovers
|upkeep
|turn|8
|
|t:|1626180337
|move|p2a: Crobat|U-turn|p1a: Umbreon
|-supereffective|p1a: Umbreon
|-crit|p1a: Umbreon
|-damage|p1a: Umbreon|55/100
|
|t:|1626180339
|switch|p2a: Inteleon|Inteleon, F|100/100|[from]move: U-turn
|move|p1a: Umbreon|Wish|p1a: Umbreon
|
|-heal|p1a: Umbreon|61/100|[from] item: Leftovers
|upkeep
|turn|9
|j| Baetulo
|
|t:|1626180347
|move|p2a: Inteleon|Focus Energy|p2a: Inteleon
|-start|p2a: Inteleon|move: Focus Energy
|move|p1a: Umbreon|Foul Play|p2a: Inteleon
|-damage|p2a: Inteleon|65/100
|
|-heal|p1a: Umbreon|100/100|[from] move: Wish|[wisher] Umbreon
|upkeep
|turn|10
|
|t:|1626180360
|move|p2a: Inteleon|Snipe Shot|p1a: Umbreon
|-crit|p1a: Umbreon
|-damage|p1a: Umbreon|43/100
|move|p1a: Umbreon|Foul Play|p2a: Inteleon
|-damage|p2a: Inteleon|29/100
|
|-heal|p1a: Umbreon|49/100|[from] item: Leftovers
|upkeep
|turn|11
|inactive|Battle timer is ON: inactive players will automatically lose when time's up. (requested by RULT50M Luna)
|
|t:|1626180366
|move|p2a: Inteleon|Ice Beam|p1a: Umbreon
|-crit|p1a: Umbreon
|-damage|p1a: Umbreon|11/100
|-status|p1a: Umbreon|frz
|-curestatus|p1a: Umbreon|frz|[msg]
|move|p1a: Umbreon|Foul Play|p2a: Inteleon
|-damage|p2a: Inteleon|0 fnt
|faint|p2a: Inteleon
|
|-heal|p1a: Umbreon|17/100|[from] item: Leftovers
|upkeep
|
|t:|1626180371
|switch|p2a: Crobat|Crobat, F|52/100
|turn|12
|
|t:|1626180373
|move|p1a: Umbreon|Protect|p1a: Umbreon
|-singleturn|p1a: Umbreon|Protect
|move|p2a: Crobat|U-turn|p1a: Umbreon
|-activate|p1a: Umbreon|move: Protect
|
|-heal|p1a: Umbreon|23/100|[from] item: Leftovers
|upkeep
|turn|13
|inactive|all noivern has 120 seconds left.
|
|t:|1626180415
|switch|p1a: Raikou|Raikou|100/100
|-ability|p1a: Raikou|Pressure
|move|p2a: Crobat|U-turn|p1a: Raikou
|-damage|p1a: Raikou|73/100
|c|☆RULT50M Luna|this meta is legit shit
|
|t:|1626180421
|switch|p2a: Raikou|Raikou|100/100|[from]move: U-turn
|-ability|p2a: Raikou|Pressure
|
|upkeep
|turn|14
|c|☆all noivern|agree
|inactive|all noivern has 120 seconds left.
|
|t:|1626180433
|move|p1a: Raikou|Volt Switch|p2a: Raikou
|-resisted|p2a: Raikou
|-damage|p2a: Raikou|81/100
|
|t:|1626180439
|switch|p1a: Weezing|Weezing-Galar, F|77/100|[from]move: Volt Switch
|-ability|p1a: Weezing|Neutralizing Gas
|move|p2a: Raikou|Aura Sphere|p1a: Weezing
|-resisted|p1a: Weezing
|-damage|p1a: Weezing|69/100
|
|upkeep
|turn|15
|inactive|all noivern has 120 seconds left.
|
|t:|1626180448
|move|p2a: Raikou|Aura Sphere|p1a: Weezing
|-resisted|p1a: Weezing
|-damage|p1a: Weezing|60/100
|move|p1a: Weezing|Toxic Spikes|p2a: Raikou
|-sidestart|p2: RULT50M Luna|move: Toxic Spikes
|
|upkeep
|turn|16
|inactive|all noivern has 120 seconds left.
|
|t:|1626180472
|move|p2a: Raikou|Aura Sphere|p1a: Weezing
|-resisted|p1a: Weezing
|-damage|p1a: Weezing|52/100
|move|p1a: Weezing|Strange Steam|p2a: Raikou
|-damage|p2a: Raikou|54/100
|
|upkeep
|turn|17
|
|t:|1626180483
|-end|p1a: Weezing|ability: Neutralizing Gas
|-ability|p2a: Raikou|Pressure
|switch|p1a: Seismitoad|Seismitoad, M|55/100
|move|p2a: Raikou|Aura Sphere|p1a: Seismitoad
|-crit|p1a: Seismitoad
|-damage|p1a: Seismitoad|8/100
|
|upkeep
|turn|18
|
|t:|1626180488
|move|p2a: Raikou|Aura Sphere|p1a: Seismitoad
|-damage|p1a: Seismitoad|0 fnt
|faint|p1a: Seismitoad
|
|upkeep
|
|t:|1626180493
|switch|p1a: Golisopod|Golisopod, M|100/100
|turn|19
|
|t:|1626180503
|switch|p2a: Crobat|Crobat, F|52/100
|move|p1a: Golisopod|First Impression|p2a: Crobat
|-resisted|p2a: Crobat
|-damage|p2a: Crobat|35/100
|
|upkeep
|turn|20
|
|t:|1626180510
|move|p2a: Crobat|Brave Bird|p1a: Golisopod
|-supereffective|p1a: Golisopod
|-damage|p1a: Golisopod|27/100
|-damage|p2a: Crobat|9/100|[from] Recoil
|-activate|p1a: Golisopod|ability: Emergency Exit
|
|t:|1626180522
|switch|p1a: Bronzong|Bronzong|100/100
|
|upkeep
|turn|21
|
|t:|1626180525
|move|p2a: Crobat|Roost|p2a: Crobat
|-heal|p2a: Crobat|59/100
|-singleturn|p2a: Crobat|move: Roost
|move|p1a: Bronzong|Iron Defense|p1a: Bronzong
|-boost|p1a: Bronzong|def|2
|
|upkeep
|turn|22
|
|t:|1626180530
|move|p2a: Crobat|U-turn|p1a: Bronzong
|-damage|p1a: Bronzong|94/100
|
|t:|1626180533
|switch|p2a: Golisopod|Golisopod, M|65/100|[from]move: U-turn
|-status|p2a: Golisopod|psn
|move|p1a: Bronzong|Iron Defense|p1a: Bronzong
|-boost|p1a: Bronzong|def|2
|
|-heal|p1a: Bronzong|99/100|[from] item: Leftovers
|-damage|p2a: Golisopod|53/100 psn|[from] psn
|upkeep
|turn|23
|
|t:|1626180545
|move|p2a: Golisopod|Knock Off|p1a: Bronzong
|-supereffective|p1a: Bronzong
|-damage|p1a: Bronzong|84/100
|-enditem|p1a: Bronzong|Leftovers|[from] move: Knock Off|[of] p2a: Golisopod
|move|p1a: Bronzong|Iron Defense|p1a: Bronzong
|-boost|p1a: Bronzong|def|2
|
|-damage|p2a: Golisopod|40/100 psn|[from] psn
|upkeep
|-activate|p2a: Golisopod|ability: Emergency Exit
|
|t:|1626180549
|switch|p2a: Crobat|Crobat, F|59/100
|turn|24
|
|t:|1626180552
|move|p2a: Crobat|Roost|p2a: Crobat
|-heal|p2a: Crobat|100/100
|-singleturn|p2a: Crobat|move: Roost
|move|p1a: Bronzong|Calm Mind|p1a: Bronzong
|-boost|p1a: Bronzong|spa|1
|-boost|p1a: Bronzong|spd|1
|
|upkeep
|turn|25
|
|t:|1626180555
|move|p2a: Crobat|Defog|p1a: Bronzong
|-unboost|p1a: Bronzong|evasion|1
|-sideend|p2: RULT50M Luna|Toxic Spikes|[from] move: Defog|[of] p2a: Crobat
|move|p1a: Bronzong|Calm Mind|p1a: Bronzong
|-boost|p1a: Bronzong|spa|1
|-boost|p1a: Bronzong|spd|1
|
|upkeep
|turn|26
|
|t:|1626180559
|move|p2a: Crobat|U-turn|p1a: Bronzong
|-damage|p1a: Bronzong|80/100
|
|t:|1626180563
|switch|p2a: Raikou|Raikou|54/100|[from]move: U-turn
|-ability|p2a: Raikou|Pressure
|move|p1a: Bronzong|Body Press|p2a: Raikou
|-damage|p2a: Raikou|0 fnt
|faint|p2a: Raikou
|
|upkeep
|-message|RULT50M Luna forfeited.
|
|win|all noivern
|raw|all noivern's rating: 1534 &rarr; <strong>1550</strong><br />(+16 for winning)
|raw|RULT50M Luna's rating: 1457 &rarr; <strong>1441</strong><br />(-16 for losing)
|l|☆RULT50M Luna
|l| abejas
|l|☆all noivern
|l| Baetulo
