|j|☆guille14
|j|☆Takatalvi
|t:|1645380401
|gametype|singles
|player|p1|guille14|gambler|
|player|p2|Takatalvi|2|
|teamsize|p1|6
|teamsize|p2|6
|gen|8
|tier|[Gen 8] RU
|rule|Sleep Clause Mod: Limit one foe put to sleep
|rule|Species Clause: Limit one of each Pokémon
|rule|OHKO Clause: OHKO moves are banned
|rule|Evasion Moves Clause: Evasion moves are banned
|rule|Endless Battle Clause: Forcing endless battles is banned
|rule|HP Percentage Mod: HP is shown in percentages
|rule|Dynamax Clause: You cannot dynamax
|clearpoke
|poke|p1|Obstagoon, M|
|poke|p1|Doublade, F|
|poke|p1|Quagsire, M|
|poke|p1|Sylveon, M|
|poke|p1|Druddigon, F|
|poke|p1|Crobat, M|
|poke|p2|Cobalion|
|poke|p2|Reuniclus, F|
|poke|p2|Mimikyu, F|
|poke|p2|Cloyster, F|
|poke|p2|Gardevoir, F|
|poke|p2|Flygon, F|
|teampreview
|c|☆guille14|hf
|c|☆Takatalvi|same
|j| NAKAN0 MIKU
|
|t:|1645380474
|start
|switch|p1a: Sylveon|Sylveon, M|100/100
|switch|p2a: Gardevoir|Gardevoir, F|100/100
|-ability|p2a: Gardevoir|Pixilate|[from] ability: Trace|[of] p1a: Sylveon
|turn|1
|j| Eg0r
|inactive|Battle timer is ON: inactive players will automatically lose when time's up. (requested by guille14)
|
|t:|1645380540
|move|p1a: Sylveon|Protect|p1a: Sylveon
|-singleturn|p1a: Sylveon|Protect
|move|p2a: Gardevoir|Moonblast|p1a: Sylveon
|-activate|p1a: Sylveon|move: Protect
|
|upkeep
|turn|2
|inactive|Takatalvi has 270 seconds left.
|
|t:|1645380571
|move|p2a: Gardevoir|Moonblast|p1a: Sylveon
|-damage|p1a: Sylveon|63/100
|move|p1a: Sylveon|Hyper Voice|p2a: Gardevoir
|-damage|p2a: Gardevoir|58/100
|
|-heal|p1a: Sylveon|69/100|[from] item: Leftovers
|upkeep
|turn|3
|inactive|Takatalvi has 270 seconds left.
|inactive|Takatalvi has 240 seconds left.
|inactive|Takatalvi has 210 seconds left.
|
|t:|1645380641
|move|p2a: Gardevoir|Moonblast|p1a: Sylveon
|-damage|p1a: Sylveon|34/100
|move|p1a: Sylveon|Wish|p1a: Sylveon
|
|-heal|p1a: Sylveon|40/100|[from] item: Leftovers
|upkeep
|turn|4
|inactive|Takatalvi has 210 seconds left.
|
|t:|1645380668
|switch|p2a: Cobalion|Cobalion|100/100
|move|p1a: Sylveon|Protect||[still]
|-fail|p1a: Sylveon
|
|-heal|p1a: Sylveon|90/100|[from] move: Wish|[wisher] Sylveon
|-heal|p1a: Sylveon|96/100|[from] item: Leftovers
|upkeep
|turn|5
|
|t:|1645380677
|switch|p1a: Druddigon|Druddigon, F|100/100
|move|p2a: Cobalion|Stealth Rock|p1a: Druddigon
|-sidestart|p1: guille14|move: Stealth Rock
|
|upkeep
|turn|6
|
|t:|1645380687
|move|p2a: Cobalion|Volt Switch|p1a: Druddigon
|-resisted|p1a: Druddigon
|-damage|p1a: Druddigon|94/100
|
|t:|1645380709
|switch|p2a: Reuniclus|Reuniclus, F|100/100|[from]move: Volt Switch
|move|p1a: Druddigon|Stealth Rock|p2a: Reuniclus
|-sidestart|p2: Takatalvi|move: Stealth Rock
|
|upkeep
|turn|7
|inactive|Takatalvi has 180 seconds left.
|
|t:|1645380727
|move|p2a: Reuniclus|Calm Mind|p2a: Reuniclus
|-boost|p2a: Reuniclus|spa|1
|-boost|p2a: Reuniclus|spd|1
|move|p1a: Druddigon|Dragon Tail|p2a: Reuniclus
|-damage|p2a: Reuniclus|84/100
|drag|p2a: Gardevoir|Gardevoir, F|58/100
|-damage|p2a: Gardevoir|46/100|[from] Stealth Rock
|-ability|p2a: Gardevoir|Rough Skin|[from] ability: Trace|[of] p1a: Druddigon
|
|upkeep
|turn|8
|inactive|Takatalvi has 180 seconds left.
|inactive|guille14 has 270 seconds left.
|
|t:|1645380761
|move|p2a: Gardevoir|Moonblast|p1a: Druddigon
|-supereffective|p1a: Druddigon
|-damage|p1a: Druddigon|0 fnt
|faint|p1a: Druddigon
|
|upkeep
|inactive|guille14 has 270 seconds left.
|
|t:|1645380792
|switch|p1a: Doublade|Doublade, F|100/100
|-damage|p1a: Doublade|94/100|[from] Stealth Rock
|turn|9
|inactive|Takatalvi has 180 seconds left.
|
|t:|1645380803
|switch|p2a: Flygon|Flygon, F|100/100
|-damage|p2a: Flygon|95/100|[from] Stealth Rock
|move|p1a: Doublade|Swords Dance|p1a: Doublade
|-boost|p1a: Doublade|atk|2
|
|upkeep
|turn|10
|inactive|Takatalvi has 180 seconds left.
|inactive|Takatalvi has 150 seconds left.
|
|t:|1645380859
|move|p2a: Flygon|Earthquake|p1a: Doublade
|-supereffective|p1a: Doublade
|-damage|p1a: Doublade|52/100
|move|p1a: Doublade|Iron Head|p2a: Flygon
|-damage|p2a: Flygon|0 fnt
|faint|p2a: Flygon
|
|upkeep
|inactive|Takatalvi has 120 seconds left.
|
|t:|1645380890
|switch|p2a: Mimikyu|Mimikyu, F|100/100
|-damage|p2a: Mimikyu|88/100|[from] Stealth Rock
|turn|11
|inactive|guille14 has 270 seconds left.
|
|t:|1645380901
|switch|p1a: Quagsire|Quagsire, M|100/100
|-damage|p1a: Quagsire|94/100|[from] Stealth Rock
|move|p2a: Mimikyu|Shadow Claw|p1a: Quagsire
|-damage|p1a: Quagsire|68/100
|-damage|p2a: Mimikyu|78/100|[from] item: Life Orb
|
|-heal|p1a: Quagsire|74/100|[from] item: Leftovers
|upkeep
|turn|12
|inactive|Takatalvi has 120 seconds left.
|inactive|Takatalvi has 90 seconds left.
|
|t:|1645380949
|switch|p2a: Reuniclus|Reuniclus, F|84/100
|move|p1a: Quagsire|Recover|p1a: Quagsire
|-heal|p1a: Quagsire|100/100
|
|-heal|p2a: Reuniclus|90/100|[from] item: Leftovers
|upkeep
|turn|13
|inactive|Takatalvi has 90 seconds left.
|inactive|Takatalvi has 60 seconds left.
|
|t:|1645380986
|switch|p1a: Doublade|Doublade, F|52/100
|-damage|p1a: Doublade|46/100|[from] Stealth Rock
|move|p2a: Reuniclus|Calm Mind|p2a: Reuniclus
|-boost|p2a: Reuniclus|spa|1
|-boost|p2a: Reuniclus|spd|1
|
|-heal|p2a: Reuniclus|96/100|[from] item: Leftovers
|upkeep
|turn|14
|inactive|Takatalvi has 60 seconds left.
|
|t:|1645381013
|move|p1a: Doublade|Swords Dance|p1a: Doublade
|-boost|p1a: Doublade|atk|2
|move|p2a: Reuniclus|Psyshock|p1a: Doublade
|-resisted|p1a: Doublade
|-damage|p1a: Doublade|34/100
|
|-heal|p2a: Reuniclus|100/100|[from] item: Leftovers
|upkeep
|turn|15
|
|t:|1645381034
|switch|p2a: Cobalion|Cobalion|100/100
|-damage|p2a: Cobalion|97/100|[from] Stealth Rock
|move|p1a: Doublade|Close Combat|p2a: Cobalion
|-supereffective|p2a: Cobalion
|-damage|p2a: Cobalion|0 fnt
|-unboost|p1a: Doublade|def|1
|-unboost|p1a: Doublade|spd|1
|-damage|p1a: Doublade|17/100|[from] item: Rocky Helmet|[of] p2a: Cobalion
|faint|p2a: Cobalion
|
|upkeep
|
|t:|1645381039
|switch|p2a: Mimikyu|Mimikyu, F|78/100
|-damage|p2a: Mimikyu|66/100|[from] Stealth Rock
|turn|16
|
|t:|1645381053
|switch|p1a: Crobat|Crobat, M|100/100
|move|p2a: Mimikyu|Shadow Sneak|p1a: Crobat
|-damage|p1a: Crobat|73/100
|-damage|p2a: Mimikyu|56/100|[from] item: Life Orb
|
|upkeep
|turn|17
|inactive|Takatalvi has 30 seconds left.
|inactive|Takatalvi has 20 seconds left.
|
|t:|1645381084
|switch|p2a: Cloyster|Cloyster, F|100/100
|-damage|p2a: Cloyster|76/100|[from] Stealth Rock
|move|p1a: Crobat|Brave Bird|p2a: Cloyster
|-damage|p2a: Cloyster|31/100
|-damage|p1a: Crobat|61/100|[from] Recoil
|
|upkeep
|turn|18
|inactive|Takatalvi has 30 seconds left this turn.
|inactive|Takatalvi has 20 seconds left.
|
|t:|1645381095
|move|p1a: Crobat|Brave Bird|p2a: Cloyster
|-damage|p2a: Cloyster|0 fnt
|faint|p2a: Cloyster
|-damage|p1a: Crobat|53/100|[from] Recoil
|
|upkeep
|inactive|Takatalvi has 25 seconds left this turn.
|inactive|Takatalvi has 20 seconds left.
|
|t:|1645381101
|switch|p2a: Reuniclus|Reuniclus, F|100/100
|turn|19
|inactive|Takatalvi has 30 seconds left this turn.
|
|t:|1645381111
|move|p1a: Crobat|U-turn|p2a: Reuniclus
|-supereffective|p2a: Reuniclus
|-damage|p2a: Reuniclus|73/100
|inactive|Takatalvi has 30 seconds left this turn.
|
|t:|1645381116
|switch|p1a: Obstagoon|Obstagoon, M|100/100|[from]move: U-turn
|-damage|p1a: Obstagoon|88/100|[from] Stealth Rock
|move|p2a: Reuniclus|Calm Mind|p2a: Reuniclus
|-boost|p2a: Reuniclus|spa|1
|-boost|p2a: Reuniclus|spd|1
|
|-heal|p2a: Reuniclus|79/100|[from] item: Leftovers
|-status|p1a: Obstagoon|brn|[from] item: Flame Orb
|upkeep
|turn|20
|inactive|Takatalvi has 30 seconds left.
|
|t:|1645381127
|switch|p2a: Mimikyu|Mimikyu, F|56/100
|-damage|p2a: Mimikyu|44/100|[from] Stealth Rock
|move|p1a: Obstagoon|Knock Off|p2a: Mimikyu
|-activate|p2a: Mimikyu|ability: Disguise
|-damage|p2a: Mimikyu|44/100
|-enditem|p2a: Mimikyu|Life Orb|[from] move: Knock Off|[of] p1a: Obstagoon
|detailschange|p2a: Mimikyu|Mimikyu-Busted, F
|-damage|p2a: Mimikyu|31/100|[from] pokemon: Mimikyu-Busted
|
|-damage|p1a: Obstagoon|82/100 brn|[from] brn
|upkeep
|turn|21
|
|t:|1645381147
|switch|p1a: Quagsire|Quagsire, M|100/100
|-damage|p1a: Quagsire|94/100|[from] Stealth Rock
|move|p2a: Mimikyu|Play Rough|p1a: Quagsire
|-crit|p1a: Quagsire
|-damage|p1a: Quagsire|54/100
|-unboost|p1a: Quagsire|atk|1
|
|-heal|p1a: Quagsire|60/100|[from] item: Leftovers
|upkeep
|turn|22
|inactive|Takatalvi has 30 seconds left.
|
|t:|1645381163
|switch|p2a: Gardevoir|Gardevoir, F|46/100
|-damage|p2a: Gardevoir|33/100|[from] Stealth Rock
|-ability|p2a: Gardevoir|Unaware|[from] ability: Trace|[of] p1a: Quagsire
|move|p1a: Quagsire|Recover|p1a: Quagsire
|-heal|p1a: Quagsire|100/100
|
|upkeep
|turn|23
|inactive|guille14 has 270 seconds left.
|inactive|guille14 has 240 seconds left.
|inactive|guille14 has 210 seconds left.
|
|t:|1645381267
|move|p2a: Gardevoir|Moonblast|p1a: Quagsire
|-damage|p1a: Quagsire|10/100
|move|p1a: Quagsire|Earthquake|p2a: Gardevoir
|-damage|p2a: Gardevoir|0 fnt
|faint|p2a: Gardevoir
|
|-heal|p1a: Quagsire|16/100|[from] item: Leftovers
|upkeep
|inactive|Takatalvi has 30 seconds left.
|
|t:|1645381289
|switch|p2a: Reuniclus|Reuniclus, F|79/100
|turn|24
|inactive|guille14 has 210 seconds left.
|inactive|Takatalvi has 30 seconds left.
|
|t:|1645381304
|move|p1a: Quagsire|Recover|p1a: Quagsire
|-heal|p1a: Quagsire|66/100
|move|p2a: Reuniclus|Focus Blast|p1a: Quagsire
|-damage|p1a: Quagsire|22/100
|
|-heal|p1a: Quagsire|28/100|[from] item: Leftovers
|-heal|p2a: Reuniclus|85/100|[from] item: Leftovers
|upkeep
|turn|25
|
|t:|1645381308
|move|p1a: Quagsire|Recover|p1a: Quagsire
|-heal|p1a: Quagsire|78/100
|move|p2a: Reuniclus|Focus Blast|p1a: Quagsire
|-damage|p1a: Quagsire|40/100
|
|-heal|p1a: Quagsire|46/100|[from] item: Leftovers
|-heal|p2a: Reuniclus|91/100|[from] item: Leftovers
|upkeep
|turn|26
|
|t:|1645381313
|move|p1a: Quagsire|Recover|p1a: Quagsire
|-heal|p1a: Quagsire|96/100
|move|p2a: Reuniclus|Psyshock|p1a: Quagsire
|-damage|p1a: Quagsire|73/100
|
|-heal|p1a: Quagsire|79/100|[from] item: Leftovers
|-heal|p2a: Reuniclus|97/100|[from] item: Leftovers
|upkeep
|turn|27
|
|t:|1645381321
|switch|p1a: Doublade|Doublade, F|17/100
|-damage|p1a: Doublade|11/100|[from] Stealth Rock
|move|p2a: Reuniclus|Focus Blast|p1a: Doublade
|-immune|p1a: Doublade
|
|-heal|p2a: Reuniclus|100/100|[from] item: Leftovers
|upkeep
|turn|28
|
|t:|1645381325
|move|p1a: Doublade|Shadow Sneak|p2a: Reuniclus
|-supereffective|p2a: Reuniclus
|-damage|p2a: Reuniclus|74/100
|move|p2a: Reuniclus|Psyshock|p1a: Doublade
|-resisted|p1a: Doublade
|-damage|p1a: Doublade|2/100
|
|-heal|p2a: Reuniclus|80/100|[from] item: Leftovers
|upkeep
|turn|29
|inactive|Takatalvi has 60 seconds left.
|
|t:|1645381346
|move|p1a: Doublade|Shadow Sneak|p2a: Reuniclus
|-supereffective|p2a: Reuniclus
|-damage|p2a: Reuniclus|51/100
|move|p2a: Reuniclus|Psyshock|p1a: Doublade
|-resisted|p1a: Doublade
|-damage|p1a: Doublade|0 fnt
|faint|p1a: Doublade
|
|-heal|p2a: Reuniclus|58/100|[from] item: Leftovers
|upkeep
|
|t:|1645381350
|switch|p1a: Obstagoon|Obstagoon, M|82/100 brn
|-damage|p1a: Obstagoon|70/100 brn|[from] Stealth Rock
|turn|30
|
|t:|1645381352
|move|p1a: Obstagoon|Knock Off|p2a: Reuniclus
|-supereffective|p2a: Reuniclus
|-damage|p2a: Reuniclus|0 fnt
|-enditem|p2a: Reuniclus|Leftovers|[from] move: Knock Off|[of] p1a: Obstagoon
|faint|p2a: Reuniclus
|
|-damage|p1a: Obstagoon|64/100 brn|[from] brn
|upkeep
|
|t:|1645381355
|switch|p2a: Mimikyu|Mimikyu-Busted, F|31/100
|-damage|p2a: Mimikyu|19/100|[from] Stealth Rock
|turn|31
|
|t:|1645381359
|move|p2a: Mimikyu|Play Rough|p1a: Obstagoon|[miss]
|-miss|p2a: Mimikyu|p1a: Obstagoon
|move|p1a: Obstagoon|Knock Off|p2a: Mimikyu
|-damage|p2a: Mimikyu|0 fnt
|faint|p2a: Mimikyu
|
|win|guille14
|c|☆Takatalvi|gg
|c|☆guille14|gg
