|j|☆lopo poppo
|j|☆purple mountains
|t:|1665873701
|gametype|singles
|player|p1|lopo poppo|102|1371
|player|p2|purple mountains|giovanni|1541
|teamsize|p1|6
|teamsize|p2|6
|gen|8
|tier|[Gen 8] RU
|rated|
|rule|Sleep Clause Mod: Limit one foe put to sleep
|rule|Species Clause: Limit one of each Pokémon
|rule|OHKO Clause: OHKO moves are banned
|rule|Evasion Items Clause: Evasion items are banned
|rule|Evasion Moves Clause: Evasion moves are banned
|rule|Endless Battle Clause: Forcing endless battles is banned
|rule|HP Percentage Mod: HP is shown in percentages
|rule|Dynamax Clause: You cannot dynamax
|clearpoke
|poke|p1|Heracross, F|
|poke|p1|Steelix, F|
|poke|p1|Cloyster, M|
|poke|p1|Milotic, F|
|poke|p1|Flygon, F|
|poke|p1|Xurkitree|
|poke|p2|Suicune|
|poke|p2|Registeel|
|poke|p2|Flygon, F|
|poke|p2|Dhelmise|
|poke|p2|Weezing-Galar, F|
|poke|p2|Xurkitree|
|teampreview
|
|t:|1665873722
|start
|switch|p1a: Flygon|Flygon, F|100/100
|switch|p2a: Registeel|Registeel|100/100
|turn|1
|
|t:|1665873727
|switch|p2a: Weezing|Weezing-Galar, F|100/100
|move|p1a: Flygon|U-turn|p2a: Weezing
|-resisted|p2a: Weezing
|-damage|p2a: Weezing|97/100
|
|t:|1665873733
|switch|p1a: Steelix|Steelix, F|100/100|[from]move: U-turn
|
|-heal|p2a: Weezing|100/100|[from] item: Black Sludge
|upkeep
|turn|2
|
|t:|1665873738
|move|p2a: Weezing|Will-O-Wisp|p1a: Steelix
|-status|p1a: Steelix|brn
|move|p1a: Steelix|Stealth Rock|p2a: Weezing
|-sidestart|p2: purple mountains|move: Stealth Rock
|
|-damage|p1a: Steelix|94/100 brn|[from] brn
|upkeep
|turn|3
|
|t:|1665873744
|move|p2a: Weezing|Toxic Spikes|p1a: Steelix
|-sidestart|p1: lopo poppo|move: Toxic Spikes
|move|p1a: Steelix|Heavy Slam|p2a: Weezing
|-supereffective|p2a: Weezing
|-damage|p2a: Weezing|76/100
|
|-heal|p2a: Weezing|82/100|[from] item: Black Sludge
|-heal|p1a: Steelix|100/100 brn|[from] item: Leftovers
|-damage|p1a: Steelix|94/100 brn|[from] brn
|upkeep
|turn|4
|
|t:|1665873752
|switch|p2a: Dhelmise|Dhelmise|100/100
|move|p1a: Steelix|Heavy Slam|p2a: Dhelmise
|-damage|p2a: Dhelmise|94/100
|
|-heal|p1a: Steelix|100/100 brn|[from] item: Leftovers
|-damage|p1a: Steelix|94/100 brn|[from] brn
|upkeep
|turn|5
|
|t:|1665873760
|switch|p1a: Flygon|Flygon, F|100/100
|move|p2a: Dhelmise|Rapid Spin|p1a: Flygon
|-crit|p1a: Flygon
|-damage|p1a: Flygon|60/100
|-boost|p2a: Dhelmise|spe|1
|-sideend|p2: purple mountains|Stealth Rock|[from] move: Rapid Spin|[of] p2a: Dhelmise
|
|upkeep
|turn|6
|
|t:|1665873767
|move|p1a: Flygon|Defog|p2a: Dhelmise
|-unboost|p2a: Dhelmise|evasion|1
|-sideend|p1: lopo poppo|Toxic Spikes|[from] move: Defog|[of] p1a: Flygon
|move|p2a: Dhelmise|Poltergeist|p1a: Flygon
|-activate|p1a: Flygon|move: Poltergeist|Choice Scarf
|-damage|p1a: Flygon|0 fnt
|faint|p1a: Flygon
|
|upkeep
|
|t:|1665873776
|switch|p1a: Heracross|Heracross, F|100/100
|turn|7
|
|t:|1665873781
|switch|p2a: Weezing|Weezing-Galar, F|82/100
|move|p1a: Heracross|Knock Off|p2a: Weezing
|-resisted|p2a: Weezing
|-damage|p2a: Weezing|70/100
|-enditem|p2a: Weezing|Black Sludge|[from] move: Knock Off|[of] p1a: Heracross
|
|-status|p1a: Heracross|brn|[from] item: Flame Orb
|upkeep
|turn|8
|
|t:|1665873798
|switch|p1a: Xurkitree|Xurkitree|100/100
|move|p2a: Weezing|Toxic Spikes|p1a: Xurkitree
|-sidestart|p1: lopo poppo|move: Toxic Spikes
|
|upkeep
|turn|9
|
|t:|1665873803
|switch|p2a: Registeel|Registeel|100/100
|move|p1a: Xurkitree|Substitute|p1a: Xurkitree
|-start|p1a: Xurkitree|Substitute
|-damage|p1a: Xurkitree|75/100
|
|upkeep
|turn|10
|
|t:|1665873808
|move|p1a: Xurkitree|Thunderbolt|p2a: Registeel
|-damage|p2a: Registeel|72/100
|move|p2a: Registeel|Seismic Toss|p1a: Xurkitree
|-end|p1a: Xurkitree|Substitute
|
|-heal|p2a: Registeel|78/100|[from] item: Leftovers
|upkeep
|turn|11
|
|t:|1665873813
|move|p2a: Registeel|Protect|p2a: Registeel
|-singleturn|p2a: Registeel|Protect
|move|p1a: Xurkitree|Thunderbolt|p2a: Registeel
|-activate|p2a: Registeel|move: Protect
|
|-heal|p2a: Registeel|84/100|[from] item: Leftovers
|upkeep
|turn|12
|
|t:|1665873820
|move|p1a: Xurkitree|Thunderbolt|p2a: Registeel
|-damage|p2a: Registeel|55/100
|move|p2a: Registeel|Toxic|p1a: Xurkitree
|-status|p1a: Xurkitree|tox
|
|-heal|p2a: Registeel|61/100|[from] item: Leftovers
|-damage|p1a: Xurkitree|69/100 tox|[from] psn
|upkeep
|turn|13
|
|t:|1665873825
|move|p2a: Registeel|Protect|p2a: Registeel
|-singleturn|p2a: Registeel|Protect
|move|p1a: Xurkitree|Thunderbolt|p2a: Registeel
|-activate|p2a: Registeel|move: Protect
|
|-heal|p2a: Registeel|67/100|[from] item: Leftovers
|-damage|p1a: Xurkitree|57/100 tox|[from] psn
|upkeep
|turn|14
|
|t:|1665873833
|move|p1a: Xurkitree|Dazzling Gleam|p2a: Registeel
|-resisted|p2a: Registeel
|-damage|p2a: Registeel|58/100
|move|p2a: Registeel|Seismic Toss|p1a: Xurkitree
|-damage|p1a: Xurkitree|25/100 tox
|-enditem|p1a: Xurkitree|Salac Berry|[eat]
|-boost|p1a: Xurkitree|spe|1|[from] item: Salac Berry
|
|-heal|p2a: Registeel|64/100|[from] item: Leftovers
|-damage|p1a: Xurkitree|6/100 tox|[from] psn
|upkeep
|turn|15
|
|t:|1665873837
|move|p2a: Registeel|Protect|p2a: Registeel
|-singleturn|p2a: Registeel|Protect
|move|p1a: Xurkitree|Thunderbolt|p2a: Registeel
|-activate|p2a: Registeel|move: Protect
|
|-heal|p2a: Registeel|70/100|[from] item: Leftovers
|-damage|p1a: Xurkitree|0 fnt|[from] psn
|faint|p1a: Xurkitree
|upkeep
|
|t:|1665873841
|switch|p1a: Heracross|Heracross, F|100/100 brn
|turn|16
|
|t:|1665873846
|switch|p2a: Weezing|Weezing-Galar, F|70/100
|move|p1a: Heracross|Knock Off|p2a: Weezing
|-resisted|p2a: Weezing
|-damage|p2a: Weezing|59/100
|
|-damage|p1a: Heracross|95/100 brn|[from] brn
|upkeep
|turn|17
|
|t:|1665873856
|switch|p1a: Cloyster|Cloyster, M|100/100
|-status|p1a: Cloyster|psn
|move|p2a: Weezing|Toxic Spikes|p1a: Cloyster
|-sidestart|p1: lopo poppo|move: Toxic Spikes
|
|-damage|p1a: Cloyster|88/100 psn|[from] psn
|upkeep
|turn|18
|
|t:|1665873860
|move|p1a: Cloyster|Shell Smash|p1a: Cloyster
|-unboost|p1a: Cloyster|def|1
|-unboost|p1a: Cloyster|spd|1
|-boost|p1a: Cloyster|atk|2
|-boost|p1a: Cloyster|spa|2
|-boost|p1a: Cloyster|spe|2
|-enditem|p1a: Cloyster|White Herb
|-clearnegativeboost|p1a: Cloyster|[silent]
|move|p2a: Weezing|Sludge Bomb|p1a: Cloyster
|-damage|p1a: Cloyster|9/100 psn
|
|-damage|p1a: Cloyster|0 fnt|[from] psn
|faint|p1a: Cloyster
|upkeep
|-message|lopo poppo forfeited.
|
|win|purple mountains
|raw|lopo poppo's rating: 1371 &rarr; <strong>1360</strong><br />(-11 for losing)
|raw|purple mountains's rating: 1541 &rarr; <strong>1552</strong><br />(+11 for winning)
|l|☆lopo poppo
