|j|☆Daddydelcatty
|j|☆linlinzhu
|t:|1624968384
|gametype|singles
|player|p1|Daddydelcatty|pokemaniac|1277
|player|p2|linlinzhu|bianca|1287
|teamsize|p1|6
|teamsize|p2|6
|gen|8
|tier|[Gen 8] RU
|rated|
|rule|Sleep Clause Mod: Limit one foe put to sleep
|rule|Species Clause: Limit one of each Pokémon
|rule|OHKO Clause: OHKO moves are banned
|rule|Evasion Moves Clause: Evasion moves are banned
|rule|Endless Battle Clause: Forcing endless battles is banned
|rule|HP Percentage Mod: HP is shown in percentages
|rule|Dynamax Clause: You cannot dynamax
|clearpoke
|poke|p1|Volcanion|
|poke|p1|Polteageist|
|poke|p1|Obstagoon, M|
|poke|p1|Sigilyph, M|
|poke|p1|Klefki, M|
|poke|p1|Rotom-Mow|
|poke|p2|Thwackey, F|
|poke|p2|Chandelure, M|
|poke|p2|Audino, M|
|poke|p2|Gastrodon-East, M|
|poke|p2|Registeel|
|poke|p2|Togekiss, F|
|teampreview
|
|t:|1624968398
|start
|switch|p1a: Volcanion|Volcanion|100/100
|switch|p2a: Registeel|Registeel|100/100
|turn|1
|
|t:|1624968407
|switch|p2a: Audino|Audino, M|100/100
|move|p1a: Volcanion|Substitute|p1a: Volcanion
|-start|p1a: Volcanion|Substitute
|-damage|p1a: Volcanion|76/100
|
|-heal|p1a: Volcanion|82/100|[from] item: Leftovers
|upkeep
|turn|2
|
|t:|1624968416
|switch|p2a: Gastrodon|Gastrodon-East, M|100/100
|move|p1a: Volcanion|Steam Eruption|p2a: Gastrodon
|-ability|p2a: Gastrodon|Storm Drain|boost
|-boost|p2a: Gastrodon|spa|1
|
|-heal|p1a: Volcanion|88/100|[from] item: Leftovers
|upkeep
|turn|3
|
|t:|1624968424
|move|p1a: Volcanion|Earth Power|p2a: Gastrodon
|-damage|p2a: Gastrodon|69/100
|-unboost|p2a: Gastrodon|spd|1
|move|p2a: Gastrodon|Earthquake|p1a: Volcanion
|-supereffective|p1a: Volcanion
|-end|p1a: Volcanion|Substitute
|
|-heal|p1a: Volcanion|94/100|[from] item: Leftovers
|upkeep
|turn|4
|
|t:|1624968433
|switch|p1a: Rotom|Rotom-Mow|100/100
|move|p2a: Gastrodon|Recover|p2a: Gastrodon
|-heal|p2a: Gastrodon|100/100
|
|upkeep
|turn|5
|
|t:|1624968440
|switch|p2a: Thwackey|Thwackey, F|100/100
|-fieldstart|move: Grassy Terrain|[from] ability: Grassy Surge|[of] p2a: Thwackey
|move|p1a: Rotom|Volt Switch|p2a: Thwackey
|-resisted|p2a: Thwackey
|-damage|p2a: Thwackey|85/100
|
|t:|1624968444
|switch|p1a: Sigilyph|Sigilyph, M|100/100|[from]move: Volt Switch
|
|-heal|p2a: Thwackey|91/100|[from] Grassy Terrain
|upkeep
|turn|6
|
|t:|1624968451
|switch|p2a: Registeel|Registeel|100/100
|move|p1a: Sigilyph|Air Slash|p2a: Registeel
|-resisted|p2a: Registeel
|-damage|p2a: Registeel|86/100
|
|-heal|p2a: Registeel|93/100|[from] Grassy Terrain
|-heal|p2a: Registeel|99/100|[from] item: Leftovers
|upkeep
|turn|7
|
|t:|1624968462
|move|p1a: Sigilyph|Heat Wave|p2a: Registeel
|-supereffective|p2a: Registeel
|-damage|p2a: Registeel|54/100
|move|p2a: Registeel|Stealth Rock|p1a: Sigilyph
|-sidestart|p1: Daddydelcatty|move: Stealth Rock
|
|-heal|p2a: Registeel|60/100|[from] Grassy Terrain
|-heal|p2a: Registeel|66/100|[from] item: Leftovers
|upkeep
|turn|8
|inactive|Battle timer is ON: inactive players will automatically lose when time's up. (requested by Daddydelcatty)
|
|t:|1624968513
|switch|p2a: Audino|Audino, M|100/100
|move|p1a: Sigilyph|Psyshock|p2a: Audino
|-damage|p2a: Audino|58/100
|
|-heal|p2a: Audino|64/100|[from] Grassy Terrain
|-heal|p2a: Audino|70/100|[from] item: Leftovers
|upkeep
|turn|9
|
|t:|1624968521
|move|p1a: Sigilyph|Air Slash|p2a: Audino
|-damage|p2a: Audino|40/100
|cant|p2a: Audino|flinch
|
|-heal|p2a: Audino|46/100|[from] Grassy Terrain
|-heal|p2a: Audino|52/100|[from] item: Leftovers
|-fieldend|move: Grassy Terrain
|upkeep
|turn|10
|
|t:|1624968528
|move|p2a: Audino|Protect|p2a: Audino
|-singleturn|p2a: Audino|Protect
|move|p1a: Sigilyph|Air Slash|p2a: Audino
|-activate|p2a: Audino|move: Protect
|
|-heal|p2a: Audino|58/100|[from] item: Leftovers
|upkeep
|turn|11
|
|t:|1624968535
|move|p1a: Sigilyph|Air Slash|p2a: Audino
|-damage|p2a: Audino|31/100
|cant|p2a: Audino|flinch
|
|-heal|p2a: Audino|37/100|[from] item: Leftovers
|upkeep
|turn|12
|
|t:|1624968543
|move|p2a: Audino|Protect|p2a: Audino
|-singleturn|p2a: Audino|Protect
|move|p1a: Sigilyph|Psyshock|p2a: Audino
|-activate|p2a: Audino|move: Protect
|
|-heal|p2a: Audino|43/100|[from] item: Leftovers
|upkeep
|turn|13
|
|t:|1624968554
|switch|p2a: Togekiss|Togekiss, F|100/100
|move|p1a: Sigilyph|Air Slash|p2a: Togekiss
|-damage|p2a: Togekiss|62/100
|
|upkeep
|turn|14
|
|t:|1624968559
|move|p1a: Sigilyph|Psyshock|p2a: Togekiss
|-damage|p2a: Togekiss|21/100
|move|p2a: Togekiss|Roost|p2a: Togekiss
|-heal|p2a: Togekiss|71/100
|-singleturn|p2a: Togekiss|move: Roost
|
|upkeep
|turn|15
|
|t:|1624968566
|move|p1a: Sigilyph|Air Slash|p2a: Togekiss|[miss]
|-miss|p1a: Sigilyph|p2a: Togekiss
|move|p2a: Togekiss|Roost|p2a: Togekiss
|-heal|p2a: Togekiss|100/100
|-singleturn|p2a: Togekiss|move: Roost
|
|upkeep
|turn|16
|
|t:|1624968573
|switch|p2a: Audino|Audino, M|77/100
|move|p1a: Sigilyph|Air Slash|p2a: Audino
|-damage|p2a: Audino|46/100
|
|-heal|p2a: Audino|52/100|[from] item: Leftovers
|upkeep
|turn|17
|
|t:|1624968579
|move|p1a: Sigilyph|Air Slash|p2a: Audino
|-damage|p2a: Audino|22/100
|move|p2a: Audino|Wish|p2a: Audino
|
|-heal|p2a: Audino|28/100|[from] item: Leftovers
|upkeep
|turn|18
|
|t:|1624968585
|move|p2a: Audino|Protect|p2a: Audino
|-singleturn|p2a: Audino|Protect
|move|p1a: Sigilyph|Defog|p2a: Audino
|-activate|p2a: Audino|move: Protect
|
|-heal|p2a: Audino|78/100|[from] move: Wish|[wisher] Audino
|-heal|p2a: Audino|84/100|[from] item: Leftovers
|upkeep
|turn|19
|
|t:|1624968596
|move|p1a: Sigilyph|Defog|p2a: Audino
|-unboost|p2a: Audino|evasion|1
|-sideend|p1: Daddydelcatty|Stealth Rock|[from] move: Defog|[of] p1a: Sigilyph
|move|p2a: Audino|Knock Off|p1a: Sigilyph
|-supereffective|p1a: Sigilyph
|-damage|p1a: Sigilyph|60/100
|-enditem|p1a: Sigilyph|Life Orb|[from] move: Knock Off|[of] p2a: Audino
|
|-heal|p2a: Audino|90/100|[from] item: Leftovers
|upkeep
|turn|20
|
|t:|1624968604
|switch|p1a: Obstagoon|Obstagoon, M|100/100
|move|p2a: Audino|Wish|p2a: Audino
|
|-heal|p2a: Audino|96/100|[from] item: Leftovers
|upkeep
|turn|21
|
|t:|1624968624
|switch|p2a: Gastrodon|Gastrodon-East, M|100/100
|move|p1a: Obstagoon|Knock Off|p2a: Gastrodon
|-damage|p2a: Gastrodon|71/100
|-enditem|p2a: Gastrodon|Heavy-Duty Boots|[from] move: Knock Off|[of] p1a: Obstagoon
|
|-heal|p2a: Gastrodon|100/100|[from] move: Wish|[wisher] Audino
|upkeep
|turn|22
|
|t:|1624968633
|switch|p1a: Rotom|Rotom-Mow|100/100
|move|p2a: Gastrodon|Ice Beam|p1a: Rotom
|-supereffective|p1a: Rotom
|-damage|p1a: Rotom|60/100
|
|-heal|p1a: Rotom|67/100|[from] item: Leftovers
|upkeep
|turn|23
|
|t:|1624968641
|switch|p2a: Registeel|Registeel|66/100
|move|p1a: Rotom|Leaf Storm|p2a: Registeel
|-resisted|p2a: Registeel
|-damage|p2a: Registeel|49/100
|-unboost|p1a: Rotom|spa|2
|
|-heal|p1a: Rotom|73/100|[from] item: Leftovers
|-heal|p2a: Registeel|55/100|[from] item: Leftovers
|upkeep
|turn|24
|
|t:|1624968653
|move|p1a: Rotom|Volt Switch|p2a: Registeel
|-damage|p2a: Registeel|46/100
|
|t:|1624968657
|switch|p1a: Volcanion|Volcanion|94/100|[from]move: Volt Switch
|move|p2a: Registeel|Stealth Rock|p1a: Volcanion
|-sidestart|p1: Daddydelcatty|move: Stealth Rock
|
|-heal|p1a: Volcanion|99/100|[from] item: Leftovers
|-heal|p2a: Registeel|52/100|[from] item: Leftovers
|upkeep
|turn|25
|
|t:|1624968668
|switch|p2a: Audino|Audino, M|100/100
|move|p1a: Volcanion|Substitute|p1a: Volcanion
|-start|p1a: Volcanion|Substitute
|-damage|p1a: Volcanion|75/100
|
|-heal|p1a: Volcanion|81/100|[from] item: Leftovers
|upkeep
|turn|26
|
|t:|1624968676
|move|p1a: Volcanion|Steam Eruption|p2a: Audino
|-crit|p2a: Audino
|-damage|p2a: Audino|38/100
|move|p2a: Audino|Wish|p2a: Audino
|
|-heal|p1a: Volcanion|87/100|[from] item: Leftovers
|-heal|p2a: Audino|44/100|[from] item: Leftovers
|upkeep
|turn|27
|inactive|Daddydelcatty has 120 seconds left.
|
|t:|1624968713
|switch|p2a: Gastrodon|Gastrodon-East, M|100/100
|move|p1a: Volcanion|Fire Blast|p2a: Gastrodon|[miss]
|-miss|p1a: Volcanion|p2a: Gastrodon
|
|-heal|p1a: Volcanion|93/100|[from] item: Leftovers
|upkeep
|turn|28
|inactive|Daddydelcatty has 120 seconds left.
|
|t:|1624968720
|move|p1a: Volcanion|Earth Power|p2a: Gastrodon
|-damage|p2a: Gastrodon|66/100
|move|p2a: Gastrodon|Earthquake|p1a: Volcanion
|-supereffective|p1a: Volcanion
|-end|p1a: Volcanion|Substitute
|
|-heal|p1a: Volcanion|99/100|[from] item: Leftovers
|upkeep
|turn|29
|
|t:|1624968730
|switch|p1a: Klefki|Klefki, M|100/100
|-damage|p1a: Klefki|95/100|[from] Stealth Rock
|move|p2a: Gastrodon|Recover|p2a: Gastrodon
|-heal|p2a: Gastrodon|100/100
|
|upkeep
|turn|30
|
|t:|1624968741
|switch|p2a: Thwackey|Thwackey, F|91/100
|-fieldstart|move: Grassy Terrain|[from] ability: Grassy Surge|[of] p2a: Thwackey
|move|p1a: Klefki|Switcheroo|p2a: Thwackey
|-activate|p1a: Klefki|move: Trick|[of] p2a: Thwackey
|-item|p2a: Thwackey|Choice Specs|[from] move: Switcheroo
|-item|p1a: Klefki|Eviolite|[from] move: Switcheroo
|
|-heal|p1a: Klefki|100/100|[from] Grassy Terrain
|-heal|p2a: Thwackey|97/100|[from] Grassy Terrain
|upkeep
|turn|31
|
|t:|1624968752
|move|p1a: Klefki|Thunder Wave|p2a: Thwackey
|-status|p2a: Thwackey|par
|move|p2a: Thwackey|U-turn|p1a: Klefki
|-resisted|p1a: Klefki
|-damage|p1a: Klefki|93/100
|
|t:|1624968772
|switch|p2a: Registeel|Registeel|52/100|[from]move: U-turn
|
|-heal|p1a: Klefki|99/100|[from] Grassy Terrain
|-heal|p2a: Registeel|58/100|[from] Grassy Terrain
|-heal|p2a: Registeel|64/100|[from] item: Leftovers
|upkeep
|turn|32
|
|t:|1624968779
|switch|p2a: Gastrodon|Gastrodon-East, M|100/100
|move|p1a: Klefki|Switcheroo|p2a: Gastrodon
|-activate|p1a: Klefki|move: Trick|[of] p2a: Gastrodon
|-item|p2a: Gastrodon|Eviolite|[from] move: Switcheroo
|-enditem|p1a: Klefki|Eviolite|[silent]|[from] move: Switcheroo
|
|-heal|p1a: Klefki|100/100|[from] Grassy Terrain
|upkeep
|turn|33
|
|t:|1624968787
|switch|p1a: Rotom|Rotom-Mow|73/100
|-damage|p1a: Rotom|60/100|[from] Stealth Rock
|move|p2a: Gastrodon|Earthquake|p1a: Rotom
|-immune|p1a: Rotom|[from] ability: Levitate
|
|-heal|p1a: Rotom|67/100|[from] item: Leftovers
|upkeep
|turn|34
|
|t:|1624968796
|switch|p2a: Chandelure|Chandelure, M|100/100
|move|p1a: Rotom|Volt Switch|p2a: Chandelure
|-damage|p2a: Chandelure|67/100
|
|t:|1624968819
|switch|p1a: Sigilyph|Sigilyph, M|60/100|[from]move: Volt Switch
|
|-heal|p2a: Chandelure|73/100|[from] Grassy Terrain
|-heal|p2a: Chandelure|79/100|[from] item: Leftovers
|-fieldend|move: Grassy Terrain
|upkeep
|turn|35
|
|t:|1624968825
|move|p1a: Sigilyph|Defog|p2a: Chandelure
|-unboost|p2a: Chandelure|evasion|1
|-sideend|p1: Daddydelcatty|Stealth Rock|[from] move: Defog|[of] p1a: Sigilyph
|move|p2a: Chandelure|Shadow Ball|p1a: Sigilyph
|-supereffective|p1a: Sigilyph
|-damage|p1a: Sigilyph|0 fnt
|faint|p1a: Sigilyph
|
|-heal|p2a: Chandelure|86/100|[from] item: Leftovers
|upkeep
|
|t:|1624968844
|switch|p1a: Volcanion|Volcanion|99/100
|turn|36
|
|t:|1624968850
|switch|p2a: Gastrodon|Gastrodon-East, M|100/100
|move|p1a: Volcanion|Substitute|p1a: Volcanion
|-start|p1a: Volcanion|Substitute
|-damage|p1a: Volcanion|74/100
|
|-heal|p1a: Volcanion|80/100|[from] item: Leftovers
|upkeep
|turn|37
|
|t:|1624968857
|move|p1a: Volcanion|Earth Power|p2a: Gastrodon
|-damage|p2a: Gastrodon|71/100
|move|p2a: Gastrodon|Earthquake|p1a: Volcanion
|-supereffective|p1a: Volcanion
|-end|p1a: Volcanion|Substitute
|
|-heal|p1a: Volcanion|86/100|[from] item: Leftovers
|upkeep
|turn|38
|
|t:|1624968864
|switch|p2a: Registeel|Registeel|64/100
|move|p1a: Volcanion|Earth Power|p2a: Registeel
|-supereffective|p2a: Registeel
|-damage|p2a: Registeel|20/100
|
|-heal|p1a: Volcanion|92/100|[from] item: Leftovers
|-heal|p2a: Registeel|26/100|[from] item: Leftovers
|upkeep
|turn|39
|
|t:|1624968873
|switch|p2a: Audino|Audino, M|77/100
|move|p1a: Volcanion|Steam Eruption|p2a: Audino
|-damage|p2a: Audino|32/100
|-status|p2a: Audino|brn
|
|-heal|p1a: Volcanion|98/100|[from] item: Leftovers
|-heal|p2a: Audino|38/100 brn|[from] item: Leftovers
|-damage|p2a: Audino|32/100 brn|[from] brn
|upkeep
|turn|40
|
|t:|1624968883
|move|p1a: Volcanion|Fire Blast|p2a: Audino
|-damage|p2a: Audino|0 fnt
|faint|p2a: Audino
|
|-heal|p1a: Volcanion|100/100|[from] item: Leftovers
|upkeep
|
|t:|1624968889
|switch|p2a: Gastrodon|Gastrodon-East, M|71/100
|turn|41
|
|t:|1624968893
|switch|p1a: Rotom|Rotom-Mow|67/100
|move|p2a: Gastrodon|Recover|p2a: Gastrodon
|-heal|p2a: Gastrodon|100/100
|
|-heal|p1a: Rotom|73/100|[from] item: Leftovers
|upkeep
|turn|42
|
|t:|1624968903
|switch|p2a: Thwackey|Thwackey, F|97/100 par
|-fieldstart|move: Grassy Terrain|[from] ability: Grassy Surge|[of] p2a: Thwackey
|move|p1a: Rotom|Leaf Storm|p2a: Thwackey|[miss]
|-miss|p1a: Rotom|p2a: Thwackey
|
|-heal|p1a: Rotom|79/100|[from] item: Leftovers
|-heal|p2a: Thwackey|100/100 par|[from] Grassy Terrain
|upkeep
|turn|43
|
|t:|1624968912
|move|p1a: Rotom|Pain Split|p2a: Thwackey
|-sethp|p2a: Thwackey|88/100 par|[from] move: Pain Split|[silent]
|-sethp|p1a: Rotom|93/100|[from] move: Pain Split
|move|p2a: Thwackey|U-turn|p1a: Rotom
|-supereffective|p1a: Rotom
|-damage|p1a: Rotom|56/100
|
|t:|1624968918
|switch|p2a: Registeel|Registeel|26/100|[from]move: U-turn
|
|-heal|p1a: Rotom|62/100|[from] item: Leftovers
|-heal|p2a: Registeel|32/100|[from] Grassy Terrain
|-heal|p2a: Registeel|38/100|[from] item: Leftovers
|upkeep
|turn|44
|
|t:|1624968925
|move|p1a: Rotom|Will-O-Wisp|p2a: Registeel|[miss]
|-miss|p1a: Rotom|p2a: Registeel
|move|p2a: Registeel|Stealth Rock|p1a: Rotom
|-sidestart|p1: Daddydelcatty|move: Stealth Rock
|
|-heal|p1a: Rotom|68/100|[from] item: Leftovers
|-heal|p2a: Registeel|44/100|[from] Grassy Terrain
|-heal|p2a: Registeel|50/100|[from] item: Leftovers
|upkeep
|turn|45
|
|t:|1624968935
|switch|p2a: Thwackey|Thwackey, F|88/100 par
|move|p1a: Rotom|Volt Switch|p2a: Thwackey
|-resisted|p2a: Thwackey
|-damage|p2a: Thwackey|64/100 par
|
|t:|1624968945
|switch|p1a: Volcanion|Volcanion|100/100|[from]move: Volt Switch
|-damage|p1a: Volcanion|76/100|[from] Stealth Rock
|
|-heal|p1a: Volcanion|82/100|[from] Grassy Terrain
|-heal|p1a: Volcanion|88/100|[from] item: Leftovers
|-heal|p2a: Thwackey|70/100 par|[from] Grassy Terrain
|upkeep
|turn|46
|
|t:|1624968954
|switch|p2a: Gastrodon|Gastrodon-East, M|100/100
|move|p1a: Volcanion|Substitute|p1a: Volcanion
|-start|p1a: Volcanion|Substitute
|-damage|p1a: Volcanion|63/100
|
|-heal|p1a: Volcanion|69/100|[from] Grassy Terrain
|-heal|p1a: Volcanion|75/100|[from] item: Leftovers
|-fieldend|move: Grassy Terrain
|upkeep
|turn|47
|
|t:|1624968962
|move|p1a: Volcanion|Earth Power|p2a: Gastrodon
|-damage|p2a: Gastrodon|68/100
|move|p2a: Gastrodon|Ice Beam|p1a: Volcanion
|-resisted|p1a: Volcanion
|-activate|p1a: Volcanion|move: Substitute|[damage]
|
|-heal|p1a: Volcanion|81/100|[from] item: Leftovers
|upkeep
|turn|48
|
|t:|1624968970
|move|p1a: Volcanion|Earth Power|p2a: Gastrodon
|-damage|p2a: Gastrodon|37/100
|move|p2a: Gastrodon|Recover|p2a: Gastrodon
|-heal|p2a: Gastrodon|87/100
|
|-heal|p1a: Volcanion|87/100|[from] item: Leftovers
|upkeep
|turn|49
|
|t:|1624968979
|move|p1a: Volcanion|Earth Power|p2a: Gastrodon
|-damage|p2a: Gastrodon|53/100
|move|p2a: Gastrodon|Earthquake|p1a: Volcanion
|-supereffective|p1a: Volcanion
|-end|p1a: Volcanion|Substitute
|
|-heal|p1a: Volcanion|93/100|[from] item: Leftovers
|upkeep
|turn|50
|
|t:|1624968987
|switch|p1a: Rotom|Rotom-Mow|68/100
|-damage|p1a: Rotom|56/100|[from] Stealth Rock
|move|p2a: Gastrodon|Recover|p2a: Gastrodon
|-heal|p2a: Gastrodon|100/100
|
|-heal|p1a: Rotom|62/100|[from] item: Leftovers
|upkeep
|turn|51
|
|t:|1624968996
|switch|p2a: Chandelure|Chandelure, M|86/100
|move|p1a: Rotom|Volt Switch|p2a: Chandelure
|-damage|p2a: Chandelure|55/100
|
|t:|1624969003
|switch|p1a: Volcanion|Volcanion|93/100|[from]move: Volt Switch
|-damage|p1a: Volcanion|68/100|[from] Stealth Rock
|
|-heal|p2a: Chandelure|61/100|[from] item: Leftovers
|-heal|p1a: Volcanion|74/100|[from] item: Leftovers
|upkeep
|turn|52
|
|t:|1624969012
|switch|p2a: Gastrodon|Gastrodon-East, M|100/100
|switch|p1a: Rotom|Rotom-Mow|62/100
|-damage|p1a: Rotom|50/100|[from] Stealth Rock
|
|-heal|p1a: Rotom|56/100|[from] item: Leftovers
|upkeep
|turn|53
|
|t:|1624969020
|switch|p2a: Thwackey|Thwackey, F|70/100 par
|-fieldstart|move: Grassy Terrain|[from] ability: Grassy Surge|[of] p2a: Thwackey
|move|p1a: Rotom|Leaf Storm|p2a: Thwackey
|-resisted|p2a: Thwackey
|-damage|p2a: Thwackey|24/100 par
|-unboost|p1a: Rotom|spa|2
|
|-heal|p1a: Rotom|62/100|[from] item: Leftovers
|-heal|p2a: Thwackey|30/100 par|[from] Grassy Terrain
|upkeep
|turn|54
|
|t:|1624969032
|move|p1a: Rotom|Leaf Storm|p2a: Thwackey
|-resisted|p2a: Thwackey
|-damage|p2a: Thwackey|8/100 par
|-unboost|p1a: Rotom|spa|2
|move|p2a: Thwackey|Knock Off|p1a: Rotom
|-damage|p1a: Rotom|36/100
|-enditem|p1a: Rotom|Leftovers|[from] move: Knock Off|[of] p2a: Thwackey
|
|-heal|p2a: Thwackey|14/100 par|[from] Grassy Terrain
|upkeep
|turn|55
|
|t:|1624969042
|switch|p2a: Chandelure|Chandelure, M|61/100
|move|p1a: Rotom|Leaf Storm|p2a: Chandelure
|-resisted|p2a: Chandelure
|-damage|p2a: Chandelure|50/100
|-unboost|p1a: Rotom|spa|2
|
|-heal|p2a: Chandelure|56/100|[from] Grassy Terrain
|-heal|p2a: Chandelure|62/100|[from] item: Leftovers
|upkeep
|turn|56
|
|t:|1624969052
|move|p2a: Chandelure|Calm Mind|p2a: Chandelure
|-boost|p2a: Chandelure|spa|1
|-boost|p2a: Chandelure|spd|1
|move|p1a: Rotom|Volt Switch|p2a: Chandelure
|-damage|p2a: Chandelure|57/100
|
|t:|1624969055
|switch|p1a: Volcanion|Volcanion|74/100|[from]move: Volt Switch
|-damage|p1a: Volcanion|49/100|[from] Stealth Rock
|
|-heal|p2a: Chandelure|63/100|[from] Grassy Terrain
|-heal|p2a: Chandelure|69/100|[from] item: Leftovers
|-heal|p1a: Volcanion|55/100|[from] Grassy Terrain
|-heal|p1a: Volcanion|61/100|[from] item: Leftovers
|upkeep
|turn|57
|
|t:|1624969066
|move|p2a: Chandelure|Shadow Ball|p1a: Volcanion
|-damage|p1a: Volcanion|0 fnt
|faint|p1a: Volcanion
|
|-heal|p2a: Chandelure|75/100|[from] Grassy Terrain
|-heal|p2a: Chandelure|81/100|[from] item: Leftovers
|-fieldend|move: Grassy Terrain
|upkeep
|
|t:|1624969070
|switch|p1a: Obstagoon|Obstagoon, M|100/100
|-damage|p1a: Obstagoon|88/100|[from] Stealth Rock
|turn|58
|
|t:|1624969079
|switch|p2a: Togekiss|Togekiss, F|100/100
|move|p1a: Obstagoon|Trick|p2a: Togekiss
|-activate|p1a: Obstagoon|move: Trick|[of] p2a: Togekiss
|-item|p2a: Togekiss|Choice Scarf|[from] move: Trick
|-item|p1a: Obstagoon|Heavy-Duty Boots|[from] move: Trick
|
|upkeep
|turn|59
|
|t:|1624969092
|switch|p1a: Klefki|Klefki, M|100/100
|-damage|p1a: Klefki|95/100|[from] Stealth Rock
|move|p2a: Togekiss|Air Slash|p1a: Klefki
|-resisted|p1a: Klefki
|-damage|p1a: Klefki|73/100
|
|upkeep
|turn|60
|
|t:|1624969107
|switch|p2a: Gastrodon|Gastrodon-East, M|100/100
|move|p1a: Klefki|Thunder Wave|p2a: Gastrodon
|-immune|p2a: Gastrodon
|
|upkeep
|turn|61
|
|t:|1624969117
|switch|p1a: Rotom|Rotom-Mow|36/100
|-damage|p1a: Rotom|24/100|[from] Stealth Rock
|switch|p2a: Chandelure|Chandelure, M|81/100
|
|-heal|p2a: Chandelure|87/100|[from] item: Leftovers
|upkeep
|turn|62
|
|t:|1624969125
|move|p2a: Chandelure|Flamethrower|p1a: Rotom
|-supereffective|p1a: Rotom
|-damage|p1a: Rotom|0 fnt
|faint|p1a: Rotom
|
|-heal|p2a: Chandelure|94/100|[from] item: Leftovers
|upkeep
|
|t:|1624969131
|switch|p1a: Obstagoon|Obstagoon, M|88/100
|turn|63
|
|t:|1624969137
|switch|p2a: Togekiss|Togekiss, F|100/100
|move|p1a: Obstagoon|Double-Edge|p2a: Togekiss
|-damage|p2a: Togekiss|48/100
|-damage|p1a: Obstagoon|68/100|[from] Recoil
|
|upkeep
|turn|64
|
|t:|1624969144
|move|p2a: Togekiss|Air Slash|p1a: Obstagoon
|-damage|p1a: Obstagoon|32/100
|cant|p1a: Obstagoon|flinch
|
|upkeep
|turn|65
|
|t:|1624969148
|move|p2a: Togekiss|Air Slash|p1a: Obstagoon|[miss]
|-miss|p2a: Togekiss|p1a: Obstagoon
|move|p1a: Obstagoon|Double-Edge|p2a: Togekiss
|-damage|p2a: Togekiss|0 fnt
|faint|p2a: Togekiss
|-damage|p1a: Obstagoon|14/100|[from] Recoil
|
|upkeep
|
|t:|1624969161
|switch|p2a: Gastrodon|Gastrodon-East, M|100/100
|turn|66
|
|t:|1624969169
|move|p1a: Obstagoon|Double-Edge|p2a: Gastrodon
|-crit|p2a: Gastrodon
|-damage|p2a: Gastrodon|41/100
|-damage|p1a: Obstagoon|0 fnt|[from] Recoil
|faint|p1a: Obstagoon
|move|p2a: Gastrodon|Earthquake|p1: Obstagoon|[notarget]
|-fail|p2a: Gastrodon
|
|upkeep
|
|t:|1624969175
|switch|p1a: Polteageist|Polteageist|100/100
|-damage|p1a: Polteageist|88/100|[from] Stealth Rock
|turn|67
|
|t:|1624969179
|move|p1a: Polteageist|Giga Drain|p2a: Gastrodon
|-supereffective|p2a: Gastrodon
|-damage|p2a: Gastrodon|0 fnt
|-heal|p1a: Polteageist|100/100|[from] drain|[of] p2a: Gastrodon
|faint|p2a: Gastrodon
|
|upkeep
|
|t:|1624969191
|switch|p2a: Chandelure|Chandelure, M|94/100
|turn|68
|
|t:|1624969195
|move|p2a: Chandelure|Shadow Ball|p1a: Polteageist
|-supereffective|p1a: Polteageist
|-damage|p1a: Polteageist|4/100
|move|p1a: Polteageist|Shell Smash|p1a: Polteageist
|-unboost|p1a: Polteageist|def|1
|-unboost|p1a: Polteageist|spd|1
|-boost|p1a: Polteageist|atk|2
|-boost|p1a: Polteageist|spa|2
|-boost|p1a: Polteageist|spe|2
|
|-heal|p2a: Chandelure|99/100|[from] item: Leftovers
|upkeep
|turn|69
|inactive|linlinzhu has 120 seconds left.
|
|t:|1624969238
|switch|p2a: Registeel|Registeel|50/100
|move|p1a: Polteageist|Shadow Ball|p2a: Registeel
|-crit|p2a: Registeel
|-damage|p2a: Registeel|0 fnt
|faint|p2a: Registeel
|
|upkeep
|
|t:|1624969245
|switch|p2a: Thwackey|Thwackey, F|14/100 par
|-fieldstart|move: Grassy Terrain|[from] ability: Grassy Surge|[of] p2a: Thwackey
|turn|70
|
|t:|1624969249
|move|p2a: Thwackey|Grassy Glide|p1a: Polteageist
|-damage|p1a: Polteageist|0 fnt
|faint|p1a: Polteageist
|
|-heal|p2a: Thwackey|20/100 par|[from] Grassy Terrain
|upkeep
|
|t:|1624969251
|switch|p1a: Klefki|Klefki, M|73/100
|-damage|p1a: Klefki|67/100|[from] Stealth Rock
|turn|71
|
|t:|1624969259
|switch|p2a: Chandelure|Chandelure, M|99/100
|move|p1a: Klefki|Flash Cannon|p2a: Chandelure
|-resisted|p2a: Chandelure
|-damage|p2a: Chandelure|82/100
|
|-heal|p2a: Chandelure|88/100|[from] Grassy Terrain
|-heal|p2a: Chandelure|95/100|[from] item: Leftovers
|-heal|p1a: Klefki|73/100|[from] Grassy Terrain
|upkeep
|turn|72
|c|☆Daddydelcatty|k y s
|
|t:|1624969269
|move|p1a: Klefki|Thunder Wave|p2a: Chandelure
|-status|p2a: Chandelure|par
|cant|p2a: Chandelure|par
|
|-heal|p1a: Klefki|79/100|[from] Grassy Terrain
|-heal|p2a: Chandelure|100/100 par|[from] Grassy Terrain
|upkeep
|turn|73
|
|t:|1624969278
|move|p1a: Klefki|Flash Cannon|p2a: Chandelure
|-resisted|p2a: Chandelure
|-damage|p2a: Chandelure|83/100 par
|-unboost|p2a: Chandelure|spd|1
|cant|p2a: Chandelure|par
|
|-heal|p1a: Klefki|85/100|[from] Grassy Terrain
|-heal|p2a: Chandelure|89/100 par|[from] Grassy Terrain
|-heal|p2a: Chandelure|96/100 par|[from] item: Leftovers
|upkeep
|turn|74
|
|t:|1624969289
|move|p1a: Klefki|Flash Cannon|p2a: Chandelure
|-resisted|p2a: Chandelure
|-damage|p2a: Chandelure|65/100 par
|cant|p2a: Chandelure|par
|
|-heal|p1a: Klefki|91/100|[from] Grassy Terrain
|-heal|p2a: Chandelure|71/100 par|[from] Grassy Terrain
|-heal|p2a: Chandelure|77/100 par|[from] item: Leftovers
|-fieldend|move: Grassy Terrain
|upkeep
|turn|75
|
|t:|1624969297
|switch|p2a: Thwackey|Thwackey, F|20/100 par
|-fieldstart|move: Grassy Terrain|[from] ability: Grassy Surge|[of] p2a: Thwackey
|move|p1a: Klefki|Flash Cannon|p2a: Thwackey
|-damage|p2a: Thwackey|0 fnt
|faint|p2a: Thwackey
|
|-heal|p1a: Klefki|97/100|[from] Grassy Terrain
|upkeep
|
|t:|1624969305
|switch|p2a: Chandelure|Chandelure, M|77/100 par
|turn|76
|
|t:|1624969309
|move|p1a: Klefki|Flash Cannon|p2a: Chandelure
|-resisted|p2a: Chandelure
|-damage|p2a: Chandelure|57/100 par
|move|p2a: Chandelure|Substitute|p2a: Chandelure
|-start|p2a: Chandelure|Substitute
|-damage|p2a: Chandelure|32/100 par
|
|-heal|p1a: Klefki|100/100|[from] Grassy Terrain
|-heal|p2a: Chandelure|38/100 par|[from] Grassy Terrain
|-heal|p2a: Chandelure|44/100 par|[from] item: Leftovers
|upkeep
|turn|77
|
|t:|1624969318
|move|p1a: Klefki|Flash Cannon|p2a: Chandelure
|-resisted|p2a: Chandelure
|-activate|p2a: Chandelure|move: Substitute|[damage]
|cant|p2a: Chandelure|par
|
|-heal|p2a: Chandelure|51/100 par|[from] Grassy Terrain
|-heal|p2a: Chandelure|57/100 par|[from] item: Leftovers
|upkeep
|turn|78
|
|t:|1624969325
|move|p1a: Klefki|Flash Cannon|p2a: Chandelure
|-resisted|p2a: Chandelure
|-end|p2a: Chandelure|Substitute
|cant|p2a: Chandelure|par
|
|-heal|p2a: Chandelure|63/100 par|[from] Grassy Terrain
|-heal|p2a: Chandelure|69/100 par|[from] item: Leftovers
|upkeep
|turn|79
|
|t:|1624969333
|move|p1a: Klefki|Flash Cannon|p2a: Chandelure
|-resisted|p2a: Chandelure
|-damage|p2a: Chandelure|49/100 par
|move|p2a: Chandelure|Calm Mind|p2a: Chandelure
|-boost|p2a: Chandelure|spa|1
|-boost|p2a: Chandelure|spd|1
|
|-heal|p2a: Chandelure|56/100 par|[from] Grassy Terrain
|-heal|p2a: Chandelure|62/100 par|[from] item: Leftovers
|-fieldend|move: Grassy Terrain
|upkeep
|turn|80
|
|t:|1624969341
|move|p1a: Klefki|Flash Cannon|p2a: Chandelure
|-resisted|p2a: Chandelure
|-damage|p2a: Chandelure|49/100 par
|cant|p2a: Chandelure|par
|
|-heal|p2a: Chandelure|55/100 par|[from] item: Leftovers
|upkeep
|turn|81
|
|t:|1624969347
|move|p1a: Klefki|Flash Cannon|p2a: Chandelure
|-resisted|p2a: Chandelure
|-damage|p2a: Chandelure|42/100 par
|cant|p2a: Chandelure|par
|
|-heal|p2a: Chandelure|48/100 par|[from] item: Leftovers
|upkeep
|turn|82
|
|t:|1624969353
|move|p1a: Klefki|Flash Cannon|p2a: Chandelure
|-resisted|p2a: Chandelure
|-damage|p2a: Chandelure|35/100 par
|move|p2a: Chandelure|Flamethrower|p1a: Klefki
|-supereffective|p1a: Klefki
|-damage|p1a: Klefki|0 fnt
|faint|p1a: Klefki
|
|win|linlinzhu
|raw|Daddydelcatty's rating: 1277 &rarr; <strong>1253</strong><br />(-24 for losing)
|raw|linlinzhu's rating: 1287 &rarr; <strong>1311</strong><br />(+24 for winning)
|c|☆Daddydelcatty|c unt
|l|☆Daddydelcatty
