|j|☆elleferds
|j|☆Splashinganteater
|t:|1638048502
|gametype|singles
|player|p1|elleferds|102|1248
|player|p2|Splashinganteater|101|1485
|teamsize|p1|6
|teamsize|p2|6
|gen|8
|tier|[Gen 8] RU
|rated|
|rule|Sleep Clause Mod: Limit one foe put to sleep
|rule|Species Clause: Limit one of each Pokémon
|rule|OHKO Clause: OHKO moves are banned
|rule|Evasion Moves Clause: Evasion moves are banned
|rule|Endless Battle Clause: Forcing endless battles is banned
|rule|HP Percentage Mod: HP is shown in percentages
|rule|Dynamax Clause: You cannot dynamax
|clearpoke
|poke|p1|Umbreon, F|
|poke|p1|Milotic, M|
|poke|p1|Cobalion|
|poke|p1|Raikou|
|poke|p1|Togekiss, F|
|poke|p1|Nidoqueen, F|
|poke|p2|Dhelmise|
|poke|p2|Golisopod, M|
|poke|p2|Stakataka|
|poke|p2|Flygon, M|
|poke|p2|Raikou|
|poke|p2|Necrozma|
|teampreview
|
|t:|1638048519
|start
|switch|p1a: Cobalion|Cobalion|100/100
|switch|p2a: Flygon|Flygon, M, shiny|100/100
|turn|1
|
|t:|1638048535
|switch|p1a: Togekiss|Togekiss, F|100/100
|move|p2a: Flygon|Earthquake|p1a: Togekiss
|-immune|p1a: Togekiss
|
|upkeep
|turn|2
|
|t:|1638048541
|switch|p2a: Raikou|Raikou|100/100
|-ability|p2a: Raikou|Pressure
|move|p1a: Togekiss|Air Slash|p2a: Raikou
|-resisted|p2a: Raikou
|-damage|p2a: Raikou|79/100
|
|upkeep
|turn|3
|
|t:|1638048553
|switch|p1a: Umbreon|Umbreon, F|100/100
|move|p2a: Raikou|Volt Switch|p1a: Umbreon
|-damage|p1a: Umbreon|83/100
|
|t:|1638048560
|switch|p2a: Golisopod|Golisopod, M|100/100|[from]move: Volt Switch
|
|-heal|p1a: Umbreon|89/100|[from] item: Leftovers
|upkeep
|turn|4
|
|t:|1638048576
|switch|p1a: Milotic|Milotic, M|100/100
|move|p2a: Golisopod|Knock Off|p1a: Milotic
|-damage|p1a: Milotic|73/100
|-enditem|p1a: Milotic|Leftovers|[from] move: Knock Off|[of] p2a: Golisopod
|
|upkeep
|turn|5
|
|t:|1638048595
|switch|p2a: Dhelmise|Dhelmise|100/100
|move|p1a: Milotic|Scald|p2a: Dhelmise
|-resisted|p2a: Dhelmise
|-damage|p2a: Dhelmise|86/100
|
|upkeep
|turn|6
|
|t:|1638048611
|switch|p1a: Umbreon|Umbreon, F|89/100
|move|p2a: Dhelmise|Power Whip|p1a: Umbreon
|-damage|p1a: Umbreon|36/100
|
|-heal|p1a: Umbreon|42/100|[from] item: Leftovers
|upkeep
|turn|7
|
|t:|1638048627
|move|p1a: Umbreon|Protect|p1a: Umbreon
|-singleturn|p1a: Umbreon|Protect
|move|p2a: Dhelmise|Power Whip|p1a: Umbreon
|-activate|p1a: Umbreon|move: Protect
|
|-heal|p1a: Umbreon|48/100|[from] item: Leftovers
|upkeep
|turn|8
|
|t:|1638048649
|move|p1a: Umbreon|Foul Play|p2a: Dhelmise
|-supereffective|p2a: Dhelmise
|-damage|p2a: Dhelmise|0 fnt
|faint|p2a: Dhelmise
|
|-heal|p1a: Umbreon|55/100|[from] item: Leftovers
|upkeep
|
|t:|1638048653
|switch|p2a: Golisopod|Golisopod, M|100/100
|turn|9
|
|t:|1638048661
|move|p1a: Umbreon|Protect|p1a: Umbreon
|-singleturn|p1a: Umbreon|Protect
|move|p2a: Golisopod|Spikes|p1a: Umbreon
|-sidestart|p1: elleferds|Spikes
|
|-heal|p1a: Umbreon|61/100|[from] item: Leftovers
|upkeep
|turn|10
|
|t:|1638048672
|switch|p1a: Milotic|Milotic, M|73/100
|-damage|p1a: Milotic|60/100|[from] Spikes
|move|p2a: Golisopod|Knock Off|p1a: Milotic
|-damage|p1a: Milotic|44/100
|
|upkeep
|turn|11
|
|t:|1638048680
|switch|p2a: Raikou|Raikou|79/100
|-ability|p2a: Raikou|Pressure
|move|p1a: Milotic|Recover|p1a: Milotic
|-heal|p1a: Milotic|94/100
|
|upkeep
|turn|12
|
|t:|1638048688
|switch|p1a: Umbreon|Umbreon, F|61/100
|-damage|p1a: Umbreon|48/100|[from] Spikes
|move|p2a: Raikou|Scald|p1a: Umbreon
|-damage|p1a: Umbreon|34/100
|-status|p1a: Umbreon|brn
|-activate|p1a: Umbreon|ability: Synchronize
|-status|p2a: Raikou|brn
|
|-heal|p1a: Umbreon|40/100 brn|[from] item: Leftovers
|-damage|p2a: Raikou|73/100 brn|[from] brn
|-damage|p1a: Umbreon|34/100 brn|[from] brn
|upkeep
|turn|13
|
|t:|1638048710
|move|p2a: Raikou|Volt Switch|p1a: Umbreon
|-damage|p1a: Umbreon|15/100 brn
|
|t:|1638048723
|switch|p2a: Stakataka|Stakataka|100/100|[from]move: Volt Switch
|move|p1a: Umbreon|Wish|p1a: Umbreon
|
|-heal|p1a: Umbreon|22/100 brn|[from] item: Leftovers
|-damage|p1a: Umbreon|15/100 brn|[from] brn
|upkeep
|turn|14
|
|t:|1638048734
|move|p1a: Umbreon|Foul Play|p2a: Stakataka
|-damage|p2a: Stakataka|89/100
|move|p2a: Stakataka|Stealth Rock|p1a: Umbreon
|-sidestart|p1: elleferds|move: Stealth Rock
|
|-heal|p1a: Umbreon|65/100 brn|[from] move: Wish|[wisher] Umbreon
|-heal|p1a: Umbreon|72/100 brn|[from] item: Leftovers
|-heal|p2a: Stakataka|95/100|[from] item: Leftovers
|-damage|p1a: Umbreon|65/100 brn|[from] brn
|upkeep
|turn|15
|
|t:|1638048743
|switch|p1a: Nidoqueen|Nidoqueen, F|100/100
|-damage|p1a: Nidoqueen|94/100|[from] Stealth Rock
|-damage|p1a: Nidoqueen|82/100|[from] Spikes
|move|p2a: Stakataka|Body Press|p1a: Nidoqueen
|-resisted|p1a: Nidoqueen
|-damage|p1a: Nidoqueen|60/100
|
|-heal|p2a: Stakataka|100/100|[from] item: Leftovers
|upkeep
|turn|16
|
|t:|1638048761
|switch|p2a: Necrozma|Necrozma|100/100
|move|p1a: Nidoqueen|Ice Punch|p2a: Necrozma
|-damage|p2a: Necrozma|63/100
|
|upkeep
|turn|17
|
|t:|1638048773
|switch|p1a: Umbreon|Umbreon, F|65/100 brn
|-damage|p1a: Umbreon|53/100 brn|[from] Stealth Rock
|-damage|p1a: Umbreon|41/100 brn|[from] Spikes
|move|p2a: Necrozma|Dragon Dance|p2a: Necrozma
|-boost|p2a: Necrozma|atk|1
|-boost|p2a: Necrozma|spe|1
|
|-heal|p1a: Umbreon|47/100 brn|[from] item: Leftovers
|-damage|p1a: Umbreon|41/100 brn|[from] brn
|upkeep
|turn|18
|
|t:|1638048778
|move|p2a: Necrozma|X-Scissor|p1a: Umbreon
|-supereffective|p1a: Umbreon
|-damage|p1a: Umbreon|0 fnt
|faint|p1a: Umbreon
|
|upkeep
|
|t:|1638048781
|switch|p1a: Milotic|Milotic, M|94/100
|-damage|p1a: Milotic|82/100|[from] Spikes
|-damage|p1a: Milotic|69/100|[from] Stealth Rock
|turn|19
|
|t:|1638048790
|move|p2a: Necrozma|Dragon Dance|p2a: Necrozma
|-boost|p2a: Necrozma|atk|1
|-boost|p2a: Necrozma|spe|1
|move|p1a: Milotic|Haze|p1a: Milotic
|-clearallboost
|
|upkeep
|turn|20
|
|t:|1638048803
|switch|p2a: Raikou|Raikou|73/100 brn
|-ability|p2a: Raikou|Pressure
|move|p1a: Milotic|Recover|p1a: Milotic
|-heal|p1a: Milotic|100/100
|
|-damage|p2a: Raikou|67/100 brn|[from] brn
|upkeep
|turn|21
|
|t:|1638048819
|move|p2a: Raikou|Thunderbolt|p1a: Milotic
|-supereffective|p1a: Milotic
|-damage|p1a: Milotic|44/100
|move|p1a: Milotic|Scald|p2a: Raikou
|-damage|p2a: Raikou|39/100 brn
|
|-damage|p2a: Raikou|33/100 brn|[from] brn
|upkeep
|turn|22
|
|t:|1638048833
|switch|p1a: Nidoqueen|Nidoqueen, F|60/100
|-damage|p1a: Nidoqueen|48/100|[from] Spikes
|-damage|p1a: Nidoqueen|42/100|[from] Stealth Rock
|move|p2a: Raikou|Volt Switch|p1a: Nidoqueen
|-immune|p1a: Nidoqueen
|
|-damage|p2a: Raikou|27/100 brn|[from] brn
|upkeep
|turn|23
|
|t:|1638048855
|switch|p1a: Raikou|Raikou|100/100
|-ability|p1a: Raikou|Pressure
|move|p2a: Raikou|Scald|p1a: Raikou
|-damage|p1a: Raikou|72/100
|
|-damage|p2a: Raikou|20/100 brn|[from] brn
|upkeep
|turn|24
|
|t:|1638048862
|switch|p2a: Flygon|Flygon, M, shiny|100/100
|move|p1a: Raikou|Scald|p2a: Flygon
|-damage|p2a: Flygon|66/100
|
|upkeep
|turn|25
|
|t:|1638048879
|switch|p1a: Togekiss|Togekiss, F|100/100
|-damage|p1a: Togekiss|76/100|[from] Stealth Rock
|move|p2a: Flygon|U-turn|p1a: Togekiss
|-resisted|p1a: Togekiss
|-damage|p1a: Togekiss|71/100
|-damage|p2a: Flygon|49/100|[from] item: Rocky Helmet|[of] p1a: Togekiss
|
|t:|1638048903
|switch|p2a: Raikou|Raikou|20/100 brn|[from]move: U-turn
|-ability|p2a: Raikou|Pressure
|
|-damage|p2a: Raikou|14/100 brn|[from] brn
|upkeep
|turn|26
|
|t:|1638048919
|switch|p1a: Raikou|Raikou|72/100
|-ability|p1a: Raikou|Pressure
|move|p2a: Raikou|Thunderbolt|p1a: Raikou
|-resisted|p1a: Raikou
|-damage|p1a: Raikou|50/100
|
|-damage|p2a: Raikou|8/100 brn|[from] brn
|upkeep
|turn|27
|
|t:|1638048934
|switch|p2a: Golisopod|Golisopod, M|100/100
|move|p1a: Raikou|Volt Switch|p2a: Golisopod
|-supereffective|p2a: Golisopod
|-damage|p2a: Golisopod|29/100
|-activate|p2a: Golisopod|ability: Emergency Exit
|
|t:|1638048948
|switch|p2a: Flygon|Flygon, M, shiny|49/100
|
|upkeep
|turn|28
|
|t:|1638048963
|switch|p1a: Togekiss|Togekiss, F|71/100
|-damage|p1a: Togekiss|46/100|[from] Stealth Rock
|move|p2a: Flygon|U-turn|p1a: Togekiss
|-resisted|p1a: Togekiss
|-damage|p1a: Togekiss|41/100
|-damage|p2a: Flygon|32/100|[from] item: Rocky Helmet|[of] p1a: Togekiss
|
|t:|1638048982
|switch|p2a: Raikou|Raikou|8/100 brn|[from]move: U-turn
|-ability|p2a: Raikou|Pressure
|
|-damage|p2a: Raikou|2/100 brn|[from] brn
|upkeep
|turn|29
|
|t:|1638048992
|move|p2a: Raikou|Volt Switch|p1a: Togekiss
|-supereffective|p1a: Togekiss
|-damage|p1a: Togekiss|0 fnt
|faint|p1a: Togekiss
|
|t:|1638048998
|switch|p2a: Flygon|Flygon, M, shiny|32/100|[from]move: Volt Switch
|
|upkeep
|
|t:|1638049007
|switch|p1a: Milotic|Milotic, M|44/100
|-damage|p1a: Milotic|31/100|[from] Spikes
|-damage|p1a: Milotic|19/100|[from] Stealth Rock
|turn|30
|
|t:|1638049011
|move|p2a: Flygon|Earthquake|p1a: Milotic
|-damage|p1a: Milotic|0 fnt
|faint|p1a: Milotic
|
|upkeep
|
|t:|1638049017
|switch|p1a: Cobalion|Cobalion|100/100
|-damage|p1a: Cobalion|88/100|[from] Spikes
|-damage|p1a: Cobalion|85/100|[from] Stealth Rock
|turn|31
|inactive|Battle timer is ON: inactive players will automatically lose when time's up. (requested by elleferds)
|
|t:|1638049072
|move|p2a: Flygon|Earthquake|p1a: Cobalion
|-supereffective|p1a: Cobalion
|-damage|p1a: Cobalion|6/100
|move|p1a: Cobalion|Close Combat|p2a: Flygon
|-damage|p2a: Flygon|0 fnt
|-unboost|p1a: Cobalion|def|1
|-unboost|p1a: Cobalion|spd|1
|faint|p2a: Flygon
|
|upkeep
|
|t:|1638049083
|switch|p2a: Necrozma|Necrozma|63/100
|turn|32
|
|t:|1638049088
|move|p1a: Cobalion|Iron Head|p2a: Necrozma
|-damage|p2a: Necrozma|28/100
|move|p2a: Necrozma|Dragon Dance|p2a: Necrozma
|-boost|p2a: Necrozma|atk|1
|-boost|p2a: Necrozma|spe|1
|
|upkeep
|turn|33
|
|t:|1638049096
|move|p2a: Necrozma|Earthquake|p1a: Cobalion
|-supereffective|p1a: Cobalion
|-damage|p1a: Cobalion|0 fnt
|faint|p1a: Cobalion
|
|upkeep
|
|t:|1638049099
|switch|p1a: Nidoqueen|Nidoqueen, F|42/100
|-damage|p1a: Nidoqueen|35/100|[from] Stealth Rock
|-damage|p1a: Nidoqueen|23/100|[from] Spikes
|turn|34
|c|☆Splashinganteater|Gg
|
|t:|1638049107
|move|p2a: Necrozma|Earthquake|p1a: Nidoqueen
|-supereffective|p1a: Nidoqueen
|-damage|p1a: Nidoqueen|0 fnt
|faint|p1a: Nidoqueen
|
|upkeep
|
|t:|1638049109
|switch|p1a: Raikou|Raikou|50/100
|-ability|p1a: Raikou|Pressure
|turn|35
|
|t:|1638049112
|move|p2a: Necrozma|Earthquake|p1a: Raikou
|-supereffective|p1a: Raikou
|-damage|p1a: Raikou|0 fnt
|faint|p1a: Raikou
|
|win|Splashinganteater
|raw|elleferds's rating: 1248 &rarr; <strong>1238</strong><br />(-10 for losing)
|raw|Splashinganteater's rating: 1485 &rarr; <strong>1493</strong><br />(+8 for winning)
