|j|☆RWRU1 GoldCat
|j|☆Duoslip
|player|p1|RWRU1 GoldCat|teacher-gen2|1523
|player|p2|Duoslip|265|1308
|teamsize|p1|6
|teamsize|p2|6
|gametype|singles
|gen|8
|tier|[Gen 8] RU
|rated|
|clearpoke
|poke|p1|Drampa, M|
|poke|p1|Steelix, M|
|poke|p1|Gastrodon, F|
|poke|p1|Ninetales, F|
|poke|p1|Xatu, M|
|poke|p1|Passimian, M|
|poke|p2|Steelix, M|
|poke|p2|Aromatisse, F|
|poke|p2|Appletun, M|
|poke|p2|Passimian, M|
|poke|p2|Jellicent, M|
|poke|p2|Coalossal, F|
|rule|Sleep Clause Mod: Limit one foe put to sleep
|rule|Species Clause: Limit one of each Pokémon
|rule|OHKO Clause: OHKO moves are banned
|rule|Evasion Moves Clause: Evasion moves are banned
|rule|Endless Battle Clause: Forcing endless battles is banned
|rule|HP Percentage Mod: HP is shown in percentages
|rule|Dynamax Clause: You cannot dynamax
|teampreview
|
|start
|switch|p1a: Ninetales|Ninetales, F|100/100
|switch|p2a: Passimian|Passimian, M|100/100
|-weather|SunnyDay|[from] ability: Drought|[of] p1a: Ninetales
|turn|1
|
|move|p1a: Ninetales|Protect|p1a: Ninetales
|-singleturn|p1a: Ninetales|Protect
|move|p2a: Passimian|Rock Slide|p1a: Ninetales
|-activate|p1a: Ninetales|move: Protect
|
|-weather|SunnyDay|[upkeep]
|upkeep
|turn|2
|
|move|p2a: Passimian|Rock Slide|p1a: Ninetales
|-supereffective|p1a: Ninetales
|-damage|p1a: Ninetales|29/100
|move|p1a: Ninetales|Fire Blast|p2a: Passimian
|-damage|p2a: Passimian|12/100
|-status|p2a: Passimian|brn
|
|-weather|SunnyDay|[upkeep]
|-damage|p2a: Passimian|6/100 brn|[from] brn
|upkeep
|turn|3
|
|switch|p2a: Aromatisse|Aromatisse, F|100/100
|move|p1a: Ninetales|Protect||[still]
|-fail|p1a: Ninetales
|
|-weather|SunnyDay|[upkeep]
|upkeep
|turn|4
|
|move|p1a: Ninetales|Nasty Plot|p1a: Ninetales
|-boost|p1a: Ninetales|spa|2
|move|p2a: Aromatisse|Heal Bell|p2a: Aromatisse
|-activate|p2a: Aromatisse|move: Heal Bell
|-curestatus|p2: Passimian|brn|[msg]
|
|-weather|SunnyDay|[upkeep]
|upkeep
|turn|5
|
|switch|p2a: Coalossal|Coalossal, F|100/100
|move|p1a: Ninetales|Solar Beam||[still]
|-prepare|p1a: Ninetales|Solar Beam|p2a: Coalossal
|-anim|p1a: Ninetales|Solar Beam|p2a: Coalossal
|-damage|p2a: Coalossal|60/100
|
|-weather|none
|upkeep
|turn|6
|
|switch|p1a: Xatu|Xatu, M|100/100
|move|p2a: Coalossal|Rock Blast|p1a: Xatu
|-supereffective|p1a: Xatu
|-damage|p1a: Xatu|84/100
|-supereffective|p1a: Xatu
|-damage|p1a: Xatu|67/100
|-hitcount|p1a: Xatu|2
|
|upkeep
|turn|7
|
|move|p1a: Xatu|Psyshock|p2a: Coalossal
|-damage|p2a: Coalossal|42/100
|move|p2a: Coalossal|Rock Blast|p1a: Xatu
|-supereffective|p1a: Xatu
|-crit|p1a: Xatu
|-damage|p1a: Xatu|42/100
|-supereffective|p1a: Xatu
|-damage|p1a: Xatu|27/100
|-supereffective|p1a: Xatu
|-damage|p1a: Xatu|10/100
|-hitcount|p1a: Xatu|3
|
|upkeep
|turn|8
|
|move|p1a: Xatu|Roost|p1a: Xatu
|-heal|p1a: Xatu|60/100
|-singleturn|p1a: Xatu|move: Roost
|move|p2a: Coalossal|Rock Blast|p1a: Xatu
|-damage|p1a: Xatu|52/100
|-damage|p1a: Xatu|43/100
|-damage|p1a: Xatu|34/100
|-hitcount|p1a: Xatu|3
|
|upkeep
|turn|9
|
|switch|p2a: Passimian|Passimian, M|6/100
|move|p1a: Xatu|Roost|p1a: Xatu
|-heal|p1a: Xatu|85/100
|-singleturn|p1a: Xatu|move: Roost
|
|upkeep
|turn|10
|
|switch|p1a: Gastrodon|Gastrodon, F|100/100
|move|p2a: Passimian|Knock Off|p1a: Gastrodon
|-damage|p1a: Gastrodon|76/100
|-enditem|p1a: Gastrodon|Leftovers|[from] move: Knock Off|[of] p2a: Passimian
|
|upkeep
|turn|11
|
|switch|p2a: Aromatisse|Aromatisse, F|100/100
|move|p1a: Gastrodon|Scald|p2a: Aromatisse
|-damage|p2a: Aromatisse|85/100
|-status|p2a: Aromatisse|brn
|
|-heal|p2a: Aromatisse|91/100 brn|[from] item: Leftovers
|-damage|p2a: Aromatisse|85/100 brn|[from] brn
|upkeep
|turn|12
|
|switch|p1a: Steelix|Steelix, M|100/100
|move|p2a: Aromatisse|Wish|p2a: Aromatisse
|
|-heal|p2a: Aromatisse|91/100 brn|[from] item: Leftovers
|-damage|p2a: Aromatisse|85/100 brn|[from] brn
|upkeep
|turn|13
|
|switch|p2a: Jellicent|Jellicent, M|100/100
|move|p1a: Steelix|Earthquake|p2a: Jellicent
|-damage|p2a: Jellicent|76/100
|
|-heal|p2a: Jellicent|100/100|[from] move: Wish|[wisher] Aromatisse
|upkeep
|turn|14
|
|switch|p1a: Drampa|Drampa, M|100/100
|move|p2a: Jellicent|Will-O-Wisp|p1a: Drampa
|-status|p1a: Drampa|brn
|
|-damage|p1a: Drampa|94/100 brn|[from] brn
|upkeep
|turn|15
|
|switch|p2a: Aromatisse|Aromatisse, F|85/100 brn
|move|p1a: Drampa|Calm Mind|p1a: Drampa
|-boost|p1a: Drampa|spa|1
|-boost|p1a: Drampa|spd|1
|
|-heal|p2a: Aromatisse|91/100 brn|[from] item: Leftovers
|-damage|p1a: Drampa|88/100 brn|[from] brn
|-damage|p2a: Aromatisse|85/100 brn|[from] brn
|upkeep
|turn|16
|
|switch|p1a: Steelix|Steelix, M|100/100
|move|p2a: Aromatisse|Heal Bell|p2a: Aromatisse
|-activate|p2a: Aromatisse|move: Heal Bell
|-curestatus|p2a: Aromatisse|brn|[msg]
|
|-heal|p2a: Aromatisse|91/100|[from] item: Leftovers
|upkeep
|turn|17
|
|switch|p2a: Jellicent|Jellicent, M|100/100
|move|p1a: Steelix|Stealth Rock|p2a: Jellicent
|-sidestart|p2: Duoslip|move: Stealth Rock
|
|upkeep
|turn|18
|
|switch|p1a: Drampa|Drampa, M|88/100 brn
|move|p2a: Jellicent|Hex|p1a: Drampa
|-immune|p1a: Drampa
|
|-damage|p1a: Drampa|82/100 brn|[from] brn
|upkeep
|turn|19
|
|switch|p2a: Coalossal|Coalossal, F|42/100
|move|p1a: Drampa|Calm Mind|p1a: Drampa
|-boost|p1a: Drampa|spa|1
|-boost|p1a: Drampa|spd|1
|
|-damage|p1a: Drampa|76/100 brn|[from] brn
|upkeep
|turn|20
|
|move|p1a: Drampa|Draco Meteor|p2a: Coalossal
|-damage|p2a: Coalossal|0 fnt
|-unboost|p1a: Drampa|spa|2
|faint|p2a: Coalossal
|
|-damage|p1a: Drampa|70/100 brn|[from] brn
|upkeep
|
|switch|p2a: Aromatisse|Aromatisse, F|91/100
|-damage|p2a: Aromatisse|79/100|[from] Stealth Rock
|turn|21
|
|switch|p1a: Steelix|Steelix, M|100/100
|switch|p2a: Appletun|Appletun, M|100/100
|-damage|p2a: Appletun|88/100|[from] Stealth Rock
|
|-heal|p2a: Appletun|94/100|[from] item: Leftovers
|upkeep
|turn|22
|
|move|p2a: Appletun|Apple Acid|p1a: Steelix
|-damage|p1a: Steelix|69/100
|-unboost|p1a: Steelix|spd|1
|move|p1a: Steelix|Toxic|p2a: Appletun
|-status|p2a: Appletun|tox
|
|-heal|p2a: Appletun|99/100 tox|[from] item: Leftovers
|-heal|p1a: Steelix|75/100|[from] item: Leftovers
|-damage|p2a: Appletun|94/100 tox|[from] psn
|upkeep
|turn|23
|
|switch|p1a: Xatu|Xatu, M|85/100
|move|p2a: Appletun|Apple Acid|p1a: Xatu
|-resisted|p1a: Xatu
|-damage|p1a: Xatu|70/100
|-unboost|p1a: Xatu|spd|1
|
|-heal|p2a: Appletun|99/100 tox|[from] item: Leftovers
|-damage|p2a: Appletun|88/100 tox|[from] psn
|upkeep
|turn|24
|
|move|p1a: Xatu|Roost|p1a: Xatu
|-heal|p1a: Xatu|100/100
|-singleturn|p1a: Xatu|move: Roost
|move|p2a: Appletun|Apple Acid|p1a: Xatu
|-damage|p1a: Xatu|56/100
|-unboost|p1a: Xatu|spd|1
|
|-heal|p2a: Appletun|94/100 tox|[from] item: Leftovers
|-damage|p2a: Appletun|76/100 tox|[from] psn
|upkeep
|turn|25
|
|switch|p1a: Ninetales|Ninetales, F|29/100
|-weather|SunnyDay|[from] ability: Drought|[of] p1a: Ninetales
|move|p2a: Appletun|Apple Acid|p1a: Ninetales
|-resisted|p1a: Ninetales
|-damage|p1a: Ninetales|11/100
|-unboost|p1a: Ninetales|spd|1
|
|-weather|SunnyDay|[upkeep]
|-heal|p2a: Appletun|82/100 tox|[from] item: Leftovers
|-damage|p2a: Appletun|57/100 tox|[from] psn
|upkeep
|turn|26
|
|switch|p2a: Aromatisse|Aromatisse, F|79/100
|-damage|p2a: Aromatisse|66/100|[from] Stealth Rock
|move|p1a: Ninetales|Protect||[still]
|-fail|p1a: Ninetales
|
|-weather|SunnyDay|[upkeep]
|-heal|p2a: Aromatisse|72/100|[from] item: Leftovers
|upkeep
|turn|27
|
|move|p1a: Ninetales|Fire Blast|p2a: Aromatisse
|-damage|p2a: Aromatisse|34/100
|move|p2a: Aromatisse|Heal Bell|p2a: Aromatisse
|-activate|p2a: Aromatisse|move: Heal Bell
|-curestatus|p2: Appletun|tox|[msg]
|
|-weather|SunnyDay|[upkeep]
|-heal|p2a: Aromatisse|40/100|[from] item: Leftovers
|upkeep
|turn|28
|
|move|p1a: Ninetales|Nasty Plot|p1a: Ninetales
|-boost|p1a: Ninetales|spa|2
|move|p2a: Aromatisse|Moonblast|p1a: Ninetales
|-resisted|p1a: Ninetales
|-damage|p1a: Ninetales|0 fnt
|faint|p1a: Ninetales
|
|-weather|SunnyDay|[upkeep]
|-heal|p2a: Aromatisse|46/100|[from] item: Leftovers
|upkeep
|
|switch|p1a: Drampa|Drampa, M|70/100 brn
|turn|29
|
|move|p1a: Drampa|Fire Blast|p2a: Aromatisse
|-damage|p2a: Aromatisse|3/100
|move|p2a: Aromatisse|Wish|p2a: Aromatisse
|
|-weather|none
|-heal|p2a: Aromatisse|9/100|[from] item: Leftovers
|-damage|p1a: Drampa|64/100 brn|[from] brn
|upkeep
|turn|30
|
|move|p2a: Aromatisse|Protect|p2a: Aromatisse
|-singleturn|p2a: Aromatisse|Protect
|move|p1a: Drampa|Calm Mind|p1a: Drampa
|-boost|p1a: Drampa|spa|1
|-boost|p1a: Drampa|spd|1
|
|-heal|p2a: Aromatisse|59/100|[from] move: Wish|[wisher] Aromatisse
|-heal|p2a: Aromatisse|66/100|[from] item: Leftovers
|-damage|p1a: Drampa|58/100 brn|[from] brn
|upkeep
|turn|31
|
|move|p1a: Drampa|Roost|p1a: Drampa
|-heal|p1a: Drampa|100/100 brn
|-singleturn|p1a: Drampa|move: Roost
|move|p2a: Aromatisse|Moonblast|p1a: Drampa
|-supereffective|p1a: Drampa
|-damage|p1a: Drampa|55/100 brn
|
|-heal|p2a: Aromatisse|72/100|[from] item: Leftovers
|-damage|p1a: Drampa|49/100 brn|[from] brn
|upkeep
|turn|32
|
|move|p1a: Drampa|Calm Mind|p1a: Drampa
|-boost|p1a: Drampa|spa|1
|-boost|p1a: Drampa|spd|1
|move|p2a: Aromatisse|Moonblast|p1a: Drampa
|-supereffective|p1a: Drampa
|-damage|p1a: Drampa|15/100 brn
|
|-heal|p2a: Aromatisse|78/100|[from] item: Leftovers
|-damage|p1a: Drampa|9/100 brn|[from] brn
|upkeep
|turn|33
|
|move|p1a: Drampa|Roost|p1a: Drampa
|-heal|p1a: Drampa|59/100 brn
|-singleturn|p1a: Drampa|move: Roost
|move|p2a: Aromatisse|Moonblast|p1a: Drampa
|-supereffective|p1a: Drampa
|-damage|p1a: Drampa|23/100 brn
|-unboost|p1a: Drampa|spa|1
|-ability|p1a: Drampa|Berserk|boost
|-boost|p1a: Drampa|spa|1
|
|-heal|p2a: Aromatisse|84/100|[from] item: Leftovers
|-damage|p1a: Drampa|16/100 brn|[from] brn
|upkeep
|turn|34
|
|move|p1a: Drampa|Roost|p1a: Drampa
|-heal|p1a: Drampa|67/100 brn
|-singleturn|p1a: Drampa|move: Roost
|move|p2a: Aromatisse|Moonblast|p1a: Drampa
|-supereffective|p1a: Drampa
|-damage|p1a: Drampa|31/100 brn
|-ability|p1a: Drampa|Berserk|boost
|-boost|p1a: Drampa|spa|1
|
|-heal|p2a: Aromatisse|90/100|[from] item: Leftovers
|-damage|p1a: Drampa|25/100 brn|[from] brn
|upkeep
|turn|35
|
|move|p1a: Drampa|Roost|p1a: Drampa
|-heal|p1a: Drampa|75/100 brn
|-singleturn|p1a: Drampa|move: Roost
|move|p2a: Aromatisse|Moonblast|p1a: Drampa
|-supereffective|p1a: Drampa
|-damage|p1a: Drampa|43/100 brn
|-unboost|p1a: Drampa|spa|1
|-ability|p1a: Drampa|Berserk|boost
|-boost|p1a: Drampa|spa|1
|
|-heal|p2a: Aromatisse|96/100|[from] item: Leftovers
|-damage|p1a: Drampa|37/100 brn|[from] brn
|upkeep
|turn|36
|
|move|p1a: Drampa|Roost|p1a: Drampa
|-heal|p1a: Drampa|87/100 brn
|-singleturn|p1a: Drampa|move: Roost
|move|p2a: Aromatisse|Moonblast|p1a: Drampa
|-supereffective|p1a: Drampa
|-damage|p1a: Drampa|54/100 brn
|
|-heal|p2a: Aromatisse|100/100|[from] item: Leftovers
|-damage|p1a: Drampa|48/100 brn|[from] brn
|upkeep
|turn|37
|
|move|p1a: Drampa|Fire Blast|p2a: Aromatisse
|-damage|p2a: Aromatisse|39/100
|move|p2a: Aromatisse|Moonblast|p1a: Drampa
|-supereffective|p1a: Drampa
|-damage|p1a: Drampa|15/100 brn
|
|-heal|p2a: Aromatisse|45/100|[from] item: Leftovers
|-damage|p1a: Drampa|9/100 brn|[from] brn
|upkeep
|turn|38
|
|move|p1a: Drampa|Roost|p1a: Drampa
|-heal|p1a: Drampa|59/100 brn
|-singleturn|p1a: Drampa|move: Roost
|move|p2a: Aromatisse|Moonblast|p1a: Drampa
|-supereffective|p1a: Drampa
|-damage|p1a: Drampa|28/100 brn
|-ability|p1a: Drampa|Berserk|boost
|-boost|p1a: Drampa|spa|1
|
|-heal|p2a: Aromatisse|51/100|[from] item: Leftovers
|-damage|p1a: Drampa|21/100 brn|[from] brn
|upkeep
|turn|39
|
|move|p1a: Drampa|Roost|p1a: Drampa
|-heal|p1a: Drampa|72/100 brn
|-singleturn|p1a: Drampa|move: Roost
|move|p2a: Aromatisse|Moonblast|p1a: Drampa
|-supereffective|p1a: Drampa
|-damage|p1a: Drampa|35/100 brn
|-unboost|p1a: Drampa|spa|1
|-ability|p1a: Drampa|Berserk|boost
|-boost|p1a: Drampa|spa|1
|
|-heal|p2a: Aromatisse|57/100|[from] item: Leftovers
|-damage|p1a: Drampa|29/100 brn|[from] brn
|upkeep
|turn|40
|
|move|p1a: Drampa|Roost|p1a: Drampa
|-heal|p1a: Drampa|79/100 brn
|-singleturn|p1a: Drampa|move: Roost
|move|p2a: Aromatisse|Moonblast|p1a: Drampa
|-supereffective|p1a: Drampa
|-damage|p1a: Drampa|45/100 brn
|-ability|p1a: Drampa|Berserk|boost
|-boost|p1a: Drampa|spa|1
|
|-heal|p2a: Aromatisse|63/100|[from] item: Leftovers
|-damage|p1a: Drampa|39/100 brn|[from] brn
|upkeep
|turn|41
|
|move|p1a: Drampa|Roost|p1a: Drampa
|-heal|p1a: Drampa|89/100 brn
|-singleturn|p1a: Drampa|move: Roost
|move|p2a: Aromatisse|Moonblast|p1a: Drampa
|-supereffective|p1a: Drampa
|-damage|p1a: Drampa|56/100 brn
|
|-heal|p2a: Aromatisse|69/100|[from] item: Leftovers
|-damage|p1a: Drampa|50/100 brn|[from] brn
|upkeep
|turn|42
|
|move|p1a: Drampa|Roost|p1a: Drampa
|-heal|p1a: Drampa|99/100 brn
|-singleturn|p1a: Drampa|move: Roost
|move|p2a: Aromatisse|Moonblast|p1a: Drampa
|-supereffective|p1a: Drampa
|-damage|p1a: Drampa|67/100 brn
|-unboost|p1a: Drampa|spa|1
|
|-heal|p2a: Aromatisse|76/100|[from] item: Leftovers
|-damage|p1a: Drampa|60/100 brn|[from] brn
|upkeep
|turn|43
|
|move|p1a: Drampa|Fire Blast|p2a: Aromatisse
|-damage|p2a: Aromatisse|0 fnt
|faint|p2a: Aromatisse
|
|-damage|p1a: Drampa|54/100 brn|[from] brn
|upkeep
|
|switch|p2a: Passimian|Passimian, M|6/100
|-damage|p2a: Passimian|0 fnt|[from] Stealth Rock
|faint|p2a: Passimian
|-message|Duoslip forfeited.
|
|win|RWRU1 GoldCat
|l|☆Duoslip
|raw|RWRU1 GoldCat's rating: 1524 &rarr; <strong>1533</strong><br />(+9 for winning)
|raw|Duoslip's rating: 1308 &rarr; <strong>1299</strong><br />(-9 for losing)
