|j|☆ru3s mr solo?
|j|☆Mimilucha
|t:|1601417953
|player|p1|ru3s mr solo?|lucas|1450
|player|p2|Mimilucha|volkner|1270
|teamsize|p1|6
|teamsize|p2|6
|gametype|singles
|gen|8
|tier|[Gen 8] RU
|rated|
|html|<div class="broadcast-blue"><strong>RU is currently suspecting Sigilyph! For information on how to participate check out the <a href="https://www.smogon.com/forums/threads/3671022/">suspect thread</a>.</strong></div>
|clearpoke
|poke|p1|Golisopod, F|
|poke|p1|Passimian, F|
|poke|p1|Sigilyph, M|
|poke|p1|Copperajah, M|
|poke|p1|Goodra, M|
|poke|p1|Silvally-*|
|poke|p2|Exploud, M|
|poke|p2|Aromatisse, M|
|poke|p2|Passimian, M|
|poke|p2|Bronzong|
|poke|p2|Mantine, F|
|poke|p2|Silvally-*|
|rule|Sleep Clause Mod: Limit one foe put to sleep
|rule|Species Clause: Limit one of each Pokémon
|rule|OHKO Clause: OHKO moves are banned
|rule|Evasion Moves Clause: Evasion moves are banned
|rule|Endless Battle Clause: Forcing endless battles is banned
|rule|HP Percentage Mod: HP is shown in percentages
|rule|Dynamax Clause: You cannot dynamax
|teampreview
|j|+ShinyAzelf
|
|t:|1601417983
|start
|switch|p1a: Goodra|Goodra, M|100/100
|switch|p2a: Passimian|Passimian, M|100/100
|turn|1
|j| Aquarius Ghost
|
|t:|1601417999
|move|p2a: Passimian|U-turn|p1a: Goodra
|-damage|p1a: Goodra|69/100
|c| Aquarius Ghost|hi solo
|
|t:|1601418004
|switch|p2a: Bronzong|Bronzong|100/100|[from]move: U-turn
|move|p1a: Goodra|Fire Blast|p2a: Bronzong
|-supereffective|p2a: Bronzong
|-damage|p2a: Bronzong|69/100
|
|-heal|p2a: Bronzong|75/100|[from] item: Leftovers
|upkeep
|turn|2
|c|☆ru3s mr solo?|yo
|
|t:|1601418013
|switch|p1a: Copperajah|Copperajah, M|100/100
|move|p2a: Bronzong|Toxic|p1a: Copperajah|[miss]
|-miss|p2a: Bronzong|p1a: Copperajah
|
|-heal|p2a: Bronzong|82/100|[from] item: Leftovers
|upkeep
|turn|3
|j| lucqq
|
|t:|1601418020
|switch|p2a: Mantine|Mantine, F|100/100
|move|p1a: Copperajah|Stealth Rock|p2a: Mantine
|-sidestart|p2: Mimilucha|move: Stealth Rock
|
|upkeep
|turn|4
|
|t:|1601418026
|switch|p1a: Goodra|Goodra, M|69/100
|move|p2a: Mantine|Defog|p1a: Goodra
|-unboost|p1a: Goodra|evasion|1
|-sideend|p2: Mimilucha|Stealth Rock|[from] move: Defog|[of] p2a: Mantine
|
|upkeep
|turn|5
|
|t:|1601418034
|move|p1a: Goodra|Fire Blast|p2a: Mantine
|-resisted|p2a: Mantine
|-damage|p2a: Mantine|85/100
|move|p2a: Mantine|Toxic|p1a: Goodra
|-status|p1a: Goodra|tox
|
|-damage|p1a: Goodra|63/100 tox|[from] psn
|upkeep
|turn|6
|
|t:|1601418051
|switch|p1a: Sigilyph|Sigilyph, M|100/100
|move|p2a: Mantine|Toxic|p1a: Sigilyph
|-status|p1a: Sigilyph|tox
|
|upkeep
|turn|7
|
|t:|1601418067
|switch|p2a: Exploud|Exploud, M|100/100
|move|p1a: Sigilyph|Psychic|p2a: Exploud
|-damage|p2a: Exploud|40/100
|
|upkeep
|turn|8
|
|t:|1601418090
|switch|p2a: Bronzong|Bronzong|82/100
|move|p1a: Sigilyph|Psychic|p2a: Bronzong
|-resisted|p2a: Bronzong
|-damage|p2a: Bronzong|73/100
|-unboost|p2a: Bronzong|spd|1
|
|-heal|p2a: Bronzong|79/100|[from] item: Leftovers
|upkeep
|turn|9
|
|t:|1601418095
|move|p1a: Sigilyph|Heat Wave|p2a: Bronzong
|-supereffective|p2a: Bronzong
|-damage|p2a: Bronzong|43/100
|move|p2a: Bronzong|Stealth Rock|p1a: Sigilyph
|-sidestart|p1: ru3s mr solo?|move: Stealth Rock
|
|-heal|p2a: Bronzong|50/100|[from] item: Leftovers
|upkeep
|turn|10
|
|t:|1601418101
|move|p1a: Sigilyph|Psychic|p2a: Bronzong
|-resisted|p2a: Bronzong
|-damage|p2a: Bronzong|37/100
|move|p2a: Bronzong|Heavy Slam|p1a: Sigilyph
|-damage|p1a: Sigilyph|46/100 tox
|
|-heal|p2a: Bronzong|43/100|[from] item: Leftovers
|upkeep
|turn|11
|
|t:|1601418106
|switch|p1a: Copperajah|Copperajah, M|100/100
|-damage|p1a: Copperajah|94/100|[from] Stealth Rock
|switch|p2a: Passimian|Passimian, M|100/100
|
|-heal|p1a: Copperajah|100/100|[from] item: Leftovers
|upkeep
|turn|12
|
|t:|1601418117
|switch|p1a: Silvally|Silvally-Fairy|100/100
|-damage|p1a: Silvally|88/100|[from] Stealth Rock
|move|p2a: Passimian|Knock Off|p1a: Silvally
|-resisted|p1a: Silvally
|-damage|p1a: Silvally|77/100
|
|upkeep
|turn|13
|
|t:|1601418126
|switch|p2a: Mantine|Mantine, F|85/100
|move|p1a: Silvally|U-turn|p2a: Mantine
|-resisted|p2a: Mantine
|-damage|p2a: Mantine|77/100
|
|t:|1601418139
|switch|p1a: Sigilyph|Sigilyph, M|46/100 tox|[from]move: U-turn
|
|upkeep
|turn|14
|j| RU3S Pandemic P
|
|t:|1601418144
|switch|p2a: Silvally|Silvally-Ground|100/100
|move|p1a: Sigilyph|Roost|p1a: Sigilyph
|-heal|p1a: Sigilyph|97/100 tox
|-singleturn|p1a: Sigilyph|move: Roost
|
|upkeep
|turn|15
|
|t:|1601418150
|move|p1a: Sigilyph|Psychic|p2a: Silvally
|-damage|p2a: Silvally|44/100
|move|p2a: Silvally|Flame Charge|p1a: Sigilyph
|-damage|p1a: Sigilyph|77/100 tox
|-boost|p2a: Silvally|spe|1
|
|upkeep
|turn|16
|
|t:|1601418163
|move|p2a: Silvally|Rock Slide|p1a: Sigilyph
|-supereffective|p1a: Sigilyph
|-damage|p1a: Sigilyph|16/100 tox
|move|p1a: Sigilyph|Psychic|p2a: Silvally
|-damage|p2a: Silvally|0 fnt
|faint|p2a: Silvally
|
|upkeep
|
|t:|1601418169
|switch|p2a: Passimian|Passimian, M|100/100
|turn|17
|
|t:|1601418180
|switch|p1a: Passimian|Passimian, F|100/100
|-damage|p1a: Passimian|94/100|[from] Stealth Rock
|move|p2a: Passimian|U-turn|p1a: Passimian
|-resisted|p1a: Passimian
|-damage|p1a: Passimian|82/100
|
|t:|1601418186
|switch|p2a: Aromatisse|Aromatisse, M|100/100|[from]move: U-turn
|
|upkeep
|turn|18
|
|t:|1601418191
|move|p2a: Aromatisse|Protect|p2a: Aromatisse
|-singleturn|p2a: Aromatisse|Protect
|move|p1a: Passimian|U-turn|p2a: Aromatisse
|-activate|p2a: Aromatisse|move: Protect
|
|upkeep
|turn|19
|
|t:|1601418196
|move|p1a: Passimian|U-turn|p2a: Aromatisse
|-resisted|p2a: Aromatisse
|-damage|p2a: Aromatisse|92/100
|
|t:|1601418199
|switch|p1a: Copperajah|Copperajah, M|100/100|[from]move: U-turn
|-damage|p1a: Copperajah|94/100|[from] Stealth Rock
|move|p2a: Aromatisse|Wish|p2a: Aromatisse
|
|-heal|p1a: Copperajah|100/100|[from] item: Leftovers
|-heal|p2a: Aromatisse|98/100|[from] item: Leftovers
|upkeep
|turn|20
|
|t:|1601418208
|switch|p2a: Bronzong|Bronzong|43/100
|move|p1a: Copperajah|Stealth Rock|p2a: Bronzong
|-sidestart|p2: Mimilucha|move: Stealth Rock
|
|-heal|p2a: Bronzong|100/100|[from] move: Wish|[wisher] Aromatisse
|upkeep
|turn|21
|
|t:|1601418217
|switch|p2a: Mantine|Mantine, F|77/100
|move|p1a: Copperajah|Heat Crash|p2a: Mantine
|-resisted|p2a: Mantine
|-damage|p2a: Mantine|57/100
|
|upkeep
|turn|22
|
|t:|1601418223
|move|p2a: Mantine|Defog|p1a: Copperajah
|-unboost|p1a: Copperajah|evasion|1
|-sideend|p1: ru3s mr solo?|Stealth Rock|[from] move: Defog|[of] p2a: Mantine
|-sideend|p2: Mimilucha|Stealth Rock|[from] move: Defog|[of] p2a: Mantine
|move|p1a: Copperajah|Heavy Slam|p2a: Mantine
|-resisted|p2a: Mantine
|-damage|p2a: Mantine|30/100
|
|upkeep
|turn|23
|
|t:|1601418227
|move|p2a: Mantine|Roost|p2a: Mantine
|-heal|p2a: Mantine|80/100
|-singleturn|p2a: Mantine|move: Roost
|move|p1a: Copperajah|Power Whip|p2a: Mantine
|-supereffective|p2a: Mantine
|-crit|p2a: Mantine
|-damage|p2a: Mantine|0 fnt
|faint|p2a: Mantine
|
|upkeep
|
|t:|1601418234
|switch|p2a: Passimian|Passimian, M|100/100
|turn|24
|
|t:|1601418240
|switch|p1a: Golisopod|Golisopod, F|100/100
|move|p2a: Passimian|Close Combat|p1a: Golisopod
|-resisted|p1a: Golisopod
|-damage|p1a: Golisopod|76/100
|-unboost|p2a: Passimian|def|1
|-unboost|p2a: Passimian|spd|1
|
|upkeep
|turn|25
|
|t:|1601418246
|switch|p2a: Bronzong|Bronzong|100/100
|move|p1a: Golisopod|Liquidation|p2a: Bronzong
|-damage|p2a: Bronzong|58/100
|
|-heal|p2a: Bronzong|65/100|[from] item: Leftovers
|upkeep
|turn|26
|
|t:|1601418252
|move|p1a: Golisopod|Liquidation|p2a: Bronzong
|-damage|p2a: Bronzong|25/100
|-unboost|p2a: Bronzong|def|1
|move|p2a: Bronzong|Stealth Rock|p1a: Golisopod
|-sidestart|p1: ru3s mr solo?|move: Stealth Rock
|
|-heal|p2a: Bronzong|31/100|[from] item: Leftovers
|upkeep
|turn|27
|
|t:|1601418255
|move|p1a: Golisopod|Liquidation|p2a: Bronzong
|-damage|p2a: Bronzong|0 fnt
|faint|p2a: Bronzong
|
|upkeep
|
|t:|1601418259
|switch|p2a: Exploud|Exploud, M|40/100
|turn|28
|
|t:|1601418269
|switch|p1a: Sigilyph|Sigilyph, M|16/100 tox
|move|p2a: Exploud|Boomburst|p1a: Sigilyph
|-damage|p1a: Sigilyph|0 fnt
|faint|p1a: Sigilyph
|
|upkeep
|
|t:|1601418271
|switch|p1a: Passimian|Passimian, F|82/100
|-damage|p1a: Passimian|76/100|[from] Stealth Rock
|turn|29
|
|t:|1601418277
|switch|p2a: Aromatisse|Aromatisse, M|98/100
|move|p1a: Passimian|U-turn|p2a: Aromatisse
|-resisted|p2a: Aromatisse
|-damage|p2a: Aromatisse|90/100
|
|t:|1601418280
|switch|p1a: Copperajah|Copperajah, M|100/100|[from]move: U-turn
|-damage|p1a: Copperajah|94/100|[from] Stealth Rock
|
|-heal|p1a: Copperajah|100/100|[from] item: Leftovers
|-heal|p2a: Aromatisse|96/100|[from] item: Leftovers
|upkeep
|turn|30
|
|t:|1601418285
|move|p1a: Copperajah|Heavy Slam|p2a: Aromatisse
|-supereffective|p2a: Aromatisse
|-damage|p2a: Aromatisse|0 fnt
|faint|p2a: Aromatisse
|
|upkeep
|
|t:|1601418288
|switch|p2a: Passimian|Passimian, M|100/100
|turn|31
|
|t:|1601418295
|switch|p1a: Goodra|Goodra, M|63/100 tox
|-damage|p1a: Goodra|50/100 tox|[from] Stealth Rock
|move|p2a: Passimian|U-turn|p1a: Goodra
|-damage|p1a: Goodra|16/100 tox
|
|t:|1601418298
|switch|p2a: Exploud|Exploud, M|40/100|[from]move: U-turn
|
|-damage|p1a: Goodra|10/100 tox|[from] psn
|upkeep
|turn|32
|
|t:|1601418304
|move|p1a: Goodra|Draco Meteor|p2a: Exploud
|-damage|p2a: Exploud|0 fnt
|-unboost|p1a: Goodra|spa|2
|faint|p2a: Exploud
|
|-damage|p1a: Goodra|0 fnt|[from] psn
|faint|p1a: Goodra
|upkeep
|inactive|Battle timer is ON: inactive players will automatically lose when time's up. (requested by ru3s mr solo?)
|
|t:|1601418307
|switch|p1a: Silvally|Silvally-Fairy|77/100
|switch|p2a: Passimian|Passimian, M|100/100
|-damage|p1a: Silvally|64/100|[from] Stealth Rock
|turn|33
|
|t:|1601418310
|move|p2a: Passimian|Gunk Shot|p1a: Silvally
|-supereffective|p1a: Silvally
|-damage|p1a: Silvally|0 fnt
|faint|p1a: Silvally
|
|upkeep
|
|t:|1601418312
|switch|p1a: Copperajah|Copperajah, M|100/100
|-damage|p1a: Copperajah|94/100|[from] Stealth Rock
|turn|34
|c|☆Mimilucha|gg
|c|☆ru3s mr solo?|g
|-message|Mimilucha forfeited.
|
|win|ru3s mr solo?
|l|☆Mimilucha
|c|☆ru3s mr solo?|g
|raw|ru3s mr solo?'s rating: 1465 &rarr; <strong>1475</strong><br />(+10 for winning)
|raw|Mimilucha's rating: 1270 &rarr; <strong>1258</strong><br />(-12 for losing)
|l| Aquarius Ghost
|l|☆ru3s mr solo?
