|j|☆rult3ro rabbit
|j|☆RULT3ro good vibes
|t:|1597917286
|player|p1|rult3ro rabbit|102|1553
|player|p2|RULT3ro good vibes|1|1490
|teamsize|p1|6
|teamsize|p2|6
|gametype|singles
|gen|8
|tier|[Gen 8] RU
|rated|
|clearpoke
|poke|p1|Klefki, M|
|poke|p1|Slowbro-Galar, F|
|poke|p1|Xatu, F|
|poke|p1|Gigalith, F|
|poke|p1|Gastrodon, M|
|poke|p1|Passimian, M|
|poke|p2|Rotom-Mow|
|poke|p2|Dragalge, M|
|poke|p2|Seismitoad, M|
|poke|p2|Copperajah, M|
|poke|p2|Scrafty, F|
|poke|p2|Gardevoir, F|
|rule|Sleep Clause Mod: Limit one foe put to sleep
|rule|Species Clause: Limit one of each Pokémon
|rule|OHKO Clause: OHKO moves are banned
|rule|Evasion Moves Clause: Evasion moves are banned
|rule|Endless Battle Clause: Forcing endless battles is banned
|rule|HP Percentage Mod: HP is shown in percentages
|rule|Dynamax Clause: You cannot dynamax
|teampreview
|c|☆RULT3ro good vibes|hf
|c|☆rult3ro rabbit|same
|
|t:|1597917367
|start
|switch|p1a: Klefki|Klefki, M|100/100
|switch|p2a: Rotom|Rotom-Mow|100/100
|turn|1
|
|t:|1597917372
|move|p1a: Klefki|Spikes|p2a: Rotom
|-sidestart|p2: RULT3ro good vibes|Spikes
|move|p2a: Rotom|Volt Switch|p1a: Klefki
|-damage|p1a: Klefki|79/100
|
|t:|1597917398
|switch|p2a: Copperajah|Copperajah, M|100/100|[from]move: Volt Switch
|-damage|p2a: Copperajah|88/100|[from] Spikes
|
|-heal|p1a: Klefki|85/100|[from] item: Leftovers
|-heal|p2a: Copperajah|94/100|[from] item: Leftovers
|upkeep
|turn|2
|
|t:|1597917403
|switch|p1a: Xatu|Xatu, F|100/100
|move|p2a: Copperajah|Heavy Slam|p1a: Xatu
|-damage|p1a: Xatu|52/100
|
|-heal|p2a: Copperajah|99/100|[from] item: Leftovers
|upkeep
|turn|3
|
|t:|1597917410
|move|p1a: Xatu|Roost|p1a: Xatu
|-heal|p1a: Xatu|100/100
|-singleturn|p1a: Xatu|move: Roost
|move|p2a: Copperajah|Heavy Slam|p1a: Xatu
|-damage|p1a: Xatu|52/100
|
|-heal|p2a: Copperajah|100/100|[from] item: Leftovers
|upkeep
|turn|4
|
|t:|1597917413
|move|p1a: Xatu|Heat Wave|p2a: Copperajah
|-supereffective|p2a: Copperajah
|-damage|p2a: Copperajah|67/100
|move|p2a: Copperajah|Heavy Slam|p1a: Xatu
|-damage|p1a: Xatu|0 fnt
|faint|p1a: Xatu
|
|-heal|p2a: Copperajah|73/100|[from] item: Leftovers
|upkeep
|
|t:|1597917419
|switch|p1a: Passimian|Passimian, M|100/100
|turn|5
|
|t:|1597917431
|switch|p2a: Rotom|Rotom-Mow|100/100
|move|p1a: Passimian|Knock Off|p2a: Rotom
|-damage|p2a: Rotom|65/100
|-enditem|p2a: Rotom|Leftovers|[from] move: Knock Off|[of] p1a: Passimian
|
|upkeep
|turn|6
|
|t:|1597917441
|switch|p1a: Klefki|Klefki, M|85/100
|move|p2a: Rotom|Volt Switch|p1a: Klefki
|-damage|p1a: Klefki|65/100
|
|t:|1597917458
|switch|p2a: Seismitoad|Seismitoad, M|100/100|[from]move: Volt Switch
|-damage|p2a: Seismitoad|88/100|[from] Spikes
|
|-heal|p1a: Klefki|71/100|[from] item: Leftovers
|upkeep
|turn|7
|
|t:|1597917464
|switch|p1a: Gastrodon|Gastrodon, M|100/100
|move|p2a: Seismitoad|Earthquake|p1a: Gastrodon
|-damage|p1a: Gastrodon|50/100
|
|-heal|p1a: Gastrodon|56/100|[from] item: Leftovers
|upkeep
|turn|8
|
|t:|1597917470
|move|p2a: Seismitoad|Earthquake|p1a: Gastrodon
|-damage|p1a: Gastrodon|0 fnt
|faint|p1a: Gastrodon
|
|upkeep
|
|t:|1597917475
|switch|p1a: Passimian|Passimian, M|100/100
|turn|9
|
|t:|1597917500
|switch|p2a: Dragalge|Dragalge, M|100/100
|-damage|p2a: Dragalge|88/100|[from] Spikes
|move|p1a: Passimian|Close Combat|p2a: Dragalge
|-resisted|p2a: Dragalge
|-damage|p2a: Dragalge|53/100
|-unboost|p1a: Passimian|def|1
|-unboost|p1a: Passimian|spd|1
|
|upkeep
|turn|10
|
|t:|1597917524
|switch|p1a: Gigalith|Gigalith, F|100/100
|-weather|Sandstorm|[from] ability: Sand Stream|[of] p1a: Gigalith
|move|p2a: Dragalge|Focus Blast|p1a: Gigalith
|-supereffective|p1a: Gigalith
|-damage|p1a: Gigalith|40/100
|
|-weather|Sandstorm|[upkeep]
|-damage|p2a: Dragalge|47/100|[from] Sandstorm
|-heal|p1a: Gigalith|46/100|[from] item: Leftovers
|upkeep
|turn|11
|
|t:|1597917536
|switch|p2a: Rotom|Rotom-Mow|65/100
|switch|p1a: Slowbro|Slowbro-Galar, F|100/100
|
|-weather|Sandstorm|[upkeep]
|-damage|p2a: Rotom|58/100|[from] Sandstorm
|-damage|p1a: Slowbro|94/100|[from] Sandstorm
|upkeep
|turn|12
|
|t:|1597917542
|move|p2a: Rotom|Volt Switch|p1a: Slowbro
|-crit|p1a: Slowbro
|-damage|p1a: Slowbro|52/100
|
|t:|1597917546
|switch|p2a: Seismitoad|Seismitoad, M|88/100|[from]move: Volt Switch
|-damage|p2a: Seismitoad|76/100|[from] Spikes
|move|p1a: Slowbro|Flamethrower|p2a: Seismitoad
|-resisted|p2a: Seismitoad
|-damage|p2a: Seismitoad|64/100
|
|-weather|Sandstorm|[upkeep]
|-damage|p1a: Slowbro|46/100|[from] Sandstorm
|upkeep
|turn|13
|
|t:|1597917550
|switch|p1a: Passimian|Passimian, M|100/100
|move|p2a: Seismitoad|Earthquake|p1a: Passimian
|-damage|p1a: Passimian|20/100
|
|-weather|Sandstorm|[upkeep]
|-damage|p1a: Passimian|13/100|[from] Sandstorm
|upkeep
|turn|14
|
|t:|1597917558
|switch|p2a: Dragalge|Dragalge, M|47/100
|-damage|p2a: Dragalge|34/100|[from] Spikes
|move|p1a: Passimian|Close Combat|p2a: Dragalge
|-resisted|p2a: Dragalge
|-damage|p2a: Dragalge|0 fnt
|-unboost|p1a: Passimian|def|1
|-unboost|p1a: Passimian|spd|1
|faint|p2a: Dragalge
|
|-weather|none
|upkeep
|
|t:|1597917564
|switch|p2a: Gardevoir|Gardevoir, F|100/100
|-damage|p2a: Gardevoir|88/100|[from] Spikes
|-ability|p2a: Gardevoir|Defiant|[from] ability: Trace|[of] p1a: Passimian
|turn|15
|j| marezha
|
|t:|1597917575
|switch|p1a: Gigalith|Gigalith, F|46/100
|-weather|Sandstorm|[from] ability: Sand Stream|[of] p1a: Gigalith
|move|p2a: Gardevoir|Psyshock|p1a: Gigalith
|-crit|p1a: Gigalith
|-damage|p1a: Gigalith|4/100
|
|-weather|Sandstorm|[upkeep]
|-damage|p2a: Gardevoir|82/100|[from] Sandstorm
|-heal|p1a: Gigalith|10/100|[from] item: Leftovers
|upkeep
|turn|16
|
|t:|1597917584
|switch|p1a: Slowbro|Slowbro-Galar, F|79/100
|move|p2a: Gardevoir|Psyshock|p1a: Slowbro
|-crit|p1a: Slowbro
|-damage|p1a: Slowbro|41/100
|
|-weather|Sandstorm|[upkeep]
|-damage|p2a: Gardevoir|76/100|[from] Sandstorm
|-damage|p1a: Slowbro|35/100|[from] Sandstorm
|upkeep
|turn|17
|j|%EviGaro
|
|t:|1597917594
|switch|p2a: Seismitoad|Seismitoad, M|64/100
|-damage|p2a: Seismitoad|52/100|[from] Spikes
|move|p1a: Slowbro|Slack Off|p1a: Slowbro
|-heal|p1a: Slowbro|85/100
|
|-weather|Sandstorm|[upkeep]
|-damage|p1a: Slowbro|78/100|[from] Sandstorm
|upkeep
|turn|18
|
|t:|1597917612
|move|p2a: Seismitoad|Earthquake|p1a: Slowbro
|-supereffective|p1a: Slowbro
|-damage|p1a: Slowbro|0 fnt
|faint|p1a: Slowbro
|
|-weather|Sandstorm|[upkeep]
|upkeep
|
|t:|1597917616
|switch|p1a: Passimian|Passimian, M|13/100
|turn|19
|
|t:|1597917627
|switch|p2a: Rotom|Rotom-Mow|58/100
|move|p1a: Passimian|Close Combat|p2a: Rotom
|-damage|p2a: Rotom|0 fnt
|-unboost|p1a: Passimian|def|1
|-unboost|p1a: Passimian|spd|1
|faint|p2a: Rotom
|
|-weather|none
|upkeep
|
|t:|1597917630
|switch|p2a: Gardevoir|Gardevoir, F|76/100
|-damage|p2a: Gardevoir|64/100|[from] Spikes
|-ability|p2a: Gardevoir|Defiant|[from] ability: Trace|[of] p1a: Passimian
|turn|20
|
|t:|1597917645
|switch|p1a: Gigalith|Gigalith, F|10/100
|-weather|Sandstorm|[from] ability: Sand Stream|[of] p1a: Gigalith
|move|p2a: Gardevoir|Mystical Fire|p1a: Gigalith
|-resisted|p1a: Gigalith
|-damage|p1a: Gigalith|4/100
|-unboost|p1a: Gigalith|spa|1
|
|-weather|Sandstorm|[upkeep]
|-damage|p2a: Gardevoir|58/100|[from] Sandstorm
|-heal|p1a: Gigalith|10/100|[from] item: Leftovers
|upkeep
|turn|21
|c|☆RULT3ro good vibes|ok nvm LOL
|
|t:|1597917674
|move|p2a: Gardevoir|Mystical Fire|p1a: Gigalith
|-resisted|p1a: Gigalith
|-damage|p1a: Gigalith|3/100
|-unboost|p1a: Gigalith|spa|1
|move|p1a: Gigalith|Stealth Rock|p2a: Gardevoir
|-sidestart|p2: RULT3ro good vibes|move: Stealth Rock
|
|-weather|Sandstorm|[upkeep]
|-damage|p2a: Gardevoir|51/100|[from] Sandstorm
|-heal|p1a: Gigalith|9/100|[from] item: Leftovers
|upkeep
|turn|22
|
|t:|1597917680
|switch|p2a: Copperajah|Copperajah, M|73/100
|-damage|p2a: Copperajah|61/100|[from] Spikes
|-damage|p2a: Copperajah|55/100|[from] Stealth Rock
|move|p1a: Gigalith|Earthquake|p2a: Copperajah
|-supereffective|p2a: Copperajah
|-damage|p2a: Copperajah|0 fnt
|faint|p2a: Copperajah
|
|-weather|Sandstorm|[upkeep]
|-heal|p1a: Gigalith|15/100|[from] item: Leftovers
|upkeep
|
|t:|1597917684
|switch|p2a: Seismitoad|Seismitoad, M|52/100
|-damage|p2a: Seismitoad|40/100|[from] Spikes
|-damage|p2a: Seismitoad|34/100|[from] Stealth Rock
|turn|23
|
|t:|1597917694
|move|p2a: Seismitoad|Earthquake|p1a: Gigalith
|-supereffective|p1a: Gigalith
|-damage|p1a: Gigalith|0 fnt
|faint|p1a: Gigalith
|
|-weather|Sandstorm|[upkeep]
|upkeep
|
|t:|1597917697
|switch|p1a: Passimian|Passimian, M|13/100
|turn|24
|
|t:|1597917716
|move|p1a: Passimian|Close Combat|p2a: Seismitoad
|-damage|p2a: Seismitoad|0 fnt
|-unboost|p1a: Passimian|def|1
|-unboost|p1a: Passimian|spd|1
|faint|p2a: Seismitoad
|
|-weather|none
|upkeep
|
|t:|1597917720
|switch|p2a: Gardevoir|Gardevoir, F|51/100
|-damage|p2a: Gardevoir|39/100|[from] Spikes
|-damage|p2a: Gardevoir|27/100|[from] Stealth Rock
|-ability|p2a: Gardevoir|Defiant|[from] ability: Trace|[of] p1a: Passimian
|turn|25
|
|t:|1597917746
|switch|p1a: Klefki|Klefki, M|71/100
|move|p2a: Gardevoir|Mystical Fire|p1a: Klefki
|-supereffective|p1a: Klefki
|-damage|p1a: Klefki|30/100
|-unboost|p1a: Klefki|spa|1
|
|-heal|p1a: Klefki|36/100|[from] item: Leftovers
|upkeep
|turn|26
|
|t:|1597917752
|move|p1a: Klefki|Thunder Wave|p2a: Gardevoir
|-status|p2a: Gardevoir|par
|move|p2a: Gardevoir|Mystical Fire|p1a: Klefki
|-supereffective|p1a: Klefki
|-crit|p1a: Klefki
|-damage|p1a: Klefki|0 fnt
|faint|p1a: Klefki
|
|upkeep
|
|t:|1597917771
|switch|p1a: Passimian|Passimian, M|13/100
|turn|27
|
|t:|1597917774
|move|p1a: Passimian|Close Combat|p2a: Gardevoir
|-resisted|p2a: Gardevoir
|-damage|p2a: Gardevoir|2/100 par
|-unboost|p1a: Passimian|def|1
|-unboost|p1a: Passimian|spd|1
|move|p2a: Gardevoir|Mystical Fire|p1a: Passimian
|-damage|p1a: Passimian|0 fnt
|faint|p1a: Passimian
|
|win|RULT3ro good vibes
|raw|rult3ro rabbit's rating: 1553 &rarr; <strong>1530</strong><br />(-23 for losing)
|raw|RULT3ro good vibes's rating: 1491 &rarr; <strong>1514</strong><br />(+23 for winning)
|c|☆RULT3ro good vibes|gg
|c|☆rult3ro rabbit|gg
|l|%EviGaro
|l|☆RULT3ro good vibes
|l|☆rult3ro rabbit
