|j|☆eclecticempiricist
|j|☆Caballero Ducklett
|player|p1|eclecticempiricist|1|1378
|player|p2|Caballero Ducklett|wallace|1497
|teamsize|p1|6
|teamsize|p2|6
|gametype|singles
|gen|8
|tier|[Gen 8] RU
|rated|
|clearpoke
|poke|p1|Salazzle, F|
|poke|p1|Swoobat, M|
|poke|p1|Indeedee-F, F|
|poke|p1|Rotom-Fan|
|poke|p1|Thievul, M|
|poke|p1|Gigalith, M|
|poke|p2|Cursola, M|
|poke|p2|Bewear, M|
|poke|p2|Gastrodon-East, F|
|poke|p2|Ferroseed, M|
|poke|p2|Salazzle, F|
|poke|p2|Unfezant, F|
|rule|Sleep Clause Mod: Limit one foe put to sleep
|rule|Species Clause: Limit one of each Pokémon
|rule|OHKO Clause: OHKO moves are banned
|rule|Evasion Moves Clause: Evasion moves are banned
|rule|Endless Battle Clause: Forcing endless battles is banned
|rule|HP Percentage Mod: HP is shown in percentages
|rule|Dynamax Clause: You cannot dynamax
|teampreview
|j| beeerrrt
|inactive|Battle timer is ON: inactive players will automatically lose when time's up. (requested by Caballero Ducklett)
|
|start
|switch|p1a: Rotom|Rotom-Fan|100/100
|switch|p2a: Bewear|Bewear, M|100/100
|turn|1
|
|switch|p2a: Gastrodon|Gastrodon-East, F|100/100
|move|p1a: Rotom|Will-O-Wisp|p2a: Gastrodon
|-status|p2a: Gastrodon|brn
|
|-damage|p2a: Gastrodon|94/100 brn|[from] brn
|upkeep
|turn|2
|
|switch|p1a: Indeedee|Indeedee-F, F|100/100
|-fieldstart|move: Psychic Terrain|[from] ability: Psychic Surge|[of] p1a: Indeedee
|move|p2a: Gastrodon|Scald|p1a: Indeedee
|-damage|p1a: Indeedee|71/100
|
|-heal|p2a: Gastrodon|100/100 brn|[from] item: Leftovers
|-damage|p2a: Gastrodon|94/100 brn|[from] brn
|upkeep
|turn|3
|
|switch|p2a: Ferroseed|Ferroseed, M|100/100
|move|p1a: Indeedee|Trick|p2a: Ferroseed
|-activate|p1a: Indeedee|move: Trick|[of] p2a: Ferroseed
|-item|p2a: Ferroseed|Choice Scarf|[from] move: Trick
|-item|p1a: Indeedee|Eviolite|[from] move: Trick
|
|upkeep
|turn|4
|
|move|p1a: Indeedee|Mystical Fire|p2a: Ferroseed
|-supereffective|p2a: Ferroseed
|-damage|p2a: Ferroseed|27/100
|-unboost|p2a: Ferroseed|spa|1
|move|p2a: Ferroseed|Stealth Rock|p1a: Indeedee
|-sidestart|p1: eclecticempiricist|move: Stealth Rock
|
|upkeep
|turn|5
|
|move|p1a: Indeedee|Psychic|p2a: Ferroseed
|-resisted|p2a: Ferroseed
|-damage|p2a: Ferroseed|4/100
|-unboost|p2a: Ferroseed|spd|1
|move|p2a: Ferroseed|Stealth Rock||[still]
|-fail|p2a: Ferroseed
|
|upkeep
|turn|6
|
|move|p1a: Indeedee|Trick|p2a: Ferroseed
|-activate|p1a: Indeedee|move: Trick|[of] p2a: Ferroseed
|-item|p2a: Ferroseed|Eviolite|[from] move: Trick
|-item|p1a: Indeedee|Choice Scarf|[from] move: Trick
|move|p2a: Ferroseed|Stealth Rock||[still]
|-fail|p2a: Ferroseed
|
|-fieldend|move: Psychic Terrain
|upkeep
|turn|7
|
|move|p1a: Indeedee|Psychic|p2a: Ferroseed
|-resisted|p2a: Ferroseed
|-damage|p2a: Ferroseed|0 fnt
|faint|p2a: Ferroseed
|
|upkeep
|
|switch|p2a: Unfezant|Unfezant, F|100/100
|turn|8
|
|switch|p1a: Gigalith|Gigalith, M|100/100
|-damage|p1a: Gigalith|88/100|[from] Stealth Rock
|-weather|Sandstorm|[from] ability: Sand Stream|[of] p1a: Gigalith
|move|p2a: Unfezant|U-turn|p1a: Gigalith
|-damage|p1a: Gigalith|72/100
|
|switch|p2a: Bewear|Bewear, M|100/100|[from]move: U-turn
|
|-weather|Sandstorm|[upkeep]
|-damage|p2a: Bewear|94/100|[from] Sandstorm
|-heal|p1a: Gigalith|78/100|[from] item: Leftovers
|upkeep
|turn|9
|
|move|p1a: Gigalith|Protect|p1a: Gigalith
|-singleturn|p1a: Gigalith|Protect
|move|p2a: Bewear|Close Combat|p1a: Gigalith
|-activate|p1a: Gigalith|move: Protect
|
|-weather|Sandstorm|[upkeep]
|-damage|p2a: Bewear|88/100|[from] Sandstorm
|-heal|p1a: Gigalith|84/100|[from] item: Leftovers
|upkeep
|turn|10
|
|switch|p1a: Rotom|Rotom-Fan|100/100
|move|p2a: Bewear|Close Combat|p1a: Rotom
|-resisted|p1a: Rotom
|-damage|p1a: Rotom|56/100
|-unboost|p2a: Bewear|def|1
|-unboost|p2a: Bewear|spd|1
|
|-weather|Sandstorm|[upkeep]
|-damage|p1a: Rotom|50/100|[from] Sandstorm
|-damage|p2a: Bewear|82/100|[from] Sandstorm
|upkeep
|turn|11
|
|switch|p2a: Salazzle|Salazzle, F|100/100
|move|p1a: Rotom|Defog|p2a: Salazzle
|-unboost|p2a: Salazzle|evasion|1
|-sideend|p1: eclecticempiricist|Stealth Rock|[from] move: Defog|[of] p1a: Rotom
|
|-weather|Sandstorm|[upkeep]
|-damage|p2a: Salazzle|94/100|[from] Sandstorm
|-damage|p1a: Rotom|44/100|[from] Sandstorm
|upkeep
|turn|12
|
|switch|p2a: Bewear|Bewear, M|82/100
|switch|p1a: Gigalith|Gigalith, M|84/100
|
|-weather|none
|-heal|p1a: Gigalith|90/100|[from] item: Leftovers
|upkeep
|turn|13
|
|switch|p1a: Salazzle|Salazzle, F|100/100
|move|p2a: Bewear|Close Combat|p1a: Salazzle
|-resisted|p1a: Salazzle
|-damage|p1a: Salazzle|22/100
|-unboost|p2a: Bewear|def|1
|-unboost|p2a: Bewear|spd|1
|
|upkeep
|turn|14
|
|switch|p1a: Indeedee|Indeedee-F, F|71/100
|-fieldstart|move: Psychic Terrain|[from] ability: Psychic Surge|[of] p1a: Indeedee
|switch|p2a: Gastrodon|Gastrodon-East, F|94/100 brn
|
|-heal|p2a: Gastrodon|100/100 brn|[from] item: Leftovers
|-damage|p2a: Gastrodon|94/100 brn|[from] brn
|upkeep
|turn|15
|
|move|p1a: Indeedee|Trick|p2a: Gastrodon
|-activate|p1a: Indeedee|move: Trick|[of] p2a: Gastrodon
|-item|p2a: Gastrodon|Choice Scarf|[from] move: Trick
|-item|p1a: Indeedee|Leftovers|[from] move: Trick
|move|p2a: Gastrodon|Scald|p1a: Indeedee
|-damage|p1a: Indeedee|39/100
|-status|p1a: Indeedee|brn
|
|-heal|p1a: Indeedee|45/100 brn|[from] item: Leftovers
|-damage|p1a: Indeedee|39/100 brn|[from] brn
|-damage|p2a: Gastrodon|88/100 brn|[from] brn
|upkeep
|turn|16
|
|switch|p1a: Salazzle|Salazzle, F|22/100
|move|p2a: Gastrodon|Scald|p1a: Salazzle
|-supereffective|p1a: Salazzle
|-crit|p1a: Salazzle
|-damage|p1a: Salazzle|0 fnt
|faint|p1a: Salazzle
|
|-damage|p2a: Gastrodon|82/100 brn|[from] brn
|upkeep
|
|switch|p1a: Thievul|Thievul, M|100/100
|-enditem|p1a: Thievul|Psychic Seed
|-boost|p1a: Thievul|spd|1|[from] item: Psychic Seed
|turn|17
|c|☆eclecticempiricist|gg
|
|move|p1a: Thievul|Nasty Plot|p1a: Thievul
|-boost|p1a: Thievul|spa|2
|move|p2a: Gastrodon|Scald|p1a: Thievul
|-damage|p1a: Thievul|80/100
|-status|p1a: Thievul|brn
|
|-damage|p1a: Thievul|74/100 brn|[from] brn
|-damage|p2a: Gastrodon|76/100 brn|[from] brn
|upkeep
|turn|18
|l|☆Caballero Ducklett
|inactive|Caballero Ducklett disconnected and has a minute to reconnect!
|player|p2|
|inactive|Caballero Ducklett has 30 seconds to reconnect!
|inactive|Caballero Ducklett has 20 seconds to reconnect!
|inactive|Caballero Ducklett has 15 seconds to reconnect!
|inactive|Caballero Ducklett has 10 seconds to reconnect!
|inactive|Caballero Ducklett has 5 seconds to reconnect!
|-message|Caballero Ducklett lost due to inactivity.
|
|win|eclecticempiricist
|raw|eclecticempiricist's rating: 1378 &rarr; <strong>1405</strong><br />(+27 for winning)
|raw|Caballero Ducklett's rating: 1498 &rarr; <strong>1471</strong><br />(-27 for losing)
